1913 3042
412 312 525 355 ΤΟΥ
562 312 633 354 ΕΝ
670 310 850 352 ΑΓΙΟΙΣ
887 308 1103 351 ΠΑΤΡΟΣ
1137 307 1298 350 ΗΜΩΝ

558 415 1139 501 ΚΥΡΙΛΛΟΥ

213 580 866 639 ΑΡΧΙΕΠΙΣΚΟΠΟΥ
902 574 1475 635 ΑΛΕΞΑΝΔΡΕΙΑΣ

597 701 781 729 ΕΞΗΓΙΙΣΙΣ
812 701 1012 728 ΥΠΟΜΝΗΜΛ
1018 699 1106 727 ΤΙΚΠ

514 801 644 863 ΕΙΣ
707 797 879 862 ΤΟΝ
939 798 1182 861 ΩΣΗΕ.

321 1027 407 1115 S.
495 1029 592 1115 P.
684 1028 782 1114 Ν.
889 1026 1391 1114 CYRILLI

599 1197 833 1226 ALEXANDRIE
863 1196 1122 1225 ARClllEl’lSCOPl

198 1307 262 1350 IN
304 1305 496 1351 OSEAM
535 1305 899 1352 PROPHETAM
945 1304 1420 1368 COMMENTARIUS
1460 1297 1522 1363 (Ψ,

646 1414 848 1439 CONTINENS
867 1413 978 1438 TOMOS
1003 1413 1068 1437 VII.

274 1572 607 1615 IIPOOIMION.

79 1649 190 1684 οἰηθείη
213 1649 265 1683 μὲν
280 1648 313 1675 ἄν
323 1658 365 1679 τις
378 1649 503 1684 περιττὸν
514 1646 584 1675 εἶναι
597 1656 665 1679 πως,
681 1647 728 1673 καὶ
737 1647 837 1673 εἰκαιό-

51 1695 154 1726 6ονλον,
176 1694 314 1722 καὶ-οῠτι
347 1703 398 1721 που
430 1694 532 1730 σφόδρα
556 1694 610 1720 τῶν
622 1693 778 1727 ἀναγκαίων
799 1694 838 1724 εἰς

52 1741 146 1776 ὓνησιν,
158 1742 207 1768 καὶ
222 1741 332 1772 πολλοῖς
347 1741 398 1776 ἤδη
423 1740 610 1776 προειρημένα
635 1740 776 1776 μονονουχὶ
792 1739 839 1765 καὶ

54 1787 247 1814 ἀνασκαλεύειν
266 1788 426 1822 ἐπιχειρεῖν,
441 1787 488 1813 καὶ
504 1788 560 1818 τοῖς
576 1786 630 1813 τῶν
651 1785 840 1821 προλαϐόντων

53 1833 139 1865 πόνοις
160 1834 338 1869 ἐπεισφέρειν
366 1832 494 1868 ἑτέρους·
522 1832 610 1859 καίτοι
621 1832 669 1858 καὶ
691 1831 751 1858 λίαν
773 1831 841 1858 ἀπο-

53 1879 174 1914 χρώντως
197 1880 317 1914 ἐχόντων
331 1878 453 1911 ἐκείνων,
474 1879 514 1910 εἷς
534 1887 565 1913 γε
585 1879 616 1904 τὸ
632 1878 761 1905 δύνασθαι
781 1878 840 1905 δια-

53 1924 164 1959 τωνοῧν
188 1923 219 1951 εὖ
237 1925 312 1960 μάλα
330 1924 379 1956 τὰς
394 1924 448 1950 τῶν
463 1924 548 1958 ἁγίων
563 1923 710 1959 προφητῶν
723 1932 843 1958 συγγρα-

56 1971 114 2005 φὰς.
136 1970 210 2004 Ἐγὼ
234 1970 263 1996 δὲ
284 1970 315 1996 τὸ
334 1969 430 2005 χρῆμα
452 1970 535 2004 φαίην
557 1970 589 1997 ἂν
611 1970 660 2005 οὐχ
682 1967 734 1997 ὦδε
754 1970 841 2005 ἔχειν·

59 2016 155 2042 πολλοῦ
178 2025 210 2050 γε
226 2016 276 2042 καὶ
293 2016 342 2042 δεῖ.
361 2016 543 2051 Μεμνήσομαι
569 2016 623 2051 γὰρ
646 2016 843 2050 ὲπιφωνοῦντος

57 2061 100 2087 τοῦ
118 2061 221 2088 Παύλου
232 2061 291 2092 τοῖς
305 2060 369 2095 παρ’
384 2060 465 2086 αὐτοῦ
480 2060 767 2095 μυσταγωγουμένοις
781 2070 789 2086 ι
804 2060 845 2086 Τὰ

57 2107 123 2133 αὐτὰ
147 2107 237 2141 λέγειν
261 2106 337 2140 ὑμῖν,
356 2106 417 2140 ἐμοὶ
445 2106 494 2141 μὲν
518 2106 567 2133 οὐκ
581 2107 712 2142 ὀκνηρόν·
730 2107 793 2142 ὑμῖν
816 2107 845 2134 δὲ

58 2153 185 2187 ἀσφαλές.
200 2162 210 2179 ι
229 2153 326 2187 ’Δϐρει
343 2152 381 2185 δὲ,
393 2152 467 2184 ὅπως
482 2153 555 2179 ἐστὶν
569 2153 671 2188 ἀληθὴς
682 2154 696 2180 ὁ
710 2149 802 2188 λόγοςί
814 2155 846 2180 El

62 2201 108 2234 γὰρ
132 2209 158 2226 τι
179 2199 323 2234 προκέοιτο
346 2198 399 2224 τῶν
414 2199 570 2233 ἀναγκαίων
593 2200 632 2231 εἰς
650 2199 769 2234 εἴδησιν,
787 2197 846 2226 εἶτα

851 1570 874 1597 Α

1102 1574 1466 1620 PRO(EMIUM.

921 1651 943 1685 1
957 1650 1129 1677 Existimabit
1138 1650 1252 1677 fortasse
1262 1649 1394 1683 quispiam
1411 1650 1528 1676 otiosum
1545 1655 1604 1676 csse
1615 1656 1678 1682 quo-

890 1696 1044 1727 dammodo,
1063 1699 1087 1722 cl
1110 1703 1170 1722 cum
1189 1694 1340 1722 temeritate
1359 1693 1546 1727 coniunctum,
1571 1702 1678 1728 parmu-

891 1750 942 1776 que
963 1742 1143 1774 conducibile,
1164 1741 1245 1768 etiam
1264 1745 1342 1767 antea
1360 1740 1485 1774 pluribus
1499 1741 1634 1776 disputata
1652 1747 1679 1768 et

892 1788 1024 1823 explicata
1060 1791 1165 1814 tantum
1199 1795 1252 1814 non
1287 1786 1429 1818 refodere,
1459 1787 1680 1821 perscrutarique

892 1835 960 1862 velle
975 1855 983 1865 .
1010 1837 1037 1861 ct
1062 1834 1199 1861 laboribus
1223 1832 1336 1859 aliorum
1359 1832 1504 1866 praeteritis
1529 1839 1613 1859 novos
1635 1840 1680 1859 su-

892 1879 1059 1915 peraddere,
1096 1885 1248 1913 quanquam
1276 1877 1313 1904 illi
1336 1877 1370 1904 ad
1395 1877 1552 1911 exponenda
1574 1882 1677 1904 sanctu-

894 1933 954 1953 rum
973 1925 1166 1959 prophetarum
1196 1924 1296 1957 scripta
1315 1923 1425 1949 omnino
1450 1929 1482 1948 ac
1509 1922 1587 1956 plane
1604 1921 1680 1948 suffi-

894 1980 956 1998 cere
970 1974 1080 2006 queant.
1100 1969 1155 2004 Ego
1169 1976 1233 1995 vero
1247 1975 1411 2003 magnopere
1426 1972 1519 1995 contra
1535 1968 1680 1994 senserim.

896 2017 1047 2044 Memorabo
1067 2015 1139 2043 enim
1155 2015 1267 2042 Paulum
1280 2014 1473 2042 acclamantem
1490 2013 1533 2045 iis,
1552 2020 1620 2047 quos
1638 2021 1682 2040 re-

897 2065 946 2090 bus
973 2063 1070 2089 divinis
1101 2061 1269 2089 erudiebat:
1297 2069 1307 2086 ι
1326 2060 1426 2087 Eadem
1455 2058 1576 2086 scribere
1607 2058 1684 2085 vobis

897 2101 1083 2143 mihiquidem
1111 2115 1164 2134 non
1191 2107 1307 2142 pigrum.
1335 2105 1411 2132 vobis
1439 2109 1528 2132 autem
1559 2111 1685 2131 necessa-

897 2157 966 2183 rium
979 2156 1001 2183 ¹.
1015 2165 1024 2180 ι
1042 2154 1188 2181 Considera
1202 2160 1282 2187 porro
1298 2159 1377 2186 quam
1390 2157 1483 2178 verum
1494 2149 1602 2177 dixerit.
1619 2149 1684 2176 Nam

898 2203 921 2229 si
946 2201 1084 2236 quidpiam
1115 2203 1299 2235 proponatur,
1328 2197 1436 2232 cognitu
1461 2196 1625 2231 praecipuum
1648 2203 1686 2222 ac

61 2245 147 2271 πολλοὶ
168 2245 217 2271 καὶ
241 2244 317 2279 παρὰ
343 2243 448 2270 πολλῶν
473 2244 516 2270 ἐπ’
533 2244 608 2279 αὐτῷ
637 2244 708 2271 οὕτω
728 2244 845 2278 γένοιντο

901 2247 1097 2278 necessarium,
1119 2250 1146 2272 et
1167 2246 1204 2272 ita
1233 2252 1315 2279 super
1339 2251 1370 2271 eo
1394 2242 1486 2270 multis
1504 2247 1530 2270 et
1554 2250 1568 2268 a
1596 2241 1686 2268 multis

61 2289 139 2323 λόγοι,
159 2289 258 2324 βλάῆος
279 2290 328 2324 μὲν
354 2291 430 2318 ἔσται
444 2291 474 2318 τὸ
497 2291 608 2327 σύμπαν
630 2292 724 2318 οὐδέν·
741 2292 846 2327 ὀνήσειε

60 2334 81 2360 δ’
94 2335 127 2361 ἂν
149 2336 190 2362 ὃτι
207 2335 327 2370 μάλιστά
341 2345 372 2370 γε
388 2338 444 2368 τοῖς
467 2337 662 2373 ἀκροωμένοις.
679 2338 710 2364 Εἰ
727 2338 776 2372 μὲν
793 2337 847 2373 γὰρ

63 2379 181 2415 ἀλλήλοις
196 2381 396 2416 συμϐαίνοντας
412 2384 531 2409 ποιοῖντο
545 2383 608 2415 τοὺς
623 2383 722 2417 λόγους
737 2384 760 2409 οἱ
778 2383 847 2418 διερ-

65 2427 185 2461 μηνεὺειν
207 2427 343 2460 εἰωθότες,
366 2428 554 2464 ἀσφαλεστέρα
581 2438 632 2456 που
658 2430 767 2461 πάντως
791 2430 848 2461 τοῖς

65 2471 274 2508 ςιλακροάμοσιν
303 2475 470 2510 εἷο-κρίνεται
502 2475 612 2509 γνῶσις.
642 2476 674 2502 Et
699 2475 727 2501 δὲ
746 2475 778 2510 δή
806 2484 848 2501 τοι

66 2518 180 2551 φαίνοιτο
204 2519 235 2546 τὸ
259 2520 306 2554 ἀφ’
330 2521 446 2547 ἑκάστου
476 2521 671 2557 καινοπρεπὲς,
697 2521 744 2547 καὶ
761 2521 790 2547 τὸ
811 2521 849 2556 τῷ

65 2563 125 2590 δεῖνι
138 2565 219 2600 τυχὸν
233 2567 263 2592 οὐ
283 2567 386 2602 σφόδρα
401 2567 599 2602 ὁιεγνωσμένον
624 2567 711 2603 ὀρθῶς
725 2568 772 2594 καὶ
804 2568 852 2594 ἀν-

104 2643 111 2657 ¹
130 2642 226 2677 Philip.
247 2651 289 2675 nt,
309 2643 335 2670 l.

103 2720 141 2754 (Ι)
157 2720 305 2754 lnterpretc
331 2721 433 2749 Jacobo
458 2721 588 2753 Puntauo,
605 2722 633 2748 S.
655 2721 693 2752 1.,
709 2721 753 2756 qui
779 2722 849 2748 hunc

67 2757 286 2792 cottiirietitarittnt
310 2757 415 2791 primus
438 2757 530 2792 Cra-ce
557 2761 584 2783 et
608 2756 702 2783 Latine
728 2756 850 2792 ediderat

67 2787 216 2830 ltigolstadii
229 2787 397 2830 ξιιμ]σῖὓοξῇ
413 2791 458 2818 fol.
469 2787 591 2830 '—C:rr_d_.
605 2791 706 2826 Angelo
717 2791 768 2830 M_ai
783 2796 802 2817 l.
817 2790 849 2817 ΙΙΙ

65 2823 231 2853 ΒὶΜίοιΙιει-ιε
254 2825 337 2860 Natta:
363 2826 484 2858 Patrum,
502 2827 603 2860 p.155,
616 2823 717 2857 11161ιῆ1,
740 2826 849 2852 lacunas

66 2865 94 2886 se
105 2868 162 2894 qute
172 2866 235 2888 sunt
252 2861 278 2887 in
291 2859 386 2896 Cyrilli
400 2861 433 2888 ad
449 2859 546 2888 Oseam
565 2869 596 2888 ac
610 2861 768 2888 Zachariam
792 2861 848 2888 edi-

224 2906 364 2936 Ptn‘twL.
378 2906 436 2936 Gtt.
458 2906 568 2936 LXXI.

859 3002 947 3027 [διε

899 2294 1069 2324 disseratur,
1110 2290 1211 2317 nullum
1257 2289 1320 2316 inde
1359 2288 1486 2315 damnum
1522 2287 1556 2314 ad
1593 2294 1687 2322 quent-

899 2347 990 2374 quam,
1023 2338 1076 2364 into
1106 2336 1208 2363 fructus
1238 2334 1372 2361 maximus
1400 2334 1432 2360 ad
1466 2332 1605 2359 audientes
1624 2339 1687 2366 per-

899 2385 999 2412 veniet.
1040 2382 1067 2409 Si
1104 2382 1194 2414 enim,
1223 2387 1336 2415 quorum
1368 2386 1464 2406 munus
1488 2383 1529 2404 cst
1553 2378 1687 2411 interpre-

901 2431 962 2462 tari,
994 2429 1019 2463 2
1054 2429 1125 2455 inter
1166 2434 1195 2453 se
1233 2425 1418 2453 convenientia
1457 2422 1615 2454 attulerint,
1640 2429 1688 2448 au-

904 2474 993 2502 diendi
1018 2473 1191 2506 disvendiquc
1215 2471 1320 2505 cupidis
1336 2470 1436 2496 certior
1450 2468 1544 2502 utique
1560 2475 1591 2494 ac
1606 2467 1688 2494 tutior

904 2519 996 2546 notitia
1021 2518 1148 2553 parietur.
1170 2516 1197 2543 Si
1214 2516 1279 2550 quid
1300 2520 1388 2541 autem
1409 2514 1443 2541 ab
1459 2520 1621 2548 unoquoque
1638 2521 1687 2538 no-

907 2573 967 2591 vum
997 2563 1112 2598 proferri
1133 2562 1278 2593 videbitur,
1298 2560 1368 2595 quod
1391 2567 1444 2587 non
1470 2566 1549 2586 nemo
1575 2558 1687 2585 forsitan

904 2720 937 2747 tis
956 2719 1159 2747 commentariis
1179 2718 1325 2746 contulisse
1346 2724 1405 2745 cum
1420 2717 1512 2745 codice
1537 2716 1599 2743 Vat.
1622 2715 1688 2747 587,

904 2756 977 2782 nullo
1003 2760 1092 2782 tamen
1116 2753 1223 2787 fructu;
1245 2753 1409 2781 tantumdem
1437 2751 1510 2780 enim
1539 2753 1565 2778 in
1591 2750 1688 2787 codice

902 2791 996 2817 deesse
1009 2789 1178 2824 cognovisse.
1196 2785 1328 2816 Cintcrum
1343 2795 1395 2824 non
1411 2794 1465 2814 uno
1482 2787 1508 2813 in
1528 2787 1586 2813 loco
1605 2785 1690 2824 adno-

904 2829 942 2851 Iat
958 2821 1091 2859 interpres
1104 2824 1193 2850 minus
1207 2831 1287 2858 quant
1302 2831 1350 2859 pro
1372 2822 1527 2859 lacunarum
1541 2821 1630 2859 spatio
1644 2824 1692 2845 aut

903 2860 973 2887 forte
987 2855 1067 2887 etiam
1081 2859 1146 2886 nihil
1160 2859 1193 2887 ad
1210 2855 1368 2887 sententiam
1387 2857 1526 2885 ost-issum.
1540 2855 1619 2882 Em'r.

1517 2902 1532 2930 1
