1913 3042
228 156 261 188 (ιι
736 149 765 177 S.
785 147 924 177 CYRILLI
945 146 1179 175 ALEXANDRINI
1199 146 1359 174 ARCHIEP.
1822 145 1859 174 12

229 215 319 243 minus
344 213 439 250 probe,
467 218 516 239 nec
540 210 606 237 citra
632 208 726 236 vitium
753 207 925 240 intellexerit,
945 194 1010 241 quid

1068 206 1256 241 επιλήπτως,εί
1271 205 1318 232 ἐπὶ
1333 204 1396 233 νοῦν
1408 205 1469 240 ἥκοι
1480 205 1525 232 τὸν
1534 204 1639 239 ἑτέρου,
1652 204 1679 230 τι
1690 204 1720 230 τὸ
1735 203 1858 238 λυποῦν;

229 260 294 289 mali
318 265 370 292 est,
395 260 418 286 si
442 257 467 285 id
485 264 538 284 non
556 255 631 287 mihi,
647 254 693 282 sed
706 254 782 281 alteri
796 254 821 280 in
834 257 950 280 mentem
967 260 1012 279 ve-

230 306 322 334 nerit?
346 304 469 338 Quiuimo
482 308 588 333 sensus,
606 308 637 327 ac
648 299 846 326 declarationes
861 298 1012 333 complures

229 352 414 386 dilucidasque
441 348 571 375 adhibere
599 346 644 381 qui
673 346 779 372 tandem
803 352 855 372 non
882 344 1013 379 praestat?

229 398 303 432 Quod
328 404 389 423 cum
413 395 447 421 ita
471 393 516 424 sit,
544 391 648 419 tametsi
676 396 740 417 ante
763 397 812 417 nos
827 397 878 416 non
894 389 970 423 pauci
986 389 1011 415 in

228 450 321 472 sacros
362 440 508 476 prophetas
543 437 753 465 commentarios
778 436 929 466 ediderunt,
963 435 1010 462 hat

229 489 338 524 quidem
357 488 390 514 de
405 493 485 514 causa
501 492 551 511 nou
567 484 724 512 taeebimus.
740 483 893 516 potiusque,
911 480 1013 507 inertia!

231 533 337 569 repulsa
363 532 487 563 mollitie,
512 537 592 565 quam
616 529 692 555 nobis
709 535 814 563 quoque
834 527 946 562 gratiam
963 526 1013 552 im-

230 577 381 613 pertivcrit,
406 576 451 611 qui
468 573 600 610 profunda
628 577 655 600 et
672 572 775 600 occulta
791 571 935 603 illuminat,
952 577 1012 596 eam

229 625 334 652 ueteris
355 623 435 651 etiam
462 622 623 657 prodemus;
649 625 782 646 memores
806 617 876 644 illius
891 615 1011 643 Christi:

232 679 240 694 ι
252 668 344 696 Gratis
361 667 513 701 accepistis,
533 665 618 700 gratis
634 665 696 690 date
709 663 729 690 ’.
746 672 755 688 ι
774 661 916 689 Ordienles
933 660 1014 695 igitur

229 715 337 740 beatum
371 711 528 746 prophetam
555 709 652 736 Oseam
692 706 833 742 perspicue
863 710 1011 738 exponere,

230 759 306 794 prius
327 757 482 785 docebimus
504 755 574 790 quod
601 756 633 780 ad
649 752 760 779 aliorum
775 757 880 785 quoque
899 750 1012 784 prophe-

230 812 318 833 tarum
335 804 419 832 libros
437 803 563 838 pertinet.
582 800 638 827 Mos
653 797 787 834 siquidem
809 796 961 824 communis
972 799 1014 822 est

229 851 361 882 omnium,
377 849 454 876 facile
467 848 605 875 verbasua
621 846 654 873 ad
671 845 696 872 id
709 844 779 878 quod
793 842 903 878 Spiritui
919 845 1013 868 sancto

1063 253 1171 281 Μᾶλλον
1187 254 1226 286 δὲ,
1244 252 1303 284 πῶς
1315 253 1365 279 οὐκ
1383 252 1493 288 ἄμεινον
1508 251 1652 287 ἀμφιλαφῆ
1670 251 1718 277 καὶ
1731 251 1858 285 εὐκρινε-

1065 300 1161 335 στέραν
1197 299 1247 334 τὴν
1269 298 1324 325 τῶν
1351 298 1494 333 νοημάτων
1525 297 1649 331 γίνεσθαι
1680 295 1858 331 παράθεσιν;

1065 345 1180 377 Οὐκοῦν,
1201 344 1252 371 κᾶν
1278 344 1302 370 οἱ
1320 344 1414 370 πολλοὶ
1441 343 1595 378 γεγράφασι
1618 342 1671 378 πρὸ
1691 342 1790 377 ήμῶν,
1822 341 1859 367 τὰ

1065 390 1094 416 ἐν
1124 391 1180 420 τοῖς
1215 387 1302 422 ἁγίοις
1338 387 1492 423 προφήταις
1527 385 1768 422 διερμηνεύοντες,
1796 385 1859 419 οὐχὶ

1063 434 1164 470 ταύτης
1198 434 1290 460 ἕνεκεν
1328 434 1377 468 τῆς
1412 433 1501 464 αἰτίας
1534 433 1719 467 σιωπήσομεν.
1753 431 1857 457 Διωσό-

1065 480 1136 516 μεθα
1148 480 1176 506 δὲ
1194 479 1293 515 μᾶλλον
1309 480 1346 511 ὡς
1367 479 1470 514 ἀδρανῆ
1487 478 1532 505 τὸν
1545 478 1623 504 δκνον
1635 498 1642 507 ,
1657 477 1704 504 καὶ
1718 477 1807 512 ἤνπερ
1823 476 1857 502 ἂν

1064 527 1110 554 καὶ
1125 527 1190 562 ἡμῖν
1205 526 1295 558 αὐτοῖς
1319 525 1423 561 ἐπιδοίη
1447 526 1526 560 χάριν
1550 526 1564 551 ό
1585 524 1755 559 ἀπολάμπων
1769 523 1857 559 βαθέα

1064 572 1112 598 καὶ
1139 571 1297 607 ἅπόκρυφα,
1312 571 1414 606 ταύτην
1431 571 1478 598 καὶ
1503 570 1607 605 ἑτέροις
1631 570 1752 606 φανερὰν
1770 578 1859 596 κατα·

1066 619 1208 654 στήσομεν,
1228 619 1395 653 μεμνημένοι
1409 617 1533 652 λέγοντος
1547 617 1595 643 τοῦ
1618 616 1737 652 Χριστοῦ
1748 624 1755 632 ·
1774 625 1783 642 ε
1799 617 1858 642 Δω-

1066 665 1129 700 ρεὰν
1147 665 1267 696 ἐλάϐετε,
1288 665 1392 700 δωρεὰν
1408 665 1476 691 δότε.
1494 673 1503 689 ι
1528 664 1690 699 Ἀρχόμενος
1703 663 1792 690 τοίνυν
1805 663 1857 696 τῆς

1064 711 1103 742 είς
1116 711 1160 737 τὸν
1177 711 1311 746 μακάριον
1327 711 1468 745 προφήτην
1486 710 1564 745 Ὠσηὲ
1580 708 1681 743 σαφοῦς
1695 708 1855 744 ἑρμηνείας,

1064 757 1152 783 ἐκεῖνο
1165 755 1370 790 προεκθήσομαι
1385 755 1431 781 καὶ
1448 754 1512 789 περὶ
1526 753 1579 780 τῶν
1599 753 1685 781 ἄλλων
1707 752 1857 789 προφητῶν

1066 805 1239 840 συγγραφῆς.
1270 805 1351 835 Ἔθος
1377 804 1432 839 γὰρ
1462 804 1585 834 ἅπασιν,
1613 803 1658 834 οὓς
1681 802 1715 829 ἂν
1742 803 1857 828 ἔκαστοι

1065 852 1182 878 ποιοῖντο
1193 851 1298 885 λόγους,
1316 850 1513 886 μεταπλάττειν
1528 849 1646 880 εὐκόλως
1660 848 1706 874 ἐπὶ
1717 848 1747 874 τὸ
1760 847 1857 874 δοκοῦν

224 896 332 932 placuit
348 893 554 922 accommodare
584 899 616 919 ac
647 889 841 918 transformare
861 897 868 914 :
894 892 923 914 ut
946 894 1013 914 unn-

1068 895 1102 930 τῷ
1120 896 1189 930 ἁγίῳ
1206 895 1355 930 Πνεύματι,
1373 895 1410 926 ὡς
1435 894 1500 920 ποτὲ
1524 894 1572 929 μὲν
1597 894 1629 920 ὲκ
1650 893 1699 927 τῆς
1716 892 1857 928 ἱστορίας,

224 948 365 976 nunquam
379 948 411 968 ex
430 938 561 971 historia,
585 937 641 964 sive
665 943 698 964 ex
723 935 802 962 rebus
822 940 931 961 sensum
953 940 1012 959 mo-

228 987 369 1018 ventibus,
396 990 423 1012 et
461 989 588 1018 tauquam
630 981 656 1011 in
688 984 832 1015 conspectu
863 979 956 1013 positis
984 981 1012 1005 et

230 1031 384 1062 transactis,
394 1030 534 1057 commode
547 1028 580 1055 ad
590 1027 686 1055 intima
698 1026 877 1061 Spiritualium
893 1025 1013 1052 redeant:

232 1082 427 1109 nonnunquam
443 1081 506 1101 vero
520 1080 567 1108 per
581 1073 707 1106 ambages
733 1070 949 1102 obscurissimas,
972 1076 1014 1096 res

229 1123 257 1150 in
272 1128 379 1150 sensum
397 1121 526 1148 cadentes
543 1119 689 1152 attingant.
703 1116 934 1151 Frequentissime
951 1115 1013 1141 item

227 1174 361 1204 personas
385 1167 528 1198 inducunt,
551 1169 578 1191 et
599 1164 792 1194 lamentantur,
809 1167 836 1189 et
850 1161 1013 1193 exclamant,

229 1218 256 1241 et
269 1212 466 1248 praeteritorum
481 1210 672 1242 meminerunt,
684 1213 711 1235 et
725 1208 811 1235 futura
825 1207 1014 1242 prtenuntiant.

231 1258 404 1293 Quapropter
424 1256 530 1291 singula
553 1255 626 1282 clare
651 1260 677 1282 et
692 1254 811 1281 studiose
825 1253 1014 1285 discernenda,

231 1304 482 1338 sententiarumque
508 1301 585 1334 ordo,
609 1307 842 1336 personarumque
864 1298 1015 1325 dill'crentia

231 1350 385 1378 necessario
406 1347 578 1376 observanda
603 1352 667 1374 est:
684 1347 724 1373 sic
745 1345 816 1372 enim
842 1345 931 1380 plane,
949 1344 1015 1371 citra

227 1395 416 1428 confusionem
451 1399 477 1422 et
501 1401 607 1422 omnem
640 1393 751 1421 omnino
775 1391 956 1419 dillieultalem
983 1391 1017 1418 de

231 1443 265 1470 iis
290 1449 412 1477 agemus.
438 1441 543 1476 Opinor
565 1445 656 1466 autem
681 1439 801 1473 quaedam
826 1438 900 1473 prius
922 1437 1016 1472 expla-

231 1489 332 1522 nanda,
342 1495 400 1522 qua:
409 1486 557 1514 Israelitico
569 1485 700 1520 sanguine
716 1485 837 1511 oriundis
850 1484 1015 1515 acciderunt,

229 1542 266 1562 ne
280 1534 411 1562 lectorum
432 1533 539 1559 animus
557 1531 741 1566 perturbetur,
763 1531 825 1557 dum
846 1537 917 1556 nunc
942 1528 1017 1555 audit

230 1625 341 1658 ludam,
357 1629 384 1652 et
399 1623 550 1657 Benjamin,
573 1623 670 1657 quibus
692 1620 829 1648 vocabulis
852 1621 922 1647 sacri
951 1628 1016 1654 pro-

231 1673 320 1707 pheta
353 1670 518 1698 creberrime
547 1673 668 1694 utuntur.
697 1666 729 1694 Ut
761 1666 843 1700 igitur
872 1666 1015 1692 manifeste

230 1717 338 1753 singula
356 1716 458 1748 norint,
478 1714 629 1742 attendant.
655 1712 799 1740 Paternum
822 1720 932 1747 regnum
951 1712 1015 1738 Oiilll

235 1761 434 1798 Hierosolymis
446 1761 641 1788 administrans
653 1758 791 1791 Salomon,
811 1757 881 1785 lania
898 1758 1016 1784 celebra-

230 1814 288 1838 tum
311 1809 376 1836 illud
408 1811 435 1834 et
461 1805 622 1834 admirabile
655 1804 782 1839 templum
807 1804 861 1830 Deo
898 1803 1017 1830 exaediﬁ-

233 1856 313 1885 nvit.
330 1854 381 1888 Qui
399 1853 523 1888 quamvis
544 1851 700 1878 divitiarum
719 1850 863 1885 splendore
890 1854 917 1876 et
934 1858 1017 1885 pecu-

231 1902 283 1930 niae
315 1900 393 1936 copia
428 1897 693 1929 excellentissimus,
732 1896 758 1922 in
786 1899 923 1922 Senectute
954 1895 1015 1922 dum

232 1955 286 1975 non
312 1945 370 1974 vult
395 1944 533 1973 otIendere
557 1942 693 1974 mulieres,
720 1941 802 1968 Deum
826 1940 956 1973 olfendit,
984 1948 1017 1968 eo

230 1993 312 2022 modo
340 1992 366 2029 3
384 1999 439 2027 quo
466 1997 544 2018 sacra
569 1989 646 2016 nobis
664 1987 804 2023 Scriptura
823 1995 1018 2015 commemora-

230 2040 282 2073 uit,
297 2039 375 2074 cujus
390 2038 447 2065 bazc
461 2041 525 2064 sunt
540 2036 620 2062 verba
636 2043 643 2062 :
662 2043 671 2060 ι
685 2034 717 2062 Ει
735 2042 780 2061 rex
797 2034 933 2061 adamavit
956 2041 1016 2060 mu-

230 2086 312 2118 lieres
329 2084 496 2119 alienigenas
511 2082 620 2115 multas,
637 2081 718 2108 ﬁliam
731 2088 838 2115 quoque
856 2080 1015 2112 Pharaonis,

231 2136 261 2161 et
274 2130 446 2163 Moabitidas,
465 2134 491 2156 et
505 2127 715 2159 Ammonitidas,
732 2132 758 2154 et
771 2126 907 2158 Sidonias,
924 2132 950 2154 ct
965 2125 1018 2153 lle-

233 2178 330 2210 thzeas,
355 2180 383 2204 et
406 2174 580 2202 Amorrbmas
595 2175 627 2200 de
642 2173 777 2208 gentibus,
794 2174 826 2200 de
839 2173 936 2207 quibus
951 2173 1018 2201 dixit

1064 942 1123 976 ἦτοι
1136 942 1190 968 τῶν
1204 941 1352 976 αἰσθητῶν,
1366 941 1413 967 καὶ
1425 940 1506 967 οἱονεί
1522 948 1580 970 πως
1596 939 1624 965 ὲν
1635 939 1695 973 ὕψει
1707 939 1857 974 κειμένων,

1064 987 1111 1013 καὶ
1138 987 1289 1021 γεγονότων
1313 987 1483 1022 πραγμάτων
1500 986 1648 1020 ἀναφοιτᾷν
1673 985 1792 1016 εὐκόλως
1816 985 1859 1016 εἰς

1065 1032 1188 1059 ὲσώτατα
1209 1033 1380 1068 πνευματιχά
1393 1040 1400 1048 '
1419 1031 1484 1058 ποτὲ
1500 1031 1528 1057 δὲ
1543 1029 1576 1058 αὖ
1596 1031 1782 1057 καθικνεῖσθαι
1802 1031 1860 1057 πά-

1064 1077 1115 1109 λιν,
1131 1077 1178 1104 καὶ
1196 1078 1262 1104 πολὺ
1272 1078 1304 1113 δὴ
1316 1078 1376 1103 λίαν
1387 1077 1565 1112 ἁσυμφανῶς,
1580 1077 1626 1103 ἐπὶ
1638 1077 1671 1103 τὰ
1689 1077 1717 1102 ὲν
1729 1076 1859 1111 αἰσθήσει

1065 1123 1224 1159 πράγματα.
1250 1122 1365 1156 [Ιλείστη
1393 1122 1420 1148 δὲ
1439 1123 1487 1157 ὅση
1511 1123 1574 1157 παρ’
1594 1122 1685 1151 αὐτοῖς
1708 1121 1784 1156 καὶὴ
1800 1121 1858 1147 τῶν

1066 1168 1219 1204 προσώπων
1239 1167 1399 1202 ἐπεισφορὰ,
1418 1165 1594 1201 σχετλιασμοί
1611 1174 1658 1198 τε,
1677 1165 1724 1191 καὶ
1744 1166 1856 1199 ἀναφω-

1065 1214 1167 1248 νήσεις,
1179 1214 1225 1240 καὶ
1240 1213 1293 1239 τῶν
1304 1213 1353 1248 ἥδη
1365 1212 1568 1248 παρῳχηκότων
1587 1212 1603 1246 ὴ
1618 1212 1721 1247 μνήμη.
1738 1212 1785 1238 καὶ
1802 1211 1858 1238 τῶν

1067 1259 1201 1294 ἐσομένων
1226 1258 1420 1294 προάγγελσις.
1443 1260 1488 1284 Δεῖ
1510 1258 1542 1293 δὴ
1569 1255 1615 1284 οὖν
1641 1257 1745 1284 ἕκαστα
1761 1256 1858 1290 σαφῶς

1066 1303 1299 1339 φιλοκρινοῦντας,
1315 1304 1360 1330 καὶ
1369 1303 1418 1338 τὴν
1433 1303 1486 1329 τῶν
1497 1303 1641 1337 νοημάτων
1653 1301 1739 1334 τάξιν,
1752 1301 1800 1328 καὶ
1808 1301 1860 1336 τὴν

1065 1350 1119 1376 τῶν
1132 1349 1285 1385 προσώπων
1306 1349 1437 1384 διαφορὰν
1457 1348 1614 1382 ἀναγκαίως
1632 1348 1787 1383 ὲπιτηρεῖν’
1807 1356 1860 1373 σα-

1066 1395 1118 1430 φὴς
1135 1395 1188 1431 γὰρ
1199 1395 1283 1426 οὕτως
1302 1396 1377 1430 ἡμῖν,
1393 1395 1439 1421 καὶ
1453 1394 1617 1429 ἀσύγχυτος,
1639 1394 1686 1420 καὶ
1698 1393 1861 1429 δυσχερείας

1066 1443 1175 1477 ἁπάσης
1199 1441 1409 1476 ἀπηλλαγμένος
1438 1440 1514 1467 ἔσται
1541 1449 1590 1466 που
1609 1440 1717 1471 πάντως
1737 1441 1751 1466 ὁ
1765 1439 1859 1473 λόγος.

1067 1487 1172 1522 Χρῆναι
1189 1487 1217 1513 δὲ
1235 1486 1436 1522 ὑπολαμϐάνω,
1456 1485 1704 1521 προαφηγήσασθαί
1721 1493 1780 1511 τινα
1802 1485 1861 1511 τῶν

1042 1552 1051 1562 ,
1068 1531 1279 1562 συμϐεσηκότων
1298 1533 1354 1562 τοῖς
1373 1531 1402 1562 ἐξ
1420 1532 1535 1562 αἵματος
1554 1530 1676 1562 Ἰσραὴλ,
1693 1531 1736 1557 ἵνα
1752 1531 1790 1562 μὴ
1809 1539 1862 1557 τα·
1881 1525 1884 1528 ’

229 1542 266 1562 ne
280 1534 411 1562 lectorum
432 1533 539 1559 animus
557 1531 741 1566 perturbetur,
763 1531 825 1557 dum
846 1537 917 1556 nunc
942 1531 1015 1555 audit

229 1580 370 1616 Ephraim,
385 1583 412 1606 et
427 1578 520 1609 Israel,
544 1582 625 1612 atque
649 1577 730 1604 etiam
757 1575 926 1607 Samariam;
945 1582 1015 1601 nunc

1068 1531 1279 1567 συμϐεσηκότων
1298 1533 1354 1562 τοῖς
1373 1531 1402 1564 ἐξ
1420 1532 1535 1566 αἵματος
1554 1531 1676 1566 Ἰσραὴλ,
1693 1531 1736 1557 ἵνα
1752 1531 1790 1566 μὴ
1809 1539 1846 1557 τα

1069 1579 1191 1613 ράττοιτο
1205 1577 1258 1604 τῶν
1275 1577 1471 1612 ἐντευξομένων
1484 1577 1498 1603 6
1514 1576 1587 1609 νοῦς,
1605 1577 1670 1603 ποτὲ
1687 1576 1736 1611 μὲν
1749 1577 1846 1603 ἀκούω

1069 1579 1191 1613 ράττοιτο
1205 1577 1258 1604 τῶν
1275 1577 1471 1612 ἐντευξομένων
1484 1577 1498 1603 6
1514 1576 1587 1609 νοῦς,
1605 1577 1670 1603 ποτὲ
1687 1576 1736 1611 μὲν
1749 1577 1862 1603 ἀκούων

1073 1623 1201 1659 Ἐφραῒμ,
1219 1624 1277 1649 καὶ-
1289 1623 1396 1658 Ἰσραὴλ
1408 1642 1415 1655 ,
1446 1623 1494 1649 καὶ
1516 1623 1608 1658 μέντοι
1627 1623 1674 1649 καὶ
1688 1621 1860 1657 Σαμάρειαν·

1074 1670 1172 1696 Ἰούδαν
1190 1678 1217 1695 τε
1233 1667 1277 1700 αὖ,
1296 1669 1343 1695 καὶ
1368 1668 1504 1704 Βενιαμίν.
1530 1668 1647 1703 Πλείστη
1663 1667 1717 1703 γὰρ
1733 1668 1783 1702 ὅση
1803 1667 1862 1694 τῶν

1066 1714 1194 1740 τοιούτων
1217 1713 1356 1748 ὀνομάτων
1377 1713 1451 1748 παρὰ
1474 1714 1528 1744 τοῖς
1554 1713 1642 1746 ἁγίοις
1665 1711 1820 1748 προφήταις
1843 1713 1861 1747 ἡ

1069 1761 1173 1795 μνήμη.
1187 1760 1245 1786 Ἵνα
1260 1759 1348 1786 τοίνυν
1360 1760 1455 1786 εἰδεῖεν
1470 1759 1573 1786 ἕκαστα
1590 1758 1692 1793 σαφῶς,
1706 1759 1862 1785 ἀκουόντων

1066 1807 1107 1832 ὅτι
1119 1806 1168 1841 τὴν
1182 1806 1227 1832 τοῦ
1243 1806 1344 1842 πατρὸς
1358 1805 1495 1841 βασιλείαν
1511 1806 1650 1841 περιέπων
1663 1805 1732 1832 κατὰ
1742 1806 1861 1840 καιροὺς

1067 1853 1095 1879 ὲν
1110 1853 1165 1884 τοῖς
1188 1851 1386 1888 Ἱεροσολύμοις
1399 1853 1413 1878 ὁ
1427 1850 1562 1887 Σολομὼν,
1577 1851 1738 1886 ἀνεδείματο
1753 1851 1804 1887 μὲν
1821 1851 1861 1886 τῷ

1067 1896 1127 1932 Θεῷ
1151 1897 1196 1924 τὸν
1219 1897 1360 1933 διαϐόητον
1391 1898 1493 1924 ἐκεῖνον
1517 1897 1563 1924 καὶ
1583 1897 1747 1931 ἀξιάγαστον
1773 1897 1860 1926 νεών,

1074 1943 1154 1971 Ἀλλὰ
1165 1944 1252 1970 καίτοι
1268 1944 1328 1971 λίαν
1340 1943 1460 1978 γεγονὼς
1474 1943 1628 1978 διαπρεπὴς
1639 1943 1684 1970 διά
1697 1952 1726 1969 τε
1743 1943 1861 1970 πλούτου

1067 1990 1262 2026 λαμπρότητα,
1278 1990 1325 2017 καὶ
1341 1989 1500 2024 περιουσίαν
1524 1989 1693 2025 χρημάτων,
1717 1990 1757 2021 εἰς
1772 1990 1862 2025 γῆρας

1068 2035 1217 2071 ἐληλακὼς,
1227 2036 1272 2063 διά
1279 2044 1321 2062 τοι
1331 2035 1380 2071 τὴν
1387 2036 1427 2068 είς
1436 2036 1568 2070 γυναῖκας
1579 2035 1645 2062 αἰδὼ
1655 2036 1862 2071 προσκέκρουκε

1067 2084 1106 2119 τῷ
1120 2083 1190 2119 Θεῷ.
1203 2083 1257 2110 Καὶ
1271 2083 1346 2114 ποῖος
1363 2082 1436 2116 αὺτῷ
1455 2082 1550 2116 γέγονε
1565 2081 1752 2116 πλημμελείας
1767 2082 1781 2107 6
1795 2083 1861 2117 τρό-

1068 2139 1128 2162 πος,
1145 2130 1176 2157 τὸ
1195 2130 1266 2165 ἱερὸν
1292 2130 1357 2164 ἡμῖν
1374 2128 1548 2163 ἀφηγήσεται
1572 2127 1692 2163 Γράμμα
1703 2136 1710 2142 ·
1734 2127 1791 2162 ἔχει
1806 2129 1861 2163 γὰρ

1068 2176 1164 2207 οὖτωςο
1182 2185 1191 2201 ‹
1210 2175 1266 2202 Καὶ
1278 2176 1292 2201 6
1313 2174 1439 2210 βασιλεὺς
1455 2173 1533 2200 ἔλαϐε
1556 2175 1686 2208 γυναῖκας
1705 2173 1860 2209 ἀλλοτρίας,

234 2222 366 2250 Dominus
395 2221 457 2248 ﬁliis
486 2219 590 2247 Israel:
607 2218 664 2246 Non
692 2219 878 2253 ingrcdicntini
904 2219 937 2246 ad
960 2226 1015 2251 eas,

1071 2221 1117 2248 καὶ
1131 2221 1180 2256 τὴν
1196 2220 1332 2256 θυγατέρα
1352 2219 1451 2255 Φαραὼ
1462 2239 1469 2252 ,
1486 2220 1661 2251 Μωαϐίτιδας
1671 2240 1678 2251 ,
1701 2220 1861 2255 ¹Δμμανίτι-

232 2273 321 2301 neque
340 2266 373 2293 de
395 2266 449 2293 illis
473 2265 659 2299 ingrediantur
685 2264 718 2290 ad
742 2268 856 2296 Vestras,
883 2271 916 2291 ne
939 2263 1018 2291 incli-

234 2318 299 2340 nent
317 2312 398 2340 corda
415 2317 504 2338 vestra
519 2315 579 2345 post
595 2309 664 2337 idola
686 2316 744 2336 sua.
764 2308 811 2336 llis
827 2316 919 2336 amore
934 2317 1018 2344 copu-

232 2358 304 2386 latus
327 2361 370 2384 est
399 2355 536 2383 Salomon.
563 2355 596 2382 Et
619 2357 696 2381 erant
715 2354 739 2380 ei
763 2361 860 2381 uxores
884 2354 1019 2389 principes

234 2403 425 2438 septingentzr,
442 2405 469 2427 et
487 2401 644 2428 concubinze
661 2403 798 2426 trcecntze.
819 2399 852 2426 Et
874 2399 960 2426 lactus
978 2404 1019 2426 est

235 2450 262 2476 in
281 2453 402 2482 tempore
420 2446 566 2474 senectutis
581 2446 718 2478 Salomon,
735 2450 762 2472 et
774 2445 941 2472 declinarunt
961 2453 1020 2471 mu-

235 2494 315 2520 lieres
329 2492 486 2525 alienigenze
502 2497 548 2518 cor
562 2491 620 2525 ejus
636 2496 697 2525 post
711 2491 776 2517 deos
792 2490 906 2521 alienos,
923 2495 950 2516 et
967 2499 1017 2517 nun

233 2543 293 2565 erat
304 2545 351 2565 eor
364 2537 421 2572 ejus
436 2536 583 2572 perfectum
600 2545 660 2564 cum
678 2538 791 2564 Domino
809 2536 862 2564 Deo
874 2544 933 2569 suo,
949 2538 1018 2564 sicut

234 2591 282 2612 cor
298 2583 381 2610 David
399 2584 484 2618 patris
499 2584 568 2619 eius.
593 2583 625 2610 Et
643 2583 788 2610 ambulavit
808 2582 935 2609 Salomon
958 2587 1019 2615 post

234 2630 361 2657 Astarten
382 2629 607 2656 abnminationem
632 2629 818 2661 Sidoniorum,
835 2631 861 2655 et
878 2633 937 2662 post
956 2627 1019 2654 Baal

234 2677 335 2705 idolum
360 2676 475 2704 ﬁliorum
497 2676 622 2703 Ammon.
643 2675 676 2702 Et
692 2674 757 2702 fecit
771 2674 898 2702 Salomon
919 2675 1018 2702 malum

234 2729 326 2749 coram
353 2721 479 2753 Domino,
502 2725 529 2748 et
550 2727 604 2748 non
621 2719 769 2747 ambulavit
789 2723 850 2755 post
865 2720 1019 2753 Dominum,

235 2771 266 2796 ut
289 2767 371 2795 David
394 2772 472 2802 pater
485 2766 553 2802 ejus.
568 2765 644 2794 Tunc
658 2765 803 2794 mdilicavit
820 2765 948 2795 Salomon
969 2773 1018 2794 ex-

269 2856 281 2872 '
295 2855 391 2883 Matth.
405 2863 433 2887 x,
446 2855 474 2882 8.

1070 2267 1117 2298 δας
1130 2288 1137 2299 ,
1149 2266 1238 2302 Σύρας
1249 2287 1256 2299 ,
1271 2266 1318 2293 καὶ
1339 2265 1490 2301 Ἰδουμαίας
1500 2286 1507 2297 ,
1522 2266 1656 2297 Χετταίας
1667 2287 1673 2297 ,
1691 2266 1737 2292 καὶ
1760 2267 1860 2302 ’Λμοῤ-

1072 2312 1163 2348 ραίας,
1181 2312 1213 2338 ἐκ
1227 2311 1281 2337 τῶν
1305 2311 1390 2338 ἐθνῶν
1414 2307 1451 2337 ὧν
1476 2311 1577 2338 ἀπεῖπε
1599 2311 1700 2346 Κύριος
1723 2312 1779 2342 τοῖς
1793 2313 1860 2343 υἱοῖς

1077 2355 1195 2392 Ἰσραήλ·
1211 2354 1270 2382 Οὺκ
1280 2355 1466 2382 εἰσελεύσεσοε
1482 2355 1522 2387 εἰς
1535 2355 1643 2387 αὐτοὺς,
1662 2356 1707 2382 καὶ
1719 2355 1796 2382 αὐτοὶ
1810 2356 1860 2382 οὐκ

1072 2402 1270 2429 εἰσελεύσονται
1283 2403 1322 2433 εἰς
1336 2402 1418 2437 ὑμᾶς,
1436 2401 1478 2427 ἴνα
1498 2401 1535 2437 μὴ
1556 2401 1699 2428 ὲκκλίνωοι
1723 2402 1774 2433 τὰς
1791 2411 1859 2437 καρ-

1071 2448 1130 2479 δίας
1152 2447 1230 2483 ὐμῶν
1252 2447 1340 2474 ὀπίσω
1363 2447 1418 2474 τῶν
1447 2447 1564 2474 εἰδώλων
1589 2447 1689 2473 αὐτῶν·
1709 2448 1749 2479 είς
1775 2448 1860 2480 αὐτὰς

1071 2493 1202 2528 ἐκολλήθη
1219 2492 1360 2528 Σολομὼν,
1377 2493 1424 2519 τοῦ
1446 2493 1598 2529 ἀγαπῆσαι.
1620 2494 1674 2519 Καὶ
1691 2491 1760 2529 ἦσαν
1785 2494 1860 2529 αὐτῷ

1070 2541 1197 2573 γυναῖκες
1212 2539 1342 2574 ἄρχουσαι
1355 2539 1526 2569 ἑπτακόσιαι,
1542 2539 1589 2565 καὶ
1601 2538 1734 2565 παλλακαὶ
1750 2540 1861 2574 τριακό-

1070 2594 1137 2612 σιαι.
1153 2585 1207 2612 Καὶ
1219 2585 1335 2620 ἐγενήθη
1351 2585 1380 2611 ὲν
1391 2584 1429 2619 τῷ
1442 2584 1531 2620 καιρῷ
1549 2585 1643 2620 γήρως
1662 2584 1798 2618 Σολομὼν,
1814 2585 1861 2610 καὶ

1067 2630 1207 2663 ἐξέκλιναν
1222 2631 1249 2656 αἱ
1266 2631 1393 2664 γυναῖκες
1404 2630 1431 2655 αἱ
1442 2629 1580 2665 ἀλλότριαι
1589 2629 1642 2665 ,τὴν
1655 2621 1767 2664 καρδίαν
1778 2630 1859 2656 αὐτοῦ

1067 2675 1156 2702 ὀπίσω
1171 2674 1240 2702 θεῶν
1249 2675 1362 2711 ἑτέρων.
1377 2675 1432 2702 Καὶ
1448 2675 1498 2702 οὐκ
1511 2673 1544 2711 ἧν
1566 2676 1582 2710 ή
1603 2675 1701 2710 καρδία
1716 2675 1800 2701 αὑτοῦ
1816 2683 1859 2701 τε-

1068 2721 1128 2748 λεία
1146 2721 1215 2756 μετὰ
1234 2721 1338 2757 Κυρίου
1358 2721 1406 2747 τοῦ
1420 2720 1487 2747 Θεοῦ
1502 2720 1585 2748 αὐτοῦ
1597 2740 1604 2753 ,
1620 2719 1711 2752 καθὼς
1729 2721 1747 2756 ἡ
1762 2720 1860 2755 καρδία

1069 2765 1149 2793 Δασὶδ
1172 2765 1218 2793 τοῦ
1247 2766 1350 2802 πατρὸς
1380 2765 1473 2795 αὑτοῦ.
1497 2765 1553 2792 Καὶ
1576 2764 1711 2800 ἐπορεύθη
1734 2763 1859 2800 Σολομὼ]
