1913 3042
64 175 97 203 15
531 172 808 204 COMMENTARIUS
827 175 861 203 ΙΝ
879 175 993 203 OSEAM
1013 173 1234 203 PROPIIETAM.
1668 172 1702 201 M

67 228 149 257 ὀπίσω
172 228 226 264 τῆς
260 230 414 266 Ἀστάρτης
441 230 624 266 βδελύγματος
650 231 800 264 Σιδωνίων,
816 233 863 258 καὶ.

919 231 1016 258 celsum
1040 231 1158 258 (Ihamos
1176 229 1247 258 idolo
1268 229 1356 261 Moab,
1372 233 1397 255 et
1413 228 1476 255 Baal
1493 229 1565 256 idolo
1582 229 1702 256 filiorum

69 276 150 303 ὀπίσω
166 275 214 302 ’τοῦ
230 276 324 308 Βάαλ,
339 276 448 303 είδώλου
465 277 533 304 υἱῶν
556 277 656 313 Ἀμών.
673 278 729 304 Καὶ
751 279 864 314 ἐποίησε

71 320 191 356 Σολομὼν
207 321 241 347 τὺ
251 322 373 357 πονηρὸν
383 322 497 349 ἐνώπιον
510 323 673 359 Κυρίου,καὶ
685 323 734 350 οὐκ
748 323 865 358 ἐπορεύ-

72 367 101 402 θη
121 367 210 393 ὀπίσω
236 367 363 402 Κυρίου,
380 367 417 400 ὠς
440 368 522 394 Δαῦὶδ
538 369 553 394 ὀ
574 369 666 403 πατὴρ
685 368 778 395 αὑτοῦ.
799 369 865 395 Τότε

72 412 229 448 ᾠκοδόμησε
241 412 370 448 Σολομὼν
383 413 483 448 ὑψηλὸν
493 413 531 448 τῷ
543 413 648 448 Χαμὼς
658 414 757 450 εἰδώλῳ
768 415 865 446 Μωὰό,

73 459 117 484 καὶ
132 457 171 492 τῷ
188 458 263 484 Βάαλ
283 458 386 494 εἰδώλῳ
407 459 472 485 υἱῶν
492 458 592 495 Ἀμὼν,
609 460 656 486 καὶ
675 461 708 495 τῇ
731 461 866 497 Ἀστάρτῃ

74 503 239 538 βδελύγματι
268 504 414 532 Σιδωνίων.
444 505 498 532 Καὶ
520 505 606 537 οὕτως
628 506 740 541 ἐποίησε
765 508 866 538 πάσαις

73 550 130 580 ταῖς
158 550 284 582 γυναιξὶν
309 550 404 576 αὐτοῦ’
419 551 481 582 ταῖς
502 551 672 586 ἀλλοτρίαις,
699 552 727 578 αἳ
748 552 866 587 ἐθυμίων

75 595 120 620 καί
136 595 214 621 ἔθυον
230 597 287 627 τοῖς
312 595 433 628 εἰδώλοις
455 597 555 623 αὐτῶν.
571 597 625 623 Καὶ
649 597 770 633 ὠργίσθη
789 597 867 633 θυμῷ

76 641 174 676 Κύριος
185 641 232 667 ἐπὶ
240 641 395 676 Σολομῶνα,
405 643 446 668 ὅτι
459 642 579 674 ἐξέκλινε
592 643 705 678 καρδίαν
716 643 798 670 αὑτοῦ
813 643 867 670 ἀπὸ

77 687 178 721 Κυρίου
205 687 326 722 Ἰσραὴλ,
343 687 390 713 τοῦ
410 688 538 722 ὀφθέντος
554 689 629 724 αὐτῷ
644 689 684 721 δὶς
698 709 704 721 ,
721 690 768 715 καὶ
783 690 868 715 ἐντει-

76 731 193 766 λαμένου
216 732 291 767 αὺτῷ
319 733 390 768 ὑπὲρ
409 733 455 759 τοῦ
477 733 558 768 λόγου
573 735 680 767 τούτου,
705 735 868 771 τοπαράπαν

78 778 115 813 μὴ
136 778 306 813 πορευθῆναι
331 779 419 805 ὀπίσω
440 779 509 806 θεῶν
525 780 647 815 ἑτέρων·
670 781 717 807 καὶ
735 781 866 815 φυλάξαι,

78 823 123 849 καὶ
147 823 261 857 ποιῆσαι
275 822 293 849 ἃ
307 823 457 849 ἐνετείλατο
484 823 559 858 αὐτῷ
580 825 594 850 ὁ
610 823 711 859 Κύριος
734 824 748 850 ὁ
771 824 865 855 Θεός.»

84 867 204 901 Ἀπάσης
221 867 270 902 μὲν
285 865 332 894 οὖν
353 867 482 894 ἐπέκεινα
503 868 661 899 δυσσεϐείας
674 867 707 894 τὰ
723 868 770 894 τοῦ
788 862 868 893 Σολό-

78 912 182 947 ρῶντος
195 913 226 939 ὲν
247 913 329 948 γήρει
343 912 516 948 τολμήματα,
529 913 561 940 Τί
579 913 633 949 γὰρ
649 914 682 940 ἃν
695 914 800 948 γένοιτο
815 913 868 940 τῶν
883 907 904 934 Β

76 958 162 990 οὕτως
181 959 305 985 ἐκτόπων
327 958 571 994 πλημμελημάτων
586 959 616 985 τὸ
635 959 868 994 δυσαχθέστερονς

76 1002 110 1027 Ἦ
123 1001 183 1033 πῶς
197 1002 229 1028 οὐ
246 1002 316 1037 πέρα
332 1002 412 1036 λόγου
438 1003 548 1034 παντὸς,
575 1003 706 1038 ἀλογῆσαι
724 1004 773 1039 μὲν
788 1005 870 1039 τιμῆς

75 1049 120 1075 καὶ
135 1049 252 1084 ἀγάπης
273 1049 321 1084 τῆς
337 1050 378 1080 εἰς
403 1049 451 1076 τὸν
472 1051 520 1076 Eva
535 1050 581 1077 καὶ
604 1050 683 1085 φύσει
703 1051 750 1076 καὶ
763 1051 870 1086 ἀληθῶς

76 1095 137 1121 ὂντα
154 1095 235 1127 Θεὸν,
262 1095 291 1121 τὸ
315 1094 344 1121 δὲ
366 1095 440 1131 αὐτῷ
467 1096 515 1123 καὶ
545 1096 617 1132 μόνῳ
635 1096 736 1132 προσὸν
762 1096 870 1132 ἀξίωμα

77 1142 121 1168 καὶ
137 1141 192 1167 τῶν
216 1141 362 1176 δαιμονίων
392 1143 540 1178 ἀπονέμειν
563 1143 693 1177 ἀγέλαις,
721 1143 820 1178 μᾶλλον
842 1143 871 1170 δὲ

76 1188 157 1220 λίθοις
170 1188 303 1215 ἀνάπτειν
319 1189 366 1214 καὶ
380 1188 483 1221 ξύλοις;
502 1188 608 1224 Ἐπειδὴ
625 1189 652 1215 δὲ
661 1189 717 1224 ἥλω
732 1197 870 1224 πεφρονη-

78 1234 131 1265 κὼς
154 1243 184 1260 τε
203 1235 252 1260 καὶ
273 1234 375 1269 δράσας
391 1235 409 1261 ἃ
435 1234 502 1269 μηδὲ
524 1234 603 1270 θέμις
618 1235 705 1261 εἰπεῖν
718 1255 726 1268 ,
753 1236 800 1262 καὶ
814 1236 870 1268 τοῖς

78 1280 162 1312 οὕτως
174 1281 300 1316 alar/.903;
319 1281 372 1316 πλη
378 1281 465 1316 μμελή
470 1289 553 1315 μασιν
567 1281 657 1316 ἔνοχος
671 1281 790 1316 γεγονὼς
804 1290 870 1308 κατ-

79 1327 214 1361 εφωρᾶτο,
246 1325 340 1352 λοιπὸν
361 1326 411 1361 ἔφη
427 1327 495 1360 πρὸς
510 1327 590 1353 αὐτὸν
602 1328 617 1353 ὁ
632 1327 687 1354 τῶν
699 1328 767 1354 ὅλων
781 1327 848 1359 Θεύς
862 1336 868 1342 ⁸

82 1381 92 1396 ‹
113 1371 182 1397 Ἀνθ’
195 1369 235 1398 ὧν
253 1372 365 1405 ἐγένετο
381 1371 466 1398 ταῦτα
485 1372 554 1407 μετὰ
572 1371 630 1404 σοῦ,
649 1373 696 1399 καὶ
709 1373 759 1399 οὐκ
773 1373 867 1407 ἐφύλα-

80 1417 126 1449 ξας
149 1418 199 1448 τὰς
218 1417 328 1449 ἐντολάς
347 1426 397 1452 μου
431 1417 479 1444 καὶ
495 1418 528 1444 τὰ
552 1418 752 1453 προστάγματα
765 1427 833 1453 μου,
853 1419 871 1445 ἃ

81 1463 254 1498 ἐνετειλάμην
270 1471 322 1494 σοι,
338 1463 511 1499 διαρρήσσων
523 1463 660 1500 διαρῤήξω
671 1465 720 1500 τὴν
735 1464 871 1499 βασιλείαν

81 1508 112 1533 ἐκ
126 1508 215 1542 χειρός
233 1517 291 1540 σου,
305 1509 353 1534 καὶ
366 1508 444 1534 δώσω
459 1508 544 1544 αὐτὴν
561 1508 599 1543 τῷ
614 1508 701 1544 δούλῳ
723 1518 781 1536 σου.
797 1509 871 1544 Πλὴν

81 1553 108 1579 ἐν
121 1555 180 1584 ταῖς
202 1554 321 1589 ἡμέραις
339 1563 384 1580 σου
402 1554 432 1581 οὒ
446 1549 553 1590 ποίήσω
573 1555 656 1586 αὐτὰ,
668 1555 712 1581 διὰ
729 1555 810 1581 A1616
826 1555 871 1581 τὸν

916 278 1043 310 Ammon,
1067 282 1094 304 et
1116 278 1229 303 Astarta:
1245 275 1439 303 ahominationi
1457 275 1641 302 Sidoniornm.
1654 276 1703 302 Λι-

916 331 968 357 que
984 323 1011 349 in
1028 323 1099 349 hunc
1116 323 1223 349 nmdnm
1247 322 1310 348 fecit
1335 321 1468 348 universis
1488 322 1619 349 uxoribus
1645 322 1702 348 suis

916 368 1094 403 alienigenis,
1126 375 1184 401 quae
1213 367 1355 394 adolebant
1388 367 1487 399 thura,
1520 373 1547 395 et
1577 367 1702 394 immola-

917 417 980 442 bant
991 415 1117 442 diis'snis.
1132 415 1163 441 Et
1176 416 1260 441 iratus
1274 420 1311 441 est
1326 414 1454 442 Dominus
1468 414 1616 447 Salomoni,
1631 415 1702 449 quod

917 462 1079 490 declinasset
1095 469 1140 488 cor
1160 468 1237 487 suum
1253 469 1266 486 a
1281 460 1393 487 Domino
1409 461 1461 487 Deo
1476 460 1571 492 Israel,
1589 460 1635 495 qui
1654 467 1703 493 ap-

917 511 1043 540 paruerat
1066 508 1089 534 ei
1118 507 1248 538 secundo,
1279 511 1306 532 et
1330 510 1493 540 praeceperat.
1519 506 1543 533 ei
1567 506 1600 533 de
1621 506 1703 532 verbo

917 551 978 583 Itoe,
1005 556 1033 578 ut
1055 551 1163 585 penitus
1188 559 1241 577 non
1266 555 1424 584 sequeretur
1452 550 1516 577 deos
1542 550 1654 582 alienos,
1674 556 1703 577 et

918 598 1079 628 custodiret,
1103 605 1135 624 ac
1159 597 1257 623 faceret
1279 604 1339 630 quae
1368 595 1506 622 mandavit
1530 596 1553 622 t-i
1574 595 1702 624 Dominus

919 641 990 670 Dens
1000 643 1019 670 ³.
1041 652 1049 668 ι
1078 642 1190 670 Omnem
1206 649 1270 675 ergo
1281 641 1445 675 impietatem
1461 642 1605 667 commissa
1621 649 1635 667 a
1653 640 1703 668 Sa-

919 689 1025 715 lomone
1040 689 1095 722 jam
1116 695 1179 715 sene
1195 687 1315 714 facinora
1337 691 1511 723 superarunt.
1538 686 1606 719 Quid
1630 686 1702 712 enim

919 740 973 761 tam
998 734 1110 761 nefariis
1136 734 1286 761 seeleribns
1312 724 1454 760 odiosius?
1485 737 1531 759 aut
1556 732 1617 766 quis
1637 732 1705 758 satis

919 780 1034 814 explicet
1047 787 1127 815 quam
1146 780 1182 807 sit
1195 779 1319 814 impium,
1337 779 1439 805 honore
1451 784 1479 804 et
1493 778 1627 805 charitate
1640 785 1704 812 erga

919 834 1001 853 unum
1025 831 1053 853 et
1070 830 1165 852 natura
1192 833 1223 852 ac
1240 833 1302 852 vere
1325 826 1406 852 Demn
1430 829 1592 858 contempta,
1620 824 1706 857 ipsius

920 872 1003 899 solius
1027 871 1214 898 excellentiam
1247 871 1460 905 dignitatemque
1474 870 1625 897 dzemonnm
1645 877 1706 904 grc-

920 918 1009 953 gibus,
1028 918 1083 945 imo
1112 925 1177 944 vero
1202 917 1335 951 lapidibus
1359 922 1440 950 atque
1462 916 1541 950 lignis
1565 914 1705 941 tribucre?

920 964 1050 995 Quoniam
1077 969 1139 991 vero
1158 969 1184 991 et
1207 964 1336 998 cogitare,
1354 968 1380 990 et
1406 962 1496 989 facere
1521 962 1593 988 dictu
1620 961 1704 988 etiam

922 1010 1002 1042 fmda,
1027 1014 1053 1036 et
1074 1011 1140 1037 adeo
1157 1009 1280 1043 turpibus
1296 1008 1443 1035 obstricms
1460 1008 1565 1035 delictis
1579 1015 1704 1042 Comper-

922 1060 964 1082 tns
993 1060 1045 1088 est,
1072 1055 1198 1089 deinceps
1223 1055 1256 1080 ab
1283 1054 1469 1081 universorum
1500 1053 1552 1080 Deo
1581 1054 1703 1080 audivit:

924 1110 934 1126 ‹
950 1100 1017 1133 Quin
1046 1101 1101 1127 hate
1129 1100 1198 1126 facta
1224 1103 1289 1126 sunt
1316 1103 1414 1130 tecum,
1444 1103 1472 1125 et
1494 1106 1545 1125 non
1562 1098 1714 1125 cnstodisti’

921 1150 1055 1181 praecepta
1078 1152 1135 1171 mea
1159 1150 1187 1172 et
1211 1143 1335 1170 mandata
1352 1151 1421 1176 mea,
1436 1151 1494 1178 qua:
1505 1143 1627 1170 mandavi
1645 1143 1703 1176 tibi,

922 1191 1040 1219 avellens
1058 1190 1169 1216 aVellam
1190 1192 1304 1223 regnum
1334 1189 1367 1216 de
1391 1196 1470 1215 manu
1497 1194 1552 1215 tua.
1581 1193 1608 1215 et
1637 1189 1704 1215 dabo

921 1237 988 1264 illud
1015 1243 1094 1263 servo
1116 1240 1171 1262 tuo.
1194 1235 1384 1263 Verumtamen
1407 1234 1432 1260 in
1454 1233 1548 1261 diebus
1573 1233 1625 1260 tuis
1652 1240 1704 1260 non

922 1282 1016 1309 faciam
1031 1282 1092 1312 bne,
1106 1286 1214 1316 propter
1230 1280 1312 1307 David
1337 1283 1440 1314 patrem
1458 1283 1542 1306 tuum.
1569 1279 1605 1306 De
1626 1286 1705 1306 manu

922 1327 969 1354 lilii
989 1327 1026 1353 tui
1045 1328 1165 1353 auferam
1185 1326 1258 1352 illud.
1279 1325 1467 1352 Verumtamen
1487 1329 1571 1351 totum
1594 1331 1705 1359 regnum

922 1381 974 1400 non
998 1372 1025 1405 ἀ
1047 1373 1182 1404 auferant;
1209 1370 1451 1405 sccptrnm'unnm
1478 1371 1547 1396 dabo
1573 1369 1629 1396 filio
1648 1374 1704 1401 tuo.

922 1423 1031 1453 propter
1062 1417 1143 1444 David
1173 1424 1279 1444 servum
1309 1423 1419 1447 meum,
1451 1421 1477 1442 et
1497 1421 1606 1450 propter
1622 1415 1703 1443 Jeru-

922 1463 1016 1494 salem,
1048 1461 1140 1488 urbem
1162 1468 1241 1495 quam
1269 1460 1336 1495 elegi
1354 1460 1376 1486 ⁸.
1400 1469 1409 1486 ι
1435 1459 1581 1494 Postquam
1611 1460 1704 1492 enim,

922 1513 951 1535 ut
975 1508 1047 1540 dixi,
1080 1513 1172 1534 amore
1201 1507 1342 1533 mulierum
1376 1507 1482 1540 victus,
1511 1508 1635 1542 quamvis
1662 1515 1706 1535 sa-

922 1553 1106 1589 pientissimus
1135 1553 1281 1584 Salomon,
1318 1553 1361 1579 Dei
1397 1560 1524 1588 regnum,
1552 1561 1604 1588 qua
1634 1562 1701 1581 ausu

82 1599 186 1634 πατέρα
203 1609 262 1627 σου.
287 1600 335 1626 Ἐκ
359 1601 450 1635 χειρὸς
476 1600 534 1627 υἱοῦ
560 1609 606 1628 σου
630 1601 751 1637 λήψομαι
772 1602 867 1637 αὑτήν.

921 1604 949 1626 et
972 1604 1085 1629 conatu,
1107 1603 1210 1624 tantum
1236 1606 1288 1624 non
1311 1598 1430 1631 discidit,
1455 1599 1515 1633 ipsi,
1532 1604 1559 1626 et
1575 1600 1622 1626 soli
1639 1607 1706 1627 con»

81 1644 162 1679 Πλὴν,
177 1645 244 1679 ὅλην
257 1645 306 1680 τὴν
322 1644 458 1679 βασιλείαν
474 1645 505 1671 οὐ
521 1646 557 1680 μὴ
572 1645 647 1672 λάϐω
660 1655 667 1661 ·
685 1647 822 1681 σκῆπτρον
839 1646 868 1672 ἓν

80 1688 155 1715 δώσω
172 1688 214 1724 τῷ
230 1688 280 1724 υίῷ
300 1697 347 1716 σου
360 1709 368 1721 ,
396 1689 440 1715 διὰ
465 1689 546 1716 Δαϐὶδ
569 1689 614 1716 τὸν
627 1689 720 1716 δοῦλόν
735 1698 797 1725 μου,
822 1691 869 1716 καὶ

80 1734 122 1761 διὰ
141 1735 320 1770 Ἰερουσαλὴμ
332 1736 381 1772 τὴν
394 1736 481 1768 πόλιν,
493 1736 526 1772 ἣν
545 1736 719 1771 ἐξελεξάμην.
737 1745 745 1762 ι
761 1736 868 1772 Ἐπειδὴ

81 1781 143 1816 γὰρ.
167 1781 207 1812 ὡς
227 1781 308 1816 ἔφην,
320 1782 370 1816 τῆς
386 1783 425 1814 εἰς
441 1783 572 1816 γυναῖκας
585 1782 732 1818 ἐπιθυμίας
744 1782 866 1817 ἡττώμε-

81 1835 133 1858 νος,
146 1827 236 1854 καίτοι
250 1827 331 1861 σοφὸς
345 1828 383 1855 ὢν
398 1828 476 1862 ἄγαν,
491 1830 506 1855 ὁ
523 1828 648 1863 Σολομὼν
663 1829 801 1863 μονόνουχὶ
821 1828 869 1854 καὶ

81 1872 139 1898 δεον
153 1872 215 1907 ἥκει
228 1873 317 1899 εἰπεῖν
331 1875 371 1904 εἰς
387 1874 595 1909 ἐγχειρημάτων
613 1873 737 1908 δύναμιν,
754 1873 803 1909 τὴν
821 1873 867 1900 τοῦ

80 1917 145 1944 Θεοῦ
161 1918 303 1952 βασιλειαν
317 1919 472 1955 διέρρηξεν,
490 1919 609 1951 εἰδώλοις
622 1920 750 1946 ἀνάπτων
761 1920 809 1955 τὴν
820 1919 869 1946 αὑ-

80 1964 116 2000 τῷ
142 1965 190 1991 καὶ
213 1964 287 2000 μόνῳ
309 1966 540 2000 πρεπωδεστάτην
564 1966 647 2000 τιμήν
663 1974 692 1992 τε
711 1965 758 1992 καὶ
778 1964 866 1998 δόξαν,

81 2010 216 2045 ταύτῃτοι,
232 2011 280 2037 καὶ
295 2011 367 2046 μάλα
378 2012 502 2043 εἰκότως,
515 2011 710 2048 διαρῤηγνύναι
724 2011 789 2044 Θεὸς
815 2013 867 2038 ὲπ-

82 2054 187 2087 ηπείλει
202 2054 253 2090 τὴν
270 2054 409 2089 βασιλείαν
429 2056 521 2087 αὐτοῦ,
537 2057 592 2087 τοῖς
615 2055 683 2088 ἴσοις
699 2055 866 2088 ἀντιλυπῶν,

82 2099 148 2125 κατὰ
169 2099 201 2125 τὸ
222 2101 252 2126 ὲν
280 2100 321 2135 τῷ
345 2101 472 2136 προφήτῃ
497 2102 694 2137 γεγραμμένον
725 2097 882 2136 Ὶεζεχιήλ·’

83 2153 92 2169 c
109 2144 206 2176 Καθὼς
222 2145 365 2180 ἐποίησας,
382 2145 467 2177 οὕτως
481 2147 556 2173 ἔσται
570 2155 625 2173 σοι·
641 2147 672 2173 τὸ
692 2147 868 2181 ἀνταπόδομά

82 2194 136 2217 σου,
151 2187 399 2222 ἀνταποδοθήσεται
415 2189 456 2218 εἰς
472 2188 594 2223 κεφαλήν
610 2197 666 2215 σου.
682 2197 692 2214 ι
715 2187 823 2223 Ἐπειδὴ
840 2188 868 2214 δὲ

82 2232 183 2259 ἀπεϐίω
199 2232 327 2267 Σολομὼν
337 2252 344 2264 ,
360 2233 490 2268 κέκληται
506 2233 573 2269 πρὸς
594 2234 731 2268 βασιλείαν
746 2235 761 2261 ὀ
776 2235 805 2268 ἐξ
820 2235 868 2261 αὺ-

920 1645 1151 1672 venientissimnm
1185 1644 1333 1675 honorem,
1367 1649 1447 1678 atque
1482 1645 1593 1679 gloriam
1628 1644 1706 1672 idolis

920 1697 1095 1722 conservans,
1125 1689 1238 1721 idcirco,
1259 1693 1286 1715 et
1302 1688 1411 1723 quidem
1428 1689 1589 1721 rectissime,
1607 1689 1705 1716 discis-

919 1735 1020 1762 snmiri
1047 1742 1158 1770 regnum
1180 1734 1240 1769 ejus
1259 1734 1330 1762 Deus
1349 1736 1548 1766 comminatur,
1574 1742 1634 1769 pars
1647 1735 1705 1769 pari

920 1779 1057 1812 referens,
1086 1785 1115 1806 ut
1143 1780 1274 1814 scriptum
1298 1784 1342 1807 est
1368 1779 1393 1806 in
1421 1779 1584 1807 Ezechiele:
1604 1788 1614 1805 ι
1631 1779 1707 1807 Sicut

919 1826 1017 1859 fecisti,
1043 1826 1083 1853 sic
1105 1826 1158 1853 erit
1183 1825 1250 1852 tibi:
1269 1825 1410 1853 retributio
1432 1831 1476 1852 tua
1501 1826 1704 1853 retribueturin

919 1876 1086 1906 capnttnnm
1105 1871 1126 1899 ⁸.
1149 1881 1158 1897 ι
1191 1870 1324 1898 Defuncto
1354 1871 1519 1903 Salomone,
1547 1871 1618 1898 filius
1646 1871 1706 1906 ejus

918 1917 1039 1945 Roboatn
1059 1917 1091 1944 ad
1113 1925 1225 1952 regnum
1243 1921 1353 1944 vocatus
1365 1921 1415 1944 cst.
1432 1917 1508 1944 Tune
1524 1922 1585 1944 tunc
1603 1917 1705 1944 divisus

918 1969 957 1991 est
970 1963 1063 1996 Israel,
1073 1968 1100 1991 et
1114 1964 1148 1991 ab
1159 1963 1353 1999 Hierosolymis
1364 1964 1457 1991 decem
1476 1963 1561 1991 tribus
1574 1963 1705 1991 discesse-

919 2015 992 2041 runt,
1007 2017 1058 2036 ttna
1074 2017 1134 2037 cum
1147 2009 1257 2036 dimidia
1275 2009 1357 2041 tribu,
1377 2009 1573 2043 Ephraimitica
1590 2010 1703 2037 scilicet.

918 2055 956 2082 Ex
974 2055 1072 2088 JoSeph
1087 2054 1220 2089 siquidem
1249 2055 1372 2089 prognati
1397 2054 1525 2088 Ephraim
1547 2059 1575 2082 et
1598 2055 1705 2083 Manas-

918 2108 978 2132 ευμεν
1002 2100 1163 2128 auctoritate
1184 2104 1211 2127 et
1237 2100 1374 2128 voluntate
1395 2099 1490 2133 Jacob.
1505 2101 1584 2136 primi
1608 2102 1703 2136 patris.

919 2155 968 2181 pro
993 2154 1046 2173 una
1071 2147 1141 2173 tribu
1171 2146 1372 2181 repntabantur.
1392 2147 1463 2174 Dixit
1481 2148 1551 2174 enim
1567 2147 1703 2183 Jnsepbo:

922 2202 931 2218 ε
948 2192 1027 2219 Nune
1049 2192 1133 2227 igitur
1153 2192 1180 2219 bi
1202 2193 1255 2219 duo
1268 2192 1316 2219 lilii
1334 2193 1380 2223 tui,
1400 2193 1444 2227 qui
1461 2193 1514 2219 nati
1532 2196 1594 2219 sunt
1611 2193 1657 2220 tibi
1676 2193 1704 2220 in

919 2235 1048 2271 (Egypto,
1071 2242 1214 2272 antequam
1240 2237 1361 2264 venirem
1383 2239 1416 2264 ad
1444 2242 1470 2264 te
1492 2238 1518 2264 in
1545 2237 1703 2273 Egyptnm.

82 2277 134 2309 τοῦ,
152 2278 305 2310 τουτέστιν,
325 2279 340 2304 ὁ
359 2278 485 2313 Ῥοϐοάμ.
501 2279 568 2305 Τότε
582 2279 624 2315 δὴ,
636 2280 696 2306 τότε
704 2280 867 2316 κατασχίζε-

922 2283 972 2310 tnei
1000 2280 1082 2315 sunt,
1109 2283 1237 2317 Ephraim
1258 2288 1286 2311 et
1303 2283 1536 2317 Manasses;sicut
1558 2283 1650 2312 Ruben
1677 2289 1706 2311 et

82 2331 123 2349 ται
138 2323 231 2350 λοιπὸν
248 2324 262 2349 ὁ
289 2324 407 2359 Ἰσραὴλ,
427 2325 474 2351 καὶ
503 2325 671 2360 ἀποφοιτῶσι
688 2327 737 2362 μὲν
758 2327 870 2362 Ἰεροσο-

81 2367 169 2402 λύμων
182 2370 209 2394 αἱ
224 2369 292 2395 δέκα
308 2369 407 2403 φυλαὶ,
423 2369 470 2396 καὶ
486 2369 517 2396 τὸ
530 2370 615 2404 ἥμισυ
632 2371 719 2406 φυλῆς
739 2371 867 2406 Ἐφραΐμ.

82 2413 293 2448 Κατελογίζοντο
322 2415 376 2451 γὰρ
404 2416 444 2447 είς
460 2415 524 2451 μίαν
557 2416 642 2452 φυλὴν
657 2417 682 2443 οἰ
710 2417 741 2450 ἐξ
770 2418 868 2453 Ἰωσὴφ

82 2461 219 2494 γεγονότες
234 2461 289 2487 υἱοὶ
314 2461 435 2497 Ἐφραῖμ
459 2470 489 2488 τε
504 2462 550 2489 καὶ
561 2463 720 2498 Μανασσῆς,
733 2463 812 2489 τοῦτο
821 2463 868 2489 τοῦ

82 2507 250 2542 προπάτορος
276 2507 373 2533 Ἰακὼϐ
398 2509 509 2543 κρατεῖν
535 2508 723 2544 ἐθελήσαντος.
752 2509 867 2544 Εἴρηται

83 2552 132 2587 γάρ
141 2560 182 2579 τοι
199 2553 268 2588 πρὸς
280 2553 326 2580 τὸν
348 2554 458 2589 Ἰωσήφ·
478 2564 486 2579 ι
503 2554 560 2580 Νῦν
573 2552 618 2581 οὖν
634 2555 659 2581 οἱ
672 2554 719 2581 δύο
734 2555 785 2581 υἱοί
803 2563 849 2580 σου
859 2575 866 2587 ,

83 2599 104 2624 οξ
115 2599 254 2634 γενόμενοί
267 2608 308 2626 σοι
319 2600 348 2625 ἐν
362 2600 503 2635 Αἰγύπτῳ,
522 2601 574 2636 πρδ
587 2601 632 2627 τοῦ
649 2601 735 2627 ἐλθεῖν
752 2609 785 2635 με
799 2601 866 2636 πρὸς

85 2644 111 2670 σὲ
123 2645 161 2676 εἰς
173 2645 321 2678 Αἴγυπτον,
339 2645 399 2680 ἐμοί
413 2646 481 2678 εἰσι,
503 2646 623 2681 Ἐφραίμ
635 2666 642 2677 ,
660 2646 708 2672 καὶ
721 2647 866 2681 Μανασσῆ,

83 2688 117 2720 ὡς
138 2690 183 2716 καὶ
201 2690 334 2725 Ῥουϐὴμ,
351 2691 398 2716 καὶ
413 2690 534 2726 Συμεὼν,
549 2691 656 2718 ἔσονταί
673 2700 742 2726 μοι.)
761 2692 866 2718 Οὐκοῦν

84 2734 108 2759 αἱ
121 2734 169 2769 μὲν
180 2735 244 2761 δέκα
259 2735 344 2769 φυλαὶ
356 2735 403 2761 καὶ
420 2736 450 2762 τὸ
464 2736 548 2771 ἥμισυ
561 2737 611 2771 τῆς
626 2737 705 2770 μιᾶς,
726 2736 865 2762 τουτέστιν

91 2779 212 2816 Ἐφραῖμ,
230 2780 374 2816 ἀπῲχοντο
392 2781 442 2816 μὲν
459 2783 498 2814 εἰς
514 2781 562 2817 τὴν
588 2782 754 2817 Σαμάρειαν,
768 2781 820 2814 ἔξω
836 2782 864 2808 δὲ

921 2328 1037 2364 Symcon
1062 2329 1259 2362 reputabuntur
1280 2328 1344 2355 mihi
1358 2328 1402 2354 θ.»
1424 2328 1517 2361 Itaque
1541 2328 1632 2355 decem
1656 2328 1705 2354 tri-

921 2374 980 2403 bus.
1001 2378 1029 2400 et
1044 2373 1123 2400 unius
1143 2373 1294 2405 dimidium,
1316 2373 1367 2400 hoc
1381 2377 1435 2405 est,
1453 2372 1592 2407 Ephraim,
1609 2373 1634 2399 in
1652 2372 1704 2400 Sa-

921 2419 1032 2445 mariam
1059 2422 1261 2450 concesserunt,
1274 2412 1277 2415 ’
1290 2418 1413 2445 alienatae
1434 2425 1448 2444 a
1470 2425 1554 2452 regno
1570 2418 1702 2445 Roboam.

921 2464 1075 2491 Manscrnnt
1097 2469 1186 2491 autem
1207 2463 1400 2499 Hierosolymis
1427 2463 1472 2498 qni
1501 2462 1527 2490 in
1545 2464 1615 2490 tribu
1634 2463 1702 2491 Juda

919 2514 944 2536 et
969 2509 1109 2543 Beniamin
1130 2509 1350 2536 munerabantur.
1368 2509 1419 2535 Ast.
1442 2516 1505 2542 rege
1529 2513 1556 2536 ct
1571 2508 1638 2535 duce
1653 2508 1702 2535 de-

919 2555 1005 2581 stituti
1026 2554 1070 2589 qui
1088 2559 1165 2581 erant
1189 2553 1215 2580 in
1240 2553 1374 2586 Samaria,
1396 2561 1456 2581 cum
1475 2553 1642 2580 Roboamnm
1669 2555 1703 2581 de

921 2600 1120 2626 incursionibus
1137 2603 1290 2633 suspectum
1305 2599 1446 2632 haberent,
1461 2603 1487 2626 et
1499 2606 1560 2626 cum
1572 2599 1703 2626 uxoribus

918 2645 1065 2679 liberisque
1080 2644 1200 2671 exitium
1217 2649 1418 2677 exspectarent,
1437 2645 1579 2673 Jeroboam
1594 2652 1702 2672 servum

919 2691 1082 2723 Salomonis,
1109 2691 1154 2725 qui
1181 2691 1206 2717 in
1230 2690 1377 2726 Egyplum
1401 2692 1434 2718 ad
1456 2691 1579 2719 Susaciut
1611 2699 1702 2726 regem

918 2738 1083 2771 perlugerat.
1110 2737 1283 2767 accersitum,
1304 2736 1396 2763 statim
1421 2737 1568 2771 principem
1592 2744 1705 2764 creave-

920 2787 991 2814 runt,
1005 2788 1032 2809 et
1047 2783 1121 2816 regni
1144 2787 1251 2817 sceptro
1275 2782 1413 2811 hominem
1437 2782 1580 2811 scelestum
1602 2783 1701 2810 condc-

117 2867 164 2895 ‘III
180 2869 246 2904 Reg.
264 2877 304 2902 ιιι,
326 2870 397 2896 I-IO.
437 2870 445 2884 ‘
460 2870 523 2896 ibid.
538 2871 628 2898 II—IS.
669 2871 678 2887 '
696 2872 791 2899 I'Izerh.
810 2879 856 2906 xtl,
875 2871 938 2898 Il.‘
956 2872 965 2886 ⁵
979 2871 1046 2899 Gen.
1065 2879 1157 2906 xtvnt,
1174 2872 1199 2900 5.
