  <div class='ocr_page' id='page_1' title='image "/cluster/home/n/w/nwhite01/storage/ocr_20150623/71/njp.32101077772745/015.png"; bbox 0 0 1913 3042; ppageno 0'>
   <div class='ocr_carea' id='block_1_1' title="bbox 218 169 1853 200">
    <p class='ocr_par' dir='ltr' id='par_1_1' title="bbox 218 169 1853 200">
     <span class='ocr_line' id='line_1_1' title="bbox 218 169 1853 200; baseline -0.001 -2"><span class='ocrx_word' id='word_1_1' title='bbox 218 169 257 199; x_wconf 70' lang='grc'><strong>13</strong></span> <span class='ocrx_word' id='word_1_2' title='bbox 730 171 759 200; x_wconf 88' lang='lat' dir='ltr'><strong>S.</strong></span> <span class='ocrx_word' id='word_1_3' title='bbox 779 170 916 199; x_wconf 75' lang='lat' dir='ltr'><strong>CYRILLI</strong></span> <span class='ocrx_word' id='word_1_4' title='bbox 936 170 1171 200; x_wconf 79' lang='lat' dir='ltr'><strong>ALEXANDRINI</strong></span> <span class='ocrx_word' id='word_1_5' title='bbox 1191 171 1351 200; x_wconf 80' lang='lat' dir='ltr'><strong>ARCHIEP.</strong></span> <span class='ocrx_word' id='word_1_6' title='bbox 1815 172 1853 197; x_wconf 72' lang='lat' dir='ltr'><strong>Hi</strong></span> 
     </span>
    </p>
   </div>
   <div class='ocr_carea' id='block_1_2' title="bbox 222 226 999 266">
    <p class='ocr_par' dir='ltr' id='par_1_2' title="bbox 222 226 999 261">
     <span class='ocr_line' id='line_1_2' title="bbox 222 226 999 261; baseline 0 -6"><span class='ocrx_word' id='word_1_7' title='bbox 222 227 384 256; x_wconf 85' lang='lat' dir='ltr'><strong>eorarunt&#39;.</strong></span> <span class='ocrx_word' id='word_1_8' title='bbox 406 227 470 254; x_wconf 82' lang='lat' dir='ltr'><strong>Erat</strong></span> <span class='ocrx_word' id='word_1_9' title='bbox 495 231 584 254; x_wconf 86' lang='lat' dir='ltr'><strong>autem</strong></span> <span class='ocrx_word' id='word_1_10' title='bbox 611 226 754 254; x_wconf 74' lang='lat' dir='ltr'><strong>Jcroboam</strong></span> <span class='ocrx_word' id='word_1_11' title='bbox 783 228 816 254; x_wconf 88' lang='lat' dir='ltr'><strong>de</strong></span> <span class='ocrx_word' id='word_1_12' title='bbox 847 232 948 261; x_wconf 88' lang='lat' dir='ltr'><strong>monte,</strong></span> <span class='ocrx_word' id='word_1_13' title='bbox 980 236 999 255; x_wconf 74' lang='lat' dir='ltr'><strong>e‘</strong></span> 
     </span>
    </p>
   </div>
   <div class='ocr_carea' id='block_1_3' title="bbox 1054 226 1851 266">
    <p class='ocr_par' dir='ltr' id='par_1_3' title="bbox 1059 227 1851 264">
     <span class='ocr_line' id='line_1_3' title="bbox 1059 227 1851 264; baseline -0.004 -8"><span class='ocrx_word' id='word_1_14' title='bbox 1059 229 1108 264; x_wconf 79' lang='grc' dir='ltr'>τῆς</span> <span class='ocrx_word' id='word_1_15' title='bbox 1122 229 1241 264; x_wconf 81' lang='grc' dir='ltr'>Ῥοὸοὰμ</span> <span class='ocrx_word' id='word_1_16' title='bbox 1256 230 1384 263; x_wconf 85' lang='grc' dir='ltr'>γεγόνασι</span> <span class='ocrx_word' id='word_1_17' title='bbox 1406 228 1554 263; x_wconf 83' lang='grc' dir='ltr'>βασιλείας.</span> <span class='ocrx_word' id='word_1_18' title='bbox 1574 228 1804 264; x_wconf 72' lang='grc' dir='ltr'>ἅπομεμενήκασι</span> <span class='ocrx_word' id='word_1_19' title='bbox 1822 227 1851 255; x_wconf 77' lang='grc' dir='ltr'>δὲ</span> 
     </span>
    </p>
   </div>
   <div class='ocr_carea' id='block_1_4' title="bbox 221 272 1006 308">
    <p class='ocr_par' dir='ltr' id='par_1_4' title="bbox 221 272 1006 308">
     <span class='ocr_line' id='line_1_4' title="bbox 221 272 1006 308; baseline 0 -8"><span class='ocrx_word' id='word_1_20' title='bbox 221 273 292 300; x_wconf 87' lang='lat' dir='ltr'><strong>tribu</strong></span> <span class='ocrx_word' id='word_1_21' title='bbox 319 273 459 308; x_wconf 83' lang='lat' dir='ltr'><strong>prraim.</strong></span> <span class='ocrx_word' id='word_1_22' title='bbox 485 272 540 299; x_wconf 85' lang='lat' dir='ltr'><strong>Rex</strong></span> <span class='ocrx_word' id='word_1_23' title='bbox 570 273 733 300; x_wconf 75' lang='lat' dir='ltr'><strong>constitutus</strong></span> <span class='ocrx_word' id='word_1_24' title='bbox 748 273 779 300; x_wconf 90' lang='lat' dir='ltr'><strong>de</strong></span> <span class='ocrx_word' id='word_1_25' title='bbox 796 277 894 301; x_wconf 69' lang='lat' dir='ltr'><strong>cancro</strong></span> <span class='ocrx_word' id='word_1_26' title='bbox 913 281 1006 301; x_wconf 77' lang='lat' dir='ltr'><strong>secum</strong></span> 
     </span>
    </p>
   </div>
   <div class='ocr_carea' id='block_1_5' title="bbox 221 319 1007 354">
    <p class='ocr_par' dir='ltr' id='par_1_5' title="bbox 221 319 1007 354">
     <span class='ocr_line' id='line_1_5' title="bbox 221 319 1007 354; baseline 0 -8"><span class='ocrx_word' id='word_1_27' title='bbox 221 321 407 353; x_wconf 79' lang='lat' dir='ltr'><strong>pertractavit,</strong></span> <span class='ocrx_word' id='word_1_28' title='bbox 426 326 542 353; x_wconf 82' lang='lat' dir='ltr'><strong>quonam</strong></span> <span class='ocrx_word' id='word_1_29' title='bbox 558 319 637 346; x_wconf 91' lang='lat' dir='ltr'><strong>modo</strong></span> <span class='ocrx_word' id='word_1_30' title='bbox 653 326 766 354; x_wconf 81' lang='lat' dir='ltr'><strong>regnum</strong></span> <span class='ocrx_word' id='word_1_31' title='bbox 780 328 858 346; x_wconf 91' lang='lat' dir='ltr'><strong>suum</strong></span> <span class='ocrx_word' id='word_1_32' title='bbox 873 320 1007 347; x_wconf 88' lang='lat' dir='ltr'><strong>stabiliret</strong></span> 
     </span>
    </p>
   </div>
   <div class='ocr_carea' id='block_1_6' title="bbox 220 365 1006 400">
    <p class='ocr_par' dir='ltr' id='par_1_6' title="bbox 220 365 1006 400">
     <span class='ocr_line' id='line_1_6' title="bbox 220 365 1006 400; baseline 0.001 -9"><span class='ocrx_word' id='word_1_33' title='bbox 220 369 300 400; x_wconf 89' lang='lat' dir='ltr'><strong>atque</strong></span> <span class='ocrx_word' id='word_1_34' title='bbox 310 365 492 397; x_wconf 80' lang='lat' dir='ltr'><strong>conﬁrmaret,</strong></span> <span class='ocrx_word' id='word_1_35' title='bbox 503 369 630 392; x_wconf 90' lang='lat' dir='ltr'><strong>eteorum</strong></span> <span class='ocrx_word' id='word_1_36' title='bbox 643 365 688 399; x_wconf 87' lang='lat' dir='ltr'><strong>qui</strong></span> <span class='ocrx_word' id='word_1_37' title='bbox 699 372 726 392; x_wconf 83' lang='lat' dir='ltr'><strong>se</strong></span> <span class='ocrx_word' id='word_1_38' title='bbox 737 365 874 400; x_wconf 77' lang='lat' dir='ltr'><strong>elegerant</strong></span> <span class='ocrx_word' id='word_1_39' title='bbox 883 365 1006 392; x_wconf 76' lang='lat' dir='ltr'><strong>voluntas</strong></span> 
     </span>
    </p>
   </div>
   <div class='ocr_carea' id='block_1_7' title="bbox 221 410 1004 444">
    <p class='ocr_par' dir='ltr' id='par_1_7' title="bbox 221 410 1004 444">
     <span class='ocr_line' id='line_1_7' title="bbox 221 410 1004 444; baseline 0.003 -8"><span class='ocrx_word' id='word_1_40' title='bbox 221 412 254 437; x_wconf 89' lang='lat' dir='ltr'><strong>ad</strong></span> <span class='ocrx_word' id='word_1_41' title='bbox 271 410 342 437; x_wconf 89' lang='lat' dir='ltr'><strong>aliud</strong></span> <span class='ocrx_word' id='word_1_42' title='bbox 364 410 507 437; x_wconf 76' lang='lat' dir='ltr'><strong>consilium</strong></span> <span class='ocrx_word' id='word_1_43' title='bbox 524 411 717 444; x_wconf 87' lang='lat' dir='ltr'><strong>capessendum</strong></span> <span class='ocrx_word' id='word_1_44' title='bbox 739 418 772 438; x_wconf 90' lang='lat' dir='ltr'><strong>ne</strong></span> <span class='ocrx_word' id='word_1_45' title='bbox 791 415 1004 438; x_wconf 84' lang='lat' dir='ltr'><strong>converteretur.</strong></span> 
     </span>
    </p>
   </div>
   <div class='ocr_carea' id='block_1_8' title="bbox 219 453 1005 489">
    <p class='ocr_par' dir='ltr' id='par_1_8' title="bbox 219 453 1005 489">
     <span class='ocr_line' id='line_1_8' title="bbox 219 453 1005 489; baseline 0.001 -9"><span class='ocrx_word' id='word_1_46' title='bbox 219 453 319 480; x_wconf 87' lang='lat' dir='ltr'><strong>Deinde</strong></span> <span class='ocrx_word' id='word_1_47' title='bbox 331 461 390 480; x_wconf 89' lang='lat' dir='ltr'><strong>cum</strong></span> <span class='ocrx_word' id='word_1_48' title='bbox 404 453 520 487; x_wconf 81' lang='lat' dir='ltr'><strong>timeret,</strong></span> <span class='ocrx_word' id='word_1_49' title='bbox 534 461 568 480; x_wconf 91' lang='lat' dir='ltr'><strong>ne</strong></span> <span class='ocrx_word' id='word_1_50' title='bbox 582 454 650 481; x_wconf 75' lang='lat' dir='ltr'><strong>forte</strong></span> <span class='ocrx_word' id='word_1_51' title='bbox 661 454 821 489; x_wconf 76' lang='lat' dir='ltr'><strong>religionum</strong></span> <span class='ocrx_word' id='word_1_52' title='bbox 835 462 849 481; x_wconf 92' lang='lat' dir='ltr'><strong>a</strong></span> <span class='ocrx_word' id='word_1_53' title='bbox 862 454 920 488; x_wconf 81' lang='lat' dir='ltr'><strong>lege</strong></span> <span class='ocrx_word' id='word_1_54' title='bbox 938 462 1005 488; x_wconf 74' lang='lat' dir='ltr'><strong>pne-</strong></span> 
     </span>
    </p>
   </div>
   <div class='ocr_carea' id='block_1_9' title="bbox 217 499 1005 535">
    <p class='ocr_par' dir='ltr' id='par_1_9' title="bbox 217 499 1005 535">
     <span class='ocr_line' id='line_1_9' title="bbox 217 499 1005 535; baseline 0.001 -9"><span class='ocrx_word' id='word_1_55' title='bbox 217 499 393 534; x_wconf 89' lang='lat' dir='ltr'><strong>scriptarum,</strong></span> <span class='ocrx_word' id='word_1_56' title='bbox 405 504 433 526; x_wconf 88' lang='lat' dir='ltr'><strong>et</strong></span> <span class='ocrx_word' id='word_1_57' title='bbox 441 499 570 527; x_wconf 76' lang='lat' dir='ltr'><strong>festorum</strong></span> <span class='ocrx_word' id='word_1_58' title='bbox 580 508 639 534; x_wconf 70' lang='lat' dir='ltr'><strong>qua:</strong></span> <span class='ocrx_word' id='word_1_59' title='bbox 646 500 840 534; x_wconf 72' lang='lat' dir='ltr'><strong>Hierosolymis</strong></span> <span class='ocrx_word' id='word_1_60' title='bbox 848 507 1005 535; x_wconf 79' lang='lat' dir='ltr'><strong>perageren-</strong></span> 
     </span>
    </p>
   </div>
   <div class='ocr_carea' id='block_1_10' title="bbox 218 546 1003 579">
    <p class='ocr_par' dir='ltr' id='par_1_10' title="bbox 218 546 1003 579">
     <span class='ocr_line' id='line_1_10' title="bbox 218 546 1003 579; baseline 0.001 -7"><span class='ocrx_word' id='word_1_61' title='bbox 218 551 262 573; x_wconf 89' lang='lat' dir='ltr'><strong>tur</strong></span> <span class='ocrx_word' id='word_1_62' title='bbox 274 546 430 573; x_wconf 76' lang='lat' dir='ltr'><strong>recordatus</strong></span> <span class='ocrx_word' id='word_1_63' title='bbox 443 546 525 574; x_wconf 87' lang='lat' dir='ltr'><strong>lsrael</strong></span> <span class='ocrx_word' id='word_1_64' title='bbox 536 567 543 578; x_wconf 84' lang='lat'><strong>,</strong></span> <span class='ocrx_word' id='word_1_65' title='bbox 555 547 587 574; x_wconf 89' lang='lat' dir='ltr'><strong>:td</strong></span> <span class='ocrx_word' id='word_1_66' title='bbox 601 551 690 574; x_wconf 81' lang='lat' dir='ltr'><strong>vetera</strong></span> <span class='ocrx_word' id='word_1_67' title='bbox 702 547 824 573; x_wconf 77' lang='lat' dir='ltr'><strong>instituta</strong></span> <span class='ocrx_word' id='word_1_68' title='bbox 840 552 1003 579; x_wconf 86' lang='lat' dir='ltr'><strong>recurrerct,</strong></span> 
     </span>
    </p>
   </div>
   <div class='ocr_carea' id='block_1_11' title="bbox 217 591 1004 627">
    <p class='ocr_par' dir='ltr' id='par_1_11' title="bbox 217 591 1004 627">
     <span class='ocr_line' id='line_1_11' title="bbox 217 591 1004 627; baseline 0.001 -10"><span class='ocrx_word' id='word_1_69' title='bbox 217 591 276 626; x_wconf 64' lang='grc' dir='ltr'>εει</span> <span class='ocrx_word' id='word_1_70' title='bbox 285 591 481 627; x_wconf 77' lang='lat' dir='ltr'><strong>Roboatuijugo</strong></span> <span class='ocrx_word' id='word_1_71' title='bbox 489 592 520 619; x_wconf 87' lang='lat' dir='ltr'><strong>de</strong></span> <span class='ocrx_word' id='word_1_72' title='bbox 527 592 630 627; x_wconf 78' lang='lat' dir='ltr'><strong>integro</strong></span> <span class='ocrx_word' id='word_1_73' title='bbox 637 591 824 625; x_wconf 79' lang='lat' dir='ltr'><strong>subjicerctur.</strong></span> <span class='ocrx_word' id='word_1_74' title='bbox 833 592 899 618; x_wconf 89' lang='lat' dir='ltr'><strong>duos</strong></span> <span class='ocrx_word' id='word_1_75' title='bbox 906 592 1004 619; x_wconf 81' lang='lat' dir='ltr'><strong>vitulos</strong></span> 
     </span>
    </p>
   </div>
   <div class='ocr_carea' id='block_1_12' title="bbox 216 637 1004 670">
    <p class='ocr_par' dir='ltr' id='par_1_12' title="bbox 216 637 1004 670">
     <span class='ocr_line' id='line_1_12' title="bbox 216 637 1004 670; baseline 0 -5"><span class='ocrx_word' id='word_1_76' title='bbox 216 646 312 666; x_wconf 81' lang='lat' dir='ltr'><strong>aureos</strong></span> <span class='ocrx_word' id='word_1_77' title='bbox 322 638 470 665; x_wconf 82' lang='lat' dir='ltr'><strong>fabricatus</strong></span> <span class='ocrx_word' id='word_1_78' title='bbox 492 638 745 670; x_wconf 81' lang='lat' dir='ltr'><strong>est,etaddiviuum</strong></span> <span class='ocrx_word' id='word_1_79' title='bbox 765 637 865 664; x_wconf 88' lang='lat' dir='ltr'><strong>cultum</strong></span> <span class='ocrx_word' id='word_1_80' title='bbox 883 638 1004 665; x_wconf 69' lang='lat' dir='ltr'><strong>inexcit-</strong></span> 
     </span>
    </p>
   </div>
   <div class='ocr_carea' id='block_1_13' title="bbox 216 683 1003 716">
    <p class='ocr_par' dir='ltr' id='par_1_13' title="bbox 216 683 1003 716">
     <span class='ocr_line' id='line_1_13' title="bbox 216 683 1003 716; baseline 0 -6"><span class='ocrx_word' id='word_1_81' title='bbox 216 691 275 711; x_wconf 83' lang='lat' dir='ltr'><strong>sum</strong></span> <span class='ocrx_word' id='word_1_82' title='bbox 285 685 429 711; x_wconf 83' lang='lat' dir='ltr'><strong>ascendere</strong></span> <span class='ocrx_word' id='word_1_83' title='bbox 445 683 570 711; x_wconf 82' lang='lat' dir='ltr'><strong>lsraelem</strong></span> <span class='ocrx_word' id='word_1_84' title='bbox 580 683 743 715; x_wconf 65' lang='lat' dir='ltr'><strong>f.tcictt~,eos</strong></span> <span class='ocrx_word' id='word_1_85' title='bbox 758 683 884 716; x_wconf 77' lang='lat' dir='ltr'><strong>precibus</strong></span> <span class='ocrx_word' id='word_1_86' title='bbox 893 683 1003 710; x_wconf 86' lang='lat' dir='ltr'><strong>etvicti-</strong></span> 
     </span>
    </p>
   </div>
   <div class='ocr_carea' id='block_1_14' title="bbox 216 728 1002 763">
    <p class='ocr_par' dir='ltr' id='par_1_14' title="bbox 216 728 1002 763">
     <span class='ocr_line' id='line_1_14' title="bbox 216 728 1002 763; baseline -0.001 -8"><span class='ocrx_word' id='word_1_87' title='bbox 216 729 268 756; x_wconf 87' lang='lat' dir='ltr'><strong>mis</strong></span> <span class='ocrx_word' id='word_1_88' title='bbox 281 729 401 756; x_wconf 85' lang='lat' dir='ltr'><strong>venerari</strong></span> <span class='ocrx_word' id='word_1_89' title='bbox 419 729 573 763; x_wconf 81' lang='lat' dir='ltr'><strong>suppliciter</strong></span> <span class='ocrx_word' id='word_1_90' title='bbox 585 729 676 763; x_wconf 74' lang='lat' dir='ltr'><strong>jussit.</strong></span> <span class='ocrx_word' id='word_1_91' title='bbox 689 738 697 754; x_wconf 78' lang='grc' dir='ltr'><strong>ι</strong></span> <span class='ocrx_word' id='word_1_92' title='bbox 719 728 750 754; x_wconf 83' lang='lat' dir='ltr'><strong>Et</strong></span> <span class='ocrx_word' id='word_1_93' title='bbox 767 728 867 762; x_wconf 81' lang='lat' dir='ltr'><strong>posuit,</strong></span> <span class='ocrx_word' id='word_1_94' title='bbox 880 737 889 754; x_wconf 76' lang='grc' dir='ltr'><strong>ι</strong></span> <span class='ocrx_word' id='word_1_95' title='bbox 907 729 1002 762; x_wconf 81' lang='lat' dir='ltr'><strong>inquit,</strong></span> 
     </span>
    </p>
   </div>
   <div class='ocr_carea' id='block_1_15' title="bbox 219 774 1002 810">
    <p class='ocr_par' dir='ltr' id='par_1_15' title="bbox 219 774 1002 810">
     <span class='ocr_line' id='line_1_15' title="bbox 219 774 1002 810; baseline 0.001 -10"><span class='ocrx_word' id='word_1_96' title='bbox 219 785 228 800; x_wconf 77' lang='grc' dir='ltr'><strong>ι</strong></span> <span class='ocrx_word' id='word_1_97' title='bbox 241 783 323 802; x_wconf 89' lang='lat' dir='ltr'><strong>unum</strong></span> <span class='ocrx_word' id='word_1_98' title='bbox 333 775 439 810; x_wconf 88' lang='lat' dir='ltr'><strong>quident</strong></span> <span class='ocrx_word' id='word_1_99' title='bbox 456 775 482 801; x_wconf 87' lang='lat' dir='ltr'><strong>in</strong></span> <span class='ocrx_word' id='word_1_100' title='bbox 499 775 618 809; x_wconf 80' lang='lat' dir='ltr'><strong>Galgula,</strong></span> <span class='ocrx_word' id='word_1_101' title='bbox 634 774 715 801; x_wconf 84' lang='lat' dir='ltr'><strong>alium</strong></span> <span class='ocrx_word' id='word_1_102' title='bbox 739 774 764 800; x_wconf 92' lang='lat' dir='ltr'><strong>in</strong></span> <span class='ocrx_word' id='word_1_103' title='bbox 783 774 847 806; x_wconf 83' lang='lat' dir='ltr'><strong>Dan,</strong></span> <span class='ocrx_word' id='word_1_104' title='bbox 868 783 876 798; x_wconf 75' lang='grc' dir='ltr'><strong>ι</strong></span> <span class='ocrx_word' id='word_1_105' title='bbox 891 774 1002 801; x_wconf 79' lang='lat' dir='ltr'><strong>urbith</strong></span> 
     </span>
    </p>
   </div>
   <div class='ocr_carea' id='block_1_16' title="bbox 217 821 1000 857">
    <p class='ocr_par' dir='ltr' id='par_1_16' title="bbox 217 821 1000 857">
     <span class='ocr_line' id='line_1_16' title="bbox 217 821 1000 857; baseline 0.003 -10"><span class='ocrx_word' id='word_1_106' title='bbox 217 823 244 849; x_wconf 89' lang='lat' dir='ltr'><strong>in</strong></span> <span class='ocrx_word' id='word_1_107' title='bbox 266 822 459 850; x_wconf 69' lang='lat' dir='ltr'><strong>Snmaritarum</strong></span> <span class='ocrx_word' id='word_1_108' title='bbox 487 822 624 857; x_wconf 74' lang='lat' dir='ltr'><strong>provincia</strong></span> <span class='ocrx_word' id='word_1_109' title='bbox 665 827 727 849; x_wconf 88' lang='lat' dir='ltr'><strong>ante</strong></span> <span class='ocrx_word' id='word_1_110' title='bbox 752 822 818 848; x_wconf 87' lang='lat' dir='ltr'><strong>alias</strong></span> <span class='ocrx_word' id='word_1_111' title='bbox 840 821 1000 849; x_wconf 83' lang='lat' dir='ltr'><strong>illustribus.</strong></span> 
     </span>
    </p>
   </div>
   <div class='ocr_carea' id='block_1_17' title="bbox 215 867 1001 903">
    <p class='ocr_par' dir='ltr' id='par_1_17' title="bbox 215 867 1001 903">
     <span class='ocr_line' id='line_1_17' title="bbox 215 867 1001 903; baseline 0 -9"><span class='ocrx_word' id='word_1_112' title='bbox 215 867 308 903; x_wconf 79' lang='lat' dir='ltr'><strong>Itaque</strong></span> <span class='ocrx_word' id='word_1_113' title='bbox 319 869 412 896; x_wconf 82' lang='lat' dir='ltr'><strong>decem</strong></span> <span class='ocrx_word' id='word_1_114' title='bbox 429 869 523 901; x_wconf 84' lang='lat' dir='ltr'><strong>tribus,</strong></span> <span class='ocrx_word' id='word_1_115' title='bbox 540 873 566 895; x_wconf 88' lang='lat' dir='ltr'><strong>et</strong></span> <span class='ocrx_word' id='word_1_116' title='bbox 582 868 690 894; x_wconf 83' lang='lat' dir='ltr'><strong>dimidia</strong></span> <span class='ocrx_word' id='word_1_117' title='bbox 702 868 788 894; x_wconf 89' lang='lat' dir='ltr'><strong>tribus</strong></span> <span class='ocrx_word' id='word_1_118' title='bbox 808 867 935 901; x_wconf 86' lang='lat' dir='ltr'><strong>Ephraitn</strong></span> <span class='ocrx_word' id='word_1_119' title='bbox 953 868 1001 894; x_wconf 87' lang='lat' dir='ltr'><strong>du-</strong></span> 
     </span>
    </p>
   </div>
   <div class='ocr_carea' id='block_1_18' title="bbox 210 913 1005 949">
    <p class='ocr_par' dir='ltr' id='par_1_18' title="bbox 210 913 1005 949">
     <span class='ocr_line' id='line_1_18' title="bbox 210 913 1005 949; baseline 0 -9"><span class='ocrx_word' id='word_1_120' title='bbox 210 915 321 949; x_wconf 75' lang='lat' dir='ltr'><strong>pliciter</strong></span> <span class='ocrx_word' id='word_1_121' title='bbox 341 915 506 942; x_wconf 81' lang='lat' dir='ltr'><strong>defecerunt.</strong></span> <span class='ocrx_word' id='word_1_122' title='bbox 535 913 592 940; x_wconf 84' lang='lat' dir='ltr'><strong>Non</strong></span> <span class='ocrx_word' id='word_1_123' title='bbox 628 913 713 941; x_wconf 82' lang='lat' dir='ltr'><strong>solum</strong></span> <span class='ocrx_word' id='word_1_124' title='bbox 734 914 806 940; x_wconf 85' lang='lat' dir='ltr'><strong>enim</strong></span> <span class='ocrx_word' id='word_1_125' title='bbox 831 914 864 940; x_wconf 85' lang='lat' dir='ltr'><strong>ab</strong></span> <span class='ocrx_word' id='word_1_126' title='bbox 880 913 1005 940; x_wconf 74' lang='lat' dir='ltr'><strong>llteroso-</strong></span> 
     </span>
    </p>
   </div>
   <div class='ocr_carea' id='block_1_19' title="bbox 216 959 1005 995">
    <p class='ocr_par' dir='ltr' id='par_1_19' title="bbox 216 959 1005 995">
     <span class='ocr_line' id='line_1_19' title="bbox 216 959 1005 995; baseline -0.001 -9"><span class='ocrx_word' id='word_1_127' title='bbox 216 960 304 995; x_wconf 79' lang='lat' dir='ltr'><strong>lymis.</strong></span> <span class='ocrx_word' id='word_1_128' title='bbox 324 960 368 986; x_wconf 84' lang='lat' dir='ltr'><strong>sed</strong></span> <span class='ocrx_word' id='word_1_129' title='bbox 379 960 459 986; x_wconf 89' lang='lat' dir='ltr'><strong>etiam</strong></span> <span class='ocrx_word' id='word_1_130' title='bbox 477 959 509 985; x_wconf 90' lang='lat' dir='ltr'><strong>ab</strong></span> <span class='ocrx_word' id='word_1_131' title='bbox 519 959 575 993; x_wconf 83' lang='lat' dir='ltr'><strong>ipsa</strong></span> <span class='ocrx_word' id='word_1_132' title='bbox 584 959 684 994; x_wconf 83' lang='lat' dir='ltr'><strong>pietate</strong></span> <span class='ocrx_word' id='word_1_133' title='bbox 695 967 757 994; x_wconf 78' lang='lat' dir='ltr'><strong>erga</strong></span> <span class='ocrx_word' id='word_1_134' title='bbox 768 959 852 987; x_wconf 85' lang='lat' dir='ltr'><strong>Deum</strong></span> <span class='ocrx_word' id='word_1_135' title='bbox 869 964 1005 986; x_wconf 79' lang='lat' dir='ltr'><strong>transver-</strong></span> 
     </span>
    </p>
   </div>
   <div class='ocr_carea' id='block_1_20' title="bbox 215 1004 1004 1038">
    <p class='ocr_par' dir='ltr' id='par_1_20' title="bbox 215 1004 1004 1038">
     <span class='ocr_line' id='line_1_20' title="bbox 215 1004 1004 1038; baseline -0.001 -7"><span class='ocrx_word' id='word_1_136' title='bbox 215 1004 265 1032; x_wconf 77' lang='lat' dir='ltr'><strong>sint</strong></span> <span class='ocrx_word' id='word_1_137' title='bbox 277 1005 410 1036; x_wconf 86' lang='lat' dir='ltr'><strong>abierunt,</strong></span> <span class='ocrx_word' id='word_1_138' title='bbox 434 1005 532 1031; x_wconf 74' lang='lat' dir='ltr'><strong>vitulos</strong></span> <span class='ocrx_word' id='word_1_139' title='bbox 556 1011 653 1031; x_wconf 81' lang='lat' dir='ltr'><strong>aureos</strong></span> <span class='ocrx_word' id='word_1_140' title='bbox 673 1004 826 1038; x_wconf 87' lang='lat' dir='ltr'><strong>adorantes,</strong></span> <span class='ocrx_word' id='word_1_141' title='bbox 851 1005 1004 1032; x_wconf 79' lang='lat' dir='ltr'><strong>sacriﬁcan-</strong></span> 
     </span>
    </p>
   </div>
   <div class='ocr_carea' id='block_1_21' title="bbox 214 1050 1002 1084">
    <p class='ocr_par' dir='ltr' id='par_1_21' title="bbox 214 1050 1002 1084">
     <span class='ocr_line' id='line_1_21' title="bbox 214 1050 1002 1084; baseline 0.001 -9"><span class='ocrx_word' id='word_1_142' title='bbox 214 1055 318 1084; x_wconf 83' lang='lat' dir='ltr'><strong>tesque,</strong></span> <span class='ocrx_word' id='word_1_143' title='bbox 337 1055 366 1076; x_wconf 86' lang='lat' dir='ltr'><strong>et</strong></span> <span class='ocrx_word' id='word_1_144' title='bbox 389 1050 517 1084; x_wconf 78' lang='lat' dir='ltr'><strong>operibus</strong></span> <span class='ocrx_word' id='word_1_145' title='bbox 548 1058 676 1076; x_wconf 83' lang='lat' dir='ltr'><strong>manuum</strong></span> <span class='ocrx_word' id='word_1_146' title='bbox 714 1058 824 1078; x_wconf 86' lang='lat' dir='ltr'><strong>suarum</strong></span> <span class='ocrx_word' id='word_1_147' title='bbox 844 1051 1002 1082; x_wconf 72' lang='lat' dir='ltr'><strong>servientes,</strong></span> 
     </span>
    </p>
   </div>
   <div class='ocr_carea' id='block_1_22' title="bbox 193 1096 1004 1133">
    <p class='ocr_par' dir='ltr' id='par_1_22' title="bbox 193 1096 1004 1133">
     <span class='ocr_line' id='line_1_22' title="bbox 193 1096 1004 1133; baseline 0.001 -10"><span class='ocrx_word' id='word_1_148' title='bbox 193 1107 195 1110; x_wconf 92' lang='grc'>·</span> <span class='ocrx_word' id='word_1_149' title='bbox 213 1097 282 1124; x_wconf 88' lang='lat' dir='ltr'><strong>sicut</strong></span> <span class='ocrx_word' id='word_1_150' title='bbox 305 1098 433 1130; x_wconf 53' lang='lat' dir='ltr'><strong>scriptum</strong></span> <span class='ocrx_word' id='word_1_151' title='bbox 449 1101 490 1124; x_wconf 79' lang='lat' dir='ltr'><strong>est</strong></span> <span class='ocrx_word' id='word_1_152' title='bbox 501 1097 523 1124; x_wconf 72' lang='lat'><strong>&quot;.</strong></span> <span class='ocrx_word' id='word_1_153' title='bbox 541 1097 590 1130; x_wconf 85' lang='lat' dir='ltr'><strong>Qui</strong></span> <span class='ocrx_word' id='word_1_154' title='bbox 606 1101 695 1124; x_wconf 91' lang='lat' dir='ltr'><strong>autem</strong></span> <span class='ocrx_word' id='word_1_155' title='bbox 712 1096 886 1133; x_wconf 83' lang='lat' dir='ltr'><strong>Jerosolymis</strong></span> <span class='ocrx_word' id='word_1_156' title='bbox 898 1105 1004 1124; x_wconf 81' lang='lat' dir='ltr'><strong>reman-</strong></span> 
     </span>
    </p>
   </div>
   <div class='ocr_carea' id='block_1_23' title="bbox 215 1142 1003 1178">
    <p class='ocr_par' dir='ltr' id='par_1_23' title="bbox 215 1142 1003 1178">
     <span class='ocr_line' id='line_1_23' title="bbox 215 1142 1003 1178; baseline -0.004 -7"><span class='ocrx_word' id='word_1_157' title='bbox 215 1148 318 1174; x_wconf 84' lang='lat' dir='ltr'><strong>serant.</strong></span> <span class='ocrx_word' id='word_1_158' title='bbox 341 1142 434 1175; x_wconf 83' lang='lat' dir='ltr'><strong>Judas,</strong></span> <span class='ocrx_word' id='word_1_159' title='bbox 465 1144 585 1178; x_wconf 87' lang='lat' dir='ltr'><strong>inquam,</strong></span> <span class='ocrx_word' id='word_1_160' title='bbox 600 1147 627 1170; x_wconf 87' lang='lat' dir='ltr'><strong>et</strong></span> <span class='ocrx_word' id='word_1_161' title='bbox 644 1142 801 1178; x_wconf 78' lang='lat' dir='ltr'><strong>Benjamin,</strong></span> <span class='ocrx_word' id='word_1_162' title='bbox 823 1144 931 1170; x_wconf 85' lang='lat' dir='ltr'><strong>oracula</strong></span> <span class='ocrx_word' id='word_1_163' title='bbox 948 1143 1003 1170; x_wconf 76' lang='grc' dir='ltr'><strong>Μυ-</strong></span> 
     </span>
    </p>
   </div>
   <div class='ocr_carea' id='block_1_24' title="bbox 213 1188 1002 1223">
    <p class='ocr_par' dir='ltr' id='par_1_24' title="bbox 213 1188 1002 1223">
     <span class='ocr_line' id='line_1_24' title="bbox 213 1188 1002 1223; baseline -0.001 -7"><span class='ocrx_word' id='word_1_164' title='bbox 213 1189 252 1216; x_wconf 80' lang='lat' dir='ltr'><strong>sis</strong></span> <span class='ocrx_word' id='word_1_165' title='bbox 271 1188 387 1223; x_wconf 83' lang='lat' dir='ltr'><strong>quadam</strong></span> <span class='ocrx_word' id='word_1_166' title='bbox 411 1189 585 1215; x_wconf 80' lang='lat' dir='ltr'><strong>veneratione</strong></span> <span class='ocrx_word' id='word_1_167' title='bbox 617 1189 859 1223; x_wconf 82' lang='lat' dir='ltr'><strong>prosequebantur,</strong></span> <span class='ocrx_word' id='word_1_168' title='bbox 884 1189 1002 1216; x_wconf 87' lang='lat' dir='ltr'><strong>illorum-</strong></span> 
     </span>
    </p>
   </div>
   <div class='ocr_carea' id='block_1_25' title="bbox 213 1233 1002 1268">
    <p class='ocr_par' dir='ltr' id='par_1_25' title="bbox 213 1233 1002 1268">
     <span class='ocr_line' id='line_1_25' title="bbox 213 1233 1002 1268; baseline -0.001 -7"><span class='ocrx_word' id='word_1_169' title='bbox 213 1242 265 1268; x_wconf 88' lang='lat' dir='ltr'><strong>que</strong></span> <span class='ocrx_word' id='word_1_170' title='bbox 300 1234 434 1261; x_wconf 80' lang='lat' dir='ltr'><strong>rationem</strong></span> <span class='ocrx_word' id='word_1_171' title='bbox 469 1233 614 1261; x_wconf 84' lang='lat' dir='ltr'><strong>ducebant.</strong></span> <span class='ocrx_word' id='word_1_172' title='bbox 649 1233 843 1261; x_wconf 80' lang='lat' dir='ltr'><strong>Saeril‘tcabant</strong></span> <span class='ocrx_word' id='word_1_173' title='bbox 879 1234 949 1261; x_wconf 87' lang='lat' dir='ltr'><strong>enim</strong></span> <span class='ocrx_word' id='word_1_174' title='bbox 976 1234 1002 1260; x_wconf 93' lang='lat' dir='ltr'><strong>in</strong></span> 
     </span>
    </p>
   </div>
   <div class='ocr_carea' id='block_1_26' title="bbox 213 1279 1003 1315">
    <p class='ocr_par' dir='ltr' id='par_1_26' title="bbox 213 1279 1003 1315">
     <span class='ocr_line' id='line_1_26' title="bbox 213 1279 1003 1315; baseline -0.001 -8"><span class='ocrx_word' id='word_1_175' title='bbox 213 1280 331 1315; x_wconf 64' lang='lat' dir='ltr'><strong>templo:</strong></span> <span class='ocrx_word' id='word_1_176' title='bbox 357 1283 542 1306; x_wconf 81' lang='lat' dir='ltr'><strong>verumtamen</strong></span> <span class='ocrx_word' id='word_1_177' title='bbox 568 1279 692 1306; x_wconf 83' lang='lat' dir='ltr'><strong>cltaritati</strong></span> <span class='ocrx_word' id='word_1_178' title='bbox 719 1279 747 1306; x_wconf 89' lang='lat' dir='ltr'><strong>in</strong></span> <span class='ocrx_word' id='word_1_179' title='bbox 769 1279 853 1307; x_wconf 82' lang='lat' dir='ltr'><strong>Deum</strong></span> <span class='ocrx_word' id='word_1_180' title='bbox 879 1287 932 1307; x_wconf 90' lang='lat' dir='ltr'><strong>non</strong></span> <span class='ocrx_word' id='word_1_181' title='bbox 955 1287 1003 1313; x_wconf 91' lang='lat' dir='ltr'><strong>per</strong></span> 
     </span>
    </p>
   </div>
   <div class='ocr_carea' id='block_1_27' title="bbox 212 1325 1001 1360">
    <p class='ocr_par' dir='ltr' id='par_1_27' title="bbox 212 1325 1001 1360">
     <span class='ocr_line' id='line_1_27' title="bbox 212 1325 1001 1360; baseline 0.003 -9"><span class='ocrx_word' id='word_1_182' title='bbox 212 1327 303 1353; x_wconf 84' lang='lat' dir='ltr'><strong>omnia</strong></span> <span class='ocrx_word' id='word_1_183' title='bbox 316 1325 500 1357; x_wconf 71' lang='lat' dir='ltr'><strong>adltmrebant,</strong></span> <span class='ocrx_word' id='word_1_184' title='bbox 510 1325 581 1360; x_wconf 89' lang='lat' dir='ltr'><strong>quod</strong></span> <span class='ocrx_word' id='word_1_185' title='bbox 596 1331 622 1352; x_wconf 90' lang='lat' dir='ltr'><strong>et</strong></span> <span class='ocrx_word' id='word_1_186' title='bbox 637 1325 710 1360; x_wconf 88' lang='lat' dir='ltr'><strong>ipsos</strong></span> <span class='ocrx_word' id='word_1_187' title='bbox 726 1326 869 1360; x_wconf 66' lang='lat' dir='ltr'><strong>apostasis,</strong></span> <span class='ocrx_word' id='word_1_188' title='bbox 887 1333 936 1353; x_wconf 87' lang='lat' dir='ltr'><strong>seu</strong></span> <span class='ocrx_word' id='word_1_189' title='bbox 953 1326 1001 1353; x_wconf 87' lang='lat' dir='ltr'><strong>de--</strong></span> 
     </span>
    </p>
   </div>
   <div class='ocr_carea' id='block_1_28' title="bbox 211 1371 1002 1406">
    <p class='ocr_par' dir='ltr' id='par_1_28' title="bbox 211 1371 1002 1406">
     <span class='ocr_line' id='line_1_28' title="bbox 211 1371 1002 1406; baseline 0 -7"><span class='ocrx_word' id='word_1_190' title='bbox 211 1371 292 1400; x_wconf 65' lang='lat' dir='ltr'><strong>{cutio</strong></span> <span class='ocrx_word' id='word_1_191' title='bbox 315 1371 454 1399; x_wconf 85' lang='lat' dir='ltr'><strong>diviserat.</strong></span> <span class='ocrx_word' id='word_1_192' title='bbox 473 1371 667 1399; x_wconf 82' lang='lat' dir='ltr'><strong>Sacriﬁcabant</strong></span> <span class='ocrx_word' id='word_1_193' title='bbox 686 1379 801 1406; x_wconf 87' lang='lat' dir='ltr'><strong>namque</strong></span> <span class='ocrx_word' id='word_1_194' title='bbox 820 1371 898 1399; x_wconf 80' lang='lat' dir='ltr'><strong>idolis</strong></span> <span class='ocrx_word' id='word_1_195' title='bbox 919 1380 1002 1406; x_wconf 79' lang='lat' dir='ltr'><strong>super</strong></span> 
     </span>
    </p>
   </div>
   <div class='ocr_carea' id='block_1_29' title="bbox 210 1417 999 1452">
    <p class='ocr_par' dir='ltr' id='par_1_29' title="bbox 210 1417 999 1452">
     <span class='ocr_line' id='line_1_29' title="bbox 210 1417 999 1452; baseline -0.001 -7"><span class='ocrx_word' id='word_1_196' title='bbox 210 1425 319 1446; x_wconf 83' lang='lat' dir='ltr'><strong>omnem</strong></span> <span class='ocrx_word' id='word_1_197' title='bbox 339 1418 435 1445; x_wconf 85' lang='lat' dir='ltr'><strong>collem</strong></span> <span class='ocrx_word' id='word_1_198' title='bbox 455 1417 607 1450; x_wconf 82' lang='lat' dir='ltr'><strong>sublimem,</strong></span> <span class='ocrx_word' id='word_1_199' title='bbox 629 1422 655 1445; x_wconf 87' lang='lat' dir='ltr'><strong>et</strong></span> <span class='ocrx_word' id='word_1_200' title='bbox 675 1418 726 1445; x_wconf 91' lang='lat' dir='ltr'><strong>sub</strong></span> <span class='ocrx_word' id='word_1_201' title='bbox 751 1417 825 1444; x_wconf 86' lang='lat' dir='ltr'><strong>omni</strong></span> <span class='ocrx_word' id='word_1_202' title='bbox 842 1417 913 1452; x_wconf 73' lang='lat' dir='ltr'><strong>ligno</strong></span> <span class='ocrx_word' id='word_1_203' title='bbox 925 1417 999 1444; x_wconf 79' lang='lat' dir='ltr'><strong>fron-</strong></span> 
     </span>
    </p>
   </div>
   <div class='ocr_carea' id='block_1_30' title="bbox 211 1463 999 1498">
    <p class='ocr_par' dir='ltr' id='par_1_30' title="bbox 211 1463 999 1498">
     <span class='ocr_line' id='line_1_30' title="bbox 211 1463 999 1498; baseline 0 -8"><span class='ocrx_word' id='word_1_204' title='bbox 211 1463 288 1494; x_wconf 82' lang='lat' dir='ltr'><strong>doso,</strong></span> <span class='ocrx_word' id='word_1_205' title='bbox 309 1463 385 1497; x_wconf 78' lang='lat' dir='ltr'><strong>juxta</strong></span> <span class='ocrx_word' id='word_1_206' title='bbox 418 1471 510 1490; x_wconf 80' lang='lat' dir='ltr'><strong>vocem</strong></span> <span class='ocrx_word' id='word_1_207' title='bbox 535 1464 672 1498; x_wconf 72' lang='lat' dir='ltr'><strong>propheta:</strong></span> <span class='ocrx_word' id='word_1_208' title='bbox 687 1463 707 1490; x_wconf 86' lang='lat'><strong>&#39;.</strong></span> <span class='ocrx_word' id='word_1_209' title='bbox 730 1463 796 1490; x_wconf 86' lang='lat' dir='ltr'><strong>Cum</strong></span> <span class='ocrx_word' id='word_1_210' title='bbox 819 1463 900 1498; x_wconf 80' lang='lat' dir='ltr'><strong>igitur</strong></span> <span class='ocrx_word' id='word_1_211' title='bbox 923 1463 999 1490; x_wconf 86' lang='lat' dir='ltr'><strong>audis</strong></span> 
     </span>
    </p>
   </div>
   <div class='ocr_carea' id='block_1_31' title="bbox 208 1508 998 1544">
    <p class='ocr_par' dir='ltr' id='par_1_31' title="bbox 208 1508 998 1544">
     <span class='ocr_line' id='line_1_31' title="bbox 208 1508 998 1544; baseline -0.001 -8"><span class='ocrx_word' id='word_1_212' title='bbox 208 1514 318 1537; x_wconf 77' lang='lat' dir='ltr'><strong>sanctos</strong></span> <span class='ocrx_word' id='word_1_213' title='bbox 333 1508 480 1544; x_wconf 79' lang='lat' dir='ltr'><strong>prophetas</strong></span> <span class='ocrx_word' id='word_1_214' title='bbox 494 1509 664 1536; x_wconf 83' lang='lat' dir='ltr'><strong>nominantes</strong></span> <span class='ocrx_word' id='word_1_215' title='bbox 682 1509 773 1542; x_wconf 80' lang='lat' dir='ltr'><strong>lsrael,</strong></span> <span class='ocrx_word' id='word_1_216' title='bbox 789 1508 846 1535; x_wconf 79' lang='lat' dir='ltr'><strong>sive</strong></span> <span class='ocrx_word' id='word_1_217' title='bbox 861 1509 998 1544; x_wconf 75' lang='lat' dir='ltr'><strong>Epitraim,</strong></span> 
     </span>
    </p>
   </div>
   <div class='ocr_carea' id='block_1_32' title="bbox 209 1554 996 1588">
    <p class='ocr_par' dir='ltr' id='par_1_32' title="bbox 209 1554 996 1588">
     <span class='ocr_line' id='line_1_32' title="bbox 209 1554 996 1588; baseline -0.004 -6"><span class='ocrx_word' id='word_1_218' title='bbox 209 1555 358 1582; x_wconf 87' lang='lat' dir='ltr'><strong>Samaritas</strong></span> <span class='ocrx_word' id='word_1_219' title='bbox 385 1555 525 1588; x_wconf 64' lang='lat' dir='ltr'><strong>intellige;</strong></span> <span class='ocrx_word' id='word_1_220' title='bbox 554 1562 617 1582; x_wconf 85' lang='lat' dir='ltr'><strong>cum</strong></span> <span class='ocrx_word' id='word_1_221' title='bbox 654 1554 750 1582; x_wconf 71' lang='lat' dir='ltr'><strong>ludam</strong></span> <span class='ocrx_word' id='word_1_222' title='bbox 783 1559 808 1581; x_wconf 91' lang='lat' dir='ltr'><strong>et</strong></span> <span class='ocrx_word' id='word_1_223' title='bbox 841 1554 996 1588; x_wconf 82' lang='lat' dir='ltr'><strong>Benjatnin,</strong></span> 
     </span>
    </p>
   </div>
   <div class='ocr_carea' id='block_1_33' title="bbox 1060 275 1851 311">
    <p class='ocr_par' dir='ltr' id='par_1_33' title="bbox 1060 275 1851 311">
     <span class='ocr_line' id='line_1_33' title="bbox 1060 275 1851 311; baseline -0.003 -9"><span class='ocrx_word' id='word_1_224' title='bbox 1060 276 1089 302; x_wconf 84' lang='grc' dir='ltr'>ὲν</span> <span class='ocrx_word' id='word_1_225' title='bbox 1105 276 1160 306; x_wconf 83' lang='grc' dir='ltr'>τοῖς</span> <span class='ocrx_word' id='word_1_226' title='bbox 1184 275 1382 311; x_wconf 82' lang='grc' dir='ltr'>Ἰεροσολύμοις</span> <span class='ocrx_word' id='word_1_227' title='bbox 1396 276 1420 302; x_wconf 88' lang='grc' dir='ltr'><strong>οί</strong></span> <span class='ocrx_word' id='word_1_228' title='bbox 1433 276 1464 302; x_wconf 80' lang='grc' dir='ltr'>ὲκ</span> <span class='ocrx_word' id='word_1_229' title='bbox 1480 275 1565 310; x_wconf 68' lang='grc' dir='ltr'>φυλῆς</span> <span class='ocrx_word' id='word_1_230' title='bbox 1586 275 1680 305; x_wconf 74' lang='grc' dir='ltr'>Ἰούδα,</span> <span class='ocrx_word' id='word_1_231' title='bbox 1696 275 1743 301; x_wconf 75' lang='grc' dir='ltr'>καὶ</span> <span class='ocrx_word' id='word_1_232' title='bbox 1758 275 1851 300; x_wconf 79' lang='grc' dir='ltr'>Βενια-</span> 
     </span>
    </p>
   </div>
   <div class='ocr_carea' id='block_1_34' title="bbox 1061 320 1851 357">
    <p class='ocr_par' dir='ltr' id='par_1_34' title="bbox 1061 320 1851 357">
     <span class='ocr_line' id='line_1_34' title="bbox 1061 320 1851 357; baseline 0 -11"><span class='ocrx_word' id='word_1_233' title='bbox 1061 321 1117 356; x_wconf 89' lang='grc' dir='ltr'>μίν.</span> <span class='ocrx_word' id='word_1_234' title='bbox 1140 321 1249 356; x_wconf 79' lang='grc' dir='ltr'><strong>Ἐπειδὴ</strong></span> <span class='ocrx_word' id='word_1_235' title='bbox 1271 321 1300 347; x_wconf 76' lang='grc' dir='ltr'>δὲ</span> <span class='ocrx_word' id='word_1_236' title='bbox 1324 320 1495 347; x_wconf 77' lang='grc' dir='ltr'>ἀϐασίλευτοί</span> <span class='ocrx_word' id='word_1_237' title='bbox 1515 329 1544 347; x_wconf 77' lang='grc' dir='ltr'><strong>τε</strong></span> <span class='ocrx_word' id='word_1_238' title='bbox 1577 321 1623 347; x_wconf 68' lang='grc' dir='ltr'><strong>καὶ</strong></span> <span class='ocrx_word' id='word_1_239' title='bbox 1646 321 1851 357; x_wconf 76' lang='grc' dir='ltr'><strong>ἀστρατήγητοι</strong></span> 
     </span>
    </p>
   </div>
   <div class='ocr_carea' id='block_1_35' title="bbox 1061 366 1851 403">
    <p class='ocr_par' dir='ltr' id='par_1_35' title="bbox 1061 366 1851 403">
     <span class='ocr_line' id='line_1_35' title="bbox 1061 366 1851 403; baseline -0.003 -10"><span class='ocrx_word' id='word_1_240' title='bbox 1061 367 1188 402; x_wconf 78' lang='grc' dir='ltr'>μένοντες</span> <span class='ocrx_word' id='word_1_241' title='bbox 1216 368 1240 393; x_wconf 88' lang='grc' dir='ltr'><strong>οί</strong></span> <span class='ocrx_word' id='word_1_242' title='bbox 1256 368 1285 393; x_wconf 85' lang='grc' dir='ltr'>ἐν</span> <span class='ocrx_word' id='word_1_243' title='bbox 1309 367 1452 403; x_wconf 77' lang='grc' dir='ltr'><strong>Σαμαρείᾳ</strong></span> <span class='ocrx_word' id='word_1_244' title='bbox 1473 367 1522 398; x_wconf 82' lang='grc' dir='ltr'>τὰς</span> <span class='ocrx_word' id='word_1_245' title='bbox 1543 368 1575 393; x_wconf 80' lang='grc' dir='ltr'><strong>ἐκ</strong></span> <span class='ocrx_word' id='word_1_246' title='bbox 1591 367 1638 392; x_wconf 81' lang='grc' dir='ltr'>τοῦ</span> <span class='ocrx_word' id='word_1_247' title='bbox 1658 366 1777 401; x_wconf 71' lang='grc' dir='ltr'>Ῥοϐοάμ</span> <span class='ocrx_word' id='word_1_248' title='bbox 1800 367 1851 400; x_wconf 65' lang='grc' dir='ltr'><strong>ἐῳ-</strong></span> 
     </span>
    </p>
   </div>
   <div class='ocr_carea' id='block_1_36' title="bbox 1059 411 1851 447">
    <p class='ocr_par' dir='ltr' id='par_1_36' title="bbox 1059 411 1851 447">
     <span class='ocr_line' id='line_1_36' title="bbox 1059 411 1851 447; baseline -0.004 -7"><span class='ocrx_word' id='word_1_249' title='bbox 1059 413 1134 444; x_wconf 83' lang='grc' dir='ltr'>όόους</span> <span class='ocrx_word' id='word_1_250' title='bbox 1145 413 1314 444; x_wconf 74' lang='grc' dir='ltr'>ἐπώπτευον,</span> <span class='ocrx_word' id='word_1_251' title='bbox 1327 414 1374 439; x_wconf 70' lang='grc' dir='ltr'><strong>καὶ</strong></span> <span class='ocrx_word' id='word_1_252' title='bbox 1389 413 1501 444; x_wconf 81' lang='grc' dir='ltr'>ἑαυτοὺς</span> <span class='ocrx_word' id='word_1_253' title='bbox 1511 413 1542 447; x_wconf 80' lang='grc' dir='ltr'><strong>δὴ</strong></span> <span class='ocrx_word' id='word_1_254' title='bbox 1561 413 1632 447; x_wconf 82' lang='grc' dir='ltr'>μάλα</span> <span class='ocrx_word' id='word_1_255' title='bbox 1644 413 1699 443; x_wconf 78' lang='grc' dir='ltr'>τοῖς</span> <span class='ocrx_word' id='word_1_256' title='bbox 1711 411 1851 446; x_wconf 73' lang='grc' dir='ltr'>φιλτάτοις</span> 
     </span>
    </p>
   </div>
   <div class='ocr_carea' id='block_1_37' title="bbox 1059 457 1849 493">
    <p class='ocr_par' dir='ltr' id='par_1_37' title="bbox 1059 457 1849 493">
     <span class='ocr_line' id='line_1_37' title="bbox 1059 457 1849 493; baseline -0.004 -9"><span class='ocrx_word' id='word_1_257' title='bbox 1059 457 1260 485; x_wconf 82' lang='grc' dir='ltr'>συνδιόλλυσοαι</span> <span class='ocrx_word' id='word_1_258' title='bbox 1279 458 1468 493; x_wconf 67' lang='grc' dir='ltr'>προσεδόκων,</span> <span class='ocrx_word' id='word_1_259' title='bbox 1487 457 1711 492; x_wconf 77' lang='grc' dir='ltr'>μεταπέμπονται</span> <span class='ocrx_word' id='word_1_260' title='bbox 1727 457 1772 482; x_wconf 75' lang='grc' dir='ltr'>τὸν</span> <span class='ocrx_word' id='word_1_261' title='bbox 1798 457 1849 482; x_wconf 77' lang='grc' dir='ltr'><strong>Ἰε-</strong></span> 
     </span>
    </p>
   </div>
   <div class='ocr_carea' id='block_1_38' title="bbox 1060 501 1850 540">
    <p class='ocr_par' dir='ltr' id='par_1_38' title="bbox 1060 501 1850 540">
     <span class='ocr_line' id='line_1_38' title="bbox 1060 501 1850 540; baseline -0.004 -9"><span class='ocrx_word' id='word_1_262' title='bbox 1060 504 1172 540; x_wconf 75' lang='grc' dir='ltr'>ροδοάμ.</span> <span class='ocrx_word' id='word_1_263' title='bbox 1192 505 1307 539; x_wconf 76' lang='grc' dir='ltr'><strong>Οἰκέτης</strong></span> <span class='ocrx_word' id='word_1_264' title='bbox 1321 504 1348 530; x_wconf 75' lang='grc' dir='ltr'><strong>δὲ</strong></span> <span class='ocrx_word' id='word_1_265' title='bbox 1361 502 1439 535; x_wconf 67' lang='grc' dir='ltr'>οὗτος</span> <span class='ocrx_word' id='word_1_266' title='bbox 1466 501 1501 538; x_wconf 75' lang='grc' dir='ltr'><strong>ἦν</strong></span> <span class='ocrx_word' id='word_1_267' title='bbox 1517 503 1698 538; x_wconf 76' lang='grc' dir='ltr'><strong>Σολομῶντος,</strong></span> <span class='ocrx_word' id='word_1_268' title='bbox 1727 501 1850 537; x_wconf 73' lang='grc' dir='ltr'>ἀποδρὰς</span> 
     </span>
    </p>
   </div>
   <div class='ocr_carea' id='block_1_39' title="bbox 1058 548 1850 586">
    <p class='ocr_par' dir='ltr' id='par_1_39' title="bbox 1058 548 1850 586">
     <span class='ocr_line' id='line_1_39' title="bbox 1058 548 1850 586; baseline -0.004 -9"><span class='ocrx_word' id='word_1_269' title='bbox 1058 551 1098 581; x_wconf 81' lang='grc' dir='ltr'>εἰς</span> <span class='ocrx_word' id='word_1_270' title='bbox 1121 551 1258 585; x_wconf 71' lang='grc' dir='ltr'>Αἴγυπτον</span> <span class='ocrx_word' id='word_1_271' title='bbox 1273 551 1340 586; x_wconf 73' lang='grc' dir='ltr'>πρὸς</span> <span class='ocrx_word' id='word_1_272' title='bbox 1364 550 1519 584; x_wconf 68' lang='grc' dir='ltr'>Σουσακεὶμ</span> <span class='ocrx_word' id='word_1_273' title='bbox 1540 549 1660 584; x_wconf 81' lang='grc' dir='ltr'>βασιλέα.</span> <span class='ocrx_word' id='word_1_274' title='bbox 1677 549 1731 575; x_wconf 67' lang='grc' dir='ltr'><strong>Καὶ</strong></span> <span class='ocrx_word' id='word_1_275' title='bbox 1748 549 1780 584; x_wconf 87' lang='grc' dir='ltr'>δὴ</span> <span class='ocrx_word' id='word_1_276' title='bbox 1802 548 1850 574; x_wconf 80' lang='grc' dir='ltr'>καὶ</span> 
     </span>
    </p>
   </div>
   <div class='ocr_carea' id='block_1_40' title="bbox 1058 594 1850 632">
    <p class='ocr_par' dir='ltr' id='par_1_40' title="bbox 1058 594 1850 632">
     <span class='ocr_line' id='line_1_40' title="bbox 1058 594 1850 632; baseline -0.003 -10"><span class='ocrx_word' id='word_1_277' title='bbox 1058 596 1168 622; x_wconf 75' lang='grc' dir='ltr'><strong>ἐλθόντα</strong></span> <span class='ocrx_word' id='word_1_278' title='bbox 1184 597 1439 632; x_wconf 80' lang='grc' dir='ltr'>κεχειροτονήκασιν</span> <span class='ocrx_word' id='word_1_279' title='bbox 1462 596 1543 627; x_wconf 77' lang='grc' dir='ltr'>εὐθὺς</span> <span class='ocrx_word' id='word_1_280' title='bbox 1563 596 1603 626; x_wconf 86' lang='grc' dir='ltr'><strong>είς</strong></span> <span class='ocrx_word' id='word_1_281' title='bbox 1616 595 1778 630; x_wconf 77' lang='grc' dir='ltr'>ἡγούμενον,</span> <span class='ocrx_word' id='word_1_282' title='bbox 1801 594 1850 620; x_wconf 69' lang='grc' dir='ltr'><strong>καὶ</strong></span> 
     </span>
    </p>
   </div>
   <div class='ocr_carea' id='block_1_41' title="bbox 1059 640 1846 677">
    <p class='ocr_par' dir='ltr' id='par_1_41' title="bbox 1059 640 1846 677">
     <span class='ocr_line' id='line_1_41' title="bbox 1059 640 1846 677; baseline -0.005 -9"><span class='ocrx_word' id='word_1_283' title='bbox 1059 643 1191 677; x_wconf 83' lang='grc' dir='ltr'><strong>σκήπτρῳ</strong></span> <span class='ocrx_word' id='word_1_284' title='bbox 1211 643 1260 675; x_wconf 81' lang='grc' dir='ltr'>τῆς</span> <span class='ocrx_word' id='word_1_285' title='bbox 1286 642 1423 676; x_wconf 72' lang='grc' dir='ltr'>βασιλείας</span> <span class='ocrx_word' id='word_1_286' title='bbox 1448 642 1612 676; x_wconf 75' lang='grc' dir='ltr'><strong>τετιμήκασι</strong></span> <span class='ocrx_word' id='word_1_287' title='bbox 1636 641 1681 667; x_wconf 82' lang='grc' dir='ltr'><strong>τὸν</strong></span> <span class='ocrx_word' id='word_1_288' title='bbox 1696 640 1846 674; x_wconf 79' lang='grc' dir='ltr'>ἀλιτήριον.</span> 
     </span>
    </p>
   </div>
   <div class='ocr_carea' id='block_1_42' title="bbox 1057 685 1847 723">
    <p class='ocr_par' dir='ltr' id='par_1_42' title="bbox 1057 685 1847 723">
     <span class='ocr_line' id='line_1_42' title="bbox 1057 685 1847 723; baseline -0.005 -9"><span class='ocrx_word' id='word_1_289' title='bbox 1057 688 1112 714; x_wconf 75' lang='grc' dir='ltr'><strong>Καὶ</strong></span> <span class='ocrx_word' id='word_1_290' title='bbox 1139 686 1172 722; x_wconf 82' lang='grc' dir='ltr'>ἦν</span> <span class='ocrx_word' id='word_1_291' title='bbox 1199 687 1341 723; x_wconf 74' lang='grc' dir='ltr'>Ὶεροδοὰμ</span> <span class='ocrx_word' id='word_1_292' title='bbox 1374 687 1403 719; x_wconf 80' lang='grc' dir='ltr'>ἐξ</span> <span class='ocrx_word' id='word_1_293' title='bbox 1426 687 1505 723; x_wconf 72' lang='grc' dir='ltr'>ὅρους</span> <span class='ocrx_word' id='word_1_294' title='bbox 1541 687 1589 713; x_wconf 75' lang='grc' dir='ltr'><strong>καὶ</strong></span> <span class='ocrx_word' id='word_1_295' title='bbox 1609 686 1694 720; x_wconf 78' lang='grc' dir='ltr'>φυλῆς</span> <span class='ocrx_word' id='word_1_296' title='bbox 1716 685 1847 720; x_wconf 69' lang='grc' dir='ltr'><strong>Ἐφρπῖμ.</strong></span> 
     </span>
    </p>
   </div>
   <div class='ocr_carea' id='block_1_43' title="bbox 1063 731 1851 768">
    <p class='ocr_par' dir='ltr' id='par_1_43' title="bbox 1063 731 1851 768">
     <span class='ocr_line' id='line_1_43' title="bbox 1063 731 1851 768; baseline -0.005 -8"><span class='ocrx_word' id='word_1_297' title='bbox 1063 733 1172 768; x_wconf 80' lang='grc' dir='ltr'>Ἐπειδὴ</span> <span class='ocrx_word' id='word_1_298' title='bbox 1195 733 1224 760; x_wconf 83' lang='grc' dir='ltr'>δὲ</span> <span class='ocrx_word' id='word_1_299' title='bbox 1257 733 1462 768; x_wconf 76' lang='grc' dir='ltr'>κεχειροτόνητο</span> <span class='ocrx_word' id='word_1_300' title='bbox 1488 732 1632 768; x_wconf 81' lang='grc' dir='ltr'>βασιλεὺς,</span> <span class='ocrx_word' id='word_1_301' title='bbox 1661 731 1851 766; x_wconf 74' lang='grc' dir='ltr'>ὲξεμηχανᾶτο</span> 
     </span>
    </p>
   </div>
   <div class='ocr_carea' id='block_1_44' title="bbox 1057 779 1848 814">
    <p class='ocr_par' dir='ltr' id='par_1_44' title="bbox 1057 779 1848 814">
     <span class='ocr_line' id='line_1_44' title="bbox 1057 779 1848 814; baseline -0.005 -8"><span class='ocrx_word' id='word_1_302' title='bbox 1057 779 1159 812; x_wconf 78' lang='grc' dir='ltr'>λοιπὸν,</span> <span class='ocrx_word' id='word_1_303' title='bbox 1177 780 1239 806; x_wconf 87' lang='grc' dir='ltr'>τίνα</span> <span class='ocrx_word' id='word_1_304' title='bbox 1249 780 1349 814; x_wconf 79' lang='grc' dir='ltr'>τρόπον</span> <span class='ocrx_word' id='word_1_305' title='bbox 1363 779 1436 813; x_wconf 79' lang='grc' dir='ltr'>αὐτῷ</span> <span class='ocrx_word' id='word_1_306' title='bbox 1447 779 1481 805; x_wconf 70' lang='grc' dir='ltr'>τὰ</span> <span class='ocrx_word' id='word_1_307' title='bbox 1496 779 1544 813; x_wconf 83' lang='grc' dir='ltr'>τῆς</span> <span class='ocrx_word' id='word_1_308' title='bbox 1557 779 1693 814; x_wconf 79' lang='grc' dir='ltr'>βασιλείας</span> <span class='ocrx_word' id='word_1_309' title='bbox 1707 779 1848 812; x_wconf 79' lang='grc' dir='ltr'>στήσεται,</span> 
     </span>
    </p>
   </div>
   <div class='ocr_carea' id='block_1_45' title="bbox 1057 822 1851 861">
    <p class='ocr_par' dir='ltr' id='par_1_45' title="bbox 1057 822 1851 861">
     <span class='ocr_line' id='line_1_45' title="bbox 1057 822 1851 861; baseline -0.005 -9"><span class='ocrx_word' id='word_1_310' title='bbox 1057 826 1103 852; x_wconf 75' lang='grc' dir='ltr'>καὶ</span> <span class='ocrx_word' id='word_1_311' title='bbox 1121 826 1150 851; x_wconf 82' lang='grc' dir='ltr'>ὲν</span> <span class='ocrx_word' id='word_1_312' title='bbox 1168 825 1269 861; x_wconf 75' lang='grc' dir='ltr'>βεϐαίῳ</span> <span class='ocrx_word' id='word_1_313' title='bbox 1290 826 1375 860; x_wconf 81' lang='grc' dir='ltr'>μενεῖ,</span> <span class='ocrx_word' id='word_1_314' title='bbox 1389 825 1436 851; x_wconf 70' lang='grc' dir='ltr'>καὶ</span> <span class='ocrx_word' id='word_1_315' title='bbox 1450 825 1504 851; x_wconf 86' lang='grc' dir='ltr'><strong>τῶν</strong></span> <span class='ocrx_word' id='word_1_316' title='bbox 1517 824 1764 860; x_wconf 80' lang='grc' dir='ltr'><strong>χειροτονησάντων</strong></span> <span class='ocrx_word' id='word_1_317' title='bbox 1779 822 1851 857; x_wconf 83' lang='grc' dir='ltr'><strong>γνὼ-</strong></span> 
     </span>
    </p>
   </div>
   <div class='ocr_carea' id='block_1_46' title="bbox 1055 866 1851 906">
    <p class='ocr_par' dir='ltr' id='par_1_46' title="bbox 1055 866 1851 906">
     <span class='ocr_line' id='line_1_46' title="bbox 1055 866 1851 906; baseline -0.004 -8"><span class='ocrx_word' id='word_1_318' title='bbox 1055 866 1110 906; x_wconf 76' lang='grc' dir='ltr'><strong>μης</strong></span> <span class='ocrx_word' id='word_1_319' title='bbox 1127 872 1157 897; x_wconf 84' lang='grc' dir='ltr'>οὐ</span> <span class='ocrx_word' id='word_1_320' title='bbox 1173 871 1372 906; x_wconf 73' lang='grc' dir='ltr'>μεθισταμένης</span> <span class='ocrx_word' id='word_1_321' title='bbox 1389 872 1427 902; x_wconf 86' lang='grc' dir='ltr'><strong>εἰς</strong></span> <span class='ocrx_word' id='word_1_322' title='bbox 1442 871 1538 906; x_wconf 78' lang='grc' dir='ltr'>ἑτέραν</span> <span class='ocrx_word' id='word_1_323' title='bbox 1552 871 1614 896; x_wconf 70' lang='grc' dir='ltr'>τινὰ</span> <span class='ocrx_word' id='word_1_324' title='bbox 1635 869 1732 904; x_wconf 77' lang='grc' dir='ltr'>βουλήν</span> <span class='ocrx_word' id='word_1_325' title='bbox 1750 878 1779 896; x_wconf 86' lang='grc' dir='ltr'><strong>τε</strong></span> <span class='ocrx_word' id='word_1_326' title='bbox 1801 869 1851 896; x_wconf 77' lang='grc' dir='ltr'>καὶ</span> 
     </span>
    </p>
   </div>
   <div class='ocr_carea' id='block_1_47' title="bbox 1021 915 1851 952">
    <p class='ocr_par' dir='ltr' id='par_1_47' title="bbox 1021 915 1851 952">
     <span class='ocr_line' id='line_1_47' title="bbox 1021 915 1851 952; baseline -0.002 -9"><span class='ocrx_word' id='word_1_327' title='bbox 1021 921 1040 947; x_wconf 82' lang='grc' dir='ltr'>Β</span> <span class='ocrx_word' id='word_1_328' title='bbox 1056 917 1161 951; x_wconf 76' lang='grc' dir='ltr'>σκέψιν.</span> <span class='ocrx_word' id='word_1_329' title='bbox 1187 915 1252 943; x_wconf 82' lang='grc' dir='ltr'>Εἶτα</span> <span class='ocrx_word' id='word_1_330' title='bbox 1277 916 1368 948; x_wconf 76' lang='grc' dir='ltr'>δεδιὼς</span> <span class='ocrx_word' id='word_1_331' title='bbox 1386 917 1422 952; x_wconf 85' lang='grc' dir='ltr'>μὴ</span> <span class='ocrx_word' id='word_1_332' title='bbox 1439 916 1493 951; x_wconf 77' lang='grc' dir='ltr'>ἄρα</span> <span class='ocrx_word' id='word_1_333' title='bbox 1514 925 1572 947; x_wconf 80' lang='grc' dir='ltr'>πως</span> <span class='ocrx_word' id='word_1_334' title='bbox 1586 916 1634 951; x_wconf 79' lang='grc' dir='ltr'>τῆς</span> <span class='ocrx_word' id='word_1_335' title='bbox 1650 917 1679 942; x_wconf 82' lang='grc' dir='ltr'><strong>ἐν</strong></span> <span class='ocrx_word' id='word_1_336' title='bbox 1702 915 1778 950; x_wconf 80' lang='grc' dir='ltr'>νόμῳ</span> <span class='ocrx_word' id='word_1_337' title='bbox 1800 915 1851 941; x_wconf 81' lang='grc' dir='ltr'>λα-</span> 
     </span>
    </p>
   </div>
   <div class='ocr_carea' id='block_1_48' title="bbox 1058 962 1851 999">
    <p class='ocr_par' dir='ltr' id='par_1_48' title="bbox 1058 962 1851 999">
     <span class='ocr_line' id='line_1_48' title="bbox 1058 962 1851 999; baseline 0.001 -11"><span class='ocrx_word' id='word_1_338' title='bbox 1058 962 1162 998; x_wconf 84' lang='grc' dir='ltr'>τρείας,</span> <span class='ocrx_word' id='word_1_339' title='bbox 1191 963 1236 989; x_wconf 77' lang='grc' dir='ltr'><strong>καὶ</strong></span> <span class='ocrx_word' id='word_1_340' title='bbox 1254 963 1306 989; x_wconf 81' lang='grc' dir='ltr'><strong>τῶν</strong></span> <span class='ocrx_word' id='word_1_341' title='bbox 1323 964 1351 990; x_wconf 76' lang='grc' dir='ltr'>ὲν</span> <span class='ocrx_word' id='word_1_342' title='bbox 1367 964 1423 994; x_wconf 78' lang='grc' dir='ltr'>τοῖς</span> <span class='ocrx_word' id='word_1_343' title='bbox 1445 962 1642 999; x_wconf 82' lang='grc' dir='ltr'>Ἱεροσολύμοις</span> <span class='ocrx_word' id='word_1_344' title='bbox 1669 962 1851 998; x_wconf 81' lang='grc' dir='ltr'>ἐπιτελουμέ-</span> 
     </span>
    </p>
   </div>
   <div class='ocr_carea' id='block_1_49' title="bbox 1059 1008 1850 1044">
    <p class='ocr_par' dir='ltr' id='par_1_49' title="bbox 1059 1008 1850 1044">
     <span class='ocr_line' id='line_1_49' title="bbox 1059 1008 1850 1044; baseline -0.001 -9"><span class='ocrx_word' id='word_1_345' title='bbox 1059 1017 1112 1035; x_wconf 89' lang='grc' dir='ltr'><strong>νων</strong></span> <span class='ocrx_word' id='word_1_346' title='bbox 1141 1008 1244 1043; x_wconf 79' lang='grc' dir='ltr'>ἑορτῶν</span> <span class='ocrx_word' id='word_1_347' title='bbox 1275 1009 1315 1040; x_wconf 87' lang='grc' dir='ltr'>εἱς</span> <span class='ocrx_word' id='word_1_348' title='bbox 1350 1009 1502 1044; x_wconf 82' lang='grc' dir='ltr'>ἀνάμνησιν</span> <span class='ocrx_word' id='word_1_349' title='bbox 1533 1008 1652 1043; x_wconf 77' lang='grc' dir='ltr'>ἐνεχθεὶς</span> <span class='ocrx_word' id='word_1_350' title='bbox 1677 1009 1692 1034; x_wconf 84' lang='grc' dir='ltr'>ὁ</span> <span class='ocrx_word' id='word_1_351' title='bbox 1721 1008 1850 1044; x_wconf 75' lang='grc' dir='ltr'>Ἰσραὴλ,</span> 
     </span>
    </p>
   </div>
   <div class='ocr_carea' id='block_1_50' title="bbox 1059 1054 1851 1090">
    <p class='ocr_par' dir='ltr' id='par_1_50' title="bbox 1059 1054 1851 1090">
     <span class='ocr_line' id='line_1_50' title="bbox 1059 1054 1851 1090; baseline 0 -10"><span class='ocrx_word' id='word_1_352' title='bbox 1059 1054 1254 1090; x_wconf 77' lang='grc' dir='ltr'>παλινδρομεῖν</span> <span class='ocrx_word' id='word_1_353' title='bbox 1279 1054 1368 1081; x_wconf 73' lang='grc' dir='ltr'>ἕλοιτο</span> <span class='ocrx_word' id='word_1_354' title='bbox 1396 1055 1435 1086; x_wconf 78' lang='grc' dir='ltr'><strong>εις</strong></span> <span class='ocrx_word' id='word_1_355' title='bbox 1454 1055 1485 1080; x_wconf 80' lang='grc' dir='ltr'><strong>τὸ</strong></span> <span class='ocrx_word' id='word_1_356' title='bbox 1514 1055 1553 1080; x_wconf 80' lang='grc' dir='ltr'><strong>ὲν·</strong></span> <span class='ocrx_word' id='word_1_357' title='bbox 1568 1055 1686 1090; x_wconf 74' lang='grc' dir='ltr'>ἀρχαῖς,</span> <span class='ocrx_word' id='word_1_358' title='bbox 1721 1054 1769 1080; x_wconf 78' lang='grc' dir='ltr'><strong>καὶ</strong></span> <span class='ocrx_word' id='word_1_359' title='bbox 1791 1055 1851 1085; x_wconf 82' lang='grc' dir='ltr'>τοῖς</span> 
     </span>
    </p>
   </div>
   <div class='ocr_carea' id='block_1_51' title="bbox 1063 1099 1850 1135">
    <p class='ocr_par' dir='ltr' id='par_1_51' title="bbox 1063 1099 1850 1135">
     <span class='ocr_line' id='line_1_51' title="bbox 1063 1099 1850 1135; baseline 0 -9"><span class='ocrx_word' id='word_1_360' title='bbox 1063 1100 1182 1135; x_wconf 69' lang='grc' dir='ltr'>Ῥοϐοάμ</span> <span class='ocrx_word' id='word_1_361' title='bbox 1217 1100 1376 1135; x_wconf 76' lang='grc' dir='ltr'>ὑπενεχθείη</span> <span class='ocrx_word' id='word_1_362' title='bbox 1400 1100 1511 1133; x_wconf 83' lang='grc' dir='ltr'>ζυγοῖς.</span> <span class='ocrx_word' id='word_1_363' title='bbox 1534 1099 1580 1125; x_wconf 82' lang='grc' dir='ltr'><strong>δύο</strong></span> <span class='ocrx_word' id='word_1_364' title='bbox 1602 1099 1732 1134; x_wconf 78' lang='grc' dir='ltr'>δαμάλεις</span> <span class='ocrx_word' id='word_1_365' title='bbox 1762 1099 1850 1134; x_wconf 66' lang='grc' dir='ltr'>ἔργα·</span> 
     </span>
    </p>
   </div>
   <div class='ocr_carea' id='block_1_52' title="bbox 1058 1144 1850 1181">
    <p class='ocr_par' dir='ltr' id='par_1_52' title="bbox 1058 1144 1850 1181">
     <span class='ocr_line' id='line_1_52' title="bbox 1058 1144 1850 1181; baseline -0.003 -9"><span class='ocrx_word' id='word_1_366' title='bbox 1058 1146 1136 1178; x_wconf 84' lang='grc' dir='ltr'>ζεται</span> <span class='ocrx_word' id='word_1_367' title='bbox 1171 1148 1290 1180; x_wconf 77' lang='grc' dir='ltr'>χρυσᾶς,</span> <span class='ocrx_word' id='word_1_368' title='bbox 1316 1147 1362 1172; x_wconf 81' lang='grc' dir='ltr'>καὶ</span> <span class='ocrx_word' id='word_1_369' title='bbox 1390 1146 1458 1181; x_wconf 75' lang='grc' dir='ltr'>πρὸς</span> <span class='ocrx_word' id='word_1_370' title='bbox 1493 1146 1523 1172; x_wconf 79' lang='grc' dir='ltr'>τὸ</span> <span class='ocrx_word' id='word_1_371' title='bbox 1557 1145 1638 1176; x_wconf 73' lang='grc' dir='ltr'>σέϐας</span> <span class='ocrx_word' id='word_1_372' title='bbox 1675 1144 1850 1176; x_wconf 70' lang='grc' dir='ltr'>ἀναϐιϐάζων</span> 
     </span>
    </p>
   </div>
   <div class='ocr_carea' id='block_1_53' title="bbox 1057 1190 1850 1226">
    <p class='ocr_par' dir='ltr' id='par_1_53' title="bbox 1057 1190 1850 1226">
     <span class='ocr_line' id='line_1_53' title="bbox 1057 1190 1850 1226; baseline -0.003 -8"><span class='ocrx_word' id='word_1_373' title='bbox 1057 1191 1103 1218; x_wconf 78' lang='grc' dir='ltr'><strong>τὸν</strong></span> <span class='ocrx_word' id='word_1_374' title='bbox 1124 1192 1241 1226; x_wconf 74' lang='grc' dir='ltr'>Ἰσραὴλ.</span> <span class='ocrx_word' id='word_1_375' title='bbox 1258 1192 1367 1218; x_wconf 75' lang='grc' dir='ltr'>ἐκέλευε</span> <span class='ocrx_word' id='word_1_376' title='bbox 1380 1191 1542 1226; x_wconf 69' lang='grc' dir='ltr'>προσκυνεῖν</span> <span class='ocrx_word' id='word_1_377' title='bbox 1556 1191 1651 1222; x_wconf 80' lang='grc' dir='ltr'>αὑταῖς</span> <span class='ocrx_word' id='word_1_378' title='bbox 1668 1190 1715 1216; x_wconf 65' lang='grc' dir='ltr'>καὶ</span> <span class='ocrx_word' id='word_1_379' title='bbox 1734 1190 1850 1216; x_wconf 81' lang='grc' dir='ltr'>ὁλοκαυ-</span> 
     </span>
    </p>
   </div>
   <div class='ocr_carea' id='block_1_54' title="bbox 1056 1235 1848 1272">
    <p class='ocr_par' dir='ltr' id='par_1_54' title="bbox 1056 1235 1848 1272">
     <span class='ocr_line' id='line_1_54' title="bbox 1056 1235 1848 1272; baseline -0.003 -9"><span class='ocrx_word' id='word_1_380' title='bbox 1056 1237 1128 1264; x_wconf 81' lang='grc' dir='ltr'>τοῦν.</span> <span class='ocrx_word' id='word_1_381' title='bbox 1150 1247 1159 1263; x_wconf 82' lang='grc' dir='ltr'><strong>ι</strong></span> <span class='ocrx_word' id='word_1_382' title='bbox 1178 1237 1231 1264; x_wconf 77' lang='grc' dir='ltr'><strong>Καὶ</strong></span> <span class='ocrx_word' id='word_1_383' title='bbox 1247 1237 1371 1267; x_wconf 76' lang='grc' dir='ltr'>ἀπέθετο.</span> <span class='ocrx_word' id='word_1_384' title='bbox 1389 1247 1398 1262; x_wconf 80' lang='grc' dir='ltr'><strong>ι</strong></span> <span class='ocrx_word' id='word_1_385' title='bbox 1412 1237 1488 1272; x_wconf 75' lang='grc' dir='ltr'>φησὶ,</span> <span class='ocrx_word' id='word_1_386' title='bbox 1505 1246 1514 1262; x_wconf 77' lang='grc' dir='ltr'><strong>ι</strong></span> <span class='ocrx_word' id='word_1_387' title='bbox 1530 1236 1582 1272; x_wconf 77' lang='grc' dir='ltr'>τὴν</span> <span class='ocrx_word' id='word_1_388' title='bbox 1594 1236 1643 1271; x_wconf 83' lang='grc' dir='ltr'><strong>μὲν</strong></span> <span class='ocrx_word' id='word_1_389' title='bbox 1654 1237 1694 1267; x_wconf 86' lang='grc' dir='ltr'><strong>είς</strong></span> <span class='ocrx_word' id='word_1_390' title='bbox 1708 1235 1848 1270; x_wconf 81' lang='grc' dir='ltr'>Γάλγαλα,</span> 
     </span>
    </p>
   </div>
   <div class='ocr_carea' id='block_1_55' title="bbox 1055 1279 1848 1318">
    <p class='ocr_par' dir='ltr' id='par_1_55' title="bbox 1055 1279 1848 1318">
     <span class='ocr_line' id='line_1_55' title="bbox 1055 1279 1848 1318; baseline -0.001 -10"><span class='ocrx_word' id='word_1_391' title='bbox 1055 1282 1105 1317; x_wconf 79' lang='grc' dir='ltr'><strong>τὴν</strong></span> <span class='ocrx_word' id='word_1_392' title='bbox 1120 1282 1147 1308; x_wconf 78' lang='grc' dir='ltr'><strong>δὲ</strong></span> <span class='ocrx_word' id='word_1_393' title='bbox 1160 1283 1200 1313; x_wconf 86' lang='grc' dir='ltr'><strong>είς</strong></span> <span class='ocrx_word' id='word_1_394' title='bbox 1215 1282 1278 1308; x_wconf 73' lang='grc' dir='ltr'>Δάν.</span> <span class='ocrx_word' id='word_1_395' title='bbox 1298 1291 1306 1306; x_wconf 75' lang='grc' dir='ltr'><strong>ι</strong></span> <span class='ocrx_word' id='word_1_396' title='bbox 1326 1282 1421 1314; x_wconf 82' lang='grc' dir='ltr'>Πόλεις</span> <span class='ocrx_word' id='word_1_397' title='bbox 1444 1282 1497 1318; x_wconf 82' lang='grc' dir='ltr'><strong>γὰρ</strong></span> <span class='ocrx_word' id='word_1_398' title='bbox 1514 1279 1593 1308; x_wconf 75' lang='grc' dir='ltr'>αἶται</span> <span class='ocrx_word' id='word_1_399' title='bbox 1613 1281 1848 1317; x_wconf 77' lang='grc' dir='ltr'>περιφανέστεραι</span> 
     </span>
    </p>
   </div>
   <div class='ocr_carea' id='block_1_56' title="bbox 1056 1326 1849 1363">
    <p class='ocr_par' dir='ltr' id='par_1_56' title="bbox 1056 1326 1849 1363">
     <span class='ocr_line' id='line_1_56' title="bbox 1056 1326 1849 1363; baseline -0.001 -9"><span class='ocrx_word' id='word_1_400' title='bbox 1056 1327 1109 1354; x_wconf 85' lang='grc' dir='ltr'><strong>τῶν</strong></span> <span class='ocrx_word' id='word_1_401' title='bbox 1124 1327 1220 1360; x_wconf 76' lang='grc' dir='ltr'>ἄλλων,</span> <span class='ocrx_word' id='word_1_402' title='bbox 1239 1327 1267 1354; x_wconf 81' lang='grc' dir='ltr'><strong>αἶ</strong></span> <span class='ocrx_word' id='word_1_403' title='bbox 1289 1326 1357 1363; x_wconf 82' lang='grc' dir='ltr'>ἦσαν</span> <span class='ocrx_word' id='word_1_404' title='bbox 1379 1328 1408 1354; x_wconf 88' lang='grc' dir='ltr'>ὲν</span> <span class='ocrx_word' id='word_1_405' title='bbox 1433 1327 1509 1363; x_wconf 79' lang='grc' dir='ltr'><strong>χώρᾳ.</strong></span> <span class='ocrx_word' id='word_1_406' title='bbox 1529 1327 1716 1362; x_wconf 82' lang='grc' dir='ltr'>Σαμαρειτῶν.</span> <span class='ocrx_word' id='word_1_407' title='bbox 1739 1327 1849 1354; x_wconf 83' lang='grc' dir='ltr'>Οὐκοῦν</span> 
     </span>
    </p>
   </div>
   <div class='ocr_carea' id='block_1_57' title="bbox 1054 1372 1846 1407">
    <p class='ocr_par' dir='ltr' id='par_1_57' title="bbox 1054 1372 1846 1407">
     <span class='ocr_line' id='line_1_57' title="bbox 1054 1372 1846 1407; baseline 0.001 -9"><span class='ocrx_word' id='word_1_408' title='bbox 1054 1372 1129 1406; x_wconf 79' lang='grc' dir='ltr'>διττὴ</span> <span class='ocrx_word' id='word_1_409' title='bbox 1143 1372 1236 1406; x_wconf 78' lang='grc' dir='ltr'>γέγονε</span> <span class='ocrx_word' id='word_1_410' title='bbox 1250 1372 1304 1398; x_wconf 80' lang='grc' dir='ltr'><strong>τῶν</strong></span> <span class='ocrx_word' id='word_1_411' title='bbox 1317 1372 1382 1399; x_wconf 73' lang='grc' dir='ltr'>δέκα</span> <span class='ocrx_word' id='word_1_412' title='bbox 1405 1372 1496 1407; x_wconf 82' lang='grc' dir='ltr'>φυλῶν</span> <span class='ocrx_word' id='word_1_413' title='bbox 1518 1373 1534 1407; x_wconf 85' lang='grc' dir='ltr'>ἡ</span> <span class='ocrx_word' id='word_1_414' title='bbox 1556 1373 1716 1404; x_wconf 80' lang='grc' dir='ltr'>ἀπόστασις,</span> <span class='ocrx_word' id='word_1_415' title='bbox 1730 1374 1777 1399; x_wconf 74' lang='grc' dir='ltr'>καὶ</span> <span class='ocrx_word' id='word_1_416' title='bbox 1796 1373 1846 1399; x_wconf 68' lang='grc' dir='ltr'>τοῦ</span> 
     </span>
    </p>
   </div>
   <div class='ocr_carea' id='block_1_58' title="bbox 1055 1418 1849 1454">
    <p class='ocr_par' dir='ltr' id='par_1_58' title="bbox 1055 1418 1849 1454">
     <span class='ocr_line' id='line_1_58' title="bbox 1055 1418 1849 1454; baseline 0 -10"><span class='ocrx_word' id='word_1_417' title='bbox 1055 1418 1169 1453; x_wconf 76' lang='grc' dir='ltr'>ἡμίσους</span> <span class='ocrx_word' id='word_1_418' title='bbox 1185 1418 1270 1453; x_wconf 73' lang='grc' dir='ltr'>φυλῆς</span> <span class='ocrx_word' id='word_1_419' title='bbox 1291 1418 1420 1453; x_wconf 77' lang='grc' dir='ltr'>Ἐφραῒμ.</span> <span class='ocrx_word' id='word_1_420' title='bbox 1444 1418 1591 1453; x_wconf 77' lang='grc' dir='ltr'>Ἐξῲχοντο</span> <span class='ocrx_word' id='word_1_421' title='bbox 1604 1418 1668 1454; x_wconf 81' lang='grc' dir='ltr'>γὰρ,</span> <span class='ocrx_word' id='word_1_422' title='bbox 1685 1419 1744 1453; x_wconf 79' lang='grc' dir='ltr'><strong>οὐχὶ</strong></span> <span class='ocrx_word' id='word_1_423' title='bbox 1763 1418 1849 1453; x_wconf 74' lang='grc' dir='ltr'>μόνον</span> 
     </span>
    </p>
   </div>
   <div class='ocr_carea' id='block_1_59' title="bbox 1054 1463 1846 1500">
    <p class='ocr_par' dir='ltr' id='par_1_59' title="bbox 1054 1463 1846 1500">
     <span class='ocr_line' id='line_1_59' title="bbox 1054 1463 1846 1500; baseline 0 -10"><span class='ocrx_word' id='word_1_424' title='bbox 1054 1466 1107 1490; x_wconf 75' lang='grc' dir='ltr'><strong>τῶν</strong></span> <span class='ocrx_word' id='word_1_425' title='bbox 1127 1464 1329 1500; x_wconf 82' lang='grc' dir='ltr'>Ἰεροσολύμων,</span> <span class='ocrx_word' id='word_1_426' title='bbox 1345 1463 1412 1490; x_wconf 82' lang='grc' dir='ltr'>ἀλλὰ</span> <span class='ocrx_word' id='word_1_427' title='bbox 1429 1464 1473 1490; x_wconf 74' lang='grc' dir='ltr'><strong>καὶ</strong></span> <span class='ocrx_word' id='word_1_428' title='bbox 1494 1464 1578 1499; x_wconf 77' lang='grc' dir='ltr'>αὐτῆς</span> <span class='ocrx_word' id='word_1_429' title='bbox 1595 1464 1644 1499; x_wconf 79' lang='grc' dir='ltr'><strong>τῆς</strong></span> <span class='ocrx_word' id='word_1_430' title='bbox 1660 1465 1700 1496; x_wconf 82' lang='grc' dir='ltr'><strong>είς</strong></span> <span class='ocrx_word' id='word_1_431' title='bbox 1716 1464 1781 1490; x_wconf 80' lang='grc' dir='ltr'>Θεὸν</span> <span class='ocrx_word' id='word_1_432' title='bbox 1797 1464 1846 1490; x_wconf 77' lang='grc' dir='ltr'>εὑ-</span> 
     </span>
    </p>
   </div>
   <div class='ocr_carea' id='block_1_60' title="bbox 1055 1509 1846 1546">
    <p class='ocr_par' dir='ltr' id='par_1_60' title="bbox 1055 1509 1846 1546">
     <span class='ocr_line' id='line_1_60' title="bbox 1055 1509 1846 1546; baseline 0.003 -10"><span class='ocrx_word' id='word_1_433' title='bbox 1055 1510 1172 1542; x_wconf 77' lang='grc' dir='ltr'>σε6είας,</span> <span class='ocrx_word' id='word_1_434' title='bbox 1196 1509 1328 1544; x_wconf 76' lang='grc' dir='ltr'>δαμάλεσι</span> <span class='ocrx_word' id='word_1_435' title='bbox 1345 1510 1560 1546; x_wconf 77' lang='grc' dir='ltr'>προσκυνοῦντες</span> <span class='ocrx_word' id='word_1_436' title='bbox 1584 1513 1708 1546; x_wconf 81' lang='grc' dir='ltr'>χρυσαῖς,</span> <span class='ocrx_word' id='word_1_437' title='bbox 1732 1511 1846 1543; x_wconf 76' lang='grc' dir='ltr'>θύοντές</span> 
     </span>
    </p>
   </div>
   <div class='ocr_carea' id='block_1_61' title="bbox 1052 1555 1846 1592">
    <p class='ocr_par' dir='ltr' id='par_1_61' title="bbox 1052 1555 1846 1592">
     <span class='ocr_line' id='line_1_61' title="bbox 1052 1555 1846 1592; baseline 0.001 -10"><span class='ocrx_word' id='word_1_438' title='bbox 1052 1564 1081 1582; x_wconf 85' lang='grc' dir='ltr'><strong>τε</strong></span> <span class='ocrx_word' id='word_1_439' title='bbox 1108 1556 1154 1582; x_wconf 75' lang='grc' dir='ltr'><strong>καὶ</strong></span> <span class='ocrx_word' id='word_1_440' title='bbox 1175 1555 1350 1591; x_wconf 81' lang='grc' dir='ltr'>λατρεύοντες</span> <span class='ocrx_word' id='word_1_441' title='bbox 1369 1557 1426 1587; x_wconf 83' lang='grc' dir='ltr'>τοῖς</span> <span class='ocrx_word' id='word_1_442' title='bbox 1453 1556 1543 1591; x_wconf 79' lang='grc' dir='ltr'>ἔργοις</span> <span class='ocrx_word' id='word_1_443' title='bbox 1554 1556 1608 1582; x_wconf 82' lang='grc' dir='ltr'><strong>τῶν</strong></span> <span class='ocrx_word' id='word_1_444' title='bbox 1620 1557 1719 1592; x_wconf 87' lang='grc' dir='ltr'>χειρῶν</span> <span class='ocrx_word' id='word_1_445' title='bbox 1740 1557 1846 1589; x_wconf 73' lang='grc' dir='ltr'>αὐτῶν,</span> 
     </span>
    </p>
   </div>
   <div class='ocr_carea' id='block_1_62' title="bbox 208 1599 999 1638">
    <p class='ocr_par' dir='ltr' id='par_1_62' title="bbox 208 1599 997 1636">
     <span class='ocr_line' id='line_1_62' title="bbox 208 1599 997 1636; baseline -0.001 -8"><span class='ocrx_word' id='word_1_446' title='bbox 208 1608 256 1628; x_wconf 83' lang='lat' dir='ltr'><strong>eos</strong></span> <span class='ocrx_word' id='word_1_447' title='bbox 288 1601 334 1636; x_wconf 86' lang='lat' dir='ltr'><strong>qui</strong></span> <span class='ocrx_word' id='word_1_448' title='bbox 367 1599 544 1635; x_wconf 52' lang='lat' dir='ltr'><strong>Jcrosulttnis</strong></span> <span class='ocrx_word' id='word_1_449' title='bbox 573 1606 773 1628; x_wconf 83' lang='lat' dir='ltr'><strong>remanserunt.</strong></span> <span class='ocrx_word' id='word_1_450' title='bbox 798 1600 881 1627; x_wconf 84' lang='lat' dir='ltr'><strong>Erant</strong></span> <span class='ocrx_word' id='word_1_451' title='bbox 907 1606 997 1627; x_wconf 84' lang='lat' dir='ltr'><strong>autem</strong></span> 
     </span>
    </p>
   </div>
   <div class='ocr_carea' id='block_1_63' title="bbox 1054 1599 1848 1638">
    <p class='ocr_par' dir='ltr' id='par_1_63' title="bbox 1054 1601 1848 1637">
     <span class='ocr_line' id='line_1_63' title="bbox 1054 1601 1848 1637; baseline 0.001 -10"><span class='ocrx_word' id='word_1_452' title='bbox 1054 1601 1124 1628; x_wconf 76' lang='grc' dir='ltr'>καθὰ</span> <span class='ocrx_word' id='word_1_453' title='bbox 1138 1602 1302 1636; x_wconf 81' lang='grc' dir='ltr'>γέγραπται.</span> <span class='ocrx_word' id='word_1_454' title='bbox 1325 1602 1356 1627; x_wconf 80' lang='grc' dir='ltr'><strong>Οἱ</strong></span> <span class='ocrx_word' id='word_1_455' title='bbox 1378 1601 1405 1627; x_wconf 76' lang='grc' dir='ltr'><strong>δέ</strong></span> <span class='ocrx_word' id='word_1_456' title='bbox 1431 1610 1463 1634; x_wconf 88' lang='grc' dir='ltr'>γε</span> <span class='ocrx_word' id='word_1_457' title='bbox 1480 1602 1720 1637; x_wconf 79' lang='grc' dir='ltr'>ἀπομεμενηκδτες</span> <span class='ocrx_word' id='word_1_458' title='bbox 1741 1603 1771 1628; x_wconf 85' lang='grc' dir='ltr'>ὲν</span> <span class='ocrx_word' id='word_1_459' title='bbox 1787 1604 1848 1633; x_wconf 79' lang='grc' dir='ltr'>τοῖς</span> 
     </span>
    </p>
   </div>
   <div class='ocr_carea' id='block_1_64' title="bbox 207 1646 997 1681">
    <p class='ocr_par' dir='ltr' id='par_1_64' title="bbox 207 1646 997 1681">
     <span class='ocr_line' id='line_1_64' title="bbox 207 1646 997 1681; baseline -0.001 -7"><span class='ocrx_word' id='word_1_460' title='bbox 207 1646 346 1681; x_wconf 63' lang='lat' dir='ltr'><strong>prophetae</strong></span> <span class='ocrx_word' id='word_1_461' title='bbox 363 1646 434 1681; x_wconf 87' lang='lat' dir='ltr'><strong>apud</strong></span> <span class='ocrx_word' id='word_1_462' title='bbox 456 1655 513 1678; x_wconf 62' lang='lat' dir='ltr'><strong>eos,</strong></span> <span class='ocrx_word' id='word_1_463' title='bbox 533 1647 681 1674; x_wconf 73' lang='lat' dir='ltr'><strong>indiS‘rrete</strong></span> <span class='ocrx_word' id='word_1_464' title='bbox 706 1650 761 1674; x_wconf 86' lang='lat' dir='ltr'><strong>tum</strong></span> <span class='ocrx_word' id='word_1_465' title='bbox 784 1647 817 1674; x_wconf 80' lang='lat' dir='ltr'><strong>de</strong></span> <span class='ocrx_word' id='word_1_466' title='bbox 842 1647 875 1674; x_wconf 90' lang='lat' dir='ltr'><strong>iis</strong></span> <span class='ocrx_word' id='word_1_467' title='bbox 898 1646 945 1681; x_wconf 89' lang='lat' dir='ltr'><strong>qui</strong></span> <span class='ocrx_word' id='word_1_468' title='bbox 970 1648 997 1673; x_wconf 94' lang='lat' dir='ltr'><strong>in</strong></span> 
     </span>
    </p>
   </div>
   <div class='ocr_carea' id='block_1_65' title="bbox 207 1692 995 1729">
    <p class='ocr_par' dir='ltr' id='par_1_65' title="bbox 207 1692 995 1729">
     <span class='ocr_line' id='line_1_65' title="bbox 207 1692 995 1729; baseline -0.001 -9"><span class='ocrx_word' id='word_1_469' title='bbox 207 1692 338 1725; x_wconf 84' lang='lat' dir='ltr'><strong>Samaria,</strong></span> <span class='ocrx_word' id='word_1_470' title='bbox 358 1697 414 1720; x_wconf 89' lang='lat' dir='ltr'><strong>tum</strong></span> <span class='ocrx_word' id='word_1_471' title='bbox 436 1693 469 1720; x_wconf 87' lang='lat' dir='ltr'><strong>de</strong></span> <span class='ocrx_word' id='word_1_472' title='bbox 485 1693 519 1720; x_wconf 87' lang='lat' dir='ltr'><strong>iis</strong></span> <span class='ocrx_word' id='word_1_473' title='bbox 540 1693 585 1728; x_wconf 92' lang='lat' dir='ltr'><strong>qui</strong></span> <span class='ocrx_word' id='word_1_474' title='bbox 599 1693 775 1729; x_wconf 81' lang='lat' dir='ltr'><strong>Jcrosolymis</strong></span> <span class='ocrx_word' id='word_1_475' title='bbox 797 1693 995 1720; x_wconf 70' lang='lat' dir='ltr'><strong>vaticinantes:</strong></span> 
     </span>
    </p>
   </div>
   <div class='ocr_carea' id='block_1_66' title="bbox 207 1739 997 1775">
    <p class='ocr_par' dir='ltr' id='par_1_66' title="bbox 207 1739 997 1775">
     <span class='ocr_line' id='line_1_66' title="bbox 207 1739 997 1775; baseline 0.003 -11"><span class='ocrx_word' id='word_1_476' title='bbox 207 1745 321 1773; x_wconf 82' lang='lat' dir='ltr'><strong>quorum</strong></span> <span class='ocrx_word' id='word_1_477' title='bbox 332 1739 574 1775; x_wconf 64' lang='lat' dir='ltr'><strong>aliiJerosolymis,</strong></span> <span class='ocrx_word' id='word_1_478' title='bbox 605 1740 650 1767; x_wconf 84' lang='lat' dir='ltr'><strong>alii</strong></span> <span class='ocrx_word' id='word_1_479' title='bbox 677 1740 702 1766; x_wconf 90' lang='lat' dir='ltr'><strong>in</strong></span> <span class='ocrx_word' id='word_1_480' title='bbox 738 1739 935 1766; x_wconf 70' lang='lat' dir='ltr'><strong>Sumaritarum</strong></span> <span class='ocrx_word' id='word_1_481' title='bbox 955 1747 997 1766; x_wconf 85' lang='lat' dir='ltr'><strong>re-</strong></span> 
     </span>
    </p>
   </div>
   <div class='ocr_carea' id='block_1_67' title="bbox 206 1785 998 1820">
    <p class='ocr_par' dir='ltr' id='par_1_67' title="bbox 206 1785 998 1820">
     <span class='ocr_line' id='line_1_67' title="bbox 206 1785 998 1820; baseline -0.003 -7"><span class='ocrx_word' id='word_1_482' title='bbox 206 1785 286 1820; x_wconf 73' lang='lat' dir='ltr'><strong>gione</strong></span> <span class='ocrx_word' id='word_1_483' title='bbox 300 1786 462 1818; x_wconf 79' lang='lat' dir='ltr'><strong>habitantes,</strong></span> <span class='ocrx_word' id='word_1_484' title='bbox 480 1787 526 1813; x_wconf 92' lang='lat' dir='ltr'><strong>Dei</strong></span> <span class='ocrx_word' id='word_1_485' title='bbox 539 1793 677 1813; x_wconf 87' lang='lat' dir='ltr'><strong>sermones</strong></span> <span class='ocrx_word' id='word_1_486' title='bbox 692 1785 864 1812; x_wconf 82' lang='lat' dir='ltr'><strong>audientibus</strong></span> <span class='ocrx_word' id='word_1_487' title='bbox 875 1791 998 1820; x_wconf 73' lang='lat' dir='ltr'><strong>apporta-</strong></span> 
     </span>
    </p>
   </div>
   <div class='ocr_carea' id='block_1_68' title="bbox 207 1831 996 1867">
    <p class='ocr_par' dir='ltr' id='par_1_68' title="bbox 207 1831 996 1867">
     <span class='ocr_line' id='line_1_68' title="bbox 207 1831 996 1867; baseline 0 -9"><span class='ocrx_word' id='word_1_488' title='bbox 207 1832 282 1858; x_wconf 86' lang='lat' dir='ltr'><strong>bant.</strong></span> <span class='ocrx_word' id='word_1_489' title='bbox 301 1832 446 1859; x_wconf 87' lang='lat' dir='ltr'><strong>Sciendum</strong></span> <span class='ocrx_word' id='word_1_490' title='bbox 458 1837 558 1863; x_wconf 84' lang='lat' dir='ltr'><strong>autem,</strong></span> <span class='ocrx_word' id='word_1_491' title='bbox 575 1837 636 1867; x_wconf 89' lang='lat' dir='ltr'><strong>post</strong></span> <span class='ocrx_word' id='word_1_492' title='bbox 648 1832 755 1859; x_wconf 81' lang='lat' dir='ltr'><strong>avulsas</strong></span> <span class='ocrx_word' id='word_1_493' title='bbox 769 1831 859 1858; x_wconf 86' lang='lat' dir='ltr'><strong>decem</strong></span> <span class='ocrx_word' id='word_1_494' title='bbox 874 1831 959 1858; x_wconf 88' lang='lat' dir='ltr'><strong>tribus</strong></span> <span class='ocrx_word' id='word_1_495' title='bbox 970 1836 996 1858; x_wconf 93' lang='lat' dir='ltr'><strong>ct</strong></span> 
     </span>
    </p>
   </div>
   <div class='ocr_carea' id='block_1_69' title="bbox 209 1876 996 1912">
    <p class='ocr_par' dir='ltr' id='par_1_69' title="bbox 209 1876 996 1912">
     <span class='ocr_line' id='line_1_69' title="bbox 209 1876 996 1912; baseline 0 -8"><span class='ocrx_word' id='word_1_496' title='bbox 209 1877 348 1905; x_wconf 88' lang='lat' dir='ltr'><strong>dimidiam</strong></span> <span class='ocrx_word' id='word_1_497' title='bbox 372 1878 470 1904; x_wconf 88' lang='lat' dir='ltr'><strong>tribum</strong></span> <span class='ocrx_word' id='word_1_498' title='bbox 491 1877 618 1912; x_wconf 84' lang='lat' dir='ltr'><strong>Epitraim</strong></span> <span class='ocrx_word' id='word_1_499' title='bbox 631 1876 848 1911; x_wconf 73' lang='lat' dir='ltr'><strong>abJet-osolymis</strong></span> <span class='ocrx_word' id='word_1_500' title='bbox 869 1881 996 1911; x_wconf 88' lang='lat' dir='ltr'><strong>utrosque</strong></span> 
     </span>
    </p>
   </div>
   <div class='ocr_carea' id='block_1_70' title="bbox 206 1922 996 1959">
    <p class='ocr_par' dir='ltr' id='par_1_70' title="bbox 206 1922 996 1959">
     <span class='ocr_line' id='line_1_70' title="bbox 206 1922 996 1959; baseline -0.001 -9"><span class='ocrx_word' id='word_1_501' title='bbox 206 1923 458 1959; x_wconf 69' lang='lat' dir='ltr'><strong>propriisregibus</strong></span> <span class='ocrx_word' id='word_1_502' title='bbox 491 1931 552 1950; x_wconf 63' lang='lat' dir='ltr'><strong>esse</strong></span> <span class='ocrx_word' id='word_1_503' title='bbox 581 1930 654 1954; x_wconf 77' lang='lat' dir='ltr'><strong>usos,</strong></span> <span class='ocrx_word' id='word_1_504' title='bbox 689 1923 770 1957; x_wconf 84' lang='lat' dir='ltr'><strong>idque</strong></span> <span class='ocrx_word' id='word_1_505' title='bbox 801 1922 833 1949; x_wconf 86' lang='lat' dir='ltr'><strong>ad</strong></span> <span class='ocrx_word' id='word_1_506' title='bbox 872 1922 996 1950; x_wconf 91' lang='lat' dir='ltr'><strong>ultimam</strong></span> 
     </span>
    </p>
   </div>
   <div class='ocr_carea' id='block_1_71' title="bbox 206 1968 994 2005">
    <p class='ocr_par' dir='ltr' id='par_1_71' title="bbox 206 1968 994 2005">
     <span class='ocr_line' id='line_1_71' title="bbox 206 1968 994 2005; baseline 0.001 -10"><span class='ocrx_word' id='word_1_507' title='bbox 206 1977 291 2004; x_wconf 81' lang='lat' dir='ltr'><strong>usque</strong></span> <span class='ocrx_word' id='word_1_508' title='bbox 317 1970 500 2005; x_wconf 77' lang='lat' dir='ltr'><strong>captivitatem</strong></span> <span class='ocrx_word' id='word_1_509' title='bbox 522 1969 647 2000; x_wconf 80' lang='lat' dir='ltr'><strong>obtinuit,</strong></span> <span class='ocrx_word' id='word_1_510' title='bbox 662 1976 677 1995; x_wconf 91' lang='lat' dir='ltr'><strong>a</strong></span> <span class='ocrx_word' id='word_1_511' title='bbox 694 1976 746 2003; x_wconf 87' lang='lat' dir='ltr'><strong>qua</strong></span> <span class='ocrx_word' id='word_1_512' title='bbox 761 1973 788 1995; x_wconf 88' lang='lat' dir='ltr'><strong>et</strong></span> <span class='ocrx_word' id='word_1_513' title='bbox 798 1968 994 2004; x_wconf 81' lang='lat' dir='ltr'><strong>Jerosolytnam</strong></span> 
     </span>
    </p>
   </div>
   <div class='ocr_carea' id='block_1_72' title="bbox 202 2014 995 2051">
    <p class='ocr_par' dir='ltr' id='par_1_72' title="bbox 202 2014 995 2051">
     <span class='ocr_line' id='line_1_72' title="bbox 202 2014 995 2051; baseline 0 -9"><span class='ocrx_word' id='word_1_514' title='bbox 202 2015 276 2051; x_wconf 76' lang='lat' dir='ltr'><strong>Cyro</strong></span> <span class='ocrx_word' id='word_1_515' title='bbox 290 2020 428 2050; x_wconf 81' lang='lat' dir='ltr'><strong>regnante,</strong></span> <span class='ocrx_word' id='word_1_516' title='bbox 446 2021 473 2042; x_wconf 89' lang='lat' dir='ltr'><strong>et</strong></span> <span class='ocrx_word' id='word_1_517' title='bbox 485 2015 601 2042; x_wconf 69' lang='lat' dir='ltr'><strong>reditum</strong></span> <span class='ocrx_word' id='word_1_518' title='bbox 627 2014 679 2041; x_wconf 76' lang='lat' dir='ltr'><strong>illis</strong></span> <span class='ocrx_word' id='word_1_519' title='bbox 705 2014 876 2049; x_wconf 81' lang='lat' dir='ltr'><strong>permittente</strong></span> <span class='ocrx_word' id='word_1_520' title='bbox 894 2016 995 2042; x_wconf 65' lang='lat' dir='ltr'><strong>reversi</strong></span> 
     </span>
    </p>
   </div>
   <div class='ocr_carea' id='block_1_73' title="bbox 206 2059 996 2096">
    <p class='ocr_par' dir='ltr' id='par_1_73' title="bbox 206 2059 996 2096">
     <span class='ocr_line' id='line_1_73' title="bbox 206 2059 996 2096; baseline -0.001 -8"><span class='ocrx_word' id='word_1_521' title='bbox 206 2066 280 2094; x_wconf 80' lang='lat' dir='ltr'><strong>sunt,</strong></span> <span class='ocrx_word' id='word_1_522' title='bbox 316 2061 386 2088; x_wconf 88' lang='lat' dir='ltr'><strong>duce</strong></span> <span class='ocrx_word' id='word_1_523' title='bbox 403 2069 434 2088; x_wconf 81' lang='lat' dir='ltr'><strong>ac</strong></span> <span class='ocrx_word' id='word_1_524' title='bbox 453 2061 575 2096; x_wconf 76' lang='lat' dir='ltr'><strong>print-ipe</strong></span> <span class='ocrx_word' id='word_1_525' title='bbox 592 2059 757 2088; x_wconf 86' lang='lat' dir='ltr'><strong>Zorobabcle</strong></span> <span class='ocrx_word' id='word_1_526' title='bbox 777 2059 929 2088; x_wconf 88' lang='lat' dir='ltr'><strong>Salatbielis</strong></span> <span class='ocrx_word' id='word_1_527' title='bbox 943 2060 996 2088; x_wconf 80' lang='lat' dir='ltr'><strong>ﬁlio</strong></span> 
     </span>
    </p>
   </div>
   <div class='ocr_carea' id='block_1_74' title="bbox 205 2105 997 2139">
    <p class='ocr_par' dir='ltr' id='par_1_74' title="bbox 205 2105 997 2139">
     <span class='ocr_line' id='line_1_74' title="bbox 205 2105 997 2139; baseline -0.003 -5"><span class='ocrx_word' id='word_1_528' title='bbox 205 2106 316 2134; x_wconf 84' lang='lat' dir='ltr'><strong>detribu</strong></span> <span class='ocrx_word' id='word_1_529' title='bbox 331 2106 411 2139; x_wconf 81' lang='lat' dir='ltr'><strong>Juda,</strong></span> <span class='ocrx_word' id='word_1_530' title='bbox 426 2111 454 2134; x_wconf 86' lang='lat' dir='ltr'><strong>et</strong></span> <span class='ocrx_word' id='word_1_531' title='bbox 478 2114 585 2133; x_wconf 88' lang='lat' dir='ltr'><strong>sutumo</strong></span> <span class='ocrx_word' id='word_1_532' title='bbox 607 2106 752 2133; x_wconf 77' lang='lat' dir='ltr'><strong>sacerdote</strong></span> <span class='ocrx_word' id='word_1_533' title='bbox 771 2105 835 2132; x_wconf 79' lang='lat' dir='ltr'><strong>Jcsu</strong></span> <span class='ocrx_word' id='word_1_534' title='bbox 852 2106 905 2132; x_wconf 83' lang='lat' dir='ltr'><strong>tilio</strong></span> <span class='ocrx_word' id='word_1_535' title='bbox 919 2106 997 2132; x_wconf 84' lang='lat' dir='ltr'><strong>.lose-</strong></span> 
     </span>
    </p>
   </div>
   <div class='ocr_carea' id='block_1_75' title="bbox 205 2151 995 2186">
    <p class='ocr_par' dir='ltr' id='par_1_75' title="bbox 205 2151 995 2186">
     <span class='ocr_line' id='line_1_75' title="bbox 205 2151 995 2186; baseline -0.001 -7"><span class='ocrx_word' id='word_1_536' title='bbox 205 2152 303 2180; x_wconf 77' lang='lat' dir='ltr'><strong>dec”.</strong></span> <span class='ocrx_word' id='word_1_537' title='bbox 324 2152 393 2179; x_wconf 90' lang='lat' dir='ltr'><strong>&#39;l‘um</strong></span> <span class='ocrx_word' id='word_1_538' title='bbox 424 2159 531 2186; x_wconf 87' lang='lat' dir='ltr'><strong>quoque</strong></span> <span class='ocrx_word' id='word_1_539' title='bbox 561 2151 690 2186; x_wconf 80' lang='lat' dir='ltr'><strong>templum</strong></span> <span class='ocrx_word' id='word_1_540' title='bbox 731 2151 939 2182; x_wconf 71' lang='lat' dir='ltr'><strong>remdiliearunt,</strong></span> <span class='ocrx_word' id='word_1_541' title='bbox 968 2155 995 2178; x_wconf 80' lang='lat' dir='ltr'><strong>et</strong></span> 
     </span>
    </p>
   </div>
   <div class='ocr_carea' id='block_1_76' title="bbox 205 2196 996 2232">
    <p class='ocr_par' dir='ltr' id='par_1_76' title="bbox 205 2196 996 2232">
     <span class='ocr_line' id='line_1_76' title="bbox 205 2196 996 2232; baseline -0.003 -7"><span class='ocrx_word' id='word_1_542' title='bbox 205 2199 278 2225; x_wconf 83' lang='lat' dir='ltr'><strong>omni</strong></span> <span class='ocrx_word' id='word_1_543' title='bbox 287 2198 390 2226; x_wconf 84' lang='lat' dir='ltr'><strong>sublata</strong></span> <span class='ocrx_word' id='word_1_544' title='bbox 404 2198 549 2229; x_wconf 77' lang='lat' dir='ltr'><strong>discordia,</strong></span> <span class='ocrx_word' id='word_1_545' title='bbox 566 2199 617 2224; x_wconf 87' lang='lat' dir='ltr'><strong>sub</strong></span> <span class='ocrx_word' id='word_1_546' title='bbox 632 2205 686 2224; x_wconf 93' lang='lat' dir='ltr'><strong>uno</strong></span> <span class='ocrx_word' id='word_1_547' title='bbox 698 2197 812 2232; x_wconf 88' lang='lat' dir='ltr'><strong>imperio</strong></span> <span class='ocrx_word' id='word_1_548' title='bbox 819 2196 996 2232; x_wconf 82' lang='lat' dir='ltr'><strong>Jcrosolymis</strong></span> 
     </span>
    </p>
   </div>
   <div class='ocr_carea' id='block_1_77' title="bbox 204 2243 995 2278">
    <p class='ocr_par' dir='ltr' id='par_1_77' title="bbox 204 2243 995 2278">
     <span class='ocr_line' id='line_1_77' title="bbox 204 2243 995 2278; baseline -0.004 -6"><span class='ocrx_word' id='word_1_549' title='bbox 204 2244 341 2272; x_wconf 78' lang='lat' dir='ltr'><strong>vixerunt.</strong></span> <span class='ocrx_word' id='word_1_550' title='bbox 351 2244 461 2277; x_wconf 75' lang='lat' dir='ltr'><strong>Quoties</strong></span> <span class='ocrx_word' id='word_1_551' title='bbox 476 2249 565 2270; x_wconf 88' lang='lat' dir='ltr'><strong>autem</strong></span> <span class='ocrx_word' id='word_1_552' title='bbox 584 2243 700 2272; x_wconf 84' lang='lat' dir='ltr'><strong>diversis</strong></span> <span class='ocrx_word' id='word_1_553' title='bbox 719 2243 885 2278; x_wconf 82' lang='lat' dir='ltr'><strong>temporibus</strong></span> <span class='ocrx_word' id='word_1_554' title='bbox 897 2243 923 2270; x_wconf 91' lang='lat' dir='ltr'><strong>in</strong></span> <span class='ocrx_word' id='word_1_555' title='bbox 938 2250 995 2270; x_wconf 87' lang='lat' dir='ltr'><strong>ser-</strong></span> 
     </span>
    </p>
   </div>
   <div class='ocr_carea' id='block_1_78' title="bbox 204 2289 996 2321">
    <p class='ocr_par' dir='ltr' id='par_1_78' title="bbox 204 2289 996 2321">
     <span class='ocr_line' id='line_1_78' title="bbox 204 2289 996 2321; baseline -0.004 -3"><span class='ocrx_word' id='word_1_556' title='bbox 204 2291 318 2318; x_wconf 75' lang='lat' dir='ltr'><strong>vitutem</strong></span> <span class='ocrx_word' id='word_1_557' title='bbox 351 2291 449 2317; x_wconf 89' lang='lat' dir='ltr'><strong>redacti</strong></span> <span class='ocrx_word' id='word_1_558' title='bbox 465 2289 749 2317; x_wconf 83' lang='lat' dir='ltr'><strong>sintseorsuntdecem</strong></span> <span class='ocrx_word' id='word_1_559' title='bbox 764 2290 860 2321; x_wconf 84' lang='lat' dir='ltr'><strong>tribus,</strong></span> <span class='ocrx_word' id='word_1_560' title='bbox 875 2294 903 2316; x_wconf 87' lang='lat' dir='ltr'><strong>et</strong></span> <span class='ocrx_word' id='word_1_561' title='bbox 915 2289 996 2316; x_wconf 82' lang='lat' dir='ltr'><strong>dimi-</strong></span> 
     </span>
    </p>
   </div>
   <div class='ocr_carea' id='block_1_79' title="bbox 206 2333 992 2370">
    <p class='ocr_par' dir='ltr' id='par_1_79' title="bbox 206 2333 992 2370">
     <span class='ocr_line' id='line_1_79' title="bbox 206 2333 992 2370; baseline -0.003 -8"><span class='ocrx_word' id='word_1_562' title='bbox 206 2336 249 2362; x_wconf 85' lang='lat' dir='ltr'><strong>dia</strong></span> <span class='ocrx_word' id='word_1_563' title='bbox 275 2336 360 2363; x_wconf 88' lang='lat' dir='ltr'><strong>tribtts</strong></span> <span class='ocrx_word' id='word_1_564' title='bbox 390 2335 527 2369; x_wconf 86' lang='lat' dir='ltr'><strong>Ephraim,</strong></span> <span class='ocrx_word' id='word_1_565' title='bbox 553 2340 579 2362; x_wconf 85' lang='lat' dir='ltr'><strong>et</strong></span> <span class='ocrx_word' id='word_1_566' title='bbox 596 2335 641 2370; x_wconf 86' lang='lat' dir='ltr'><strong>qui</strong></span> <span class='ocrx_word' id='word_1_567' title='bbox 656 2334 808 2362; x_wconf 88' lang='lat' dir='ltr'><strong>incolebant</strong></span> <span class='ocrx_word' id='word_1_568' title='bbox 832 2333 992 2368; x_wconf 81' lang='lat' dir='ltr'><strong>Jerusalem,</strong></span> 
     </span>
    </p>
   </div>
   <div class='ocr_carea' id='block_1_80' title="bbox 205 2380 994 2416">
    <p class='ocr_par' dir='ltr' id='par_1_80' title="bbox 205 2380 994 2416">
     <span class='ocr_line' id='line_1_80' title="bbox 205 2380 994 2416; baseline -0.001 -8"><span class='ocrx_word' id='word_1_569' title='bbox 205 2381 285 2414; x_wconf 85' lang='lat' dir='ltr'><strong>Juda,</strong></span> <span class='ocrx_word' id='word_1_570' title='bbox 301 2386 328 2408; x_wconf 90' lang='lat' dir='ltr'><strong>et</strong></span> <span class='ocrx_word' id='word_1_571' title='bbox 342 2380 493 2416; x_wconf 80' lang='lat' dir='ltr'><strong>Benjamin,</strong></span> <span class='ocrx_word' id='word_1_572' title='bbox 505 2389 537 2408; x_wconf 79' lang='lat' dir='ltr'><strong>ex</strong></span> <span class='ocrx_word' id='word_1_573' title='bbox 546 2381 587 2408; x_wconf 83' lang='lat' dir='ltr'><strong>Itis</strong></span> <span class='ocrx_word' id='word_1_574' title='bbox 600 2388 659 2415; x_wconf 71' lang='lat' dir='ltr'><strong>qum</strong></span> <span class='ocrx_word' id='word_1_575' title='bbox 670 2384 821 2416; x_wconf 86' lang='lat' dir='ltr'><strong>sequuntur</strong></span> <span class='ocrx_word' id='word_1_576' title='bbox 831 2380 934 2415; x_wconf 91' lang='lat' dir='ltr'><strong>liqttido</strong></span> <span class='ocrx_word' id='word_1_577' title='bbox 947 2387 994 2414; x_wconf 86' lang='lat' dir='ltr'><strong>pa-</strong></span> 
     </span>
    </p>
   </div>
   <div class='ocr_carea' id='block_1_81' title="bbox 206 2427 993 2462">
    <p class='ocr_par' dir='ltr' id='par_1_81' title="bbox 206 2427 993 2462">
     <span class='ocr_line' id='line_1_81' title="bbox 206 2427 993 2462; baseline 0 -8"><span class='ocrx_word' id='word_1_578' title='bbox 206 2427 282 2454; x_wconf 85' lang='lat' dir='ltr'><strong>tebit.</strong></span> <span class='ocrx_word' id='word_1_579' title='bbox 299 2427 415 2454; x_wconf 76' lang='lat' dir='ltr'><strong>Necesse</strong></span> <span class='ocrx_word' id='word_1_580' title='bbox 428 2435 510 2462; x_wconf 86' lang='lat' dir='ltr'><strong>porro</strong></span> <span class='ocrx_word' id='word_1_581' title='bbox 518 2427 568 2454; x_wconf 84' lang='lat' dir='ltr'><strong>fuit</strong></span> <span class='ocrx_word' id='word_1_582' title='bbox 584 2428 665 2454; x_wconf 86' lang='lat' dir='ltr'><strong>etiam</strong></span> <span class='ocrx_word' id='word_1_583' title='bbox 679 2427 904 2462; x_wconf 71' lang='lat' dir='ltr'><strong>temporalitteris</strong></span> <span class='ocrx_word' id='word_1_584' title='bbox 915 2435 993 2454; x_wconf 83' lang='lat' dir='ltr'><strong>man—</strong></span> 
     </span>
    </p>
   </div>
   <div class='ocr_carea' id='block_1_82' title="bbox 206 2472 992 2508">
    <p class='ocr_par' dir='ltr' id='par_1_82' title="bbox 206 2472 992 2508">
     <span class='ocr_line' id='line_1_82' title="bbox 206 2472 992 2508; baseline 0 -9"><span class='ocrx_word' id='word_1_585' title='bbox 206 2473 274 2504; x_wconf 87' lang='lat' dir='ltr'><strong>dari,</strong></span> <span class='ocrx_word' id='word_1_586' title='bbox 287 2472 387 2508; x_wconf 88' lang='lat' dir='ltr'><strong>quibus</strong></span> <span class='ocrx_word' id='word_1_587' title='bbox 395 2473 581 2506; x_wconf 90' lang='lat' dir='ltr'><strong>unusquisque</strong></span> <span class='ocrx_word' id='word_1_588' title='bbox 594 2473 785 2507; x_wconf 70' lang='lat' dir='ltr'><strong>sanctorums</strong></span> <span class='ocrx_word' id='word_1_589' title='bbox 798 2472 992 2507; x_wconf 87' lang='lat' dir='ltr'><strong>prophetarum</strong></span> 
     </span>
    </p>
   </div>
   <div class='ocr_carea' id='block_1_83' title="bbox 205 2518 990 2553">
    <p class='ocr_par' dir='ltr' id='par_1_83' title="bbox 205 2518 990 2553">
     <span class='ocr_line' id='line_1_83' title="bbox 205 2518 990 2553; baseline 0 -8"><span class='ocrx_word' id='word_1_590' title='bbox 205 2519 311 2545; x_wconf 86' lang='lat' dir='ltr'><strong>loeutus</strong></span> <span class='ocrx_word' id='word_1_591' title='bbox 325 2522 375 2550; x_wconf 87' lang='lat' dir='ltr'><strong>est,</strong></span> <span class='ocrx_word' id='word_1_592' title='bbox 390 2523 420 2545; x_wconf 91' lang='lat' dir='ltr'><strong>ut</strong></span> <span class='ocrx_word' id='word_1_593' title='bbox 432 2523 527 2545; x_wconf 81' lang='lat' dir='ltr'><strong>exacte</strong></span> <span class='ocrx_word' id='word_1_594' title='bbox 543 2525 726 2550; x_wconf 81' lang='lat' dir='ltr'><strong>nosceretnus,</strong></span> <span class='ocrx_word' id='word_1_595' title='bbox 741 2518 813 2553; x_wconf 88' lang='lat' dir='ltr'><strong>quali</strong></span> <span class='ocrx_word' id='word_1_596' title='bbox 830 2526 919 2545; x_wconf 89' lang='lat' dir='ltr'><strong>rerum</strong></span> <span class='ocrx_word' id='word_1_597' title='bbox 935 2523 990 2546; x_wconf 85' lang='lat' dir='ltr'><strong>sta—</strong></span> 
     </span>
    </p>
   </div>
   <div class='ocr_carea' id='block_1_84' title="bbox 207 2564 990 2598">
    <p class='ocr_par' dir='ltr' id='par_1_84' title="bbox 207 2564 990 2598">
     <span class='ocr_line' id='line_1_84' title="bbox 207 2564 990 2598; baseline 0 -8"><span class='ocrx_word' id='word_1_598' title='bbox 207 2569 245 2596; x_wconf 87' lang='lat' dir='ltr'><strong>tu,</strong></span> <span class='ocrx_word' id='word_1_599' title='bbox 258 2568 285 2591; x_wconf 88' lang='lat' dir='ltr'><strong>et</strong></span> <span class='ocrx_word' id='word_1_600' title='bbox 296 2571 413 2598; x_wconf 82' lang='lat' dir='ltr'><strong>quonam</strong></span> <span class='ocrx_word' id='word_1_601' title='bbox 439 2564 520 2592; x_wconf 91' lang='lat' dir='ltr'><strong>modo</strong></span> <span class='ocrx_word' id='word_1_602' title='bbox 539 2564 572 2591; x_wconf 90' lang='lat' dir='ltr'><strong>iis</strong></span> <span class='ocrx_word' id='word_1_603' title='bbox 595 2564 766 2598; x_wconf 86' lang='lat' dir='ltr'><strong>habentibus,</strong></span> <span class='ocrx_word' id='word_1_604' title='bbox 793 2564 839 2592; x_wconf 83' lang='lat' dir='ltr'><strong>Dei</strong></span> <span class='ocrx_word' id='word_1_605' title='bbox 861 2564 940 2592; x_wconf 74' lang='lat' dir='ltr'><strong>verba</strong></span> <span class='ocrx_word' id='word_1_606' title='bbox 956 2564 990 2591; x_wconf 90' lang='lat' dir='ltr'><strong>ad</strong></span> 
     </span>
    </p>
   </div>
   <div class='ocr_carea' id='block_1_85' title="bbox 205 2610 414 2637">
    <p class='ocr_par' dir='ltr' id='par_1_85' title="bbox 205 2610 414 2637">
     <span class='ocr_line' id='line_1_85' title="bbox 205 2610 414 2637; baseline -0.005 0"><span class='ocrx_word' id='word_1_607' title='bbox 205 2617 254 2637; x_wconf 84' lang='lat' dir='ltr'><strong>eos</strong></span> <span class='ocrx_word' id='word_1_608' title='bbox 269 2610 339 2637; x_wconf 82' lang='lat' dir='ltr'><strong>facta</strong></span> <span class='ocrx_word' id='word_1_609' title='bbox 351 2610 414 2637; x_wconf 88' lang='lat' dir='ltr'><strong>sint.</strong></span> 
     </span>
    </p>
   </div>
   <div class='ocr_carea' id='block_1_86' title="bbox 1054 1646 1846 1682">
    <p class='ocr_par' dir='ltr' id='par_1_86' title="bbox 1054 1646 1846 1682">
     <span class='ocr_line' id='line_1_86' title="bbox 1054 1646 1846 1682; baseline 0 -9"><span class='ocrx_word' id='word_1_610' title='bbox 1054 1646 1260 1682; x_wconf 81' lang='grc' dir='ltr'>Ἰεροσολύμοις,</span> <span class='ocrx_word' id='word_1_611' title='bbox 1282 1646 1382 1678; x_wconf 77' lang='grc' dir='ltr'>Ἰούδας</span> <span class='ocrx_word' id='word_1_612' title='bbox 1397 1655 1437 1679; x_wconf 87' lang='grc' dir='ltr'>τε,</span> <span class='ocrx_word' id='word_1_613' title='bbox 1452 1647 1535 1682; x_wconf 73' lang='grc' dir='ltr'>φημὶ,</span> <span class='ocrx_word' id='word_1_614' title='bbox 1552 1647 1599 1674; x_wconf 73' lang='grc' dir='ltr'>καὶ</span> <span class='ocrx_word' id='word_1_615' title='bbox 1620 1647 1760 1682; x_wconf 66' lang='grc' dir='ltr'>Βενιαμὶν,</span> <span class='ocrx_word' id='word_1_616' title='bbox 1774 1647 1846 1674; x_wconf 75' lang='grc' dir='ltr'><strong>αἰίὼ</strong></span> 
     </span>
    </p>
   </div>
   <div class='ocr_carea' id='block_1_87' title="bbox 1049 1692 1843 1728">
    <p class='ocr_par' dir='ltr' id='par_1_87' title="bbox 1049 1692 1843 1728">
     <span class='ocr_line' id='line_1_87' title="bbox 1049 1692 1843 1728; baseline 0.001 -10"><span class='ocrx_word' id='word_1_617' title='bbox 1049 1692 1099 1728; x_wconf 86' lang='grc' dir='ltr'><strong>μέν</strong></span> <span class='ocrx_word' id='word_1_618' title='bbox 1119 1701 1179 1719; x_wconf 85' lang='grc' dir='ltr'>τινα</span> <span class='ocrx_word' id='word_1_619' title='bbox 1200 1693 1247 1719; x_wconf 77' lang='grc' dir='ltr'><strong>καὶ</strong></span> <span class='ocrx_word' id='word_1_620' title='bbox 1271 1692 1348 1726; x_wconf 85' lang='grc' dir='ltr'>λόγον</span> <span class='ocrx_word' id='word_1_621' title='bbox 1362 1692 1417 1719; x_wconf 84' lang='grc' dir='ltr'><strong>τῶν</strong></span> <span class='ocrx_word' id='word_1_622' title='bbox 1431 1692 1474 1719; x_wconf 81' lang='grc' dir='ltr'><strong>διὰ</strong></span> <span class='ocrx_word' id='word_1_623' title='bbox 1495 1692 1617 1724; x_wconf 79' lang='grc' dir='ltr'><strong>Μωσέως</strong></span> <span class='ocrx_word' id='word_1_624' title='bbox 1639 1692 1778 1719; x_wconf 74' lang='grc' dir='ltr'>ἐποιοῦντο</span> <span class='ocrx_word' id='word_1_625' title='bbox 1795 1693 1843 1719; x_wconf 84' lang='grc' dir='ltr'><strong>θε-</strong></span> 
     </span>
    </p>
   </div>
   <div class='ocr_carea' id='block_1_88' title="bbox 1048 1738 1842 1774">
    <p class='ocr_par' dir='ltr' id='par_1_88' title="bbox 1048 1738 1842 1774">
     <span class='ocr_line' id='line_1_88' title="bbox 1048 1738 1842 1774; baseline 0.003 -10"><span class='ocrx_word' id='word_1_626' title='bbox 1048 1740 1220 1774; x_wconf 83' lang='grc' dir='ltr'>σπισμάτων.</span> <span class='ocrx_word' id='word_1_627' title='bbox 1238 1738 1336 1765; x_wconf 82' lang='grc' dir='ltr'>Ἔθυον</span> <span class='ocrx_word' id='word_1_628' title='bbox 1356 1739 1410 1774; x_wconf 77' lang='grc' dir='ltr'><strong>γαρ</strong></span> <span class='ocrx_word' id='word_1_629' title='bbox 1427 1739 1456 1765; x_wconf 80' lang='grc' dir='ltr'>ἐν</span> <span class='ocrx_word' id='word_1_630' title='bbox 1477 1738 1515 1774; x_wconf 84' lang='grc' dir='ltr'>τῷ</span> <span class='ocrx_word' id='word_1_631' title='bbox 1534 1739 1608 1774; x_wconf 85' lang='grc' dir='ltr'>ναῷ·</span> <span class='ocrx_word' id='word_1_632' title='bbox 1631 1739 1763 1774; x_wconf 75' lang='grc' dir='ltr'>πλὴνοοὺχ</span> <span class='ocrx_word' id='word_1_633' title='bbox 1779 1739 1842 1766; x_wconf 85' lang='grc' dir='ltr'>ὁλο-</span> 
     </span>
    </p>
   </div>
   <div class='ocr_carea' id='block_1_89' title="bbox 1046 1785 1843 1823">
    <p class='ocr_par' dir='ltr' id='par_1_89' title="bbox 1046 1785 1843 1823">
     <span class='ocr_line' id='line_1_89' title="bbox 1046 1785 1843 1823; baseline 0.004 -12"><span class='ocrx_word' id='word_1_634' title='bbox 1046 1786 1155 1820; x_wconf 66' lang='grc' dir='ltr'>τρᾶπως</span> <span class='ocrx_word' id='word_1_635' title='bbox 1175 1785 1224 1820; x_wconf 81' lang='grc' dir='ltr'>τῆς</span> <span class='ocrx_word' id='word_1_636' title='bbox 1249 1787 1290 1818; x_wconf 79' lang='grc' dir='ltr'>εις</span> <span class='ocrx_word' id='word_1_637' title='bbox 1306 1785 1372 1812; x_wconf 84' lang='grc' dir='ltr'>Θεδν</span> <span class='ocrx_word' id='word_1_638' title='bbox 1395 1786 1505 1821; x_wconf 79' lang='grc' dir='ltr'>ἀγάπης</span> <span class='ocrx_word' id='word_1_639' title='bbox 1529 1786 1672 1821; x_wconf 75' lang='grc' dir='ltr'>ὲξείχοντο,</span> <span class='ocrx_word' id='word_1_640' title='bbox 1691 1787 1843 1823; x_wconf 84' lang='grc' dir='ltr'>κατεμερί-</span> 
     </span>
    </p>
   </div>
   <div class='ocr_carea' id='block_1_90' title="bbox 1047 1831 1843 1869">
    <p class='ocr_par' dir='ltr' id='par_1_90' title="bbox 1047 1831 1843 1869">
     <span class='ocr_line' id='line_1_90' title="bbox 1047 1831 1843 1869; baseline 0.003 -11"><span class='ocrx_word' id='word_1_641' title='bbox 1047 1831 1123 1864; x_wconf 83' lang='grc' dir='ltr'>ζοντο</span> <span class='ocrx_word' id='word_1_642' title='bbox 1151 1832 1179 1859; x_wconf 78' lang='grc' dir='ltr'>δὲ</span> <span class='ocrx_word' id='word_1_643' title='bbox 1205 1833 1252 1859; x_wconf 70' lang='grc' dir='ltr'><strong>καὶ</strong></span> <span class='ocrx_word' id='word_1_644' title='bbox 1275 1833 1355 1859; x_wconf 73' lang='grc' dir='ltr'>αὐτοὶ</span> <span class='ocrx_word' id='word_1_645' title='bbox 1378 1833 1446 1868; x_wconf 82' lang='grc' dir='ltr'>πρὸς</span> <span class='ocrx_word' id='word_1_646' title='bbox 1471 1833 1632 1860; x_wconf 82' lang='grc' dir='ltr'>ἀπόστασιν.</span> <span class='ocrx_word' id='word_1_647' title='bbox 1659 1833 1758 1860; x_wconf 76' lang='grc' dir='ltr'>Ἔουον</span> <span class='ocrx_word' id='word_1_648' title='bbox 1785 1833 1843 1869; x_wconf 69' lang='grc' dir='ltr'>γὰρ</span> 
     </span>
    </p>
   </div>
   <div class='ocr_carea' id='block_1_91' title="bbox 1047 1877 1843 1914">
    <p class='ocr_par' dir='ltr' id='par_1_91' title="bbox 1047 1877 1843 1914">
     <span class='ocr_line' id='line_1_91' title="bbox 1047 1877 1843 1914; baseline 0.003 -10"><span class='ocrx_word' id='word_1_649' title='bbox 1047 1877 1166 1909; x_wconf 76' lang='grc' dir='ltr'>εἰδώλοις</span> <span class='ocrx_word' id='word_1_650' title='bbox 1192 1878 1238 1905; x_wconf 76' lang='grc' dir='ltr'>ἐπὶ</span> <span class='ocrx_word' id='word_1_651' title='bbox 1263 1879 1353 1905; x_wconf 80' lang='grc' dir='ltr'>πάντα</span> <span class='ocrx_word' id='word_1_652' title='bbox 1381 1879 1474 1914; x_wconf 84' lang='grc' dir='ltr'>βουνὸν</span> <span class='ocrx_word' id='word_1_653' title='bbox 1499 1878 1609 1914; x_wconf 72' lang='grc' dir='ltr'>ὑψηλὸν,</span> <span class='ocrx_word' id='word_1_654' title='bbox 1637 1879 1684 1905; x_wconf 82' lang='grc' dir='ltr'><strong>καὶ</strong></span> <span class='ocrx_word' id='word_1_655' title='bbox 1711 1879 1843 1906; x_wconf 79' lang='grc' dir='ltr'>ὑποκάτω</span> 
     </span>
    </p>
   </div>
   <div class='ocr_carea' id='block_1_92' title="bbox 1048 1923 1839 1960">
    <p class='ocr_par' dir='ltr' id='par_1_92' title="bbox 1048 1923 1839 1960">
     <span class='ocr_line' id='line_1_92' title="bbox 1048 1923 1839 1960; baseline 0.003 -11"><span class='ocrx_word' id='word_1_656' title='bbox 1048 1924 1148 1954; x_wconf 67' lang='grc' dir='ltr'>παντὸς</span> <span class='ocrx_word' id='word_1_657' title='bbox 1162 1923 1239 1955; x_wconf 82' lang='grc' dir='ltr'>ξύλου</span> <span class='ocrx_word' id='word_1_658' title='bbox 1253 1923 1398 1955; x_wconf 80' lang='grc' dir='ltr'>ἀλσὼδους,</span> <span class='ocrx_word' id='word_1_659' title='bbox 1418 1924 1489 1950; x_wconf 77' lang='grc' dir='ltr'>κατὰ</span> <span class='ocrx_word' id='word_1_660' title='bbox 1502 1923 1550 1958; x_wconf 79' lang='grc' dir='ltr'><strong>τὴν</strong></span> <span class='ocrx_word' id='word_1_661' title='bbox 1563 1923 1609 1950; x_wconf 75' lang='grc' dir='ltr'>τοῦ</span> <span class='ocrx_word' id='word_1_662' title='bbox 1626 1926 1766 1960; x_wconf 55' lang='grc' dir='ltr'>προᾳήτου</span> <span class='ocrx_word' id='word_1_663' title='bbox 1780 1934 1839 1959; x_wconf 69' lang='grc' dir='ltr'><strong>φω-</strong></span> 
     </span>
    </p>
   </div>
   <div class='ocr_carea' id='block_1_93' title="bbox 1046 1968 1841 2006">
    <p class='ocr_par' dir='ltr' id='par_1_93' title="bbox 1046 1968 1841 2006">
     <span class='ocr_line' id='line_1_93' title="bbox 1046 1968 1841 2006; baseline 0.004 -12"><span class='ocrx_word' id='word_1_664' title='bbox 1046 1968 1104 2002; x_wconf 88' lang='grc' dir='ltr'>νήν.</span> <span class='ocrx_word' id='word_1_665' title='bbox 1130 1968 1215 1995; x_wconf 84' lang='grc' dir='ltr'>Ὅταν</span> <span class='ocrx_word' id='word_1_666' title='bbox 1245 1969 1334 1995; x_wconf 79' lang='grc' dir='ltr'>τοίνυν</span> <span class='ocrx_word' id='word_1_667' title='bbox 1365 1969 1468 2004; x_wconf 82' lang='grc' dir='ltr'>ἀκούῃς</span> <span class='ocrx_word' id='word_1_668' title='bbox 1493 1969 1547 1996; x_wconf 87' lang='grc' dir='ltr'><strong>τῶν</strong></span> <span class='ocrx_word' id='word_1_669' title='bbox 1573 1970 1658 2003; x_wconf 80' lang='grc' dir='ltr'>ἁγίων</span> <span class='ocrx_word' id='word_1_670' title='bbox 1690 1971 1841 2006; x_wconf 67' lang='grc' dir='ltr'>προφητῶν</span> 
     </span>
    </p>
   </div>
   <div class='ocr_carea' id='block_1_94' title="bbox 1047 2013 1839 2051">
    <p class='ocr_par' dir='ltr' id='par_1_94' title="bbox 1047 2013 1839 2051">
     <span class='ocr_line' id='line_1_94' title="bbox 1047 2013 1839 2051; baseline 0.004 -12"><span class='ocrx_word' id='word_1_671' title='bbox 1047 2013 1232 2048; x_wconf 81' lang='grc' dir='ltr'>ὀνομαζόντων</span> <span class='ocrx_word' id='word_1_672' title='bbox 1247 2014 1292 2040; x_wconf 79' lang='grc' dir='ltr'><strong>τὸν</strong></span> <span class='ocrx_word' id='word_1_673' title='bbox 1314 2014 1431 2050; x_wconf 75' lang='grc' dir='ltr'>Ἰσραὴλ,</span> <span class='ocrx_word' id='word_1_674' title='bbox 1446 2015 1504 2049; x_wconf 78' lang='grc' dir='ltr'>ἤτοι</span> <span class='ocrx_word' id='word_1_675' title='bbox 1519 2014 1562 2041; x_wconf 80' lang='grc' dir='ltr'>τὸν</span> <span class='ocrx_word' id='word_1_676' title='bbox 1582 2015 1712 2050; x_wconf 57' lang='grc' dir='ltr'>Ἐῳραῒμη</span> <span class='ocrx_word' id='word_1_677' title='bbox 1728 2017 1788 2042; x_wconf 84' lang='grc' dir='ltr'>τότε</span> <span class='ocrx_word' id='word_1_678' title='bbox 1805 2016 1839 2051; x_wconf 91' lang='grc' dir='ltr'>δή</span> 
     </span>
    </p>
   </div>
   <div class='ocr_carea' id='block_1_95' title="bbox 1048 2059 1841 2095">
    <p class='ocr_par' dir='ltr' id='par_1_95' title="bbox 1048 2059 1841 2095">
     <span class='ocr_line' id='line_1_95' title="bbox 1048 2059 1841 2095; baseline 0.004 -11"><span class='ocrx_word' id='word_1_679' title='bbox 1048 2067 1093 2092; x_wconf 91' lang='grc' dir='ltr'><strong>μοι</strong></span> <span class='ocrx_word' id='word_1_680' title='bbox 1109 2059 1163 2085; x_wconf 83' lang='grc' dir='ltr'>νόει</span> <span class='ocrx_word' id='word_1_681' title='bbox 1180 2060 1241 2090; x_wconf 79' lang='grc' dir='ltr'>τοὺς</span> <span class='ocrx_word' id='word_1_682' title='bbox 1263 2060 1291 2086; x_wconf 84' lang='grc' dir='ltr'>ὲν</span> <span class='ocrx_word' id='word_1_683' title='bbox 1311 2060 1344 2094; x_wconf 80' lang='grc' dir='ltr'>τῇ</span> <span class='ocrx_word' id='word_1_684' title='bbox 1366 2059 1518 2095; x_wconf 71' lang='grc' dir='ltr'>Σαμαρείᾳ·</span> <span class='ocrx_word' id='word_1_685' title='bbox 1545 2060 1608 2086; x_wconf 82' lang='grc' dir='ltr'>ὅταν</span> <span class='ocrx_word' id='word_1_686' title='bbox 1627 2061 1655 2086; x_wconf 76' lang='grc' dir='ltr'><strong>δὲ</strong></span> <span class='ocrx_word' id='word_1_687' title='bbox 1673 2060 1718 2087; x_wconf 80' lang='grc' dir='ltr'><strong>τὸν</strong></span> <span class='ocrx_word' id='word_1_688' title='bbox 1737 2061 1841 2088; x_wconf 83' lang='grc' dir='ltr'>Ἰούδαν</span> 
     </span>
    </p>
   </div>
   <div class='ocr_carea' id='block_1_96' title="bbox 1047 2105 1839 2142">
    <p class='ocr_par' dir='ltr' id='par_1_96' title="bbox 1047 2105 1839 2142">
     <span class='ocr_line' id='line_1_96' title="bbox 1047 2105 1839 2142; baseline 0.004 -12"><span class='ocrx_word' id='word_1_689' title='bbox 1047 2105 1094 2130; x_wconf 79' lang='grc' dir='ltr'>καὶ</span> <span class='ocrx_word' id='word_1_690' title='bbox 1109 2105 1248 2139; x_wconf 71' lang='grc' dir='ltr'>Βενιαμὶν,</span> <span class='ocrx_word' id='word_1_691' title='bbox 1271 2105 1335 2136; x_wconf 77' lang='grc' dir='ltr'>τοὺς</span> <span class='ocrx_word' id='word_1_692' title='bbox 1351 2105 1554 2140; x_wconf 82' lang='grc' dir='ltr'>ἁπομείναντας</span> <span class='ocrx_word' id='word_1_693' title='bbox 1577 2106 1606 2132; x_wconf 80' lang='grc' dir='ltr'>ἐν</span> <span class='ocrx_word' id='word_1_694' title='bbox 1630 2106 1839 2142; x_wconf 80' lang='grc' dir='ltr'>Ἰεροσολύμοις.</span> 
     </span>
    </p>
   </div>
   <div class='ocr_carea' id='block_1_97' title="bbox 1046 2148 1840 2188">
    <p class='ocr_par' dir='ltr' id='par_1_97' title="bbox 1046 2148 1840 2188">
     <span class='ocr_line' id='line_1_97' title="bbox 1046 2148 1840 2188; baseline 0.003 -12"><span class='ocrx_word' id='word_1_695' title='bbox 1046 2148 1137 2176; x_wconf 83' lang='grc' dir='ltr'>Ἦσαν</span> <span class='ocrx_word' id='word_1_696' title='bbox 1152 2150 1180 2177; x_wconf 86' lang='grc' dir='ltr'>δὲ</span> <span class='ocrx_word' id='word_1_697' title='bbox 1198 2151 1336 2186; x_wconf 65' lang='grc' dir='ltr'>προφῆται</span> <span class='ocrx_word' id='word_1_698' title='bbox 1352 2151 1417 2186; x_wconf 83' lang='grc' dir='ltr'>παρ’</span> <span class='ocrx_word' id='word_1_699' title='bbox 1437 2151 1538 2184; x_wconf 74' lang='grc' dir='ltr'>αὐτοῖς,</span> <span class='ocrx_word' id='word_1_700' title='bbox 1555 2152 1719 2188; x_wconf 84' lang='grc' dir='ltr'>ἀδιακρίτως</span> <span class='ocrx_word' id='word_1_701' title='bbox 1732 2153 1797 2187; x_wconf 87' lang='grc' dir='ltr'>περί</span> <span class='ocrx_word' id='word_1_702' title='bbox 1808 2161 1840 2178; x_wconf 84' lang='grc' dir='ltr'><strong>τε</strong></span> 
     </span>
    </p>
   </div>
   <div class='ocr_carea' id='block_1_98' title="bbox 1046 2196 1840 2234">
    <p class='ocr_par' dir='ltr' id='par_1_98' title="bbox 1046 2196 1840 2234">
     <span class='ocr_line' id='line_1_98' title="bbox 1046 2196 1840 2234; baseline 0.003 -12"><span class='ocrx_word' id='word_1_703' title='bbox 1046 2196 1099 2223; x_wconf 75' lang='grc' dir='ltr'><strong>τῶν</strong></span> <span class='ocrx_word' id='word_1_704' title='bbox 1113 2197 1141 2223; x_wconf 78' lang='grc' dir='ltr'>ἐν</span> <span class='ocrx_word' id='word_1_705' title='bbox 1162 2197 1195 2231; x_wconf 85' lang='grc' dir='ltr'>τῇ</span> <span class='ocrx_word' id='word_1_706' title='bbox 1216 2197 1357 2232; x_wconf 79' lang='grc' dir='ltr'>Σαμαρείᾳ</span> <span class='ocrx_word' id='word_1_707' title='bbox 1380 2197 1426 2223; x_wconf 81' lang='grc' dir='ltr'>καὶ</span> <span class='ocrx_word' id='word_1_708' title='bbox 1447 2197 1501 2223; x_wconf 88' lang='grc' dir='ltr'><strong>τῶν</strong></span> <span class='ocrx_word' id='word_1_709' title='bbox 1518 2198 1546 2223; x_wconf 79' lang='grc' dir='ltr'>ἐν</span> <span class='ocrx_word' id='word_1_710' title='bbox 1565 2199 1621 2229; x_wconf 80' lang='grc' dir='ltr'>τοῖς</span> <span class='ocrx_word' id='word_1_711' title='bbox 1640 2197 1840 2234; x_wconf 78' lang='grc' dir='ltr'>Ἱεροσολύμοις</span> 
     </span>
    </p>
   </div>
   <div class='ocr_carea' id='block_1_99' title="bbox 1048 2241 1840 2279">
    <p class='ocr_par' dir='ltr' id='par_1_99' title="bbox 1048 2241 1840 2279">
     <span class='ocr_line' id='line_1_99' title="bbox 1048 2241 1840 2279; baseline 0.003 -11"><span class='ocrx_word' id='word_1_712' title='bbox 1048 2241 1274 2277; x_wconf 74' lang='grc' dir='ltr'>προφητεύοντες.</span> <span class='ocrx_word' id='word_1_713' title='bbox 1290 2242 1344 2268; x_wconf 76' lang='grc' dir='ltr'><strong>Καὶ</strong></span> <span class='ocrx_word' id='word_1_714' title='bbox 1357 2243 1381 2268; x_wconf 79' lang='lat'><strong>0!</strong></span> <span class='ocrx_word' id='word_1_715' title='bbox 1402 2242 1450 2278; x_wconf 82' lang='grc' dir='ltr'><strong>μὲν</strong></span> <span class='ocrx_word' id='word_1_716' title='bbox 1466 2244 1494 2269; x_wconf 79' lang='grc' dir='ltr'>ἐν</span> <span class='ocrx_word' id='word_1_717' title='bbox 1508 2244 1564 2275; x_wconf 75' lang='grc' dir='ltr'>τοῖς</span> <span class='ocrx_word' id='word_1_718' title='bbox 1588 2243 1795 2279; x_wconf 79' lang='grc' dir='ltr'>Ἰεροσολύμοις,</span> <span class='ocrx_word' id='word_1_719' title='bbox 1812 2246 1840 2271; x_wconf 89' lang='grc' dir='ltr'>οἱ</span> 
     </span>
    </p>
   </div>
   <div class='ocr_carea' id='block_1_100' title="bbox 1012 2279 1840 2325">
    <p class='ocr_par' dir='ltr' id='par_1_100' title="bbox 1012 2279 1840 2325">
     <span class='ocr_line' id='line_1_100' title="bbox 1012 2279 1840 2325; baseline 0.004 -11"><span class='ocrx_word' id='word_1_720' title='bbox 1012 2279 1076 2314; x_wconf 72' lang='grc' dir='ltr'><strong>θδὲ</strong></span> <span class='ocrx_word' id='word_1_721' title='bbox 1098 2288 1148 2324; x_wconf 85' lang='grc' dir='ltr'>τὴν</span> <span class='ocrx_word' id='word_1_722' title='bbox 1177 2288 1355 2324; x_wconf 83' lang='grc' dir='ltr'>Σαμαρειτῶν</span> <span class='ocrx_word' id='word_1_723' title='bbox 1378 2289 1517 2321; x_wconf 82' lang='grc' dir='ltr'>οἰκοῦντες</span> <span class='ocrx_word' id='word_1_724' title='bbox 1536 2289 1646 2325; x_wconf 83' lang='grc' dir='ltr'>χώραν,</span> <span class='ocrx_word' id='word_1_725' title='bbox 1672 2290 1735 2322; x_wconf 71' lang='grc' dir='ltr'>τοὺς</span> <span class='ocrx_word' id='word_1_726' title='bbox 1762 2291 1840 2325; x_wconf 79' lang='grc' dir='ltr'>παρὰ</span> 
     </span>
    </p>
   </div>
   <div class='ocr_carea' id='block_1_101' title="bbox 1047 2333 1838 2370">
    <p class='ocr_par' dir='ltr' id='par_1_101' title="bbox 1047 2333 1838 2370">
     <span class='ocr_line' id='line_1_101' title="bbox 1047 2333 1838 2370; baseline 0.003 -10"><span class='ocrx_word' id='word_1_727' title='bbox 1047 2333 1115 2360; x_wconf 80' lang='grc' dir='ltr'>Θεοῦ</span> <span class='ocrx_word' id='word_1_728' title='bbox 1128 2335 1183 2365; x_wconf 79' lang='grc' dir='ltr'>τοῖς</span> <span class='ocrx_word' id='word_1_729' title='bbox 1198 2334 1383 2370; x_wconf 81' lang='grc' dir='ltr'>ἀκροωμένοις</span> <span class='ocrx_word' id='word_1_730' title='bbox 1395 2335 1546 2369; x_wconf 78' lang='grc' dir='ltr'>διεκόμιζον</span> <span class='ocrx_word' id='word_1_731' title='bbox 1563 2335 1666 2369; x_wconf 78' lang='grc' dir='ltr'>λόγους.</span> <span class='ocrx_word' id='word_1_732' title='bbox 1687 2335 1785 2362; x_wconf 74' lang='grc' dir='ltr'>’ἰστέον</span> <span class='ocrx_word' id='word_1_733' title='bbox 1797 2335 1838 2368; x_wconf 80' lang='grc' dir='ltr'><strong>δὲ,</strong></span> 
     </span>
    </p>
   </div>
   <div class='ocr_carea' id='block_1_102' title="bbox 1046 2379 1839 2416">
    <p class='ocr_par' dir='ltr' id='par_1_102' title="bbox 1046 2379 1839 2416">
     <span class='ocr_line' id='line_1_102' title="bbox 1046 2379 1839 2416; baseline 0.003 -10"><span class='ocrx_word' id='word_1_734' title='bbox 1046 2381 1086 2407; x_wconf 83' lang='grc' dir='ltr'>ὅτι</span> <span class='ocrx_word' id='word_1_735' title='bbox 1103 2379 1170 2416; x_wconf 75' lang='grc' dir='ltr'>μετὰ</span> <span class='ocrx_word' id='word_1_736' title='bbox 1182 2380 1210 2406; x_wconf 75' lang='grc' dir='ltr'>τὸ</span> <span class='ocrx_word' id='word_1_737' title='bbox 1225 2380 1414 2416; x_wconf 72' lang='grc' dir='ltr'>ἀπορραγῆναι</span> <span class='ocrx_word' id='word_1_738' title='bbox 1428 2381 1482 2407; x_wconf 86' lang='grc' dir='ltr'><strong>τῶν</strong></span> <span class='ocrx_word' id='word_1_739' title='bbox 1503 2381 1696 2416; x_wconf 81' lang='grc' dir='ltr'>Ἱεροσολύμων</span> <span class='ocrx_word' id='word_1_740' title='bbox 1708 2381 1757 2412; x_wconf 70' lang='grc' dir='ltr'>τὰς</span> <span class='ocrx_word' id='word_1_741' title='bbox 1770 2381 1839 2408; x_wconf 82' lang='grc' dir='ltr'>δέκα</span> 
     </span>
    </p>
   </div>
   <div class='ocr_carea' id='block_1_103' title="bbox 1046 2425 1839 2462">
    <p class='ocr_par' dir='ltr' id='par_1_103' title="bbox 1046 2425 1839 2462">
     <span class='ocr_line' id='line_1_103' title="bbox 1046 2425 1839 2462; baseline -0.001 -9"><span class='ocrx_word' id='word_1_742' title='bbox 1046 2426 1142 2461; x_wconf 80' lang='grc' dir='ltr'>φυλὰς.</span> <span class='ocrx_word' id='word_1_743' title='bbox 1160 2425 1207 2452; x_wconf 72' lang='grc' dir='ltr'>καὶ</span> <span class='ocrx_word' id='word_1_744' title='bbox 1221 2425 1252 2452; x_wconf 84' lang='grc' dir='ltr'><strong>τὸ</strong></span> <span class='ocrx_word' id='word_1_745' title='bbox 1266 2426 1350 2461; x_wconf 80' lang='grc' dir='ltr'>ἥμισυ</span> <span class='ocrx_word' id='word_1_746' title='bbox 1366 2425 1450 2461; x_wconf 74' lang='grc' dir='ltr'>φυλῆς</span> <span class='ocrx_word' id='word_1_747' title='bbox 1479 2426 1608 2462; x_wconf 82' lang='grc' dir='ltr'>Ἐφραῒμ,</span> <span class='ocrx_word' id='word_1_748' title='bbox 1626 2426 1700 2458; x_wconf 75' lang='grc' dir='ltr'>ἰδίοις</span> <span class='ocrx_word' id='word_1_749' title='bbox 1715 2427 1839 2462; x_wconf 79' lang='grc' dir='ltr'>ἐχρῶντο</span> 
     </span>
    </p>
   </div>
   <div class='ocr_carea' id='block_1_104' title="bbox 1047 2471 1838 2508">
    <p class='ocr_par' dir='ltr' id='par_1_104' title="bbox 1047 2471 1838 2508">
     <span class='ocr_line' id='line_1_104' title="bbox 1047 2471 1838 2508; baseline 0.003 -10"><span class='ocrx_word' id='word_1_750' title='bbox 1047 2472 1187 2508; x_wconf 83' lang='grc' dir='ltr'>βασιλεῦσι</span> <span class='ocrx_word' id='word_1_751' title='bbox 1200 2471 1246 2498; x_wconf 74' lang='grc' dir='ltr'><strong>καὶ</strong></span> <span class='ocrx_word' id='word_1_752' title='bbox 1261 2472 1286 2498; x_wconf 86' lang='grc' dir='ltr'>οἱ</span> <span class='ocrx_word' id='word_1_753' title='bbox 1301 2472 1330 2498; x_wconf 85' lang='grc' dir='ltr'>ἐν</span> <span class='ocrx_word' id='word_1_754' title='bbox 1343 2473 1376 2507; x_wconf 75' lang='grc' dir='ltr'>τῇ</span> <span class='ocrx_word' id='word_1_755' title='bbox 1391 2472 1544 2508; x_wconf 79' lang='grc' dir='ltr'>Σαμαρείᾳ,</span> <span class='ocrx_word' id='word_1_756' title='bbox 1558 2472 1604 2499; x_wconf 76' lang='grc' dir='ltr'><strong>καὶ</strong></span> <span class='ocrx_word' id='word_1_757' title='bbox 1619 2472 1652 2501; x_wconf 69' lang='grc' dir='ltr'><strong>οἱ,</strong></span> <span class='ocrx_word' id='word_1_758' title='bbox 1665 2473 1692 2499; x_wconf 85' lang='grc' dir='ltr'>ὲν</span> <span class='ocrx_word' id='word_1_759' title='bbox 1705 2474 1762 2504; x_wconf 85' lang='grc' dir='ltr'>τοῖς</span> <span class='ocrx_word' id='word_1_760' title='bbox 1785 2473 1838 2500; x_wconf 80' lang='grc' dir='ltr'><strong>Ἰε-</strong></span> 
     </span>
    </p>
   </div>
   <div class='ocr_carea' id='block_1_105' title="bbox 1046 2516 1838 2554">
    <p class='ocr_par' dir='ltr' id='par_1_105' title="bbox 1046 2516 1838 2554">
     <span class='ocr_line' id='line_1_105' title="bbox 1046 2516 1838 2554; baseline -0.001 -9"><span class='ocrx_word' id='word_1_761' title='bbox 1046 2518 1214 2554; x_wconf 86' lang='grc' dir='ltr'>ροσολύμοις.</span> <span class='ocrx_word' id='word_1_762' title='bbox 1239 2517 1294 2544; x_wconf 74' lang='grc' dir='ltr'><strong>Καὶ</strong></span> <span class='ocrx_word' id='word_1_763' title='bbox 1312 2516 1391 2543; x_wconf 83' lang='grc' dir='ltr'>τοῦτο</span> <span class='ocrx_word' id='word_1_764' title='bbox 1406 2517 1575 2552; x_wconf 81' lang='grc' dir='ltr'>κεκράτηκεν</span> <span class='ocrx_word' id='word_1_765' title='bbox 1592 2517 1655 2552; x_wconf 85' lang='grc' dir='ltr'>ἄχρι</span> <span class='ocrx_word' id='word_1_766' title='bbox 1669 2516 1769 2552; x_wconf 77' lang='grc' dir='ltr'>καιροῦ</span> <span class='ocrx_word' id='word_1_767' title='bbox 1785 2517 1838 2552; x_wconf 83' lang='grc' dir='ltr'>τῆς</span> 
     </span>
    </p>
   </div>
   <div class='ocr_carea' id='block_1_106' title="bbox 1044 2562 1838 2598">
    <p class='ocr_par' dir='ltr' id='par_1_106' title="bbox 1044 2562 1838 2598">
     <span class='ocr_line' id='line_1_106' title="bbox 1044 2562 1838 2598; baseline 0 -8"><span class='ocrx_word' id='word_1_768' title='bbox 1044 2563 1201 2593; x_wconf 79' lang='grc' dir='ltr'>τελευταίας</span> <span class='ocrx_word' id='word_1_769' title='bbox 1229 2563 1435 2597; x_wconf 79' lang='grc' dir='ltr'>αίχμαλωσίας,</span> <span class='ocrx_word' id='word_1_770' title='bbox 1457 2563 1501 2589; x_wconf 83' lang='grc' dir='ltr'>ὅτε</span> <span class='ocrx_word' id='word_1_771' title='bbox 1527 2563 1574 2590; x_wconf 74' lang='grc' dir='ltr'><strong>καὶ</strong></span> <span class='ocrx_word' id='word_1_772' title='bbox 1594 2562 1782 2598; x_wconf 80' lang='grc' dir='ltr'>ὑπενόστησαν</span> <span class='ocrx_word' id='word_1_773' title='bbox 1805 2564 1838 2590; x_wconf 81' lang='grc' dir='ltr'>ὲν</span> 
     </span>
    </p>
   </div>
   <div class='ocr_carea' id='block_1_107' title="bbox 1050 2608 1836 2645">
    <p class='ocr_par' dir='ltr' id='par_1_107' title="bbox 1050 2608 1836 2645">
     <span class='ocr_line' id='line_1_107' title="bbox 1050 2608 1836 2645; baseline 0.001 -10"><span class='ocrx_word' id='word_1_774' title='bbox 1050 2608 1264 2644; x_wconf 78' lang='grc' dir='ltr'>Ἰεροσολύμοις,</span> <span class='ocrx_word' id='word_1_775' title='bbox 1288 2608 1380 2644; x_wconf 82' lang='grc' dir='ltr'>Κύρου</span> <span class='ocrx_word' id='word_1_776' title='bbox 1403 2610 1620 2645; x_wconf 77' lang='grc' dir='ltr'>κεκρατηκότος,</span> <span class='ocrx_word' id='word_1_777' title='bbox 1646 2609 1693 2636; x_wconf 71' lang='grc' dir='ltr'><strong>καὶ</strong></span> <span class='ocrx_word' id='word_1_778' title='bbox 1722 2610 1836 2642; x_wconf 80' lang='grc' dir='ltr'>ἀνέντος</span> 
     </span>
    </p>
   </div>
   <div class='ocr_carea' id='block_1_108' title="bbox 206 2651 1838 2697">
    <p class='ocr_par' dir='ltr' id='par_1_108' title="bbox 206 2651 1838 2697">
     <span class='ocr_line' id='line_1_108' title="bbox 206 2651 1838 2697; baseline -0.001 -14"><span class='ocrx_word' id='word_1_779' title='bbox 206 2656 297 2687; x_wconf 83' lang='grc' dir='ltr'>αὐτοῖς</span> <span class='ocrx_word' id='word_1_780' title='bbox 311 2655 360 2690; x_wconf 77' lang='grc' dir='ltr'><strong>τὴν</strong></span> <span class='ocrx_word' id='word_1_781' title='bbox 374 2655 540 2697; x_wconf 81' lang='grc' dir='ltr'>ἁποδρομὴν,</span> <span class='ocrx_word' id='word_1_782' title='bbox 554 2654 759 2690; x_wconf 76' lang='grc' dir='ltr'>καθηγουμένου</span> <span class='ocrx_word' id='word_1_783' title='bbox 778 2654 826 2689; x_wconf 82' lang='grc' dir='ltr'><strong>μὲν</strong></span> <span class='ocrx_word' id='word_1_784' title='bbox 841 2654 991 2690; x_wconf 73' lang='grc' dir='ltr'>Ζοροϐάϐελ</span> <span class='ocrx_word' id='word_1_785' title='bbox 1010 2654 1056 2680; x_wconf 73' lang='grc' dir='ltr'>τοῦ</span> <span class='ocrx_word' id='word_1_786' title='bbox 1091 2653 1236 2688; x_wconf 85' lang='grc' dir='ltr'>Σαλαθιὴλ,</span> <span class='ocrx_word' id='word_1_787' title='bbox 1270 2653 1300 2685; x_wconf 78' lang='grc' dir='ltr'>ὃς</span> <span class='ocrx_word' id='word_1_788' title='bbox 1318 2651 1352 2689; x_wconf 79' lang='grc' dir='ltr'>ἦν</span> <span class='ocrx_word' id='word_1_789' title='bbox 1373 2654 1405 2680; x_wconf 78' lang='grc' dir='ltr'>ὲκ</span> <span class='ocrx_word' id='word_1_790' title='bbox 1428 2653 1515 2689; x_wconf 81' lang='grc' dir='ltr'>φυλῆς</span> <span class='ocrx_word' id='word_1_791' title='bbox 1539 2653 1632 2688; x_wconf 84' lang='grc' dir='ltr'>Ἰούδα,</span> <span class='ocrx_word' id='word_1_792' title='bbox 1649 2655 1838 2689; x_wconf 79' lang='grc' dir='ltr'>ἱερατεὺοντος</span> 
     </span>
    </p>
   </div>
   <div class='ocr_carea' id='block_1_109' title="bbox 205 2699 1838 2737">
    <p class='ocr_par' dir='ltr' id='par_1_109' title="bbox 205 2699 1838 2737">
     <span class='ocr_line' id='line_1_109' title="bbox 205 2699 1838 2737; baseline 0 -9"><span class='ocrx_word' id='word_1_793' title='bbox 205 2701 234 2728; x_wconf 76' lang='grc' dir='ltr'>δὲ</span> <span class='ocrx_word' id='word_1_794' title='bbox 258 2701 344 2736; x_wconf 79' lang='grc' dir='ltr'>Ἰησοῦ</span> <span class='ocrx_word' id='word_1_795' title='bbox 360 2701 406 2728; x_wconf 74' lang='grc' dir='ltr'>τοῦ</span> <span class='ocrx_word' id='word_1_796' title='bbox 429 2701 561 2728; x_wconf 82' lang='grc' dir='ltr'>Ἰωσεδέκ.</span> <span class='ocrx_word' id='word_1_797' title='bbox 586 2701 652 2727; x_wconf 82' lang='grc' dir='ltr'>Τότε</span> <span class='ocrx_word' id='word_1_798' title='bbox 678 2700 724 2727; x_wconf 78' lang='grc' dir='ltr'>καὶ</span> <span class='ocrx_word' id='word_1_799' title='bbox 746 2700 790 2727; x_wconf 79' lang='grc' dir='ltr'><strong>τὸν</strong></span> <span class='ocrx_word' id='word_1_800' title='bbox 809 2700 873 2727; x_wconf 82' lang='grc' dir='ltr'>ναὸν</span> <span class='ocrx_word' id='word_1_801' title='bbox 903 2699 1088 2735; x_wconf 81' lang='grc' dir='ltr'>ἀνεδείμαντο,</span> <span class='ocrx_word' id='word_1_802' title='bbox 1123 2699 1169 2727; x_wconf 77' lang='grc' dir='ltr'><strong>καὶ</strong></span> <span class='ocrx_word' id='word_1_803' title='bbox 1201 2699 1254 2726; x_wconf 82' lang='grc' dir='ltr'>ὑπὸ</span> <span class='ocrx_word' id='word_1_804' title='bbox 1273 2699 1336 2735; x_wconf 82' lang='grc' dir='ltr'>μίαν</span> <span class='ocrx_word' id='word_1_805' title='bbox 1369 2700 1512 2734; x_wconf 82' lang='grc' dir='ltr'>γεγόνασιν</span> <span class='ocrx_word' id='word_1_806' title='bbox 1528 2699 1625 2735; x_wconf 80' lang='grc' dir='ltr'>ἀρχὴν,</span> <span class='ocrx_word' id='word_1_807' title='bbox 1643 2699 1690 2726; x_wconf 72' lang='grc' dir='ltr'><strong>καὶ</strong></span> <span class='ocrx_word' id='word_1_808' title='bbox 1706 2703 1838 2737; x_wconf 85' lang='grc' dir='ltr'>κατῳκή-</span> 
     </span>
    </p>
   </div>
   <div class='ocr_carea' id='block_1_110' title="bbox 207 2745 1836 2784">
    <p class='ocr_par' dir='ltr' id='par_1_110' title="bbox 207 2745 1836 2784">
     <span class='ocr_line' id='line_1_110' title="bbox 207 2745 1836 2784; baseline -0.001 -9"><span class='ocrx_word' id='word_1_809' title='bbox 207 2756 286 2775; x_wconf 83' lang='grc' dir='ltr'>κασιν</span> <span class='ocrx_word' id='word_1_810' title='bbox 311 2748 339 2774; x_wconf 82' lang='grc' dir='ltr'>ὲν</span> <span class='ocrx_word' id='word_1_811' title='bbox 369 2747 574 2784; x_wconf 83' lang='grc' dir='ltr'>Ἰεροσολύμοις,</span> <span class='ocrx_word' id='word_1_812' title='bbox 591 2747 722 2782; x_wconf 84' lang='grc' dir='ltr'>διχονοίας</span> <span class='ocrx_word' id='word_1_813' title='bbox 742 2746 852 2782; x_wconf 84' lang='grc' dir='ltr'>ἁπάσης</span> <span class='ocrx_word' id='word_1_814' title='bbox 885 2746 1069 2782; x_wconf 75' lang='grc' dir='ltr'>ἐξῃρημένης.</span> <span class='ocrx_word' id='word_1_815' title='bbox 1085 2746 1166 2773; x_wconf 87' lang='grc' dir='ltr'>Ὀσαι</span> <span class='ocrx_word' id='word_1_816' title='bbox 1197 2745 1225 2772; x_wconf 81' lang='grc' dir='ltr'>δὲ</span> <span class='ocrx_word' id='word_1_817' title='bbox 1261 2745 1331 2773; x_wconf 88' lang='grc' dir='ltr'>κατὰ</span> <span class='ocrx_word' id='word_1_818' title='bbox 1354 2746 1466 2782; x_wconf 85' lang='grc' dir='ltr'>καιροὺς</span> <span class='ocrx_word' id='word_1_819' title='bbox 1489 2745 1672 2781; x_wconf 82' lang='grc' dir='ltr'>αἱχμαλωσίαι</span> <span class='ocrx_word' id='word_1_820' title='bbox 1689 2747 1836 2782; x_wconf 78' lang='grc' dir='ltr'>γεγόνασιν</span> 
     </span>
    </p>
   </div>
   <div class='ocr_carea' id='block_1_111' title="bbox 206 2791 1838 2829">
    <p class='ocr_par' dir='ltr' id='par_1_111' title="bbox 206 2791 1838 2829">
     <span class='ocr_line' id='line_1_111' title="bbox 206 2791 1838 2829; baseline 0.001 -9"><span class='ocrx_word' id='word_1_821' title='bbox 206 2792 259 2821; x_wconf 82' lang='grc' dir='ltr'><strong>ἀνὰ</strong></span> <span class='ocrx_word' id='word_1_822' title='bbox 283 2793 365 2829; x_wconf 87' lang='grc' dir='ltr'>μέρος</span> <span class='ocrx_word' id='word_1_823' title='bbox 388 2794 441 2821; x_wconf 90' lang='grc' dir='ltr'><strong>τῶν</strong></span> <span class='ocrx_word' id='word_1_824' title='bbox 463 2793 529 2821; x_wconf 75' lang='grc' dir='ltr'>δέκα</span> <span class='ocrx_word' id='word_1_825' title='bbox 553 2792 655 2828; x_wconf 81' lang='grc' dir='ltr'>φυλῶν,</span> <span class='ocrx_word' id='word_1_826' title='bbox 670 2793 718 2820; x_wconf 78' lang='grc' dir='ltr'><strong>καὶ</strong></span> <span class='ocrx_word' id='word_1_827' title='bbox 739 2793 830 2828; x_wconf 77' lang='grc' dir='ltr'>μέντοι</span> <span class='ocrx_word' id='word_1_828' title='bbox 858 2791 906 2819; x_wconf 76' lang='grc' dir='ltr'><strong>καὶ</strong></span> <span class='ocrx_word' id='word_1_829' title='bbox 929 2791 975 2818; x_wconf 83' lang='grc' dir='ltr'><strong>τοῦ</strong></span> <span class='ocrx_word' id='word_1_830' title='bbox 995 2792 1116 2828; x_wconf 83' lang='grc' dir='ltr'>ἡμίσεως</span> <span class='ocrx_word' id='word_1_831' title='bbox 1145 2791 1231 2828; x_wconf 80' lang='grc' dir='ltr'>φυλῆς</span> <span class='ocrx_word' id='word_1_832' title='bbox 1251 2792 1381 2829; x_wconf 82' lang='grc' dir='ltr'>Ἐφραῗμ,</span> <span class='ocrx_word' id='word_1_833' title='bbox 1397 2793 1444 2820; x_wconf 74' lang='grc' dir='ltr'>καὶ</span> <span class='ocrx_word' id='word_1_834' title='bbox 1479 2791 1533 2819; x_wconf 81' lang='grc' dir='ltr'><strong>τῶν</strong></span> <span class='ocrx_word' id='word_1_835' title='bbox 1548 2793 1577 2819; x_wconf 83' lang='grc' dir='ltr'>ὲν</span> <span class='ocrx_word' id='word_1_836' title='bbox 1602 2793 1659 2824; x_wconf 81' lang='grc' dir='ltr'>τοῖς</span> <span class='ocrx_word' id='word_1_837' title='bbox 1686 2793 1838 2828; x_wconf 83' lang='grc' dir='ltr'>Ἰεροσολύ-</span> 
     </span>
    </p>
   </div>
   <div class='ocr_carea' id='block_1_112' title="bbox 240 2881 999 2922">
    <p class='ocr_par' dir='ltr' id='par_1_112' title="bbox 240 2883 999 2922">
     <span class='ocr_line' id='line_1_112' title="bbox 240 2883 999 2922; baseline -0.001 -10"><span class='ocrx_word' id='word_1_838' title='bbox 240 2885 251 2902; x_wconf 92' lang='lat'>&#39;</span> <span class='ocrx_word' id='word_1_839' title='bbox 267 2884 296 2913; x_wconf 94' lang='lat' dir='ltr'><strong>lll</strong></span> <span class='ocrx_word' id='word_1_840' title='bbox 314 2884 377 2922; x_wconf 78' lang='lat' dir='ltr'><strong>Reg.</strong></span> <span class='ocrx_word' id='word_1_841' title='bbox 397 2894 435 2921; x_wconf 80' lang='lat' dir='ltr'><strong>x1,</strong></span> <span class='ocrx_word' id='word_1_842' title='bbox 453 2885 510 2921; x_wconf 81' lang='lat'><strong>‘26;</strong></span> <span class='ocrx_word' id='word_1_843' title='bbox 527 2894 576 2921; x_wconf 77' lang='lat' dir='ltr'><strong>xu,</strong></span> <span class='ocrx_word' id='word_1_844' title='bbox 596 2885 701 2921; x_wconf 76' lang='lat' dir='ltr'><strong>tseqq.</strong></span> <span class='ocrx_word' id='word_1_845' title='bbox 739 2884 750 2901; x_wconf 83' lang='lat'><strong>&#39;</strong></span> <span class='ocrx_word' id='word_1_846' title='bbox 766 2883 849 2913; x_wconf 83' lang='lat' dir='ltr'><strong>Miclt.</strong></span> <span class='ocrx_word' id='word_1_847' title='bbox 870 2891 896 2918; x_wconf 81' lang='grc' dir='ltr'>ν,</span> <span class='ocrx_word' id='word_1_848' title='bbox 914 2884 958 2912; x_wconf 75' lang='grc'><strong>15.</strong></span> <span class='ocrx_word' id='word_1_849' title='bbox 997 2886 999 2899; x_wconf 87' lang='grc'>¹</span> 
     </span>
    </p>
   </div>
   <div class='ocr_carea' id='block_1_113' title="bbox 1054 2881 1832 2922">
    <p class='ocr_par' dir='ltr' id='par_1_113' title="bbox 1070 2882 1832 2919">
     <span class='ocr_line' id='line_1_113' title="bbox 1070 2882 1832 2919; baseline 0 -8"><span class='ocrx_word' id='word_1_850' title='bbox 1070 2883 1138 2919; x_wconf 77' lang='lat' dir='ltr'><strong>Reg.</strong></span> <span class='ocrx_word' id='word_1_851' title='bbox 1153 2889 1209 2916; x_wconf 84' lang='lat' dir='ltr'><strong>xtv,</strong></span> <span class='ocrx_word' id='word_1_852' title='bbox 1222 2882 1278 2919; x_wconf 52' lang='lat'><strong>253</strong></span> <span class='ocrx_word' id='word_1_853' title='bbox 1292 2882 1392 2911; x_wconf 77' lang='lat' dir='ltr'><strong>Jcrem.</strong></span> <span class='ocrx_word' id='word_1_854' title='bbox 1415 2889 1459 2915; x_wconf 88' lang='lat' dir='ltr'><strong>ttt,</strong></span> <span class='ocrx_word' id='word_1_855' title='bbox 1475 2882 1519 2911; x_wconf 79' lang='lat' dir='ltr'><strong>l5.</strong></span> <span class='ocrx_word' id='word_1_856' title='bbox 1560 2884 1582 2900; x_wconf 74' lang='grc' dir='ltr'>ιθ</span> <span class='ocrx_word' id='word_1_857' title='bbox 1601 2884 1611 2910; x_wconf 93' lang='grc' dir='ltr'><strong>Ι</strong></span> <span class='ocrx_word' id='word_1_858' title='bbox 1630 2882 1707 2911; x_wconf 82' lang='lat' dir='ltr'><strong>Esdr.</strong></span> <span class='ocrx_word' id='word_1_859' title='bbox 1726 2889 1756 2916; x_wconf 84' lang='grc' dir='ltr'><strong>η,</strong></span> <span class='ocrx_word' id='word_1_860' title='bbox 1775 2883 1832 2918; x_wconf 69' lang='lat'><strong>1,2.</strong></span> 
     </span>
    </p>
   </div>
  </div>
