1913 3042
75 153 100 180 I1
524 156 800 188 COMMENTARIUS
821 159 853 186 IN
872 159 987 188 OSEAM
1005 160 1228 190 PROPHETAM.

1664 164 1703 195 Β

74 218 135 246 μοις,
156 211 243 240 Ἰούδα
255 222 299 246 τε,
312 215 395 251 φημὶ,
417 217 463 244 καὶ
477 217 617 251 Βενιαμὶν,
634 218 740 254 προῖὼν
763 219 778 245 ὁ
809 218 888 252 λόγος
906 219 1035 251 ἐπιδείξει
1058 220 1162 255 σαφῶς.
1196 220 1379 257 ’Δνάγραπτοι
1401 221 1429 248 δὲ
1449 222 1594 256 γεγόνασιν
1617 224 1687 258 ἁναγ

74 258 152 289 γαίωςι
167 259 214 284 καὶ
237 260 263 286 υἱ
291 262 394 297 χρόνοι,
415 263 477 290 καθ’
496 263 542 296 οὒς
564 265 678 296 ἕκαστος
697 265 753 292 τῶν
772 264 858 299 ἁγίων
876 265 1007 300 λελάληκε
1041 267 1199 302 προφητῶν,
1225 268 1258 294 ἵν’
1282 267 1419 304 εἰδείημεν
1446 269 1569 305 ἀκριϐῶς
1591 270 1620 297 ὲν
1636 271 1700 306 ποίᾳ

73 303 117 328 τιν).
137 305 305 333 καταστάσει
335 307 389 335 τῶν
411 309 581 345 πραγμάτων
602 310 746 346 κειμένων,
765 310 826 337 τίνα
849 319 878 337 τε
897 310 998 346 τρόπον
1029 312 1155 347 ἑχόντων,
1168 314 1192 340 οἱ
1210 314 1285 349 παρὰ
1297 303 1449 351 Θεοῦνπρδς
1462 303 1561 347 αὖτοὺς
1572 303 1700 350 γεγόνασι

72 349 145 382 λόγοι.

217 414 416 460 ΤΟΜΟΣ
461 418 698 463 ΠΡΩΤΟΣ.

367 484 493 512 ΚΕΦΔΛ.
512 484 551 513 A'.
579 510 582 511 ,

100 536 189 571 Λόγος
205 538 324 572 Κυρίου
340 539 375 573 ὃς
392 541 518 576 ἐγενήθη
536 542 612 576 πρὸς
632 541 721 576 Ὠσηὲ
735 542 789 569 τὸν
802 542 856 569 τοῦ

72 583 158 616 Βεηρι,
180 584 215 610 ἐν
237 585 367 620 ἡμέραις
396 587 485 617 Ὀζίου
515 589 565 615 καὶ
596 589 725 624 Ἰωάθαμ,
759 588 854 624 Ἀχὰζζ

76 628 207 664 Ἐζεκίου,
224 631 388 662 ,βασιλέων
416 633 581 661 Ἰούδα·καὶ
597 634 632 662 ἐν
654 635 778 670 ἡμέραις
803 635 856 662 Ἰε-

70 674 169 709 ροόοὰμ
184 676 252 702 υἱοῦ
284 677 367 710 Ἰωὰς
379 679 533 712 βασιλέως
552 680 606 708 τοῦ
631 680 765 715 Ἰσραήλ.

100 720 135 746 A’.
158 721 333 756 Προςρητεύει
356 725 471 752 τοίνυνό
484 726 617 761 μακάριος
640 726 719 762 Ὠσηὲ
743 728 772 753 ἐν
787 726 855 762 ὴμέ-

72 774 124 800 ραις
146 766 243 799 ’οζῐου,
259 768 308 794 καὶ
324 770 452 803 Ἰωάθαμ,
468 771 516 804 καὶ
531 771 625 807 Ἀχὰζ,
646 773 694 799 καὶ
721 772 854 808 Ἐζεχιου,

73 811 191 846 βασιλέων
222 813 321 840 Ἰούδα·
347 815 394 842 καὶ
416 817 444 843 ὲν
467 817 586 853 ἡμέραις
614 818 766 853 Ἰεροόοὰμ,
796 817 855 844 υἱοῦ

79 857 145 888 Ὶωᾶς
159 857 297 892 βασιλέως
315 860 437 896 Ἰσραήλ.
452 863 508 889 Καὶ
521 863 535 888 ὁ
552 863 600 898 μὲν
613 863 708 899 χρόνος
724 864 773 899 τῆς
789 872 856 899 προ-

73 902 174 937 caesia;
190 904 277 940 μέχρι
289 906 387 933 τούτου
402 910 502 934 νοεῖται
519 909 612 936 λαϐὼν
627 910 677 945 τὴν
689 910 854 946 παράτασιν.

71 949 122 984 Χρή
142 951 179 981 δὲ,
206 949 300 986 οἶμαι,
318 953 352 980 τὰ
376 954 418 988 ἐφ’
434 955 543 990 ἑκάστῳ
569 955 662 983 λοιπὸν
688 957 855 991 ἀφηγεῖσθαι

71 995 163 1029 σαφῶς,
179 996 216 1028 ὡς
238 997 276 1025 ἂν
294 998 401 1034 ἔχωμεν
415 1001 527 1033 ἐννοεῖν,
552 1002 678 1038 καθάπερ
695 1003 745 1038 ἤδη
765 1005 857 1039 προεί-

72 1050 123 1073 πον,
134 1043 222 1069 ὁποῖοί
236 1052 311 1076 τινες
323 1045 349 1071 οἱ
365 1046 459 1072 τοιοίδε
475 1047 615 1081 γεγόνασι*
628 1048 742 1084 πότερον
758 1049 855 1084 ἀγαθοί

72 1095 96 1113 τε
121 1088 167 1114 καὶ
189 1088 266 1116 εὖνοι
285 1091 354 1125 πρὸς
371 1091 446 1124 Θεὸν,
465 1092 481 1128 ἦ
502 1093 567 1127 γοῦν
581 1094 792 1128 ἀπονενευκότες
808 1096 855 1123 ἐπὶ

71 1133 97 1158 τὸ
112 1133 147 1168 μὴ
169 1133 260 1166 οὕτως
277 1134 338 1171 ἔχον
349 1144 356 1152 ⁸
376 1137 423 1163 καὶ
437 1137 500 1164 τίνα
520 1137 554 1164 τὰ
579 1138 623 1172 ἐφ’
646 1139 772 1171 ἑκάστοις
788 1148 857 1175 συμ-

72 1179 209 1214 ϐεόῃκότα,
233 1182 295 1213 τοῖς
316 1190 345 1208 τε
361 1183 389 1208 ὲν
405 1184 437 1218 τῇ
456 1183 599 1220 Σαμαρείᾳ
620 1184 669 1212 καὶ
690 1186 747 1217 τοῖς
757 1186 786 1211 ὲν
799 1187 857 1217 τοῖς

77 1223 278 1260 Ἰεροσολύμοις.
296 1225 433 1261 Εἰσόμεθα
447 1227 502 1264 γὰρ
513 1225 575 1262 ὦδε,
593 1229 640 1255 καὶ
654 1229 714 1256 λίαν
727 1230 857 1262 εὐκόλως,

72 1268 175 1304 ὅποιπερ
189 1269 224 1296 ἂν
246 1269 337 1306 βλέπῃ
354 1272 403 1306 τῆς
418 1273 586 1307 προφητείας
603 1274 618 1300 ὁ
634 1274 745 1306 σκοπός.
763 1274 858 1301 Τελευ-

73 1316 138 1346 ταίος
163 1315 212 1350 μὲν
239 1312 288 1343 οὖν
304 1316 461 1351 ὠνόμασται
486 1318 627 1354 Ἱεροϐοὰμ
651 1320 666 1346 ὁ
690 1319 738 1346 τοῦ
770 1320 857 1353 Ἰωὰς,

73 1360 188 1394 βασιλεὺς
211 1361 336 1398 Ἰσραὴλ,
353 1362 449 1397 γέγονε
469 1363 498 1390 δὲ
515 1363 567 1399 πρὸ
590 1363 727 1400 Ἀζαρίου,
748 1365 795 1392 τοῦ
812 1367 859 1393 καὶ

78 1406 167 1438 Ὁξίου.
191 1408 294 1436 Ίστέον
306 1408 345 1441 δὲ,
361 1409 401 1435 ὅτι
418 1409 510 1444 ἕτερος
522 1410 588 1445 ἡμῖν
604 1410 680 1446 παρὰ
690 1411 736 1438 τὸν
751 1411 859 1446 πρῶτόν

72 1453 148 1484 ἐστιν,
162 1453 191 1484 ὃς
208 1454 239 1480 ὲν
254 1455 360 1488 καιροῖς
373 1454 468 1488 γέγονε
493 1455 626 1490 βασιλέως
655 1456 782 1492 Ῥοΰοὰμ,
799 1458 858 1484 υἱοῦ

74 1497 233 1534 Σολομῶνος,
246 1498 319 1534 πλὴν
337 1498 478 1534 ίσότροπος
492 1500 599 1536 ἐκείνῳ,
619 1501 666 1528 καὶ
678 1502 718 1533 εὶς
732 1502 859 1529 ἀσέϐειαν

73 1544 199 1578 ἐμφερής.
220 1543 383 1579 Γέγραπται
401 1545 456 1580 γὰρ
480 1545 528 1572 ὡδὶ
552 1546 617 1582 περὶ
636 1547 720 1573 αὐτοῦ
733 1556 740 1563 ε
768 1557 778 1574 ‹
814 1548 860 1575 Ἐν

73 1588 122 1615 ἔτει
144 1591 385 1626 πεντεκαιδεκάτῳ
403 1591 450 1618 τοῦ
473 1592 615 1627 ’Δμασίου,
634 1593 691 1620 υἱοῦ
714 1593 789 1626 Ίωὰς
814 1594 861 1629 βα-

74 1636 162 1668 σιλέως
182 1636 282 1671 Ἰούδα,
296 1637 470 1664 ἐϐασίλευσεν
492 1638 632 1674 ἰεροὸοὰμ
644 1638 701 1670 υἱὸς
723 1639 800 1671 Ἷωὰς
813 1640 860 1666 ἐπὶ

79 1682 180 1718 Ἰσραὴλ
205 1684 235 1710 ὲν
259 1683 411 1719 Σαμαρείᾳ,
423 1684 629 1720 τεσσαράκοντα
661 1685 709 1712 καὶ
731 1685 761 1712 ἓν
789 1685 866 1717 ἔτος..

75 1729 123 1754 Καὶ
132 1729 245 1765 εποίησε
255 1729 285 1756 τὸ
299 1730 417 1766 πονηρὸν
427 1730 543 1758 ὲνώπιον
553 1731 668 1766 Κυρίου.
680 1731 738 1758 Οὐκ
752 1731 858 1768 ἀπέστη

75 1774 124 1803 ἀπὺ
136 1775 234 1802 πασῶν
245 1775 387 1811 ἁμαρτιῶν
404 1776 545 1812 Ἱεροεοὰμ
565 1776 624 1803 υἱοῦ
636 1776 741 1809 Ναϐὰτ,
764 1778 795 1810 ὃς
815 1779 860 1812 ἐξ-

75 1823 176 1858 ήμαρτε
200 1822 247 1849 τὸν
278 1823 396 1859 Ἰσραήλ.
423 1832 433 1848 ι
460 1823 551 1859 Ὁρᾷς,
567 1824 640 1855 ὅπως
662 1823 786 1860 ζηλωτὴς
803 1825 859 1852 τῶν

75 1867 173 1894 ἐκείνου
195 1867 303 1903 τρόπων
326 1867 433 1902 γέγονε,
449 1868 498 1903 τὴν
514 1868 575 1903 ἴσην
599 1868 694 1904 ὥσπερ
716 1869 859 1904 ἀμαξητδν

75 1913 226 1948 ἐρχόμενος,
243 1913 290 1940 καὶ
302 1913 385 1940 οἱονεὶ
400 1913 470 1940 κατὰ
487 1914 569 1946 πόδας
583 1914 632 1950 τῆς
647 1915 752 1942 ἐκείνου
766 1915 861 1942 δυσσε-

76 1958 145 1990 ϐείας
168 1958 266 1986 ἐλθών.
292 1957 360 1985 Εἶτα
383 1959 410 1986 τί
433 1968 500 1995 φησι
518 1959 547 1986 τὸ
570 1960 690 1996 Γράμμα
714 1961 745 1987 τὸ
771 1962 859 1997 ίερόν;

79 2015 88 2030 ι
112 2005 153 2031 Ἐν
166 2005 220 2032 ἔτει
239 2005 355 2040 εἰκοστῷ
370 2006 416 2032 καὶ
433 2006 539 2041 ἑϐδόμῳ
555 2006 602 2033 τοῦ
624 2007 766 2042 Ὶεροὸοὰμ
782 2007 861 2043 βασι-

76 2050 139 2083 λέως
160 2052 279 2087 Ἰσραὴλ,
295 2051 469 2078 ἐϐασίλευσεν
491 2052 620 2088 Ἀζαρίας
639 2052 696 2084 υἱὸς
718 2053 860 2088 Ἀμασίου,

77 2097 203 2132 βασιλέως
224 2097 319 2130 Ἰούδα,
335 2097 364 2129 ὃς
379 2098 524 2124 ἑκκαίδεκα
540 2098 608 2124 ἐτῶν
623 2096 668 2134 ἦν,
685 2099 714 2125 ὲν
727 2099 767 2134 τῷ
783 2099 861 2134 βασι-

75 2143 158 2170 λεύειν
177 2143 267 2171 αὐτόν.
283 2144 338 2170 Καὶ
353 2143 398 2170 δύο
414 2144 460 2170 καὶ
483 2144 651 2179 πεντήκοντα
665 2143 711 2180 ἔτη
726 2144 862 2171 ὲὸασίλευ-

77 2199 118 2218 σεν
132 2193 161 2217 ἐν
181 2189 370 2226 Ἰερουσαλήμ.
387 2190 442 2216 Καὶ
455 2189 539 2224 ὕνομα
558 2191 590 2224 τῇ
613 2190 696 2225 μητρὶ
709 2189 793 2216 αὑτοῦ
814 2191 862 2216 Ὶε-

77 2237 147 2271 χελία
175 2237 204 2269 ἐξ
238 2235 425 2271 Ἰερουσαλήμ.
457 2235 512 2261 Καὶ
540 2235 650 2270 ἐποίησε
679 2236 708 2262 τὸ
729 2236 807 2267 εὐθὲς
833 2237 862 2262 ὲν

76 2283 222 2318 ὀφθαλμοῖς
235 2283 351 2318 Κυρίου,
372 2283 442 2308 κατὰ
459 2281 549 2308 πάντα
564 2282 613 2307 ὅσα
627 2281 754 2316 ἐποίησεν
777 2282 862 2317 Ἄμα-

78 2329 132 2361 ala;
145 2329 160 2355 ὁ
175 2328 267 2364 πατὴρ
282 2328 380 2355 αὐτοῦ·
397 2328 467 2363 πλὴν
483 2327 517 2353 τὰ
532 2327 620 2362 ὑψηλὰ
633 2327 682 2354 οὐκ
698 2328 803 2363 ἐξῆρεν
823 2328 862 2355 ἔτι

77 2374 126 2409 γὰρ
145 2374 159 2400 ὁ
173 2374 237 2404 λαὸς
265 2372 392 2405 ὲθυσίαζε
416 2372 463 2399 καὶ
485 2372 585 2407 ὲθυμία
606 2373 635 2398 ὲν
659 2374 716 2404 τοῖς
739 2373 860 2408 ὑψηλοῖς.

77 2419 128 2445 Καὶ
138 2419 227 2454 ἥψατο
244 2417 348 2453 Κύριος
363 2416 408 2443 τοῦ
425 2417 565 2451 βασιλέως,
578 2417 623 2443 καὶ
639 2415 673 2452 ἦν
691 2417 862 2453 λελεπρωμέ-

77 2474 116 2497 νος
139 2465 191 2496 ἕως
206 2464 315 2500 ἡμέρας
338 2463 452 2490 θανάτου
464 2463 556 2490 αὺτοῦ.
575 2473 583 2488 ι
603 2463 725 2499 Εὐσεϐὴς
752 2465 800 2499 μὲν
815 2465 862 2491 καὶ

78 2511 194 2545 φιλόθεος
209 2510 312 2543 Ὀζίας,
327 2509 397 2545 πλὴν
410 2510 459 2545 οὐχ
475 2509 696 2544 ὁλοτρόπως.‹οὐ
712 2509 768 2546 γὰρ
785 2520 862 2546 περι-

78 2556 127 2583 ιίλε
143 2555 178 2583 τὰ
195 2555 297 2590 ὑψηλὰ,
314 2555 406 2590 φησὶν,
428 2555 484 2582 ἁλλ’
505 2555 623 2590 ἐθυμίων
645 2555 673 2581 ἐν
689 2556 790 2589 αὐτοῖς,
815 2557 862 2584 καὶ

77 2604 128 2634 τοῖς
141 2601 292 2637 δαιμρνίοις
307 2600 444 2636 προσῆγον
455 2601 548 2632 θυσίας
555 2601 580 2626 οἱ
591 2600 771 2636 πλανώμενοι.
779 2600 860 2629 »Εἶτα

78 2645 250 2682 παρενεχθεὶς
271 2644 409 2679 Ἀζαρίας,
425 2645 508 2680 ἤγουν
522 2646 536 2671 ὁ
560 2644 659 2676 Ὀζίας,
678 2646 717 2677 είς
730 2647 863 2679 Emonam}

78 2691 186 2723 ἐννοίας,
201 2690 280 2726 ᾠήθη
297 2691 410 2725 πρέπειν
424 2691 457 2726 τῇ
477 2691 527 2725 τῆς
541 2690 679 2725 βασιλείας
691 2691 753 2727 δόξῃ
768 2692 814 2718 καὶ
831 2692 862 2719 τὸ

78 2737 172 2773 χρῆναι
199 2735 323 2770 πληροῦν
345 2735 380 2762 τὰ
399 2736 580 2771 νενομισμένα
603 2736 642 2772 τῷ
658 2737 727 2772 Θεῷ,
745 2738 791 2764 καὶ
807 2738 861 2764 λει-

78 2781 200 2818 τουργίας
221 2779 384 2816 ἁντέιεσθαι
406 2780 552 2816 τῆςὶερὶς.
572 2781 626 2808 Καὶ
640 2781 672 2816 δὴ
696 2782 743 2808 καὶ
756 2782 855 2809 τέθυκε

1057 418 1264 470 TOMUS
1301 422 1527 469 PRIMUS

1243 483 1320 511 CAP.
1335 484 1354 511 Ι.

943 538 1024 566 Vens.
1038 540 1063 567 I.
1078 539 1189 568 Verbum
1199 540 1302 568 Domini
1310 542 1379 574 quod
1390 542 1489 576 factum
1498 551 1534 572 eu
1547 547 1580 573 ad
1588 547 1653 574 Osee
1665 549 1700 581 ﬁ—

906 583 1052 611 liumBeeri
1059 585 1086 611 in
1095 586 1184 612 diebus
1193 585 1277 619 Ozirr,
1284 592 1308 613 et
1318 587 1450 621 lout/mm,
1463 589 1558 623 Achaz,
1570 592 1697 627 Ezechiw,

907 638 996 664 regum
1009 629 1091 662 Iuda,
1111 635 1136 658 el
1161 631 1189 658 in
1210 631 1301 659 diebus
1323 632 1465 660 Jerotioam
1484 634 1534 668 ﬁlii
1551 636 1617 664 Joas
1632 640 1698 674 regis

907 674 1004 704 Israel.

942 720 963 747 I.
977 720 1148 748 Vaticinatur
1158 722 1247 757 itaque
1256 723 1352 751 beatus
1365 723 1485 752 Oseasin
1499 726 1596 755 diebus
1612 727 1696 760 Oziar,

907 771 933 794 et
945 767 1081 799 Joatham,
1099 773 1126 795 et
1141 768 1247 800 Achaz,
1265 775 1291 796 et
1311 770 1445 803 Ezechiae.
1460 780 1552 807 regum
1571 773 1650 806 Juda,
1670 780 1698 802 et

908 814 934 841 in
947 813 1041 841 diebus
1053 813 1196 842 Jeroboam
1209 815 1255 842 lilii
1268 815 1332 844 Joas
1348 817 1418 851 regis
1432 817 1526 846 Israel.
1541 819 1574 846 Et
1592 824 1698 855 tempus

907 860 1141 895 quidemvaticinii
1151 861 1290 896 hucusque
1297 863 1456 896 productum
1466 864 1633 900 intelligitur.
1645 867 1697 894 Ar-

908 907 992 934 bitror
1018 911 1109 934 autem
1137 907 1232 935 ordine
1257 908 1290 935 dc
1307 908 1420 943 singulis
1440 912 1604 938 narrandum
1621 912 1698 940 Iucu-

907 952 1016 986 lentius,
1044 958 1072 980 ut
1094 961 1208 981 noscere
1230 955 1376 988 possimus,
1395 957 1623 990 quemadmodum
1638 959 1695 994 jam

907 999 1040 1032 dicebam,
1067 1001 1162 1036 quales
1178 1001 1204 1028 hi
1224 1009 1302 1036 reges
1326 1001 1434 1036 fuerint,
1458 1008 1551 1030 utrum
1575 1004 1700 1032 videlicet

907 1045 982 1078 boni,
1007 1052 1033 1073 et
1065 1046 1133 1073 bene
1160 1054 1224 1082 erga
1247 1047 1330 1074 Deum
1355 1048 1477 1081 animati,
1503 1057 1536 1076 an
1565 1050 1653 1083 potius
1671 1051 1697 1080 iu

907 1093 1073 1120 contrarium
1082 1093 1211 1126 abierint,
1226 1098 1253 1121 et
1264 1102 1323 1129 qua:
1338 1095 1451 1130 singulis
1466 1101 1521 1122 tum
1534 1097 1560 1122 in
1575 1097 1705 1124 Samaria.

908 1141 963 1164 tum
986 1137 1163 1173 Jcrosolymis
1188 1140 1362 1173 regnantibus
1389 1141 1538 1168 evenerint.
1564 1141 1600 1168 Ita
1624 1142 1708 1169 enim.

907 1189 1025 1216 quonam
1054 1184 1195 1218 prophetia
1218 1184 1348 1217 collimet,
1373 1185 1446 1213 nullo
1463 1187 1570 1221 negotio
1596 1188 1700 1223 perspi-

908 1228 1021 1255 ciemus.
1047 1228 1189 1256 Postremo
1204 1230 1284 1265 igilur
1305 1230 1366 1257 loco
1388 1232 1543 1259 nominatus
1554 1237 1595 1260 est
1619 1233 1699 1261 loro-

909 1272 999 1305 buam,
1025 1273 1096 1301 ﬁlius
1118 1273 1191 1306 Joas,
1206 1283 1252 1302 rex
1273 1275 1365 1308 lsracl,
1396 1277 1442 1312 qui
1471 1276 1608 1310 Azan-iam,
1633 1279 1700 1305 alius

908 1315 1012 1347 Oziam.
1029 1319 1186 1346 antecessit.
1201 1319 1279 1347 Scire
1295 1320 1358 1348 licet
1382 1322 1453 1349 hunc
1482 1323 1564 1349 alium
1584 1323 1667 1351 fuisse
1683 1331 1698 1350 ι

909 1363 1007 1398 primo,
1031 1364 1077 1398 qui
1104 1365 1269 1399 temporibus
1293 1367 1364 1402 regis
1387 1367 1527 1400 lloboanti,
1560 1369 1605 1396 ﬁlii
1622 1369 1699 1397 Salo-

910 1409 1008 1440 monis.
1029 1410 1110 1436 vixit:
1129 1415 1218 1438 tamen
1237 1412 1355 1439 moribus
1378 1413 1485 1445 iisdem,
1510 1417 1538 1440 et
1560 1414 1700 1448 impietate

909 1451 1024 1479 similem
1037 1453 1068 1482 “.
1085 1453 1129 1481 Sic
1137 1455 1207 1482 enim
1220 1456 1318 1491 deipso
1330 1458 1460 1491 scriptum
1474 1463 1577 1485 exstat:
1590 1467 1600 1484 ‹
1615 1458 1642 1486 In
1652 1467 1701 1487 an-

911 1505 946 1524 no
963 1498 1067 1526 dccimo
1076 1500 1170 1533 quinto
1181 1501 1306 1534 Amasiac,
1324 1502 1370 1528 ﬁlii
1384 1501 1456 1534 Joas,
1473 1504 1544 1537 regis
1561 1503 1702 1538 Juda,_re-

911 1544 1003 1578 gnarit
1020 1544 1165 1572 Jeroboam
1182 1547 1322 1574 ﬁliusJoas
1337 1555 1418 1583 super
1430 1549 1511 1576 lsracl
1524 1549 1550 1576 in
1566 1549 1700 1583 Samaria,

911 1598 997 1618 annos
1012 1599 1093 1618 unum
1111 1597 1137 1619 ct
1151 1593 1342 1628 quadraginta.
1365 1592 1398 1621 Et
1413 1595 1477 1622 fecit
1490 1596 1589 1622 malum
1609 1604 1701 1624 coram

911 1637 1036 1665 Domino.
1058 1638 1116 1666 Non
1141 1639 1252 1666 recessit
1272 1640 1307 1666 ab
1326 1640 1452 1668 omnibus
1486 1641 1603 1676 peccatis
1625 1641 1702 1669 Jero-

911 1682 991 1710 boam
1009 1683 1057 1710 ﬁlii
1069 1683 1172 1715 Nadab,
1191 1683 1237 1718 qui
1263 1692 1374 1720 peccare
1397 1686 1461 1714 fecit
1475 1685 1584 1714 Israel.)
1604 1686 1702 1715 Cernis

911 1737 965 1764 quo
976 1734 1055 1763 pacto
1073 1737 1163 1757 mores
1178 1729 1250 1757 illius
1273 1732 1456 1765 expresserit,
1470 1733 1551 1760 veluti
1565 1733 1586 1760 si
1599 1741 1646 1768 per
1657 1740 1702 1760 or-

912 1775 994 1802 bitam
1007 1775 1141 1808 eamdem,
1152 1780 1180 1803 et
1197 1783 1245 1810 per
1255 1777 1367 1811 vestigia
1392 1778 1542 1813 impietatis
1557 1779 1617 1813 ejus
1631 1779 1702 1806 inoo-

911 1821 998 1849 deret.
1012 1822 1081 1855 Quid
1100 1822 1214 1856 amplius
1235 1830 1313 1850 sacra
1333 1824 1474 1857 Scriptura
1499 1824 1577 1851 dicit?
1593 1834 1603 1849 ι
1624 1825 1702 1852 Anno

911 1866 1042 1894 vicesimo
1066 1867 1181 1901 septimo
1209 1866 1354 1895 Jeroboam
1376 1868 1446 1903 regis
1462 1868 1557 1902 Israel,
1577 1870 1700 1904 regnavit

912 1911 1022 1939 Azarias
1037 1911 1106 1938 ﬁlius
1121 1912 1239 1939 Amasis:
1262 1912 1333 1947 regis
1349 1911 1431 1944 Juda,
1460 1920 1545 1940 annos
1566 1918 1645 1941 natus
1658 1921 1702 1941 se-

912 1959 1013 1986 decim.
1032 1958 1105 1985 Duos
1123 1965 1205 1992 supra
1224 1958 1418 1993 quinquaginta
1443 1959 1601 1993 rcgnavitiu
1621 1959 1700 1986 Ieru—

911 2005 1006 2032 salem.
1021 2004 1124 2032 Nomen
1133 2005 1228 2031 matris
1240 2004 1299 2039 ejus
1310 2004 1429 2032 Jcchelia
1443 2006 1476 2032 de
1491 2005 1651 2033 Jerusalem.
1667 2005 1701 2032 EI

911 2051 977 2079 fecit
990 2052 1062 2087 quod
1080 2056 1185 2079 rectum
1197 2055 1255 2078 erat
1268 2059 1358 2078 coram
1376 2052 1501 2085 Domino,
1517 2052 1596 2085 juxta
1610 2052 1701 2079 omnia

911 2105 972 2133 qua‘.
989 2097 1053 2125 fecit
1065 2097 1148 2132 'pater
1164 2097 1234 2132 ejus.
1258 2096 1450 2124 Verumtamen
1470 2098 1576 2125 excelsa
1589 2105 1644 2125 non
1660 2103 1702 2125 est

911 2145 1072 2172 demolitus:
1083 2144 1171 2171 adhuc
1187 2143 1258 2170 enim
1280 2143 1395 2178 populus
1404 2143 1576 2170 sacriﬁcabat
1591 2148 1618 2171 et
1633 2143 1700 2171 ado-

912 2190 984 2217 lebat
999 2190 1138 2218 incensum
1151 2189 1178 2216 in
1189 2189 1312 2216 excelsis.
1326 2189 1358 2216 Et
1372 2189 1506 2224 percussit
1522 2190 1652 2218 Dominus
1663 2197 1710 2217 rem

912 2242 972 2268 gem
989 2239 1016 2262 et
1029 2234 1078 2261 fuit
1090 2234 1213 2269 leprosus
1228 2241 1313 2268 usque
1327 2234 1354 2260 in
1372 2234 1443 2261 diem
1459 2234 1553 2263 mortis
1567 2241 1622 2261 sua:
1638 2233 1670 2261 ¹³.
1689 2243 1710 2261 ι..

912 2280 977 2307 Pius
1005 2284 1033 2307 et
1052 2279 1099 2306 Dei
1117 2279 1208 2306 cultor
1234 2278 1285 2306 fuit
1318 2279 1410 2312 Ozias,
1427 2279 1510 2314 7sed
1527 2286 1583 2306 non
1607 2286 1703 2313 usque-

913 2332 1032 2360 quaque.
1046 2334 1055 2350 ι
1077 2323 1136 2352 Non
1154 2325 1229 2351 enim
1248 2324 1392 2352 demolitus
1410 2329 1452 2352 est
1471 2324 1585 2354 excelsa.
1596 2324 1701 2359 inquit;

913 2372 960 2398 sed
975 2369 1164 2398 sacriﬁcabant
1179 2371 1205 2397 in
1225 2370 1288 2402 illis,
1301 2375 1329 2397 et
1346 2370 1513 2399 damnonibus
1523 2370 1624 2397 hostias
1635 2369 1703 2396 oﬂ‘e-

915 2417 1011 2444 rebant
1023 2416 1152 2444 seducti.)
1166 2416 1339 2443 Postmodum
1354 2415 1532 2443 transversim
1544 2420 1620 2443 actus
1633 2415 1710 2446 Aea:

915 2462 979 2494 rias,
997 2462 1053 2489 sive
1067 2461 1155 2494 Ozias,
1170 2469 1231 2489 esse
1243 2469 1276 2489 ex
1289 2461 1370 2496 regali
1379 2461 1512 2496 dignitate
1524 2460 1642 2491 censuit,
1655 2467 1702 2487 sa-

915 2508 968 2534 cris
993 2507 1097 2543 legibus
1127 2509 1182 2535 Deo
1208 2507 1330 2535 instituta
1354 2506 1439 2537 obire,
1467 2510 1492 2533 et
1521 2504 1701 2532 ministerium

915 2561 1021 2581 sacrum
1049 2551 1199 2587 co'pessere.
1226 2552 1277 2579 Per
1295 2560 1324 2579 se
1341 2559 1450 2586 quoque
1475 2550 1647 2583 sacriﬁcavit,
1668 2550 1709 2577 le-r

915 2607 975 2635 gem
989 2607 1005 2625 a
1017 2598 1093 2626 Mose
1111 2599 1191 2625 latam
1216 2598 1353 2633 ignorans.
1373 2597 1460 2624 Simul
1486 2601 1574 2624 autem
1591 2596 1624 2622 ad
1640 2597 1702 2622 fun-

915 2656 921 2672 t
932 2646 1032 2673 tionem
1043 2645 1212 2678 sacram,sibi
1227 2646 1383 2680 neutiquam
1393 2644 1598 2672 convenientem
1609 2649 1704 2669 ascen-

915 2692 953 2719 dit
965 2691 1004 2723 “,
1019 2701 1028 2717 ι
1045 2691 1185 2719 Pereussit
1221 2698 1283 2718 eum
1310 2691 1451 2722 Dominus,
1479 2689 1576 2724 inquit,
1595 2693 1622 2715 et
1644 2691 1704 2715 erat

914 2739 1039 2772 leprosus
1053 2744 1136 2771 usque
1152 2736 1178 2763 in
1194 2736 1265 2763 dicm
1288 2735 1384 2763 mortis
1398 2735 1497 2762 sum".
1517 2744 1526 2760 ι
1544 2734 1703 2761 lmmundus

914 2782 996 2818 igitur
1014 2782 1160 2810 secundum
1186 2782 1270 2816 legem
1296 2785 1354 2808 erat
1375 2781 1509 2816 leprosus,
1522 2785 1550 2807 ct
1572 2779 1699 2813 hujusce-

111 2864 131 2880 “
149 2864 180 2893 Ill
196 2864 264 2900 Reg.
279 2872 310 2898 rt,
327 2865 372 2892 ‘26.
413 2866 433 2882 ”
450 2865 482 2894 IV
497 2866 562 2902 Reg.
588 2874 643 2902 νιν,
657 2867 702 2901 25,
721 2867 765 2894 ‘24.
808 2866 828 2882 ¹³
841 2865 874 2894 IV
893 2865 958 2900 Reg.
986 2873 1030 2900 xv,
1051 2865 1110 2893 I-5.
1151 2865 1171 2881 ιθ
1188 2864 1209 2892 Il
1221 2863 1282 2893 Par.
1297 2864 1341 2898 I5,
1359 2863 1383 2891 I.
1423 2863 1445 2878 ”
1461 2862 1495 2891 IV
1514 2862 1579 2898 ch.
1600 2869 1649 2895 xv,
1665 2859 1693 2891 ὅ.
