1913 3042
204 153 238 180 ΞΕ)
718 155 746 183 S.
765 155 903 184 CYRILLI
925 157 968 184 AI.

1021 158 1159 195 ANDRIA]
1178 158 1339 188 ARCIIIEP.
1795 165 1834 193 ’ΞΟ

202 214 275 242 modi
289 213 385 242 morbo
399 214 520 249 impliciti
543 214 639 241 castris
650 214 839 249 ejiciebautur.
853 216 898 244 Sic
914 220 967 245 enit

1021 233 1028 250 λ
1040 219 1073 245 δι’
1082 219 1189 250 ἑαυτοῦ.
1198 219 1253 247 τῶν
1266 219 1309 246 διὰ
1321 219 1442 252 Μωσέως
1455 220 1589 255 ἀλογήσας
1603 221 1703 257 νόμων.
1720 223 1832 260 Ἐπειδὴ

202 260 274 288 Deus
286 260 320 288 ad
336 267 474 288 sacrorum
484 260 622 288 doctorem
638 260 728 289 Mosen
741 270 747 288 :
768 271 778 288 ι
793 261 915 298 Loquere
927 264 988 291 liliis

202 305 294 339 Israel,
321 307 430 340 ejiciant
450 311 526 334 extra
546 310 635 334 castra
667 315 775 335 onmem
799 308 983 342 leprosum,et

200 349 300 378 ﬂuxum
313 352 423 378 seminis
440 351 600 385 patientem;
618 355 645 379 et
656 360 762 380 omnem
776 353 945 381 immundum
960 355 985 382 in

201 396 292 423 anima
307 397 339 422 ”.
355 406 364 421 ι
388 396 500 423 Punitus
510 401 552 424 est
566 402 656 424 autem
667 399 772 431 morbo,
789 407 872 427 ausus
883 400 983 432 illicita,

198 448 226 470 et
240 450 329 479 regem
358 443 405 478 qui
431 451 534 471 sacram
561 444 719 479 dignitatem
748 447 883 474 invaserat
911 448 985 482 igno-

198 488 280 515 minia
305 487 377 516 Deus
391 488 592 516 condemnavit.
613 488 682 522 Quia
699 497 765 517 vero
782 490 930 525 prophetia:
945 492 985 518 vis

196 540 252 560 non
269 533 302 560 ad
317 534 404 561 solum
418 533 526 567 ludam,
540 534 591 562 hoc
599 540 650 568 est,
683 535 728 570 qui
741 536 893 563 incolebant
908 536 985 564 Jero-

194 578 336 614 solytnam,
361 580 408 608 sed
428 580 509 607 etiam
527 581 560 608 ad
580 580 661 608 Israel
679 582 807 616 pertinet,
830 583 879 610 hoc
887 587 938 616 est,
950 584 982 611 ad

195 625 288 654 decem
301 627 388 655 tribus
399 627 425 655 in
446 627 709 659 Samaria,dicamus
724 633 829 662 oportet
841 629 874 656 de
888 629 920 657 iis
937 630 981 664 qui

197 679 280 707 regno
293 673 391 701 ibidem
413 673 592 708 przeluerunt,
609 675 775 708 temporibus
799 675 913 708 Azuriw,
935 677 982 711 qui

193 722 220 745 et
231 717 321 750 Ozias,
337 724 365 747 et
378 720 476 755 quibus
491 729 537 749 eos
556 720 753 749 calamitatibus
768 722 890 757 .opprimi
918 731 982 750 eun-

195 764 360 799 tlgerit,cunt
371 766 489 801 profante
498 767 656 794 idololatria:
668 768 739 794 velut
751 768 876 795 insolenti
888 769 981 796 tuorbo

192 809 326 838 debilitati
355 816 456 840 essent.
483 811 543 839 .latn
574 812 657 847 igitur
677 813 834 840 vicesimum
854 818 980 841 ortavum

193 862 294 883 annum
316 862 447 891 regnante
464 857 539 890 Otia,
571 866 619 886 seu
641 859 748 890 Azaria,
781 859 849 886 alius
868 860 980 887 Azarias

193 899 263 927 ﬁlius
285 899 427 929 Jerohoam
454 901 561 930 lsraelis
586 911 698 938 regnum
719 904 806 931 tenuit
839 904 979 932 mensibus
995 888 1016 918 Β

191 953 251 973 sex.
266 945 316 979 Qui
332 951 475 982 postquam
494 953 522 975 et
535 948 592 983 ipse
607 949 634 975 in
655 949 696 976 via
714 949 801 984 patris
833 950 873 977 sui
888 951 980 978 ambu-

190 990 265 1024 lavit.
294 992 413 1027 fecitque
438 993 538 1020 malum
559 1001 650 1021 coram
674 993 798 1026 Domino,
818 995 977 1030 quibusdam

189 1034 345 1065 domesticis
372 1038 430 1065 suis
455 1038 571 1066 traditus
595 1043 637 1066 est
655 1039 832 1074 jugulandus,
848 1045 875 1068 et
888 1042 975 1076 periit.

188 1081 354 1110 Procedente
369 1084 540 1118 postmodum
555 1089 686 1120 tempore,
709 1093 780 1113 anno
803 1087 940 1115 tricesimo
949 1091 977 1115 et

187 1132 284 1156 octavo
297 1130 371 1165 regni
391 1129 474 1163 Ozite,
491 1138 584 1158 rursus
597 1131 706 1165 ungitur
717 1139 798 1167 super
818 1133 898 1160 Israel
922 1133 978 1161 Sel-

189 1175 254 1207 Ium,
277 1179 306 1202 et
315 1180 409 1211 regnat
424 1183 516 1204 mense
529 1184 595 1209 uno,
613 1184 728 1211 moxque
753 1186 767 1204 a
790 1177 906 1205 Slanaim
921 1179 975 1207 lilio

186 1219 260 1249 Gaze
273 1221 307 1248 de
317 1221 418 1249 'I'hcrsa
437 1221 611 1249 interimitur.
627 1222 862 1257 Signilicalautcm
884 1224 973 1251 divina

188 1265 328 1300 Scriptura
343 1267 437 1294 ambos
462 1267 546 1295 luisse
561 1268 593 1295 de
609 1268 740 1303 sanguine
759 1267 838 1301 Jehu,
862 1275 888 1296 et
904 1271 974 1298 tilios

186 1311 246 1347 ejus
265 1312 309 1347 qui
325 1313 424 1340 occidit
440 1313 544 1346 Achab,
565 1318 592 1341 et
605 1313 705 1341 liberos
721 1313 789 1348 ejus,
805 1320 832 1341 et
845 1314 971 1348 Iezabel;

186 1359 229 1386 cui
247 1359 327 1386 etiam
343 1358 466 1392 promisit
483 1359 566 1387 Deus:
584 1369 592 1385 ι
608 1360 667 1387 Filii
686 1360 724 1387 tui
741 1368 825 1395 usque
843 1362 875 1388 ad
892 1369 973 1394 quar-

187 1409 240 1431 tam
250 1405 452 1437 generationem
461 1405 678 1440 sedcbuntsuper
691 1406 814 1433 thronum
825 1411 900 1433 tuum
914 1407 944 1434 ”.
959 1417 969 1433 1

125 1465 133 1472 ο
187 1450 314 1485 Regnavit
325 1452 405 1486 igitur
423 1451 538 1479 Manaim
552 1459 633 1486 super
649 1452 730 1479 Israel
751 1460 811 1479 cutn
825 1454 970 1480 occidisset

185 1496 296 1529 Selium,
313 1506 322 1523 ι
339 1497 370 1524 Et
380 1497 443 1524 fecit
459 1497 570 1530 malum.
583 1497 679 1531 inquit,
727 1497 752 1523 in
761 1497 845 1524 oculis
855 1497 969 1526 Domini.

1038 264 1067 290 δὲ
1093 264 1264 300 ἀναϐέϐηκεν
1287 266 1327 297 εἰς
1349 265 1398 300 τὴν
1414 266 1561 301 οὐδαμόθεν
1578 267 1652 303 αὐτῷ
1669 268 1831 304 πρέπουσαν

1037 310 1216 345 λειτουργίαν,
1233 311 1305 346 φημὶ
1321 311 1363 347 δὴ,
1392 311 1440 347 τὴν
1461 312 1546 348 ἱερὰν,
1572 323 1581 339 ι
1609 313 1727 348 Ἥψατο,
1749 317 1829 351 φησὶ,

1037 356 1138 390 Κύριος
1159 356 1258 389 αὑτοῦ,
1285 357 1333 384 καὶ
1356 355 1390 393 ἦν
1416 357 1622 394 λελεπρωμὲνος
1645 360 1697 392 ἓως
1721 362 1828 396 ἡμέρας

1037 401 1153 428 Θανάτου
1170 402 1265 430 αὑτοῦ.
1285 412 1294 428 ι
1320 402 1487 438 ’Δκάθαρτος
1507 405 1556 439 μὲν
1578 404 1625 432 οὖν
1639 406 1710 432 κατά
1727 407 1828 442 νόμους

1035 448 1050 474 ὀ
1078 447 1188 484 λεπρὸς,
1207 449 1254 475 καὶ
1270 449 1467 485 ἅπεπέμποντο
1489 451 1538 484 τῆς
1555 451 1729 487 παρεμὸολῆς
1742 454 1767 479 ol
1786 453 1828 488 τῷ

1034 492 1127 527 τοιῷδε
1154 493 1234 520 πάθει
1251 494 1473 530 κατειλημμένοι.
1495 496 1647 532 Ἐφη.γάρ
1670 506 1735 523 ποτε
1760 498 1828 530 Θεὸς

1035 539 1104 574 πρὸς
1122 539 1168 566 τὸν
1186 539 1347 575 ίεροιρὰντην
1371 541 1488 568 Μωτέα’
1510 550 1519 567 ι
1538 541 1661 577 Λάλησον
1684 544 1740 574 τοῖς
1756 545 1826 576 υἱοῖς

1041 585 1158 620 Ἰσραὴλ,
1174 585 1221 612 καὶ
1243 585 1514 619 ὲξαποστειλάτωσαν
1530 588 1562 614 ὲκ
1580 588 1629 623 τῆς
1648 589 1826 625 παρεμόολῆς

1034 630 1123 657 πάντα
1151 630 1250 666 λεπρὺν
1266 631 1312 657 καὶ
1330 632 1471 667 γονορῤοῆ,
1490 632 1537 659 καὶ
1557 633 1646 659 πάντα
1668 633 1825 669 ἀκάθαρτον

1033 676 1078 702 ἐπὶ
1091 677 1175 711 ψυχῇ.
1198 686 1208 701 ι
1233 677 1396 711 Ἐπετιμᾶτο
1411 677 1439 704 δὲ
1458 679 1491 712 τῇ
1511 678 1590 713 νόσῳ,
1614 679 1789 715 τετολμηκὼς
1804 680 1824 707 ἃ.

1034 721 1071 755 μὴ
1089 721 1176 756 θέμις,
1193 721 1241 747 καὶ
1265 721 1377 756 ἀτιμίαν
1400 722 1446 748 τοῦ
1465 722 1597 757 βασιλέως
1618 724 1825 762 κατεψηφίσατο

1031 766 1108 799 Θεὸς,
1126 766 1176 805 τὴν
1200 766 1274 802 ἱερὰν
1293 767 1466 803 ἁρπάσαντος
1480 768 1568 802 δόξαν.
1596 769 1702 806 Ἐπειδὴ
1726 771 1753 798 δὲ
1772 772 1824 807 τῆς

1032 812 1200 847 προφητείας
1214 812 1231 847 ἡ
1245 811 1358 847 δύναμις
1373 813 1422 840 οὐκ
1435 814 1474 844 εἰς
1490 815 1568 849 μόνον
1584 814 1676 849 βλέπει
1692 816 1737 843 τὸν
1755 817 1823 844 Ἰού-

1030 855 1087 888 δαν,
1099 857 1233 889 τουτέστι,
1246 858 1309 889 τοὺς
1325 859 1354 885 ὲν
1369 860 1426 890 τοῖς
1447 859 1654 895 Ἱεροσολύμοις,
1670 861 1778 898 ἔρχεται
1793 862 1823 890 δὲ

1030 902 1076 929 καὶ
1096 903 1142 930 ἐπὶ
1160 903 1205 930 τὸν
1226 903 1345 939 Ἰσραὴλ,
1358 905 1491 938 τουτέστι,
1520 906 1570 938 τὰς
1585 907 1652 934 δέκα
1672 908 1756 942 φυλὰς
1770 909 1823 941 τὰς

1029 949 1058 976 ἐν
1073 951 1104 984 τῇ
1128 950 1279 986 Σαμαρείᾳ·
1297 950 1364 986 φέρε
1388 950 1513 986 λέγωμεν
1527 953 1685 986 ἀναγκαίως
1699 955 1761 986 τοὺς
1775 953 1822 982 ἐπ’

1028 995 1108 1022 αὐτὸν
1131 995 1354 1031 βεϐασιλευκότας
1369 998 1398 1024 ὲν
1414 998 1533 1033 ἡμέραις
1555 999 1690 1035 Ἀζαρίου,
1706 1000 1754 1027 τοῦ
1771 1000 1822 1028 καὶ

1034 1042 1131 1074 Ὀζίου,
1160 1043 1206 1068 καὶ
1223 1042 1313 1074 ποίαις
1325 1043 1422 1075 αὐτοὺς
1432 1046 1583 1080 συμφοραῖς
1595 1046 1765 1081 συμϐἐεηκεν
1780 1047 1824 1074 ὲν-

1027 1087 1137 1120 αλῶναι,
1149 1089 1414 1124 κατηρῤωστηκότας
1427 1090 1549 1123 ἐκτόπως
1559 1092 1609 1127 τὴν
1621 1092 1733 1127 βέϐηλον
1743 1093 1821 1120 είδω-

1026 1135 1179 1171 λολατρίαν.
1193 1135 1261 1170 Ἤδη
1273 1136 1363 1162 τοίνυν
1377 1137 1498 1163 εἰκοστὸν
1512 1137 1559 1163 καὶ
1570 1137 1660 1171 ὃγδοον
1670 1138 1727 1170 ἔτος
1735 1139 1764 1165 ἐν
1779 1138 1820 1174 τῷ

1027 1181 1180 1216 βασιλεύειν
1202 1181 1309 1216 ἔχοντος
1330 1182 1429 1215 ὐζίου,
1443 1182 1490 1209 τοῦ
1514 1183 1560 1209 καὶ
1579 1182 1716 1218 Ἀζαρίου,
1736 1184 1818 1216 ’Λζασ

1026 1229 1087 1265 ρὶας
1111 1230 1213 1266 ἕτερος,
1238 1231 1285 1257 τοῦ
1312 1231 1465 1267 Ἱεροϐοὰμ,
1489 1231 1681 1266 βεϐασίλευκεν
1702 1230 1749 1256 ἐπὶ
1771 1230 1817 1256 τὸν

1031 1275 1137 1311 Ἰσραὴλ
1153 1276 1239 1311 μῆνας
1254 1277 1294 1308 ἐξ.
1318 1277 1427 1312 Ἐπειδὴ
1444 1277 1490 1303 καὶ
1507 1277 1588 1308 αὐτὸς
1604 1277 1632 1302 ὲν
1655 1276 1707 1311 ὀδῷ
1730 1276 1818 1302 πεπό-

1024 1329 1118 1356 ρευται
1131 1321 1179 1348 τοῦ
1193 1322 1305 1357 πατρὸς,
1318 1322 1364 1349 καὶ
1374 1323 1486 1358 ἐποίησε
1502 1322 1531 1348 τὸ
1545 1322 1662 1358 πονηρὸν
1676 1323 1705 1348 ὲν
1719 1321 1817 1355 delia).-

1024 1367 1085 1401 μοῖς
1096 1367 1212 1402 ¹Κυρίου,
1229 1367 1332 1394 δέδοταί
1356 1376 1410 1394 τισι
1427 1368 1482 1395 τῶν
1503 1368 1611 1394 οἰκείων
1632 1368 1673 1399 είς
1695 1367 1814 1403 σφαγὴν,

1022 1412 1069 1438 καὶ
1084 1412 1116 1447 δὴ
1129 1413 1275 1440 διόλλυται.
1291 1413 1435 1448 Προϊόντος
1449 1413 1477 1440 δὲ
1492 1414 1538 1440 τοῦ
1556 1414 1651 1449 καιροῦ
1667 1413 1768 1444 λοιπὸν,
1785 1414 1815 1440 ἐν

1022 1457 1077 1484 ἔτει
1091 1459 1245 1494 τριακοστῷ
1259 1459 1307 1486 καὶ
1322 1459 1408 1494 ὀγδόῳ
1426 1459 1565 1494 βασιλείας
1591 1460 1689 1492 Ὀζίου,
1708 1459 1814 1495 χρίεται

1021 1504 1102 1530 πάλιν
1126 1505 1172 1531 ἐπὶ
1196 1505 1242 1532 τὸν
1273 1506 1380 1542 Ἰσραὴλ
1393 1506 1407 1532 ό
1424 1505 1546 1541 Σελούμ·
1574 1506 1619 1532 καὶ
1636 1505 1814 1540 βεὸασίλευκε

182 1543 242 1571 Non
266 1543 377 1570 recessit
400 1543 433 1570 ab
447 1543 572 1570 omnibus
603 1543 723 1577 peccatis
750 1543 893 1571 Jcroboam
921 1545 967 1572 lilii

1022 1550 1105 1584 μηνὸς
1128 1551 1246 1587 ἡμέρας.
1277 1552 1423 1587 Ἀνῄρηται
1445 1552 1499 1587 γὰρ
1522 1551 1602 1583 εὐθὺς
1627 1552 1678 1578 ὑπὸ
1696 1552 1814 1587 Mavult;

157 1595 167 1599 ‘
183 1589 285 1619 Nadab.
311 1589 355 1622 qui
376 1595 488 1623 peccare
504 1587 567 1615 fecit
584 1587 666 1615 Israel
683 1588 714 1614 ⁸⁸.
732 1598 741 1614 ι
760 1589 898 1624 llegnante
917 1598 966 1617 att-

182 1640 235 1663 tem
245 1634 370 1667 Manaim,
378 1641 410 1661 ac
422 1634 538 1668 Dentns
548 1633 701 1661 oﬂ'endente
712 1635 782 1668 quod
795 1635 967 1662 vehementer

180 1680 309 1708 falsorum
319 1681 428 1707 deorum
439 1679 538 1705 cultutn
549 1684 708 1711 sectaretur,
717 1680 783 1707 Phul
792 1680 964 1715 Assyriorum

181 1733 227 1754 rex
244 1733 304 1752 cum
320 1725 417 1752 infesto
442 1725 563 1752 exercitu
582 1725 720 1759 ingressus
739 1731 781 1753 est
801 1726 961 1753 Samariam.

179 1771 228 1800 Cui
242 1779 302 1799 cum
317 1772 445 1798 resistere
460 1770 574 1797 Manaim
588 1778 640 1798 non
659 1777 761 1805 posset,
781 1773 874 1807 grandi
884 1781 964 1807 peru-

179 1819 223 1846 uia
239 1822 377 1845 numerata
395 1825 529 1845 recessum
550 1822 576 1844 et
594 1825 686 1852 pacem
700 1818 841 1852 persuasit.
857 1818 963 1847 Mortuo

178 1863 293 1890 Manaim
311 1870 382 1890 anno
411 1862 495 1890 altero
514 1868 540 1890 et
560 1862 784 1898 quinquagesimo
805 1863 886 1898 Ozias,
904 1870 963 1899 post

176 1915 318 1935 excessum
332 1907 416 1941 patris
433 1907 543 1941 ungitur
556 1907 582 1934 in
600 1915 690 1942 regem
705 1907 882 1943 Jerosolymis
899 1909 962 1937 Joa-

177 1954 262 1984 tham,
274 1952 367 1987 dequo
375 1953 503 1987 scriptum
516 1952 739 1988 IegituuSuFecit
751 1955 820 1989 quod
835 1956 960 1990 placitum

175 2002 235 2026 erat
248 1999 340 2024 coram
365 1997 488 2030 Domino,
511 1998 659 2025 secundutn
681 1999 770 2026 omnia
787 2007 846 2034 qua;
862 2001 961 2030 fecerat

174 2048 250 2078 pater
261 2043 328 2077 ejus.
346 2042 534 2070 Verumtamen
544 2043 650 2071 excelsa
663 2052 713 2072 non
731 2045 841 2073 abstulit
854 2055 860 2074 :
874 2048 961 2075 adlmc

175 2089 289 2124 populus
318 2088 486 2121 immolabat,
502 2081 679 2117 ethadolebat
707 2091 846 2119 incensum
863 2094 889 2120 itt
911 2102 959 2120 ex-

174 2135 255 2162 celsis
272 2134 305 2159 ".
326 2143 335 2159 ι
354 2134 441 2168 Super
459 2133 540 2161 Israel
555 2140 643 2162 autem
656 2141 752 2163 unctus
762 2143 803 2164 est
816 2138 958 2172 I’haceias,

175 2180 244 2207 lllius
278 2179 406 2206 Manaitn.
428 2189 436 2204 ι
459 2179 590 2215 Regnavit
611 2186 713 2214 autem,
742 2183 840 2216 inquit,
873 2192 958 2212 annos

1021 1596 1078 1622 υἱοῦ
1105 1596 1178 1631 Γαζῆ
1208 1596 1255 1624 τοῦ
1290 1599 1322 1624 ὲκ
1350 1598 1459 1633 Θερσίν.
1493 1599 1698 1634 Ἐπεσημήνατο
1724 1599 1753 1625 δὲ
1780 1599 1813 1626 τὸ

1020 1642 1139 1677 Γράμμα
1151 1643 1181 1669 τὸ
1199 1643 1281 1679 ἱερὸν,
1299 1644 1340 1670 ὅτι
1356 1644 1501 1678 γεγόνασιν
1520 1645 1582 1677 υἱοὶ,
1609 1644 1656 1670 καὶ
1676 1644 1706 1676 ἐξ
1727 1645 1812 1680 αῐμα-

1018 1686 1139 1723 τοςῆσαν
1153 1689 1355 1724 ἁμφότεροιτοῦ
1363 1689 1474 1725 Ἰηοὺ,ὃς
1482 1690 1625 1717 ἀπέκτεινε
1637 1690 1681 1717 τὸν
1695 1689 1810 1725 Ἄχαὰῷ

1019 1733 1066 1759 καὶ
1085 1734 1148 1764 τοὺς
1168 1734 1241 1766 υἱοὺς
1256 1734 1349 1767 αὑτοῦ,
1366 1735 1414 1761 καὶ
1424 1736 1474 1769 τὴν
1498 1734 1625 1767 Ἰεζάϐελ,
1643 1731 1665 1769 ᾧ
1693 1736 1742 1762 καὶ
1758 1736 1809 1762 ὑπ-

1018 1780 1111 1814 έσχετο
1133 1781 1147 1806 ὀ
1170 1780 1370 1815 Θεὸςμλέγων·
1386 1790 1395 1806 ι
1413 1781 1470 1808 Υἱοὶ
1494 1781 1620 1817 τέταρτοι
1643 1781 1810 1816 κριθήσονται

1017 1826 1063 1852 ἐπὶ
1075 1826 1121 1852 τοῦ
1137 1826 1242 1862 θρόνου.
1261 1836 1270 1852 ι
1290 1826 1472 1854 Βεὸασίλευκε
1495 1828 1585 1854 τοίνυν
1606 1829 1620 1854 ὁ
1634 1827 1748 1863 Μαναῒμ
1762 1828 1810 1856 ἐπὶ

1016 1871 1061 1898 τὸν
1079 1872 1196 1907 Ἰσραὴλ,
1212 1872 1367 1904 ἀπεκτονὼς
1379 1873 1424 1899 τὸν
1439 1873 1553 1908 Σελοὺμ,
1571 1883 1580 1899 ι
1595 1873 1650 1899 Καὶ
1666 1873 1804 1908 ἐποίησε.)

1016 1916 1093 1951 φησὶ,
1108 1926 1116 1942 ι
1134 1917 1163 1942 τὸ
1176 1917 1293 1953 πονηρὸν
1306 1918 1335 1943 ἐν
1346 1917 1495 1953 ὀφθαλμοῖς
1506 1918 1619 1952 Κυρίου.
1633 1918 1689 1944 Οὐκ
1702 1919 1806 1954 ἀπέστη

1015 1961 1075 1987 ἀπὸ
1090 1961 1184 1988 πασῶν
1208 1962 1350 1997 ἁμαρτιῶν
1382 1963 1522 1998 Ὶεροϐοὰμ
1554 1963 1611 1990 υἱοῦ
1642 1963 1754 1996 Ναϐὰτ,
1776 1964 1808 1996 ὃς

1014 2007 1152 2042 ἐξήμαρτε
1175 2007 1221 2034 τὸν
1249 2008 1366 2044 Ἰσραήλ.
1396 2019 1406 2035 ι
1435 2009 1625 2041 Βασιλεύοντος
1653 2009 1682 2037 δὲ
1709 2011 1804 2044 αὑτοῦ,

1014 2053 1085 2087 φημὶ
1101 2053 1143 2087 δὴ,
1163 2053 1210 2079 τοῦ
1228 2054 1351 2088 Μαναήμ,
1368 2055 1415 2081 καὶ
1436 2054 1496 2090 Θεῷ
1519 2055 1743 2091 προσκρούοντος.
1759 2057 1806 2085 διὰ

1012 2098 1227 2133 ’τὸ-προσκεῖσθαι
1241 2099 1300 2125 λίαν
1313 2102 1372 2131 ταῖς
1383 2101 1438 2128 τῶν
1450 2100 1566 2128 εἰδώλων
1573 2102 1804 2138 ψευδολατρείαις,

1013 2144 1261 2179 καταστρατεύετοιι
1293 2146 1343 2180 τῆς
1382 2147 1539 2182 Σαμαρείας
1571 2149 1642 2175 Φουὰ
1675 2149 1803 2183 βασιλεὺς

1019 2186 1177 2226 ’Λσσυρίων.
1199 2192 1246 2217 Ὃν
1266 2192 1422 2227 ἀμύνασθαι
1438 2195 1495 2225 τοῖς
1509 2193 1603 2226 ὅπλοις
1625 2195 1674 2222 οὐχ
1697 2195 1768 2230 ἔχων
1789 2197 1804 2222 ὁ

172 2227 250 2258 duos,
262 2230 288 2253 et
300 2226 363 2260 fecit
381 2225 479 2252 tnalutn
503 2234 594 2254 coram
616 2227 738 2260 Domino,
753 2229 956 2265 conjuravitque

1021 2235 1132 2270 Δαναῒμ,
1157 2235 1265 2267 πολλοῖς
1288 2237 1430 2264 ἀναπείθει
1456 2239 1596 2274 χρήμασιν
1618 2240 1802 2274 ἁποφοιτῆσοιι

172 2271 299 2298 adversus
313 2279 374 2298 eum
404 2271 509 2299 Phaeee
528 2273 598 2300 ﬁlius
624 2274 751 2302 ltoineliie
776 2276 828 2303 dux
846 2275 914 2309 ejus,
929 2282 958 2304 et

171 2318 303 2352 percussit
323 2325 382 2345 eum
394 2318 420 2345 in
434 2318 603 2354 Samaria,et
625 2322 746 2355 regnavit
766 2329 813 2356 pro
830 2330 862 2349 eo
876 2330 958 2356 super

171 2364 262 2391 Israel.
272 2364 304 2391 Et
320 2364 383 2392 fecit
395 2366 493 2393 malum
503 2374 594 2393 coratn
605 2367 727 2399 Domino,
738 2372 764 2394 et
779 2375 830 2395 non
845 2369 955 2396 recessit

169 2418 185 2436 a
198 2411 314 2444 peccatis
330 2410 474 2439 .Ieroboam
499 2412 545 2439 lilii
565 2411 660 2444 Nabal,
689 2413 735 2447 qui
761 2420 873 2446 peccare
891 2414 955 2442 fecit

168 2454 252 2484 Israel
271 2456 321 2484 η.»
340 2457 396 2485 Sub
421 2457 473 2484 hoc
495 2465 558 2492 rege
574 2459 695 2485 ascendit
713 2458 955 2494 Theglatphalasar

170 2508 216 2528 rex
231 2501 416 2537 Assyriorum,
431 2507 467 2535 et,
486 2503 511 2529 vi
535 2509 664 2537 occupata
682 2504 806 2531 universa
820 2505 952 2539 Samaria,

167 2544 294 2572 lsraelent
312 2546 448 2574 transtulit
464 2547 490 2574 in
515 2547 650 2582 Assyrios.
669 2548 789 2577 Mortuus
805 2556 848 2578 est
865 2556 952 2579 autem

171 2593 195 2616 et
210 2588 314 2617 Phacee
336 2597 385 2625 per
407 2591 518 2619 insidias
530 2591 617 2624 Oscae,
632 2593 677 2620 lilii
693 2588 751 2627 Ela,
761 2595 806 2629 qni
821 2600 847 2623 et
859 2603 954 2631 regna-

170 2633 264 2668 vitpro
277 2642 308 2662 eo
325 2643 395 2663 anno
410 2636 537 2664 vicesimo
562 2637 687 2665 Joatham
708 2639 753 2666 ﬁlii
777 2640 905 2669 Azariacu
926 2643 952 2670 In

128 2694 132 2698 ι
169 2677 261 2706 iliebus
276 2679 338 2712 illis,
351 2680 448 2715 inquit,
462 2683 544 2717 ccepit
558 2683 688 2712 Dominus
702 2685 809 2714 mittere
820 2687 845 2714 in
857 2687 952 2715 Jutlatn

167 2722 249 2751 ltasin
262 2731 349 2759 regem
369 2726 465 2762 Syrite,
483 2733 510 2755 et
523 2728 628 2757 Phacee
649 2730 732 2758 liliutn
750 2731 875 2760 Romelire
890 2735 923 2760 ³¹.
940 2743 950 2760 ι

167 2767 303 2801 Quoloco
328 2778 419 2800 sermo
431 2778 580 2817 retrorsum
610 2777 689 2804 redit.
724 2777 848 2807 Diximus
879 2779 951 2808 enim

1010 2280 1059 2316 τῆς
1079 2282 1139 2315 γῆς,
1155 2281 1201 2307 καὶ
1224 2281 1303 2308 λῦσαι
1316 2282 1366 2318 τὴν
1387 2283 1488 2319 μάχην.
1511 2285 1618 2321 Ἐπειδὴ
1638 2285 1667 2312 δὲ
1681 2286 1802 2312 τετελεύ-

1009 2334 1092 2360 τηκεν
1108 2327 1122 2352 ὁ
1144 2327 1258 2362 Μαναῖμ
1274 2329 1303 2355 ἐν
1315 2329 1370 2355 ἔτει
1383 2329 1478 2357 λοιπὸν
1492 2332 1667 2367 πεντηκοστῷ
1681 2333 1727 2358 καὶ
1744 2333 1802 2359 δευ-

1008 2371 1079 2407 τέρῳ
1105 2373 1154 2406 τῆς
1177 2372 1315 2407 βασιλείας
1331 2374 1429 2407 Ὸζίου,
1452 2375 1558 2410 χρίεται
1579 2377 1659 2403 πάλιν
1679 2377 1725 2403 ἐπὶ
1749 2379 1800 2413 μὲν

1007 2417 1053 2443 τὸν
1074 2417 1187 2451 Ἰούδαν,
1201 2418 1248 2445 καὶ
1262 2420 1291 2445 ἐν
1309 2420 1504 2456 Ἱεροσολύμοις
1524 2422 1642 2458 Ἰωάθαμ.
1665 2423 1734 2458 μετὰ
1749 2425 1800 2460 τὴν

1007 2463 1054 2489 τοῦ
1079 2464 1181 2499 πατρὸς
1207 2465 1354 2502 τελευτὴν.
1381 2467 1446 2502 περὶ
1475 2463 1506 2493 οὗ
1539 2468 1711 2505 γέγραπται,
1757 2470 1799 2496 ὅτι

1010 2518 1020 2536 ι
1053 2510 1179 2546 Ἐποίησε
1200 2512 1230 2538 τὸ
1248 2512 1326 2545 εὺθὲς
1357 2513 1385 2540 ὲν
1409 2514 1559 2549 ὀφθαλμοῖς
1589 2516 1703 2551 Κυρίου,
1727 2517 1798 2544 κατὰ

1007 2555 1095 2583 πάντα
1112 2557 1163 2584 ὅσα
1185 2558 1312 2593 ἐποίησεν
1335 2559 1425 2591 Ὀζίας
1447 2561 1461 2586 ὀ
1486 2562 1577 2596 πατὴρ
1593 2562 1684 2589 αὑτοῦ.
1719 2562 1794 2598 Πλὴν

1003 2601 1037 2628 τὰ
1054 2601 1144 2637 ὑψηλὰ
1159 2603 1210 2630 οὐκ
1224 2603 1331 2639 ἐξῆρεν·
1347 2604 1387 2632 ἔτι
1401 2606 1415 2632 ὀ
1427 2605 1489 2637 λαὸς
1504 2606 1640 2640 ἐθυσίαςε,
1662 2608 1710 2635 καὶ
1732 2609 1797 2636 ἐθυ-

1006 2648 1055 2683 μία
1077 2650 1106 2675 ἐν
1125 2651 1181 2681 τοῖς
1194 2650 1316 2686 ὑψηλοῖς.
1336 2661 1346 2678 ι
1375 2653 1437 2680 Ἐπὶ
1456 2653 1490 2679 δέ·
1499 2662 1531 2688 γε
1545 2654 1591 2681 τὸν
1613 2655 1721 2690 Ἰσραὴλ
1741 2657 1796 2684 Φα-

1004 2693 1069 2725 κέας
1081 2694 1138 2726 υἱὸς
1149 2695 1196 2722 τοῦ
1215 2696 1339 2732 Μαναῗμ,
1360 2706 1369 2722 ι
1390 2697 1570 2725 Βεεασίλευκε
1586 2699 1624 2730 δὲ,
1641 2700 1734 2735 φησιν,
1747 2701 1794 2738 ἐτη

1002 2738 1060 2782 tirio,
1076 2740 1122 2766 καὶ
1142 2741 1253 2777 ἐποίησε
1277 2742 1308 2768 τὸ
1324 2743 1442 2779 πονηρὸν
1460 2745 1489 2770 ἑν
1504 2744 1653 2780 ὀφθαλμοῖς
1676 2747 1790 2782 Κυρίου.

1002 2781 1070 2811 Εἶτα
1085 2787 1267 2822 συνεστράφη,
1290 2787 1368 2823 φησι,
1384 2788 1430 2814 ἐπ’
1443 2788 1525 2816 αὑτὸν
1555 2790 1653 2823 Φακεὲ,
1675 2781 1733 2823 υίὸς
1745 2791 1792 2818 τοῦ

204 2859 314 2888 “Num.
335 2869 362 2896 v,
380 2861 407 2891 2.
446 2863 466 2880 ¹⁷
478 2863 511 2893 IV
525 2863 591 2900 Reg.
608 2873 652 2902 xv,
668 2866 710 2894 η.
752 2868 772 2884 ¹⁸
791 2868 826 2896 IV
844 2868 909 2904 Reg.
924 2877 968 2898 xw

1024 2873 1062 2899 -8.
1105 2873 1125 2888 ¹⁹
1139 2873 1202 2902 ibid.
1218 2873 1313 2903 52-35.
1353 2876 1375 2892 ’°
1391 2875 1456 2906 ibid.
1474 2875 1567 2905 2336.
1598 2879 1620 2895 ἰ
1638 2877 1703 2907 ibid.
1724 2880 1770 2909 57.
