1913 3042
58 166 88 195 Si
518 169 804 199 .COMMENTARlUS
821 170 854 199 IN

914 170 990 199 ΕΔΜ
1009 171 1229 201 PROPHETAM.
1663 172 1703 201 ΞΣ.)

64 223 216 258 Ῥομελίου,
238 225 255 251 ὸ
270 227 424 262 τριστάτης
437 227 529 256 αὑτοῦ.
545 229 601 257 Καὶ
621 229 755 262 ἐπάταξεν
778 229 859 257 αὑτὸν

914 234 1047 258 mortuum
1075 230 1191 264 Phacee,
1212 230 1284 259 Ozea
1307 230 1361 259 ﬁlio
1388 230 1471 258 Elam—
1486 231 1698 267 conjnrationein

61 271 87 296 ὲν
105 270 266 306 Σαμαρείᾳ,
291 272 343 298 καὶ
360 272 551 307 βεϐασίλευκεν
574 274 630 301 ἀντ’
645 275 728 301 αὑτοῦ
748 275 794 302 ἐπὶ
815 275 861 302 τὸν

68 315 185 351 Ἰσραὴλ,
205 317 257 343 καὶ
271 317 388 353 ὲποίησε
406 318 436 346 τὸ
455 319 573 354 πονηρὸν
593 320 623 347 ὲν
637 320 786 357 ὀφθαλμοῖς
806 322 862 348 Κυ-

65 361 130 398 ρίου,
154 362 203 388 καὶ
218 363 272 389 οὐκ
294 364 402 400 ἀπέστη
423 365 476 391 ἀπὸ
492 365 548 392 τῶν
561 366 702 402 ἁμαρτιῶν
722 367 862 403 ’Ῑεροὸοάμ

65 408 119 435 υἱοῦ
143 408 262 441 Ναὸὰτ,
285 409 315 442 ὃς
344 406 482 446 ἐξήμαρτε
511 412 557 439 τὸν
591 413 709 449 Ἰσραήλ.
740 423 749 440 ι
774 413 860 440 Αὑτοῖ

67 454 256 489 βασιλεύοντος
276 455 361 491 ἀνέϐη
384 457 598 494 Θεγλαὸαλασὰρ
615 458 742 493 βασιλεὺς
765 450 871 486 Ἀσσυῖ

68 499 138 535 ρίων,
154 499 186 531 ὃς
205 501 299 528 πᾶσαν
323 501 392 528 ἑλὼν
411 501 481 529 κατὰ
496 503 597 539 κράτος
620 504 670 539 τὴν
691 503 860 539 Σαμάρειαν,

69 545 192 580 ἀπῴκισε
212 546 260 573 τὸν
287 547 397 583 Ἰσραὴλ
420 549 460 580 είς
481 549 650 584 Ἀσσυρίους.
677 549 861 586 Τετελεύτηκε

69 592 95 618 δὲ
116 593 162 619 καὶ
186 593 201 619 ὁ
229 593 329 625 Φακεὲ,
357 595 511 631 συστροφὴν
532 596 575 622 ἐπ’
595 596 678 623 αὑτὸν
699 597 861 632 ποιήσαντος

75 639 151 674 Ὠσηὲ
166 640 215 666 τοῦ
233 640 294 667 υἱοῦ
314 641 392 674 Ἠλεὶ,
403 641 433 673 ὃς
445 643 492 669 καὶ
507 642 684 670 ἐϐασίλευσεν
695 644 752 670 ἀντ’
766 640 859 677 αὐτοῦ,

71 686 98 712 ὲν
109 685 163 712 ἔτει
177 686 298 721 εἰκοστῷ
325 687 445 723 Ἰωάθαμ
463 688 522 714 υἱοῦ
544 688 681 725 “Δζαρίου.
705 698 716 715 1
745 689 814 716 Ἀλλ’
832 691 861 717 ἐν

71 733 127 762 τοῖς
144 732 265 767 ἡμέραις
281 733 411 765 ἐκείναις,
427 735 518 768 φησὶν,
532 734 634 770 ἤρξατο
645 734 747 770 Κύριος
761 735 861 768 ἐξαπο-

71 777 189 804 στέλλειν
204 779 233 804 ὲν
259 778 345 806 Ἰούδα
364 780 410 806 τὸν
428 780 550 807 Ῥαασὼν
566 780 677 815 βασιλέα
691 781 802 816 Συρίας,
813 781 861 808 καὶ

71 823 113 849 τὸν
124 824 213 850 Φακεὲ
226 824 284 850 υἱὸν
306 825 456 861 Ῥομελίου.
470 836 480 851 ι
490 826 598 853 Ἀνόπιν
612 827 677 862 ἡμῖν
690 828 718 854 ὲν
729 827 834 859 τούτοις
846 828 861 854 ὸ

72 869 147 903 λόγος
158 871 279 905 ἔρχεται.
298 872 423 907 Ἐφαμεν
435 871 499 908 γὰρ⁹
512 872 555 899 ὅτι
567 872 760 909 τετελεύτηκεν
783 873 797 899 ὸ
808 873 861 899 Φα-

71 915 125 947 us,
153 916 234 951 Ὠσηὲ
248 917 296 944 τοῦ
310 916 368 944 υίοῦ
392 917 456 945 ῚΙλὰ
469 918 632 954 σύστρεμμα
654 920 701 946 καὶ
715 919 860 955 ἐπιϐουλὴν

71 961 111 986 ἐπ’
124 961 207 987 αὐτόν
227 971 290 989 τινα
305 963 502 999 ποιησαμένου.
523 964 596 1000 Πλὴν
611 966 640 991 ὲν
655 965 761 1000 χρόνοις
778 966 860 993 αὐτοῦ

70 1006 191 1040 γεγονὸς,
215 1009 257 1040 εἰς
283 1009 365 1043 μέσον
387 1009 449 1044 ἄγει
473 1010 606 1046 διήγημα.
632 1021 642 1037 ‹
661 1011 780 1047 Ἤρξατο
794 1012 860 1048 γὰρ,

71 1053 143 1087 φησὶ,
160 1053 266 1088 Κύβος
281 1055 310 1081 ἐν
320 1056 383 1086 ταῖς
393 1055 511 1091 ἡμέραις
524 1056 644 1088 ἐκείναις
657 1056 861 1088 ἐξαποστέλλειν

71 1099 98 1124 ὲν
128 1099 217 1126 Ἰούδα
243 1100 290 1127 τὸν
319 1101 443 1128 Ῥαασὼν
480 1101 592 1137 βασιλέα
615 1102 723 1138 Συρίας,
750 1103 797 1130 καὶ
815 1104 861 1130 τὸν

69 1143 154 1171 Φακεὲ
169 1145 228 1171 υίὸν
250 1146 401 1182 Ῥομελίου.
421 1157 430 1172 ι
446 1148 533 1174 Φακεὲ
550 1148 605 1184 γὰρ
621 1149 635 1175 ό
654 1149 701 1175 τοῦ
721 1149 861 1184 Ῥομελίου

71 1191 262 1226 πεπολέμηκεν
277 1193 315 1224 ὡς
330 1193 446 1229 ὁμόρους
462 1194 541 1226 ὄντας
551 1195 615 1226 τοὺς
633 1194 860 1230 Ἱεροσολυμίτας.

77 1237 184 1273 Ἐπειδὴ
206 1238 235 1265 δὲ
256 1239 347 1274 δεινὴν
364 1241 411 1267 καὶ
434 1240 585 1275 ἄθραυστον
611 1240 708 1268 ἐθεᾶτο
727 1241 777 1276 τὴν
791 1241 863 1268 ἀντί-

73 1291 173 1315 στασιν,
195 1285 339 1311 ἀναπείθει
362 1285 408 1312 τὸν
424 1286 548 1313 Ῥαασὼν
558 1286 603 1313 τὸν
619 1286 731 1321 βασιλέα
741 1286 796 1313 τῶν
808 1287 862 1313 Σύ-

74 1336 135 1363 ρων,
157 1327 291 1356 σύνοπλον
306 1331 382 1366 αὐτῷ
401 1331 527 1365 γενέσθαι
546 1331 594 1358 καὶ
617 1331 800 1368 συλλήπτορα,
816 1331 862 1358 καὶ

73 1374 335 1410 ουνεκπολιορκῆσαι
365 1375 414 1409 τὴν
450 1376 636 1412 Ἰερουσαλήμ.
665 1376 863 1412 Συνεστηκότος

72 1419 102 1454 δὴ
122 1417 168 1447 οὖν
193 1421 243 1447 τοῦ
277 1421 407 1457 πολέμου⁹
430 1422 609 1457 τετελεύτηκε
635 1423 684 1457 μὲν
706 1423 825 1458 Ἰωάθαμ
849 1424 863 1450 ὁ

75 1465 126 1496 υίὸς
148 1465 288 1501 Ἀζαρίου.
310 1467 464 1502 Διαδέχεται
475 1467 503 1493 δὲ
514 1468 564 1503 τὴν
580 1467 717 1502 βασιλείαν
734 1467 838 1503 ’Λχατζ
849 1467 863 1494 ὁ

73 1510 127 1542 υίδς
138 1511 234 1544 αὐτοῦ,
247 1513 368 1548 πονηρὸς
379 1512 416 1539 ὢν
434 1513 504 1547 ἄγαν
529 1514 576 1540 καὶ
589 1513 794 1548 εἰδωλολάτρης,
815 1513 863 1539 καὶ

911 280 938 304 et
952 276 1064 304 insidias
1079 277 1105 304 in
1128 277 1201 304 illum
1218 281 1404 313 comparanle.
1421 276 1473 305 Sed
1500 278 1571 313 quod
1595 282 1699 311 tempo-

911 323 986 350 ribus
1009 322 1067 356 ejus
1092 323 1200 355 accidit,
1215 323 1242 350 in
1269 324 1387 351 medium
1417 323 1584 352 narrationis
1612 323 1697 350 addu-

910 369 976 396 οἴω
993 368 1084 404 Coepit
1098 369 1182 400 enim,
1206 368 1305 404 inquit,
1323 369 1450 396 Dominus
1475 369 1582 396 mittere
1605 368 1700 396 diebus

912 413 964 441 illis
976 414 1001 440 in
1011 412 1105 441 ludam
1121 413 1221 441 Rhasin
1236 421 1325 449 regem
1338 414 1434 449 Syriae,
1452 419 1480 442 et
1499 414 1604 442 Phacee
1615 413 1698 441 ﬁlium

911 460 1050 487 Romcliae.
1067 469 1076 487 ι
1094 459 1200 488 Phacee
1219 467 1337 494 namque
1358 460 1486 488 Romelia:
1511 461 1580 489 ﬁlius
1590 461 1700 489 ἔοι-οεο-

912 504 1029 540 lymitas,
1063 509 1189 540 tanquam
1210 505 1339 532 ﬁnitimos
1355 505 1437 532 armis
1454 505 1599 534 lacessivit.
1615 506 1698 534 Cum-

911 558 964 584 que
981 552 1091 584 acriter,
1107 556 1134 578 et
1148 550 1264 578 infracto
1290 551 1387 578 robore
1402 551 1452 578 sibi
1467 552 1559 579 resisti
1584 552 1698 587 videret,

912 595 1012 624 Rhasin
1028 597 1169 632 Syriorum
1185 603 1273 632 regem
1287 596 1319 624 ad
1336 603 1410 624 arma
1423 604 1513 624 secum
1526 596 1699 633 Jerosolymaa

910 642 1096 677 expugnanda:
1110 642 1291 670 consocianda
1305 642 1420 677 impulit.
1435 641 1509 670 Bello
1520 643 1604 678 igitur
1618 643 1699 670 ador-

912 692 986 720 nato,
1018 686 1143 715 Joatham
1176 688 1282 716 Azan-ite
1309 687 1380 715 ﬁlius
1397 688 1513 722 decedit,
1528 693 1556 716 et
1587 695 1699 723 regnum

910 732 1000 760 Achaz
1017 732 1087 760 ﬁlius
1099 731 1157 767 ejus
1175 733 1273 767 accipit
1293 733 1327 766 ¹¹,
1342 734 1422 760 homo
1440 733 1658 768 improbissimus
1669 738 1700 760 et

911 778 1063 812 idololatra,
1075 778 1196 813 adeoque
1211 779 1243 806 ad
1252 785 1371 806 errorem
1393 779 1480 807 insani
1498 779 1628 807 idolorum
1643 778 1700 806 cul—

911 829 954 852 tus
973 825 1075 855 ebrius.
1096 830 1126 852 ut
1138 829 1166 852 et
1180 825 1262 852 ﬁlium
1276 833 1355 852 suum
1368 832 1417 860 per
1428 826 1515 860 ignem
1529 825 1699 859 transferret,

911 875 938 898 et
965 871 998 898 ad
1027 871 1142 906 quodvis
1163 875 1261 898 tetrum
1282 871 1387 899 facinus
1405 871 1564 904 declinaret,
1588 875 1615 898 et
1636 871 1701 898 ado-

911 916 977 944 lerel
991 911 1129 944 incensum
1143 917 1169 944 in
1183 917 1307 950 excelsis,
1326 921 1353 945 et
1379 917 1430 945 sub
1449 917 1522 945 omni
1537 916 1611 952 ligno
1626 916 1701 944 frono

911 964 988 995 doso.
1017 963 1086 991 sirut
1107 963 1136 1000 9
1157 964 1286 999 scriptum
1309 967 1350 991 est
1367 964 1400 990 υ.
1417 963 1601 991 Conturbatns
1619 963 1706 997 igitur.

910 1009 1009 1043 Aehaa,
1027 1010 1200 1045 collectisque
1218 1009 1350 1037 universis
1368 1009 1471 1037 divitiis
1485 1016 1546 1044 quas
1571 1009 1598 1037 in
1619 1009 1705 1036 domo-

911 1055 1016 1083 Dumini
1033 1055 1251 1090 inVenieb‘antur,
1281 1061 1330 1090 per
1342 1055 1450 1084 nuntios
1461 1055 1494 1082 ad
1515 1055 1699 1090 Theglatpha—

911 1102 983 1129 lasar
995 1108 1085 1137 regem
1101 1102 1274 1137 Assyriorum
1290 1101 1385 1129 salutis
1395 1101 1546 1129 obtinendae
1558 1108 1640 1129 causa
1654 1108 1700 1128 eas

913 1147 1072 1174 transmisit.
1103 1146 1231 1182 Assyrius
1261 1147 1343 1182 igitur
1366 1150 1462 1174 contra
1478 1146 1582 1174 Rhasin
1608 1153 1700 1181 regem

913 1193 1009 1221 bellum
1022 1192 1114 1226 sumit,
1141 1193 1300 1220 Damascum
1323 1192 1410 1228 Syriae
1433 1192 1601 1227 metropolim
1616 1192 1699 1227 capit,

912 1239 1013 1267 Rhasin
1040 1239 1177 1266 interﬁcit.
1209 1239 1297 1267 Achaz
1325 1239 1497 1273 postmodum
1524 1238 1699 1274 Jerosolymis

913 1285 1084 1318 Damascum,
1117 1285 1256 1321 Assyrium
1286 1285 1407 1318 visurus,
1430 1284 1578 1313 descendit.
1610 1285 1646 1312 Ibi
1671 1285 1700 1313 in

912 1330 1031 1358 delubris
1049 1330 1182 1358 idolorum
1198 1338 1258 1358 cum
1276 1331 1362 1359 altare
1383 1338 1452 1358 novo
1476 1331 1592 1365 quodam
1611 1334 1638 1358 et
1660 1330 1703 1358 in-

912 1377 1013 1403 u~itato
1037 1376 1117 1403 modo
1134 1380 1321 1404 constructum
1339 1377 1461 1409 vidisset,
1485 1383 1518 1403 eo
1539 1383 1703 1411 magnopere

913 1421 1074 1454 delectatus,
1103 1421 1217 1449 formam
1241 1422 1301 1458 ejus
1319 1429 1368 1450 seu
1396 1420 1536 1456 exemplar
1557 1421 1591 1448 ad
1609 1421 1703 1449 Uriam

914 1468 1083 1495 sacerdotem
1110 1466 1307 1503 Jerosolymam
1329 1467 1414 1500 misit,
1441 1471 1468 1494 et
1483 1465 1570 1493 simile
1583 1465 1704 1493 construi

912 1513 1000 1548 jussit.
1016 1513 1074 1546 Quo
1089 1513 1162 1546 illato
1180 1514 1206 1540 in
1229 1513 1339 1540 domum
1356 1512 1472 1545 Domini,
1490 1516 1516 1540 et
1532 1517 1636 1539 tantum
1650 1519 1702 1539 non

74 1555 251 1590 καταμεθύων
261 1556 333 1583 οὕτω
342 1557 409 1592 πρὸς
427 1557 560 1592 πλάνησιν
575 1558 754 1593 είδωλομανῆ,
764 1558 801 1590 ὡς
812 1559 860 1585 καὶ

915 1563 1004 1593 spreto
1017 1566 1048 1585 ac
1061 1564 1217 1593 contempto
1230 1559 1300 1593 quod
1324 1557 1412 1586 Moses
1427 1557 1473 1585 Dei
1487 1557 1625 1585 voluntate
1638 1556 1705 1584 l'ece-

73 1601 114 1627 τὺν
126 1601 192 1628 ἴδιον
203 1602 262 1628 υἱὸν
273 1603 413 1637 διαγαγεῖν
423 1604 451 1630 ἐν
463 1604 541 1639 πυρὶ,
552 1605 599 1630 καὶ
618 1606 686 1639 πρὸς
700 1605 754 1631 πᾶν
773 1604 862 1632 ὁτιοῦν

74 1647 220 1674 ἀπονεῦσαι
257 1648 313 1675 τῶν
346 1648 486 1682 ἐκτόπων,
529 1649 577 1675 καὶ
612 1649 711 1685 θυμιᾷν
746 1650 775 1676 ὲν
805 1651 862 1682 τοῖς

75 1692 194 1728 ὑψηλοῖς,
227 1694 277 1720 καὶ
313 1694 442 1721 ὑποκάτω
469 1695 569 1726 παντὸς
595 1694 672 1727 ξύλου
707 1695 841 1727 ἀλσώδους
854 1715 862 1729 ,

74 1739 140 1765 κατὰ
171 1739 204 1765 τὺ
240 1739 445 1775 γεγραμμένον.
473 1740 697 1776 Τεθορυΰημένος
721 1741 752 1776 δὴ
777 1739 823 1768 οὖν
849 1741 864 1766 ὀ

76 1783 186 1819 Ἀχατζ,
205 1784 295 1811 πάντα
321 1785 493 1819 συνενεγκὼν
516 1785 562 1812 τὸν
584 1785 699 1812 πλοῦτον
718 1785 763 1812 τὸν
786 1787 863 1822 εὑρε-

75 1828 152 1856 θέντα
165 1831 194 1857 ὲν
203 1830 271 1865 οἴκῳ
280 1831 395 1866 Κυρίου,
407 1831 564 1858 ἀποστέλλει
575 1831 643 1867 πρὸς
651 1831 863 1868 Θεγλαϐαλασὰρ

77 1875 187 1910 βασιλέα
207 1876 369 1912 Ἀσσυρίων,
387 1877 434 1903 καὶ
449 1876 583 1908 σώζεσθαι
599 1877 632 1904 δι’
646 1876 727 1904 αὑτοῦ
743 1877 864 1913 stupem-

76 1922 288 1954 λει.”οπλίζεται
312 1923 403 1950 τοίνυν
420 1923 561 1958 Ἀσσύριος
585 1923 654 1950 κατὰ
676 1923 727 1958 τῆς
744 1923 865 1950 Ῥαασὼν

77 1967 225 2003 βασιλείας,
239 1969 290 2000 καὶ
301 1969 407 2004 δέχεται
421 1969 469 2004 μὲν
479 1970 529 2006 την
541 1970 695 2005 Δαμασκὸν,
708 1970 725 2004 ἥ
740 1970 798 1996 ἐστι
814 1978 866 2005 μη-

77 2014 202 2049 τρόπολις
217 2014 268 2049 τῆς
282 2015 392 2050 Συρίας,
407 2016 515 2051 ἀναιρεῖ
535 2015 564 2042 δὲ
585 2016 631 2042 τὸν
648 2015 780 2043 Ῥαασών.
800 2014 866 2043 Εἶτα

77 2058 198 2086 κάτεισιν
210 2059 314 2095 Ἀχατζ
327 2060 360 2086 ἐκ
373 2060 427 2086 τῶν
444 2060 636 2096 Ἰεροσολύμων
655 2061 694 2092 είς
709 2061 865 2096 Δαμασκὸν,

76 2105 208 2140 ὀψόμενος
220 2105 266 2132 τὸν
283 2105 435 2141 Ἀσσύριον.
445 2106 488 2133 Ἐν
503 2106 532 2133 δὲ
552 2107 609 2138 τοῖς
624 2107 678 2133 τῶν
693 2107 809 2134 εἰδώλων
822 2116 867 2134 τε·

56 2163 64 2170 ο
78 2152 169 2186 μένεσι
184 2152 378 2188 θυσιαστήριον
403 2150 543 2188 ἑωρακὼς,
558 2153 730 2189 καινοπρεπῆ
747 2162 806 2180 τινα
820 2154 868 2181 καὶ

79 2198 147 2234 ἀήθη
169 2199 346 2233 κατασκευὴν
371 2198 441 2233 ἕχον,
460 2199 507 2225 καὶ
530 2199 624 2235 ἡσθεὶς
637 2200 680 2226 ἐπ’
701 2200 775 2236 αὐτῷ
796 2200 867 2233 λίαν,

79 2243 229 2278 ὲκτύπωμα
244 2242 345 2275 λαὸὼν,
356 2243 516 2270 ἀποστέλλει
530 2244 599 2280 πρὸς
615 2245 717 2279 Οὐρίαν
731 2245 776 2272 τὸν
793 2246 868 2281 ἱερέα

80 2287 107 2314 ἐν
132 2289 190 2319 τοῖς
207 2287 424 2323 Ἱεροσολύμοις,
450 2289 498 2315 καὶ
520 2288 552 2324 δὴ
574 2289 634 2315 κατ’
650 2289 716 2317 αὐτὸ
741 2290 869 2324 γενέσθαι

80 2335 272 2370 προσ-τέταχεν.
296 2333 466 2368 Είσενεγκὼν
490 2335 518 2361 δὲ
541 2335 570 2361 ἐν
593 2335 660 2371 οἴκῳ
685 2336 801 2373 Κυρίου,
821 2336 868 2363 καὶ

82 2381 220 2415 μονονουχὶ
236 2380 284 2406 καὶ
297 2380 434 2415 ἀτιμάσας
457 2380 488 2406 τὺ
510 2381 580 2408 κατὰ
602 2380 728 2416 βούλησιν
742 2381 810 2408 Θεοῦ
825 2382 869 2409 διὰ

81 2426 198 2458 Μωσέως
214 2426 410 2462 γεγενημένον,
424 2427 467 2452 ἐπ’
483 2425 556 2462 αὐτῷ
576 2426 698 2463 πληροῦν
711 2427 745 2454 τὰ
761 2435 869 2462 νενομι-

82 2471 164 2506 σμένα.
180 2470 362 2506 προστέταχε.
374 2471 429 2497 Καὶ
441 2470 522 2506 ἔτερα
534 2471 561 2497 δὲ
578 2470 646 2507 πρὸς
660 2471 764 2503 τούτοις
775 2480 870 2498 κεκαι-

80 2515 228 2552 νούργηκεν
249 2517 279 2542 ὲν
294 2516 333 2552 τῷ
345 2516 412 2551 ναῷ,
427 2516 496 2543 κατὰ
508 2516 538 2543 τὸ
554 2516 629 2552 αὐτῷ
646 2516 752 2549 δοκοῦν,
775 2517 869 2553 ἀπερι-

85 2563 213 2596 σκέτπως,
230 2564 278 2589 καὶ
299 2562 458 2598 ἀπᾳδόντως
471 2562 541 2598 Θεῷ.
551 2563 630 2590 Ἀλλὰ
647 2563 694 2589 καὶ
706 2563 735 2590 ὲν
748 2564 804 2594 τοῖς
820 2563 869 2589 αὺ-

84 2609 127 2635 τοῦ
152 2610 270 2645 καιροῖς,
285 2609 326 2635 ἔτι
352 2608 452 2641 ζῶντος
469 2609 547 2645 Ὠσηὲ
571 2610 630 2636 utet")
647 2609 712 2636 Ἦλὰ
738 2608 869 2644 βασιλέως

91 2655 202 2691 Ἰσραὴλ,
217 2655 301 2691 ἀνέϐη
327 2657 342 2682 ὁ
367 2655 550 2691 Σαλμανασὰρ
576 2656 701 2691 βασιλεὺς
719 2655 870 2690 ’Δσσυρίων

86 2701 129 2727 ἐπὶ
142 2701 187 2728 τὸν
200 2702 322 2737 Ἰσραὴλ,
335 2701 366 2732 ὃς
380 2701 556 2737 καταδῃώσας
570 2701 618 2736 τὴν
628 2701 792 2737 Σαμάρειαν,
807 2709 871 2736 μετ-

87 2745 172 2783 ᾤκησε
183 2748 228 2775 τὸν
240 2747 352 2784 Ἰσραὴλ
359 2748 387 2774 ὲν
398 2748 484 2783 ὄρεσι,
494 2749 540 2774 καὶ
550 2749 683 2783 ποταμοῖς
694 2747 747 2774 τῶν
758 2748 869 2782 Μήδων.

94 2792 243 2821 ’Δπέκτεινε
256 2795 286 2820 δὲ
300 2794 348 2820 καὶ
360 2793 440 2820 αὑτὸν
452 2794 542 2830 Ὠσηὲ,
550 2794 605 2822 Καὶ
616 2793 660 2821 διὰ
672 2794 751 2822 ποίαν
763 2794 869 2827 αἱτίαν;

121 2888 142 2904 ⁸⁸
161 2888 193 2916 lV
210 2888 283 2923 Reg.
307 2895 364 2922 xt't,
383 2886 409 2913 2.
449 2887 471 2903 ’³
482 2886 545 2915 ibid.
558 2886 583 2914 4.
622 2888 644 2904 ’³
664 2886 697 2914 ιν
716 2885 781 2921 llcg.
802 2893 864 2920 xvu,

914 2891 988 2920 seqq.

914 1610 964 1638 rat,
993 1612 1075 1639 super
1099 1612 1132 1633 eo
1155 1605 1288 1632 sacriﬁcia
1312 1604 1442 1632 solemnia
1463 1603 1612 1639 perpetrari
1627 1610 1704 1631 man-

913 1652 995 1679 davit.
1014 1651 1074 1678 Alia
1106 1650 1273 1685 praeteritam
1292 1650 1319 1677 in
1354 1650 1464 1685 templo,
1494 1657 1542 1685 pro
1572 1649 1704 1677 arbitratu

914 1696 1123 1728 inconsiderate,
1136 1700 1164 1723 et
1181 1695 1236 1724 Deo
1256 1696 1340 1723 invito
1359 1695 1477 1724 novavit.
1501 1695 1571 1729 Quin
1592 1700 1620 1723 et
1638 1700 1702 1722 tem-

913 1742 1023 1775 poribus
1038 1742 1106 1776 ejus,
1121 1741 1267 1769 cliamnum
1281 1741 1388 1768 vivente
1404 1741 1474 1768 Osee
1485 1740 1540 1768 ﬁlio
1556 1740 1631 1768 Elam
1641 1747 1705 1775 rege

913 1786 1005 1819 Israel,
1019 1787 1139 1814 ascendit
1150 1787 1323 1814 Salmanasar
1337 1793 1381 1813 rex
1390 1786 1562 1821 Assyriorum
1574 1785 1706 1813 adversus

915 1833 1008 1865 Israel,
1034 1837 1195 1867 vastataque
1209 1831 1344 1864 Samaria,
1369 1832 1401 1859 ad
1437 1837 1544 1859 montes
1561 1836 1587 1859 et
1611 1830 1710 1858 ﬂuvios.

914 1878 1053 1907 Medorum
1068 1879 1153 1913 ipsum
1169 1878 1314 1905 transtulit.
1331 1879 1400 1905 Osee
1414 1885 1521 1913 quoque
1537 1878 1597 1905 neci
1617 1877 1710 1910 dedit,

915 1923 986 1958 quod
999 1930 1095 1950 manaa
1113 1922 1122 1958 (
1136 1922 1244 1957 signum
1260 1922 1457 1957 subjectionis)
1477 1928 1530 1948 non
1560 1921 1703 1952 attulisset,

916 1971 982 2004 quin
1017 1969 1107 2004 potius
1139 1968 1251 2003 Ξεινοιί
1276 1975 1366 2003 regem
1391 1968 1491 1995 auxilio
1522 1971 1646 1994 vocasset
1668 1966 1713 1996 "'..

916 2016 1007 2044 Aeliaz
1022 2023 1037 2043 e
1048 2015 1116 2042 vivis
1129 2019 1265 2049 exempto,
1284 2013 1407 2049 regnavit
1421 2013 1550 2041 Ezechias
1563 2013 1633 2040 ﬁlius
1646 2012 1705 2047 ejus

917 2068 999 2095 super
1013 2060 1109 2087 Judai’n
1121 2060 1148 2088 in
1163 2058 1323 2087 Jerusalem.
1335 2058 1383 2086 llic
1393 2057 1444 2086 fuit
1455 2059 1497 2085 vir
1509 2059 1580 2093 pius,
1592 2061 1620 2085 et
1629 2057 1707 2093 justi-

919 2107 963 2135 tia:
981 2114 1061 2142 quam
1091 2105 1318 2138 studiosissimus,
1342 2109 1372 2132 ut
1395 2104 1556 2132 immensum
1573 2109 1706 2139 quantum

918 2158 999 2186 supra
1014 2151 1082 2178 alios
1096 2151 1123 2177 in
1135 2150 1177 2177 his
1190 2150 1425 2185 cxcelleretulpse
1437 2149 1544 2178 excelsa
1554 2149 1705 2184 dissipavit,

920 2202 947 2224 et
955 2197 1031 2223 lucos
1041 2195 1165 2227 succidit,
1180 2199 1208 2222 et
1217 2199 1276 2222 erat
1285 2194 1414 2221 Dominus
1422 2201 1482 2221 eum
1495 2201 1527 2222 co
1533 2194 1567 2220 ".
1575 2203 1583 2220 ι
1591 2194 1629 2222 Eo
1643 2201 1706 2229 rege

884 2238 906 2266 D
921 2242 1044 2270 ascendit
1071 2241 1246 2269 Senacherim
1273 2248 1320 2268 rex
1334 2240 1505 2276 Assyriorum
1521 2240 1556 2267 ad
1583 2241 1708 2268 civitates

921 2288 1021 2316 Judzeaa
1034 2287 1162 2320 munitas,
1173 2294 1240 2322 quas
1251 2287 1367 2319 obsedit,
1375 2290 1402 2314 et
1414 2287 1482 2314 citra
1493 2287 1611 2314 laborem
1623 2286 1707 2321 cepit.
1753 2297 1757 2300 -

920 2334 997 2362 Tunc
1015 2335 1078 2361 item
1095 2333 1232 2361 Rabsaces
1246 2333 1422 2368 Jerosolymis
1436 2333 1557 2365 insultat,
1571 2328 1599 2360 c't
1621 2333 1708 2367 impu-

920 2381 987 2407 dens
1010 2387 1041 2407 os
1057 2384 1151 2407 contra
1170 2379 1253 2406 Deum
1282 2379 1417 2412 aperiens,
1436 2377 1708 2408 maledicentissimas

921 2425 980 2453 illas
997 2433 1077 2453 voces
1097 2425 1207 2452 emittit.
1217 2423 1294 2450 Tunc
1306 2431 1413 2458 quoque
1424 2423 1477 2450 leto
1494 2423 1556 2450 data
1568 2430 1601 2450 ex
1609 2422 1707 2450 castris

922 2472 1098 2508 Assyriorum
1112 2476 1220 2499 centum
1247 2470 1383 2505 Octoginta
1400 2470 1520 2504 quinque
1535 2470 1628 2503 millia,
1653 2477 1707 2496 una

923 2522 1003 2545 nocte
1013 2524 1093 2544 manu
1105 2517 1194 2552 angeli
1211 2515 1344 2544 confecta.
1357 2515 1420 2543 llmc
1430 2515 1533 2543 utiliter
1547 2515 1574 2542 in
1587 2522 1708 2550 praesens

923 2564 994 2590 dicta
1005 2567 1086 2590 sunt:
1099 2563 1195 2597 cuique
1204 2562 1276 2590 enim
1289 2562 1401 2589 istorum
1413 2569 1524 2589 casuttm
1534 2561 1708 2596 propheticus

924 2609 968 2637 hic
998 2616 1088 2636 sermo
1101 2609 1169 2635 scite
1180 2608 1364 2643 quadravcrit.
1384 2609 1460 2636 Nunc.
1470 2609 1542 2635 enim
1558 2608 1709 2635 Samaritae

922 2655 1063 2690 increpat:
1076 2661 1146 2682 nunc
1157 2653 1354 2689 Jerosolymilis
1367 2654 1490 2682 hostilem
1502 2654 1645 2682 adventum
1657 2654 1709 2680 miv

922 2705 1012 2729 natur:
1020 2701 1190 2736 captivitatcs
1198 2701 1495 2736 prantuntiat,timorem
1504 2702 1706 2737 prmsignilicat,

923 2747 1052 2775 auxilium
1063 2747 1211 2782 promittit:
1223 2747 1256 2774 ad
1265 2748 1468 2785 conversionem
1478 2747 1574 2775 invitat
1588 2755 1649 2775 :nec
1657 2747 1708 2774 ulla

923 2792 950 2819 in
963 2792 1013 2819 hac
1026 2791 1166 2826 prophetia
1180 2791 1362 2826 praetermissa
1375 2795 1417 2820 est
1435 2791 1515 2825 ratio,
1536 2791 1640 2821 ullusve
1655 2800 1709 2820 mo-

1028 2884 1050 2901 "
1065 2883 1098 2912 Π
1114 2882 1179 2918 Reg.
1195 2890 1274 2917 xvm,
1291 2883 1319 2910 αἱ.
