1913 3042
238 154 275 184 25
749 161 778 189 S.
798 162 935 190 CYRILIJ
954 161 1190 190 ALEXANDNNI
1208 162 1368 190 ARCIIIEP.
1830 163 1870 190 24

239 217 356 252 dns,quo
366 223 428 246 tunc
436 227 528 252 errore
534 220 651 255 deceptis
661 223 765 250 consuli
777 223 880 251 debuit.
888 223 932 250 Ait
939 231 1003 258 ergo
1011 245 1012 249 η

1077 224 1137 250 Ὀτι
1153 224 1190 260 μὴ
1207 224 1426 260 προσκεκόμικεν
1440 223 1514 258 αὺτῷ
1528 223 1558 250 τὸ
1573 223 1675 258 μαναὰ,
1691 223 1784 257 φησιν.
1803 223 1818 248 δ
1830 221 1869 258 ἦν

237 264 372 298 συμϐολον
388 266 525 301 ὑποταγῆς
535 276 542 282 ·
559 267 651 294 ἐκάλει
664 269 692 295 δὲ
703 270 804 304 μᾶλλον
815 271 854 302 είς
866 271 1026 306 ἐπικουρίαν
1043 275 1090 297 τον
1101 271 1258 305 Αἰγυπτίων
1290 271 1437 306 τύραννον.
1460 268 1526 297 Εἶτα
1546 271 1616 297 κατὰ
1639 269 1720 296 τοῦτο
1735 269 1866 303 τελευτή-

239 318 336 342 σαντος
350 312 395 338 τοῦ
406 312 518 348 ’Δχατζ,
535 313 727 348 βεϐασίλευκεν
743 315 867 352 Ἐζεχίας
878 317 935 348 υίὸς
948 316 1030 343 αὐτοῦ
1050 316 1097 343 ἐπὶ
1121 317 1166 343 τὸν
1200 317 1300 343 Ἰούδαν
1323 318 1352 343 ἐν
1369 317 1556 351 Ἰερουσαλήμ.
1610 313 1695 346 Οὗτος
1716 314 1771 350 γὰρ
1793 314 1866 350 ἀνὴρ

238 357 349 390 γέγονεν
368 357 492 391 εὐσεδὴς,
505 359 552 386 καὶ
568 360 622 386 τῶν
646 361 687 388 ὅτι
711 361 828 396 μάλιστα
853 363 1025 398 δικαιοσύνης
1043 362 1274 397 ἐπιμελουμένων,
1289 363 1327 394 ὡς
1362 362 1528 397 ἀσύγκριτον
1552 361 1624 396 ἐχειν
1639 360 1714 396 παρὰ
1729 360 1792 391 τοὺς
1814 360 1864 386 ἄλη

237 399 300 431 λους
321 401 371 435 τὴν
390 401 417 428 ἓν
432 410 463 436 γε
487 403 575 439 τούτῳ
597 405 736 440 διαφοράν.
754 415 763 431 ι
776 407 863 438 Αὐτὸς
877 407 985 434 καθεῖλε
1000 408 1036 434 τὰ
1054 407 1160 443 ὑψηλὰ,
1174 407 1221 434 καὶ
1243 407 1277 434 τὰ
1299 407 1380 443 ἄλση,
1400 407 1478 442 φησὶ,
1501 406 1624 441 ἐξέκοψε.
1639 405 1694 432 Καὶ
1710 403 1744 440 ἦν
1757 405 1864 440 Κύριος

238 447 298 479 μετ’
312 447 405 474 αὑτοῦ.
424 457 433 473 ι
447 448 534 476 Αὐτοῦ
557 450 746 484 βασιλεύοντος
768 452 852 487 ἀνέϐη
867 453 1045 488 Σεναχερεὶμ,
1067 453 1192 488 βασιλεὺς
1207 452 1369 488 Ἀσσυρίων,
1380 452 1426 478 ἐπὶ
1439 453 1489 484 τὰς
1503 452 1595 483 πόλεις
1605 452 1654 487 τῆς
1671 451 1800 483 Ἰουδαίας
1812 451 1864 482 τὰς

235 492 345 528 ὀχυράς.
361 495 417 522 Καὶ
432 495 626 532 πολιορκήσας,
641 495 713 524 εἷλεν
736 498 847 534 ἀμοχθί.
878 500 944 526 Τότε
959 500 1006 526 καὶ
1024 501 1039 526 ό
1064 499 1205 535 Ῥαψάκης
1229 500 1320 531 αὐτοῖς
1354 501 1410 532 τοῖς
1435 499 1630 535 Ἰεροσολύμοις
1654 499 1786 534 ἐπιπηδᾷ,
1814 499 1862 526 καὶ

233 539 375 567 ἀπύλωτον
386 541 511 576 ἀνοιγνὺς
523 543 594 570 κατὰ
605 543 674 570 Θεοῦ
684 545 714 571 τὸ
727 545 824 579 στόμα,
855 545 905 577 τὰς
932 545 1172 581 παμϐλασφήμους
1204 545 1311 578 ὲκείνας
1332 545 1424 581 ἀνίησι
1453 545 1554 580 φωνάς.
1570 545 1636 572 Τότε
1653 546 1700 571 καὶ
1715 545 1862 572 πεπτώκα-

235 593 277 611 σιν
291 585 323 611 ἐκ
339 586 388 621 τῆς
404 587 580 623 παρεμϐολῆς
592 588 652 615 τῶν
664 589 812 624 Ἀσσυρίων
823 591 919 616 ἑκατὸν
947 591 1111 626 ὀγδοήκοντα
1135 591 1216 618 πέντε
1241 591 1368 626 χιλιάδες,
1404 591 1434 617 ἐν
1462 591 1512 625 μιᾷ
1529 590 1618 622 νυκτὶ,
1645 590 1763 624 ἀγγέλου
1788 591 1863 626 χειρὶ

233 630 437 666 δαπανώμεναι.
445 632 535 659 Ταῦτα
542 633 684 669 χρησίμως
692 634 798 669 εἴρηται
807 635 875 670 πρδς
891 635 922 661 τὸ
950 636 1180 672 παρόν.¹Εκάστῳ
1196 636 1250 672 γὰρ
1282 636 1336 662 τῶν
1354 635 1566 671 συμϐεϐηκότων
1582 636 1764 671 ἐφαρμόσειεν
1783 636 1860 663 εὐτέ-

234 686 305 713 χνως
320 678 370 713 τῆς
383 680 550 715 προφητείας
563 682 576 707 ὁ
590 681 676 715 λόγος.
690 681 758 708 Ποτὲ
775 682 824 716 μὲν
839 682 893 718 γὰρ
925 683 1039 719 ἐπιτιμᾷ
1067 685 1123 715 τοῖς
1149 684 1177 710 ἐν
1204 683 1344 718 Σαμαρείᾳ
1357 691 1363 698 ”
1388 682 1453 709 ποτὲ
1474 682 1502 708 δὲ
1528 683 1584 714 τοῖς
1612 683 1640 708 ὲν
1664 682 1861 718 Ἱεροσολύμοις

234 723 342 750 ἀπειλεῖ
361 723 408 756 τὰς
432 725 552 759 ἐφόδους,
586 727 804 762 προαπαγγέλλει
829 728 878 760 τὰς
900 729 1098 763 αἰχμαλωσίας,
1134 729 1359 764 προκαταμηνύει
1382 728 1427 755 τὸν
1454 729 1552 764 φόϐον·
1587 729 1787 764 ἐπαγγέλλεται
1809 729 1860 763 τὴν

233 772 408 806 ἐπικουρίαν·
426 773 504 799 καλεῖ
516 773 585 809 πρὸς
603 775 787 810 ἐπιστροφήν
811 776 858 802 καὶ
880 776 968 808 οὐδεὶς
984 778 1017 812 τῇ
1038 777 1191 812 προφητείᾳ
1222 777 1430 804 καταλέλειπται
1462 777 1540 811 λόγος
1560 777 1577 811 ἢ
1597 777 1696 812 τρόπος
1705 776 1758 803 τῶν
1772 777 1860 810 ἀναγ-

233 819 319 846 καίων
340 820 381 851 εἰς
401 820 492 855 όνησιν
513 822 569 852 τοῖς
592 822 746 856 τοτηνικάδε
772 823 1000 859 πεπλανημένοις.
1020 824 1115 851 Τοίνυν
1132 825 1228 860 φησίν·

270 890 322 925 ιο
335 890 417 918 Vens.
427 891 454 918 2.
467 890 630 925 Principium
644 893 768 920 sermonis
778 892 886 920 Domini
896 894 930 920 ad
942 893 1015 920 Osee.

233 934 270 962 Et
283 936 351 963 dixit
366 935 492 964 Dominus
507 937 542 963 ad
559 936 634 965 Osee.

268 1002 300 1029 ll.
312 1003 483 1038 lncipitenim
494 1004 564 1032 Deus
575 1004 600 1032 in
610 1005 740 1040 propheta
748 1006 867 1033 revelare
877 1007 1014 1041 mysteria.

231 1049 378 1076 secundum
395 1048 459 1077 illud
473 1050 576 1085 utique.
596 1050 667 1085 quod
682 1051 716 1078 ab
732 1051 785 1078 alio
802 1052 932 1087 propheta
950 1053 1016 1079 satis

232 1097 326 1128 aperte
343 1094 444 1121 dictum
466 1099 508 1122 est
526 1104 532 1122 :
549 1104 558 1121 ι
586 1094 673 1131 Super
688 1096 840 1123 custodiam
863 1105 948 1124 meum
965 1103 1016 1124 sta-

229 1140 277 1171 bo,
289 1143 317 1166 et
328 1139 473 1167 ascendam
491 1148 572 1175 super
589 1146 702 1175 petram,
721 1147 748 1168 et
758 1143 970 1177 contemplabor.
987 1148 1016 1170 ut

228 1184 334 1212 videam
349 1185 412 1220 quid
426 1185 552 1220 loquetur
567 1186 593 1213 in
614 1194 656 1214 nte
676 1188 806 1215 Dominus
820 1187 943 1216 Deus”.r
964 1189 1015 1216 Re-

230 1229 300 1257 velat
319 1231 389 1258 enim
410 1231 595 1259 universorum
611 1231 690 1265 Deus,
708 1232 770 1260 dum
790 1234 893 1260 sanctis
913 1234 1015 1261 futuro-

228 1283 292 1302 rum
305 1276 429 1303 notitiam
442 1277 467 1304 in
481 1278 600 1304 animum
617 1278 749 1305 immittit.
766 1278 841 1306 Unde
854 1280 948 1307 beatus
964 1280 1013 1306 Da-

229 1322 274 1348 vid
290 1330 297 1348 :
315 1331 325 1348 ι
343 1322 457 1350 Audiam
467 1323 532 1358 quid
549 1323 675 1358 loquatur
689 1323 715 1351 in
731 1331 773 1351 me
786 1324 914 1352 Dominus
931 1325 1013 1358 Deus,

229 1367 356 1400 quoniam
369 1367 492 1402 loquetur
500 1375 593 1402 pacem
603 1368 628 1396 in
642 1368 744 1403 plebem
755 1376 829 1396 suam
839 1369 872 1396 '°.
890 1379 900 1396 ι
914 1369 1012 1397 Eodem

229 1412 309 1438 modo
324 1417 351 1439 et
366 1413 460 1440 beatus
474 1413 620 1441 Zacharias
637 1413 756 1448 loquitur
774 1426 779 1442 :
803 1423 813 1440 ι
830 1415 861 1442 Et
876 1415 1014 1450 respondit

228 1457 351 1492 angelus,
367 1458 478 1493 loquens
505 1460 531 1486 in
553 1467 596 1488 me
606 1461 639 1487 ’⁷.
657 1469 667 1486 ι
683 1460 888 1488 Consueverunt
915 1462 1013 1496 quippe

228 1504 316 1531 nancti
333 1505 470 1539 propheta:
487 1505 532 1532 Dei
546 1513 699 1533 sermonem
717 1507 852 1541 appellare
876 1507 1010 1541 angelum,

229 1554 321 1583 utpote
335 1551 540 1578 annuntiantem
557 1551 633 1586 ipsis,
648 1556 674 1580 et
688 1552 904 1579 manifestantem
916 1553 1007 1580 volun-

229 1601 310 1622 tatem
326 1595 372 1623 Dei
389 1594 486 1623 Palris.
503 1596 578 1630 Quod
600 1598 663 1625 item
685 1598 813 1632 propheta
833 1599 915 1625 Isaias
931 1603 1013 1626 testa-
1030 1587 1051 1614 Β

228 1647 294 1668 tur:
311 1650 321 1666 ι
349 1642 416 1676 Quia
430 1649 537 1670 omnem
553 1643 651 1670 stolam
679 1648 868 1677 cangregatam
893 1644 965 1676 dolo,
987 1648 1014 1671 et

227 1688 418 1716 vestimentum
440 1696 500 1716 cum
521 1690 733 1716 commutatione
750 1690 902 1720 restituent,
923 1694 949 1717 et
971 1697 1014 1716 vo-

228 1733 295 1766 lent,
311 1734 334 1761 si
352 1734 460 1762 fuerunt
478 1734 539 1770 igne
554 1735 700 1766 combusti,
718 1735 780 1769 quia
801 1742 866 1769 puer
880 1739 959 1762 natus
973 1740 1014 1762 est

229 1779 316 1811 nobis.
329 1784 357 1807 ct
373 1784 487 1807 vocatur
502 1787 598 1807 nomen
615 1779 684 1814 ejus,
699 1781 789 1815 magni
807 1780 912 1807 consilii
925 1781 1013 1815 Ange-

228 1825 270 1852 lus
291 1825 324 1852 ’⁸.
346 1835 356 1852 ι
375 1825 469 1853 Fuisse
489 1830 579 1854 autem
604 1830 723 1858 tenuem,
753 1834 804 1854 nec
833 1831 886 1853 tam
911 1826 1012 1853 claram

228 1871 421 1899 revelationem
440 1872 466 1899 in
482 1871 594 1904 sanctis,
607 1879 658 1898 nec
673 1871 775 1906 lingua,
793 1877 819 1899 et
833 1873 922 1899 verbis
938 1880 1013 1900 more

227 1921 320 1944 nostro
336 1920 514 1948 constantem,
528 1916 606 1952 plane
625 1916 703 1944 ﬁdem
720 1917 798 1944 nobis
812 1917 893 1944 faciet
915 1917 1013 1945 Paulus

227 1957 369 1989 scribens:
389 1971 398 1988 ι
415 1962 454 1988 An
467 1962 681 1995 experimentum
704 1960 825 1995 queritis
837 1961 895 1995 ejus
915 1962 961 1997 qui
985 1963 1011 1988 in

228 2007 402 2042 nteloquitur
413 2007 537 2035 Christus
549 2007 589 2034 ἠ
615 2017 624 2033 ι
647 2006 827 2040 Quamobrem
844 2008 942 2040 dicere,
964 2008 1011 2035 Dei

227 2053 338 2080 verbum
358 2053 457 2080 factum
477 2053 505 2080 in
526 2053 606 2085 Osea,
623 2060 682 2080 tneo
697 2052 806 2087 quidem
819 2053 921 2088 judicio
940 2053 1011 2080 aliud

228 2098 295 2126 nihil
317 2103 370 2130 est,
394 2106 474 2133 quam
494 2097 665 2126 audientibus
689 2097 850 2132 signiﬁcare,
872 2098 1013 2125 revelatio-

229 2152 288 2170 nem
302 2144 398 2171 lactant
411 2144 436 2171 in
452 2143 532 2174 Osea.
556 2148 583 2170 et
606 2142 758 2170 futurorum
786 2143 907 2170 notitiam
932 2143 956 2171 ei
981 2144 1012 2170 il-

229 2190 328 2217 luxisse
354 2190 440 2217 instar
459 2189 580 2221 luminis,
607 2196 658 2216 non
688 2188 780 2216 oculos
805 2189 939 2223 corporis,
965 2190 1012 2217 sed

1113 893 1202 928 Ἀρχὴ
1219 894 1310 928 λόγου
1323 894 1432 928 Κυρίου
1446 894 1480 920 ἐν
1497 893 1592 927 Ὼσηέ.
1605 893 1659 921 Kal
1670 891 1734 920 εἷπε
1748 893 1859 926 Κύριος

1071 940 1145 973 πρὸς
1161 939 1259 973 Ὠσηὲ.

1105 1008 1142 1034 Β¹.
1165 1009 1197 1034 ’Ἀ
1203 1016 1293 1042 ρχεται
1307 1007 1357 1042 μὲν
1371 1007 1425 1042 γὰρ
1439 1007 1468 1033 ἐν
1481 1006 1519 1041 τῷ
1536 1008 1661 1042 προφήτῃ
1672 1005 1737 1036 Θεὸς
1750 1005 1858 1031 ἀποκα-

1069 1053 1180 1080 λύπτειν
1205 1053 1352 1088 μυστήρια,
1366 1053 1426 1079 κατ’
1441 1051 1528 1078 ἐκεῖνό
1552 1059 1603 1077 που
1630 1050 1748 1082 πάντως,
1765 1049 1798 1076 τὸ
1821 1048 1856 1075 δι’

1069 1099 1163 1134 ἐτέρου
1180 1099 1318 1134 προφήτου
1332 1098 1423 1132 σαφῶς
1437 1098 1595 1133 εἰρημένον·
1611 1107 1620 1123 ι
1632 1097 1692 1123 Ἐπὶ¹
1707 1096 1756 1130 τῆς
1768 1095 1855 1130 φυλα-

1069 1143 1119 1178 κῆς
1137 1151 1187 1178 μου
1202 1144 1346 1178 στήσομαι,
1360 1143 1407 1169 καὶ
1429 1142 1598 1178 ἐπιϐήσομαι
1616 1143 1663 1168 ἐπὶ⁸
1677 1141 1792 1176 πέτραν,
1807 1141 1856 1167 καὶ

1069 1187 1266 1214 ἀποσκοπεύσω
1281 1187 1328 1214 τοῦ
1345 1188 1408 1214 ίδεῑν
1423 1188 1449 1214 τί
1463 1188 1574 1223 λαλήσει
1594 1189 1622 1214 ἐν
1640 1187 1702 1222 ἐμοὶ
1722 1186 1824 1221 Κύριος
1840 1187 1854 1212 ό

1067 1233 1143 1264 Θεός,
1158 1242 1167 1258 ι
1177 1233 1377 1259 Ἀποκαλὺπτει
1393 1234 1447 1266 γὰρ
1463 1233 1518 1264 τοῖς
1533 1232 1630 1266 ἁγίοις.
1646 1233 1686 1263 εἰς
1699 1230 1760 1258 νοῦν
1772 1231 1854 1261 ἐνιεὶς

1067 1279 1121 1306 τῶν
1135 1279 1270 1315 ἐσομένων
1283 1279 1332 1315 τὴν
1348 1279 1446 1313 γνῶσιν
1460 1280 1474 1306 ὁ
1488 1279 1541 1306 τῶν
1557 1279 1625 1306 ὅλων
1638 1278 1776 1309 Θεός.1(αὶ
1788 1276 1854 1311 γοῦν

1066 1328 1080 1353 ό
1098 1327 1232 1361 μακάριός
1253 1335 1319 1361 φησι
1334 1325 1426 1352 Δαϐίό’
1444 1334 1453 1351 ι
1465 1324 1628 1359 ’Δκοὺσομαι
1649 1324 1675 1350 τί
1696 1323 1808 1358 λαλήσει
1823 1323 1854 1349 ἐν

1066 1371 1128 1406 ἐμοὶ
1141 1371 1240 1407 Κύριος
1252 1372 1266 1397 ό
1282 1371 1359 1402 Θεὸς,
1369 1371 1411 1397 ὅτι
1427 1370 1539 1405 λαλήσει
1551 1370 1661 1405 εἰρήνην
1674 1369 1721 1395 ἐπὶ
1734 1369 1779 1395 τὸν
1790 1367 1854 1394 λαὸν

1066 1417 1158 1443 αὐτοῦ.
1175 1427 1185 1442 ι
1201 1416 1282 1443 Οὐδὲν
1295 1416 1322 1443 δὲ
1336 1413 1416 1452 ἦττον
1429 1416 1494 1451 ἡμῖν
1508 1416 1554 1442 καὶ
1568 1416 1583 1441 ὁ
1601 1415 1734 1450 μακάριος
1746 1414 1854 1449 προφή-

1065 1471 1115 1497 της
1132 1462 1267 1497 Ζαχαρίας
1283 1462 1328 1488 διὰ
1338 1461 1393 1488 τῶν
1406 1461 1471 1488 ἴσων
1484 1461 1591 1497 ἔρχεται
1603 1461 1704 1495 λόγωνθ
1717 1459 1769 1495 ἔφη
1779 1459 1834 1493 γάρ
1843 1463 1853 1474 ¹

1068 1516 1078 1532 ‹
1094 1507 1148 1532 Kal.
1171 1506 1306 1541 ἀπεκρίθη
1332 1507 1346 1533 ό
1369 1506 1483 1540 ἄγγελος
1506 1507 1521 1532 ό
1546 1505 1634 1532 λαλῶν
1648 1506 1676 1532 ἐν
1691 1505 1763 1540 ἐμοί.
1781 1514 1790 1531 ι
1808 1504 1853 1530 Ἐν

1065 1551 1120 1578 ἔθει
1134 1552 1188 1588 γὰρ
1204 1550 1238 1587 ἦν
1251 1554 1304 1584 τοῖς
1329 1553 1357 1578 ἐν
1381 1552 1469 1586 ἁγίοις
1483 1552 1634 1587 προφήταις
1654 1551 1768 1585 ἄγγελον
1783 1551 1853 1576 ἀπο-

1065 1599 1159 1626 καλεῖν
1173 1599 1218 1625 τὸν
1233 1599 1280 1625 τοῦ
1295 1598 1363 1625 θεοῦ
1381 1598 1469 1632 λόγον,
1490 1599 1528 1630 ὡς
1541 1597 1744 1631 ἀπαγγέλλοντὰ
1756 1605 1787 1622 τε
1800 1597 1851 1623 αὖ-

1063 1647 1118 1677 τοῖς
1140 1646 1188 1672 καὶ
1207 1644 1309 1678 ἐναργῆ
1323 1643 1493 1671 καθιστῶντα
1509 1643 1558 1677 τὴν
1575 1642 1700 1678 βούλησιν
1713 1640 1761 1668 τοῦ
1783 1640 1853 1668 Θεοῦ

1064 1690 1110 1716 καὶ
1119 1689 1233 1724 Πατρός.
1243 1688 1478 1723 Ἑπιμαρτυρήσει
1489 1687 1516 1713 δέ
1526 1687 1613 1720 λέγων
1623 1686 1670 1713 καὶ
1681 1687 1695 1712 ό
1708 1686 1852 1721 προφήτης

1069 1735 1183 1765 Ἠσαίας
1199 1734 1264 1768 περ).
1285 1733 1367 1759 αὐτοῦ
1380 1741 1386 1747 ⁸
1414 1733 1490 1759 ι”Οτι
1511 1733 1601 1759 πᾶσαν
1625 1731 1721 1766 στολὴν
1741 1732 1852 1757 ἐπισυν-

1063 1779 1186 1814 ηγμένην
1209 1778 1287 1812 δόλῳ,
1308 1777 1377 1813 μετὰ
1403 1777 1575 1811 καταλλαγῆς
1596 1776 1755 1802 ἀποτίσουσι
1768 1796 1776 1807 ,
1803 1775 1851 1802 καὶ

1063 1825 1221 1860 θελήσουσιν
1238 1825 1262 1850 εἰ
1279 1823 1448 1858 ἐγενήθησαν
1468 1822 1724 1858 πυρίκαυστοιῧοτι
1747 1821 1852 1848 παιδίον

1062 1871 1193 1905 ἐγεννήθη
1208 1870 1285 1905 ἡμῖν,
1302 1869 1349 1895 καὶ
1367 1868 1489 1895 καλεῖται
1507 1868 1538 1894 τὸ
1556 1867 1642 1902 δνομα
1656 1867 1748 1901 αὑτοῦ,
1766 1868 1851 1902 prri-

1062 1917 1111 1951 λης
1127 1917 1224 1951 βουλῆς
1241 1915 1464 1949 ’Λγγελος.ι”οτι
1479 1915 1507 1941 δέ
1517 1913 1551 1950 ἦν
1566 1914 1643 1950 ίσχνὴ
1661 1914 1710 1941 καὶ
1723 1915 1852 1950 ἁσυμφα-

1062 1963 1111 1998 νὴς
1129 1963 1159 1989 ἐν
1173 1963 1228 1994 τοῖς
1249 1961 1336 1995 ἁγίοις
1352 1963 1368 1995 ὴ
1388 1961 1567 1996 ἀποκάλυψις,
1587 1961 1633 1987 καὶ
1654 1961 1713 1996 οὐχὶ
1743 1961 1850 1997 γλώττῃ

1062 2009 1110 2035 καὶ
1134 2009 1238 2043 ῥήμασι
1252 2009 1308 2038 τοῖς
1324 2006 1384 2033 καθ’
1401 2007 1474 2042 ἡμᾶς
1488 2006 1696 2041 ἐπιτελουμένη,
1712 2006 1850 2041 πληροφο-

1063 2055 1140 2089 ρήσει
1158 2053 1270 2088 γράφων
1283 2053 1298 2079 ὁ
1309 2052 1424 2084 Humor
1440 2062 1449 2078 ι
1458 2053 1492 2079 Ἣ
1505 2052 1620 2088 δοκιμὴν
1633 2052 1740 2087 ζητεῖτε
1751 2052 1780 2078 ἐν
1788 2052 1852 2086 ἐμοὶ

1062 2099 1204 2130 λαλοῦντος
1229 2099 1365 2134 Χριστοῦ;
1379 2107 1388 2124 ι
1404 2097 1507 2125 Οὐκοῦν
1527 2097 1557 2124 τὸ
1577 2098 1606 2124 ἐν
1626 2097 1704 2132 Ὠσηὲ
1723 2096 1851 2131 γενέσθαι

1062 2143 1106 2170 τὸν
1117 2143 1164 2170 τοῦ
1181 2143 1248 2170 Θεοῦ
1263 2143 1351 2177 λόγον,
1371 2143 1413 2178 εἴη
1428 2143 1470 2175 ἂν,
1486 2142 1523 2174 ὼς
1537 2141 1632 2177 ἔμοιγε
1642 2142 1756 2177 πάρεστι
1767 2143 1850 2173 νοεῖν,

1062 2189 1156 2224 ἕτερον
1177 2189 1252 2215 οὐδὲν
1271 2190 1327 2220 τοῖς
1347 2188 1532 2223 ἀκροωμένοις
1546 2189 1760 2223 κατασημαῖνον,
1777 2187 1794 2222 ἦ
1809 2188 1851 2214 ὅτι

228 2239 344 2262 mentem
366 2240 391 2261 et
407 2242 454 2261 cor
477 2234 648 2262 illustrantis.
668 2234 784 2261 Rursum
799 2235 870 2269 quod
889 2235 987 2262 dicitur
1003 2245 1009 2262 :

1066 2236 1174 2269 γέγονεν
1198 2234 1367 2268 ἀποκάλυψις
1387 2236 1416 2261 ἐν
1435 2234 1524 2269 Ὠσηὲ,
1538 2235 1585 2261 καὶ
1607 2235 1661 2261 Ιτῶν
1676 2234 1812 2268 ἐσομένων
1834 2234 1852 2268 ἡ

230 2289 239 2305 ε
258 2280 289 2308 Et
302 2280 369 2308 dixit
384 2280 513 2308 Dominus
531 2281 563 2307 ad
581 2279 659 2314 Osee,
680 2290 689 2306 ι
715 2280 765 2308 hoc
792 2281 869 2308 nobis
891 2281 1012 2316 cogitan-

1066 2280 1165 2315 γνῶσις
1188 2280 1276 2314 φωτὸς
1298 2280 1447 2315 ἐνέστραψε
1462 2280 1549 2315 δίκην,
1563 2280 1592 2307 οὐ
1611 2279 1736 2314 σώματος
1751 2279 1853 2313 ὀφθαλ-

229 2326 290 2352 dnm
307 2323 426 2359 sulijit-it.
443 2325 518 2359 Quod
536 2326 607 2353 enim
631 2326 788 2361 jubebatur,
811 2335 864 2354 ttou
887 2328 1013 2355 omnibus

228 2371 339 2398 lecturis
357 2379 498 2399 commune
519 2377 588 2404 erat,
612 2380 660 2400 nec
682 2373 891 2408 proponebatur,
915 2377 944 2400 ιιι
966 2374 1011 2407 qui

228 2416 326 2443 vellent
348 2416 502 2450 aliquando,
520 2417 545 2444 id
567 2417 685 2445 facerent
705 2427 711 2445 :
733 2419 778 2445 sed
798 2418 943 2453 separatim
961 2419 1011 2445 soli

227 2460 304 2489 Oseze
318 2462 417 2489 dictum
435 2467 485 2490 est.
508 2462 563 2490 Nec
586 2464 657 2491 enim
685 2464 910 2496 quemadmodum
937 2473 1009 2492 cont-

228 2514 308 2534 mune
327 2513 354 2534 ct
373 2507 438 2534 utile
459 2514 620 2544 przeceptnm
644 2514 685 2536 est
701 2510 763 2536 illud
786 2520 792 2537 :
819 2519 830 2536 ι
861 2510 922 2538 "me
948 2511 1013 2538 dicit

229 2553 368 2583 Dominus.
391 2553 471 2580 Juxta
487 2554 545 2581 vias
565 2555 682 2589 gentium
703 2556 784 2582 nolite
806 2556 910 2583 dissere
930 2565 937 2583 :
955 2562 981 2583 et
999 2564 1013 2582 a

227 2598 311 2632 signis
323 2599 383 2626 θεοιί
398 2599 479 2627 nolite
497 2605 617 2627 metuere
629 2600 665 2633 ³⁰;
687 2611 696 2626 ι
719 2601 759 2628 sic
785 2605 872 2636 potest
899 2602 1010 2636 intelligi

227 2644 308 2671 etiam
332 2644 430 2672 bonum
454 2649 482 2672 et
506 2645 662 2680 frugiferum
677 2654 737 2674 esse
760 2647 883 2682 accipere
896 2655 1007 2675 uxorem

226 2689 410 2723 l'ornienriam,
424 2697 449 2718 et
467 2691 535 2718 ﬁlios
552 2691 747 2720 fornicationis.
762 2692 859 2720 Verum
877 2693 942 2720 illud
958 2693 1011 2720 nti—

227 2734 289 2761 liter
305 2735 338 2762 ad
363 2743 456 2763 omnes
477 2736 610 2770 pertinere
636 2741 745 2770 potest:
764 2738 815 2765 hoc
842 2738 949 2772 proprie
976 2738 1012 2764 ad

228 2777 315 2807 solum
328 2779 484 2814 pmphetam
500 2788 514 2807 ιι
529 2779 584 2808 Deo
604 2780 656 2808 dici
676 2782 810 2808 convenit.
835 2782 883 2809 Est
907 2786 1008 2815 autem,

1065 2327 1143 2362 μοὺς.
1161 2327 1228 2354 ἀλλά
1244 2327 1306 2354 νοῦν
1325 2326 1372 2353 καὶ
1386 2327 1498 2362 καρδίαν
1515 2325 1801 2361 καταλαμπρύνοντος.
1815 2325 1854 2352 Τὸ

1061 2373 1090 2400 δὲ
1107 2373 1140 2408 δὴ
1158 2373 1240 2407 φάναι
1254 2373 1345 2403 πάλιν,
1363 2382 1372 2398 ι
1387 2373 1442 2399 Καὶ
1456 2371 1516 2399 εἶπε
1533 2372 1633 2408 Κύριος
1649 2371 1716 2407 πρὸς
1733 2371 1824 2406 Ὠσηὲ,
1841 2381 1850 2397 ι

1064 2419 1132 2454 πρὸς
1154 2419 1258 2450 ἐννοίας
1279 2419 1353 2453 ἡμᾶς
1375 2418 1507 2454 ἀποφέρει
1532 2417 1668 2449 τοιαύτας.
1693 2418 1730 2443 Τὸ
1755 2417 1852 2452 γάρτοι

1061 2464 1296 2499 προστεταγμένον
1317 2463 1346 2489 οὐ
1371 2463 1459 2490 κοινὸν
1475 2463 1560 2490 ἅπασι
1575 2464 1632 2494 τοῖς
1647 2462 1853 2498 ἐντευξομένοις

1057 2506 1100 2544 ἦν.
1116 2508 1184 2536 Οὔτε
1203 2509 1257 2544 μὴν
1277 2508 1422 2544 προῦκειτο
1442 2510 1498 2540 τοῖς
1517 2508 1638 2535 ἐθέλουσι
1653 2508 1851 2542 ἀποπεραὶνειν

1061 2554 1140 2580 αὑτὸν
1155 2554 1224 2580 κατά
1237 2554 1357 2589 καιρούς.
1367 2555 1436 2581 Ἀλλ’
1452 2554 1543 2586 ίδικῶς
1564 2555 1612 2580 καὶ
1626 2554 1694 2590 πρὸς
1710 2555 1794 2589 μόνον
1810 2555 1851 2581 εῖ-

1065 2607 1130 2633 ρητο
1141 2599 1187 2625 τὸν
1201 2599 1291 2634 Ὡτηέ.
1305 2599 1343 2625 Οὐ
1357 2599 1421 2634 γὰρ,
1441 2598 1534 2634 ὥσπερ
1549 2598 1608 2624 ἐστὶ
1622 2598 1710 2624 κοινὸν
1732 2599 1779 2626 καὶ
1803 2599 1852 2624 ἐπ-

1061 2645 1164 2679 ωφελὲς
1179 2645 1372 2680 παράγγελμα,
1388 2645 1429 2677 τὸ,
1447 2654 1456 2670 r
1471 2644 1539 2671 Τάδε
1554 2644 1627 2679 λέγει
1643 2644 1755 2678 Κύριος,
1772 2645 1852 2671 Κατὰ

1061 2691 1109 2722 τὰς
1125 2691 1199 2722 ὀδοὺς
1214 2691 1267 2717 τῶν
1282 2691 1366 2717 ἐθνῶν
1382 2691 1419 2726 μὴ
1433 2690 1593 2725 μανθάνετε,
1610 2690 1656 2716 καὶ
1667 2690 1720 2716 ἀπὸ
1734 2691 1789 2716 τῶν
1801 2699 1851 2725 ση-

1063 2737 1145 2772 μείων
1169 2736 1216 2763 τοῦ
1241 2737 1354 2772 οὐρανοῦ
1381 2737 1419 2772 μὴ
1441 2736 1575 2771 φοϐεῖσθε
1592 2745 1600 2762 ι
1617 2735 1703 2768 οὕτως
1715 2736 1749 2762 ἂν
1765 2737 1851 2762 νοοῖτο

1062 2782 1143 2809 καλόν
1154 2791 1183 2808 τε
1205 2783 1252 2809 καὶ
1262 2783 1423 2818 ὀνησιφόρον
1437 2782 1468 2809 τὸ
1478 2781 1569 2808 λαϐεῖν
1579 2783 1697 2817 γυναῖκα
1708 2781 1850 2817 πορνείας,

263 2856 362 2886 llabac.
376 2850 410 2891 ιι,
424 2858 448 2885 l.
488 2858 510 2874 “
526 2857 598 2886 Psal.
616 2866 727 2892 Lxxxtv,
745 2859 772 2887 9.
811 2859 832 2875 ’⁷
846 2859 959 2888 Zachar.
971 2866 990 2891 ι,
1008 2861 1012 2885 1

1074 2860 1096 2876 ’⁸
1112 2860 1162 2888 lsa.
1180 2868 1218 2894 ιι,
1233 2859 1259 2893 6,
1273 2860 1299 2888 7.
1337 2861 1359 2877 ¹’
1373 2859 1394 2887 11
1411 2859 1472 2888 Cor.
1487 2868 1536 2895 xu,
1557 2860 1584 2888 3.
1623 2860 1645 2876 ³ο
1659 2859 1760 2887 Jeretn.
1775 2866 1804 2894 ιι,
1819 2858 1848 2886 ‘3.
