1913 3042
65 180 97 208 25
533 171 809 202 COMMENTARIUS
827 170 861 199 IN
881 169 994 198 OSEAM
1016 168 1237 197 PROPHETAM.
1660 161 1698 189 εδ

67 238 110 265 xui
133 236 218 262 τέκνα
244 234 389 270 πορνείας.
398 232 466 259 Ἀλλ’
477 232 566 258 ἐκεῖνο
591 231 639 266 μὲν
660 229 802 265 χρησίμως
821 228 861 259 είς
876 232 891 258 Α

932 227 1018 262 pinor,
1034 226 1104 260 quod
1121 226 1168 258 ait,
1186 230 1215 252 et
1229 234 1238 250 ι
1259 223 1328 251 dixit.
1340 222 1373 250 ad
1382 221 1461 254 Osee,
1477 230 1486 246 ι
1501 219 1611 256 perinde
1629 226 1661 245 ac
1673 218 1697 244 si

67 285 186 313 ἅπαντας
200 280 295 316 διήκοι
313 280 358 306 ἄν·
375 278 453 306 τοῦτό
465 286 498 312 γε
514 277 568 312 μὴν
591 276 681 307 ἰδικῶς
695 275 763 310 πρὸς
782 273 861 309 μόνον

67 329 97 355 ἂν
111 328 212 362 πρέποι
228 326 277 352 τὸν
288 326 433 361 προφήτην
446 322 574 357 λέγεσθαι
590 321 664 357 παρὰ
675 320 752 347 Θεοῦ.
765 319 860 352 Τοῦτο,

67 373 150 409 οἶμαι,
166 372 242 404 ἐστὶ,
263 371 311 398 καὶ
329 381 339 396 ι
356 369 423 397 Eine
447 369 515 405 πρὸς
531 368 620 402 Ὠσηὲ,
637 376 646 393 ι
670 367 760 401 ὅμοιον
781 365 819 396 ὡς
838 365 862 390 εί

67 419 145 454 τυχὸν
156 418 243 451 λέγοι·
259 417 297 443 Οὐ
320 416 389 451 πρὸς
405 415 508 445 πάντας
523 412 616 444 ἁπλῶς
629 411 643 437 ὁ
659 411 762 438 τοιόσδε
774 409 862 443 λόγος,

68 466 136 492 ἀλλὰ
160 465 231 499 πρὸς
254 463 336 499 μόνον
361 462 408 488 τὸν
421 461 511 496 Ὠσηὲ.
527 460 565 487 Οὐ
581 459 634 494 γὰρ
649 459 702 484 ἔδει
727 456 863 491 πρόφασιν

915 273 987 299 dicat.
1001 273 1125 304 fortasse,
1146 271 1203 298 Non
1222 270 1255 296 ad
1276 276 1370 296 omnes
1395 266 1552 301 simpliciter
1579 265 1641 291 talis
1658 267 1699 290 est.

915 324 1014 348 sermo,
1038 317 1083 343 sed
1108 316 1140 343 ad
1157 315 1253 343 Oseam
1269 314 1365 341 solum.
1383 311 1441 339 Non
1461 312 1533 338 enim
1562 309 1647 343 turpis
1671 312 1700 334 et.

915 363 1071 398 voluptariae
1087 363 1147 389 vita:
1156 361 1245 388 multis
1253 359 1485 387 ﬁerioeeasionem
1494 355 1633 391 oportebat
1647 355 1668 388 ι
1675 354 1697 387 1

915 407 985 442 quod
998 406 1194 441 dispensatorie
1213 404 1245 431 ad
1271 411 1352 430 unum
1367 402 1502 437 qttondam
1518 400 1620 427 dictum
1645 402 1697 425 est.

916 453 984 486 Quid
1000 460 1063 487 ergo
1078 452 1117 478 ait
1133 452 1165 478 ad
1179 452 1285 478 beatum
1301 449 1412 478 Oscam!

69 512 184 546 αἰσχρᾶς
201 518 231 535 τε
251 489 297 535 καὶ
310 507 451 542 φιληδόνου
468 489 540 539 ξωῆς
574 489 702 538 γενέσθαι
735 489 853 534 πολλοῖς,
870 501 900 527 τὸ
918 498 1095 533 οἰκονομικῶς
1119 499 1186 534 πρὸς
1210 498 1258 524 ἕνα
1276 496 1345 524 κατὰ
1368 496 1478 529 καιροὺς
1501 493 1652 529 εἰρημένον.
1666 489 1700 516 T’

69 557 114 584 οὖν
129 557 182 591 ἔφη
201 558 216 582 ὁ
232 555 299 587 Θεὸς
313 555 383 590 πρὸς
398 554 442 580 τὸν
459 553 592 588 μακάριον
611 550 707 585 Ὠσηὲ;

104 602 219 634 Βάὃιζε,
243 602 324 629 λαϐὲ
341 599 460 632 σεαυτῷ
483 598 611 633 γυναῖκα
632 595 784 630 πορνείας,
807 593 864 620 ’καί

70 650 162 676 τέκνα
181 648 335 681 πορνείας,
359 647 433 674 διότι
457 644 683 679 ἐκπορνεύουσα
705 639 866 674 ἐκπορνεύ-

71 704 118 722 (TE!
139 695 157 729 ἡ
176 695 214 728 τῆ
231 694 291 721 ἀπὸ
317 694 443 720 ὄπισθεν
465 691 517 718 τοῦ
540 690 658 724 Κυρίου.
675 688 729 715 Καὶ
742 686 866 720 ἐπορεύ-

73 744 119 774 θη.
135 741 184 767 καὶ
209 741 300 767 ἔλαϐε
323 740 381 773 τὴν
405 738 514 773 Γόμέρ,
539 735 684 770 θυγατέρα
708 732 866 766 deﬁniam,

73 786 119 812 καὶ
135 785 300 814 συνέλαϐε.
315 785 364 812 καὶ
378 785 479 811 ἔτεκεν
495 781 577 814 αὐτῷ
594 781 670 808 υἱόν.

902 579 910 585 ί
951 588 1034 615 Vsus.
1048 588 1074 615 ’5.
1105 587 1185 619 Vade,
1209 585 1297 619 accipe
1317 584 1363 611 tibi
1383 591 1489 610 uxorem
1507 583 1700 616 fornicationis:

916 639 940 662 et
955 635 1023 668 ﬁlios
1037 632 1229 668 fornicationis,
1242 631 1304 665 quia
1316 630 1449 664 fornicari:
1459 629 1630 662 foruicabilur
1647 633 1699 654 ter-

917 689 947 706 ra
960 689 976 706 ιι
992 679 1053 706 Deo.
1066 677 1098 704 El
1111 678 1187 709 abiit,
1204 682 1227 703 el
1242 676 1338 710 accepit
1355 675 1449 701 Gomer
1460 674 1545 708 [ilium
1559 673 1700 704 Debelaim,

918 732 940 753 et
955 725 1082 759 concepit,
1094 728 1119 750 et
1134 724 1233 758 peperit
1250 723 1273 749 ei
1289 721 1385 756 ﬁliuni.

108 831 127 857 Γ
128 834 149 857 ’.
172 831 271 862 Οὐδεὶς
284 831 361 865 ἡμᾶς
375 829 515 856 ἀναπείσει
528 804 616 861 λόγος,
631 824 822 861 παραιτεῖσθαι
837 824 867 850 τδ
884 828 891 857 |

954 813 998 840 111.
1016 812 1093 840 Nullo
1108 811 1184 838 nobis
1196 814 1354 845 argumento
1368 806 1571 843 persuadebitur
1582 804 1705 838 Scriptu—

1072 859 1086 865 .-
1182 862 1188 865 .
1206 857 1273 865 τελε
1294 856 1343 865 ινᾼ.
1361 855 1486 865 μεηειραὲμ
1516 853 1692 865 -.ι-,Ιρη-..ιι--ι-

75 877 205 912 Γράμμα,
213 876 263 902 xui
273 876 323 911 τῆς
336 875 456 910 ἱστορίας
468 874 497 900 τὸ
508 873 610 899 εἰκαῖον
619 869 866 905 καταψηφίζεσθαι,

75 924 120 949 καὶ
135 922 221 949 αὐτοῦ
235 922 285 949 τοῦ
298 921 459 957 πράγματος
472 918 626 954 καθορίζειν
639 917 669 943 τὺ
682 916 809 947 ἀκαλλὲς,
822 915 869 941 xui

73 968 177 995 οἴεσθαι
193 969 269 995 κατά
281 976 368 1000 τινας,
384 966 420 1001 μὴ
439 965 525 996 οὕτως
546 962 713 998 πεπρᾶχθαι,
731 962 798 997 μήτε
817 960 870 995 μὴν

75 1014 261 1050 παρειλῆφθαι
279 1013 349 1047 πρὸς
365 1011 464 1046 γάμον,
478 1011 537 1046 ἦτοι
561 1009 669 1036 σύνοδον
685 1007 806 1042 γαμικὴν
821 1005 870 1041 τὴν

75 1061 175 1096 Γόμερ,
191 1061 262 1086 ὅπου
275 1059 323 1086 καὶ
335 1057 464 1092 σύλληψιν
477 1054 640 1090 γεγενῆσθαί
653 1062 720 1088 φησι
738 1052 767 1078 τὸ
780 1051 872 1087 Γράμ-

78 1116 114 1142 μα
126 1107 158 1133 τὸ
176 1106 261 1141 ίερδν,
278 1104 325 1131 xui
339 1103 392 1139 μὴν
407 1104 455 1129 xui
470 1101 608 1134 ἀπότεξιν,
627 1098 764 1135 μέμνηταί
778 1106 808 1124 τε
823 1096 871 1123 καὶ

76 1154 207 1188 ὀνόματος
219 1151 268 1178 τοῦ
283 1150 402 1182 παιδίου,
417 1149 464 1175 καὶ
483 1148 527 1174 τὸν
543 1147 590 1174 τοῦ
604 1145 713 1180 γυναίου
731 1143 803 1177 λέγει
819 1151 873 1168 πα-

76 1186 152 1233 τέρα,
168 1197 218 1223 xui
235 1195 303 1222 αὐτὸ
319 1195 347 1221 δὲ
361 1194 428 1230 πρὸς
440 1192 545 1223 τούτοις
564 1190 611 1217 τοῦ
634 1188 746 1223 γυναίου
763 1187 794 1213 τὺ
814 1186 873 1213 ὅνο-

81 1253 125 1279 μα.
135 1242 247 1277 Ἐπειδὴ
270 1241 298 1267 δὲ
324 1241 470 1274 ἀναγκαῖον
486 1235 520 1273 ἦν
532 1236 683 1279 ὁμολογεῖν,
697 1235 731 1269 τῇ
751 1233 806 1259 τῶν
823 1240 873 1257 πε-

270 1285 384 1320 ἀληοείᾳ.
410 1284 548 1310 συνειπεῖν
565 1273 718 1316 ἑλομένους,
739 1279 780 1304 ὅτι
797 1276 874 1304 ταῦθ’

81 1335 164 1367 οὕτως
174 1335 288 1368 γέγονεν
301 1331 420 1367 ἀληθῶς,
434 1330 500 1365 φέρε
515 1329 578 1360 τοὺς
593 1327 648 1354 τῶν
666 1324 874 1353 κατασκώπτειν

82 1381 215 1408 εἰωθότων
232 1378 406 1415 παραθέντες
425 1376 531 1410 λόγους,
546 1374 608 1400 τότε
620 1372 714 1398 λοιπὸν
728 1369 875 1404 ἐπαγάγω-

85 1438 131 1463 μεν
147 1427 194 1454 ἐπὶ
215 1425 313 1461 καιροῦ
327 1424 377 1459 τῆς
397 1421 552 1457 οἰκονομίας
565 1420 615 1455 τὴν
628 1419 775 1453 ἀφήγησιν.
794 1417 889 1450 Λογιε

85 1462 130 1511 δίῳ
149 1475 199 1510 μὲν
210 1471 257 1499 οὖν
270 1472 397 1506 ἐνέτυχον
412 1469 508 1504 ἀνδρὸς
520 1468 570 1494 οὒκ
584 1466 635 1501 ἀσή
641 1474 701 1500 μου,
716 1462 875 1498 διατρανοῦν

86 1508 220 1551 ὲῡέλοντος
240 1518 275 1545 τὰ
300 1517 364 1552 περὶ
386 1516 431 1542 τὸν
452 1515 550 1540 τόπον·
567 1512 597 1543 ὃς
612 1511 660 1546 τῆς
678 1510 809 1545 ἱστορίας,
831 1508 878 1534 καὶ

86 1568 136 1595 τῶν
153 1567 226 1593 οὕτω
241 1562 405 1599 γεγενῆσθαι
419 1561 563 1595 λεγόντων,
586 1559 616 1584 οὐ
632 1557 745 1593 μετρίαν
762 1556 878 1582 ἐποιεῖτο

86 1614 132 1648 τὴν
149 1612 334 1647 κατὰρῤησιν,
354 1609 408 1635 δεῖν
422 1615 451 1634 τε
468 1606 586 1641 ἔφασκεν
610 1602 734 1637 ἐναργῶς
748 1602 791 1627 ἐπ’
805 1599 879 1634 αὺτῷ

87 1645 118 1693 δή
129 1645 271 1692 τούτῳ
286 1653 426 1688 κεφαλαίῳ
446 1651 563 1687 μάλιστα
577 1649 696 1679 δεδιότας
711 1646 797 1679 οὐδὲν,
815 1645 881 1671 ἀνα-

89 1691 201 1739 κραγεῖν
220 1701 272 1736 τῆς
285 1699 449 1735 ἐγκρατείας
464 1698 526 1728 τοὺς
541 1695 667 1731 ἐραστάς·
689 1704 698 1720 ‹
714 1693 751 1719 Τὸ
764 1691 881 1727 γράμμα

90 1736 255 1777 ἀποκτείνει.
271 1757 280 1772 ι
292 1747 414 1782 Ἑρήμην
439 1744 494 1779 γὰρ
519 1743 613 1777 ὥσπερ
641 1739 818 1774 κατατρέχων
834 1736 881 1763 τοῦ

91 1797 273 1832 γράμματος,
301 1793 350 1819 καὶ
375 1790 457 1817 οίονεὶ
483 1788 555 1815 κατὰ
582 1785 700 1823 πρανοῦς
726 1784 882 1819 ἐρχόμενος,

91 1828 210 1867 έὸιοῦὰδε
232 1838 309 1869 τινὰς
328 1835 461 1863 συνετίθει
480 1835 585 1867 λόγους.
601 1831 704 1865 Μωσῆς
726 1830 790 1864 γὰρ,
818 1828 884 1862 ἑφα-

94 1895 168 1918 οκεν,
188 1885 203 1911 ὁ
217 1883 361 1914 θεσπέσιος
375 1878 573 1916 προσετάττετό
588 1885 654 1903 ποτε
663 1876 711 1910 τῆς
727 1873 884 1908 Αἰγυπτίων

93 1932 212 1963 buxeta;
237 1927 442 1964 λελυτρωμένον
462 1922 639 1959 ἀποκομίζειν
661 1922 706 1947 τὸν
725 1920 831 1954 Ἰσραήλ
846 1920 886 1950 είς

93 1979 142 2014 τὴν
166 1978 251 2004 πάλαι
272 1976 329 2007 τοῖς
348 1973 482 2009 πατράσιν
504 1968 711 2005 ἐπηγγελμένην
728 1966 809 2000 ἁγίαν
823 1965 884 1999 γῆν,

95 2012 167 2059 φημὶ
186 2023 218 2058 δὴ
243 2022 291 2057 τήν
310 2021 361 2056 τῆς
376 2017 551 2052 ἐπαγγελίας·
568 2014 636 2042 ἀλλὰ
650 2014 698 2040 καὶ
713 2014 727 2039 ὀ
744 2012 887 2047 προφήτης

101 2055 236 2106 ζιερεμίας
251 2055 350 2104 ἤκουσε
366 2065 432 2092 Θεοῦ
446 2064 569 2098 λέγοντος
585 2059 716 2095 ἐναργῶς
740 2067 750 2083 t
765 2057 830 2099 Πρὸ.
841 2055 888 2082 τοῦ

109 2094 234 2106 --Γνιννηδ
262 2094 267 2104 ι
482 2094 488 2098 ν
636 2094 640 2095 ,

98 2126 132 2153 με
146 2117 248 2143 πλάσαι
266 2123 295 2141 σε
320 2114 349 2140 ὲν
364 2110 469 2148 ςκοιλίᾳ,
486 2106 635 2142 ἐπίσταμαί
657 2114 697 2138 σε,
715 2104 761 2131 καὶ
775 2094 830 2139 προ
841 2101 888 2128 τοῦ

98 2148 127 2190 σε
143 2161 262 2195 ἐξελθεῖν
275 2161 307 2186 ὲκ
323 2159 438 2194 μήτρας,
448 2154 552 2191 ήγίακά
567 2162 607 2184 σε,
620 2152 763 2186 προφήτην
776 2150 815 2180 είς
826 2148 889 2183 ἔθνη
906 2163 927 2190 D

98 2207 208 2235 τέθεικά
224 2215 264 2232 σε.
281 2214 290 2230 ι
309 2203 374 2234 Πῶς
386 2199 432 2228 οὖν
445 2202 495 2228 οὐκ
511 2198 679 2232 ἁξιάγαστοι,
695 2196 787 2230 φησὶν,
804 2192 889 2220 οἱκαὶ

98 2254 146 2288 τὴν
163 2252 236 2279 οὕτω
250 2249 352 2284 σετπὴν
366 2247 412 2274 καὶ
426 2245 568 2280 παγκάλην
589 2241 726 2269 διακονίαν
743 2238 890 2274 παραιτού-

103 2285 186 2334 μενοι·
204 2298 252 2324 xui
268 2296 318 2332 τὴν
333 2293 461 2330 μέλλησιν
475 2292 525 2318 οὐκ
541 2289 769 2322 ἁπαναινόμενοι;
795 2286 823 2312 Ὀ
841 2285 891 2320 μὲν

101 2330 155 2380 γὰρ
167 2344 281 2378 ἔφασκε·
322 2341 433 2374 Δέομαι,
447 2337 544 2372 Κύριε,
562 2334 733 2370 προχείρισαι
752 2331 830 2358 ἄλλον
844 2330 890 2356 δυ-

102 2377 218 2425 νάμενον
232 2389 261 2415 ὃν
277 2385 446 2416 ἀποστελεῖς.
463 2393 472 2409 ι
482 2383 511 2410 Ὀ
524 2382 552 2410 δὲ
566 2381 614 2423 τὴν
634 2380 748 2415 νεότητα
765 2377 892 2414 προϊσχό-

106 2419 194 2472 μενος,
210 2434 379 2462 ἐκδυσωπεῖν
396 2430 524 2466 ἐπειρᾶτο
539 2419 615 2455 Θεόν.
626 2425 706 2452 Ἀλλὰ
726 2425 773 2451 xui.
792 2425 806 2451 ό
827 2431 893 2459 προ-

106 2467 202 2516 φήτης,
218 2478 312 2514 φησὶν,
322 2474 451 2510 Ἰεζεχιὴλ
465 2475 493 2500 ὲν
509 2472 642 2508 βολὸίτοις
657 2470 762 2505 κόπρου
786 2467 898 2503 ἅνθρω-

107 2513 184 2561 πίνης
201 2513 300 2560 ἄρτους
312 2521 402 2556 ἑαυτῷ
416 2520 527 2555 ποιῆσαι
541 2515 788 2553 προστεταγμένος,
805 2513 897 2540 δεδυσ-

108 2557 227 2607 φόρηκεν
238 2570 269 2596 οὐ
289 2577 340 2603 μικ
349 2567 414 2603 ρῶς,
439 2564 540 2601 ἤκουσέ
551 2572 580 2590 τε
594 2563 637 2589 διὰ
648 2561 736 2588 τοῦτο·
755 2570 764 2586 ‹
775 2559 840 2586 Ἰδοὺ
856 2557 897 2584 δέ·

195 2626 237 2643 σοι
260 2614 374 2651 βολϐιτα
391 2611 457 2647 βοῶν
481 2611 541 2637 ἀντὶ
558 2607 686 2644 βολϐίτων
708 2604 895 2640 ἀνθρωπίνων,

110 2666 154 2692 xui
168 2648 299 2699 ὀπτήσεις
312 2661 377 2691 τοὺς
392 2658 489 2694 ἄρτους
505 2664 551 2682 σου
568 2655 610 2681 ἐπ’
631 2653 729 2680 αὐτῶν.
746 2661 755 2677 ι
773 2650 827 2677 Καὶ
845 2648 897 2684 μὴν

111 2712 154 2738 xu".
166 2694 236 2737 αὑτά
246 2709 261 2734 ὁ
275 2705 422 2736 θεσπέσιος
435 2703 549 2737 Πέτρος,
564 2701 608 2726 ὅτε
621 2699 671 2734 τῆς
689 2697 785 2732 ὀθόνης
805 2694 899 2722 καθιε-

115 2756 195 2791 μένης
209 2753 239 2786 ἐξ
254 2749 386 2788 οὐρανοῦ,
402 2748 430 2774 ὲν
477 2746 566 2773 πάντα
587 2744 741 2779 ἐγέγραπτο
757 2740 790 2767 τὰ
802 2738 900 2773 τετρά-

112 2785 245 2831 ποδα-καλ.
257 2785 295 2825 τά
312 2796 413 2831 κτήνη,
431 2793 498 2820 Θεοῦ
516 2792 640 2825 λέγοντος
658 2789 783 2823 ἤκουσεν·
799 2795 808 2812 ‹
820 2785 898 2811 Ἀνα-

142 2890 164 2908 ⁸¹
180 2890 200 2918 ll
220 2889 286 2917 Cor.
310 2893 355 2918 Ill,
376 2884 402 2911 6.

456 2883 477 2899 ³³
498 2881 581 2909 Exod.
604 2887 644 2912 ιιι,
661 2879 687 2907 8.
726 2878 748 2894 ³³
761 2876 816 2905 .icr.
837 2883 861 2908 ι,
876 2873 904 2900 5.
941 2870 963 2887 ³⁸
981 2867 1067 2896 Exod.
1086 2873 1121 2899 tv,
1139 2864 1182 2892 15.

920 868 976 887 ram
996 859 1145 893 repudiare,
1164 862 1191 884 et
1206 856 1346 884 historiam
1361 855 1488 881 vanitatis
1514 853 1703 883 condemnare,

919 910 946 933 et
960 912 1016 932 rem
1032 904 1118 939 ipsam
1135 901 1314 929 inhonestatis
1330 906 1488 934 coarguere,
1501 901 1659 931 putarequc,
1676 900 1704 922 ut

920 951 1040 986 quidam,
1066 957 1119 976 non
1135 949 1171 974 ita
1197 952 1310 981 gestam,
1337 952 1424 978 neque
1444 944 1477 970 ad
1502 943 1619 977 nuptias,
1649 941 1705 968 sive

922 995 1086 1022 matrimonii
1110 992 1332 1020 consuetudinem
1358 989 1487 1016 adscitam
1510 994 1569 1014 csse
1595 985 1704 1018 Gomer,

921 1040 1028 1074 quando
1050 1043 1077 1065 et
1097 1041 1268 1071 conceptum,
1287 1040 1314 1061 et
1342 1038 1448 1068 partttm
1477 1036 1598 1059 secutum
1628 1037 1705 1057 saera

922 1086 1062 1119 Scriptura
1078 1084 1167 1115 docet,
1182 1082 1359 1115 meminitque
1373 1084 1400 1107 et
1416 1078 1532 1105 nominis
1544 1077 1601 1109 lilii,
1619 1080 1645 1103 et
1660 1083 1707 1111 pa-

924 1136 991 1158 trem
1008 1130 1092 1164 ipsius
1107 1126 1270 1155 mtdiet'culae
1286 1124 1447 1151 nominatim
1461 1122 1598 1155 exprimit,
1617 1125 1645 1147 et
1662 1120 1706 1147 in-

922 1183 1003 1211 super
1017 1175 1101 1209 ipsam
1121 1172 1230 1200 nomine
1245 1169 1372 1205 appellat.
1389 1168 1457 1201 Quia
1471 1174 1536 1194 vero
1552 1173 1640 1193 rerum
1661 1172 1708 1201 ge-

923 1227 1025 1249 starum
1042 1219 1149 1246 veritati
1172 1216 1296 1245 assentiri
1318 1215 1448 1245 volentes,
1474 1212 1597 1240 conliteri
1618 1218 1710 1238 neces-

924 1268 999 1294 sario
1011 1266 1120 1297 debent,
1134 1264 1192 1291 lnec
1209 1262 1242 1289 ad
1259 1262 1330 1288 hunc
1346 1261 1454 1287 tnodum
1468 1265 1533 1285 vere
1555 1256 1710 1290 contigisse,

925 1321 973 1349 age
988 1319 1079 1339 eorum
1096 1310 1193 1345 quibus
1207 1308 1327 1335 solemne
1349 1310 1391 1332 est
1415 1302 1575 1338 calumniari
1601 1301 1711 1328 rationi-

925 1360 976 1387 bus
990 1357 1144 1393 propositis.
1160 1359 1252 1390 postea
1277 1351 1434 1379 (nconomim
1461 1348 1640 1376 narrationem
1664 1353 1712 1380 op-

926 1411 1039 1440 portune
1053 1402 1254 1436 subjungamus.
1271 1399 1355 1440 lucidi
1377 1397 1458 1432 igitur
1482 1396 1508 1422 iu
1535 1393 1714 1428 disputatiun-

926 1451 1014 1479 culam
1033 1449 1083 1475 viri
1096 1447 1235 1482 cujusdam
1261 1436 1320 1471 non'
1336 1442 1456 1473 obscuri,
1475 1440 1520 1475 qui
1539 1439 1610 1466 hunc
1627 1438 1713 1464 locum

891 1496 912 1524 C
929 1497 1073 1532 explanare
1090 1497 1248 1524 conaretur,
1277 1496 1303 1518 et
1328 1489 1468 1516 historiam
1497 1485 1715 1517 aliirmantesque

929 1544 955 1570 id
970 1550 999 1569 re
1014 1543 1070 1576 ipsa
1092 1539 1138 1566 tali
1156 1538 1235 1566 modo
1252 1537 1362 1566 factum,
1381 1541 1433 1561 non
1450 1532 1543 1559 leviter
1568 1529 1715 1564 reprehen-

929 1589 1018 1619 deret,
1035 1589 1224 1619 assereretque
1246 1582 1335 1616 planis
1357 1579 1460 1610 verbis,
1481 1583 1562 1611 super
1580 1575 1631 1602 hoc
1657 1574 1716 1608 ipso

930 1635 1017 1669 capite
1034 1634 1092 1661 sine
1108 1632 1161 1658 ullo
1180 1631 1277 1657 timore
1299 1625 1515 1656 exclamandum,
1545 1619 1717 1649 continentia:

932 1667 1107 1710 amatoribus,
1123 1686 1132 1702 ι
1150 1676 1252 1703 Littera
1268 1671 1407 1701 occidit".
1423 1680 1432 1696 ι
1449 1669 1529 1703 Quasi
1543 1667 1613 1695 enim
1627 1667 1718 1693 deser-

933 1732 960 1754 to
975 1727 1008 1753 ab
1021 1726 1076 1760 ipsa
1091 1722 1245 1751 vadimonio
1260 1720 1420 1754 scripturam
1437 1718 1590 1746 incursaus,
1603 1721 1635 1740 ac
1647 1712 1706 1739 velu

933 1770 1097 1806 praecipitem
1115 1775 1223 1802 urgens,
1240 1762 1426 1800 hujuscemodi
1446 1760 1631 1789 conclusiones
1645 1762 1720 1785 texe-

934 1803 1104 1851 baLMoyses
1116 1815 1188 1843 enim
1203 1813 1322 1844 divinus,
1335 1811 1434 1841 aiebat,
1448 1807 1576 1835 Israeletn
1591 1805 1624 1832 ab
1634 1803 1720 1838 Egy-

935 1866 989 1900 ptia
1009 1863 1139 1891 servitute
1153 1861 1216 1888 olim
1234 1859 1400 1885 vindicatum
1425 1855 1451 1881 in
1469 1859 1568 1880 terram
1588 1854 1720 1880 sanctam,

935 1911 1058 1946 patribus
1076 1907 1248 1943 promissam,
1274 1905 1300 1930 in
1328 1908 1429 1929 terram
1453 1897 1651 1934 promissionis,
1679 1894 1721 1920 iu-

937 1964 1028 1992 quam,
1043 1940 1186 1989 deportare
1201 1951 1293 1984 jussus
1315 1952 1357 1976 est
1380 1948 1413 1974 “.
1442 1946 1511 1978 Quin
1541 1947 1569 1970 et.
1591 1940 1723 1969 Jeremias

940 2005 1021 2031 Deum
1038 1999 1179 2028 manifeste
1193 1998 1324 2024 dicentem
1342 1993 1454 2023 audivit,
1473 2000 1482 2016 ι
1494 1989 1652 2022 Priusquam
1669 1985 1724 2012 for-

940 2056 1041 2076 marem
1058 2046 1120 2074 tein
1141 2049 1228 2074 utero,
1245 2041 1306 2069 novi
1324 2045 1364 2072 te;
1382 2043 1409 2065 et
1419 2041 1561 2070 autequatu
1580 2032 1670 2060 exires
1692 2030 1724 2056 de

940 2095 1032 2125 vulva,
1057 2089 1223 2121 sanetiiicavi
1257 2092 1293 2114 te.
1317 2086 1349 2112 Et
1368 2083 1527 2119 prophetam
1552 2080 1578 2107 in
1602 2077 1726 2113 gentibus

941 2141 1001 2169 dedi
1032 2144 1058 2166 te
1071 2138 1104 2164 ³³.
1137 2146 1146 2162 ι
1185 2134 1323 2168 Quomodo
1358 2131 1439 2164 igitur
1467 2135 1518 2154 non
1549 2123 1726 2152 admiratione

942 2185 1027 2221 digni,
1042 2184 1139 2218 inquit,
1154 2181 1200 2216 qui
1215 2180 1282 2206 adeo
1300 2175 1494 2207 venerandum,
1515 2178 1543 2199 et
1567 2167 1727 2198 honestissi-

946 2212 985 2221 νο
1020 2212 1026 2219 .
1079 2212 1087 2218 .
1133 2212 1136 2214 .
1163 2212 1171 2216 .

944 2240 1016 2260 mum
1034 2236 1144 2265 prorsus
1160 2223 1339 2253 ministerium
1362 2223 1532 2251 aversantur,
1554 2220 1581 2243 et
1606 2212 1727 2242 cunctari

944 2286 997 2306 non
1010 2273 1154 2303 verentur?
1171 2271 1218 2298 Ille
1230 2268 1431 2302 enim,Moyses,
1449 2265 1558 2292 aiebat:
1576 2271 1585 2287 ι
1601 2260 1728 2288 Obsecro,

945 2323 1069 2354 Domine,
1088 2319 1177 2352 delige
1194 2316 1275 2343 alium
1292 2315 1428 2343 idoneum,
1444 2316 1523 2344 quem
1542 2307 1633 2334 mittes
1655 2305 1686 2330 ³⁵.
1717 2312 1727 2328 ι

945 2368 1021 2396 Alius
1036 2367 1202 2401 iuventutem
1221 2359 1401 2396 prtetendens,
1416 2361 1529 2383 exorare
1554 2353 1637 2379 Deum
1658 2350 1729 2377 nite-

946 2395 1121 2444 batur.'Quiu
1135 2413 1162 2436 et
1177 2395 1305 2442 propheta
1331 2401 1466 2435 Ezechiel,
1490 2400 1517 2426 in
1541 2403 1662 2425 stercore
1678 2395 1729 2422 hu-

947 2464 1027 2485 mano
1036 2462 1119 2491 panes
1134 2454 1185 2481 sibi
1201 2452 1292 2479 facere
1303 2449 1404 2483 jussus,
1420 2453 1472 2473 non
1488 2441 1659 2470 mediocriter
1674 2447 1729 2466 mo-

946 2503 1015 2531 leste
1034 2486 1097 2533 iert,
1113 2504 1141 2527 et
1162 2498 1263 2526 idcirco
1280 2495 1354 2522 audit
1369 2502 1376 2520 :
1402 2501 1411 2517 ‹
1430 2491 1500 2517 Ecce
1515 2487 1575 2515 dedi
1600 2486 1648 2513 tibi
1664 2489 1732 2512 ster-

948 2558 1011 2578 cora
1027 2549 1106 2576 boum
1123 2546 1175 2580 12
1190 2551 1237 2579 pro
1253 2543 1382 2571 humano,
1399 2543 1427 2565 et
1451 2542 1550 2569 coques
1566 2539 1649 2567 panes
1674 2535 1732 2557 tuos

951 2597 978 2624 in
994 2595 1034 2622 eis
1047 2594 1081 2620 ³⁸.
1102 2575 1240 2624 ain—super
1274 2592 1301 2615 et
1316 2586 1393 2613 divus
1414 2583 1470 2618 ipse
1493 2581 1598 2611 Petrus,
1627 2575 1733 2611 quando

951 2644 1035 2670 linteo
1053 2640 1085 2667 de
1100 2637 1169 2666 cmlo
1185 2635 1330 2666 submisso,
1347 2633 1374 2658 in
1391 2637 1444 2665 quo
1468 2627 1558 2655 omnia
1585 2623 1730 2659 quadrupe-

952 2687 996 2715 dia
1014 2690 1041 2714 et
1059 2684 1180 2718 jumenta
1194 2678 1384 2708 cernebantur,
1409 2675 1491 2701 Deum
1508 2672 1639 2699 dicentem
1660 2666 1733 2694 audi-

953 2733 1012 2760 vit:
1029 2741 1038 2757 ι
1056 2715 1152 2762 Surge,
1167 2726 1258 2756 Petre;
1274 2721 1376 2752 occide,
1388 2724 1415 2747 et
1428 2718 1557 2745 manduca
1572 2715 1604 2747 ⁵⁸,
1623 2723 1632 2740 ›
1659 2719 1734 2739 recu-

953 2777 1033 2809 savit,
1048 2774 1092 2803 his
1111 2756 1204 2800 "verbis
1233 2778 1240 2796 :
1267 2777 1277 2794 ι
1305 2766 1490 2800 Nequaquam,
1520 2761 1644 2792 Domine,
1673 2756 1736 2791 quia

1238 2861 1261 2878 ⁸⁵
1275 2859 1374 2888 Ezech.
1401 2864 1438 2891 tv,
1455 2855 1499 2883 15.
1529 2853 1552 2869 ³⁵
1566 2852 1626 2880 Act.
1642 2856 1668 2883 tt,
1689 2845 1741 2891 l5.
