1913 3042
168 132 203 160 27
470 156 474 160 _
678 127 707 156 S.
727 126 868 156 CYRILLI
886 123 1122 154 ALEXANDRIN!
1142 122 1302 151 ARCHIEP.
1759 123 1801 152 23-

171 196 308 224 nuuquam
337 187 441 216 comedi
467 193 547 214 omne
577 193 736 220 commune,
763 190 809 213 aut
837 185 954 212 immun-

1011 183 1082 215 στὰς,
1105 181 1203 217 Πέτρε,
1221 181 1310 213 θῦσον,
1328 180 1376 207 καὶ
1393 179 1474 214 φάγε·
1491 188 1500 204 ι
1524 178 1686 215 παρῃτεῖτο,
1702 181 1797 213 φησὶν,

171 236 234 262 dum
252 234 284 266 ³⁷,
304 243 313 260 ι
328 241 414 268 neque
427 233 547 267 ingressa
561 236 601 259 est
615 231 643 258 in
659 238 690 258 os
708 238 796 258 meum
816 230 868 257 ulla
893 237 957 257 caro

172 279 296 315 profana.
311 279 393 306 Oseas
414 282 502 305 autem
526 277 619 316 audito
649 284 679 304 se
706 284 768 304 cum
798 276 958 303 muliercula

173 325 315 352 inhonesta
329 328 357 351 et
370 322 526 354 fornicaria,
544 327 572 349 et
593 321 674 349 vitam
703 322 809 348 vivente
831 328 960 348 exsecra-

173 369 255 397 bilem
271 369 368 397 debere
384 368 516 402 copulari,
539 375 595 394 rem
611 375 663 395 non
686 368 862 402 deprecatur;
893 373 945 394 cuo

174 415 319 443 elationem
344 414 443 441 nullam
461 414 595 447 admittit;
618 421 669 440 non
691 413 741 440 sibi
765 413 835 440 istud
859 411 958 439 remitti

174 461 329 496 suppliciter
343 465 417 493 orat;
433 460 493 494 sed,
510 465 539 487 ut
552 460 686 495 quispiam
713 459 958 494 petulantissimus,

174 511 277 534 tantum
295 515 347 534 non
363 507 573 541 promptissime,
587 507 646 533 sine
662 514 749 538 mora,
765 505 959 540 propemodum

174 552 202 579 in
220 560 276 579 rem
290 551 400 583 involat,
419 551 565 586 voluptate,
581 551 672 582 credo,
690 550 853 578 mulierculae
868 550 958 577 fruen-

174 597 215 624 dae
231 601 385 631 superatus.
403 596 503 624 Deinde
521 597 670 623 orationem
695 603 756 622 cum
783 595 901 623 absurdo
928 595 960 622 ﬂ-

175 642 262 674 niens,
279 650 362 677 pauca
376 644 509 677 quaedam,
524 646 552 668 et
576 640 671 676 frigida
696 641 828 675 adjungit.
845 640 961 668 Simulat

175 688 292 715 enim'se
306 688 441 723 propheta:
453 687 629 722 patrocinari,
654 692 680 714 et
705 687 753 720 ait,
769 687 914 721 plurimum
930 694 960 714 se

175 733 263 768 ipsum
277 739 468 761 excusaturum
482 733 579 765 fuisse,
594 733 617 760 si
643 733 726 760 Deum
745 732 959 760 commistionem

175 786 334 814 corpoream
352 779 494 807 mandasse
510 780 669 814 putavisset.

213 870 266 898 Sed
277 870 403 904 quoniam
421 875 480 898 erat
494 869 634 904 spirituale
654 867 783 902 quiddam
805 867 875 902 quod
896 874 959 902 age-

175 916 264 948 batur,
280 924 313 943 ex
330 916 412 942 multa
435 923 496 949 erga
522 915 604 941 Deum
620 913 752 940 charitate
769 914 960 948 propemodum

176 961 247 988 ultro
262 961 295 988 ad
315 961 339 988 id
356 961 426 992 quod
439 960 544 994 jussqu
559 962 618 987 erat
633 959 826 994 praestandum,
846 959 961 993 prophe-

177 1009 230 1032 tam
240 1004 422 1031 descendisse.
438 1004 581 1036 Prmterea,
594 1002 690 1036 inquit,
703 1002 875 1030 continentia:
893 1003 961 1030 Deus

177 1051 248 1078 haud
265 1051 396 1078 voluisset
409 1051 554 1085 quidquam
569 1049 700 1077 committi
715 1049 778 1081 tale,
795 1053 824 1075 ut
837 1049 878 1076 vir
903 1054 961 1076 tan-

178 1103 221 1126 tus
233 1099 300 1125 adeo
326 1098 447 1132 turpibus
468 1096 690 1131 detestandisque
705 1095 898 1129 complexibus,
924 1097 961 1122 fe-

176 1144 256 1171 mina:
283 1142 372 1177 hujus,
395 1143 517 1177 inquam,
541 1143 666 1170 obscenae
687 1147 714 1169 et
733 1141 882 1168 foruicarim
897 1149 961 1168 cou-

177 1189 364 1217 taminaretur.
384 1188 528 1215 Historiam
542 1193 631 1215 autem
647 1195 790 1221 enervans,
812 1192 839 1214 et
855 1194 914 1214 eam
933 1187 960 1213 in

176 1242 274 1262 sensus
286 1233 439 1268 spirituales
461 1233 656 1268 quodammodo
681 1231 886 1263 transformans,
908 1231 962 1258 Go-

178 1287 236 1307 mer
254 1279 402 1306 aliirmabat
415 1286 475 1306 esse
491 1283 581 1313 typum
595 1278 702 1309 animm,
720 1285 780 1312 qua:
804 1277 854 1304 sibi
878 1277 960 1304 vitam

177 1326 345 1353 inhonestam
362 1332 393 1352 ac
408 1329 510 1358 turpem
527 1323 640 1358 delegit;
660 1323 816 1358 prophetam
828 1324 962 1350 sustinere

179 1371 328 1406 imaginem
346 1370 402 1404 ejus
417 1370 461 1404 qui
475 1369 508 1396 de
525 1369 593 1396 (telo
617 1374 670 1402 est,
693 1369 745 1396 hoc
764 1373 816 1400 est,
826 1367 905 1395 Verbi
929 1375 962 1395 ex

177 1416 259 1444 Patre
277 1426 283 1444 :
300 1417 344 1450 qui
358 1417 464 1451 quidem
477 1415 620 1443 animabus
637 1415 736 1442 nostris
753 1415 832 1442 modo
847 1415 898 1443 sub
919 1415 960 1442 iu-

179 1462 354 1497 telligentiam
382 1462 566 1488 tantummodo
588 1461 700 1488 cadente
724 1461 874 1496 copulatus,
901 1461 962 1488 vita:

177 1508 269 1543 proba:
282 1515 313 1535 ac
329 1511 429 1534 sancta:
438 1507 540 1534 semina
553 1507 648 1541 injicit.
658 1506 690 1533 Et
700 1507 740 1534 ha:
755 1507 861 1541 quidem
876 1507 901 1533 in
917 1506 961 1533 illa

177 1556 312 1588 oratione,
325 1562 376 1590 qua
391 1555 551 1589 persuadere
563 1555 658 1588 voluit,
682 1554 856 1590 probationes
876 1555 909 1583 ab
929 1562 962 1582 eo

178 1602 335 1637 excogitatae
361 1605 433 1628 sunt.
457 1600 533 1635 Cepit
555 1605 643 1628 autem
672 1608 715 1628 me
740 1600 881 1629 admiratio
908 1609 962 1629 non

178 1645 297 1681 vulgaris
319 1654 326 1673 :
346 1645 473 1681 primum,
496 1645 566 1679 quod
581 1652 643 1672 vera
663 1645 764 1672 sentire
777 1650 961 1678 contemnens,

179 1699 261 1719 ausus
284 1696 327 1718 est
350 1690 449 1721 dicere,
474 1690 591 1717 litteram
605 1690 747 1723 occidere;
765 1689 872 1722 deinde,
890 1689 962 1721 quod

178 1736 329 1764 introduxit
343 1736 461 1772 Moysen,
477 1742 504 1763 et
522 1743 590 1770 quos
602 1737 681 1763 tnodo
695 1736 902 1767 nominavimus,
916 1735 960 1769 qui

180 1782 338 1811 coelestibus
350 1782 466 1810 oraculis
482 1781 670 1814 reclamarinl;
690 1781 760 1816 quod
776 1786 865 1808 autem
892 1781 960 1808 divi-

179 1829 222 1856 nis
239 1827 372 1855 nmudatis
387 1835 415 1855 se
437 1834 572 1862 opponere
595 1827 652 1854 ausi
677 1832 753 1853 extra
778 1826 884 1860 culpam
907 1834 960 1854 non

179 1873 299 1905 fuerunt,
314 1873 383 1900 male
409 1873 501 1900 tacuit.
517 1873 661 1900 Sacrorum
685 1879 801 1906 namque
825 1872 961 1900 doctorem

178 1921 288 1956 Moysen
306 1919 557 1954 sublert‘ugientem,
578 1924 604 1946 et
627 1919 660 1945 ad
680 1918 830 1945 obeundum
856 1919 962 1946 mISsio-

179 1974 241 1994 nem
257 1966 490 2001 tergiversantem,
503 1970 533 1992 et
547 1965 643 1998 liugum
653 1964 806 1991 tarditatem
815 1965 960 1991 obtenden-

179 2017 243 2045 tem,
257 2017 287 2039 ut
303 2012 438 2039 inﬁrmum
451 2010 480 2038 in
499 2010 549 2038 lidc
570 2010 742 2044 reprehendit
756 2009 836 2042 Dens,
860 2010 886 2037 in
905 2010 962 2037 haec

178 2059 260 2086 verba
277 2065 284 2085 :
304 2057 353 2092 13
367 2067 376 2083 ι
390 2057 456 2089 Quis
470 2057 541 2084 dedit
556 2064 586 2083 os
605 2055 722 2089 ltominiﬁ
736 2061 762 2083 et
775 2056 835 2088 quis
846 2055 961 2083 fabrica-

179 2104 217 2131 vit
230 2108 331 2130 mutum
347 2106 375 2130 et
389 2102 510 2134 surdum,
526 2101 659 2128 videntem
681 2105 708 2127 et
734 2101 851 2128 cmcum?
872 2109 961 2129 nonne

178 2157 228 2184 ego
241 2149 372 2179 Dominus
388 2148 476 2176 Deus?
492 2148 577 2184 Perge
589 2147 683 2182 igitur,
699 2150 726 2173 et
738 2153 787 2181 ego
803 2147 918 2181 aperiam
929 2155 960 2175 os

1007 228 1079 255 οὕτω
1089 228 1174 262 λέγων
1184 236 1190 243 ·
1209 236 1218 253 ι
1230 227 1381 262 Μηδαμῶς,
1392 226 1489 262 Κύριε,
1499 225 1539 252 ’ὁτι
1553 224 1679 251 οὐδέποτε
1695 224 1798 258 ἔφαγον

1008 275 1062 301 πᾶν
1079 274 1175 304 κοινὸν,
1199 273 1215 308 ἢ
1241 273 1405 307 ἀκάθαρτον,
1433 281 1442 298 ι
1468 270 1528 298 οὐδὲ
1553 270 1677 304 εἰσῆλθεν
1704 271 1744 301 εἰς
1767 268 1799 302 το

1008 320 1096 355 στόμα
1113 328 1162 354 μου
1177 319 1230 345 πᾶν
1243 318 1326 353 κρέας
1343 318 1466 353 βέϐηλον.
1476 317 1554 352 Ὠσηὲ
1569 316 1597 343 δὲ
1613 316 1742 347 ἀκούσας,
1756 316 1799 342 ὅτι

1008 367 1112 401 γυναίῳ
1128 364 1310 393 συνάπτεσθαι
1333 365 1372 391 δεῖ
1393 363 1509 398 αἰσχρῷ,
1524 363 1571 390 καὶ
1594 362 1797 398 πορνευομὲνῳ,

1010 412 1056 438 καὶ
1072 412 1206 446 ἐπάρατον
1222 410 1308 446 ἔχοντι
1319 410 1402 445 ζωὴν,
1415 410 1446 436 οὺ
1459 409 1634 443 παραιτεῖται
1646 407 1676 434 τὸ
1689 407 1798 443 χρῆμα,

1009 458 1060 483 οὐκ
1072 457 1150 483 δκνον
1163 456 1309 491 ἐνδέχεται,
1328 456 1358 482 οὐ
1373 456 1505 490 προσάγει
1521 454 1570 489 τὴν
1585 454 1735 489 ἱκετηρίαν,
1749 454 1800 480 ἀνν-

1010 504 1099 531 εἴσθαι
1124 503 1292 539 παρακαλῶν
1304 511 1312 518 ν
1327 503 1384 530 ἀλλ’
1400 499 1444 529 οἷά
1464 511 1507 533 τις
1525 501 1579 528 τῶν
1594 500 1800 535 ἀσελγεστάτων

1011 550 1219 586 προχειρότατα,
1239 550 1285 576 καὶ
1301 548 1444 584 ἀμελλητὶ,
1463 547 1604 583 μονονουχὶ
1619 548 1666 574 καὶ
1681 546 1801 582 ἁρπάζει

1010 598 1041 626 τὸ
1055 597 1159 632 χρῆμα,
1171 596 1241 631 τάχα
1256 604 1311 622 που
1320 595 1370 630 τῆς
1383 595 1423 626 είς
1437 595 1467 621 τδ
1482 594 1594 628 γύναιον
1605 593 1702 628 ἡδονῆς
1713 591 1802 628 ἡττώ-

1013 651 1102 679 μενος.
1124 640 1192 669 Εἶτα
1211 641 1381 668 κατακλείων
1407 641 1447 672 εἰς
1469 639 1584 666 ἀτοπίαν
1607 640 1669 670 τοὺς
1692 638 1799 672 λόγους,

1010 689 1165 726 προσετίθει
1182 687 1286 720 τούτοις
1302 687 1380 722 ὀλίγα
1400 687 1467 714 ἅττα
1487 685 1534 713 καὶ
1551 686 1652 721 ψυχρά.
1674 685 1800 719 Σκήπτε-

1010 745 1056 763 ται
1072 735 1120 771 μὲν
1137 735 1191 770 γὰρ
1204 734 1244 769 τῷ
1256 734 1385 769 προφήτῃ
1401 733 1570 768 συνηγορεῖν,
1584 732 1630 758 καὶ
1650 731 1731 758 πάλιν
1745 739 1800 766 φη-

1013 781 1118 814 σὶν,ὂτι
1143 780 1271 815 πλείστην
1287 778 1320 806 ἂν
1341 779 1487 813 ἐποιήσατο
1509 777 1558 812 τὴν
1581 777 1756 812 παραίτησιν,
1775 775 1801 802 εἰ

1013 826 1171 862 σωματικὴν
1185 826 1320 861 ἠπίστατο
1336 824 1477 852 κοινωνίαν
1490 822 1642 858 προστάξαι
1655 821 1731 849 Θεόν.

1052 871 1161 906 Ἐπειδὴ
1186 870 1214 897 δὲ
1234 868 1268 904 ἦν
1293 868 1477 904 πνευματικόν
1500 876 1528 894 τι
1552 867 1583 894 τὸ
1605 867 1752 902 δρώμενον,
1768 866 1803 892 ὲκ

1011 918 1111 952 πολλῆς
1128 917 1198 951 ἄγαν
1214 915 1361 950 φιλοθεῖας,
1380 913 1519 950 μονονουχὶ
1536 913 1583 940 καὶ
1597 912 1744 947 αὐτόμολος
1754 911 1804 938 ἐπὶ

1010 964 1040 990 τὸ
1061 964 1126 998 δρᾷν
1146 962 1257 997 ἔρχεται
1271 960 1301 987 τὸ
1316 957 1647 994 κεκελευσμένον.¹Ἀλλως
1666 965 1707 989 τε,
1721 956 1802 991 φησὶ,

1010 1009 1060 1035 οὐκ
1074 1008 1107 1035 ἂν
1120 1008 1134 1034 ὀ
1152 1006 1202 1042 τῆς
1217 1006 1378 1040 ἐγκρατείας
1399 1005 1465 1036 Θεὸς
1484 1003 1599 1039 ἠθέλησέ
1625 1011 1652 1029 τι
1674 1002 1804 1037 γενέσθαι

1009 1054 1140 1085 τοιοῦτον,
1149 1053 1188 1085 ὡς
1201 1052 1285 1088 ἄνδρα
1301 1051 1427 1078 τοσοῦτον
1441 1051 1569 1086 αἰσχραῖς
1577 1048 1665 1080 οὕτως
1678 1049 1725 1075 καὶ
1740 1048 1803 1083 βδε-

1010 1100 1177 1134 λυρωτάταις
1204 1093 1431 1133 καταμιαῗνεσθαι
1461 1095 1643 1131 συμπλοκαῖς,
1670 1095 1731 1126 ταῖς
1760 1093 1803 1125 εἰς

1011 1146 1136 1180 γυναῖκα,
1151 1144 1234 1180 φημὶ,
1252 1143 1392 1170 καὶτοῦτο
1414 1141 1560 1177 μαχλῶσαν
1582 1141 1630 1167 καὶ
1648 1146 1802 1175 πεπορνευ-

1013 1191 1104 1226 μένην,
1119 1189 1322 1217 Μεταπλάττων
1338 1189 1366 1216 δὲ
1384 1188 1479 1222 ὥσπερ
1493 1187 1541 1222 τῆς
1558 1185 1677 1222 ἱστορίας
1691 1186 1741 1220 τὴν
1754 1184 1801 1211 δύ-

1011 1245 1093 1272 ναμιν
1106 1236 1146 1267 εἰς
1158 1235 1262 1266 ἐννοίας
1277 1233 1475 1269 πνευματικὰς,
1490 1233 1593 1267 ἔφασκε
1606 1231 1657 1266 μὲν
1671 1228 1741 1257 εἶναι
1751 1230 1802 1265 τὴν

1010 1283 1099 1318 Γόμερ
1112 1283 1151 1314 είς
1168 1281 1252 1308 τύπον
1267 1280 1366 1315 ψυχῆς,
1383 1279 1502 1314 αἰσχρῶς
1514 1279 1561 1305 καὶ
1570 1278 1695 1313 ἀσέμνως
1706 1276 1802 1311 διαζῇν

1011 1327 1152 1364 ᾑρημένης
1163 1335 1170 1344 ·
1193 1327 1236 1353 τὸν
1257 1326 1286 1353 δέ
1308 1334 1340 1359 γε
1357 1325 1499 1361 προφήτην
1513 1324 1604 1351 εἰκόνα
1619 1322 1740 1358 πληροῦν
1752 1321 1802 1349 τοῦ

1011 1373 1114 1400 ἄνωθεν
1138 1372 1186 1399 καὶ
1212 1371 1241 1405 ἐξ
1266 1370 1392 1406 οὐρανοῦ,
1416 1369 1550 1402 τουτέστι,
1565 1368 1612 1396 τοῦ
1637 1369 1669 1395 ὲκ
1695 1367 1802 1402 Πατρὶς

1011 1417 1078 1445 Θεοῦ
1089 1418 1176 1452 Λόγου
1187 1424 1195 1432 ·
1209 1417 1239 1449 ὃς
1252 1417 1312 1448 ταῖς
1327 1415 1475 1452 ᾑμετὲραις
1485 1415 1583 1450 ψυχαῖς
1600 1414 1802 1448 συναπτόμενος

1011 1465 1123 1501 νοητῶς,
1134 1465 1169 1492 τὰ
1189 1465 1238 1500 τῆς
1263 1464 1408 1500 φιλαρέτου
1433 1462 1507 1498 ζωῆς
1530 1462 1617 1498 ἐνίησι
1643 1462 1799 1497 σπέρματα.

1012 1511 1067 1538 Καὶ
1074 1509 1161 1537 ταῦτα
1172 1510 1221 1544 μὲν
1231 1509 1281 1545 τῆς
1292 1509 1395 1535 ἐκείνου
1406 1507 1595 1541 πιθανολογίας
1606 1508 1639 1533 τὰ
1647 1507 1799 1542 εὑρέματα.

1013 1555 1179 1592 Τεθαύμακα
1193 1555 1221 1582 δὲ
1232 1556 1261 1582 οὐ
1276 1555 1394 1590 μετρίως
1409 1553 1474 1588 ἐγὼ,
1490 1553 1597 1588 πρῶτον
1614 1552 1674 1588 μὲν,
1690 1553 1731 1578 ὅτι
1745 1551 1802 1578 τῶν

1013 1603 1052 1634 εἰς
1069 1602 1196 1638 ἀλήθειαν
1215 1601 1363 1636 ἀφειδήσας
1381 1599 1501 1631 ἐννοιῶν,
1520 1598 1685 1633 τετόλμηκεν
1702 1598 1800 1628 εἰπεῖν,

1012 1648 1052 1675 ὅτι
1073 1648 1104 1674 τὸ
1128 1648 1244 1684 γράμμα
1269 1645 1434 1673 ἀποκτείνει,
1453 1643 1518 1672 Εἶτα
1542 1644 1610 1680 πρὸς
1632 1643 1746 1675 τούτοις,
1759 1643 1801 1670 ὅτι

1013 1694 1179 1729 παρεκόμισε
1206 1693 1254 1728 μὲν
1275 1693 1339 1724 τοὺς
1361 1691 1432 1726 ἀμφὶ
1451 1691 1496 1718 τὸν
1510 1691 1620 1722 Μωσέα,
1635 1690 1681 1716 καὶ
1695 1686 1732 1716 ὧν
1750 1689 1800 1714 ἐπ-

1012 1739 1188 1774 εμνήσθημεν
1207 1738 1319 1774 ἀρτίως,
1333 1739 1388 1769 τοῖς
1404 1736 1506 1765 ἄνωθεν
1525 1734 1800 1771 κεχρησμῳδημένοις

1012 1785 1213 1821 ἀντειρηκότας·
1227 1786 1268 1812 ὅτι
1280 1785 1308 1811 δὲ
1321 1785 1376 1816 τοῖς
1388 1784 1470 1815 θείοις
1484 1783 1666 1818 θεσπίσμασιν
1676 1782 1800 1809 ἀντιϐλέ-

1011 1831 1060 1865 ψαι
1073 1831 1268 1866 τετολμηκότες
1284 1831 1334 1857 οὐκ
1350 1830 1402 1863 ἔξω
1417 1830 1562 1864 γεγόνασιν
1575 1828 1676 1860 αἰτίας,
1689 1829 1800 1863 σεσίγη-

1012 1886 1058 1904 κεν
1073 1877 1123 1904 οὑκ
1138 1876 1235 1912 ὀρθῶς.
1250 1875 1471 1912 Παραιτούμενον
1486 1874 1535 1910 μὲν
1549 1874 1603 1910 γὰρ
1615 1874 1660 1901 τὸν
1674 1874 1799 1909 ἱεροφάν-

1011 1932 1059 1958 την
1074 1922 1184 1955 Μωσέα,
1200 1922 1247 1948 καὶ
1260 1921 1389 1948 ὀκνοῦντα
1403 1921 1452 1955 τὴν
1467 1919 1618 1954 ἀποστολὴν
1628 1939 1635 1951 ,
1663 1919 1710 1946 καὶ
1731 1927 1799 1953 προ-

1011 1968 1153 2003 ϊσχόμενον
1175 1968 1224 2002 τὴν
1244 1966 1475 2002 βραδυγλωσσίαν,
1499 1966 1537 1998 ὡς
1563 1964 1726 1992 ἀσθενοῦντα
1737 1966 1801 2000 περὶ

1011 2013 1060 2047 τὴν
1082 2013 1173 2039 πίστιν
1196 2012 1294 2047 ἤλεγχε
1314 2011 1391 2043 Θεὸς,
1411 2010 1482 2038 οὕτω
1497 2010 1598 2044 λέγων·
1629 2019 1638 2035 α
1653 2009 1700 2041 Τίς
1715 2009 1800 2036 ἔδωκε

1012 2058 1100 2093 στόμα
1113 2057 1266 2092 ἀνθρώπῳ;
1285 2056 1332 2083 καὶ
1346 2056 1388 2088 τίς
1400 2056 1511 2091 εποίησε
1526 2055 1667 2089 δύσκωφον
1682 2055 1728 2081 καὶ
1743 2064 1799 2081 κω-

1012 2103 1071 2136 φὸν,
1088 2102 1222 2137 βλέποντα
1238 2097 1285 2128 καὶ
1299 2101 1416 2136 τυφλόν;
1434 2101 1484 2128 οὐκ
1506 2101 1561 2136 ἐγὼ
1574 2101 1675 2137 Κύριος
1689 2103 1703 2128 ὀ
1716 2101 1799 2135 Θεός;

1011 2148 1066 2175 Καὶ
1080 2148 1138 2180 νῦν,
1155 2147 1282 2183 πορεύου,
1300 2148 1346 2175 καὶ
1362 2147 1417 2182 ἐγὼ
1439 2147 1538 2179 ἀνοίξω
1561 2148 1591 2174 τὸ
1614 2148 1701 2183 στόμα
1716 2156 1773 2174 σου.
1786 2157 1796 2174 ι

178 2195 301 2223 tuum”.
319 2204 329 2221 ι
347 2195 484 2222 Enadhuc
499 2197 650 2225 recusante,
674 2197 701 2220 et
721 2200 810 2220 moras
824 2197 959 2226 nectente,

1017 2192 1210 2227 Ἀναδυομένου
1220 2193 1248 2219 δὲ
1265 2192 1335 2228 μετὰ
1346 2193 1435 2225 τοῦτο,
1446 2193 1494 2219 καὶ
1508 2193 1647 2228 μέλλοντος
1655 2193 1706 2224 ἔτι,
1716 2202 1725 2219 ι
1737 2194 1799 2228 Ὠρ-

181 2249 191 2267 ι
211 2240 297 2267 iratus
310 2244 364 2271 est,
384 2248 393 2265 ι
419 2239 515 2273 inquit,
545 2247 554 2263 ι
581 2237 711 2265 Dominus
735 2237 761 2264 iu
789 2237 908 2273 Moysen,
934 2242 962 2266 et

178 2286 246 2314 dixit
262 2293 270 2312 :
288 2285 346 2313 Non
361 2292 423 2312 ecce
437 2284 526 2312 Aaron
552 2283 636 2311 frater
649 2283 728 2310 tuus?
743 2275 812 2311 Scio.
829 2285 898 2318 quod
922 2284 962 2312 lo-

179 2339 264 2367 quens
282 2331 405 2365 loquetur
420 2330 476 2364 ipse
496 2330 543 2356 tibi
560 2329 593 2356 ³⁹.
620 2338 629 2354 ι
652 2328 779 2363 Rursum,
800 2338 862 2357 cum
886 2329 962 2358 Jere~

179 2376 247 2404 mias
263 2374 485 2403 inconsideratius
505 2368 618 2401 dixisset
642 2381 671 2401 se
689 2373 824 2408 juniorem
851 2381 911 2402 esse
934 2379 962 2402 et

177 2422 285 2450 nescire
300 2420 382 2455 loqui,
407 2420 582 2448 nihilominus
600 2425 630 2448 et
649 2419 720 2447 Deus
749 2420 784 2446 ita
808 2420 926 2447 occurrit
952 2429 960 2447 :

182 2476 193 2494 ι
208 2467 267 2494 Νοιὶ
288 2467 390 2498 dicere,
408 2466 469 2500 quia
486 2465 580 2492 Junior
604 2473 652 2501 ego
677 2473 748 2497 sum,
776 2466 902 2500 quoniam
927 2466 961 2494 ad

179 2520 284 2546 omnes,
304 2512 337 2538 ad
353 2519 421 2546 quos
440 2519 490 2546 ego
516 2512 620 2539 mittam
639 2517 664 2539 te
693 2512 754 2544 ibis,
780 2516 807 2538 et
836 2511 960 2540 universa

179 2567 238 2594 qua:
253 2557 413 2585 mandavero
431 2557 478 2584 tibi
495 2557 612 2592 loqueris
626 2558 657 2584 “°.
681 2566 689 2583 ι
709 2556 766 2584 Non
792 2557 862 2584 enim
885 2558 958 2584 omni

178 2596 297 2639 periculo
313 2603 438 2636 vacabat,
455 2604 555 2635 dicere,
572 2608 618 2630 aut
629 2603 723 2631 saltem
739 2604 867 2638 cogitare,
886 2611 959 2630 sum-

179 2655 251 2675 mum
273 2648 438 2675 consilium:
457 2652 528 2675 recta
550 2649 653 2676 ratione
667 2649 817 2680 aberrasse,
834 2648 896 2674 dum
917 2648 961 2682 ju-

178 2700 271 2721 veneni
285 2693 319 2720 ad
332 2694 493 2721 vaticinandi
509 2693 624 2721 oﬂicium
651 2699 737 2720 vocab.
761 2693 891 2720 Similiter
909 2693 960 2720 Pe-

178 2743 238 2766 trus
253 2738 358 2781 accepit
373 2739 480 2774 quidem
496 2747 599 2774 vocem,
616 2739 697 2767 linteo
713 2739 746 2767 de
760 2738 829 2766 caelo
841 2738 956 2766 submis-

1011 2237 1101 2272 γίσθη,
1127 2239 1204 2273 φησι,
1229 2237 1331 2273 Κύριος
1345 2237 1392 2264 ἐπὶ
1420 2238 1533 2273 Μωσῆν,
1557 2238 1603 2264 καὶ
1627 2235 1720 2264 εἶπεν·
1743 2239 1800 2265 Οὐκ

1013 2283 1067 2309 ἰδοὺ
1087 2283 1191 2318 Ἀαρὼν
1201 2284 1215 2310 ὁ
1227 2283 1340 2318 ἁδελφός
1355 2292 1416 2316 σου;
1434 2283 1584 2319 ἐπίσταμαι
1596 2284 1636 2310 ὃτι
1651 2283 1738 2311 λαλῶν
1750 2284 1799 2311 λα-

1011 2329 1086 2364 λήσει
1112 2329 1192 2361 αὑτός
1218 2338 1270 2357 σοι.
1286 2330 1438 2365 »Ἱερεμίου
1452 2330 1480 2356 δὲ
1499 2330 1580 2356 πάλιν
1602 2330 1799 2365 προαλέστερον

1011 2374 1160 2410 εἰρηκότος,
1174 2376 1214 2402 ὃτι
1224 2375 1364 2411 Νεώτερος
1381 2375 1435 2408 ὲγώ
1450 2376 1518 2410 είμι,
1529 2375 1575 2401 καὶ
1587 2375 1637 2401 οὑκ
1650 2374 1799 2409 ἐπίσταμαι

1013 2420 1114 2453 λαλεῖν,
1129 2420 1205 2447 οὐδὲν
1219 2418 1299 2456 ἦττον
1317 2421 1424 2456 ὑπήντα
1435 2421 1511 2453 Θεὸς,
1522 2421 1607 2455 λέγων
1619 2429 1626 2436 ·
1643 2430 1652 2446 ε
1668 2421 1714 2451 Μὴ
1726 2421 1798 2455 λέγε,

1013 2465 1053 2492 ὅτι
1066 2465 1206 2501 Νεὼτερος
1222 2465 1278 2500 ὲγὼ
1291 2467 1358 2502 εἰμι,
1374 2467 1415 2493 ὅτι
1430 2466 1499 2502 πρὸς
1515 2467 1617 2498 πάντας
1633 2466 1679 2498 οὓς
1699 2467 1731 2493 ἂν
1744 2466 1800 2501 ἐγὼ

1013 2511 1184 2544 ἐξαποστελῶ
1198 2520 1238 2544 σε,
1253 2512 1384 2547 πορεύσῃ,
1401 2512 1447 2538 καὶ
1464 2512 1533 2539 κατᾶ
1547 2512 1635 2539 πάντα
1648 2513 1698 2539 ὅσα
1713 2513 1746 2539 ἂν
1758 2514 1799 2539 ὲν-

1012 2555 1143 2590 τείλωμαί
1161 2565 1212 2588 σοι,
1227 2557 1363 2592 λαλήσεις,
1387 2566 1397 2583 θ
1414 2557 1451 2584 Οὐ
1465 2557 1518 2592 γὰρ
1532 2554 1565 2593 ἦν
1579 2557 1647 2588 ὅλως
1659 2557 1798 2584 ἀκίνδυνον

1011 2601 1108 2635 εἰπεῖν,
1125 2602 1209 2636 ἤγουν
1225 2603 1348 2637 ἐννοῆσαι
1367 2603 1456 2638 μόνον,
1471 2603 1512 2629 ὅτι
1527 2602 1655 2637 λογισμοῦ
1669 2602 1716 2628 τοῦ
1732 2602 1799 2638 πρέ-

1012 2655 1108 2679 ποντος
1135 2648 1151 2683 ὴ
1179 2648 1318 2684 ὑπερτάτη
1342 2648 1423 2684 βουλὴ
1445 2649 1624 2684 διημάρτηκε,
1640 2651 1698 2674 νέον
1716 2648 1798 2685 ἄνδρα

1011 2693 1130 2720 καλοῦσα
1154 2694 1222 2729 πρὸς
1246 2695 1424 2730 προφητείαν.
1434 2695 1549 2730 Ὁμοίως
1561 2695 1575 2720 ὀ
1588 2694 1730 2726 θεσπέσιος
1744 2694 1796 2720 Πέ-

1010 2747 1073 2773 τρος
1086 2740 1185 2774 ἤκουσε
1199 2740 1259 2776 μὲν,
1272 2741 1321 2777 τὴς
1335 2741 1428 2777 ὀθόνης
1443 2741 1606 2778 καθιεμένης
1625 2740 1655 2773 ἐξ
1667 2740 1792 2778 οὐρανοῦ·

209 2824 234 2843 ³⁷
250 2824 312 2857 Act
332 2834 360 2861 Χ,
376 2827 420 2855 14.
458 2827 480 2844 ³⁸
493 2826 579 2856 Exod.
598 2834 634 2856 tv.
657 2827 700 2862 Η,
719 2827 761 2855 12.
809 2828 831 2845 ³⁸
851 2827 915 2856 ibid.
934 2827 960 2856 Η

1017 2828 1039 2844 ⁸ο
1056 2827 1155 2866 ζει-ειη.
1172 2837 1192 2863 ι,
1214 2829 1239 2856 7.
