1913 3042
43 167 69 194 i0
505 165 783 194 COMMENTARIUS
799 164 832 192 IN
852 163 967 193 OSEAM
987 165 1209 194 PROPHETAM.
1644 169 1680 197 δι)

43 225 203 255 ιἋναστὰς,
219 223 322 259 Πέτρε,
351 223 453 258 θῦσον,
481 225 528 252 καὶ
551 224 631 259 φάγε.
646 233 655 250 ›
675 224 783 259 Ἐπειδὴ
810 223 838 250 δὲ

895 231 921 250 so
937 235 942 251 ε
961 233 970 250 ι
988 224 1087 259 Surge,
1102 224 1191 254 Petro,
1207 223 1311 256 occide,
1327 228 1355 251 et
1369 222 1501 250 tnanduca
1516 223 1548 251 ".
1567 233 1576 250 ι
1604 225 1679 258 Quo-

43 266 194 301 Ἱουδαῖκῶς
219 270 412 305 ἀνακεκράγει
425 271 465 303 τὺ,
484 279 494 296 ι
506 270 659 306 Μηδαμῶς,
685 269 780 305 Κύριε,
798 269 839 297 ὅτι

39 317 163 342 οὐδέποτε
187 315 294 349 ἔφαγον
315 316 417 349 κοινὸν,
438 317 455 351 ἢ
480 316 643 352 ἀκάθαρτον·
661 325 671 342 ι
691 316 840 351 ἐπετιμᾶτο

42 362 222 397 παραχρῆμα,
235 362 284 388 καὶ
298 363 338 394 ὼς
350 364 410 394 τοῖς
431 363 513 394 θείοις
527 363 683 398 σκέμμασιν
697 362 839 398 ἀντιφέρε-

43 409 100 435 σθαι
112 408 235 443 τολμῶν,
245 409 349 443 ἤκουεν
364 408 488 443 ἐναργῶς
497 417 503 423 ·
511 418 520 434 ι
529 409 562 435 Ἀ
579 410 593 434 ὁ
607 408 672 440 Θεὸς
681 409 838 444 ἐκαθάρισε,

43 454 72 479 σὺ
91 453 129 488 μὴ
143 452 247 478 κοίνου.
268 462 277 478 ι
297 453 330 479 Εἰ
346 453 403 488 γὰρ
417 453 465 480 καὶ
479 452 603 488 ἐλέγχειν
614 453 708 488 ἤθελεν
722 453 810 488 ἠπίως
825 454 840 480 ὁ

42 499 92 525 τῶν
109 498 182 524 ὅλων
205 498 285 530 Θεὸς,
306 499 355 525 καὶ
377 499 427 525 οὐκ
450 498 530 530 εὐθὺς
544 499 582 531 ὡς
603 499 791 534 ἁντειρηκόσιν
808 499 839 526 οὐ

45 543 164 579 μετρίως
182 544 404 577 ἐξεπικραίνετο,
420 543 476 570 ἀλλ’
491 545 541 571 οὐκ
555 544 607 576 ἔξω
626 545 736 579 γέγονεν
751 545 841 576 αἰτίας

43 591 133 622 αὐτοῖς
148 592 165 626 ἡ
183 592 360 625 παραίτησις.
378 591 485 627 Χρῆναι
506 591 535 618 δέ
557 600 628 627 φημι
650 592 711 623 ταῖς
737 591 841 618 ἄνωθεν

43 636 143 670 ψήφοις
161 636 298 672 ἀμελλητὶ
312 637 445 672 νέμοντας
458 637 489 663 τδ
502 637 590 672 ὀρθῶς
612 637 658 663 καὶ
671 637 841 673 ἀδιαὸλήτως

45 684 125 718 ἔχειν,
150 683 351 719 ἀποπεραίνειν
373 683 531 717 ἐπείγεσθαι
557 684 589 710 τὸ
615 683 839 718 κεκελευσμένον,

45 730 95 755 κᾶν
122 730 148 755 εί
165 729 202 764 μὴ
226 729 330 764 σφόδρα
352 729 384 756 τδ
397 730 492 764 χρῆμα
504 731 564 761 ταῖς
577 730 726 764 ἡμετέραις
740 729 840 765 ἁνδάνῃ

45 775 155 810 ψυχαῖς.
174 772 238 801 υἷόν
264 775 291 801 τί
316 783 398 810 φημι·
410 775 582 811 Προστέταχε
605 775 645 811 τῷ
659 775 746 802 Σαοὺλ
759 776 773 802 ὁ
784 776 840 802 τῶν

45 822 112 847 ὅλων
135 821 214 853 Θεὸς,
230 820 387 855 ἀποσφάξαι
407 821 453 848 τὸν
469 822 570 855 Ἀγαγ,
586 821 623 853 ὼς
639 821 733 848 ἀνόσια
746 821 840 857 δεδρα-

46 867 112 893 κὰτα
135 867 207 893 κατὰ
227 867 281 893 τῶν
301 866 330 899 ἐξ
357 867 476 903 Ἰσραήλ.
485 867 554 893 Ἀλλ’
575 866 652 902 ᾠήθη
672 867 703 893 τὺ
723 867 840 903 χρηστὸν

46 914 89 939 ἐπ’
106 913 182 948 αὐτῷ
206 913 393 948 βουλεύεσθαι,
417 913 465 940 καὶ
488 913 597 948 φειδοῦς
621 913 697 948 ἠξίου
719 913 764 940 τὸν
781 915 840 944 ταῖς

47 959 149 994 ψήφοις
161 958 438 993 καταδεδικασμένον.
454 959 623 995 Προσκρούει
641 960 669 986 δὲ
683 958 729 986 οὖν
740 959 841 996 ταύτῃ-

47 1013 85 1031 τοι
99 1004 141 1039 τῷ
155 1004 227 1039 Θεῷ,
243 1004 291 1031 καὶ
305 1004 387 1040 μάλα.
397 1005 524 1040 Ἐκήδετο
543 1006 575 1040 δὴ
598 1003 644 1032 οὖν
657 1006 702 1032 τοῦ
717 1006 842 1033 τεθνάναι

47 1050 300 1086 προστεταγμένου,
318 1051 458 1085 μονονουχὶ
473 1050 673 1086 διακεκραγὼς,
690 1052 736 1079 καὶ
755 1053 842 1086 λέγων

47 1097 79 1124 δι’
92 1096 178 1123 αὑτοῦ
203 1096 251 1122 τοῦ
274 1096 449 1131 πράγματος,
464 1097 504 1123 ὃτι
532 1096 569 1132 μὴ
583 1097 690 1125 δικαίαν
706 1098 750 1124 ἐπ’
768 1098 842 1134 αὐτῷ

48 1143 94 1178 τὴν
115 1143 209 1177 ψῆφον
231 1143 349 1168 ἐποιεῖτο
372 1142 447 1173 Θεός.
462 1142 569 1177 Ταύτης
585 1143 666 1170 ἕνεκα
688 1144 738 1179 τῆς
753 1145 842 1176 αἰτίας

50 1189 173 1215 ἐλυπεῖτο
193 1188 241 1224 μὲν
263 1188 334 1219 λίαν,
353 1188 400 1214 καὶ
421 1189 620 1223 συνηγανάκτει
638 1189 697 1225 Θεῷ
713 1191 727 1216 ό
752 1190 841 1224 μακά-

53 1244 106 1270 ριος
118 1235 258 1270 Σαμουὴλ.
273 1236 327 1262 Καὶ
340 1235 508 1270 ἀποσφάττει
526 1235 632 1270 μὲνττὺν
646 1237 737 1270 Ἀγαγ
750 1236 841 1269 αὐτὸς,

52 1281 194 1314 ἐπιφωνῶν
205 1281 254 1312 τὰς
269 1281 369 1313 αἰτεας·
387 1291 395 1306 ι
407 1281 476 1307 ’Λνθ¹
489 1278 525 1307 ὧν
541 1281 606 1316 γὰρ,
623 1282 715 1316 φησὶν,
728 1282 842 1316 ἡτέκνω-

53 1335 81 1354 σε
95 1328 227 1360 γυναῖκας
241 1327 257 1361 ἡ
273 1327 397 1362 ῥομφαία
412 1335 469 1359 σου,
482 1326 567 1358 οὕτως
579 1327 797 1362 ἀτεκνωθήσεται
811 1329 842 1355 ὲκ

52 1372 188 1405 γυναικῶν
198 1374 214 1408 ἡ
228 1373 318 1408 μήτηρ
328 1381 387 1401 σου.
401 1383 410 1398 ι
424 1372 645 1408 Προαπαγγέλλει
659 1373 686 1399 δὲ
695 1373 734 1408 τῷ
744 1373 841 1404 Σαοὺλ,

52 1418 90 1444 ὃτι
105 1419 153 1444 καὶ
168 1418 218 1452 τῆς
234 1418 374 1452 βασιλείας
399 1418 595 1454 ἐξοισθήσεται,
616 1418 663 1446 καὶ
681 1419 781 1454 πικρὰς
793 1420 842 1454 τῆς

56 1465 194 1499 παρακοῆς
210 1465 335 1491 ἀποτίσει
348 1464 435 1496 δίκας.

87 1509 117 1535 ΕΞ
133 1509 160 1535 δὲ
177 1509 230 1545 χρὴ
253 1510 322 1545 πρὸς
340 1509 428 1544 τούτῳ
445 1509 492 1536 καὶ
508 1509 604 1545 ἑτέρας
624 1511 698 1545 ἡμᾶς
723 1509 842 1546 ἱστορίας

57 1557 230 1590 παρενεγκεῖν
253 1556 403 1591 ἀφήγησιν,
418 1556 447 1582 ὲν
470 1557 504 1591 τῇ
524 1555 603 1591 τρίτῃ
618 1556 773 1591 γέγραπται
787 1556 842 1583 τῶν

57 1600 209 1632 Βασιλειῶν,
232 1602 272 1627 ὅτι
289 1601 523 1636 κατεστρατεύετό
541 1610 605 1628 ποτε
621 1602 674 1628 τῶν
689 1602 717 1635 ἐξ
735 1601 843 1637 Ἰσραὴλ

55 1647 68 1673 ὁ
83 1647 169 1682 Ἄδερ,
182 1649 196 1673 ο
214 1647 308 1682 Σύρων
325 1647 488 1682 ἡγούμενος,
502 1648 562 1682 ἦτοι
578 1647 713 1682 βασιλεύς.
737 1648 844 1675 Ἀλύον-

55 1701 96 1722 τος
116 1692 143 1718 δὲ
167 1693 197 1718 οὒ
213 1693 321 1728 μικρῶς
347 1694 394 1719 τοῦ
412 1693 523 1729 Άχαὰϐ,
542 1694 571 1725 ὃς
595 1692 629 1729 ἦν
649 1694 775 1729 βασιλεὺς
793 1695 845 1722 Ἰσ-

57 1738 133 1773 ραὴλ,
149 1739 195 1764 καὶ
213 1738 332 1770 δεδιότος
346 1739 395 1775 τὴν
413 1739 516 1774 ἔφοδον,
532 1739 684 1767 ἁλώσεσθαι
697 1749 726 1766 τε
740 1741 790 1767 οὐκ
804 1742 844 1773 εἰς

57 1782 161 1817 μακρὰν
182 1785 356 1818 πανστρατιᾷ
383 1785 637 1819 προσδοκήσαντος,
659 1786 845 1820 ἐπηγγέλλετο

54 1827 94 1854 διὰ
114 1829 250 1863 προφήτου
267 1828 349 1862 Θεὸς,
376 1829 549 1864 παραδώσειν
574 1831 650 1866 αὐτῷ
673 1831 718 1857 τὸν
735 1831 843 1867 ἐχθρόν.

55 1871 116 1899 Εἶτα
131 1873 220 1900 λαΰὼν
241 1875 357 1906 ἐκεῖνος,
379 1875 454 1909 ἠξίου
479 1876 588 1910 φειδοῦς
614 1876 689 1912 παρὰ
704 1877 734 1903 τὸ
749 1877 845 1903 δοκοῦν

53 1919 88 1954 τῷ
110 1919 180 1954 Θεῷ.
201 1920 258 1953 Καζ
278 1921 304 1947 τί
324 1920 393 1956 μετὰ
421 1921 499 1948 τοῦτο
516 1923 546 1948 τὸ
563 1923 683 1958 Γράμμα
705 1923 736 1949 τὸ
756 1924 845 1959 ἱερόν;

56 1966 132 1992 «Καὶ
155 1966 301 2002 ἄνθρωπος
327 1964 367 1999 εἷς
392 1967 424 1993 ἐκ
451 1967 505 1994 τῶν
531 1968 597 1994 υίῶν
625 1969 679 1994 τῶν
698 1969 845 2004 προφητῶν

53 2008 111 2036 εἶπε
131 2011 201 2046 πρὸς
221 2011 267 2037 τὸν
288 2011 403 2046 πλησίον
417 2013 498 2039 αὑτοῦ
515 2013 543 2039 ὲν
565 2013 637 2049 λόγῳ
657 2014 769 2049 Κυρίου·
792 2014 847 2040 Πά-

53 2056 131 2088 ταξον
144 2057 176 2091 δή
197 2065 243 2091 με.
258 2058 313 2083 Καὶ
328 2058 379 2083 οὐκ
393 2057 524 2093 ¹ἠθέλησεν
540 2058 554 2084 ὁ
571 2059 713 2094 ἄνθρωπος
727 2060 846 2094 πατάξαι

53 2103 141 2129 αὐτόν.
158 2103 215 2129 Καὶ
240 2101 301 2129 εἷπε
317 2104 385 2138 πρὸς
398 2104 488 2130 αὐτόν·
513 2104 583 2132 Ἀνθ¹
597 2100 634 2132 ὧν
653 2106 703 2133 οὐκ
728 2107 847 2142 ἤκουσας

54 2148 100 2183 τῆς
115 2148 210 2182 φωνῆς
223 2148 337 2184 Κυρίου,
352 2148 406 2175 ἰδοὺ
420 2150 452 2176 σὺ
468 2150 629 2186 ἁποτρέχεις
646 2151 691 2177 ἀπ’
706 2151 784 2186 ἐμοῦ,
800 2151 847 2178 καὶ

55 2193 168 2226 πατάξει
183 2202 215 2219 σε
230 2194 310 2220 λέων.
325 2195 379 2221 Καὶ
399 2195 520 2230 ἀπῆλθεν
544 2197 592 2222 ἀπ’
614 2196 709 2228 αὐτοῦ,
733 2197 780 2224 καὶ
802 2198 847 2223 εὐ-

58 2239 141 2274 ρίσκει
163 2239 248 2266 αὐτὸν
273 2240 353 2272 λέων,
375 2241 422 2267 καὶ
447 2241 583 2274 ἐπάταξεν
605 2243 695 2270 αὐτόν,
717 2244 771 2269 Καὶ
800 2243 846 2269 3'3-
862 2253 885 2282 Ι)

59 2285 142 2320 ρίσκει
168 2286 313 2321 ἄνθρωπον
327 2286 430 2322 ἕτερον,
447 2288 493 2313 καὶ
512 2285 582 2314 εἶπε·
605 2288 727 2320 Πάταξον
749 2289 781 2324 δή
801 2297 845 2325 με.

58 2331 110 2358 Καὶ
123 2331 260 2364 ἐπάταξεν
284 2333 364 2359 αὐτὸν
376 2333 390 2358 ὁ
405 2333 555 2369 ἄνθρωπος,
576 2335 622 2360 καὶ
639 2334 760 2367 πατάξας
784 2343 845 2361 συν-

60 2376 158 2412 έτριψε.
190 2377 247 2404 Καὶ
270 2377 406 2413 ἐπορεύθη
429 2378 444 2404 ὁ
468 2380 626 2414 προφήτης,
650 2379 696 2405 καὶ
719 2379 782 2415 ἔστη
807 2379 846 2415 τῷ

63 2422 160 2457 βασιλεῖ
177 2423 288 2459 Ἰσραὴλ
302 2424 350 2450 ἐπὶ
363 2424 412 2459 τῆς
432 2424 502 2451 ὁδοῦ.
516 2425 571 2451 Καὶ
589 2425 755 2460 κατεδήσατο
770 2425 847 2452 τελα-

64 2467 126 2502 μῶνι
144 2468 210 2499 τοὺς
233 2468 389 2503 ὀφθαλμοὺς.-
404 2469 497 2496 αὺτοῦ.
519 2479 528 2495 ι
548 2470 643 2505 Μικρὰ
663 2470 691 2496 δὲ
710 2470 778 2496 ἄττα
798 2479 847 2505 με-

63 2514 122 2545 ταξὺ
136 2514 367 2550 προσλελαληκιῖξ
379 2515 574 2551 ὑποστρέφοντι
586 2516 624 2551 τῷ
639 2516 751 2551 ’Λχαὰίὴ
764 2524 848 2551 προσ-

66 2561 138 2587 ετίθει
153 2561 338 2588 πάλινσιΤάδε
350 2562 424 2596 λέγει
439 2563 552 2598 Κύριος·
567 2563 638 2589 Διότι
649 2562 798 2598 ἐξήνεγκας
816 2563 848 2589 σὺ

67 2607 140 2643 ἄνδρα
153 2607 277 2644 ὀλέθριον
293 2609 325 2634 ὲκ
339 2608 390 2644 τῆς
406 2609 498 2645 χειρός
513 2618 570 2641 σου,
583 2609 629 2636 καὶ⁴
642 2609 718 2636 ἔσται
736 2610 752 2644 ή
775 2609 847 2645 ψυχή

68 2661 107 2679 σου
120 2653 180 2680 ἀντὶ
199 2653 250 2689 τῆς
264 2655 356 2690 ψυχῆς
377 2655 470 2688 αὑτοῦ,
487 2656 534 2682 καὶ
554 2656 568 2682 6
585 2655 648 2687 λαός
665 2664 710 2681 σου
731 2655 791 2682 ἀντὶΙ
802 2655 849 2682 τοῦ

67 2696 123 2724 λαοῦ
145 2698 242 2725 αὑτοῦ.
259 2708 269 2725 ι
294 2698 418 2731 Ἀκούεις
441 2700 515 2732 ὅπως
532 2701 546 2726 ὁ
565 2701 684 2733 πατάξαι
709 2699 754 2726 τὸν
782 2708 852 2735 προ-

69 2744 144 2780 φήτην
163 2744 396 2780 παραιτούμενος,
417 2745 540 2778 ἐλεεινῶς
559 2745 689 2782 ἀνῃρέθη,
704 2744 782 2780 δεινῷ
802 2744 851 2780 θη-

891 270 963 296 niam
978 275 1067 296 autem
1084 274 1113 296 ut
1128 269 1236 296 Iudaeus
1248 269 1419 296 exclamabat
1436 277 1444 295 :
1463 277 1474 295 ‹
1493 268 1678 304 Nequaquam,

891 315 1013 347 Domine,
1032 314 1094 348 quia
1111 322 1246 348 nunquam
1265 315 1368 341 comedi
1382 322 1538 347 commune,
1563 320 1608 341 aut
1629 315 1680 341 im-

890 362 1018 389 mundum
1035 362 1172 396 quidpiam
1189 361 1222 394 ι’,
1241 370 1251 386 ι
1267 362 1338 389 illico
1351 365 1393 388 est
1413 361 1582 396 obiurgatus,
1606 365 1631 388 et
1651 366 1681 388 ut

891 408 982 435 divino
999 408 1138 442 proposito
1159 406 1291 434 obsistere
1313 415 1366 433 non
1392 406 1583 438 reformidans,
1606 405 1680 433 clare

890 453 992 480 audivit
1007 462 1015 480 τ
1033 463 1042 479 ι
1059 453 1134 486 Quod
1152 453 1220 479 Dens
1237 452 1401 487 puriﬁeavit,
1422 458 1450 479 tu
1470 459 1614 480 commune
1645 459 1680 479 ne

890 499 993 526 dixeris
1008 498 1042 525 ".
1062 508 1071 524 ›
1089 499 1218 532 Quamvis
1240 498 1312 525 enim
1339 499 1409 525 Deus
1440 499 1626 525 universorum
1652 503 1681 524 et

890 548 1031 571 mansuete
1048 544 1246 578 reprehendere
1264 543 1357 576 voluit,
1381 548 1409 570 et
1425 551 1477 570 non
1504 544 1584 576 illico,
1600 547 1630 570 ut
1651 543 1680 570 in

893 590 1071 617 refractarios
1094 589 1280 617 vehementius
1301 594 1341 616 est
1369 589 1564 621 exacerbatus,
1589 594 1680 616 tamen

890 642 984 662 eorunt
1003 635 1162 662 detrectatio
1176 635 1254 669 culpa
1268 642 1320 661 non
1333 634 1430 660 caruit.
1447 633 1578 667 Oportere
1589 639 1680 660 autem

890 681 1015 708 existimo
1033 681 1105 707 omni
1124 688 1199 708 mora
1222 680 1386 715 posthabita,
1405 679 1544 707 caelestem
1572 684 1681 707 senten-

892 727 955 754 tiam
970 733 1073 754 rectatn
1088 732 1169 762 atque
1186 727 1376 761 inculpabilem
1390 731 1550 759 statuentes,
1577 726 1609 753 ad
1624 725 1682 759 jus-

891 781 920 801 sa
932 774 1103 808 exsequenda
1119 781 1274 808 properare,
1287 773 1392 800 etiamsi
1409 779 1452 800 res
1469 772 1567 799 animis
1583 771 1682 799 nostris

891 827 986 854 parum
1003 820 1135 846 arriserit.
1149 819 1232 853 Quale
1248 824 1299 852 cst,
1313 819 1435 853 inquam,
1451 818 1521 852 quod
1540 818 1682 844 universo-

893 873 952 892 rum
971 865 1041 893 Deus
1056 867 1088 893 de
1102 867 1174 901 Agag
1196 865 1354 898 occidendo,
1373 869 1401 891 ut
1416 864 1462 899 qui
1489 864 1515 891 in
1543 863 1682 891 lsraelitas

858 904 878 932 Β
895 912 1007 940 nefanda
1026 912 1134 939 molitus
1157 917 1241 943 esset,
1266 910 1342 938 Sauli
1363 910 1513 942 mandavit,
1535 910 1581 944 qui
1606 909 1683 937 beni-

892 959 971 993 gnius
987 958 1013 984 in
1026 965 1087 984 eum
1103 957 1309 989 consulendum,
1333 961 1361 983 et
1376 956 1455 983 venia
1480 956 1589 990 dignum
1615 963 1682 982 cen—

893 1004 957 1035 suit,
975 1011 1054 1037 quem
1072 1003 1163 1030 divina
1180 1002 1327 1030 auctoritas
1343 1002 1520 1029 damnaverat
1543 1001 1576 1029 “.
1593 1001 1683 1034 Quare

893 1057 945 1076 non
964 1049 1058 1076 leviter
1072 1049 1153 1076 Deum
1167 1047 1289 1075 oli‘endil.
1307 1047 1408 1076 Curam
1419 1047 1502 1082 igitur
1513 1047 1596 1082 gessit
1612 1046 1680 1080 ejus,

893 1096 936 1129 qui
956 1097 1022 1121 mori
1037 1094 1130 1128 jussus
1148 1094 1246 1125 fuerat,
1260 1098 1364 1121 tantum
1382 1101 1434 1120 non
1450 1094 1581 1125 clamans,
1597 1097 1622 1119 et
1639 1093 1682 1120 di-

893 1148 957 1167 cens
989 1140 1060 1166 facto
1092 1139 1169 1173 ipso,
1202 1139 1322 1173 iniquam
1357 1139 1517 1165 sententiam
1554 1139 1682 1165 adversus

893 1187 979 1219 ipsum
998 1186 1089 1212 tulisse
1104 1185 1197 1212 Deum.
1225 1184 1298 1211 Hanc
1317 1184 1351 1212 ob
1373 1191 1481 1211 causam
1507 1183 1683 1210 contristatus

895 1239 1067 1267 nragnopere,
1085 1237 1111 1258 ct
1124 1240 1176 1258 una
1193 1239 1254 1258 eum
1271 1231 1326 1258 Deo
1343 1230 1499 1264 indignatus
1523 1233 1564 1256 est
1589 1230 1684 1257 beattts

894 1279 1013 1311 Samuel,
1037 1278 1192 1311 occiditque
1210 1278 1265 1311 ipsa
1284 1284 1332 1304 sua
1356 1284 1436 1303 manu
1455 1276 1542 1311 Agag,
1573 1282 1683 1302 causam

893 1323 1122 1359 supet'adjiciens:
1140 1333 1150 1349 ι
1170 1322 1245 1350 Sicut
1258 1323 1433 1357 fecitabsque
1448 1321 1540 1349 liberis
1558 1320 1684 1348 mulieres

893 1371 996 1406 gladius
1011 1375 1083 1402 tuus,
1099 1370 1138 1396 sic
1155 1369 1258 1404 absque
1281 1368 1374 1396 liberis
1398 1368 1449 1395 crit
1471 1367 1541 1395 inter
1559 1366 1684 1394 mulieres

894 1421 980 1444 mater
990 1422 1033 1443 tua
1041 1416 1075 1442 ⁸⁵.
1088 1426 1097 1442 ›
1108 1415 1273 1442 Ριιειιιιιιιίιιι
1288 1419 1379 1441 autem
1397 1413 1470 1440 Sauli
1484 1420 1565 1448 regno
1578 1411 1684 1447 pulsum

893 1463 936 1493 iri,
971 1467 997 1489 et
1023 1462 1135 1489 acerbas
1159 1461 1336 1488 contumaciae
1357 1467 1451 1495 poenas
1474 1458 1684 1494 persoluturum.

928 1508 1005 1541 Quod
1026 1507 1047 1534 si
1062 1508 1171 1541 insuper
1187 1506 1298 1534 alterius
1332 1505 1453 1532 historia:
1480 1504 1625 1531 intexcnda
1643 1509 1685 1531 est

895 1554 1024 1585 narratio,
1039 1554 1064 1580 in
1083 1553 1162 1579 tertio
1191 1552 1294 1586 Regum
1324 1552 1453 1585 scriptum
1473 1557 1524 1584 est,
1541 1550 1684 1584 aliquando

894 1605 986 1627 contra
1002 1598 1137 1625 Israelitas
1151 1597 1203 1633 14.
1217 1598 1288 1624 Ader
1306 1597 1437 1632 Syrorum
1451 1595 1613 1630 principem,
1627 1595 1685 1622 sive

894 1653 997 1680 regem,
1016 1645 1213 1678 expeditionem
1233 1643 1398 1678 suscepisse.
1411 1642 1505 1670 Moesta
1519 1647 1610 1671 autent
1630 1649 1685 1669 non

894 1691 1066 1719 mediocriter
1080 1690 1175 1717 Achab
1191 1698 1253 1724 rege
1273 1689 1367 1722 lsrael,
1395 1693 1421 1716 et
1441 1689 1579 1716 incursum
1597 1688 1684 1715 hosti-

895 1739 945 1766 lem
959 1742 1104 1770 metuente,
1118 1745 1168 1764 nec
1191 1737 1274 1763 multo
1290 1740 1350 1771 post
1365 1743 1426 1763 cum
1442 1735 1566 1762 omnibus
1575 1735 1631 1762 suis
1644 1741 1687 1761 con

894 1786 945 1821 piis
959 1785 984 1812 in
995 1789 1153 1820 p‘blestatcm
1165 1788 1306 1810 venturum
1318 1783 1433 1810 hostium
1445 1781 1615 1814 formidante,
1627 1788 1687 1816 pro-

896 1831 1026 1865 misitper
1038 1829 1194 1864 prophetam
1207 1827 1288 1860 Deus,
1304 1835 1333 1855 se
1347 1827 1384 1854 illi
1399 1827 1686 1864 hostctntraditurum.

896 1876 980 1909 Quem
996 1883 1058 1902 cum
1071 1874 1229 1907 accepisset,
1244 1873 1281 1899 illi
1295 1873 1459 1907 parcendum
1477 1872 1581 1903 statuit,
1606 1879 1686 1899 secus

896 1930 975 1958 (illam
994 1921 1107 1948 Domino
1126 1921 1274 1954 placuerat.
1298 1919 1330 1945 Et
1348 1918 1410 1953 qttid
1432 1923 1492 1952 post
1520 1918 1577 1945 [nec
1607 1917 1684 1944 Scri-

895 1974 976 2004 ptura
992 1966 1087 1994 sacra?
1103 1976 1111 1991 ι
1121 1966 1151 1992 Ει
1167 1966 1247 1991 Ιιοιιιο
1259 1964 1367 1999 quidam
1381 1963 1414 1991 de
1423 1964 1483 1990 ﬁliis
1495 1963 1686 1998 prophetarum

897 2014 964 2041 dixit
995 2012 1027 2038 ad
1059 2010 1210 2045 proximum
1238 2016 1315 2036 suum
1343 2008 1368 2034 in
1398 2014 1523 2035 sermone
1549 2005 1654 2033 Domini
1677 2015 1685 2033 :

897 2059 1010 2086 Percutc
1020 2065 1073 2084 me.
1085 2055 1136 2089 Qui
1149 2054 1234 2081 noluit
1251 2057 1403 2087 percutere.
1424 2052 1457 2078 Et
1471 2051 1540 2081 dixit
1556 2050 1589 2077 ad
1604 2057 1664 2077 eum
1678 2057 1685 2076 :

897 2104 964 2137 Quia
990 2110 1040 2129 non
1067 2100 1164 2128 audisti
1195 2106 1286 2125 vocem
1315 2097 1432 2128 Domini,
1457 2103 1523 2124 ecce
1551 2096 1688 2123 recedesa

898 2157 952 2181 me,
974 2153 1000 2175 cl
1022 2147 1152 2182 percutiet
1175 2149 1201 2171 te
1229 2144 1280 2171 leo.
1305 2143 1338 2170 Et
1365 2142 1491 2170 discessit
1524 2141 1557 2168 ab
1582 2148 1624 2168 eo.
1655 2140 1690 2168 Et

898 2194 1001 2221 invenit
1023 2200 1084 2220 eum
1111 2191 1163 2224 leo,
1191 2195 1218 2217 et
1248 2188 1383 2223 percussit
1410 2188 1508 2222 ipsutn.
1530 2186 1563 2214 Et
1587 2186 1689 2214 invenit

899 2241 1013 2267 alterum
1036 2239 1134 2269 virum,
1153 2241 1182 2263 et
1192 2235 1262 2262 dixit
1279 2243 1286 2262 :
1302 2234 1419 2261 Percute
1437 2240 1490 2260 me.
1508 2231 1560 2265 Qui
1579 2238 1690 2267 percus-

898 2287 935 2314 sit
945 2293 1016 2318 eum,
1031 2288 1058 2311 et
1071 2289 1229 2318 percussum
1240 2280 1377 2307 contrivit.
1388 2279 1462 2307 Abiit
1473 2286 1537 2313 ergo
1547 2278 1688 2313 prophetaI

899 2338 927 2360 et
934 2330 1054 2358 occurrit
1066 2329 1123 2363 regi
1132 2328 1157 2354 in
1165 2327 1217 2359 via,
1233 2331 1259 2353 ct
1267 2320 1357 2360 ligavit
1369 2324 1452 2352 lascia
1461 2323 1552 2351 oculos
1561 2331 1624 2350 suos
1632 2322 1665 2354 ⁸⁸⁵,
1676 2332 1685 2348 I

899 2383 927 2405 et
941 2384 1024 2412 pauca
1036 2376 1139 2402 loculus
1159 2372 1304 2400 revertenti
1324 2370 1427 2404 Achab,
1446 2376 1553 2396 rursum
1568 2368 1665 2403 adjecit
1680 2377 1687 2394 :

902 2433 912 2449 ι
929 2423 990 2449 llaec
1005 2421 1071 2448 dicit
1087 2419 1215 2448 Dominus
1229 2427 1235 2445 :
1249 2417 1316 2450 Quia
1332 2415 1459 2443 dimisisti
1476 2414 1562 2441 virum
1577 2414 1688 2448 dignum

900 2473 987 2497 morte
1002 2475 1020 2495 e.
1031 2475 1111 2494 ntanu
1131 2471 1187 2498 tua,
1203 2465 1255 2492 erit
1274 2463 1364 2491 anima
1380 2467 1423 2487 tua
1439 2467 1488 2494 pro
1501 2459 1591 2486 anima
1606 2459 1686 2491 illius,

900 2520 927 2543 et
941 2513 1055 2549 populus
1087 2517 1149 2539 tuus
1169 2519 1219 2546 pro
1241 2509 1339 2545 populo
1361 2506 1463 2543 ejus".
1481 2515 1490 2532 ι
1512 2505 1603 2538 Vides,
1635 2512 1689 2539 quo

901 2565 981 2595 pacto
997 2559 1042 2594 qui
1066 2558 1225 2593 prophetam
1243 2559 1383 2590 percutere
1405 2552 1499 2585 noluit,
1527 2551 1688 2578 miserabili-

900 2612 941 2633 ter
961 2606 988 2632 in
1017 2609 1135 2631 atrocem
1161 2602 1273 2629 bestiam
1307 2599 1402 2627 incidit
1425 2605 1457 2626 ac
1478 2596 1574 2632 periit?
1594 2595 1686 2629 Atqui,

900 2650 1034 2686 quomodo
1058 2656 1111 2676 non
1125 2654 1219 2675 verum
1247 2650 1298 2678 est,
1321 2652 1419 2673 munus
1449 2650 1508 2671 esse
1531 2641 1638 2678 pietatis
1659 2640 1687 2667 in

901 2685 998 2729 Deum,
1015 2704 1028 2722 a
1046 2698 1139 2722 sancto
1153 2696 1181 2720 et
1195 2691 1325 2727 propheta
1349 2689 1526 2725 percutienda
1545 2685 1687 2721 refugere?

901 2743 953 2770 sed
967 2746 1027 2770 erat
1041 2741 1093 2768 hoe
1112 2739 1140 2767 in
1158 2743 1284 2766 sermone
1302 2735 1420 2767 Domini,
1443 2733 1624 2762 inobedicntia
1638 2731 1685 2759 de-

97 2834 117 2850 “
131 2805 191 2862 Act.
204 2842 232 2866 x,
251 2835 296 2863 l5.
340 2834 363 2850 “
379 2833 444 2862 ibid.
465 2834 508 2861 Μ.
547 2834 570 2851 ⁸⁸
587 2833 653 2862 ibid.
671 2833 715 2861 15.
765 2832 788 2849 ⁸⁸
804 2831 811 2860 l
825 2831 891 2867 Reg.
918 2830 962 2865 l5,
979 2828 1090 2865 passim.
1129 2827 1152 2844 “
1167 2825 1233 2856 ibid.
1253 2825 1298 2854 '55.
1351 2824 1374 2841 "
1393 2823 1426 2854 Ill
1441 2823 1508 2860 Reg.
1523 2830 1569 2857 EX,
1589 2819 1683 2849 35-530

69 2866 91 2913 ,ιτ
106 2869 165 2899 ibid.
185 2869 232 2898 ιε.
