1913 3042
205 143 238 171 51
715 136 744 165 S.
764 135 902 164 CYBILLI
920 134 1156 162 ALEXANDRINI
1174 131 1333 160 ARCIIIEP.
1793 126 1833 155 3'2

206 198 280 227 tendi
309 206 323 226 ο
345 198 458 226 crimine
475 204 526 224 non
550 198 666 230 poterat.
699 193 823 228 Pepercit
843 199 932 220 autent
962 197 989 219 et

1050 193 1090 228 ιίῳ
1106 190 1293 227 προ[σ]πεσών
1304 189 1427 223 ;Καίτοι,
1439 188 1498 220 πῶς
1506 187 1555 214 οὐκ
1569 186 1668 222 ἀληθὲς
1678 186 1774 216 εἰπεῖν,
1790 183 1834 216 ὡς

207 245 302 273 Achab
332 244 484 271 inconsulto
500 242 582 273 Ader,
604 241 727 275 quamvis
745 239 814 267 Deus
830 239 904 266 illum
931 247 990 274 per-

208 292 272 318 dere
295 291 430 325 jussissct,
446 292 474 316 et
493 295 541 322 pro
556 287 645 314 anima
665 286 724 321 ejus
737 286 794 320 ipse
810 285 924 312 traditus
939 288 990 311 est.

209 336 343 369 Quocirca
374 336 440 371 citra
462 333 709 367 tergiversationem
737 336 763 358 et
793 331 949 358 dilationem
976 338 991 357 a

211 381 288 407 uoltis
303 379 399 408 conﬁci
424 379 494 413 quod
515 378 569 405 Deo
587 377 777 412 complacitum
794 382 845 409 est,
872 375 992 402 necessi-

211 431 252 453 tas
267 418 401 459 postulat:
419 424 491 451 aliud
511 423 636 458 quiddam
653 423 811 456 praeterhac
827 426 873 449 aut
894 421 992 454 facere,

213 476 261 498 aut
276 470 406 505 cogitare,
418 469 551 504 superbia:
565 469 696 496 maculam
718 469 811 496 inurit.
831 467 909 495 Tales
922 468 993 495 enim

212 521 316 543 tantum
337 524 389 543 non
417 516 498 542 etiam
531 515 615 542 Deum
634 515 659 541 in
677 514 883 547 reprehensione
897 520 996 548 ponen-

212 563 275 588 dum
297 562 472 594 arbitrantur,
497 559 591 595 utqui
619 560 753 587 interdum
779 567 831 586 non
859 564 932 586 recta
947 559 997 586 de-

212 611 316 634 cernat.

248 737 452 772 Respondemus
483 737 563 772 igitur
591 736 733 764 historiam
756 735 996 769 calumniantibus,

213 787 368 817 tentereque
396 782 613 810 insimulantibus
631 789 638 807 :
656 780 726 808 lleus
746 788 803 813 vos.
825 780 925 807 [uadum
950 788 998 814 pu-

214 828 276 854 tatis
306 828 463 862 prophetam
494 826 713 854 contubernalem
745 834 805 853 esse
847 826 997 852 libidinosae

1041 237 1074 273 ἦν
1091 237 1233 268 εὐλαϐείας
1257 235 1361 271 καρπὸς
1382 234 1412 260 τὸ
1436 234 1472 269 μὴ
1488 232 1648 259 καταπαίειν
1671 230 1832 265 ἀποτολμᾷν

1043 284 1119 317 ἅγιον
1134 283 1181 310 καὶ
1204 282 1363 317 προφήτην;
1392 279 1449 306 ἀλλ’
1464 277 1498 314 ἦν
1519 280 1548 305 ἐν
1567 278 1638 313 λόγῳ
1651 277 1764 313 Κυρίου,
1782 276 1832 301 καὶ

1042 329 1238 363 δυσδιάφυκτον
1247 327 1372 362 ἔγκλημα
1380 326 1491 360 γέγονεν
1506 326 1522 360 ὴ
1538 333 1574 351 πα
1579 324 1674 359 ρακοή.
1684 322 1833 357 Ἐφείσατο

1043 376 1071 402 δὲ
1094 375 1140 401 καὶ
1159 374 1260 409 Ἀχαὰδ
1277 372 1438 409 παραλόγως
1460 371 1507 398 τοῦ
1535 370 1622 405 Ἀδὲρ,
1646 369 1732 396 καίτοι
1761 367 1832 394 Θεοῦ

1043 421 1177 447 διοὶλύναι
1203 418 1434 454 προστεταχότος,
1460 417 1507 443 καὶ
1531 416 1637 442 δέδοται
1661 415 1741 446 αὐτὸς
1769 412 1834 440 ἀντὶ¹

1043 466 1094 500 τῆς
1107 465 1196 500 ψυχῆς
1210 463 1302 490 αὐτοῦ.
1325 462 1428 489 Οὐκοῦν
1452 462 1599 495 ἀναγκαῖον
1613 460 1691 486 δκνου
1715 468 1745 485 τε
1770 458 1835 493 δίχα

1045 512 1092 538 καὶ
1100 510 1286 546 μελίλ]ησμῶν
1299 507 1530 542 ἁποπεραῖνεσθαι
1545 506 1613 541 πρὸς
1626 505 1714 540 ἡμῶν.
1723 506 1791 539 ὅπερ
1799 503 1836 530 ἂν

1046 556 1152 583 ἁνδάνοι.
1165 555 1232 590 Θεῷ
1251 554 1281 580 τὸ
1295 554 1323 579 δὲ
1338 553 1430 588 ἕτερόν
1443 561 1468 579 τι
1483 552 1558 587 παρὰ
1571 550 1651 577 τοῦτο
1664 551 1740 585 δρᾷν,
1754 549 1770 584 ἢ
1785 550 1837 575 καὶ

1046 603 1163 638 φρονεῖν,
1185 600 1335 636 ὑπεροψίας
1352 598 1477 633 ἔγκλημα
1492 597 1580 633 φέρει.
1596 597 1685 623 Μόνον
1703 596 1758 630 γὰρ
1772 594 1838 629 οὐχὶ

1046 648 1093 674 καὶ
1117 647 1246 681 ἐπιτιμᾷν
1271 645 1423 679 ἐγνώκασιν
1443 644 1467 670 οί
1484 643 1579 669 τοιοίδε
1605 641 1708 673 λοιπὸν,
1727 640 1765 672 ὡς
1783 640 1838 666 οὐκ

1045 692 1134 728 ὀρθῶς
1149 692 1205 718 ἐσθ’
1219 693 1263 718 ὅτε
1282 690 1468 726 βουλευομένῳ
1481 688 1550 723 Θεῷ.

1081 737 1174 772 Φαμὲν
1188 734 1234 763 οὖν
1253 737 1310 768 τοῖς
1322 737 1371 771 τὴν
1387 735 1506 770 ἱστορίαν
1523 733 1649 768 διαϐολῆς
1667 733 1716 759 οὒκ
1731 732 1783 764 ἔξω
1797 739 1840 757 τι-

1048 782 1131 816 θεῖσι,
1147 783 1193 809 καὶ
1206 781 1326 812 ἀϐούλως
1342 780 1561 815 ὲπαιτιωμένοις·
1580 778 1709 809 unum;
1721 778 1796 812 ὑμῖν,
1813 773 1839 803 ὦ

1049 826 1132 860 οὗτοι,
1149 827 1316 862 φαίνεταιτὸ
1333 827 1461 862 μαχλώσῃ
1478 825 1587 859 γυναικὶ
1604 824 1740 850 συνέστιον
1759 822 1840 856 γενέ-

212 860 329 900 feminae.
356 860 448 906 Quid?
475 880 565 900 annon
592 872 674 899 multo
691 871 789 898 fmdius
801 872 931 906 quosdam
951 879 998 905 per

1050 875 1111 901 σθαι
1137 860 1295 910 προφήτην.
1313 860 1345 899 Τί
1371 860 1416 905 δέ;
1489 871 1556 898 πολὺ
1585 870 1782 904 ἀκαλλέστερον
1805 868 1841 894 τὸ

214 923 324 946 sanctos
340 920 484 953 prophetas
499 918 632 945 interllci'!
645 917 782 949 Quomodo
800 917 879 951 igitur
889 917 997 943 Samuel

213 965 297 998 Agag,
316 964 389 991 Elias
414 964 558 998 prophetas
586 962 660 994 Baal,
689 963 814 996 quamvis
835 962 932 989 tnultos
949 970 998 988 nu-

214 1017 299 1040 mero,
317 1009 462 1036 interficit?
477 1009 545 1042 Quid
562 1013 662 1042 autent,
680 1009 723 1035 dic
737 1009 814 1040 mihi,
827 1013 853 1035 cl
869 1008 997 1042 prepheta

213 1052 296 1080 Isaias
311 1062 419 1081 saccum
447 1054 480 1081 de
508 1054 605 1081 lumbis
622 1055 679 1081 suis
699 1054 790 1087 solvit,
818 1054 957 1089 nudusque
972 1059 999 1082 et

213 1099 392 1126 discalceatus
427 1099 575 1127 Jerusalem
601 1100 833 1128 obambulavit"?
850 1101 945 1128 Annon
972 1101 997 1127 in

215 1145 261 1172 tali
281 1145 372 1172 habitu
390 1151 418 1171 ιιι
434 1145 530 1178 levem,
549 1145 600 1180 15
625 1151 652 1173 et
679 1146 825 1180 stupidum,
852 1151 879 1172 et
910 1150 1000 1173 mente

214 1196 322 1225 captant
346 1191 487 1218 derisisset
515 1192 666 1225 quispiam?
682 1191 715 1218 Et
732 1192 793 1227 quid
823 1192 874 1218 ista
893 1199 937 1219 res
951 1193 997 1219 dn-

214 1236 354 1263 bitationis
381 1236 471 1269 habet,
493 1244 552 1263 cum
580 1237 666 1263 laudis
684 1237 791 1270 plenum
809 1237 856 1269 sit,
877 1237 995 1264 omniaa

215 1281 293 1309 nobis
309 1281 406 1309 decore
420 1287 445 1308 et
462 1283 573 1310 honeste
588 1282 667 1309 ﬁeri?
687 1282 738 1310 Sed
752 1290 889 1315 occurres,
908 1283 999 1310 divino

216 1327 291 1352 ntttui
306 1327 432 1354 cedentes
447 1332 510 1354 tunc
526 1327 588 1354 talia
606 1328 712 1355 fecisse.
729 1328 880 1362 Quidergo,
897 1336 999 1363 quzeso,

217 1372 251 1397 de
269 1371 346 1398 beato
371 1372 440 1399 Osca
466 1373 655 1407 cogitandum?
679 1382 740 1400 ιιιιιιι
764 1382 811 1401 sua
832 1380 938 1409 sponte,
965 1383 998 1401 an

217 1416 330 1450 imperio
345 1417 390 1444 Dci
415 1418 447 1444 ad
479 1418 619 1446 mulierem
651 1420 818 1446 meretricem
843 1421 955 1452 accedit,
972 1426 1000 1448 et

217 1462 285 1489 adeo
312 1463 481 1490 inhonestam
498 1465 548 1491 sibi
570 1466 790 1493 contubernalem
812 1467 1000 1494 domesticaru-

1048 918 1267 953 ἀποσφάττεσθαί
1281 926 1356 948 τινας
1371 917 1414 943 διὰ
1435 915 1582 952 προφητῶν
1598 915 1697 949 ἀγίων;
1714 915 1775 945 Πῶς
1789 911 1841 940 οὖν

1048 965 1169 1001 ἀνῄρηκε
1193 964 1318 999 Σαμουὴλ
1339 963 1387 998 μὲν
1406 963 1451 989 τὸν
1468 963 1570 995 ’Δγαγ,
1601 961 1693 991 Ἠλίας
1716 960 1745 986 δὲ
1772 959 1841 990 τοὺς

1049 1011 1191 1046 προφήτας
1204 1009 1251 1036 τοῦ
1274 1009 1357 1040 Βάαλ,
1377 1009 1463 1035 καίτοι
1484 1008 1598 1038 πολλοὺς
1613 1007 1692 1038 ὄντας
1708 1005 1753 1031 τὸν
1775 1006 1841 1040 ἀρι-

1050 1057 1134 1092 ομόν;
1150 1055 1182 1082 Τί
1198 1056 1237 1088 δὲ,
1252 1055 1312 1081 εἰπὲ
1335 1064 1391 1090 μοι,
1406 1054 1453 1081 καὶ
1468 1055 1482 1080 ὁ
1501 1053 1644 1089 προφήτης
1664 1053 1776 1083 Ἡσαΐας
1789 1051 1840 1078 τὸν

1050 1103 1151 1129 σάκκον
1179 1103 1210 1128 ἐκ
1233 1101 1285 1136 τῆς
1309 1100 1408 1134 ὀσφύος
1431 1099 1584 1134 περιελὼν,
1608 1098 1711 1133 γυμνός
1736 1106 1765 1124 τε
1789 1098 1842 1124 καὶ

1050 1149 1210 1179 ἀνυπύδετος
1239 1147 1372 1182 περιθέων
1402 1146 1450 1181 τὴν
1469 1145 1648 1180 Ἰερουσαλήμ
1661 1154 1668 1178 ;
1683 1142 1759 1179 Ἀρα
1783 1145 1841 1180 γὰρ

1049 1193 1109 1228 οὐχὶ
1122 1193 1166 1219 τὸν
1180 1193 1209 1218 ὲν
1221 1191 1315 1226 τοιῷδε
1326 1190 1460 1224 γεγονότα
1475 1192 1594 1225 σχήματι
1609 1190 1840 1225 καταμωμήσαιτ’

1049 1238 1081 1265 ἄν
1096 1246 1137 1269 τις
1160 1236 1239 1268 εὐθὺς
1260 1236 1297 1268 ὡς
1315 1236 1440 1270 ἄσεμνον,
1456 1236 1503 1261 καὶ
1524 1235 1698 1269 ἐξεστηκότα,
1722 1235 1769 1261 καὶ
1787 1234 1841 1270 τὴν

1050 1284 1135 1320 φρένα
1153 1282 1404 1318 παρενηνεγμένον;
1426 1280 1488 1314 Πῶς
1514 1282 1592 1308 τοῦτο
1614 1281 1777 1316 ἀμφίϐολον,
1798 1281 1842 1307 ετ-

1050 1339 1102 1366 περ
1123 1329 1197 1356 ἐστὶν
1215 1329 1332 1363 ,ἐπαίνου
1359 1327 1466 1363 μεστὸν,
1489 1327 1519 1354 τὸ
1537 1328 1565 1354 ὲν
1591 1328 1686 1362 κόσμῳ
1709 1327 1748 1362 τῷ
1771 1327 1843 1353 καθ-

1049 1375 1141 1409 ήκοντι
1164 1373 1254 1400 πάντα
1275 1372 1443 1408 πράττεσθαι
1463 1373 1532 1408 πρὸς
1554 1372 1650 1408 ήμῶν;
1670 1373 1739 1399 Ἀλλ’
1753 1373 1841 1408 ὲρεῖς,

1049 1419 1089 1445 ὅτι
1106 1420 1161 1450 τοῖς
1184 1419 1265 1450 θείοις
1281 1419 1400 1448 εἴκοντες
1418 1418 1567 1453 νεύμασιν,
1591 1418 1676 1453 ἔδρων
1694 1417 1728 1447 τὰ
1749 1418 1843 1444 τοιάδε

1050 1464 1217 1499 τοτηνικάδε.
1232 1464 1264 1490 Τί
1286 1463 1324 1495 δὲ,
1342 1463 1403 1490 είπέ
1425 1472 1479 1498 μοι,
1495 1465 1601 1498 φρονεῖν
1622 1463 1695 1496 ἄξιον
1711 1463 1774 1498 περὶ
1790 1462 1844 1488 τοῦ

217 1513 270 1541 que
287 1507 349 1534 facit
362 1509 373 1534 ?
387 1508 468 1536 Miror
497 1510 670 1538 nihilominus
696 1511 769 1538 illurn
787 1512 904 1539 cavillari
920 1521 998 1547 super

1053 1509 1189 1544 μακαρίου
1206 1509 1300 1544 Ὠσηὲ;
1316 1507 1370 1544 ἆρα
1388 1509 1441 1544 γὰρ
1460 1509 1621 1543 αὐτόκλητος
1640 1508 1706 1543 πρὸς
1722 1509 1845 1542 γυναῖκα

217 1559 250 1578 co
277 1553 377 1588 scripta
405 1555 534 1587 voluisse,
567 1556 762 1591 historiamque
792 1563 820 1584 ut
847 1558 999 1585 indecorant

219 1596 341 1625 lacerare
357 1607 410 1626 non
426 1601 576 1628 erubuisse.
599 1602 733 1636 Rejiciens
746 1603 818 1629 cnim
837 1610 892 1630 rem
913 1608 941 1630 ut
961 1604 1002 1630 in-

218 1643 390 1676 erediliilem,
417 1652 594 1681 asscrcnsque
620 1648 810 1682 apertissime,
844 1650 1001 1683 prophetam

219 1697 272 1717 non
305 1691 430 1718 habuisse
461 1693 682 1720 consuetudinem
715 1701 776 1721 cum
805 1699 912 1726 scorto,
956 1695 1002 1722 sed

220 1742 280 1761 cum
304 1736 448 1763 animabus
477 1735 629 1764 fornicariis
655 1737 702 1764 Dei
720 1738 835 1765 Verbum
859 1739 1002 1772 aliquando

219 1781 350 1815 copulari,
380 1789 433 1808 non
461 1781 603 1814 intellexit,
633 1787 662 1809 ut
685 1791 733 1816 par
765 1783 826 1815 fuit,
853 1783 949 1818 quibus
974 1792 1002 1812 se

220 1826 329 1862 inepliis
345 1827 502 1855 involverat.
516 1828 701 1855 Honestiorem
715 1829 785 1856 enim
801 1835 874 1856 certe
884 1831 1001 1864 prophe-

221 1875 286 1904 tam,
302 1879 381 1906 quam
398 1871 482 1899 Deum
497 1873 616 1899 omnium
629 1873 848 1900 honestissimum
860 1881 920 1901 esse
935 1875 1000 1902 vult.

218 1918 314 1945 Annon
336 1919 423 1950 enim,
452 1919 575 1951 obsecro,
599 1919 718 1951 ejusdem
737 1919 843 1954 generis
869 1921 1002 1955 quispiam

220 1971 280 1990 (sse
294 1963 403 1996 dixerit,
421 1971 482 1991 cum
501 1964 623 1998 improba
652 1964 763 1991 muliere
778 1965 934 1998 prophetam
959 1974 1004 1993 co—

220 2009 318 2042 pulari,
336 2014 436 2036 etcum
462 2010 599 2036 immunda
613 2009 702 2036 anima
726 2009 792 2036 velle
812 2011 1002 2038 commercium

220 2055 320 2082 lzabcre
337 2055 382 2082 Dei
400 2055 532 2082 Verbum?
546 2055 613 2082 Puto
635 2063 700 2082 sane
714 2055 781 2081 nihil
795 2063 854 2082 esse
875 2056 1001 2082 medium.

220 2099 274 2126 Aut
286 2099 427 2135 igituruna
441 2107 500 2127 cum
517 2100 562 2127 illo
579 2104 605 2126 et
621 2100 671 2127 hoc
689 2104 796 2134 propter
811 2100 1002 2128 inconvenien—

222 2146 284 2172 tiam
300 2146 458 2180 rcpudient;
472 2150 518 2172 aut
540 2150 615 2172 certe
640 2146 731 2172 divino
747 2146 858 2173 consilio
886 2147 1002 2173 humana

1053 1555 1154 1590 πόρνην
1171 1554 1295 1590 ἔρχεται,
1319 1555 1366 1581 καὶ
1390 1556 1506 1580 ποιεῖται.
1532 1554 1654 1580 σύνοικον
1676 1553 1725 1588 τὴν
1753 1553 1844 1586 οὕτως

1052 1600 1179 1635 αἰσχρὰν,
1203 1601 1219 1636 ἢ
1248 1600 1447 1636 προστέτακται
1463 1599 1539 1636 παρὰ
1561 1599 1649 1632 Θεοῦ;
1671 1598 1844 1633 Τεθαύμακσ

1052 1647 1079 1673 δὲ
1095 1647 1169 1673 οὐδὲν
1183 1643 1263 1681 ἦττον
1288 1646 1335 1673 τοῦ
1357 1645 1564 1672 κατασκώπτειν
1579 1645 1716 1676 ἐθέλοντος
1739 1645 1774 1671 τὰ
1794 1645 1844 1671 ἐπ’

1053 1692 1126 1726 αὑτῷ
1140 1692 1330 1727 γεγραμμένα,
1351 1691 1396 1718 καὶ
1409 1692 1459 1726 τῆς
1475 1691 1594 1727 ἱστορίας
1608 1691 1638 1717 τὸ
1652 1691 1770 1726 ἀτερπὲς
1785 1691 1844 1717 διι-

1053 1737 1145 1771 σύρειν
1177 1737 1426 1772 ἀποτολμήσαντος.
1455 1736 1587 1772 Ἀναιρῶν
1613 1735 1668 1771 γὰρ
1691 1735 1722 1761 τὸ
1746 1735 1845 1771 χρῆμα

1052 1783 1095 1809 διὰ
1116 1783 1145 1809 τὺ
1162 1783 1270 1816 ἄτοπον,
1291 1783 1522 1818 διισχυριζόμενός
1539 1791 1568 1808 τε
1583 1783 1630 1808 καὶ
1647 1782 1718 1816 μάλα
1736 1782 1844 1816 σαφῶς,

1053 1829 1090 1860 ὡς
1104 1829 1133 1855 οὺ
1151 1829 1238 1866 πόρνῃ
1253 1829 1362 1863 γυναικὶ
1378 1829 1574 1864 κεκοινώνηκεν
1586 1830 1600 1855 ὀ
1616 1829 1769 1863 προφήτης,
1783 1828 1844 1854 ἀλλ’

1053 1874 1286 1909 ὲκπορνευσάσαις
1298 1874 1397 1908 ψυχαῖς
1415 1873 1428 1899 ὁ
1448 1873 1519 1904 θεῖος
1536 1872 1591 1899 ἔσθ’
1613 1873 1657 1898 ὅτε
1677 1873 1845 1899 συνάπτεται

1053 1919 1148 1952 Λόγος,
1162 1920 1191 1945 οὐ
1207 1920 1329 1954 νενόηκε,
1345 1919 1415 1945 κατὰ
1429 1919 1458 1945 τὸ
1471 1919 1552 1951 εἰκὸς,
1567 1919 1615 1954 οἴῳ
1632 1919 1845 1954 περιπέπτωκεν

1054 1964 1133 1998 ὓθλῳ.
1149 1965 1313 2000 Σεμνότερον
1330 1965 1393 2000 γὰρ,
1408 1965 1446 1996 ὡς
1461 1964 1542 1997 ἔοικε,
1556 1964 1601 1990 τὸν
1617 1965 1760 1999 προφήτην
1774 1961 1845 1991 εἶναι

1053 2009 1117 2042 γοῦν
1143 2009 1264 2044 βούλεται
1287 2010 1334 2036 τοῦ
1355 2009 1492 2043 πανάγνου
1515 2009 1593 2036 Θεοῦ.
1610 2010 1645 2035 Ἢ
1664 2009 1718 2045 γὰρ
1742 2009 1792 2035 οὐκ
1815 2010 1846 2035 ὲν

1055 2054 1104 2089 [σῳ
1115 2054 1185 2090 λόγῳ
1205 2055 1271 2089 φαίη
1286 2063 1329 2085 τις
1344 2054 1387 2085 ἂν,
1405 2054 1464 2080 εὶπέ
1483 2063 1537 2089 μοι,
1551 2055 1657 2090 πονηρᾷ
1671 2055 1781 2088 γυναικὶ
1797 2054 1846 2080 τὸν

1054 2099 1194 2133 προφήτην
1215 2098 1407 2131 συνάπτεσθαι,
1429 2099 1476 2125 καὶ
1490 2098 1521 2124 τὸ
1538 2099 1684 2134 ἀκαθάρτῳ
1696 2098 1768 2133 ψυχῇ
1787 2107 1846 2124 κοι-

1054 2145 1147 2170 νωνεῖν
1172 2143 1277 2170 ἑλέσθαι
1301 2143 1345 2169 τὸν
1361 2143 1405 2169 τοῦ
1428 2143 1495 2169 Θεοῦ
1513 2143 1613 2177 Λόγον;
1637 2144 1704 2169 Ἀλλ’
1720 2141 1797 2178 οἶμαι
1814 2144 1847 2170 τὸ

221 2191 317 2217 cedere
336 2191 482 2224 patiantur.
508 2190 615 2224 Aliquid
643 2198 726 2225 porro
741 2192 821 2218 etiam
838 2192 871 2218 de
887 2200 998 2227 evange-

1056 2190 1157 2224 μεταξὺ
1184 2189 1322 2220 παντελῶς
1346 2189 1432 2215 οὐδέν.
1448 2190 1483 2215 "II
1505 2189 1593 2215 τοίνυν
1613 2190 1847 2224 συναναιρούντων

221 2236 281 2263 licis
294 2236 404 2264 Litteris
417 2236 602 2271 apponendum
614 2244 684 2265 reor.
693 2237 823 2264 Accubuit
837 2245 897 2264 cum
914 2238 1001 2272 publi-

221 2281 298 2308 canis
311 2286 339 2308 et
354 2281 539 2315 peccatoribus
561 2281 689 2308 Dominus
705 2287 798 2308 noster
821 2280 898 2309 Jesus
921 2282 1001 2309 Chri-

221 2331 291 2358 stus,
312 2326 382 2359 qnod
409 2326 504 2352 iterum
523 2325 712 2353 criminatores
729 2326 857 2353 Pharisrei
877 2327 942 2353 vitio
956 2327 1001 2354 da-

221 2371 296 2402 bant,
311 2375 338 2398 et
353 2372 386 2398 ad
400 2376 508 2398 sanctos
530 2371 676 2405 discipulos
691 2372 749 2405 ejus
764 2372 904 2405 adeuntes,
919 2372 1002 2399 libere

220 2416 382 2450 objiciebant
397 2425 404 2444 :
422 2425 433 2442 ι
463 2416 552 2449 Quare
573 2425 632 2443 cum
649 2417 834 2451 peccatoribus
860 2418 1002 2445 manducat

221 2467 248 2489 et
272 2463 339 2489 bibit
351 2463 478 2496 magister
491 2467 581 2489 vester
590 2462 630 2488 "'1
643 2472 653 2489 ι
666 2463 733 2496 Quid
748 2464 780 2490 ad
795 2464 851 2490 haec
859 2464 1002 2492 Christus?

222 2516 234 2534 ε
248 2507 306 2534 Non
323 2512 363 2534 est
379 2514 447 2541 opus
465 2507 613 2535 valentibus
638 2509 768 2540 medicus,
798 2510 845 2536 sed
870 2510 939 2537 male
954 2511 1002 2537 Ita-

221 2552 346 2578 bentibus
362 2552 394 2578 ⁸ο.
410 2562 420 2578 ι
436 2552 502 2580 Ευιιι
524 2553 607 2588 igitur
618 2557 648 2580 et
674 2553 837 2588 inquinatos,
860 2560 886 2582 et
902 2563 916 2582 a
939 2563 1001 2590 pec-

221 2602 282 2624 cato
305 2598 423 2624 nondum
451 2597 566 2631 ablutos,
596 2605 628 2625 ex
667 2599 798 2627 immensa
834 2600 1001 2635 benignitate

221 2642 373 2677 admittere,
390 2649 469 2669 neruo
479 2642 519 2669 vel
533 2650 626 2676 parum
637 2643 753 2670 dubitat.

1054 2235 1151 2271 ἐκείνῳ
1173 2236 1220 2262 καὶ
1242 2235 1320 2261 τοῦτο
1340 2235 1383 2261 διὰ
1415 2235 1445 2262 τὸ
1468 2236 1579 2268 ἄτοπον,
1605 2236 1688 2270 ῆγουν
1713 2236 1847 2270 ἐφιέντων

1054 2281 1168 2308 κατόπιν
1190 2281 1241 2316 τῆς
1265 2281 1339 2312 Θείας
1359 2281 1456 2316 βουλῆς
1477 2281 1604 2316 ἔρχεσθαι
1624 2281 1658 2308 τὰ
1674 2281 1844 2316 ἀνθρώπινα.

1054 2328 1159 2363 Χρῆναι
1173 2327 1201 2353 δὲ
1217 2326 1293 2362 οἶμαι
1308 2327 1353 2353 καί
1368 2336 1393 2353 τι
1409 2327 1462 2353 τῶν
1479 2327 1664 2361 εὐαγγελικῶν
1679 2327 1848 2361 παραθεῖναι

1055 2373 1239 2408 Γραμμάτων.
1257 2373 1436 2408 Συνανεκλίθη
1462 2372 1590 2404 τελώναις
1608 2373 1653 2399 καὶ
1671 2373 1847 2408 ἁμαρτωλοῖς

1054 2419 1068 2444 ὁ
1081 2418 1182 2453 Κύριος
1192 2419 1269 2453 ἡμῶν
1284 2417 1386 2453 Ἰησοῦς
1398 2418 1524 2452 Χριστὸς,
1536 2418 1592 2444 ἀλλ’
1603 2418 1752 2454 ἐπῃτιῶντο
1763 2418 1847 2445 πάλιν

1054 2465 1079 2490 οἱ
1096 2464 1307 2500 φιλεγκλήμονες
1326 2464 1484 2499 Φαρισαῖοι,
1506 2464 1552 2490 καὶ
1571 2465 1627 2495 τοῖς
1649 2464 1736 2498 ἁγίοις
1760 2472 1846 2500 προσ-

1057 2510 1130 2536 ίεσαν
1155 2510 1287 2545 μαθηταῖς
1309 2510 1470 2545 ἀναφανδὸν,
1494 2509 1629 2543 λέγοντες·
1649 2519 1658 2534 ι
1674 2509 1749 2535 Διατί
1774 2510 1846 2544 μετὰ

1054 2555 1204 2591 ἀνθρώπων
1219 2555 1387 2591 ἁμαρτωλῶν
1398 2557 1411 2582 ό
1425 2555 1583 2586 διδάσκοι).ος
1600 2555 1676 2589 ὑμῶν
1693 2555 1780 2580 ἐσθίει
1796 2556 1846 2581 καὶ

1055 2601 1140 2634 πίνει;
1158 2611 1167 2626 ι
1186 2601 1218 2627 Τί
1235 2599 1281 2627 οὖν
1299 2601 1365 2636 πρὸς
1378 2600 1463 2627 ταῦτα
1478 2601 1492 2627 ὁ
1504 2601 1635 2636 Χριστός;
1654 2610 1663 2625 ι
1680 2601 1716 2626 Οὑ
1737 2601 1844 2635 χρείαν,

1054 2648 1147 2682 φησὶν,
1162 2647 1268 2682 ἔχουσιν
1286 2648 1310 2673 οἱ
1337 2647 1473 2682 ἰσχύοντες
1497 2646 1608 2682 ἰατρῶν,
1632 2645 1690 2672 ἀλλ’
1703 2646 1728 2671 οἱ
1749 2646 1844 2676 κακῶς

222 2686 336 2720 ἔχοντες.
351 2695 360 2712 ι
378 2686 438 2712 ’Ότι
458 2686 506 2721 μὲν
521 2684 566 2713 οὖν
582 2687 629 2713 καὶ
650 2688 878 2723 μεμολυσμένους,
905 2690 952 2716 καὶ
983 2690 1193 2726 ἐκνενιμμὲνους
1213 2691 1291 2718 οὔπω
1310 2691 1358 2727 τὴν
1383 2691 1529 2728 ἁμαρτίαν,
1551 2690 1580 2724 ἐξ
1604 2691 1759 2726 ἁμετρήτου
1782 2691 1844 2726 φιλκ

221 2731 379 2766 ανϐρωπίας
406 2733 547 2768 προσίεται
583 2733 667 2767 Θεὸς,
691 2734 815 2770 ἑνδοιάσῃ
838 2743 880 2767 τις
907 2735 941 2762 ἂν
965 2736 1101 2771 οὐδαμῶς.
1772 2744 1778 2750 ⁸

258 2825 343 2854 “lsa.
364 2834 409 2860 xx,
428 2825 456 2853 2.
495 2826 518 2842 ’δ’
538 2825 631 2853 Matth.
654 2832 692 2858 ις,
714 2823 756 2851 il.
796 2824 819 2840 ⁸⁸
838 2823 902 2852 ibid.
925 2824 967 2852 l2.
