1913 3042
78 156 109 184 '53
537 152 811 182 COMMENTARIUS
831 152 864 180 ΙΝ
883 152 996 180 OSEAM
1018 153 1238 183 PROPllET.\.\l.
1667 157 1702 186 3.5

106 212 208 245 Χρῆναι
232 212 262 238 δὲ
286 212 329 239 δεῖ
347 212 466 248 μάλιστα
490 213 540 248 τῆς
563 212 635 240 κατὰ
659 212 704 239 τὸν
731 213 859 248 μακάριον

951 212 1070 240 Historia
1086 218 1177 241 autem
1192 214 1225 242 de
1245 215 1325 242 beato
1339 215 1409 242 Osca
1443 216 1596 250 neutiquam
1618 217 1701 250 turpi-

83 258 154 294 Ὠσηὲ
171 258 324 293 γενομένης
350 258 474 293 ιστορίας
500 258 536 293 μὴ
563 258 716 294 καθορίζειν
735 259 765 285 τὸ
780 258 865 284 ἀκαλ-

77 303 125 336 λὲς,
137 302 298 338 γραφούσης
320 303 388 338 ἡμῖν
405 304 448 338 ἐφ’
458 304 559 338 ἑαυτῆς
579 304 736 338 παγκάλως,
751 305 790 330 ὅτι
806 304 864 339 βδε-

77 349 161 384 λυροίς
183 349 231 375 καὶ
247 348 417 384 ἀκαθάρτοις
434 347 508 376 οὖσιν
533 349 589 382 ἔτι,
611 350 658 385 τὴν
680 351 744 384 παρ’
768 350 863 377 ἑαυτοῦ

77 395 259 430 πνευματικὴν
271 395 415 422 κοινωνίαν
429 395 442 421 6
459 395 529 426 θεῖος
542 396 606 430 ἡμῖν
618 396 757 432 χαρίζεται
766 396 863 430 Λόγος.

80 443 146 477 Ἔφη
172 442 262 468 τοίνυν
284 443 297 468 6
314 443 369 469 τῶν
386 443 454 470 ὅλων
477 442 541 475 Θεὸς
567 443 635 478 πρὸς
662 443 707 470 τὸν
730 444 863 479 μακάριον

82 488 170 523 Ὡσηέ·
186 498 195 513 ι
211 488 317 520 Βὰδιζε,
334 488 401 515 λάϐε
415 488 520 523 σεαυτῷ
535 489 649 522 γυναῖκα
662 490 800 524 πορνείας,
816 490 863 517 καὶ

74 533 152 560 τέκνα
168 535 308 569 πορνείας.
322 543 332 559 ι
357 534 469 569 Δέχεται
489 534 517 560 δὲ
540 534 589 569 τὴν
607 534 705 570 Γόμερ,
728 535 776 570 οὐχ
798 535 862 570 ήδυο

76 579 186 611 παθείας
203 579 307 616 εὕρεμα
321 580 351 606 τὸ
365 581 459 616 χρῆμα
475 580 645 615 ποιούμενος,
658 581 714 607 ἀλλ’
739 581 862 617 ὑπακοῆς

75 625 118 650 καὶ
133 624 271 656 διακονίας
293 624 375 660 ἔργον
391 625 567 660 ἀποπληρῶν,
591 625 636 651 καὶ
661 626 800 661 ὑπηρέτης
814 627 861 653 τοῦ

74 670 155 696 τύπου
168 670 321 705 γινόμενος,
336 670 366 697 ὃν
383 670 463 696 αὐτὸν
483 670 514 705 δὴ
529 670 602 706 μάλα
618 671 746 706 ἐροῦμεν,
763 673 791 698 ἐν
805 674 861 704 τοῖς

74 717 211 750 σαρκικοῖς
237 715 283 742 καὶ
301 716 493 752 γεωδεστέροις
522 716 735 751 διαμορφοῦντα,
749 717 786 748 ὡς
806 717 860 750 ἔνι,

73 762 104 788 τὰ
128 755 310 796 πνευματικά.
329 762 445 797 Λίτιῷτο
463 762 486 788 δ’
509 761 552 793 ἂν,
573 759 667 797 οἶμαι,
695 763 736 793 τὶς
758 763 807 789 οὐκ
831 763 861 789 ὲν

72 809 163 842 κόσμῳ
178 808 271 834 λοιπὸν
286 809 331 834 τὸν
346 809 393 835 τοῦ
409 809 548 844 προφήτου
565 809 674 836 σκοπόν.
689 809 724 835 Τὸ
740 809 793 844 γὰρ
806 809 861 835 ἐλέ-

73 851 135 880 σθάι
151 855 262 889 γαμεῖν,
277 855 324 880 καὶ
347 854 452 888 γυναίῳ
477 853 670 885 συνάπτεσθαι,
695 854 741 880 καὶ
758 854 859 879 τέκνων

69 901 144 935 ἐρᾷ-ι,
157 900 172 925 ὁ
184 900 235 934 τῆς
254 900 434 926 θεοπνεύστου
449 900 561 935 Γραφῆζ
573 900 622 926 οὐκ
638 899 753 935 ἐξείργει
770 900 858 934 λόγος,

70 946 168 981 μᾶλλον
188 945 216 971 δὲ
236 945 333 980 μώμου
354 945 401 972 καὶ
429 945 555 980 διαϐολῆς
576 945 740 972 ἀπαλλάττει
756 954 858 971 παντα-

67 993 112 1027 χοῦ
123 1001 130 1007 ⁵
149 1001 159 1017 ι
175 992 272 1026 Τίμιος
291 991 345 1027 γὰρ
360 992 374 1017 6
392 991 490 1026 γάμος,
504 992 551 1017 καὶ
565 992 582 1026 ἠ
597 991 673 1026 κοίτη
693 991 833 1026 ἀμίαντος,
847 1001 856 1017 ›

67 1038 136 1066 κατὰ
157 1038 208 1072 τὴν
226 1037 273 1064 τοῦ
295 1037 431 1073 μακαρίου
452 1037 560 1064 Παύλου
584 1038 686 1073 φωνήν.
706 1037 811 1072 Ἐιρείτο
832 1038 860 1064 δὲ

67 1085 119 1114 τοῖς
135 1083 260 1109 ἐθέλουσι
280 1082 420 1109 διαόιῶναι
440 1081 537 1116 ὀρθῶς,
552 1082 599 1108 καὶ
614 1082 659 1108 τὸν
674 1081 800 1116 ἐνάρετον
829 1090 858 1107 τε

66 1128 112 1155 καί
125 1128 229 1162 εὐσεδῆ
244 1126 418 1161 κατορθῶσαι
431 1126 498 1161 βίον,
519 1125 569 1152 κᾶν
581 1127 605 1152 εί
622 1125 724 1152 τέκνων
740 1125 859 1161 εὔχοιντο

66 1174 156 1209 γονάς.
172 1173 273 1200 Διεὸίω
297 1173 351 1208 γὰρ
371 1172 456 1204 οὕτως
478 1173 492 1198 6
510 1171 642 1207 μακάριος
660 1171 796 1207 Ἀϐραὰμ,
813 1180 860 1205 γει

66 1219 161 1253 γόνασι
177 1219 206 1245 δὲ
223 1219 271 1245 καὶ
286 1219 311 1245 οἰ
329 1219 388 1254 μετ’
403 1217 484 1244 αὐτὸν
503 1217 639 1252 εὐδόκιμοι
654 1217 728 1252 παρὰ
742 1217 810 1253 Θεῷ.
826 1218 858 1243 Τί

65 1264 121 1298 οὖν,
136 1265 200 1291 εἰπέ
222 1273 277 1300 μοι,
290 1265 321 1291 τὸ
338 1265 437 1291 ἄτοπον
451 1272 458 1296 ;
471 1263 488 1298 ἢ
505 1263 564 1294 πῶς
580 1263 612 1290 ἂν
633 1263 701 1294 ὅλως
717 1263 858 1298 διαΰεῦλή-

67 1320 142 1338 σεται
158 1311 190 1337 τὸ
207 1311 246 1346 μὴ
270 1309 420 1344 ἀνήνασθαι
439 1309 537 1344 γάμον,
553 1308 620 1334 Θεοῦ
646 1308 858 1343 προστάττοντος

65 1357 220 1393 γράφεσθαί
237 1365 264 1382 τι
287 1357 342 1382 τῶν
360 1355 561 1391 πνευματικῶν,
585 1355 632 1382 καὶ
647 1355 802 1389 ἀναγκαίων
818 1356 858 1386 εἰς

65 1404 157 1439 θνησιν
177 1404 236 1434 τοῖς
250 1402 452 1437 ἐντευξομένοις
466 1404 495 1429 ἐν
512 1403 567 1433 τοῖς
585 1403 749 1437 σωματικοῖς
765 1410 794 1428 τε
813 1402 858 1428 καὶ

67 1448 224 1483 dicente?“
245 1448 330 1483 Φαῐην
344 1447 367 1473 δ’
381 1447 413 1474 ἂν
431 1447 519 1482 ἔγωγε
543 1447 702 1478 καταδείσας
717 1447 803 1478 οὐδὲν,
817 1447 857 1473 ὃτι

64 1493 111 1521 καὶ
126 1493 249 1520 σέσωκεν
262 1493 276 1518 ὁ
293 1493 434 1528 προφήτης
449 1491 496 1527 τὴν
510 1492 609 1526 Γόμερ.
632 1491 744 1518 Γύναιον
758 1491 812 1526 γὰρ
827 1491 858 1518 τὸ

918 258 1017 286 tudinis
1031 259 1149 286 notanda
1163 265 1214 292 est,
1228 260 1254 287 in
1269 268 1321 295 qua
1338 261 1520 295 pulcherrime
1538 262 1700 291 ostenditur,

914 311 968 338 quo
982 309 1062 338 pacto
1074 304 1151 332 nobis
1166 302 1254 332 adhuc
1279 306 1420 333 sceleratis
1434 311 1461 333 ct
1476 307 1622 334 immundis
1643 307 1700 340 spi-

915 350 1038 377 ritualcm
1051 358 1126 377 suam
1144 351 1362 379 communionem
1380 352 1502 379 divinum
1515 351 1633 379 Verbum
1647 351 1701 378 lar-

913 395 1014 431 giatur.
1034 395 1186 430 Alloquitur
1201 404 1265 432 ergo
1296 398 1482 424 universorum
1504 398 1574 426 Deus
1591 398 1699 424 beatum

913 441 1009 468 Oscam
1030 441 1055 468 in
1077 442 1148 469 hunc
1167 443 1273 469 modum
1289 451 1296 470 ε
1312 453 1321 468 ‹
1342 444 1426 476 Vade,
1448 444 1539 479 accipe
1562 444 1608 471 tibi
1634 452 1700 471 uxo-

914 495 968 515 rem
992 488 1182 516 fornicationis
1201 493 1228 516 et
1253 488 1321 515 filios
1353 489 1547 518 fornicationis.
1565 500 1574 515 ι
1594 490 1700 524 Accipit

912 538 1004 561 autem
1033 533 1144 566 Gomer,
1168 541 1220 560 non
1245 538 1274 560 ut
1299 534 1360 560 inde
1385 535 1525 562 materiam
1554 536 1699 569 voluptatis

912 579 1193 608 nanciscereturzscd
1209 584 1238 606 ut
1257 579 1372 606 ministri
1397 580 1570 614 obsequentis
1581 581 1698 608 ollicium

912 625 1047 659 impleret,
1077 630 1106 652 ut
1133 630 1195 660 typo
1223 625 1405 659 prmscrvirct,
1431 633 1510 659 quem
1533 626 1617 660 ipsum
1639 634 1699 655 esse

912 671 1082 706 potissimum
1100 671 1228 702 dicemus,
1248 670 1273 696 in
1289 670 1454 701 carnalibus,
1471 676 1498 698 et
1517 672 1631 699 terrenis
1644 672 1699 706 spi-

912 716 1031 748 ritualia,
1061 721 1088 743 ut
1111 716 1183 748 licet,
1214 721 1464 750 I‘t-pracscntantem.
1487 717 1539 752 ιθ
1570 718 1700 751 Deinceps

911 762 1050 796 propheta:
1075 769 1185 796 scopum
1200 761 1226 788 in
1249 761 1328 788 modo
1348 766 1375 788 et
1393 762 1498 789 ratione
1519 770 1598 790 nemo
1620 770 1700 790 accu«

910 808 990 835 sabit.
1012 807 1086 834 Velle
1102 807 1173 834 enim
1199 807 1303 834 uxoriis
1330 807 1445 834 vinculis
1474 807 1590 843 alligari,
1610 810 1699 836 susci—

911 853 1123 886 piendorumque
1144 851 1289 878 liberorqu
1307 851 1396 878 studio
1422 853 1520 883 teneri,
1536 859 1551 878 a
1570 853 1700 880 divinitus

911 898 1041 932 inspirata
1079 896 1218 931 Scriptura
1249 904 1302 923 non
1331 898 1488 931 prohibetur
1510 907 1516 924 :
1535 898 1600 932 quin
1631 899 1656 925 id
1683 907 1699 925 τι

910 944 1055 981 dedecore,
1070 948 1097 970 et
1110 942 1244 970 calumnia
1271 942 1369 976 ubique
1384 943 1504 970 defendit
1519 951 1526 971 :
1546 952 1555 968 ι
1581 942 1700 970 llonora-

910 989 963 1016 bilc
981 989 1052 1016 enim
1069 989 1245 1020 connubium,
1263 994 1289 1016 et
1315 989 1410 1016 thorus
1439 988 1667 1022 immaculatus“,
1685 999 1693 1014 ι

907 1035 983 1069 juxta
1013 1035 1083 1062 beati
1115 1035 1188 1062 Pauli
1207 1035 1318 1062 dictum.
1353 1035 1517 1062 Concessum
1541 1040 1583 1062 est
1605 1042 1694 1062 autem

911 1081 1064 1108 volentibus
1082 1085 1155 1107 recte
1171 1080 1272 1112 vivere,
1288 1086 1316 1107 et
1333 1081 1415 1107 vitam
1431 1080 1528 1108 virtute
1545 1089 1576 1108 ac
1596 1082 1695 1115 pietate

909 1125 1082 1159 conspicuam
1114 1132 1175 1151 cum
1211 1123 1289 1150 laude
1312 1123 1464 1155 traducere,
1493 1124 1573 1151 ctiam
1606 1124 1695 1158 proles

909 1176 1014 1205 optare.
1035 1170 1081 1197 Sic
1098 1177 1214 1204 namque
1227 1169 1294 1196 vixit
1312 1169 1406 1196 beatus
1426 1169 1575 1200 Abraham,
1589 1175 1617 1197 et
1631 1177 1695 1204 pos-

911 1218 960 1245 teri
973 1217 1033 1252 ejus
1053 1217 1108 1243 Deo
1128 1216 1154 1243 in
1181 1216 1232 1243 hoc
1248 1219 1319 1242 statu
1340 1215 1507 1249 placuerunt.
1529 1215 1599 1248 Quid
1621 1224 1696 1251 ergo.

909 1264 952 1291 dic
968 1264 1043 1296 mihi,
1064 1263 1181 1290 alienum
1201 1267 1252 1293 est,
1278 1266 1324 1288 aut
1345 1262 1454 1288 cuinam
1480 1262 1586 1289 tandem
1604 1262 1696 1289 crimi-

910 1309 1013 1336 nationi
1038 1309 1151 1344 patebit,
1184 1315 1237 1334 non
1266 1307 1385 1334 aversari
1412 1307 1530 1342 nuptias,
1553 1314 1613 1334 cum
1627 1306 1697 1334 Deus

910 1355 936 1382 in
954 1355 996 1382 his
1019 1353 1173 1388 corporeis,
1195 1357 1225 1379 ut
1248 1360 1356 1379 sensum
1375 1351 1545 1379 moventibus
1559 1352 1696 1387 quidpiam

909 1399 1061 1435 spirituale,
1071 1403 1099 1426 et
1117 1398 1226 1425 lecturis
1240 1397 1274 1424 ad
1288 1397 1370 1424 animi
1392 1397 1511 1425 fructum
1528 1398 1698 1425 conducibile

909 1446 1027 1474 describi
1042 1452 1073 1472 ac
1086 1444 1193 1480 depingi
1205 1443 1318 1478 jusserit
1333 1443 1344 1470 ’ἓ
1366 1443 1495 1478 Equidem
1513 1451 1564 1472 non
1583 1444 1698 1471 verebor

909 1493 1055 1526 affirmare,
1081 1492 1239 1528 prophetam
1263 1489 1362 1518 Gorner
1384 1492 1464 1519 etiam
1498 1491 1579 1520 saluti
1602 1491 1695 1520 fuisse.

65 1539 149 1569 οὕτως
174 1538 290 1574 αἰσχρὸν
310 1538 356 1564 καὶ
378 1537 545 1569 πολύκοινον,
567 1537 608 1564 ἑνὶ
626 1537 758 1564 πέπεικεν
780 1537 857 1573 ἀνδρὶ

911 1538 1094 1566 Mulierculam
1118 1538 1189 1566 enim
1216 1537 1284 1565 adeo
1310 1537 1449 1570 infamem,
1467 1538 1613 1572 multisque
1628 1545 1698 1565 com-

65 1584 246 1621 προσκεῖσθαι
267 1585 349 1619 μόνῳ,
365 1584 412 1610 καὶ
426 1583 475 1620 τὴν
497 1584 579 1611 πάλαι
596 1584 643 1611 καὶ
658 1583 741 1619 αὐτὴν
758 1583 858 1610 λυποῦ-

65 1639 113 1658 σαν
127 1630 178 1665 τὴν
196 1629 278 1664 φύσιν
294 1629 344 1664 (ὅτι
363 1629 401 1664 μὴ
412 1629 513 1656 τέκνων
530 1629 657 1655 ὑπέκειτο
671 1629 774 1662 γοναῖς,
791 1628 858 1655 ἀλλὰ

64 1677 122 1707 ταῖς
141 1675 199 1702 τῶν
225 1674 434 1710 προστυχόντων
457 1674 634 1709 ἡδυπαθείαις
658 1674 786 1701 πωλοῦσα
807 1674 857 1709 τὴν

64 1721 149 1759 ὥραν,
167 1721 307 1755 πέταυρον
327 1718 361 1755 ἦν
379 1719 505 1752 θανάτου,
519 1720 565 1746 καὶ
582 1720 662 1755 οὐρα,
679 1720 725 1746 καὶ
741 1720 800 1751 ὁδὸς
818 1720 858 1751 εἰς

63 1767 129 1794 αὺτὸ
145 1775 198 1793 που
220 1766 250 1793 τὸ
269 1766 336 1801 βαθὺ
364 1766 411 1792 καὶ
425 1765 529 1792 λοῖσθον
544 1766 734 1800 καταφέρουσα
753 1765 857 1799 σκότος)

63 1812 234 1848 ἀποσχέσθαι
247 1812 362 1838 πέπεικε
374 1812 427 1838 τῶν
437 1811 508 1839 οὕτω
519 1812 719 1846 διεπτυσμένων
731 1811 859 1847 ὲπᾳσμά-

63 1868 116 1886 των
130 1868 161 1885 τε
182 1858 242 1893 ἅμα
267 1858 314 1884 καὶ
336 1858 554 1894 ἐγχειρημάτων,
583 1858 630 1884 καὶ
646 1858 749 1884 τέκνων
771 1858 857 1884 ἐποίει

65 1904 174 1940 μητέρα
192 1903 305 1938 σεμνὴν.
328 1902 365 1929 Τὸ
386 1903 414 1929 δὲ
426 1903 457 1938 δὴ
474 1903 511 1938 μὴ
528 1902 629 1938 σφόδρα
647 1902 786 1937 φροντίσαι
803 1903 857 1928 τῶν

63 1949 124 1977 καθ¹
148 1949 258 1980 ἑαυτὸν,
283 1947 410 1981 ἐξανύσαι
433 1957 465 1982 γε
491 1948 543 1984 μὴν
569 1947 677 1974 ἑλέσθαι
703 1948 801 1983 μᾶλλον
828 1948 858 1974 τὸ

64 1995 152 2030 ἑτέρῳ
171 1996 317 2030 χρήσιμον,
333 1995 381 2021 κα)⁵
396 1994 544 2028 ἀναγκαῖον
565 1994 606 2025 είς
620 1994 767 2029 σωτηρίαν,
783 1994 858 2028 ἀγιο-

65 2041 171 2075 πρεπὲς
195 2040 228 2066 ἂν
248 2039 370 2074 φαίνοιτο
395 2040 441 2066 καὶ
455 2039 618 2073 ἀξιάγαστον
636 2039 806 2074 σπούδασμα,
823 2039 858 2065 Ἦ

64 2086 118 2120 γὰρ
143 2085 194 2120 οὐχ
217 2084 289 2111 οὕτω
313 2085 360 2111 καὶ
381 2085 491 2111 ἐπαίνου
518 2084 617 2116 παντὸς
637 2084 790 2120 ἀξιώσομεν
811 2084 858 2111 τὸν

66 2131 205 2166 μακάριον
218 2131 361 2166 προφήτην
380 2131 504 2162 Ἡσαΐαν,
519 2131 543 2156 εἰ
558 2131 602 2157 τὸν
618 2131 776 2165 χιτωνίσκον
792 2130 857 2157 ἀπο-

64 2177 121 2209 δὺς,
147 2176 353 2211 ὑπολυσάμενος
367 2176 396 2202 δὲ
418 2176 465 2203 καὶ
486 2177 518 2203 τὰ
535 2176 680 2210 σανδάλια,
704 2177 752 2203 καὶ
766 2176 856 2210 ὀλίγου

911 1593 1020 1613 munem
1046 1593 1078 1612 eo
1099 1586 1243 1620 promovit,
1269 1590 1298 1613 ut
1324 1584 1370 1612 uni
1395 1584 1452 1610 viro
1477 1584 1695 1611 adhteresceret:

911 1636 938 1659 et
954 1639 1013 1666 qua‘
1027 1631 1129 1666 pridem
1155 1631 1238 1665 ipsam
1257 1637 1365 1666 quoque
1380 1634 1504 1656 naturam
1521 1629 1698 1656 contristabat

912 1677 1016 1713 (neque
1028 1677 1099 1704 en'im
1116 1677 1199 1712 prolis
1215 1677 1336 1704 tollendae
1360 1683 1441 1704 causa
1457 1675 1483 1702 id
1499 1674 1631 1707 faciebat;
1651 1675 1697 1702 sed

911 1724 1096 1751 accedentium
1113 1724 1146 1750 ad
1158 1730 1187 1750 se
1198 1723 1358 1750 libidinibus
1372 1722 1486 1749 formam
1513 1721 1642 1751 vendens,
1659 1720 1698 1746 la-

912 1777 997 1805 queus
1011 1774 1071 1797 erat
1086 1769 1194 1802 mortis,
1207 1773 1234 1796 et
1245 1768 1326 1802 janua
1340 1775 1373 1795 ac
1390 1768 1432 1794 via
1452 1767 1478 1794 in
1498 1767 1571 1802 ipsas
1587 1767 1698 1801 profun-

911 1817 960 1844 das
981 1820 1008 1843 ct
1031 1819 1167 1843 extremas
1195 1814 1319 1841 tenebras
1341 1812 1513 1848 deducens).
1527 1812 1550 1839 ei
1564 1812 1698 1847 persuasit

912 1861 1050 1888 abstinere
1061 1861 1093 1888 ab
1114 1861 1181 1887 adeo
1192 1858 1357 1894 despuendis
1371 1857 1583 1885 incantamentis
1595 1861 1622 1884 et
1631 1864 1698 1889 ope-

912 1906 996 1939 ribus,
1028 1906 1221 1940 honestamque
1247 1905 1392 1932 liberorum
1429 1907 1567 1937 parentem
1594 1902 1695 1930 effecit.

911 1952 987 1986 Quod
1009 1956 1098 1979 autem
1115 1953 1148 1979 de
1175 1959 1205 1978 se
1226 1958 1320 1986 parum
1346 1949 1489 1981 sollicitus,
1518 1949 1608 1983 potius
1625 1950 1696 1983 quod

911 1998 989 2025 alteri
1005 1998 1082 2029 utile,
1104 2002 1131 2024 et
1147 1998 1179 2024 ad
1207 1996 1320 2024 salutem
1350 1995 1531 2023 necessarium
1545 1995 1625 2028 foret,
1640 2003 1697 2022 am-

911 2042 1006 2077 plexus
1017 2047 1068 2075 est,
1087 2042 1232 2077 praeclarus
1247 2045 1369 2073 conatus,
1384 2045 1514 2067 etsancto
1525 2041 1583 2067 viro
1600 2041 1696 2075 dignus

910 2088 970 2115 fuit.
988 2088 1028 2115 An
1045 2088 1116 2114 enim
1134 2095 1187 2114 non
1208 2087 1244 2114 ita
1264 2087 1338 2113 omni
1354 2086 1550 2121 prmdicatione
1578 2087 1696 2113 cohone—

910 2133 1035 2160 standum
1053 2133 1224 2160 censebimus
1246 2133 1353 2159 beatum
1383 2131 1493 2164 Isaiam,
1516 2131 1599 2166 quod,
1616 2136 1696 2158 exuta

912 2178 1030 2206 tunicula
1057 2178 1207 2212 solutisque
1229 2177 1367 2210 sandaliis,
1394 2181 1422 2204 et
1445 2182 1602 2211 contempta
1621 2176 1696 2210 peni-

67 2223 206 2254 παντελῶς
221 2222 341 2256 ἀξιώσας
357 2222 437 2256 λόγου
451 2222 499 2258 τὴν
523 2223 681 2258 εὐκοσμίαν,
697 2223 858 2258 περιεπάτει

911 2229 953 2251 tus
981 2224 1102 2251 decentia
1128 2227 1294 2258 ornatuque,
1314 2223 1400 2250 nudus
1416 2222 1642 2255 obambulat'it“,
1669 2227 1695 2248 ut

66 2268 179 2303 γυμνὸς,
197 2268 239 2295 ἵνα
255 2268 305 2303 τῆς
320 2267 452 2303 ἐσομένης
474 2268 662 2303 αἰχμαλωσίας
678 2270 734 2300 τοῖς
757 2268 785 2301 ἐξ
807 2269 858 2294 Ὶσ-

69 2313 308 2350 ραὴλπαραδείξας
317 2314 348 2341 τὸ
360 2315 463 2350 σχῆμα,
477 2314 536 2349 Θεῷ
552 2314 753 2350 προ[σ]κεῖσθαι
770 2323 859 2349 παρα-

69 2360 190 2396 σκευάσῃ
204 2360 315 2393 λοιπόν;
329 2361 362 2387 Τί
376 2361 415 2393 δὲ,
436 2361 496 2387 εἰπέ
512 2369 575 2396 μοι,
595 2361 643 2387 καὶ
662 2361 681 2387 6
697 2359 778 2395 σοφὸς
793 2361 860 2396 ἡμῖν

70 2405 174 2438 Παῦλος
188 2406 238 2432 οὐκ
252 2406 372 2441 ἔφασκεν
385 2406 521 2442 ἐναργῶς·
543 2416 551 2432 ι
565 2406 696 2441 Ηὺχόμην
708 2407 763 2442 γὰρ
779 2405 860 2437 αὐτὸς

71 2449 122 2484 ἐγὼ
134 2450 259 2486 ἀνάθεμα
274 2448 344 2477 εἶναι
357 2451 412 2477 ἀπὸ
424 2450 471 2477 τοῦ
485 2451 616 2486 Χριστοῦ,
630 2451 700 2486 ὑπὲρ
716 2451 770 2477 τῶν
783 2451 859 2477 ἀδελ-

72 2495 125 2529 φῶν
139 2504 201 2530 μου,
215 2496 270 2522 τῶν
284 2496 422 2530 συγγενῶν
436 2505 486 2532 μου
495 2497 549 2523 τῶν
564 2497 635 2524 κατὰ
650 2497 752 2532 σάρκα;
767 2506 776 2522 ι
792 2497 859 2531 Οὐχὶ

72 2542 98 2569 δὲ
111 2543 157 2569 καὶ
171 2544 229 2574 τοῖς
244 2544 312 2569 πᾶσι
329 2542 456 2576 γενέσθαι
469 2542 503 2569 τὰ
518 2543 608 2569 πάντα
624 2542 716 2578 φησὶν,
735 2543 778 2569 ἵνα
792 2542 859 2569 πάν-

73 2596 120 2619 τως
141 2588 217 2620 τινας
235 2588 311 2624 σώσῃ
322 2609 329 2620 ,
353 2589 400 2614 καὶ
417 2588 557 2622 γεγονέναι
576 2588 624 2623 μὲν
646 2589 704 2619 τοῖς
722 2588 859 2620 Ἰουδαίοις

74 2632 106 2664 ὡς
124 2633 259 2665 Ἰουδαῖος,
275 2634 332 2664 τοῖς
349 2633 459 2668 ἀνόμοις
476 2633 514 2664 ὡς
527 2633 636 2668 ἄνομος,
658 2633 695 2667 μὴ
709 2633 747 2659 ὢν
761 2633 859 2667 ἄνομος

75 2677 134 2713 Θεῷ,
153 2678 211 2706 ἀλλ’
233 2678 349 2712 ἔννομος
370 2677 490 2713 Χριστῷ,
531 2678 573 2704 ἶνα
612 2677 686 2713 σώσῃ
710 2678 772 2709 τοὺς
795 2677 859 2704 ἀνό-

74 2732 145 2758 μους;
169 2725 226 2751 Καὶ
237 2724 265 2750 τε
283 2723 326 2750 ἐτι
341 2723 428 2750 ταῦτα
439 2724 521 2757 λέγω,
543 2724 573 2749 τὺ
589 2723 629 2749 ἐτι
648 2723 739 2758 μεῖζον
761 2723 857 2757 augete;

71 2769 102 2796 ὅτι
118 2770 163 2797 καὶ
177 2769 266 2801 αὐτὸς
281 2770 295 2796 6
312 2768 461 2804 μονογενὴς
479 2768 524 2795 τοῦ
539 2768 606 2795 Θεοῦ
619 2769 715 2802 Λόγος,
726 2769 767 2795 ἵνα
784 2768 857 2804 σώσῃ

95 2861 113 2877 ¹¹
128 2859 215 2888 llcbr.
236 2866 301 2891 xm,
320 2857 348 2885 4.
385 2858 407 2874 ⁵¹
426 2858 476 2887 lsa.
495 2866 540 2893 xx,
570 2859 596 2886 2.
637 2860 659 2876 ⁵³
680 2859 758 2886 Rom.
779 2866 817 2893 ιν,
835 2858 860 2885 5.

913 2271 1009 2297 futurae
1035 2269 1201 2304 captivitatis
1223 2269 1316 2296 habitu
1345 2267 1474 2295 lsraelitis
1500 2269 1696 2298 demonstrato,

910 2316 964 2343 Deo
988 2315 1049 2343 illos
1077 2315 1103 2342 in
1131 2320 1268 2350 posterum
1299 2314 1438 2341 adhmrere
1463 2313 1696 2346 faceret?Quid?

909 2369 996 2388 annon
1010 2365 1036 2388 et
1047 2361 1155 2396 sapiens
1174 2360 1219 2387 ille
1240 2358 1341 2387 Paulus
1362 2359 1439 2386 nobis
1462 2363 1554 2393 aperte
1569 2358 1694 2385 dicebat:

912 2416 922 2432 ‹
937 2406 1069 2441 Optabam
1092 2406 1164 2433 enim
1177 2413 1227 2441 ego
1242 2406 1299 2441 ipse
1315 2405 1458 2432 anathema
1476 2410 1537 2430 esse
1556 2411 1572 2431 a
1587 2403 1696 2430 Christo

909 2460 959 2488 pro
978 2452 1108 2479 fratribus
1123 2451 1202 2485 meis,
1217 2452 1263 2487 qui
1275 2455 1339 2479 sunt
1359 2449 1464 2483 cognati
1477 2449 1528 2475 mei
1547 2448 1695 2475 secundum

912 2506 1021 2526 carnem
1030 2497 1074 2524 ³³2
1090 2507 1100 2524 ›
1124 2497 1220 2524 Annon
1240 2497 1320 2524 etiam
1336 2495 1462 2523 omnibus
1482 2494 1573 2521 omnia
1594 2493 1694 2520 factum

912 2551 941 2571 se
959 2542 1112 2576 conﬁtetur,
1137 2546 1167 2569 ut
1190 2549 1285 2570 omnes
1303 2541 1404 2568 faceret
1422 2539 1534 2567 salvos?
1550 2543 1577 2565 et
1592 2537 1691 2564 factum

912 2589 1020 2624 quidem
1040 2586 1141 2615 Judaeis
1161 2591 1190 2614 ut
1201 2587 1321 2615 Judaeum
1335 2594 1343 2614 :
1355 2586 1388 2614 iis
1401 2585 1446 2620 qui
1462 2585 1519 2612 sine
1535 2584 1592 2618 lege
1608 2588 1695 2616 erant,

913 2633 989 2669 quasi
1010 2632 1133 2667 sinelege
1145 2637 1229 2664 esset,
1245 2640 1307 2660 cum
1324 2633 1384 2660 sine
1407 2632 1465 2666 lege
1488 2630 1532 2657 Dei
1548 2636 1599 2657 non
1612 2633 1694 2660 esset,

912 2679 959 2706 sed
973 2678 1000 2705 in
1030 2677 1088 2712 lege
1115 2681 1187 2704 esset
1211 2676 1323 2710 Christi,
1349 2681 1379 2704 ut
1398 2676 1566 2705 lucrifaceret
1585 2683 1631 2703 eos
1649 2675 1694 2710 qui

911 2724 971 2750 sine
988 2722 1048 2757 lege
1072 2721 1190 2749 erant".
1221 2722 1253 2749 Et
1270 2722 1334 2756 quid
1359 2729 1408 2757 ego
1427 2722 1478 2749 ista
1501 2729 1694 2755 commemoro,

912 2769 984 2804 quod
1010 2767 1097 2802 majus
1125 2772 1166 2796 est
1191 2767 1307 2796 relicto?
1325 2766 1414 2802 ipsum
1435 2769 1500 2796 item
1529 2768 1694 2803 unigenitum

900 2858 923 2874 "
943 2857 951 2885 l
969 2859 1032 2887 Cor.
1060 2866 1099 2892 ιι,
1119 2857 1218 2886 20-22.
