1913 3042
224 129 261 157 55
732 124 761 152 S.
780 123 918 152 CYRILLI
938 122 1173 151 ALEXANDRINI
1191 123 1351 152 ARCHIEP.
1420 101 1425 105 ί

225 187 272 216 Dei
299 187 349 222 17
382 185 510 217 Verbum,
536 188 566 211 ut
592 184 711 211 salvaret
737 184 882 211 humanum
916 191 1008 219 genus,

1061 184 1090 211 τδ
1107 183 1276 220 ἀνθρώπινον
1300 184 1387 217 γένος,
1403 193 1412 209 ι
1427 184 1483 219 Οὐχ
1510 182 1657 218 ἁρπαγμὸν
1680 182 1816 218 ἡγήσατο
1840 181 1873 207 τὸ

228 242 238 258 ι
255 240 307 260 non
323 231 444 265 rapinam
466 229 627 256 arbitratum
652 234 704 261 est,
720 236 781 256 esse
806 229 909 263 :equale
940 229 1009 262 Deo;

227 278 272 305 sed
299 284 329 303 se
345 276 431 310 ipsum
461 275 621 307 cxinanivit,
638 274 751 301 formant
777 274 847 301 servi
865 274 1009 308 accipiens,

227 332 252 350 tn
266 321 471 350 similitudinem
492 320 628 347 hominum
646 319 758 347 factum.
781 325 808 346 et
831 320 968 346 inventum
984 324 1012 346 ιιι

227 365 304 395 homo
320 368 354 400 ",
377 366 506 394 sustinuit
531 374 639 394 crucem
654 386 661 398 ,
695 366 854 393 confusione
889 370 1012 393 contem-

226 417 271 447 pta
283 413 317 440 “.
332 422 341 438 ›

260 457 333 486 Nihil
373 465 437 494 ergo
469 457 577 489 mirum,
609 457 630 484 si
653 457 761 492 paulum
784 461 859 484 extra
885 457 1011 484 decorum

225 512 348 539 egressus
370 505 513 540 propheta,
541 504 653 531 salvavit
679 504 788 535 Gomer.
815 509 841 531 et
867 504 1013 530 muliercu~

226 551 277 577 lant
306 551 438 584 perditam
469 551 500 576 ad
531 558 634 576 morqu
665 551 833 577 honestatem
865 550 1011 577 revocavit.

227 596 304 624 Utilis
317 601 419 629 autem,
438 601 464 623 et
483 597 641 623 necessaria:
673 596 711 622 rei
739 603 820 622 causa
844 596 924 622 Deum
941 603 1014 621 matt-

225 642 317 673 dasse,
336 642 374 668 uti
391 642 556 668 muliercula:
573 642 773 676 coniugaretur,
793 642 883 668 statim
904 641 1011 676 plenam

226 688 304 725 tidem
322 688 429 717 astruit.
458 688 506 714 hac
530 688 562 714 de
578 695 658 714 causa
676 687 740 714 illud
761 687 902 714 mandasse
915 686 1012 714 contir-

225 739 321 759 mans:
341 741 350 758 ι
368 732 434 765 Quia
465 732 602 759 foruicans
635 732 812 759 foruicahitur
854 736 926 758 terra
953 735 1013 765 post

226 776 320 804 Deum.
335 777 367 804 Et
382 777 457 809 abiit,
479 782 506 804 et
519 777 622 811 accepit
641 777 750 808 Gomer,
770 777 849 804 filiam
863 776 1011 808 υεὶιιιιτιὶιιι,

225 825 252 847 et
272 822 406 855 concepit,
436 826 463 848 et
490 822 594 856 peperit
620 822 643 849 ei
668 822 762 849 ﬁlium.
782 832 791 848 ι
816 822 871 849 Non
895 823 1010 849 futuram

1061 229 1130 256 εἶναι
1147 230 1191 257 ἴσα
1206 230 1275 265 Θεῷ,
1297 230 1355 256 ἀλλ’
1367 230 1462 256 ἑαυτὸν
1478 229 1607 263 ἐκένωσε,
1633 229 1738 265 μορφὴν
1759 227 1870 255 δούλου

1060 275 1159 306 λαϐὼν,
1175 277 1203 302 ὲν
1218 275 1370 310 ὁμοιώματι
1386 274 1536 311 ἀνθρώπων
1552 274 1706 310 γενόμενος,
1722 274 1777 301 καὶ
1797 274 1869 307 σχὴ·

1063 331 1127 357 ματι
1151 321 1270 357 εὑρεθεὶς
1293 321 1330 351 ὡς
1350 320 1507 356 ἄνθρωπος,
1529 321 1658 355 ὑπέμεινε
1675 319 1802 355 σταυρὸν
1825 319 1870 345 αἱ·

1062 367 1162 403 ωίύνης
1180 368 1398 402 καταφρονήσας.
1415 376 1424 392 r

1098 457 1180 484 Οὐδὲν
1195 454 1240 483 οὖν
1262 456 1316 491 ἄρα
1338 457 1367 482 τὸ
1390 455 1556 490 Θαυμαστὸν,
1572 456 1595 481 εἰ
1615 454 1701 490 βραχὺ
1717 453 1768 481 τοῦ
1790 453 1867 488 πρέ-

1063 512 1158 535 ποντος
1173 501 1390 537 ἐκπεφοιτηκὼς,
1412 502 1532 528 σέσωκεν
1545 502 1558 528 ὁ
1576 502 1720 537 προφήτης
1738 498 1798 535 τὴν
1815 499 1867 525 Γό-

1064 556 1132 583 μερ,
1159 548 1206 574 καὶ
1228 547 1368 578 ἀπολωλὸς
1393 547 1422 573 τὸ
1457 546 1567 580 γύναιον
1593 545 1757 581 ἀνακομίζει
1790 544 1867 579 πρὶς

1062 595 1223 630 εὐκοσμίαν.
1261 595 1322 620 Ὅτι
1347 593 1375 620 δὲ
1403 593 1539 628 χρησίμου
1562 601 1591 619 τε
1624 593 1671 619 καὶ
1699 591 1866 626 ἀναγκαίου

1063 642 1226 677 πράγματος
1256 640 1337 666 ἕνεκα
1361 639 1547 666 συνάπτεσθαι
1571 638 1609 674 τῷ
1637 637 1741 673 γυναίῳ
1772 645 1865 672 προσ-

1063 688 1157 714 έταττε
1171 687 1248 717 Θεὸς.
1271 686 1516 721 πεπληροφόρηκεν
1536 682 1628 716 εὐθὺς,
1647 684 1753 719 ταύτης
1774 682 1867 708 ἕνεκα

1062 734 1113 768 τῆς
1127 733 1215 764 αἰτίας
1231 734 1323 759 ἐκεῖνα
1338 730 1488 767 προστάξαι
1510 729 1763 764 διαὸεῆαιούμενος.
1785 728 1865 754 Διότι

1063 780 1140 815 φησὶ,
1153 788 1162 805 ι
1173 777 1392 814 Ἐκπορνεύουσα
1405 776 1583 813 ὲκπορνεύσει
1594 776 1655 811 ὴγῆ
1668 775 1721 802 ἀπὸ
1738 773 1865 815 omo-'3“

1062 825 1109 852 τοῦ
1125 825 1238 860 Κυρίου.
1256 825 1311 850 Καὶ
1338 823 1483 859 ἐπορεύθη,
1507 823 1554 849 καὶ
1583 821 1661 848 ἔλαϐε
1688 820 1738 856 τὴν
1764 819 1863 854 Γόμερ

225 872 306 894 terra:
334 867 551 900 fornicationem,
591 867 637 894 sed
666 868 722 902 jam
740 868 836 895 factam
870 868 1009 902 prophette

1062 871 1200 906 θυγατέρα
1212 871 1360 905 Δεὸηλαῒμ,
1381 870 1429 897 καὶ
1450 869 1589 901 συνέλαϐε,
1605 868 1651 895 καὶ
1667 868 1764 894 ἔτεκεν
1781 866 1864 900 αὐτῷ

225 913 336 940 indicat.
363 913 445 939 Erant
463 913 533 939 cnim
561 913 636 939 vituli
664 913 690 939 in
719 913 786 946 Dutt,
804 918 831 940 et
854 913 956 945 Bethel,
985 918 1011 940 et

225 958 287 985 Baal
308 959 412 993 templa
439 958 554 985 excitata
585 958 734 991 fuerant",
751 964 778 985 et
790 959 958 986 etcrcmonia:
977 959 1011 986 ab

223 1003 305 1032 Israel
333 1011 380 1038 per
406 1008 488 1030 totam
508 1003 704 1031 Samaritarum
732 1005 868 1040 regionem
902 1005 1011 1032 adhibe-

223 1050 333 1077 bantur.
358 1049 417 1077 Non
443 1051 524 1082 igitur
541 1051 686 1078 discrimen
709 1056 857 1085 temporum
887 1051 960 1082 facit,
981 1059 1011 1078 ac

223 1096 414 1123 scrvatdiviua
445 1095 601 1130 Scriptura,
627 1101 672 1122 aut
702 1097 793 1128 etiam,
829 1097 900 1130 quod
939 1097 1009 1122 dictu

221 1141 314 1168 verius
339 1146 390 1174 est,
420 1141 464 1175 qui
493 1141 551 1168 tunc
578 1141 658 1168 nobis
673 1148 737 1168 sunt
752 1141 940 1175 interpretati:
957 1142 1011 1168 sic-

223 1191 253 1214 ut
279 1187 343 1213 ilem
360 1192 387 1214 et
408 1187 466 1220 ipsa
494 1186 593 1213 Christi
614 1194 726 1221 persona
751 1194 800 1221 per
826 1187 901 1214 Isaia:
918 1194 1009 1214 vocem

223 1233 500 1266 imluciturloquens:
521 1241 530 1257 ι
548 1232 760 1259 Dorsnmmenm
781 1233 883 1260 dediad
896 1232 1009 1268 ﬂagella,

222 1283 250 1305 et
262 1285 345 1313 genas
360 1286 434 1305 meas
458 1278 490 1305 ad
513 1278 605 1312 alapas
613 1278 647 1305 ⁸⁸.
667 1287 677 1304 ι
696 1278 729 1305 Et
754 1278 811 1313 ipse
831 1279 959 1313 propheta
978 1279 1010 1306 do

222 1322 302 1356 ipso:
321 1331 330 1348 ι
348 1321 424 1350 Sicut
453 1323 511 1350 ovis
538 1324 571 1349 ad
593 1323 757 1350 occisionem
786 1324 883 1350 ductus
906 1329 956 1355 est,
983 1328 1009 1351 et

222 1372 252 1395 ut
262 1375 349 1403 agnus
375 1375 464 1394 coram
487 1368 616 1395 tondente
629 1376 658 1395 se
673 1369 864 1396 obmutescens
877 1377 885 1402 ;
902 1369 940 1396 sie
955 1377 1008 1407 non

222 1414 310 1448 aperit
326 1421 357 1440 os
374 1420 463 1441 suum.
478 1413 507 1440 In
524 1414 675 1441 humilitate
695 1414 779 1449 ipsius
804 1414 933 1448 judicium
952 1415 1010 1450 cius

222 1459 357 1486 sublatum
386 1459 490 1487 est”.r
519 1459 616 1487 Cernis
641 1460 779 1494 quomodo
812 1461 884 1495 quod
912 1460 1010 1488 futuris

222 1504 389 1538 temporibus
416 1510 575 1532 eventurum
604 1509 673 1538 crat,
708 1511 737 1532 ut
764 1506 820 1540 jam
845 1510 1008 1533 transactum

1062 918 1144 944 υἱόν.»
1162 917 1218 944 Καὶ
1233 917 1282 943 οὐκ
1297 916 1430 951 ἐσομένην
1446 915 1574 950 πορνείαν
1586 916 1635 950 τῆς
1648 912 1795 948 γῆς,ἀλλὰ
1811 911 1863 947 τὴν

1061 963 1110 999 ἠδη
1131 963 1318 998 γεγενημένην
1333 961 1372 996 τῷ
1395 961 1522 997 προφήτῃ
1541 960 1616 995 φησί.
1634 960 1689 987 Καὶ
1705 958 1764 994 γὰρ
1787 956 1863 993 ἦσαν

1061 1010 1089 1036 αἱ
1111 1008 1242 1044 δαμάλεις
1260 1008 1300 1038 εἰς
1327 1007 1381 1033 Δὰν
1403 1006 1451 1033 καὶ
1468 1005 1569 1041 Βηθὴλ,
1593 1005 1688 1032 καὶτὰ
1711 1004 1762 1031 τοῦ
1783 1003 1861 1030 Βάαλ

1061 1055 1195 1090 ἐγήγερτο
1209 1053 1327 1088 τεμένη,
1345 1053 1391 1078 καὶ
1406 1052 1433 1078 αἰ
1457 1051 1562 1077 τελεταὶ
1579 1050 1626 1076 τοῦ
1653 1049 1765 1085 Ἰσραὴλ
1786 1048 1860 1074 κατὰ

1061 1101 1152 1127 πᾶσαν
1182 1099 1347 1134 ἑπράττοντο
1375 1099 1429 1124 τῶν
1457 1095 1635 1131 Σαμαρειτῶν
1668 1095 1716 1130 τὴν
1745 1094 1857 1130 χώραν.

1067 1146 1222 1180 Ἀδιαφορεί
1234 1143 1379 1178 τοιγαροῦν
1398 1142 1469 1169 κατὰ
1485 1143 1548 1173 τοὺς
1563 1141 1674 1178 χρόνους
1689 1142 1704 1176 ὴ
1719 1140 1856 1167 Θεόπνευ-

1061 1200 1123 1223 στος
1148 1191 1253 1226 Γραφὴ,
1269 1190 1285 1225 ἢ
1307 1189 1365 1221 καὶ,
1385 1189 1451 1224 ὅπερ
1467 1188 1541 1214 ἐστὶν
1555 1186 1737 1222 ἀληθέστερον
1751 1186 1855 1216 εἰπεῖν,

1060 1237 1084 1263 οἱ
1111 1236 1212 1270 ταύτην
1235 1236 1303 1270 ἡμῖν
1323 1233 1570 1269 διηρμηνευκότες’
1598 1231 1723 1266 καθάπερ
1750 1230 1858 1265 ἀμέλει

1060 1282 1107 1309 καὶ
1129 1281 1195 1308 αὐτὸ
1207 1280 1238 1307 τὸ
1250 1279 1297 1306 τοῦ
1317 1277 1434 1315 Χριστοῦ
1451 1277 1594 1313 πρόσωπον
1608 1276 1652 1303 διὰ
1667 1277 1715 1311 τῆς
1736 1275 1856 1302 Ἡσαΐου

1060 1327 1151 1362 φωνῆς
1168 1326 1322 1361 εἰσφέρεται
1337 1324 1424 1358 λέγον·
1443 1333 1452 1348 ι
1465 1324 1515 1349 Τὸν
1526 1322 1611 1349 νῶτόν
1624 1330 1673 1356 μου
1688 1321 1798 1347 δέδωκα
1812 1320 1855 1351 εἰς

1062 1372 1215 1408 μάστιγας.
1233 1371 1281 1403 τὰς
1305 1370 1334 1397 δὲ
1354 1369 1483 1404 σιαγόνας
1506 1377 1556 1404 μου
1581 1369 1620 1399 εἰς
1643 1367 1820 1402 ῥαπίσματα.
1842 1375 1851 1391 ι

1059 1416 1115 1443 Καὶ⁸
1135 1415 1215 1447 αὐτὸς
1229 1415 1257 1441 δέ
1276 1422 1357 1449 φησιν
1378 1415 1392 1440 ό
1416 1414 1559 1448 προφήτης
1577 1413 1640 1447 περὶ
1654 1412 1751 1438 αὑτοῦ·
1773 1420 1783 1436 ι
1808 1411 1854 1442 Ὠς

1060 1462 1196 1498 πρόϐατον
1208 1461 1255 1487 ἐπὶ
1271 1461 1377 1495 σφαγὴν
1394 1459 1481 1495 ἧχοη,
1495 1458 1542 1485 καὶ
1559 1458 1597 1489 ὡς
1617 1457 1700 1492 ἀμνὸς
1724 1456 1853 1483 ἐναντίον

1060 1507 1106 1534 τοῦ
1121 1507 1258 1542 κείροντος
1273 1505 1364 1536 αὑτὸν,
1381 1504 1487 1538 ἄφωνος
1497 1511 1503 1518 ·
1520 1502 1606 1533 οὕτως
1622 1502 1671 1528 οὐκ
1695 1501 1806 1534 ἀνοίγει
1822 1501 1853 1526 τὸ

224 1550 396 1585 propheticus
407 1557 496 1577 sermo
508 1551 586 1578 nobis
599 1551 799 1578 introduxerit?
813 1551 904 1584 Quare
921 1552 985 1578 illml
999 1561 1005 1578 :

1061 1551 1146 1586 στόμα
1158 1550 1251 1582 αὑτοῦ,
1267 1550 1295 1575 ἐν
1308 1551 1341 1584 τῇ
1355 1547 1518 1575 ταπεινώσει
1530 1547 1610 1573 αὑτοῦ
1627 1547 1642 1581 ὴ
1657 1546 1749 1581 κρίσις
1763 1545 1852 1572 αὐτοῦ

225 1603 235 1622 ι
250 1594 398 1623 Foruicans
415 1595 592 1624 foruicabilur
611 1601 693 1629 terra,
710 1606 718 1622 ι
734 1605 793 1632 pro,
806 1597 938 1624 fornicata
954 1602 1008 1629 est,

223 1640 334 1675 intelligi
351 1642 440 1668 debet.
459 1641 580 1674 Quonam
596 1646 685 1669 autem
701 1642 779 1668 modo
801 1642 932 1670 fornicata
950 1643 1010 1670 est?

227 1694 238 1712 ι
254 1685 318 1713 Post
335 1687 487 1719 Dominum,
505 1696 514 1712 ι
539 1687 564 1714 id
576 1692 627 1720 est,
644 1687 782 1721 sequelam
799 1693 940 1722 aspernata
958 1692 1009 1720 est,

224 1739 277 1765 qua
292 1732 353 1766 quis
367 1732 444 1766 quasi
461 1732 494 1759 ad
509 1732 590 1760 Deum
607 1733 701 1760 tendit.
718 1733 853 1768 Scriptura
866 1738 906 1761 est
920 1734 1007 1760 enim:

225 1776 316 1804 uPost
357 1777 497 1805 Dominum
529 1778 722 1810 ambulabis“,
743 1789 752 1805 ι
771 1779 822 1806 hoc
854 1785 906 1811 est,
937 1779 1008 1807 Citra

221 1823 425 1851 conversionem
443 1831 576 1857 supernas
605 1828 632 1851 et
649 1831 662 1850 a
679 1823 732 1851 Deo
750 1825 920 1859 praescriptas
938 1825 1009 1860 leges

222 1868 354 1902 sequeris.
378 1868 522 1896 Foruicata
541 1874 582 1896 est
602 1870 683 1904 igitur
698 1875 758 1904 post
770 1869 928 1903 Dominum,
952 1879 1005 1898 non

221 1912 357 1940 sustinens
377 1914 463 1948 sequi.
479 1914 595 1942 Deseivit
618 1915 702 1948 enim,
716 1920 743 1942 et
753 1915 937 1942 contaminata
955 1920 1007 1949 est,

221 1964 249 1985 et
269 1959 401 1986 idolorum
438 1960 554 1987 cultibus
584 1961 687 1993 dedita,
717 1961 860 1988 Dominum
883 1961 1007 1989 oﬂendit.

223 2003 279 2032 llae
295 2005 376 2039 igitur
398 2005 432 2031 de
452 2012 535 2032 causa
568 2005 668 2033 Gonter
702 2007 830 2041 propheta
851 2007 935 2034 Oseas
950 2008 1006 2035 vin-

221 2050 282 2079 culo
304 2049 437 2085 coniugali
461 2051 597 2087 sociatur,
618 2052 681 2086 quia
709 2053 839 2086 fornicata
869 2058 910 2081 est
936 2059 1007 2080 terra

222 2100 283 2130 post
303 2095 455 2122 Dominum.
471 2095 565 2123 Potest
584 2097 656 2124 enim
671 2099 742 2132 quod
766 2099 806 2130 fit,
832 2107 880 2134 pro
912 2099 1008 2135 mysti-

222 2148 260 2167 cae
278 2141 315 2168 rei
340 2145 403 2176 typo
418 2142 515 2176 accipi.
543 2146 574 2169 ut
605 2143 738 2172 dicebant.
771 2145 872 2172 Deinde
904 2146 1008 2180 peperit

221 2185 331 2213 Gomer.

1060 1596 1142 1632 ἤρθη.
1163 1606 1172 1622 ι
1194 1596 1285 1630 Ὀρᾶς,
1305 1595 1380 1625 ὅπως
1396 1594 1426 1620 τὺ
1440 1593 1568 1628 ἐσόμενον
1585 1592 1614 1618 ὲν
1628 1593 1732 1626 καιροῖς
1744 1591 1784 1622 ὡς
1799 1591 1851 1626 ἥδη

1059 1641 1243 1677 γεγενημένον
1259 1642 1272 1667 ὁ
1289 1642 1338 1676 τῆς
1353 1639 1521 1676 προφητείας
1537 1639 1602 1673 ἡμῖν
1616 1637 1794 1671 εἰσκεκόμικε
1807 1636 1852 1662 λό-

1059 1695 1123 1721 γος;
1150 1685 1254 1713 Οὐκοῦν
1274 1685 1305 1712 τὸ
1319 1706 1325 1718 ,
1355 1693 1364 1710 ι
1387 1683 1604 1720 Ἐκπορνεύουσα
1627 1681 1808 1717 ἐκπορνεύσει
1833 1681 1849 1716 ἡ

1059 1732 1107 1766 γῆ,
1125 1741 1134 1757 ι
1150 1731 1209 1757 ἀντὶ
1223 1729 1280 1762 τοῦ,
1297 1729 1485 1764 Πεπόρνευκεν
1505 1730 1522 1763 ἡ
1544 1728 1591 1763 γῆ,
1603 1727 1722 1762 νοητέον.
1738 1726 1850 1761 Πεπάρ-

1059 1786 1139 1805 νευκε
1152 1777 1181 1803 δὲ
1197 1776 1257 1803 τίνα
1270 1776 1370 1811 τρόπον
1381 1783 1389 1808 ;
1408 1784 1417 1800 ι
1429 1775 1494 1801 Ἀπὸ
1505 1774 1616 1801 δπισθεν
1629 1773 1676 1800 τοῦ
1694 1773 1813 1809 Κυρίου,
1836 1781 1846 1797 ι

1058 1823 1194 1856 τουτέστι,
1209 1822 1258 1858 τὴν
1273 1821 1452 1856 ἁκολούθησιν
1466 1820 1633 1855 ἁθετήσασα,
1645 1819 1678 1855 ἣν
1692 1820 1725 1847 ἂν
1743 1819 1848 1846 ποιοῖτό

1058 1877 1110 1900 τις,
1128 1867 1167 1899 ὡς
1179 1868 1245 1903 πρὸς
1261 1867 1337 1893 Θεόν.
1354 1867 1510 1902 Γέγραπται
1526 1866 1591 1901 γὰρ,
1603 1866 1643 1892 ὅτι
1663 1875 1672 1890 ι
1684 1865 1789 1892 Ὀπίσω
1800 1865 1847 1891 τοῦ

1058 1915 1163 1950 Κυρίου
1188 1913 1320 1950 πορεύσῃ,
1338 1923 1346 1938 ι
1366 1913 1515 1943 τουτέστιν,
1530 1911 1723 1946 ἀκολουθήσεις
1739 1911 1846 1945 ἀμετα-

1058 1961 1156 1996 τρεπτὶ
1169 1961 1226 1991 τοῖς
1241 1959 1343 1986 ἄνωθεν
1358 1958 1434 1994 παρὰ
1457 1957 1525 1984 Θεοῦ
1542 1957 1644 1992 νόμοις.
1669 1957 1846 1991 Πεπόρνευκε

1058 2007 1147 2034 τοίνυν
1170 2007 1222 2033 ἀπὸ
1239 2006 1350 2032 ὅπισϐεν
1374 2005 1421 2032 τοῦ
1438 2005 1552 2040 Κυρίου,
1567 2004 1778 2031 κατακολουθεῖν
1796 2003 1846 2031 οὐκ

1058 2052 1219 2088 ἀνεχομένη.
1236 2052 1332 2085 Γέγονε
1348 2051 1402 2087 γὰρ
1416 2051 1571 2086 ἀποστάτης
1588 2051 1636 2076 καὶ
1656 2048 1780 2086 βέϐηλος,
1798 2048 1846 2075 καὶ

1058 2100 1118 2130 ταῖς
1132 2098 1186 2124 τῶν
1212 2097 1330 2124 είδὼλων
1351 2096 1530 2132 προστεοεῖσα
1553 2096 1703 2131 λατρείαις,
1729 2094 1846 2130 προσκέ-

1059 2152 1159 2179 κρουκε
1173 2142 1212 2178 τῷ
1227 2143 1362 2177 Δεσπότῃ.
1381 2141 1490 2176 Ταύτης
1513 2139 1560 2168 οὖν
1586 2142 1668 2168 ἕνεκα
1689 2141 1738 2176 τῆς
1755 2139 1846 2171 αἰτίας

1059 2191 1226 2217 συνάπτεται
1240 2190 1272 2223 τῇ
1286 2189 1375 2224 Γόμερ
1387 2189 1401 2214 ὁ
1418 2188 1562 2223 προφήτης
1580 2187 1671 2223 Ὠσηὲ,
1685 2187 1726 2213 ὅτι
1741 2185 1844 2220 πεπόρ-

221 2241 316 2260 νευκεν
330 2234 346 2269 ὴ
409 2235 463 2262 ἀπὸ
474 2235 584 2262 ὖπισοεν
596 2235 643 2263 τοῦ
659 2237 771 2273 Κυρίου.
787 2237 926 2264 Μυστικοῦ
955 2237 1019 2272 γὰρ,
1041 2237 1079 2269 ὡς
1098 2237 1176 2272 ἔφην,
1209 2236 1371 2272 πράγματος
1384 2235 1469 2267 τύπος
1483 2235 1516 2261 ἂν
1534 2235 1620 2262 νοοῖτο
1642 2234 1672 2260 τὸ
1694 2232 1842 2269 δρώμενον.

222 2279 287 2308 Εἶτα
305 2282 414 2309 τέτοκεν
429 2285 446 2319 ἡ
461 2284 561 2320 Γόμερ.

258 2326 311 2361 18
323 2327 402 2354 Vens.
415 2329 472 2362 4,5.
486 2329 518 2355 Et
532 2330 598 2356 dixit
607 2330 734 2357 Dominus
747 2331 864 2358 adeum:
876 2329 945 2357 Voca
959 2339 1006 2357 no-

1096 2327 1150 2355 Kat
1182 2325 1246 2354 εἷπε
1271 2327 1380 2360 Κύριος
1406 2325 1481 2360 πρὸς
1511 2326 1620 2352 αὐτόν·
1639 2324 1781 2352 Κάλεσον
1810 2324 1842 2350 τὸ

220 2372 340 2407 meucjus
352 2373 468 2407 Jezrucl;
479 2375 603 2409 quoniam
617 2376 703 2401 adhuc
717 2377 877 2402 medicatur!
893 2376 1005 2402 ulciscar

219 2419 371 2452 sanguinem
386 2419 490 2447 Jezrael
504 2428 581 2455 super
596 2421 702 2446 domum
720 2420 804 2452 Juda,
835 2426 858 2447 et
872 2422 1004 2456 quiescere

220 2463 315 2497 faciam
329 2473 434 2499 regnum
446 2466 537 2493 domus
552 2465 645 2492 Israel.
664 2465 698 2491 Et
707 2467 765 2498 eril,
780 2467 806 2493 iu
822 2467 863 2494 die
881 2466 926 2494 illa
942 2475 1004 2494 cou-

220 2513 304 2536 leram
315 2518 408 2537 arcum
423 2510 510 2538 Israel
525 2512 552 2538 in
573 2510 639 2537 ualle
653 2511 769 2538 Jezmel.

254 2595 299 2624 IV.
318 2596 368 2624 Hic
390 2604 480 2624 sermo
503 2597 637 2632 duplicem
660 2600 738 2627 nobis
756 2601 1001 2629 considerationem

1059 2373 1152 2407 ὄνομα
1166 2372 1260 2399 αὑτοῦ
1281 2371 1416 2405 Ἰεζῇαὲλ,
1436 2371 1510 2398 διότι
1526 2370 1570 2397 ἔτι
1591 2370 1709 2404 μικρὸν,
1733 2370 1781 2396 καὶ
1797 2370 1842 2395 ἐκ·

1057 2417 1171 2451 δικήσω
1191 2417 1224 2444 τὸ
1238 2414 1309 2451 αἷμα
1322 2416 1375 2442 τοῦ
1394 2414 1520 2448 Ἰεζραὲλ
1532 2414 1581 2440 ἐπὶ
1600 2413 1653 2439 τὸν
1669 2411 1755 2440 οἷκον
1769 2413 1840 2439 Ἰού-

1056 2463 1113 2495 δα,
1134 2463 1183 2490 καὶ
1202 2462 1385 2490 καταπαύσω
1407 2460 1571 2492 ,βασιλείαν
1590 2458 1676 2485 υῖχου
1705 2457 1838 2491 Ἰσραήλ.

1057 2510 1111 2537 Kal
1129 2509 1225 2541 ἔσται,
1237 2508 1272 2534 ἐν
1291 2507 1327 2541 τῇ
1344 2506 1438 2542 ἡμέρᾳ
1458 2506 1558 2539 ἐκείνῃ
1575 2504 1733 2538 συντρίψω
1748 2504 1782 2530 τὸ
1793 2503 1839 2530 τό·

1055 2555 1110 2587 ξοτν
1121 2554 1174 2581 τοῦ
1191 2553 1316 2587 Ἰσραὴλ
1327 2553 1362 2579 ἐν
1377 2551 1493 2579 κοιλάδι
1507 2550 1562 2577 τοῦ
1581 2549 1719 2584 ἰεζραέλ.

1089 2602 1125 2627 Δ’.
1136 2601 1179 2627 Ἐν
1195 2599 1301 2631 τούτοις
1313 2599 1379 2634 ἡμῖν
1392 2599 1406 2624 ὁ
1416 2598 1493 2632 λόγος
1503 2596 1594 2631 διττὴν
1612 2596 1702 2622 ὼδίνει
1718 2595 1766 2630 τὴν
1777 2595 1838 2620 θεω-

219 2642 299 2674 parit.
319 2642 360 2669 Ab
375 2643 435 2670 aliis
447 2643 519 2670 enim
533 2644 584 2670 alia
607 2646 740 2681 scriptura
765 2647 877 2674 affertur
888 2667 895 2680 ,
923 2649 1001 2683 cujus

1061 2647 1126 2675 θίαν.
1141 2646 1255 2681 Φέρεται
1269 2645 1297 2671 δὲ
1314 2644 1362 2671 καὶ
1384 2643 1465 2678 ἑτέρα
1481 2642 1575 2678 γραφὴ
1599 2641 1675 2677 παρά
1694 2649 1764 2667 τισιν
1775 2659 1782 2670 .
1801 2639 1838 2679 ὡς

218 2693 291 2714 nunc
305 2693 416 2715 necesse
431 2691 474 2715 est
491 2689 646 2718 meminisse
657 2711 665 2724 ,
691 2698 745 2726 quo
759 2692 917 2720 accuratius
934 2699 1001 2727 aga-

1061 2693 1202 2727 ὶναγκαῖον
1233 2689 1434 2726 ἐπιμνησθῆναι
1464 2688 1512 2714 νῦν
1540 2687 1585 2714 διά
1610 2695 1642 2722 γε
1661 2686 1692 2713 τὺ
1715 2683 1837 2720 ἀκριϐέςω

1202 2777 1224 2794 ⁵³
1243 2777 1294 2804 15a.
1310 2785 1336 2808 ι,
1354 2775 1380 2803 ὓ.
1419 2775 1441 2792 ⁸⁸
1459 2775 1510 2803 lsa.
1527 2782 1585 2807 Lm,
1602 2773 1626 2806 7,
1644 2773 1669 2801 8.
1729 2773 1751 2790 ⁸⁸
1771 2772 1834 2801 Osee

253 2774 281 2810 ">
292 2772 410 2810 Philipp.
431 2783 462 2810 ιι,
481 2776 541 2806 6-8,

594 2778 617 2794 ⁵⁸
633 2777 715 2806 Hebr.
729 2786 777 2812 xu,
795 2779 823 2808 Ω,

217 2815 255 2841 ιι,
271 2808 314 2835 10.

868 2779 891 2794 ⁵⁷
903 2777 936 2805 lll
953 2778 1017 2813 Reg.
1040 2786 1088 2812 xtl,
1103 2778 1147 2804 ‘29.

1464 2879 1474 2893 κ
