1913 3042
81 147 111 176 37
551 146 828 175 COMMENTARIUS
845 145 879 174 IN
899 145 1014 175 OSEAM
1034 146 1255 175 PROPIIETAM.
1680 150 1717 179 38

89 204 205 239 Ὀνίνησι
219 204 277 240 γὰρ
297 204 331 231 οὒ
360 204 490 240 μετρίως,
506 204 537 232 τὸ
554 201 654 241 ἀμφοῖν
669 206 743 240 ἡμᾶς
763 206 880 240 ἐπιμνη-

936 212 1002 233 mus.
1015 205 1158 240 Capiemus
1172 205 1244 233 enim
1258 212 1382 240 magnam
1399 205 1553 237 utilitatem,
1570 206 1592 233 si
1610 211 1716 234 utram-

86 250 178 285 σθῆναι
202 252 261 278 τοῖν
284 251 393 286 λόγοιν.
413 251 446 278 Ἥ
461 251 510 286 μὲν
523 249 569 278 οὖν
586 251 647 278 καθ’
668 252 743 287 ἡμᾶς
765 251 879 284 ἕκδοσις,

86 297 233 330 τουτέστιν,
243 297 261 333 ἡ
270 297 328 324 τῶν
337 296 549 333 Ἐὖδομήκοντα,
562 305 572 322 ι
581 297 636 323 Καὶ
644 297 789 332 ἐκδικήσω,
803 297 879 333 φησὶ,

87 343 114 370 τὺ
128 340 197 378 αἷμα
221 342 273 369 τοῦ
294 342 434 378 Ἰεζραὲλ,
459 342 505 369 ἐπὶ
519 342 565 369 τὸν
579 339 652 369 οἷκον
671 341 765 368 Ἰούδα.
776 352 785 367 ι
807 342 838 368 'Il
852 342 879 368 δὲ

87 389 164 425 ἑτέρα
187 389 279 424 φησί’
303 398 313 415 ι
331 383 389 417 Καῗ
407 389 542 424 ἐκδικήσω
560 388 590 414 τὸ
617 386 686 423 αἷμα
700 387 745 414 τοῦ
765 388 881 423 Ἰεζραὲλ

88 435 132 461 ἐπὶ
159 434 206 460 τὸν
237 433 316 461 οἶκον
345 433 437 469 Ἰηοῦ·
461 443 470 459 ι
508 433 554 460 καὶ
582 433 608 459 εἰ
639 433 688 467 μὲν
716 432 786 459 οὕτω
811 435 881 459 νοεῖν

87 480 187 507 ἓλοιντό
200 489 288 512 τινες,
311 479 524 515 ίστορικωτέραν
549 479 655 514 ἀνάγκη
677 478 812 504 ποιεῖσθαι
832 477 881 514 τὴν

89 527 240 562 ἀφήγησιν.
260 526 340 562 Ἔχει
357 525 386 552 δὲ
409 524 510 556 οὕτως·
528 525 625 559 Γέγονε
650 524 698 559 μὲν
717 524 818 559 ’Λχαὰδ
833 524 880 559 βα-

89 572 178 603 σιλεὺς
193 573 223 598 ὲν
242 572 364 607 Ἰσραὴλ,
377 572 391 598 ὸ
405 571 453 598 καὶ
470 570 592 597 σύνοικον
606 570 675 605 ἔχων
686 570 735 606 τὴν
750 570 878 602 Ἰεζάϐελ.

95 617 204 653 Ἐπειδὴ
221 617 250 644 δὲ
263 618 356 652 ἐζήτει
375 617 421 644 τὸν
435 616 585 652 ἀμπελῶνα
596 617 643 643 τοῦ
656 616 808 648 Ναϐουθαὶ,
825 619 838 644 ὁ
852 617 881 644 δὲ

90 663 156 698 πρὸς
175 663 259 690 τοῦτο
276 664 396 698 ἀπήντα,
413 663 510 698 λέγων’
526 673 536 689 ι
555 664 599 698 Μή
614 672 659 698 μοι
669 663 774 697 γένοιτο
790 663 880 690 δοῦναι

91 709 242 744 ἀμπελῶνα
257 709 363 745 πατρός
381 718 432 745 μου
447 709 500 736 σοι’
522 718 532 736 ι
555 709 728 744 πεφόνευται,
752 710 812 741 ταῖς
831 710 880 744 τῆς

98 755 216 787 Ἰεζάϐελ
227 755 407 791 δυστροπίαις
419 756 585 791 περιπεσών.
606 755 715 790 Ἐπειδὴ
729 755 819 782 τοίνυν
832 764 880 782 πε-

92 801 217 835 φόνευτο,
235 801 477 836 κεκληρονόμηκεν
499 801 602 836 Ἀχαάϐ
616 801 662 828 τὸν
673 801 823 836 ἀμπελῶνα.
833 801 879 828 τοῦ

93 847 241 874 Ναϐουθαί.
261 847 426 882 Προσέκειτο
444 847 472 874 δὲ
496 848 543 874 καὶ
559 847 659 883 ἑτέρως
679 849 738 879 ταῖς
754 847 807 874 τῶν
824 847 880 874 δαι-

931 258 983 285 que
999 251 1230 285 perpendcrimus.
1246 251 1344 278 Nostra
1364 251 1446 285 igitur
1473 252 1566 285 editio,
1593 252 1643 280 hoc
1660 259 1714 284 est,

928 296 1077 323 secundum
1105 295 1280 332 Septuaginta
1306 297 1346 324 sic
1372 297 1454 323 habet
1475 306 1481 324 :
1515 306 1524 322 ι
1550 297 1583 324 Ει
1601 298 1716 326 ulciscar

931 341 1090 376 sanguinem
1102 341 1206 369 Jezrael
1216 350 1298 376 super
1311 343 1419 370 domum
1438 343 1517 370 Juda.
1533 352 1542 368 ι
1557 343 1614 370 Alia
1630 353 1637 372 :
1658 353 1667 370 ι
1684 344 1717 371 Ει

931 387 1046 414 ulciscar
1062 388 1218 422 sanguinem
1235 387 1341 414 Jezracl
1359 396 1440 423 super
1468 389 1577 416 domum
1600 388 1680 417 Jehu.
1701 399 1711 415 I

930 434 1015 467 Quam
1036 434 1057 461 si
1073 434 1118 469 qui
1139 434 1346 468 amplectantur,
1374 436 1529 468 explanatio
1561 437 1647 470 magis
1673 437 1715 463 Ιιί-

930 480 1031 507 storica
1051 481 1087 507 sit
1105 485 1221 514 oportet,
1244 480 1270 507 in
1289 481 1360 507 hunc
1376 482 1481 508 nimium
1497 490 1504 508 :
1532 481 1592 509 Fuit
1616 483 1712 510 Achab

931 534 978 552 rex
1006 526 1102 559 Israel,
1122 527 1264 561 conjugem
1294 526 1396 553 habens
1419 526 1537 554 Iezabel.
1573 528 1622 561 Qui
1649 536 1712 556 cum

930 571 1068 598 aﬂ’ectaret
1081 573 1187 598 vincam
1202 571 1322 603 Naboth,
1345 577 1373 598 et
1389 572 1432 598 ille
1447 573 1482 598 ita
1496 579 1661 605 occurreret,
1685 578 1714 602 ut

931 618 1034 645 diceret
1046 626 1052 644 :
1064 627 1072 644 ι
1083 618 1218 652 Propitius
1225 619 1258 645 sit
1269 618 1332 645 mihi
1343 618 1424 649 Deus,
1438 625 1471 644 ne
1481 619 1541 644 dem
1552 619 1598 646 tibi
1608 621 1713 647 vineam

930 665 1014 698 patris
1024 665 1086 696 mei,
1108 674 1117 690 ι
1140 664 1320 698 perversitate
1335 663 1617 696 Jezabelisirretitus,
1630 665 1714 692 vitam
1734 659 1742 663 ’

930 710 1031 737 amisit.
1047 709 1084 737 Eo
1098 710 1198 741 occiso,
1216 710 1322 737 vineam
1347 709 1452 736 Naboth
1470 710 1592 744 possedit
1607 710 1713 743 Achab,

930 755 975 789 qui
987 754 1086 788 alioqui
1106 755 1215 781 infando
1238 755 1389 782 tltcmonum
1407 754 1489 782 cultui
1506 754 1627 782 addictus
1644 760 1715 782 erat.

930 801 1085 835 Indignatus
1120 801 1202 835 igitur
1225 801 1412 829 universorum
1437 800 1525 834 Deus,
1545 802 1714 835 postmodum

931 847 1067 874 mandavit
1084 846 1172 874 Eliseo
1196 845 1333 880 propheta:
1348 865 1356 878 ,
1385 846 1423 872 uti
1447 845 1515 872 .Icltu
1529 853 1618 880 regem
1635 852 1716 880 super

95 894 180 929 μόνων
206 879 358 929 λατρείαις,
390 893 438 919 καὶ
459 893 538 920 τοῦτο
561 879 694 925 ἐκτόπως.
718 893 880 927 Ἡγανάκτει

936 891 1013 918 Israel
1029 895 1152 926 ungeret.
1178 890 1264 918 Misso
1277 890 1374 918 dehinc
1388 890 1487 918 famulo
1503 890 1623 918 divinum
1640 898 1718 917 man-

92 938 183 966 λοιπδν
201 939 216 965 ὁ
235 938 290 964 τῶν
314 938 383 964 ὅλων
399 937 476 969 Θεός.
498 934 566 964 Εἶτα
589 937 774 973 προστέταχεν
795 938 880 965 Ἐλισ-

92 983 151 1010 σαιὲ
166 983 206 1018 τῷ
223 983 352 1018 προφήτῃ
367 983 461 1018 χρῖσαι
478 982 521 1008 τὸν
543 982 614 1017 Ἰηοὺ
625 1003 632 1016 ,
647 981 761 1016 βασιλέα
778 984 823 1010 ἐπὶ
835 983 881 1010 τὸν

98 1027 218 1063 Ἰσραήλ.
244 1027 421 1059 Ἀποστείλας
432 1027 461 1054 δὲ
475 1027 505 1053 τὺ
525 1027 666 1062 παιδάριον
689 1029 703 1054 ὁ
727 1029 879 1064 προφήτης,

93 1074 122 1100 τὸ
139 1073 212 1100 θεῖον
225 1073 346 1108 ἐπλήρου
361 1073 509 1108 θέσπισμα.
523 1070 590 1099 Εἶτα
604 1073 781 1108 κεχρισμένος
801 1073 880 1108 Ἰηοὺ,

95 1119 216 1146 κάτεισιν
231 1119 264 1145 ὲκ
284 1118 451 1154 Σαμαρείας,
468 1118 516 1145 καὶ
531 1118 575 1145 τὸν
593 1118 663 1146 θεῖον
677 1119 723 1145 ἐπὶ
739 1120 795 1150 τοῖς
805 1119 881 1145 λελυ-

95 1166 212 1201 πηκόσιν
224 1165 345 1201 ἐπλήρου
359 1158 454 1200 Θυμόν.
464 1164 633 1196 Ἀπεκτονὼς
649 1165 702 1201 γὰρ
715 1165 760 1192 τὸν
768 1165 880 1201 ’Λχαά6,

96 1212 206 1248 ἔρριψεν
224 1213 254 1239 ὲν
268 1211 306 1247 τῷ
320 1211 462 1247 ἀμπελῶνι
486 1211 532 1238 τοῦ
555 1211 706 1238 Ναϐουοαί.
727 1210 795 1239 Εἶτα
813 1212 883 1248 μετὰ

95 1259 172 1286 τοῦτο
184 1259 234 1294 τὴν
247 1258 376 1290 Ἰεζάϐελ,
395 1258 515 1293 ἀνῄρηκε
533 1257 562 1284 δὲ
577 1259 622 1285 καὶ
635 1258 821 1294 ἑϐδομήκοντα
834 1259 882 1285 τοῦ

102 1304 203 1340 Ἁχαὰῦ
217 1304 373 1337 υἱοὺςιτοίις
387 1304 438 1331 ἀνά
453 1305 543 1330 πᾶσαν
557 1304 636 1335 ὄντας
651 1304 700 1339 τὴν
712 1305 881 1340 Σαμάρειαν.

97 1351 253 1387 Προσετίθει
262 1351 291 1377 δὲ
305 1351 410 1382 τούτοις
418 1351 465 1377 καὶ
476 1350 522 1377 τὸν
532 1349 616 1377 Βάαλ·
626 1351 760 1386 ἐνέπρησε
772 1351 825 1386 γὰρ
834 1351 883 1382 τὰς

98 1397 197 1432 στήλας
213 1396 306 1428 αὑτοῦ,
327 1396 374 1423 καὶ
384 1396 526 1423 κατέσεισε
544 1396 578 1422 τά
592 1395 704 1431 τεμένη,
725 1396 771 1423 καὶ
786 1396 885 1427 αὐτοὺς

98 1443 265 1477 ἀποσφάττει
280 1443 342 1474 τοὺς
358 1442 452 1478 ἱερεῖς.
467 1441 529 1468 Ἐπὶ
544 1441 650 1473 τούτοις
663 1441 744 1468 αὐτὸν
756 1441 885 1476 ἀποδέχε-

97 1497 142 1515 ται
164 1489 178 1515 ό
198 1488 281 1520 Θεόςο
303 1487 351 1514 καὶ
370 1487 402 1523 δὴ
425 1487 472 1514 καὶ
495 1485 702 1520 ἐπαγγέλλεται,
723 1486 819 1520 λέγων,
844 1486 884 1512 ὅτι

101 1543 112 1560 ‹
129 1534 189 1561 Υἱοὶ
204 1534 327 1569 τέταρτοι
347 1533 512 1568 διαϐήσονται
526 1533 573 1560 ἐπὶ
588 1532 681 1568 θρόνου
702 1540 759 1558 σου.
782 1541 791 1557 ›
813 1531 882 1558 Ἀλλ’
897 1550 918 1580 C

99 1581 113 1607 δ
136 1580 221 1612 οὕτως
245 1579 366 1614 γεγονὼς
390 1579 532 1614 εὐδόκιμος
559 1578 640 1613 Ἰηοὺ,
662 1577 883 1612 προσκέκρουκεν

100 1625 173 1653 οὐδὲν
194 1622 275 1662 ἦττον
300 1625 375 1660 Θεῷ·
398 1624 428 1652 οὺ
452 1624 507 1660 γὰρ
530 1624 650 1659 περιεῖλε
673 1624 722 1655 τὰς
743 1624 881 1659 δαμάλεις,

100 1672 277 1707 κατεφωρᾶτο
291 1671 320 1697 δὲ
343 1670 391 1697 καὶ
405 1669 485 1701 αὐτὸς
500 1670 529 1696 ἐν
550 1671 611 1701 ταῖς
633 1668 781 1704 ἁμαρτίαις
801 1669 882 1704 Ἱερο-

101 1717 170 1752 εοὰμ
184 1717 301 1748 ἀνοσίως
314 1716 529 1751 πεπορευμένος.
548 1713 615 1742 Εἶτα
629 1715 741 1749 γέγονεν
763 1714 792 1747 ἐξ
812 1715 883 1750 Ἰηοῦ

101 1762 207 1797 πρῶτος
223 1761 281 1792 υἱὸς
296 1760 418 1796 Ἰωάχας,
435 1761 505 1796 ἀνὴρ
521 1760 569 1787 καὶ
582 1760 664 1791 αὐτὸς
679 1760 882 1795 εἰδωλολάτρης,

101 1809 147 1836 καὶ
166 1810 227 1840 ταῖς
246 1807 380 1843 δαμάλεσι
399 1807 568 1843 προσκυνῶν.
587 1807 656 1834 ’Λλλ’
671 1807 700 1834 ὲν
710 1808 765 1838 τοῖς
780 1808 884 1842 καιροῖς

101 1854 198 1887 αὑτοῦ,
223 1854 324 1889 φησὶν,
355 1862 364 1879 ι
389 1853 517 1889 Ὠργίσθη
542 1852 620 1888 Ουμῷ
647 1852 748 1888 Κύριος
771 1853 817 1879 ἐπὶ
839 1852 885 1879 τὸν

107 1900 223 1936 Ἰσραὴλ,
246 1899 295 1926 καὶ
309 1899 410 1926 ἔδωκεν
428 1899 526 1931 αὐτοὺς
543 1899 572 1925 ἐν
589 1899 662 1934 χειρὶ
687 1898 785 1933 ’Λζαὴλ
808 1897 886 1933 βασι-

101 1945 168 1977 λέως
189 1945 300 1980 Συρίας,
325 1944 373 1971 καὶ
393 1945 423 1971 ὲν
445 1944 519 1979 χειρὶ
543 1944 642 1978 Ἀδερ,
666 1943 726 1970 υίοῦ
749 1942 856 1978 Ἀζαήλ.
875 1951 884 1968 ι

102 1991 235 2026 Δεύτερος
251 1990 282 2023 ἐξ
299 1991 412 2026 Ἰωάχας
427 1989 617 2025 βεϐασίλευκεν
639 1989 726 2022 Ίωὰς,
751 1989 797 2016 καὶ
811 1986 888 2020 οὗτος

101 2037 171 2072 ἀνὴρ
186 2036 317 2072 πονηρός.
333 2036 432 2072 Τρίτος
453 2035 605 2071 Ἰεροὸοὰμ,
621 2033 651 2062 οὗ
667 2036 713 2062 καὶ
731 2035 887 2070 βασιλεύον-

101 2091 145 2115 τος
163 2083 280 2118 instat
298 2082 349 2117 τῆς
363 2082 530 2118 προφητείας
553 2082 641 2117 Ὧσηέ.
657 2082 789 2117 Τέταρτος
807 2081 886 2114 Ἀζα-

105 2129 164 2165 ρίας
178 2128 208 2162 ἐξ
228 2128 378 2164 Ἰεροεοὰμ,
401 2127 448 2154 καὶ
464 2127 545 2159 αὐτὸς
566 2126 770 2162 εἰδωλολάτρης.
787 2127 887 2154 Τοῦτον

103 2175 263 2202 ἀπέκτεινεν
285 2175 299 2201 ὁ
320 2174 435 2208 Σελούμ.
460 2173 566 2199 Οὐκοῦν
589 2172 740 2208 ἐπειδήπερ
762 2172 888 2206 κέχριστο

931 937 1022 964 datum
1053 937 1181 972 propheta
1203 936 1340 970 implevit.
1372 937 1472 964 Deinde
1500 941 1598 965 unctus
1621 937 1690 965 Jehu
1707 957 1716 972 ,

931 983 1069 1010 descendit
1089 989 1123 1009 ex
1145 982 1280 1015 Samaria,
1302 982 1453 1017 divinaeque
1478 982 1525 1010 ira:
1542 983 1569 1009 in
1595 983 1718 1011 sontibus

931 1019 1075 1062 puniendis
1095 1027 1238 1054 satisfecit.
1261 1027 1326 1054 Nam
1340 1028 1437 1054 occidit
1450 1028 1553 1059 Achab,
1567 1032 1593 1055 et
1603 1028 1718 1056 cadaver

932 1073 991 1108 ejus
1005 1073 1031 1099 in
1049 1073 1155 1100 vineam
1181 1072 1286 1100 Naboth
1311 1072 1420 1106 abjccit.
1439 1073 1534 1100 Postea
1550 1072 1715 1108 Jezabelem,

933 1124 960 1146 ct
978 1118 1150 1154 septuaginta
1175 1119 1245 1146 ﬁlios
1268 1119 1373 1152 Achab,
1395 1120 1440 1154 qui
1460 1120 1485 1147 in
1514 1125 1573 1148 tota.
1593 1120 1717 1149 Samaria

932 1171 1020 1198 erant,
1040 1166 1098 1192 neci
1115 1165 1198 1192 dedit.
1217 1164 1321 1198 Quibus
1334 1165 1416 1191 etiam
1429 1165 1622 1199 Baaladdidit;
1640 1167 1718 1200 cujus

933 1217 1039 1239 statuas
1059 1211 1218 1244 combussit,
1237 1216 1264 1238 et
1283 1211 1394 1238 delubra
1413 1212 1504 1244 diruit,
1517 1217 1545 1239 et
1561 1212 1634 1247 ipsos
1655 1213 1716 1246 ejus

933 1259 1091 1286 sacerdotes
1112 1258 1256 1292 jugulavit.
1286 1257 1326 1284 0b
1339 1265 1399 1292 quae
1420 1257 1490 1284 Deus
1511 1257 1584 1284 illum
1602 1258 1716 1292 laudat;

933 1304 998 1340 quin
1013 1305 1093 1331 etiam
1111 1304 1254 1339 promittit,
1271 1304 1312 1330 his
1326 1303 1416 1330 verbis
1435 1312 1442 1330 :
1463 1312 1473 1328 ι
1492 1303 1553 1330 Filii
1573 1304 1610 1330 tui
1624 1305 1720 1339 ’usque

934 1351 967 1377 ad
983 1355 1106 1385 quartam
1120 1349 1322 1384 generationem
1339 1349 1471 1376 sedebnnt
1485 1356 1567 1384 super
1590 1349 1719 1376 thronum

935 1401 1010 1423 tuum
1026 1396 1060 1423 ⁶¹.
1089 1396 1098 1422 i
1117 1395 1217 1422 Verum
1242 1395 1277 1422 ita
1297 1394 1411 1421 celebris
1432 1394 1499 1421 .Iehu
1513 1413 1522 1427 ,
1543 1395 1719 1423 nihilominus

937 1443 1020 1469 Deum
1038 1441 1116 1469 lmsit.
1133 1441 1186 1468 Nec
1199 1441 1270 1467 cnim
1281 1440 1379 1467 vitulos
1393 1440 1506 1468 abstulit
1520 1448 1526 1466 :
1539 1445 1566 1467 ct
1581 1441 1638 1476 ipse
1651 1448 1720 1476 quos

935 1494 987 1522 que
1014 1487 1040 1514 iu
1058 1486 1176 1521 peccatis
1200 1481 1343 1513 Jeroboam
1370 1485 1450 1520 impie
1470 1486 1607 1513 ambulare
1624 1487 1721 1522 depre-

937 1533 1036 1559 hensus
1062 1537 1115 1558 est.
1151 1531 1251 1558 Deinde
1281 1539 1313 1558 ex
1340 1530 1406 1558 Jehn
1434 1531 1536 1566 primus
1567 1537 1646 1559 natus
1678 1538 1722 1560 est

909 1570 919 1581 ¹
935 1577 1062 1609 Joachaz,
1083 1577 1163 1603 homo
1184 1580 1210 1602 et
1237 1575 1293 1610 ipse
1317 1576 1468 1609 idololatra,
1483 1581 1510 1603 et
1531 1576 1628 1603 vitulos
1654 1578 1722 1604 ado-

937 1631 1000 1650 rans
1014 1623 1047 1650 “.
1062 1621 1162 1649 Verum
1187 1621 1244 1656 ejus
1263 1622 1438 1656 temporibus,
1461 1622 1548 1656 inquit
1566 1621 1721 1657 Scriptura,

939 1678 948 1694 ι
970 1669 1056 1696 Iratus
1077 1673 1120 1696 est
1139 1667 1213 1694 furor
1235 1667 1342 1694 Domini
1366 1674 1446 1701 super
1466 1666 1557 1699 Israel,
1585 1673 1612 1694 et
1637 1668 1721 1695 tradi-

936 1707 976 1742 dit
1002 1722 1049 1742 eos
1077 1714 1103 1742 in
1130 1721 1209 1741 manu
1228 1713 1320 1746 Azael,
1351 1714 1421 1748 regis
1443 1713 1537 1748 Syrim,
1553 1718 1580 1740 et
1596 1714 1622 1740 in
1641 1722 1722 1741 manu

938 1760 1009 1786 Adcr
1027 1760 1074 1786 lilii
1092 1760 1172 1786 Azacl
1186 1759 1219 1786 ".
1241 1768 1250 1784 ι
1281 1759 1333 1794 19
1360 1759 1437 1786 Alter
1460 1766 1493 1785 ex
1518 1758 1641 1786 Joacltaz
1659 1768 1723 1795 pro-

939 1808 1047 1838 gnatus,
1064 1811 1160 1838 nempe
1175 1803 1249 1835 Joas,
1268 1804 1401 1838 regnavit,
1422 1803 1479 1838 ipse
1496 1808 1603 1838 quaque
1620 1805 1723 1839 impro-

939 1851 1007 1884 bus;
1026 1850 1120 1877 tertius
1135 1849 1287 1882 .Ieroboam,
1305 1850 1356 1876 sub
1370 1849 1447 1883 cujus
1467 1856 1549 1884 regno
1565 1849 1642 1877 Oscae
1660 1858 1723 1885 pro-

938 1897 1028 1931 phetia
1041 1896 1145 1923 initium
1159 1895 1251 1922 sumit.
1266 1895 1384 1927 Quartus
1393 1895 1506 1922 Azarias
1522 1895 1602 1930 (alias
1616 1895 1723 1923 Zacha-

942 1941 1008 1976 rias)
1021 1940 1174 1967 Jeroboami
1190 1940 1272 1972 (ilius,
1286 1940 1368 1966 ctiam
1385 1939 1535 1966 idololatra.
1553 1940 1725 1968 Iluuctrucin

941 1987 1015 2015 davit
1031 1986 1142 2014 Selium.
1160 1985 1292 2018 Quoniam
1322 1984 1402 2019 igitur
1430 1989 1527 2012 unctus
1553 1989 1612 2012 erat
1637 1985 1722 2019 JeItu,

939 2039 969 2060 ut
984 2033 1159 2060 ulcisceretur
1179 2031 1337 2066 sanguinem
1355 2030 1460 2058 Naboth
1491 2030 1643 2058 chraclita!
1663 2031 1724 2064 (fuit

940 2079 1070 2106 Samarite
1085 2078 1212 2112 oppidum
1229 2075 1357 2112 Jezracl),
1376 2081 1404 2103 et
1428 2081 1456 2103 ut
1479 2076 1588 2104 lsraclis
1611 2077 1724 2104 idolola-

941 2125 991 2152 tria
1003 2131 1107 2156 evcrsa,
1135 2123 1168 2149 de
1184 2128 1282 2150 cmtero
1305 2130 1352 2150 eos
1370 2130 1430 2149 cum
1459 2122 1513 2150 Deo
1533 2122 1722 2158 conjungi-ret,

941 2170 998 2205 ipso.
1007 2176 1071 2196 vero
1083 2172 1173 2203 postea
1192 2167 1290 2195 vitulos
1305 2167 1436 2198 adoravit,
1447 2173 1475 2194 et
1489 2167 1535 2194 ﬁlii
1546 2167 1605 2203 ejus
1620 2173 1723 2203 patrem

105 2222 153 2257 μὲν
166 2223 180 2248 ὁ
199 2221 282 2255 Ἰηοὺ,
299 2220 342 2246 ἵνα
360 2219 490 2254 ἐκδικήσῃ
508 2218 537 2244 τὸ
550 2215 620 2253 αἷμα
634 2217 681 2244 τοῦ
694 2217 842 2250 Ναϐουοαὶ,
857 2217 884 2249 ὃς

939 2224 1015 2243 suum
1032 2215 1168 2249 impietate
1184 2215 1335 2248 aequarunt,
1363 2222 1372 2238 ι
1398 2212 1529 2246 Ulciscar,
1547 2214 1643 2249 inquit,
1661 2222 1726 2241 son-

103 2264 136 2302 ἦν
159 2266 189 2299 ἐξ
210 2265 329 2300 ’ῐεζραὲλ
345 2264 434 2298 (πόλις
449 2263 478 2290 δὲ
500 2263 569 2298 αὕτη
587 2263 636 2298 τῆς
657 2262 825 2298 Σαμαρείας)
841 2262 888 2288 καὶ

105 2313 148 2340 ἵνα
161 2313 212 2347 τὴν
227 2311 275 2338 τοῦ
296 2310 406 2346 Ἰσραὴλ
422 2309 627 2344 είδωλολατρίαν
642 2308 783 2344 περιελὼν,
795 2308 888 2335 λοιπὺν

105 2357 237 2393 ἀναπείσῃ
252 2357 432 2392 προσκεῖσθαι
455 2355 524 2390 Θεῷ,
548 2353 607 2381 εἶτα
628 2354 723 2388 γέγονε
745 2354 792 2380 καὶ
809 2353 889 2386 αὐτὸς

106 2404 249 2439 δαμάλεων
265 2402 470 2438 προσκννητὴς,
485 2400 627 2432 δυσσεϐεῖς
639 2400 667 2426 δὲ
682 2400 757 2426 οὐδὲν
770 2397 850 2436 ἧττον
865 2400 890 2425 at

106 2451 134 2484 ἐξ
153 2449 235 2476 αὑτοῦ
261 2449 392 2482 γεγόνασῖ
413 2447 516 2478 παῖδες,
541 2455 551 2471 ι
576 2445 738 2481 Ἐκδικήσω,
759 2445 839 2479 φησι,
860 2444 890 2472 τὸ

106 2494 174 2530 αἷμα
185 2495 232 2522 τοῦ
252 2493 372 2529 Ἰεζραὲλ
395 2492 440 2518 ἐπὶ
452 2492 497 2518 τὸν
509 2489 582 2517 οἶκον
600 2489 681 2525 Ἰηού.
701 2499 710 2515 ι
728 2490 782 2516 Καὶ
796 2489 891 2525 ὥσπερ

107 2542 158 2577 τὰρ
180 2541 358 2576 ὲκδεδίκηκεν
379 2540 411 2565 ὲκ
428 2537 475 2565 τοῦ
492 2538 566 2564 οἴκου
587 2536 635 2563 τοῦ
656 2535 756 2572 Ἀχαάϐ
779 2535 823 2562 διὰ
841 2535 891 2570 τῆς

114 2587 179 2622 Ἰηοὺ
202 2585 355 2621 βασιλείας,
377 2583 463 2615 οὕτως
485 2582 624 2617 ἐκδικήσει
638 2582 685 2608 καὶ⁹
699 2582 731 2607 ὲκ
751 2580 798 2607 τοῦ
816 2580 889 2607 οἴκου

113 2633 188 2668 Ἰηοῦ.
208 2633 255 2660 Ἐν
270 2631 327 2666 γὰρ
342 2631 401 2661 ταῖς
417 2629 534 2664 ἡμέραις
555 2627 610 2654 τῶν
629 2627 693 2653 υιῶν
707 2625 789 2653 αὑτοῦ
807 2633 890 2652 πεπο-

108 2679 222 2715 λέμηκεν
237 2678 341 2713 Ἀζαὴλ
358 2676 484 2711 βασιλεὺς
499 2675 610 2711 Συρίας,
631 2673 679 2701 καὶ
694 2673 783 2708 μένω,
798 2673 890 2708 Ἄδερ,

108 2725 152 2753 καὶ
165 2727 328 2760 νενικήκασι
338 2722 386 2749 τὸν
403 2721 520 2757 Ἰσραὴλ,
534 2720 663 2751 πλείστας
677 2719 705 2745 δὲ
719 2719 784 2750 ὅσας
795 2717 850 2744 τῶν
863 2718 892 2743 ἐν

106 2771 247 2808 Σαμαρείᾳ
272 2768 465 2804 πεπορθήκασι
480 2767 583 2798 πόλεις.
603 2765 731 2792 Τίκτεται
755 2764 844 2791 τοίνυν
855 2763 892 2798 τῷ

137 2863 157 2879 ⁶¹
175 2862 208 2890 IV
222 2862 295 2898 Reg.
312 2867 369 2892 xvt,
389 2859 432 2886 IS.
471 2859 492 2874 θ’
509 2857 541 2885 IV
558 2857 625 2892 Reg.
638 2854 704 2890 'stu,
723 2855 751 2882 2.
792 2854 814 2870 "
832 2853 897 2881 ibid.
915 2852 941 2880 ὅ.

939 2262 1046 2297 guinem
1060 2260 1162 2287 Jezrael
1179 2266 1261 2294 super
1280 2259 1388 2286 domum
1414 2258 1493 2287 Jehu.
1518 2268 1528 2286 ›
1558 2259 1635 2286 Sicut
1654 2260 1726 2286 enim

939 2307 1011 2334 ultus
1036 2310 1078 2333 est
1103 2306 1136 2333 de
1162 2305 1244 2332 domo
1266 2304 1359 2332 Achab
1376 2311 1424 2338 per
1445 2312 1556 2339 regnum
1580 2304 1664 2336 Jehu;
1687 2304 1727 2331 sic

941 2352 1084 2379 ulciscetur
1097 2351 1178 2378 etiam
1193 2351 1225 2377 de
1240 2350 1320 2376 domo
1332 2349 1410 2376 Jehu.
1427 2349 1613 2383 Regnantibus
1636 2350 1723 2385 siqui-

941 2397 1001 2424 dcm
1018 2397 1080 2424 ﬁliis
1094 2389 1162 2431 ejus,
1179 2395 1260 2422 Azael
1279 2400 1305 2422 et
1318 2395 1400 2428 Ader,
1421 2402 1468 2422 seu
1491 2395 1629 2426 Bent-dati,
1651 2403 1727 2430 reges

944 2442 1031 2478 Syria:
1058 2442 1157 2470 bellum
1184 2441 1251 2476 ipsis
1280 2442 1413 2473 fecerunt,
1437 2446 1465 2467 et
1491 2441 1605 2468 subacto
1629 2441 1728 2468 Israelc

943 2489 1025 2515 urbes
1036 2487 1168 2515 Samaria:
1180 2487 1396 2522 quamplurimas
1407 2490 1575 2513 everterunt.
1599 2485 1728 2513 Nascitur

944 2540 1008 2568 ergo
1022 2532 1159 2567 prophetae
1177 2532 1316 2567 puerulus,
1333 2531 1375 2559 cui
1390 2535 1417 2558 et
1433 2537 1528 2558 nomen
1546 2530 1648 2557 inditur
1664 2530 1727 2557 .Iez-

945 2578 1011 2610 racl,
1040 2577 1122 2605 veluti
1142 2577 1198 2605 Deo
1215 2578 1391 2605 commissum
1412 2577 1439 2604 in
1459 2575 1563 2604 Naboth
1585 2581 1726 2610 peccatum

945 2624 1113 2652 recordante.
1130 2623 1194 2651 Viro
1207 2630 1323 2657 namque
1343 2623 1419 2658 justo
1432 2626 1459 2650 et
1479 2621 1604 2656 religioso
1627 2621 1727 2656 injuste

947 2670 1081 2698 trucidato
1094 2689 1102 2703 ,
1131 2669 1267 2704 quomodo
1284 2669 1421 2702 justorum
1443 2673 1517 2696 tutor
1538 2675 1570 2696 ac
1595 2671 1727 2702 patronus

946 2716 1117 2751 quievisset?
1143 2715 1329 2743 Contr-iturum
1357 2714 1442 2750 igitur
1473 2714 1607 2750 promittit
1634 2719 1727 2740 arcum

946 2763 1027 2791 Israel
1044 2763 1070 2792 in
1086 2762 1156 2791 valle
1166 2760 1281 2790 Iezrael.
1303 2759 1389 2789 Victae
1415 2765 1479 2789 sunt
1504 2761 1578 2789 enim
1589 2779 1597 2794 ,
1616 2764 1645 2787 ut
1658 2758 1728 2792 dixi,
