1913 3042
204 143 242 171 εθ
711 136 742 163 s.
762 133 899 163 crtuLLt
919 129 1156 160 ALEXANDRINI
1175 130 1336 159 ARClllEP.
1797 123 1835 152 40

207 203 241 230 ab
255 203 354 230 Azacle
377 206 405 230 et
420 201 493 229 Ader
516 200 603 227 tribus
632 197 726 226 Israel.
751 197 783 223 Et
796 197 855 223 lucc
879 194 985 229 quidem

1039 194 1165 230 προφήτῃ
1192 193 1308 225 παιδίον,
1333 189 1356 227 ᾧ
1379 193 1425 220 καὶ
1441 193 1527 227 ὄνομα
1548 190 1578 217 τὸ
1606 187 1734 224 Ἰεζραὲλ,
1750 186 1836 212 οἱονεί

206 247 345 276 historice.
1041 235 1099 270 πως
1114 237 1183 264 Θεοῦ
1196 239 1246 273 τὴν
1257 238 1304 264 ἐπὶ
1320 237 1360 272 τῷ
1374 237 1514 264 Ναϐουθαὶ
1527 235 1676 270 γενομένην
1692 231 1835 267 ἁμαρτίαν

206 295 470 330 ἀναμιμνήσκοντος.
492 291 601 326 Ἀνδρὺς
613 290 667 325 γὰρ
677 290 782 316 δικαίου
809 289 857 315 καὶ
888 287 1018 319 εὐλαόοὖς
1037 287 1137 318 ἀδίκως
1170 287 1352 321 ἀνῃρημένου,
1378 285 1437 316 πῶς
1461 285 1493 311 ἂν
1519 284 1658 319 ἠρέμησεν
1681 283 1695 308 ὁ
1715 280 1771 307 τῶν
1793 279 1836 306 δι-

207 326 300 368 καίων*
323 326 494 376 προστάτηςς
513 338 674 374 Συντρίψειν
709 335 755 364 οὖν
775 336 971 370 ἐπαγγέλλεται
1002 334 1077 367 τόξον
1099 334 1145 360 τοῦ
1166 333 1272 368 Ἰσραὴλ
1296 335 1324 359 ἐν
1361 334 1393 368 τῇ
1412 331 1513 358 κοιλάδι
1536 331 1583 356 τοῦ
1605 328 1732 364 ’ἰεζραέλ.
1754 326 1835 353 Nevi-

207 396 302 423 κηνται
323 373 387 423 γαρ,
404 387 442 418 ὡς
459 386 538 421 ἔφην,
553 373 605 411 ὑπό
627 393 656 411 τε
671 385 717 411 τοῦ
739 383 848 419 Ἀζαὴλ.
872 383 919 409 καὶ
957 382 1047 418 μέντοι
1087 381 1134 408 τοῦ
1148 381 1229 416 Ἀδερ
1241 382 1268 407 at
1283 380 1365 415 φυλαὶ
1397 379 1444 406 τοῦ
1460 378 1576 413 Ἰσραήλ.
1589 376 1645 403 Καὶ
1661 377 1675 402 ὀ
1693 375 1741 411 μὲν
1753 373 1834 407 λόγος

206 436 235 461 ἐν
248 434 352 465 τούτοις
367 433 421 460 τῶν
440 432 583 468 ίστορικῶς
595 431 807 467 πεπραγμένων.

240 482 295 515 Age
309 487 400 515 porro,
416 480 498 507 etiam
513 479 540 506 in
567 478 680 505 alteram
704 478 869 512 scripturam
888 483 988 504 conve-

205 525 306 554 nientia
321 525 453 557 dicamus,
471 525 504 551 ad
527 523 694 558 spiritualem
714 522 985 555 commentationem,

205 571 262 599 sive
278 577 386 598 sensum
413 577 427 596 a
445 570 500 596 Deo
514 569 584 596 dicta
609 572 780 596 revocantes.
805 567 908 595 Nobilis
925 574 987 602 pro—

208 620 269 649 pter
298 615 415 649 majores
446 614 600 642 Judatorum
645 613 797 648 Syuagoga.
827 613 987 640 Servierunt

205 660 276 687 enim
295 660 442 692 Abraham,
460 664 486 686 et
500 658 546 685 lilii
564 666 596 685 ac
609 663 721 694 nepotes
737 659 796 693 ejus
810 659 865 686 Deo
888 659 995 686 viventi-

204 710 232 733 et
248 712 312 732 vero
327 714 334 738 ;
348 705 412 739 quiti
431 705 513 731 etiam
532 703 645 737 justilite
666 703 779 730 Studiosi
805 703 938 734 cultores,
962 707 989 729 et

204 750 329 777 omnibus
344 750 474 776 virtutum
489 755 679 783 germanarutn
693 748 844 776 actionibus
867 748 988 783 insignes

1077 474 1144 510 Φέρε
1161 473 1189 500 δὲ
1206 474 1254 500 καὶ
1274 474 1314 504 εἰς
1327 472 1375 508 τὴν
1391 472 1485 506 ἑτέραν
1500 469 1608 506 γραφὴν
1622 468 1655 495 τὰ
1676 468 1768 494 εἰκότα
1788 466 1831 492 λέ-

1040 529 1145 556 γωμεν..
1169 519 1381 554 ἀνακομίζοντες
1400 518 1451 553 ἥδη
1468 517 1534 552 πρὸς
1549 516 1664 551 θεωρίαν
1680 522 1831 548 πνευματι-

1041 567 1090 602 κὴν
1104 567 1139 593 τὰ
1155 566 1287 601 εἰρημένα
1303 564 1378 600 παρὰ
1396 564 1462 590 Θεοῦ
1474 582 1482 589 .
1494 562 1613 597 Εὐγενὴς
1631 561 1680 596 μὲν
1702 560 1746 586 διὰ
1766 559 1830 589 τοὺς

1039 613 1162 648 πατέρας
1185 613 1202 647 ἡ
1226 611 1281 637 τῶν
1303 610 1436 637 Ἰουδαίων
1452 609 1608 643 Συναγωγή.
1627 605 1829 640 Λελατρεύκατι

1038 659 1093 694 γὰρ
1110 660 1134 685 οἱ
1148 658 1220 694 ἀμφὶ
1239 658 1284 684 τὸν
1300 656 1445 683 θεσπέσιον
1461 654 1587 690 Ἀϐραὰμ
1602 653 1662 688 Θεῷ
1675 652 1758 684 ζῶντι
1781 651 1828 677 καὶ

1037 704 1167 740 ἀληθινῷ,
1187 705 1235 730 καὶ
1258 703 1310 737 μὴν
1323 702 1370 729 καὶ
1385 701 1558 735 δικαιοσύνης
1572 699 1714 734 γεγόνασιν
1729 698 1828 732 ἐπιμε-

1037 750 1138 785 ληταὶ,
1165 750 1211 775 καὶ
1237 748 1356 779 ἁπάσαις
1381 745 1590 781 ἀγαθοεργείαις
1613 744 1642 771 εὖ
1666 744 1738 780 μάλα
1761 751 1827 769 κατ-

204 796 348 824 admodum
368 799 396 822 ct
414 793 480 822 clari
494 794 612 826 fuerunt,
637 798 664 821 et
678 794 703 821 in
718 793 774 831 ﬁde
787 793 947 825 immobiles,
962 798 985 819 et

1040 794 1213 829 εστεμμένοι,
1224 793 1271 819 καὶ
1282 792 1439 826 γνησιότητι
1455 789 1651 826 διαπρέποντες
1663 809 1670 821 ,
1686 787 1733 814 καὶ
1747 786 1825 813 ὰκλό-

205 842 232 869 in
249 841 323 868 omni
339 847 442 874 genere
463 839 593 866 bonitatis
608 839 761 866 exercitati.
784 839 832 865 Ast
858 839 903 865 ubi
919 838 989 866 fame

204 885 334 921 compulsi
347 885 482 920 Egyptiis
493 892 523 912 se
537 885 784 916 commiscuerunt,
798 883 889 918 ibique
908 884 988 918 longo

204 937 324 967 tempore
337 935 554 966 permanserunt,
577 937 671 957 eorum
695 929 796 963 posteri
815 929 883 956 alios
899 936 988 956 mores

205 977 360 1008 induerunt,
385 976 507 1010 aliosque
520 982 618 1002 sensus
643 979 670 1002 et
685 974 866 1009 cogitationes
885 981 988 1002 assum-

203 1026 324 1055 pserunt,
340 1021 481 1056 indigenas
503 1021 536 1048 de
559 1024 659 1047 cattero
685 1020 784 1047 imitari
809 1024 961 1047 statuentes
978 1040 986 1052 ,

203 1069 392 1100 consuetaque
405 1066 525 1101 patribus
536 1085 543 1097 ,
566 1070 593 1093 et
609 1065 739 1101 praeclare
753 1065 883 1100 praestita:
897 1065 985 1100 pieta~

204 1111 240 1138 tis
258 1118 369 1145 parvam
394 1111 505 1138 omnino
529 1110 662 1138 rationem
686 1110 825 1138 ducentes.
851 1111 988 1139 Adoravc-

202 1160 266 1183 runt
277 1156 349 1191 enim
368 1165 378 1182 ‹
400 1161 554 1183 creaturam
577 1155 668 1190 potius
684 1163 764 1190 quam
778 1156 985 1188 Creatorem“,

203 1207 231 1228 et
244 1209 327 1235 opera
344 1209 473 1229 manuum
486 1209 596 1228 suarum
617 1202 650 1235 ",
669 1211 678 1227 ι
700 1202 771 1229 sicut
785 1202 914 1237 scriptum
936 1207 985 1230 est.

204 1246 244 1273 Eo
259 1250 350 1273 autem
374 1245 586 1273 abominationis
613 1246 739 1273 abierunt
763 1251 790 1274 et
812 1247 848 1274 ita
876 1247 987 1281 profane

203 1292 287 1319 vitam
307 1291 482 1324 transierunt,
499 1295 529 1318 ut
552 1291 597 1318 vix
621 1290 704 1318 ullum
731 1291 910 1326 improbitatis
934 1292 988 1327 20

203 1337 313 1363 modunt
339 1336 443 1364 discere
468 1340 495 1363 et
520 1336 669 1364 consectari
692 1337 923 1371 praetermiserim.
949 1339 988 1365 Ac

203 1382 269 1409 mibi
286 1389 351 1409 sane
365 1382 435 1409 idem
451 1381 504 1408 illis
529 1382 635 1408 videtur
658 1381 812 1414 accidisse,
838 1383 910 1417 quod
929 1390 987 1409 mu-

203 1427 263 1455 lieri
278 1428 393 1461 sapienti
412 1435 462 1455 nee
476 1427 598 1462 ignobili,
613 1435 674 1462 qua:
703 1428 824 1456 moribus
846 1429 901 1456 suis
922 1429 985 1456 teli-

203 1474 264 1505 ctis,
296 1478 323 1500 et
342 1473 492 1501 honestatis
510 1481 540 1500 ac
555 1474 696 1501 modestia:
717 1474 812 1501 studiis
828 1474 909 1502 etiam
940 1481 987 1501 va~
1002 1472 1023 1500 (Ξ

204 1519 259 1547 lere
285 1518 380 1553 jussis,
404 1519 492 1552 potius
521 1519 548 1545 in
569 1520 658 1554 specie
680 1524 706 1546 et
724 1520 844 1547 vestibus
868 1521 988 1547 meretri-

196 1564 252 1592 ’e‘iis
271 1564 388 1599 conspici
400 1564 528 1595 instituit.
549 1565 608 1598 Quo
626 1566 697 1592 enim
715 1566 793 1592 modo
820 1566 987 1594 muliertalis

158 1612 160 1614 '
202 1609 322 1638 omnium
349 1609 535 1643 voluptatibus
557 1610 656 1644 servit},
679 1611 767 1637 omnis
794 1611 926 1638 molestia:
945 1619 987 1638 se-

206 1661 284 1687 cura,
295 1653 388 1681 eodem
408 1654 488 1680 modo
504 1654 592 1681 anima
608 1655 724 1681 hominis
738 1655 818 1681 simul
834 1662 866 1682 ac
882 1655 988 1682 aralio-

203 1701 283 1728 nibus
300 1699 409 1734 pietatis
422 1699 570 1732 deﬂexerit,
595 1701 811 1735 charitatemque
826 1708 889 1735 erga
905 1701 986 1728 Deum

201 1746 425 1779 ﬂoccipenderit,
444 1749 471 1772 et
501 1746 534 1772 ad
561 1745 690 1781 Satanam
718 1746 901 1779 inclinaverit,
929 1755 986 1773 ma-

202 1791 335 1825 lignorum
347 1791 488 1825 spirituum
498 1791 692 1824 cupiditatibus
701 1791 880 1825 obtemperat.
893 1791 986 1826 Itaque

203 1836 336 1862 fornicata
370 1841 410 1863 est
440 1836 618 1870 spiritualiter
645 1837 671 1862 in
695 1836 814 1872 Egypto
834 1836 985 1865 Iudaeorum

203 1882 357 1917 Syuagoga.
379 1881 523 1909 Prostabat
543 1882 626 1914 enim,
644 1888 673 1909 ut
696 1883 764 1914 dixi.
782 1883 931 1911 daemonum
944 1885 988 1912 de-

202 1928 319 1959 sideriis,
334 1933 367 1955 'et
380 1929 412 1955 ad
429 1935 510 1955 omue
530 1929 710 1962 quodcunque
731 1928 784 1955 illis
801 1928 982 1962 collibnisset,

202 1980 256 2000 non
284 1972 393 2000 dillicile
421 1973 586 2007 rapiebatur.
615 1973 748 2000 Cancrum
778 1974 815 2000 ita
839 1975 984 2009 projectam

201 2019 324 2046 visitavit
350 2018 494 2045 miseratus
508 2018 588 2050 Deus,
615 2023 642 2045 et
666 2019 755 2045 denuo
776 2020 899 2053 pudicatn
927 2022 986 2048 red-

201 2064 265 2091 dere
277 2063 385 2090 molitus
398 2067 450 2095 est,
459 2068 486 2090 et
498 2063 691 2097 propetuodum
706 2065 923 2092 contubernalem
938 2067 986 2093 im-

202 2116 296 2142 puram
314 2108 397 2139 illatn.
417 2107 463 2141 qui
486 2113 527 2135 est
550 2109 671 2135 omnium
697 2111 863 2138 castissimus
887 2116 913 2138 et
935 2119 983 2146 pu-

201 2154 337 2186 rissimus,
367 2157 393 2180 et
421 2157 535 2180 matrem
561 2154 675 2181 ﬁliorum
700 2155 773 2188 fecit,
802 2161 828 2182 ct
849 2158 983 2185 cbaritate

200 2200 326 2233 dignatus
342 2203 394 2230 cst,
414 2205 524 2234 propter
539 2204 631 2227 natum
659 2208 692 2228 cx
714 2209 746 2228 ea
762 2203 981 2237 primogenitum,

200 2244 252 2271 hoc
267 2249 310 2271 est
326 2243 443 2277 Jezrael,
474 2245 544 2278 quod
569 2245 665 2273 Latine
686 2253 774 2279 sonat,
805 2257 891 2275 δεηιρη
920 2249 980 2276 Dei.

200 2290 271 2324 Ergo
291 2289 387 2316 Oscam
408 2290 433 2316 in
452 2290 608 2325 imaginem,
622 2296 648 2319 et
669 2297 759 2328 typum
773 2294 981 2327 sapientissime

200 2336 279 2370 hujus
296 2336 542 2364 administrationis
560 2337 604 2363 Dei
632 2339 766 2365 delectum
790 2340 907 2366 intuere.
928 2340 982 2367 Co-

199 2382 309 2416 pulatur
323 2381 425 2408 Gomer
440 2383 543 2410 mulieri
559 2384 695 2410 meretrici
711 2385 840 2418 prepltela
854 2390 980 2419 sanctus;

199 2427 244 2455 illa
260 2427 284 2454 ei
301 2428 404 2462 peperit
422 2428 537 2456 JesraelI
551 2429 588 2455 lta
603 2430 672 2456 Deus
688 2437 735 2464 per
749 2430 980 2463 sapicutissimmu

199 2472 308 2508 Moysen
334 2472 486 2500 Judmorum
519 2473 691 2508 Synagogam
723 2474 757 2500 ad
784 2474 931 2501 amicitiam
956 2481 983 2503 et

198 2519 416 2546 communionem
443 2519 612 2554 spiritualem
642 2520 770 2549 vocabat.
801 2525 910 2555 propter
935 2529 982 2548 ua—

199 2563 331 2590 sciturum
349 2571 382 2590 ex
399 2571 430 2590 ea
448 2563 669 2598 primogenitum,
694 2564 817 2591 videlicet
830 2565 981 2599 Christum,

198 2608 243 2642 qui
255 2616 348 2636 revera
364 2613 406 2636 est
420 2615 513 2635 semen
530 2607 587 2634 Dei.
605 2606 691 2636 Natus
704 2613 747 2637 est
766 2611 836 2638 ettint
852 2618 885 2638 ex
902 2611 982 2640 Patre

198 2653 294 2688 Filius,
307 2654 432 2689 quamvis
443 2659 508 2680 caro
518 2652 607 2681 factus
618 2654 663 2680 sit.

234 2841 256 2858 “
268 2840 348 2870 Rom.
360 2850 380 2876 ι,
394 2841 439 2870 25.
478 2843 500 2860 ⁸⁸
520 2842 600 2873 Mich.
618 2851 644 2878 v,
664 2844 705 2872 l2.

1040 848 1114 874 νητοι
1130 839 1180 874 τὴν
1198 838 1304 869 πίστιν⁹
1320 837 1367 864 καὶ
1385 838 1439 864 πᾶν
1454 834 1522 867 εἶδος
1537 834 1687 866 ἐπιεικείας
1702 834 1826 868 ἐπήσκη-

1040 886 1126 917 κότες.
1158 884 1265 919 Ἐπειδὴ
1288 883 1317 910 δὲ
1342 882 1422 918 λιμοῦ
1455 881 1663 916 κατωθήσαντος
1692 877 1826 914 ἐπέμιξαν

1038 931 1209 965 Αἰγυπτίοις,
1226 928 1285 956 εἶτα
1302 930 1424 964 μακροὺς
1441 929 1529 955 ἐκεῖσε
1546 925 1747 953 διατετελέκασι
1761 923 1827 959 χρό-

1039 985 1111 1010 νους,
1123 975 1297 1012 ἐτερότροποί
1310 983 1339 1001 τε
1368 974 1414 1001 καὶ
1429 972 1645 1009 ἐτερογνώμονες
1656 972 1679 997 οἱ
1692 971 1722 1003 ἐξ
1734 970 1826 997 αὐτῶν

1038 1023 1176 1058 γεγόνασι,
1193 1023 1250 1053 τοῖς
1262 1021 1316 1048 τῶν
1329 1020 1505 1047 ἐνοικούντων
1524 1018 1613 1045 ἔθεσιν
1629 1016 1742 1044 ἕπεσθαι
1755 1017 1824 1051 ᾑρη-

1040 1069 1116 1104 μένοι
1127 1068 1231 1100 λοιπδν,
1249 1068 1296 1094 καὶ
1312 1067 1391 1100 ὀλίγα
1405 1065 1543 1097 παντελῶς
1556 1065 1605 1100 τῆς
1617 1065 1673 1095 τοῖς
1688 1063 1826 1097 πατράσιν

1039 1113 1179 1150 ὲντριϐοὖς
1201 1113 1247 1140 καὶ
1264 1112 1410 1147 ἐξαιρέτως
1436 1109 1656 1146 κατορθουμὲνης
1682 1107 1825 1138 εύσεὸείας

1039 1159 1261 1195 πεφροντικότες.
1290 1156 1532 1192 Προσκεκυνήκασι
1557 1154 1610 1190 γὰρ
1640 1163 1649 1179 ι
1667 1154 1706 1188 Τῇ
1736 1152 1824 1179 κτίσει

1038 1205 1114 1240 παρὰ
1127 1205 1174 1231 τὸν
1186 1203 1326 1236 κτίσαντα,
1340 1203 1386 1230 καὶ¹
1409 1203 1465 1234 τοῖς
1480 1201 1572 1237 ἔργοις
1584 1200 1638 1226 τῶν
1655 1199 1755 1234 χειρῶν
1773 1198 1824 1224 αὑ-

1038 1253 1103 1284 τῶν,
1123 1261 1133 1278 ι
1155 1251 1228 1278 καθὰ
1253 1251 1417 1286 γέγραπται.
1442 1247 1605 1282 Κατῴχοντο
1631 1247 1659 1273 δὲ
1683 1245 1824 1281 βδελυρίας

1039 1300 1078 1330 εἰς
1090 1297 1170 1324 τοῦτο
1196 1298 1243 1324 καὶ
1259 1296 1373 1332 βεϐήλου
1390 1295 1473 1329 ζωῆς,
1489 1294 1526 1325 ὡς
1541 1293 1610 1327 τάχα
1623 1301 1674 1318 που
1690 1291 1824 1326 φαυλότη-

1037 1353 1083 1376 τος
1104 1344 1205 1379 τρόπον
1226 1343 1298 1378 ἔχειν
1323 1342 1531 1377 ἀνεπιτήδευτον
1554 1339 1694 1370 παντελῶς
1717 1338 1822 1365 οὐδένα.

1038 1390 1092 1416 Καί
1110 1390 1155 1425 μοί
1178 1398 1205 1416 τι
1225 1389 1322 1415 παθεῖν
1342 1387 1449 1414 δοκοῦσι
1475 1387 1589 1416 τοιοῦτο.
1606 1386 1674 1420 ὅπερ
1692 1385 1725 1411 ἂν
1742 1383 1825 1411 πάθοι

1038 1435 1106 1470 γυνὴ
1127 1437 1195 1469 σοιρή
1212 1444 1241 1460 τε
1258 1434 1306 1460 καὶ
1322 1433 1444 1468 εὐγενὴς,
1463 1433 1509 1458 τὸν
1526 1433 1575 1467 μὲν
1589 1431 1687 1466 ἑαυτῆς
1708 1429 1825 1466 μεθεῖσα

1039 1481 1150 1516 τρόπον,
1168 1481 1248 1515 μόνον
1261 1480 1290 1506 δὲ
1311 1479 1371 1514 οὐχ).
1396 1479 1443 1505 καὶ
1463 1477 1602 1514 ἐρρῶσθαι
1619 1476 1746 1512 φράσασα
1766 1477 1824 1507 τοῖς

1038 1527 1079 1557 είς
1095 1526 1245 1560 εὐκοσμίαν
1257 1524 1470 1560 ἐπιτηδεύμασιν
1481 1532 1488 1538 ’
1505 1523 1663 1559 ἀνῃρημένη
1677 1523 1704 1549 δὲ
1721 1522 1824 1557 μᾶλλον

1038 1571 1068 1597 τὺ
1083 1572 1112 1598 ἐν
1129 1571 1193 1597 εῖδει
1222 1571 1269 1597 καὶ
1284 1571 1421 1605 σχήμασιν
1435 1569 1549 1604 ὁρᾶσθαι
1565 1568 1825 1604 πορνικοῖς.“ονπερ

1037 1617 1091 1651 γὰρ
1106 1617 1206 1651 τρόπον
1221 1617 1236 1651 ἡ
1258 1616 1348 1643 τοιάδε
1364 1615 1432 1651 γυνὴ
1450 1615 1500 1647 τὰς
1519 1615 1645 1642 ἁπάντων
1661 1613 1760 1648 ἡδονὰς
1779 1613 1824 1648 ἐφ’

1037 1663 1119 1698 ἑαυτῇ
1134 1663 1243 1696 πληροῖ,
1255 1661 1414 1697 δυσχερείας
1431 1661 1541 1696 ἁπάσης
1553 1661 1734 1696 ἐξῃρημένης,
1751 1659 1825 1687 οὕτω

1037 1709 1084 1735 καὶ
1101 1707 1244 1743 ἀνθρώπου
1261 1708 1344 1742 ψυχὴ,
1361 1707 1415 1734 τῶν
1431 1708 1480 1742 τῆς
1493 1707 1634 1738 εὐσεϐείας
1647 1706 1824 1733 ἀπονὲύσασα

1038 1755 1267 1790 σπουδασμάτων,
1276 1755 1325 1780 καὶ
1341 1755 1450 1789 ἀγάπης
1460 1754 1508 1788 τῆς
1523 1754 1562 1784 εἰς
1572 1753 1637 1779 Θεὸν
1651 1753 1822 1788 ἁλογήσασα,

1037 1802 1083 1828 καὶ
1100 1801 1324 1836 προσκεκλημένη
1342 1800 1380 1834 τῷ
1397 1800 1520 1835 Σατανᾷ,
1545 1799 1594 1830 τὰς
1616 1799 1670 1825 τῶν
1696 1798 1824 1833 πονηρῶν

1037 1848 1201 1882 πνευμάτων
1223 1847 1371 1882 ἐπιθυμίας
1396 1846 1558 1881 ἀποπληροῖ.
1585 1845 1690 1871 Οὐκοῦν
1720 1845 1823 1879 πεπόρ-

1037 1902 1131 1919 νευκεν
1144 1894 1171 1919 ἐν
1183 1893 1312 1927 Αἰγύπτῳ
1326 1892 1429 1928 νοητῶς
1445 1893 1462 1927 ἡ
1475 1892 1528 1918 τῶν
1547 1891 1679 1918 Ἰουδαίων
1694 1892 1823 1925 Συναγω-

1036 1939 1083 1974 γή.
1110 1939 1260 1974 Προῦκειτο
1278 1939 1344 1974 γὰρ,
1368 1938 1406 1969 ὡς
1429 1937 1508 1972 ἔφην,
1526 1938 1586 1967 ταῖς
1600 1937 1654 1963 τῶν
1677 1936 1823 1971 δαιμονίων

1037 1985 1195 2020 ἐπιθυμίαις
1216 1986 1256 2017 εἰς
1283 1985 1336 2011 πᾶν
1359 1983 1448 2010 ὁτιοῦν
1462 1983 1516 2009 τῶν
1532 1983 1623 2013 αὐτοῖς
1646 1982 1706 2008 καθ’
1724 1981 1822 2017 ἡδονὴν

1036 2031 1229 2066 ἁποφερομένη
1249 2030 1376 2060 εὐκόλως.
1408 2029 1477 2054 Ἀλλ’
1503 2028 1688 2054 ἐπεσκέπτετὸ
1715 2036 1746 2054 τε
1775 2028 1823 2054 καὶ

1035 2077 1108 2111 ὴλέει
1132 2076 1196 2107 Θεὸς
1233 2075 1281 2110 τὴν
1304 2075 1374 2101 οὕτω
1397 2074 1602 2109 διεῤῥιμμένην,
1627 2073 1672 2099 καὶ
1696 2073 1822 2108 σώφρονα

1037 2123 1118 2149 πάλιν
1143 2122 1226 2156 αὐτὴν
1247 2121 1405 2155 ἀποφαίνειν
1426 2120 1521 2155 ήθελε⁸
1537 2119 1618 2154 μόνον
1638 2119 1666 2145 δὲ
1690 2119 1751 2153 οὐχὶ
1773 2118 1822 2144 καὶ

1038 2168 1159 2194 σύνοικον
1183 2167 1268 2193 ἐποίει
1290 2167 1338 2201 τὴν
1364 2165 1476 2200 βέϐηλον
1508 2165 1522 2190 ὁ
1550 2165 1687 2198 πάναγνός
1719 2173 1749 2190 τε
1774 2164 1822 2191 καὶ

1035 2214 1164 2248 καθαρὸς,
1189 2214 1235 2240 καὶ
1260 2213 1363 2239 τέκνων
1386 2213 1470 2238 ἐποίει
1497 2211 1613 2247 μητέρα,
1637 2211 1683 2238 καὶ
1707 2211 1820 2245 ἀγάπης

1034 2259 1119 2294 ἠξίου,
1137 2259 1181 2286 διὰ
1194 2260 1238 2285 τὸν
1253 2259 1281 2291 ἐξ
1297 2259 1382 2293 αὐτῆς
1396 2259 1540 2294 γενόμενον
1552 2257 1732 2293 πρωτότοκον,
1742 2265 1822 2282 τουτ-

1035 2307 1092 2332 έστι
1109 2306 1153 2332 τὸν
1191 2305 1322 2340 Ἶεζραελ,
1345 2305 1374 2337 ὂς
1409 2304 1588 2340 ἑρμηνεύεται
1610 2303 1708 2337 σπορὰ
1732 2303 1819 2328 Θεοῦ.

1035 2353 1106 2387 Ὅρα
1126 2352 1158 2387 δὴ
1177 2350 1222 2378 οὖν
1240 2353 1279 2383 εἰς
1296 2351 1387 2377 εἰκόνα
1409 2352 1455 2377 καὶ
1477 2350 1561 2376 τύπον
1583 2349 1637 2376 τῶν
1658 2349 1730 2375 οὕτω
1750 2357 1821 2374 παν-

1034 2399 1122 2432 σόφως
1143 2397 1374 2432 οίκονομηθέντων
1396 2395 1471 2431 παρὰ
1497 2395 1565 2422 Θεοῦ
1590 2394 1745 2429 τεθειμένον
1773 2393 1819 2420 τὸν

1040 2444 1126 2478 Ὠσηέ.
1154 2444 1320 2470 Συνάπτεται
1339 2444 1373 2477 τῇ
1389 2442 1489 2476 Γόμερ,
1508 2441 1594 2476 πόρνῃ
1609 2439 1729 2474 γυναικὶ,
1751 2447 1820 2474 προ-

1031 2488 1118 2523 φήτης
1133 2487 1219 2522 ἅγιος.
1229 2488 1260 2513 Ἡ
1274 2487 1302 2513 δὲ
1317 2487 1426 2513 τέτοκεν
1439 2486 1514 2520 αὺτῷ
1528 2485 1574 2511 τὸν
1596 2484 1723 2519 Ίεζραέλ.
1738 2483 1820 2510 Οὕτω

1031 2534 1077 2560 καὶ
1089 2533 1154 2565 Θεὸς
1171 2533 1262 2559 ἐκάλει
1277 2532 1345 2568 πρὸς
1370 2531 1524 2566 οἰκειότητα
1545 2530 1589 2556 διὰ
1611 2530 1656 2556 τοῦ
1679 2529 1817 2563 πανσόφου

1030 2580 1161 2612 Μωσέως,
1195 2580 1243 2614 τὴν
1268 2579 1322 2605 τῶν
1345 2578 1478 2604 Ἰουδαίων
1504 2575 1676 2610 Συνανωγὴν,
1703 2575 1750 2601 καὶ
1777 2575 1817 2606 είς

1030 2626 1174 2653 κοινωνίαν
1193 2624 1393 2660 πνευματικὴν,
1415 2623 1459 2650 διὰ
1484 2623 1529 2649 τὸν
1543 2623 1572 2655 ἐξ
1588 2622 1672 2656 αὐτῆς
1687 2621 1816 2656 ἐσόμενον

1031 2673 1211 2709 πρωτότοκον,
1224 2672 1356 2704 τουτέστι,
1373 2670 1501 2706 Χριστὺν,
1517 2671 1546 2702 ὅς
1562 2671 1619 2695 ἐστι
1644 2667 1733 2702 σπορὰ
1746 2666 1816 2693 Θεοῦ

1031 2719 1101 2746 κατὰ
1123 2719 1154 2745 τὺ
1168 2718 1276 2753 ἀληθές.
1300 2717 1447 2752 Γεγένηται
1470 2716 1524 2754 γὰρ
1539 2716 1570 2742 ἐκ
1591 2714 1698 2750 Πατρὺς
1710 2714 1724 2740 ό
1740 2713 1816 2745 Υἱὸς,

1031 2765 1078 2792 κού⁵
1093 2766 1115 2791 εί
1131 2764 1227 2799 γέγονε
1244 2764 1321 2799 σάρξ.
