1913 3042
88 139 114 166 ιι
527 133 802 162 COMMENTARIUS
823 133 855 160 IN
876 133 992 161 OSEAM
1013 134 1232 163 PROPHETAM.
1654 139 1691 164 42

120 193 221 228 Ἐπειδὴ
235 194 263 220 δὲ
277 193 326 220 οὐκ
339 193 372 220 ἂν
386 193 485 229 ἑτέρως
501 194 605 228 γένοιτο
629 194 718 228 σαφὴς
749 194 796 220 καὶ
811 194 854 220 εὐ-

942 194 1072 226 Quoniam
1095 201 1157 220 vero
1172 192 1319 228 spiritualis
1338 192 1562 221 consinlcrationis
1583 192 1692 220 collatio

89 240 234 277 κρινεστάτη
249 240 300 274 τῆς
323 240 509 275 πνευματικῆς
523 240 640 276 θεωρίας
656 242 673 276 ὴ
692 240 853 276 παράθεσις,

90 287 120 321 μὴ
127 284 336 320 παρενεχθέντων
342 285 383 316 εἰς
391 285 472 320 μέσον
483 284 533 312 τῶν
542 285 686 321 ἱστορικῶς
693 286 854 320 γεγονότων,

90 332 153 366 φέρε,
167 330 245 357 πάλιν
263 329 352 356 αὐτῶν
367 331 562 366 ἐπιμνήσομαι.
577 330 640 358 Ὅτι
657 331 705 366 μὲν
722 328 768 357 οὖν
779 331 855 362 πόλις

89 377 102 410 ή
120 374 239 410 ἰεζραὲλ,
258 375 485 410 προαπήγγελκεν
509 376 575 410 ἡμῖν
599 376 723 412 ἐναργῶς
743 376 853 410 ὀλόγος.

94 421 153 447 Ἄλλη
167 419 202 452 ὡς
215 421 248 446 ἐκ
267 419 370 451 πόλεως
384 421 433 455 τῆς
451 420 571 456 Ἰεζραὲλ
600 421 724 457 σημαίνει
740 421 786 448 τὸν
803 422 856 448 Να-

89 467 179 498 ϐουθαὶ,
190 466 272 498 τύπος
288 467 309 493 δ’
327 466 360 493 ἂν
373 467 478 501 γένοιτο
493 467 540 493 καὶ
549 466 630 499 αὐτὸς
644 467 695 502 τῆς
709 468 737 494 ὲν
746 467 855 502 Χριστῷ

88 511 218 546 νοουμένης
237 511 405 546 οἰκονομίας,
429 511 628 546 Ἐρμηνεύεται
643 511 671 538 δὲ
694 511 741 538 καὶ
763 512 854 544 αὐτὸς,

88 557 232 592 ἐρχόμενος·
247 557 359 592 ὀνόματι
384 557 412 583 δὲ
435 557 475 592 τῷ
495 557 588 592 τοιῷδε
611 557 657 585 τὸν
684 558 856 594 Ἐμμανουὴλ

90 603 200 638 πημαίνει
221 602 379 634 πλειστάκις
393 602 424 629 τὺ
440 603 560 639 Γράμμα
581 603 612 630 τὸ
636 603 717 639 ἱερόν.
741 604 855 640 Εἴρηται

89 647 130 682 μὶν
146 645 187 674 οὖν
206 648 273 683 πρὸς
296 648 341 675 τὸν
357 648 490 684 μακάριον
507 650 651 685 προφήτην
680 650 854 686 ’Δὸϐακούμ·

91 694 155 719 ιἘτι
170 693 273 728 μικρὸν,
297 694 312 720 ὁ
336 694 483 729 ἐρχόμενος
502 693 574 730 ἥξει,
594 695 642 722 καὶ
659 696 690 722 οὺ
714 697 825 731 χρονιεῖ.
842 706 853 722 ι

89 735 175 765 Ψάλλει
185 738 211 764 δέ
222 747 274 765 που
297 739 344 765 καὶ
356 740 370 765 ὸ
382 739 474 772 Δαϐὶδ,
490 749 498 765 ι
511 740 700 776 Εὐλογημένος
711 743 725 768 ὁ
743 742 856 777 ἐρχόμε-

88 792 124 814 νος
137 785 162 810 ἐν
173 784 283 818 ὀνόματι
298 784 411 820 Κυρίου.
431 794 440 811 ι
468 786 524 812 Καὶ
538 786 591 822 μὴν
615 786 663 814 καὶ
686 787 793 819 αὑτὸςό
815 788 855 814 θε-

90 831 184 862 σπέσιος
194 830 347 867 Βαπτιστὴς
362 832 521 860 ἀποστέλλει
536 833 613 865 τινὰς
623 833 678 860 τῶν
691 834 788 861 ἑαυτοῦ
801 843 854 870 μα-

89 874 163 910 θητῶν
175 875 241 910 πρὸς
262 876 308 903 τὸν
327 875 426 911 Κύριον
441 877 520 913 ἡμῶν
537 878 639 913 Ἰησοῦν
661 879 788 914 Χριστὸν,
809 881 856 907 καὶ

87 920 113 956 δὴ
126 921 309 949 διεπυνθάνετο
323 922 421 957 λέγων,
452 933 462 949 ι
477 924 512 951 Σὺ
527 922 553 951 εῐ
565 926 580 951 ὁ
596 925 752 960 ἐρχόμενος,
767 926 783 962 ἢ
799 927 858 954 ἓτε-

89 975 125 1000 ρον
137 966 344 1002 προσδοκῶμενς
361 977 370 994 ι
388 968 451 995 Ὀτι
472 969 502 996 δὲ
516 967 550 1005 ἦν
566 970 607 1001 εἰς
624 971 715 998 εἰκόνα
726 970 855 1007 Χριστοῦ,

87 1012 203 1039 καὶτοῦτο
213 1013 310 1047 σαφῶς
321 1014 352 1040 ὲκ
363 1014 418 1040 τῶν
427 1015 470 1041 ἐπ’
481 1015 556 1051 αὐτῷ
567 1017 769 1052 γεγραμμένων
784 1017 857 1045 εἰσό-

88 1058 155 1093 μεθα.
173 1059 321 1095 Ἐπεθύμει
341 1058 390 1095 μὲν
405 1060 459 1096 γὰρ
472 1062 487 1087 ὸ
508 1061 611 1097 Ἀχαὰὸ
634 1063 857 1099 κατακτήσασθαι

87 1102 123 1129 τὸν
136 1103 277 1138 ἀμπελῶνα
300 1103 382 1130 αὐτοῦ
392 1123 399 1136 ,
414 1104 461 1130 καὶ
478 1105 517 1136 εἰς
532 1105 618 1140 κῆπον
634 1106 756 1141 λαχάνων
775 1115 857 1142 μετα-

92 1149 208 1176 σκευάσαι
229 1149 260 1176 τδ
274 1149 361 1182 οὕτως
386 1150 525 1186 ἐξαίρετον
542 1151 651 1187 χωρίον.
672 1152 700 1179 '0
715 1152 744 1178 δὲ
773 1153 858 1187 ἠγαν-

87 1194 152 1221 ἀκτει
167 1194 232 1229 πρὸς
239 1194 331 1227 τοῦτο,
340 1196 387 1223 καὶ
400 1195 438 1228 ὡς
447 1197 497 1223 οὐκ
509 1198 542 1224 ἂν
555 1199 673 1234 προῐοιτο
682 1205 746 1224 ποτε
759 1198 803 1224 τὸν
811 1197 857 1224 τοῦ

86 1240 174 1276 πατρὸς
195 1241 364 1275 ἀμπελῶνα,
383 1242 563 1278 διισχυρίζετο
586 1243 689 1277 σαφῶς,
720 1252 730 1269 ι
748 1244 793 1279 Μή
813 1252 858 1278 μοι

87 1280 132 1321 γᾶρ
144 1286 253 1320 γένοιτο,
270 1287 350 1322 φησι,
362 1287 507 1323 προδοῦναι
524 1288 673 1323 ἀμπελῶνα
689 1289 793 1324 πατρός
805 1288 857 1324 μού

87 1339 130 1358 σοι,
145 1340 153 1356 ι
174 1332 281 1368 Ἐπειδὴ
301 1333 330 1359 δὲ
345 1333 424 1364 τοῦτο
443 1333 602 1369 μεμάθηκεν
617 1335 633 1369 ἡ
647 1334 776 1371 θεομισὴς
811 1335 858 1362 καὶ

87 1376 184 1411 βέϐηλος
204 1377 334 1410 Ἰεζάϐελ,
355 1378 371 1413 ή
397 1379 459 1410 τοὺς
476 1379 619 1415 προφήτας
639 1379 785 1412 διώκουσα,
812 1381 859 1407 καὶ

86 1423 132 1454 tot;
143 1422 249 1455 δικαίοις
262 1423 486 1457 ἐπιϐουλεύουσα,
502 1425 661 1461 δυστρόφοις
676 1427 859 1463 ἐπιχειρήμα-

87 1477 121 1495 σιν
144 1469 329 1505 ἐξεμηχανᾶτο
347 1470 386 1505 τῷ
407 1471 503 1507 δικαίῳ
516 1472 561 1500 τὸν
574 1473 663 1507 φόνον.
689 1473 745 1500 Καὶ
764 1473 796 1510 δὴ
813 1475 859 1501 καὶ

85 1514 241 1550 ἀναιρεθῆναι
267 1517 515 1551 παρασκευάσασα,
538 1518 715 1554 κληρονομεῖν
747 1519 860 1546 ἐκέλευε
874 1531 894 1558 c

86 1560 117 1595 τῷ
136 1562 310 1597 συνῳκηκότι,
343 1563 415 1598 φημὶ
433 1563 464 1599 δὴ
481 1564 520 1598 τῷ
539 1564 651 1599 ’Δχαά6.
676 1565 737 1592 Ἐπὶ
756 1565 860 1597 τούτοις

85 1606 182 1638 εἰκότως
197 1607 350 1642 ἠγανάκτει
364 1608 438 1641 Θεὸς,
455 1610 501 1636 καὶ
516 1609 547 1645 δὴ
571 1611 618 1637 καὶ
640 1611 796 1646 ὲκδικήσειν
812 1611 860 1637 ὲπ-

85 1651 230 1685 αγγέλλεται
253 1653 286 1679 τὸ
309 1651 380 1688 αἷμα
400 1654 446 1680 τοῦ
469 1654 597 1690 Ἱεζραέλ.
630 1655 775 1691 Ἀνῂρηται
796 1656 860 1690 γοῦν

91 1695 180 1730 Ἀχαάϐ
195 1697 246 1722 ὑπὸ
273 1698 356 1732 Ίηοὺ,
375 1699 500 1734 καθάπερ
517 1700 568 1734 ἤδη
583 1700 762 1735 προείπομεν,
775 1708 860 1735 προσ-

86 1741 151 1777 ετέθη
167 1742 193 1768 δὲ
208 1743 286 1778 αὐτῷ
305 1744 351 1770 καί
365 1744 381 1779 ή
396 1745 574 1780 παμπόνηρος
599 1745 725 1777 Ἰεζάϐελ.
740 1745 807 1780 Φέρε
827 1745 858 1780 δὴ

85 1784 132 1818 οὖν,
154 1788 190 1818 εἰς
213 1788 334 1823 Χριστὸν
346 1789 525 1824 ἀναφέρωμεν
548 1790 581 1816 τὰ
597 1790 634 1821 ὡς
658 1791 686 1816 ἐν
707 1791 785 1825 τύπῳ
804 1792 860 1822 τοῖς

87 1831 158 1857 πάλαι
177 1833 360 1868 γεγενημένα.
387 1834 415 1860 Ὀ
431 1834 479 1869 μὲν
494 1835 548 1870 γὰρ
574 1836 716 1870 προφήτης
735 1836 857 1867 Ἡσαΐας,

85 1877 119 1902 ὅτι
134 1886 142 1902 ι
163 1877 308 1912 Ἀμπελὼν
323 1878 439 1914 ἐγενήθη
455 1879 493 1913 τῷ
508 1880 680 1914 ἠγαπημένῳ
703 1881 730 1906 ἐν
753 1880 857 1916 κέρατι,

85 1923 110 1948 ἐν
125 1923 193 1958 τόπῳ
207 1923 294 1950 πίονι.
313 1933 323 1949 ι
353 1924 407 1950 Καὶ
420 1922 454 1960 ἧν
474 1925 488 1951 ὁ
509 1925 637 1960 ἀμπελὼν
655 1926 796 1961 ἄνθρωπος
812 1925 857 1952 τοῦ

90 1968 174 2000 Ἰούδα,
189 1969 332 2005 νεόφυτον,
349 1971 538 2006 ἠγαπημένον.
558 1971 627 1997 Ἀλλ’
644 1972 668 1997 οἱ
683 1971 730 1998 τοῦ
754 1971 860 2007 Ἰσραὴλ

85 2014 226 2049 ἡγούμενοι,
253 2013 293 2042 ὧν
320 2015 353 2042 ἂν
377 2015 419 2051 εἴη
444 2017 489 2043 καὶ
511 2016 595 2048 τύπος
620 2017 633 2042 ὁ
664 2017 764 2052 Ἀχαὰϐ
783 2016 858 2051 βασι-

85 2058 168 2091 λεύων,
182 2059 362 2094 ἐπεθύμησαν
377 2060 446 2095 ἔχειν
468 2061 514 2087 τὸν
536 2060 683 2096 ἀμπελῶνα
698 2061 780 2088 αὑτοῦ
791 2070 797 2076 ·
811 2062 859 2096 οὺχ

84 2103 120 2129 ἶνα
164 2105 265 2141 κλῆρος
293 2104 440 2140 ἐξαίρετος,
463 2106 612 2138 τουτέστιν,
635 2106 781 2141 ἀμπελών·
801 2107 859 2133 ἀλλ’

85 2149 120 2175 ἶνα
135 2152 307 2186 χερσώμενος
336 2152 422 2187 κῆπος
436 2151 541 2185 γένοιτο
556 2152 695 2187 λαχανίας,
710 2153 858 2185 τουτέστιν,

907 239 1046 274 perspicua
1071 239 1271 274 dijudicatuque
1284 239 1411 266 facillima
1423 238 1503 266 aliter
1519 238 1576 266 ﬁeri
1589 239 1691 272 nequit,

907 286 958 312 nisi
966 293 1055 312 rerum
1066 290 1201 319 gestarum
1211 285 1331 312 historia:
1340 284 1491 312 inmedium
1501 284 1691 319 producantur,

906 338 966 365 age,
977 330 1074 357 iterum
1095 337 1188 356 earum
1212 330 1374 357 mentionem
1390 329 1531 358 faciamus.
1544 328 1692 356 Jezraelem

907 375 989 402 fuisse
1000 375 1150 407 civitatem,
1162 379 1242 402 antea
1255 375 1329 402 clare
1346 375 1499 404 docuimus.
1514 375 1566 402 Sed
1577 376 1691 409 quodex

906 425 1015 451 civitate
1037 423 1142 451 Jezrael
1161 422 1265 450 Nabath
1290 423 1434 457 signiﬁcat,
1450 424 1532 450 etiam
1551 423 1594 450 hic
1615 427 1692 457 typus

905 478 966 497 esse
976 474 1058 504 queat.
1067 468 1237 500 (Economiae,
1250 475 1329 502 quam
1345 469 1369 495 in
1386 469 1494 496 Christo
1509 469 1691 502 intelligimus.

906 516 972 542 Nam
992 519 1019 542 et
1053 515 1110 550 ipse
1133 513 1238 541 Naboth
1275 513 1396 541 redditur
1430 514 1525 541 Latine
1549 518 1673 541 venturus
1689 535 1695 544 .

906 568 958 595 quo
969 560 1078 587 nomine
1087 559 1288 587 Emmanuelein
1301 558 1380 586 toties
1392 558 1530 593 Scriptura
1545 564 1637 586 sancta
1659 559 1698 586 in-

907 606 977 632 dicat
989 606 1020 632 “.
1033 605 1138 632 Dictum
1152 610 1194 632 est
1208 612 1272 639 ergo
1287 604 1319 631 ad
1330 604 1439 630 beatum
1454 602 1593 631 Habacuc:
1614 612 1623 629 ι
1639 605 1697 630 Au-

907 651 959 677 huc
970 650 1115 683 modicum,
1127 655 1154 678 et
1166 650 1275 677 veniens
1286 649 1384 681 veniet,
1398 653 1426 675 et.
1436 656 1487 676 non
1500 649 1615 676 tardabit
1629 648 1662 674 ⁸⁷.
1684 658 1693 673 ι

906 696 998 724 Psallit
1008 702 1034 724 et
1047 696 1129 723 David
1141 696 1257 730 quodam
1269 696 1326 723 loco
1342 704 1348 721 :
1366 704 1375 720 ι
1391 694 1552 722 Benedictus
1561 694 1605 728 qui
1619 694 1696 721 venit

907 741 933 768 in
948 741 1056 769 nomine
1069 741 1174 768 Domini
1188 740 1221 767 ⁸⁸.
1243 751 1252 766 ι
1270 741 1340 774 Quin
1356 745 1384 767 et
1400 741 1457 775 ipse
1476 740 1553 767 divus
1576 739 1693 774 Baptista:

906 787 1034 820 quosdam
1051 794 1066 813 e
1078 786 1219 821 discipulis
1234 787 1290 813 suis
1306 786 1357 821 21
1368 787 1400 812 ad
1417 785 1559 813 Dominum
1571 789 1694 812 nostrum

906 830 998 858 Jesum
1008 828 1146 859 Christu'in
1160 831 1220 858 ideo
1235 831 1319 858 mittit
1330 835 1533 865 percunctatum
1549 838 1558 857 :
1579 839 1588 855 ι
1611 829 1650 857 Tu
1665 838 1695 857 es

872 864 892 892 Β
907 877 951 911 qui
966 881 1094 904 venturus
1110 883 1150 908 es.
1166 883 1202 904 an
1221 876 1302 903 alium
1317 881 1507 910 exspectamus
1519 875 1561 903 θοι
1575 885 1586 902 ι
1598 875 1695 904 Fuisse

907 928 996 950 autem
1004 928 1030 950 et
1040 922 1108 950 hanc
1122 922 1235 957 liguram
1247 921 1358 955 Christi,
1368 921 1444 956 plane
1456 929 1488 949 ex
1504 922 1537 949 iis
1547 929 1606 956 quas
1617 921 1649 948 de
1662 928 1695 949 eo

907 968 1008 1003 scriptu
1020 973 1082 995 sunt
1096 969 1247 1003 perspicere
1260 968 1333 995 licet.
1342 967 1504 1002 Concupivit
1516 967 1587 995 enim
1602 968 1694 995 Achab

908 1013 1047 1048 possidere
1069 1014 1176 1042 vineam
1196 1013 1265 1048 ejus,
1290 1019 1318 1040 et
1335 1014 1423 1041 locum
1444 1017 1499 1041 tam
1518 1013 1647 1041 eximium
1667 1013 1693 1041 in

908 1063 1014 1087 hortum
1025 1060 1161 1088 olitorium
1171 1066 1340 1088 convertere.
1350 1059 1455 1087 Naboth
1469 1060 1578 1095 indigne
1591 1059 1693 1091 ferens.

908 1113 960 1133 non
976 1112 1007 1133 se
1017 1106 1121 1133 vineam
1133 1106 1217 1141 patris
1229 1105 1270 1133 sui
1282 1106 1458 1133 dimissurum
1469 1113 1598 1140 expresse
1612 1107 1694 1141 proli-

909 1154 996 1177 tetur:
1017 1159 1026 1176 ι
1041 1149 1178 1185 Propitius
1189 1150 1225 1178 sit
1236 1150 1301 1178 mihi
1316 1149 1397 1183 Deus.
1414 1151 1511 1186 inquit.
1530 1159 1563 1178 ne
1583 1152 1692 1185 prodam

908 1195 1013 1222 vineam
1028 1195 1111 1230 patris
1123 1195 1176 1223 mei
1190 1195 1249 1223 tibi.
1272 1205 1282 1221 ι
1301 1195 1327 1222 Id
1340 1200 1482 1231 postquam
1497 1196 1610 1224 rescivit
1634 1195 1689 1224 Deo

913 1241 998 1269 invisa
1014 1261 1022 1275 ,
1046 1245 1074 1269 et
1098 1241 1179 1277 impia
1201 1241 1320 1275 Jezabel,
1347 1242 1538 1278 prophetarum
1564 1249 1694 1276 persecu-

910 1286 965 1314 trix
980 1292 1008 1314 et
1019 1286 1156 1321 justorum
1175 1287 1339 1319 insidiatrix,
1356 1287 1496 1322 perversis
1511 1287 1695 1316 molitionihus

905 1334 980 1370 justo
997 1334 1097 1362 caedem
1112 1339 1154 1362 est
1167 1335 1330 1362 machinata.
1359 1334 1444 1368 Quem
1461 1341 1522 1362 cum
1538 1335 1624 1362 occidi
1645 1342 1696 1362 cu-

909 1383 998 1407 rasset
1009 1398 1017 1412 ,
1037 1378 1163 1406 maritum
1179 1379 1273 1407 Achab
1284 1379 1422 1414 possidere
1445 1380 1550 1406 vineam
1561 1379 1644 1414 jussit
1655 1380 1692 1406 ⁷⁰.

910 1424 999 1458 Quare
1019 1425 1115 1452 merito
1139 1424 1296 1460 indignatus
1325 1424 1408 1457 Dcus,
1436 1425 1555 1452 ulturum
1583 1433 1613 1453 se
1632 1433 1696 1453 san-

910 1471 1018 1504 guinein
1037 1469 1168 1497 Jezraelis
1184 1470 1317 1504 promisit.
1337 1470 1451 1498 Occisus
1471 1475 1513 1498 est
1526 1477 1590 1505 ergo
1602 1470 1696 1498 Achab

911 1524 925 1542 a
940 1515 1021 1548 Jehu,
1037 1520 1065 1542 ut
1087 1516 1217 1548 diximus,
1243 1521 1271 1543 et
1286 1516 1367 1543 simul
1390 1516 1468 1551 longe
1489 1507 1690 1550 improbissima

915 1560 1035 1587 chabel.
1053 1560 1111 1594 Age
1125 1560 1216 1595 igitur,
1241 1560 1274 1587 ad
1293 1560 1431 1587 Christum
1448 1561 1697 1592 accommodemus,

911 1614 972 1639 qua:
989 1607 1126 1633 veteribus
1145 1605 1217 1633 velut
1237 1606 1262 1633 in
1287 1610 1350 1641 typo
1371 1612 1446 1641 gesta
1465 1611 1539 1634 sunt.
1562 1604 1695 1639 Propheta

912 1652 983 1679 cnim
1001 1652 1087 1679 Isaias
1099 1652 1135 1678 ait
1153 1661 1159 1678 :
1176 1660 1185 1678 ι
1202 1651 1286 1679 Vinea
1298 1651 1369 1679 facta
1381 1655 1423 1679 est
1446 1651 1580 1678 dilectoiu
1597 1658 1694 1683 cornu,

913 1702 938 1728 in
959 1701 1018 1728 loco
1031 1701 1124 1736 pingui
1138 1702 1172 1728 ⁷⁸.
1200 1711 1208 1727 ι
1225 1701 1258 1728 Ει
1270 1706 1329 1729 erat
1342 1702 1420 1729 vinea
1441 1701 1521 1729 homo
1532 1699 1611 1734 Iuda,
1626 1709 1696 1728 nova

911 1748 1017 1781 planta.
1049 1747 1159 1776 dilecta.
1189 1747 1287 1775 Verum
1325 1747 1410 1775 duces
1436 1747 1540 1780 Israel,
1579 1754 1695 1781 quorum

911 1793 995 1827 ﬁgura
1024 1799 1084 1819 esse
1110 1792 1196 1826 possit
1221 1792 1315 1819 Achab
1339 1799 1475 1827 regnans,
1509 1792 1698 1819 desiderarunt

911 1837 1011 1864 habere
1027 1838 1132 1863 vineam
1147 1837 1215 1871 ejus.
1232 1844 1283 1864 non
1298 1840 1327 1863 ut
1341 1841 1414 1864 esset
1437 1836 1582 1864 hereditas
1600 1839 1695 1868 electa,

916 1882 941 1910 id
963 1887 1020 1914 est,
1045 1882 1123 1909 vinea
1141 1891 1148 1909 :
1164 1883 1210 1909 sed
1234 1887 1263 1909 ut
1279 1883 1384 1909 deserta
1408 1885 1435 1909 et
1462 1881 1561 1909 inculta
1603 1882 1696 1909 hortus

910 1928 1012 1955 olerum
1028 1928 1112 1959 ﬂeret,
1121 1929 1171 1955 hoc
1181 1932 1232 1960 est,
1242 1932 1349 1962 propter
1363 1927 1543 1955 conditionem
1556 1927 1614 1955 sine
1622 1934 1696 1954 com-

912 1975 1052 2010 paratione
1069 1975 1224 2002 iuleriorem
1237 1974 1417 2009 dejiceretur:
1434 1973 1533 2001 etenim
1568 1973 1644 2001 vinea
1664 1974 1697 1999 ah

913 2020 989 2047 horto
1002 2019 1109 2048 olitorio
1130 2019 1244 2046 nimium
1260 2022 1392 2053 quantum
1409 2018 1509 2046 diITert.
1535 2017 1568 2045 Et
1585 2018 1656 2053 quod
1670 2018 1696 2044 in

912 2066 953 2092 his
967 2066 1055 2092 adhuc
1079 2067 1190 2098 eminet,
1213 2073 1266 2093 nou
1291 2069 1333 2092 est
1356 2065 1514 2093 obscurum.
1534 2064 1591 2092 Sub
1617 2065 1697 2092 Chri-

912 2116 981 2137 stum
996 2108 1095 2146 quippe
1125 2111 1228 2138 redacti
1246 2111 1399 2138 Judagorutn
1422 2111 1536 2146 populi,
1565 2111 1698 2145 quomodo

914 2165 966 2183 non
985 2157 1069 2183 vineis
1090 2157 1231 2190 palmitum
1261 2157 1339 2192 copia
1358 2157 1518 2185 ﬂorentibus
1538 2162 1567 2185 et
1590 2157 1698 2184 fertilis.

85 2195 123 2220 ἐπὶ
146 2196 182 2231 τῷ
204 2197 367 2232 ἁσυγκρίτῳ
391 2197 500 2224 ἔλαττον
526 2198 717 2233 καταφέροιτο·
745 2199 856 2235 πλείστη

911 2201 988 2228 simis
1005 2201 1109 2228 similes
1123 2206 1202 2228 erant
1214 2201 1309 2234 futuri,
1325 2201 1494 2236 habendique
1507 2201 1541 2229 ab
1554 2200 1697 2228 omnibus?

85 2241 130 2275 γὰρ
148 2242 196 2277 ὅση
219 2243 312 2278 κήπου
340 2242 463 2277 λαχάνων
480 2243 548 2278 πρὸς
565 2244 713 2278 ἀμπελῶνα
733 2244 857 2280 διαφορά.

85 2285 130 2312 Καὶ
157 2287 185 2314 τὸ
210 2287 252 2314 ἔτι
286 2287 378 2323 μεῖζον
404 2289 433 2314 ὲν
474 2288 578 2320 τούτοις
612 2290 662 2316 οὐκ
688 2290 858 2324 ἀσυμφανές.

914 2244 1042 2272 Viventes
1059 2250 1148 2272 autem
1163 2244 1361 2273 Pharisaeorum
1371 2245 1503 2273 institutis
1522 2249 1549 2272 et
1566 2243 1697 2275 moribus,

915 2290 1105 2324 discentesque
1119 2291 1258 2318 doctrinas
1273 2298 1305 2318 ac
1317 2292 1444 2319 mandata
1459 2290 1612 2323 hominum,
1631 2289 1698 2316 nihil

86 2331 216 2365 Γε-ςιονάτες
241 2334 294 2369 μὲν
318 2334 372 2368 γὰρ
397 2334 449 2360 ὑπὸ
472 2334 583 2370 Χριστῷ
605 2334 658 2362 τῶν
683 2336 817 2363 Ἰουδαίων
835 2337 856 2362 οι

914 2343 1024 2368 prorsus
1051 2336 1197 2364 dissimiles
1220 2336 1312 2364 herbis
1337 2337 1421 2364 humo
1441 2334 1676 2371 propinquissimis
1690 2353 1697 2365 .

85 2375 163 2412 δῆμοι,
188 2379 246 2411 πῶς
265 2379 316 2405 οὐκ
333 2378 443 2413 ἔμελλον
464 2378 496 2405 ἂν
517 2379 753 2414 εύκληματούσαις
769 2381 856 2415 ἀμπέ-

914 2387 974 2414 qua
990 2384 1016 2408 et
1031 2381 1108 2408 facile
1123 2382 1302 2409 succumbunt
1316 2387 1397 2416 atque
1415 2384 1596 2408 marcescunt.

85 2423 140 2456 λοις,
163 2426 209 2452 καὶ
232 2426 289 2461 μὴν
314 2427 362 2453 καὶ
384 2428 582 2462 γονιμωτάταις
622 2428 649 2454 ὲν
673 2428 723 2462 ἴσῳ
744 2437 773 2454 τε
794 2427 864 2454 εἶναι
916 2427 960 2454 καὶ
984 2428 1144 2462 φαίνεσθαι;
1172 2428 1323 2460 Διαζῶντες
1343 2428 1371 2454 δὲ
1391 2429 1447 2458 τοῖς
1470 2426 1524 2454 τῶν
1546 2425 1699 2460 Φαρισαίων

85 2471 147 2498 ἑοεσί
171 2481 198 2498 τε
241 2473 291 2499 καὶ
315 2473 442 2507 τρόποις,
466 2474 512 2500 καὶ
536 2474 718 2508 μανθάνοντες
763 2474 935 2505 διδασκαλίας
950 2496 956 2506 ,
985 2474 1138 2509 ἐντάλματα
1182 2473 1348 2509 ἀνθρώπων,
1375 2472 1435 2499 κατ’
1464 2471 1559 2498 οὐδένα
1599 2470 1699 2504 τρόπον

84 2517 219 2551 διενεγκεῖν
244 2517 301 2544 τῶν
326 2518 544 2553 χθαμαλωτάτων
569 2519 703 2554 λαχάνων,
717 2518 734 2545 ἃ
751 2520 798 2545 καὶ
817 2518 878 2545 λίαν
897 2519 1014 2550 εὐκόλως
1048 2520 1142 2545 πίπτει
1161 2519 1209 2545 καὶ
1227 2518 1396 2554 μαραίνεται.

114 2564 212 2591 Οὐκοῦν
232 2565 372 2600 ὲγλξχοντο
385 2566 434 2600 μὲν
448 2567 472 2592 οἱ
483 2566 535 2592 τῶν
557 2566 691 2592 Ἰουδαίων
707 2565 856 2601 καθηγηταῖ

951 2566 1080 2599 Quocirca
1094 2567 1254 2599 appetebant
1266 2566 1373 2600 quidem
1392 2565 1546 2592 Iudaeorum
1565 2563 1699 2598 primores

85 2609 122 2634 τὶν
135 2610 284 2644 ἀμπελῶνα
299 2611 418 2645 Χριστοῦ
434 2611 532 2647 κλῆρον
549 2610 615 2638 ἴδιον
642 2611 723 2646 ἔχειν.
749 2612 796 2637 καὶ
822 2612 856 2642 εἰς

914 2613 1020 2638 vineam
1033 2611 1143 2643 Christi,
1161 2616 1189 2637 ut
1201 2616 1303 2638 sortem
1325 2612 1473 2646 propriam,
1489 2614 1516 2638 et.
1536 2609 1563 2636 in
1591 2610 1698 2636 hortum

85 2655 162 2688 κῆπον
188 2656 331 2691 λαχανίας¹
358 2657 414 2683 ἀλλ’
441 2657 489 2683 οὐκ
516 2657 622 2684 ἔπειθον
646 2657 856 2693 καταπροδοῦναι

914 2658 1039 2685 olerum:
1060 2665 1151 2684 verum
1173 2657 1336 2692 persuadere
1354 2657 1391 2683 illi
1416 2664 1468 2684 non
1496 2659 1652 2690 potuerunt,
1670 2659 1699 2681 ut

86 2705 152 2735 aptat
165 2702 210 2728 τὸν
220 2702 267 2728 τοῦ
284 2703 392 2737 Πατρὸς
406 2703 565 2738 ἀμπελῶνα.
589 2701 666 2736 Εἶτα,
681 2703 707 2729 τί
732 2703 856 2738 δέδρακεν

915 2703 1002 2731 Patris
1014 2704 1054 2730 sui
1066 2703 1172 2730 vineam
1191 2703 1255 2737 ipsis
1266 2704 1401 2736 proderet.
1414 2702 1484 2735 Quid
1498 2699 1700 2735 deindeoccipit

117 2796 137 2812 “
152 2804 200 2828 μετ’.
219 2808 265 2833 vn,
278 2801 328 2832 I4;
345 2800 438 2827 Matth.
456 2810 474 2834 ι,
487 2801 531 2828 23-.

85 2832 104 2849 ⁷³
119 2835 166 2862 Isa.
186 2844 211 2865 ν,
235 2837 253 2863 Ι.

199 2884 335 2914 ΡΛΤΚΟΙΑ.
364 2884 420 2912 Gn.
444 2884 541 2912 LXI‘tl.

1488 2883 1505 2909 2

571 2803 591 2818 ⁸⁷
615 2802 712 2829 11;ι1ι;ις.
729 2810 757 2834 n,
777 2801 803 2828 5.
843 2802 856 2815 ⁶⁴

909 2801 952 2828 sal.
969 2809 1051 2834 cxvn,
1064 2801 1107 2828 26.
1147 2801 1168 2818 ⁵³
1181 2801 1273 2828 Matth.
1293 2808 1329 2833 χι,
1345 2800 1372 2827 ‘5.
1410 2800 1433 2816 "°
1445 2799 1478 2827 III
1491 2799 1559 2834 Reg.
1580 2805 1638 2830 xxt,
1653 2796 1697 2825 {5.
