1913 3042
221 134 256 162 ιτ
732 135 760 163 S.
781 114 917 168 C‘YRILLI
937 136 1174 165 ALEXANDRINI
1192 136 1352 166 ARCHIEP.
1813 140 1846 167 ικ

222 194 305 223 millia
321 194 354 221 ".
370 203 379 220 ι
411 194 511 222 Salvati
539 198 594 221 tum
617 193 775 227 cantabant,
789 200 815 222 et
837 195 944 222 modum
965 203 994 223 re

1057 197 1086 223 ὲν
1108 197 1253 233 Σαμαρείᾳ
1275 197 1352 229 θεοὺς
1381 196 1520 230 ἐξελέσθαι
1542 197 1606 230 τοὺς
1633 198 1748 226 ἑαυτῶν.
1778 200 1846 227 Ἀλλ’

219 246 274 269 tam
292 241 410 276 ingentis
421 240 449 268 in
467 247 498 267 se
512 244 671 274 perpetratae
687 241 845 273 narrabant,
863 241 982 268 dicentes
997 250 1003 267 :

221 297 229 313 ι
243 287 275 314 Hi
300 287 328 314 in
348 286 483 319 curribus,
499 289 526 312 et
542 285 568 312 hi
585 285 611 313 in
625 286 712 321 equis,
738 294 787 314 nos
802 290 892 314 autem
911 287 938 313 in
958 293 1005 312 no-

218 334 290 360 mine
303 333 349 360 Dei
361 331 446 360 nostri
464 331 767 367 magniﬁcabimuersi
780 333 852 359 velut
867 332 1005 366 compedi-

216 379 265 406 bus
277 377 405 413 implicati
419 382 493 409 sunt,
505 381 533 404 et
548 377 721 410 ceciderunt;
742 385 790 405 nos
805 383 896 404 autem
916 384 1004 404 resur-

203 424 346 465 ,reximus,
370 427 397 452 et
413 423 499 451 erecti
515 430 608 450 sumus
618 423 651 450 ".
669 431 678 449 ο
698 423 794 450 Verum
821 424 871 451 ista
886 430 901 449 a
925 423 1002 450 nobis

198 467 341 526 [historice
357 469 428 496 dicta
444 472 535 496 sunto.

216 514 362 526 .,._.._:_.__
388 514 521 526 υ..-,.---.

1059 241 1178 273 ἐσώζετο
1203 242 1362 277 παραδόξως
1391 243 1406 268 ό
1438 242 1548 274 Ἰούδας,
1572 243 1722 277 τουτέστιν,
1751 246 1780 273 αἱ
1798 246 1848 284 τὴν

1061 287 1236 322 Ἰερουσαλὴμ
1246 287 1369 314 οἰκοῦσαι
1384 287 1431 315 δύο
1447 288 1539 322 φυλαί.
1565 298 1575 315 ι
1595 289 1707 325 Ἐξῆλθε
1725 291 1782 327 γὰρ
1795 291 1846 326 ἄγ-

1053 332 1131 366 γελος
1143 333 1257 368 Κυρίου,
1277 334 1370 368 φησὶν.
1388 334 1435 360 καὶ
1446 334 1551 361 ἀνεῖλεν
1560 335 1592 361 ὲκ
1604 335 1656 370 τῆς
1670 336 1847 372 παρεμϐολῆς

1052 379 1107 405 τῶν
1128 378 1276 414 Ἀσσυρίων
1299 380 1348 414 μιᾷ
1367 380 1454 411 νυκτὶ,
1467 380 1563 407 ἑκατὸν
1581 381 1744 417 ὀγδοήκοντα
1764 383 1845 410 πέντε

1056 422 1188 457 χιλιάδας.
1207 432 1216 449 ι
1235 421 1318 458 ⁷ῌδόν
1335 432 1363 450 τε
1375 423 1460 456 οὕτως
1473 425 1498 451 οι
1517 426 1701 461 σεσωσμένοι·
1726 428 1774 454 καὶ
1794 427 1845 462 τῆς

1056 467 1101 493 ἐπ’
1115 467 1208 499 αὐτοῖς
1224 468 1412 504 γεγενημένης
1425 469 1626 506 μεγαλουργίας
1647 471 1712 504 τοὺς
1727 473 1844 508 τρόπους

213 514 375 550 ἀφηγοῦντο,
388 514 521 548 λέγοντες·
539 523 549 540 ι
567 510 646 541 Οὗτοι
659 514 687 541 ὲν
709 514 824 550 ἅρμασι,
854 513 901 540 καὶ
919 509 990 540 οῦτοι
1010 513 1038 539 ὲν
1071 513 1177 544 ἵπποις
1199 513 1279 548 ἡμεῖς
1303 513 1330 540 δὲ
1347 514 1376 539 ὲν
1408 515 1520 550 ὀνόματι
1544 515 1647 552 Κυρίου
1674 516 1741 543 Θεοῦ
1763 516 1845 552 ἡμῶν

213 560 484 596 μεγαλυνθησόμεθα.
494 560 575 587 Αὐτοὶ
583 560 877 595 συνεποδίσθησαν,καὶ
890 559 997 587 ἔπεσον·
1018 561 1099 594 ἡμεῖς
1114 559 1142 586 δὲ
1174 560 1335 595 ἀνέστημεν,
1348 561 1394 587 καὶ
1426 562 1636 598 ἀνωρθώθημεν.
1650 572 1660 588 ι
1684 563 1752 590 Ἀλλ’
1770 564 1842 590 ἱστο-

212 607 295 643 ρικῶς
307 607 355 642 μὲν
370 607 435 642 ἡμῖν
447 607 566 642 εἰρήσθω
578 607 665 634 ταυτί.

247 654 427 682 Proeedamus
436 653 468 681 ad
484 653 549 681 alios
563 654 711 687 seusus,ad
722 653 871 686 Christum,
880 654 1000 689 inquam.

211 701 274 729 Post
291 705 383 728 natum
396 701 494 736 quippe
514 700 674 734 Jezraelem,
698 701 724 728 id
747 706 800 734 est,
824 700 871 728 Dei
897 708 1000 734 semen,

211 748 251 782 (ut
269 747 404 781 intelligas
417 746 633 780 Emmanuelem,
652 745 729 781 cujus
753 753 780 774 et
793 747 951 782 sanguinem
967 755 998 775 se

1093 654 1193 688 Ἴωμεν
1209 653 1237 680 δὲ
1249 650 1282 680 αὖ
1295 653 1343 680 κα¹ι
1355 653 1397 688 ἐφ’
1412 654 1508 688 ἑτέρας
1528 646 1643 688 ἐννοίας,
1657 655 1729 691 φημὶ
1746 656 1775 682 δὲ
1791 658 1845 684 πά-

1055 698 1096 725 λιν
1113 699 1162 731 τὰς
1185 699 1228 726 ἐπ’
1242 698 1315 734 αὐτῷ
1329 699 1368 735 τῷ
1383 699 1504 734 Χριστῷ.
1519 700 1596 727 Μετὰ
1619 701 1673 736 γάρ
1696 710 1737 728 τοι
1752 702 1783 728 τὸ
1798 711 1844 729 τε·

1054 745 1151 780 χθῆναι
1169 745 1213 772 τὸν
1236 744 1364 780 Ἰεζραὲλ,
1394 745 1526 778 τουτέστι,
1558 746 1608 780 τὴν
1629 746 1675 773 τοῦ
1690 746 1759 773 Θεοῦ
1775 756 1844 774 σπο-

211 793 328 820 ulturum
344 793 500 828 promittit),
517 793 590 828 parit
607 792 708 821 Gomer
725 793 786 827 (hoc
797 797 849 825 est,
867 792 994 820 fornicata

1055 791 1122 826 ρὰν,
1157 791 1202 818 ἵνα
1219 793 1283 827 νοῇς
1297 792 1342 817 τὸν
1373 791 1557 827 Ἐμμανουὴλ,
1576 789 1606 818 οὗ
1630 792 1677 819 καὶ
1689 793 1843 828 ὲκδικήσειν

211 837 361 867 ludzeorum
371 838 529 874 Synagoga)
539 839 632 871 tiliam,
647 839 705 866 sive
719 838 997 873 multitudinem,quae

210 886 337 912 decenter
365 885 456 912 vocari
482 885 568 919 possit
587 885 695 919 Absque
721 885 919 912 misericordia.
939 885 996 920 Ipsa

210 931 307 966 quippe
321 931 419 958 occidit
429 929 546 963 Jezrael,
559 931 696 959 Christum
708 930 923 965 puta.Quoc'u-ca
936 931 997 966 jure

210 975 347 1002 inimicum
361 979 388 1001 et
414 975 626 1003 iul'ensissimum
645 976 696 1002 sibi
715 976 798 1003 Deum
813 977 926 1009 invenit,
941 981 997 1004 sta-

209 1021 310 1055 timque
324 1020 493 1048 calamitates
506 1020 730 1054 immedicabiles,
744 1030 758 1048 a
772 1022 904 1049 Romanis
915 1028 996 1049 exer-

209 1058 307 1094 citibus
322 1066 472 1100 devastata,
490 1070 517 1093 et
541 1065 641 1093 bellum
656 1065 735 1101 longe
754 1067 861 1101 lateque
874 1067 994 1094 auditum

208 1119 332 1147 perpessa
347 1112 485 1144 sustinuit.
504 1111 611 1146 quando
624 1117 654 1140 et
669 1111 796 1140 mulieres
808 1111 924 1140 infantes
932 1120 995 1140 suos

208 1159 394 1190 comederunt,
414 1161 442 1184 ct
460 1161 490 1184 ut
507 1161 550 1185 est
570 1157 640 1191 apud
657 1158 817 1193 prophetam
838 1157 993 1190 Jeremiam,

209 1203 327 1231 «Manus
352 1204 495 1231 mulierum
525 1203 742 1232 misericordium
766 1209 897 1232 coxerunt
926 1205 994 1232 iilios

208 1257 270 1277 suos
280 1249 315 1284 ⁸⁸,
332 1258 341 1276 ›
358 1255 384 1276 ct
402 1250 476 1285 leges
491 1254 596 1278 natura:
613 1250 737 1277 humanae
752 1256 994 1284 spreverunt,cum

207 1294 292 1323 fames
311 1303 357 1322 cas
379 1295 595 1331 philostorgiam,
618 1295 718 1330 alioqui
749 1295 992 1330 inexpugnabilem,

207 1341 342 1376 negligere
360 1341 543 1376 compelleret.
568 1340 652 1368 Porro
668 1341 724 1368 lucc
743 1342 833 1368 omnia
846 1343 881 1369 ob
899 1342 994 1376 impie~

208 1393 277 1414 tates
293 1387 446 1421 designatas
463 1387 516 1414 illis
525 1391 684 1414 evenerunt.
696 1386 750 1422 25
761 1386 880 1422 Spondet
905 1392 993 1415 autem

207 1432 431 1460 semisericcrtlia
450 1428 519 1459 tilios
543 1431 611 1458 Juda
632 1437 849 1466 prosecuturum,
868 1433 919 1461 hoc
941 1438 992 1464 est,

1051 837 1082 863 τὸ
1091 834 1160 872 αἷμα
1173 837 1418 872 κατεπηγγέλλετο,
1426 837 1546 864 τίκτεται
1556 838 1589 872 τῇ
1599 838 1669 873 Γόμε
1673 847 1698 873 ρ,
1707 839 1841 871 τουτέστι,

1050 884 1083 918 τῇ
1099 883 1305 918 πεπορνευμένῃ
1321 883 1375 909 τῶν
1387 882 1520 910 Ἰουδαίων
1535 883 1841 920 Συναγωγῇ,θυγάτηρ,

1050 929 1109 964 ἦτοι
1128 929 1243 964 πληθὺς,
1262 926 1279 965 ᾖ
1295 929 1341 955 καὶ
1358 929 1463 964 πρέπον
1482 929 1515 955 ἂν
1531 929 1573 964 εἴη
1589 929 1620 955 τὸ
1632 930 1772 957 καλεῖσθαι
1783 932 1843 958 Οἰικ

1048 973 1197 1009 ὴλεημένη.
1211 973 1285 1009 Αὐτὴ
1296 973 1349 1009 γὰρ
1362 973 1506 1000 ἀπέκτεινε
1518 973 1563 1000 τὸν
1577 974 1707 1008 Ίεζραὲλ,
1717 974 1842 1002 τουτέστι

1049 1020 1178 1056 Χριστόν.
1190 1020 1325 1056 Ταύτῃτοι
1335 1020 1448 1051 δικαίως
1461 1019 1557 1055 ἐχθρὸν
1578 1020 1624 1047 καὶ
1638 1019 1841 1055 πολεμιώτατον

1049 1067 1171 1102 εὑρίσκει
1190 1066 1269 1097 Θεὸν,
1287 1066 1334 1093 καὶ
1358 1066 1523 1101 ἀνηκέστους
1540 1065 1621 1097 εὐθὺς
1646 1066 1840 1101 ὑπομεμένηκε

1049 1112 1201 1147 συμφορὰς,
1225 1113 1284 1143 ταῖς
1309 1111 1455 1147 Ῥωμαίων
1470 1111 1618 1146 δυνάμεσιν
1630 1111 1841 1147 ἐκπεπορθημέ-

1048 1166 1091 1194 νη,
1131 1158 1178 1184 καὶ
1193 1157 1239 1184 τὸν
1255 1157 1397 1192 διαϐόητον
1416 1148 1564 1184 ὑποστᾶιεα¹
1581 1157 1710 1192 πόλεμον,
1730 1158 1773 1184 ὅτε
1791 1158 1840 1184 καὶ

1048 1205 1175 1237 γυναῖκες
1200 1204 1255 1230 τῶν
1282 1204 1354 1230 ίδίων
1370 1203 1474 1239 ἥψαντο
1487 1203 1600 1246 τέκνων,
1627 1203 1674 1230 καὶ
1726 1212 1810 1239 φησιν
1823 1204 1840 1230 ὁ

1048 1251 1189 1286 προφήτης
1212 1250 1356 1286 Ἱερεμίας,
1371 1259 1380 1275 ι
1394 1250 1492 1285 Χεῖρες
1511 1249 1647 1284 γυναικῶν
1657 1251 1839 1286 οίκτιρμόνων

1047 1297 1155 1332 ἤψησσν
1171 1297 1205 1323 τὰ
1216 1297 1312 1324 παιδία
1324 1296 1438 1329 ἑαυτῶν,
1451 1305 1460 1322 ›
1482 1296 1528 1322 καὶ
1541 1296 1648 1330 φύσεως
1660 1297 1839 1332 ἀνθρωπίνης

1047 1343 1215 1377 ἁλογήσασαι
1231 1342 1332 1377 νόμων,
1357 1342 1405 1369 καὶ
1425 1341 1615 1377 φιλοστοργίας
1632 1342 1738 1377 ἀμάχου
1753 1342 1839 1378 ρᾳθυ-

1049 1390 1108 1424 μεῖν
1124 1388 1206 1420 αὑτὰς
1222 1387 1420 1422 ἀναγκάζοντος
1433 1387 1479 1414 τοῦ
1495 1387 1585 1422 λιμοῦ.
1603 1387 1684 1415 Ἀλλὰ
1694 1388 1741 1415 καὶ
1757 1389 1840 1415 ταυτὶ

1049 1435 1097 1469 μὲν
1112 1435 1218 1461 ἅπαντα
1232 1435 1289 1466 τοῖς
1307 1433 1458 1469 ἠσεϐηκόσι
1483 1434 1665 1470 συμϐέϐηκεν.
1699 1435 1839 1470 Ἐλεήσειν

207 1477 263 1511 qui,
276 1477 423 1504 secundum
459 1476 628 1512 disciplinam
649 1481 675 1504 et
694 1478 926 1512 regenerationem
948 1485 994 1513 per

1049 1480 1074 1506 δὲ
1091 1480 1154 1510 τοὺς
1167 1481 1241 1511 υἱοὺς
1260 1478 1345 1506 Ἰούδα
1358 1478 1618 1512 κατεπαγγέλλεται,
1631 1479 1764 1512 τουτέστι,
1773 1481 1839 1512 τοὺς

207 1523 347 1556 Spiritum,
364 1522 464 1550 Christi
488 1523 535 1550 lilii
561 1528 717 1556 evaserunt,
730 1524 777 1558 qui
793 1524 826 1551 de
842 1523 912 1551 tribu
928 1523 995 1551 Juda

207 1569 265 1595 fuit.
279 1568 306 1595 Si
322 1569 394 1595 enim
412 1575 460 1603 per
475 1568 651 1604 Evangelium
665 1569 773 1603 quidatn
799 1569 899 1597 sanctis
929 1577 994 1604 apo-

206 1614 281 1642 stolis
295 1615 321 1642 in
335 1614 444 1642 Christo
455 1617 769 1650 generantur,quomodo
779 1623 831 1643 non
849 1616 934 1650 magis
948 1624 996 1650 per

206 1660 343 1687 christum
364 1659 473 1695 ipsum?
490 1660 523 1688 de
538 1660 634 1695 quibus
655 1660 736 1687 etiam
761 1661 815 1688 ait:
835 1669 844 1686 ι
860 1660 929 1687 Ecce
946 1668 995 1695 ego

206 1711 232 1732 et
248 1706 323 1740 pueri
341 1713 411 1740 quos
430 1705 504 1733 dedit
518 1705 703 1733 mihiDeus'“.
719 1714 728 1731 ι
743 1705 887 1733 Salvanlur
906 1705 995 1740 itaque

207 1753 231 1778 iu
249 1751 357 1779 Christo
378 1751 490 1778 Domino
514 1757 540 1779 et
557 1751 611 1779 Deo
627 1752 828 1784 universorum,
849 1759 900 1779 non
919 1759 993 1778 arma

206 1800 344 1823 moventes
371 1796 508 1823 terrestria
536 1800 563 1823 et
595 1796 713 1824 carnalia
729 1796 772 1828 ";
804 1795 850 1823 sed
882 1796 908 1823 in
938 1796 994 1824 vir-

209 1846 264 1870 tute
282 1841 421 1875 salvantis,
446 1841 664 1871 etconcutlentis
685 1841 793 1876 quidem
827 1842 993 1877 principatus

207 1893 232 1914 et
249 1887 359 1914 thronos
369 1887 404 1919 ",
430 1887 716 1922 lrlumphanlisautem
733 1893 814 1914 cruce
825 1894 874 1914 sua
897 1887 993 1915 adver-

206 1934 346 1961 sariorum
357 1937 492 1965 catervas,
506 1937 532 1960 et
544 1932 677 1969 malignas
687 1935 834 1967 potestates
842 1935 1002 1967 evertentis,

205 1985 231 2006 et
246 1979 335 2008 dantis
351 1978 524 2014 diligentibus
545 1985 575 2006 se
593 1988 602 2004 ι
616 1978 721 2006 calcare
743 1985 824 2012 super
843 1985 992 2014 serpentes,

205 2030 231 2052 et
242 2024 410 2060 srorpiones,
422 2028 448 2051 el
465 2031 545 2058 super
555 2029 662 2051 omttem
674 2022 801 2049 virtutem
818 2022 921 2050 inimici
931 2023 964 2050 °‘.
981 2033 990 2050 ι

205 2071 412 2105 Appositissiute
435 2074 524 2097 autem
544 2067 712 2096 incredulum
725 2088 733 2100 ,
754 2072 782 2096 et
798 2068 926 2096 eli'reuem
939 2089 946 2101 ,
967 2075 993 2097 et

207 2116 310 2144 Domini
337 2116 538 2144 interfectorem
561 2113 688 2149 popttlutn
710 2112 863 2141 Iudaeorum
887 2115 991 2143 mulieri

1047 1526 1117 1552 κατὰ
1129 1525 1248 1561 μάθησίν
1260 1533 1290 1551 τε
1314 1524 1361 1552 καὶ
1374 1524 1607 1559 ἀναγέννησιντὴν
1624 1524 1668 1551 διὰ
1685 1523 1733 1551 τοῦ
1748 1525 1838 1552 llsz-

1049 1580 1132 1606 ματος
1143 1572 1218 1602 υἱοὺς
1233 1571 1380 1605 γεγονότας
1392 1570 1577 1605 Χριστοῦ,τθῦ
1590 1571 1621 1597 ἐκ
1635 1570 1720 1605 φυλῆς
1739 1571 1838 1599 Ἰούδα.

1047 1617 1078 1643 Εἰ
1089 1617 1143 1651 γὰρ
1158 1616 1201 1642 διὰ
1219 1616 1264 1651 τοῦ
1285 1615 1452 1650 Εὑαγγελίου
1472 1615 1618 1650 γεννῶνται
1634 1624 1706 1648 τινες
1721 1617 1751 1642 ὲν
1769 1617 1839 1652 Χρισ

1047 1663 1101 1697 στῷ
1118 1663 1175 1693 τοῖς
1194 1662 1280 1696 ἁγίοις
1295 1662 1470 1693 ἀποστόλοις,
1482 1662 1540 1693 πῶς
1555 1662 1614 1696 οὐχὶ
1631 1662 1730 1697 μᾶλλον
1743 1662 1776 1688 δι’
1789 1663 1840 1689 αὺ-

1045 1707 1091 1734 τοῦ
1104 1707 1149 1734 τοῦ
1166 1707 1301 1743 Χριστοῦ;
1315 1707 1379 1742 περὶ
1391 1704 1428 1733 ὧν
1440 1707 1487 1733 καί
1503 1715 1580 1742 φησιν
1599 1716 1608 1732 ι
1627 1707 1692 1733 ’1δοῦ
1711 1706 1777 1741 ἐγὼ,
1790 1707 1839 1734 καὶ

1044 1753 1078 1780 τά
1094 1753 1187 1780 παιδία
1199 1753 1217 1779 ἃ.
1235 1752 1388 1788 μοιὲδωκεν
1402 1753 1416 1779 ό
1430 1752 1506 1783 Θεός.
1526 1761 1534 1777 ι
1554 1751 1687 1783 Σώζονται
1703 1753 1793 1778 τοίνυν
1808 1754 1839 1779 ἐν

1044 1799 1154 1835 Χριστῷ
1177 1799 1215 1834 τῷ
1230 1799 1324 1834 Κυρίῳ
1356 1799 1403 1825 καὶ
1427 1797 1486 1832 Θεῷ
1510 1797 1564 1824 τῶν
1591 1797 1671 1830 ὅλων,
1691 1798 1740 1833 οὐχ
1766 1798 1839 1825 ὅπλα

1045 1845 1182 1876 κινοῦντες
1196 1844 1306 1878 ἐπίγεια
1328 1852 1358 1870 τε
1387 1844 1433 1870 καὶ
1448 1843 1577 1879 σαρκικὰ,
1601 1843 1659 1870 ἀλλ’
1677 1844 1705 1870 ὲν
1721 1844 1838 1878 δυνάμει

1044 1889 1090 1917 τοῦ
1107 1890 1248 1922 σώζοντος,
1265 1890 1312 1920 καὶ
1325 1888 1515 1920 κατασείοντος
1537 1888 1588 1923 μὲν
1606 1888 1693 1923 ἀρχὰς
1709 1889 1756 1914 καὶ¹
1772 1888 1838 1924 Θρός

1045 1943 1117 1966 νους.
1130 1933 1342 1970 Θριαμϐεύοντος
1355 1932 1384 1959 δὲ
1398 1932 1436 1968 τῷ
1452 1933 1509 1967 ἰδίῳ
1529 1932 1637 1968 σταυρῷ
1652 1932 1706 1959 τῶν
1717 1933 1838 1959 ἀντικειο

1045 1980 1134 2016 μένων
1153 1979 1188 2007 τὰ
1208 1980 1300 2015 στίφη,
1316 1979 1361 2006 καὶ
1382 1979 1511 2014 δυνάμεις
1535 1979 1771 2014 καταστρέφοντος
1785 1987 1837 2005 πο-

1044 2026 1140 2062 νηρὰς,
1153 2026 1200 2052 καὶ
1226 2025 1342 2057 διδόντος
1362 2026 1427 2056 ’τοῖς
1450 2025 1592 2058 ἀγαπῶσιν
1612 2025 1692 2050 αὑτὸν
1709 2034 1719 2050 ί
1739 2026 1837 2051 πατεῖν

1044 2073 1135 2100 ἐπάνω
1144 2072 1232 2106 δφεων
1263 2071 1309 2097 καὶ
1326 2070 1474 2105 σκορπίων,
1489 2071 1535 2096 καὶ
1557 2070 1603 2097 ἐπὶ
1620 2071 1709 2096 πᾶσαν
1724 2071 1773 2104 τὴν
1788 2070 1837 2096 δύ-

1044 2127 1126 2153 ναμιν
1145 2117 1191 2143 τοῦ
1206 2116 1313 2152 ἐχθροῦ.
1334 2126 1343 2142 ι
1365 2114 1400 2142 Εὖ
1416 2115 1443 2141 δὲ
1472 2116 1503 2150 δὴ
1533 2115 1633 2151 σφόδρα
1658 2116 1707 2150 τὴν
1735 2115 1837 2151 ἀπειοῆ

205 2162 379 2197 comparavit,
410 2162 459 2194 illi,
487 2162 609 2196 inquam,
635 2167 695 2196 quae
716 2160 788 2188 dicta
820 2166 861 2189 est
884 2161 994 2196 Absque

1049 2164 1094 2190 καὶ
1109 2162 1223 2197 ἐξήνιον,
1240 2162 1286 2188 καὶ
1309 2161 1482 2195 κυριοκτόνον
1506 2161 1560 2187 τῶν
1581 2161 1715 2188 Ἰουδαίων
1729 2160 1838 2194 πληθὺν

205 2209 400 2236 misericordia.
423 2208 550 2235 Indicium
567 2206 640 2234 enim
669 2206 861 2234 imbecillitatis
873 2213 913 2235 est
931 2216 990 2235 mu-

205 2254 265 2285 lier,
282 2257 308 2280 et
325 2252 407 2280 animi
425 2252 496 2279 haud
521 2251 608 2278 virilis
634 2256 715 2285 atque
741 2250 818 2278 fracti
841 2252 991 2286 symbolum

206 2299 346 2332 aptissime
360 2297 470 2332 intelligi
482 2301 574 2332 queat.
590 2295 670 2324 Tales
683 2302 745 2323 sunt
763 2304 870 2331 omnes,
890 2298 934 2332 qui
952 2299 992 2325 in-

204 2344 370 2372 stitutionem
385 2342 576 2378 perChristum
587 2349 640 2369 non
657 2347 846 2377 susceperunt,
857 2344 940 2370 neciu
950 2344 991 2370 di-

205 2390 274 2415 vinis
292 2394 319 2415 et
334 2387 436 2415 sanctis
449 2386 581 2413 mandatis
595 2386 653 2421 ejus
672 2387 775 2422 ingredi
795 2388 989 2416 sustinuerunt.

205 2434 385 2467 Quamobrem
403 2432 486 2460 Oseas
516 2433 646 2467 propheta
667 2432 773 2467 inquit:
793 2442 801 2459 ι
818 2434 989 2467 Convertere,

205 2479 296 2511 lsrael,
308 2479 340 2506 ad
354 2478 494 2505 Dominum
507 2477 587 2504 Deum
602 2482 687 2510 lllUlII,
699 2478 760 2512 quia
773 2478 906 2505 infirmata
918 2487 947 2506 es
964 2481 989 2506 in

205 2523 393 2560 iniquitatibus
403 2523 457 2549 tuis
467 2522 501 2550 ⁸⁵.
518 2532 528 2549 ι
539 2522 677 2550 Etiterum
702 2523 737 2550 de
752 2525 882 2552 mandatis
896 2525 990 2552 Salva-

190 2571 272 2597 ltoris
288 2569 357 2597 idem
371 2576 379 2595 :
393 2576 402 2593 ι
412 2567 480 2601 Quia
498 2572 577 2595 recta:
587 2568 635 2594 vite
650 2568 764 2601 Domini,
776 2573 803 2597 ct
817 2570 881 2603 justi
899 2571 991 2598 ambu-

205 2617 298 2643 labunt
315 2614 341 2641 in
352 2613 411 2646 eis;
426 2614 499 2648 impii
512 2619 601 2640 autent
622 2613 863 2642 iuiirtuabunturin
882 2616 962 2643 eis“.
980 2627 988 2642 ι

206 2662 276 2689 Idem
299 2660 397 2688 alicubi
414 2661 446 2687 de
469 2659 501 2687 iis
516 2660 727 2694 quiocciderttut
744 2659 864 2693 Jezracl.
892 2662 917 2688 id
937 2668 988 2696 est,

204 2707 353 2738 Christum,
374 2715 383 2732 ι
396 2705 428 2733 Et
440 2705 624 2733 huntiliabitur
637 2706 761 2739 superbia
783 2705 864 2735 Israel
882 2708 907 2734 in
923 2708 990 2737 facie

241 2803 264 2819 ⁷⁸
277 2802 333 2831 lV.‘
344 2803 408 2839 Reg.
424 2812 480 2839 xix,
493 2803 538 2830 55.

585 2802 608 2817 ⁷⁹
631 2802 702 2829 l’sal.
718 2811 753 2832 tx.
772 2802 789 2830 8
806 2824 812 2835 ,
834 2803 859 2831 9.
899 2805 922 2820 ⁸⁰
941 2804 994 2832 Thr

1061 2805 1152 2837 tv,iO.
1191 2804 1212 2820 "
1228 2803 1278 2832 lsa.
1300 2812 1356 2837 rm,
1372 2805 1413 2832 18.
1453 2804 1475 2818 θ’
1495 2804 1512 2830 ll
1535 2803 1598 2831 Cor.
1614 2812 1640 2835 χ.
1656 2804 1683 2831 ό.

1045 2207 1154 2240 γυναικὶ
1172 2206 1342 2241 παρεικάζει,
1359 2206 1431 2241 φημὶ
1444 2206 1475 2240 δὴ
1489 2208 1522 2241 τῇ
1543 2206 1598 2234 Οὐκ
1622 2206 1768 2242 ἡλεημένῃ.
1784 2206 1839 2240 Ση-

1047 2253 1121 2287 μεῖον
1139 2252 1187 2287 μὲν
1201 2252 1255 2287 γὰρ
1268 2252 1283 2286 ἡ
1295 2251 1364 2287 γυνὴ
1380 2251 1426 2278 καὶ
1439 2252 1612 2287 φρονήματος
1623 2250 1767 2286 ἀνάνδρου,
1788 2251 1838 2278 καὶ

1046 2299 1232 2333 κεκλασμένου
1259 2298 1344 2330 τύπος
1373 2298 1406 2325 ἂν
1430 2299 1537 2329 νοοῖτο,
1566 2298 1611 2324 καὶ
1631 2297 1702 2332 μάλα
1728 2297 1832 2332 σαφῶς.

1046 2346 1147 2372 Τοιοίδε
1160 2345 1188 2371 δὲ
1202 2344 1312 2376 πάντες,
1328 2345 1385 2371 ὅσοι
1397 2343 1445 2379 τὴν
1463 2343 1507 2370 διὰ
1530 2342 1646 2378 Χριστοῦ
1662 2342 1700 2377 μὴ
1717 2341 1836 2376 παρεδέ-

1046 2392 1123 2423 ξαντο
1140 2392 1294 2424 παίδευσιν,
1322 2390 1391 2426 μήτε
1413 2390 1465 2425 μὴν
1479 2389 1622 2424 ἠνέσχοντο
1637 2388 1751 2414 κατόπιν
1765 2388 1835 2414 ἰέναι

1044 2436 1097 2462 τῶν
1110 2436 1189 2462 θείων
1202 2435 1284 2462 αὐτοῦ
1319 2435 1365 2461 καὶ
1376 2435 1461 2467 ἁγίων
1476 2432 1679 2468 Θεσπισμάτων.
1699 2432 1753 2458 Καὶ
1768 2432 1835 2465 γοῦν

1044 2484 1057 2508 ὀ
1077 2483 1219 2517 προφήτης
1242 2480 1331 2515 Ὠσηὲ,
1352 2489 1360 2505 ι
1382 2477 1589 2514 Ἐπιστράφηθι,
1605 2477 1697 2513 φησιν,
1714 2477 1832 2513 Ἰσραὴλ,

1046 2526 1113 2561 πρὸς
1130 2525 1232 2560 Κύριον
1251 2526 1295 2552 τὸν
1312 2525 1378 2551 Θεό-ι
1394 2532 1439 2550 σου
1450 2543 1457 2555 ,
1471 2523 1537 2550 διότι
1561 2523 1714 2557 ὴσίὶένησας
1731 2523 1760 2548 ὲν
1775 2525 1834 2554 ταῖς

1045 2573 1162 2603 ἀδικίαις
1178 2580 1236 2598 σου.
1255 2581 1263 2598 ›
1281 2571 1335 2598 Καὶ
1351 2570 1431 2597 πάλιν
1445 2569 1571 2604 περὶτῶν
1581 2568 1628 2595 τοῦ
1646 2569 1773 2604 Σωτῆρος
1790 2570 1832 2594 ὲν-

1044 2618 1214 2653 ταλμάτωνὸ
1229 2617 1319 2649 αὐτὸς,
1349 2626 1357 2642 1
1376 2616 1448 2642 Διότι
1474 2615 1586 2647 εὐθεῖαι,
1612 2614 1705 2650 φησιν,
1725 2615 1753 2641 αἱ
1778 2613 1833 2641 ὁδοὶ

1044 2664 1091 2691 τοῦ
1103 2665 1218 2700 Κυρίου,
1236 2663 1284 2689 καὶ
1301 2663 1400 2689 δίκαιοι
1427 2661 1603 2698 πορεύσονται
1619 2661 1646 2686 ὲν
1670 2661 1779 2692 αὑταῖς,
1808 2660 1832 2686 οἱ

1043 2709 1071 2737 δὲ
1081 2709 1188 2741 ἀσεϐεῖς
1200 2709 1393 2744 ἀσθενήσουσιν
1403 2708 1431 2734 ὲν
1440 2707 1543 2739 αὑταῖς.
1551 2717 1559 2732 ι
1568 2706 1623 2733 Καὶ
1632 2707 1646 2733 ό
1653 2706 1733 2737 αὐτὸς
1743 2706 1771 2733 δέ
1780 2715 1830 2733 που

1738 2803 1761 2819 ⁸³
1778 2802 1832 2831 Co-

206 2838 270 2867 loss.
283 2847 312 2872 tt,
330 2839 372 2867 10.
385 2837 396 2839 “
410 2839 432 2855 ⁸³
443 2838 508 2866 Luc.
525 2846 551 2872 x,
573 2839 614 2865 l9.
653 2837 675 2853 ⁸⁵
691 2838 759 2865 Osee
775 2846 829 2872 xtv,
846 2839 873 2866 ἓ.
911 2840 934 2856 ⁸⁸
950 2840 994 2867 ibi:

1052 2840 1077 2867 0.
