1913 3042
58 187 89 215 ιθ
531 185 806 215 COMMENTARIUS
823 185 856 214 IN
877 184 993 214 OSEAM
1013 183 1235 211 PROPllETAM.

1660 179 1700 208 50a

59 243 138 280 φησιν
161 243 249 279 Ὠσηὲ
279 244 347 280 περὶ
373 245 427 272 τῶν
450 245 638 272 ἀπεκτονότων
661 245 707 272 τὸν
725 245 859 281 Ὶεζραὲλ,

925 243 980 278 jus.
999 243 1031 270 Et
1046 242 1136 273 Israel,
1150 247 1177 269 et
1191 240 1318 276 Epltraim
1334 237 1544 266 inlirmabuntur
1559 235 1586 263 iu
1598 235 1698 271 iniqui-

60 290 180 318 τουτέστι
198 291 335 327 Χριστόν-
349 300 358 317 ι
378 292 435 318 Καὶ
451 291 686 327 ταπεινωθήσεται
697 293 714 326 ἡ
727 290 805 326 ΰὸρις
814 291 861 317 τοῦ

67 336 172 373 Ἰσραὴλ
202 337 244 368 εἰς
281 337 429 372 πρόσωπον
456 337 550 365 αὑτοῦ,
593 337 649 364 Καὶ
682 336 789 371 Ἰσραὴλ
816 337 863 363 καὶ

67 381 188 417 Ἐφραῖμ
205 381 407 417 ἀσθενήσουσιν
420 383 449 409 ὲν
461 383 521 414 ταῖς
530 382 646 413 ἀδικίαις
657 381 754 409 αὐτῶν.
763 391 772 407 ι

97 426 152 454 Καὶ
173 426 406 461 ἀπεγπλάκτισε
429 427 487 461 τὴν
512 428 575 454 Οὐκ
597 427 784 462 ήλεημένην.
807 426 863 454 Kal

68 472 241 501 συνέλαϐεν
257 473 313 506 ἔτι,
325 473 375 501 καὶ
395 473 498 501 ἔτεκεν
511 474 590 500 υιόν.
603 474 658 500 Kal
671 471 747 505 εἷπε,
769 473 863 500 Κάλε-

69 529 125 547 σον
140 520 175 546 τὸ
193 520 292 555 ὄνομα
301 520 405 553 αὐτοῦ,
420 521 461 547 Οὐ
474 519 550 551 λαός
563 528 632 554 μου.
643 519 719 546 Διότι
730 518 815 554 ὑμεῖς
827 520 864 546 οὺ

70 566 141 600 ,ιιιός
151 575 227 600 μου,
237 566 289 593 καὶ
305 565 362 600 ἐγὼ
379 567 435 592 οὐκ
447 565 505 600 ειμι
523 565 618 599 ὑμῶν.

107 656 152 689 ς’.
172 655 303 682 Τίκτεται
317 655 390 682 κατά
414 655 497 687 πόδας
515 655 562 682 καὶ
584 654 633 681 οὐκ
649 655 689 685 εἰς
707 654 815 689 μακρὰν
829 654 864 689 τῇ

77 701 162 735 ι’όμερ
173 700 482 736 παῶίονέτερον,ὃδεϊν
508 700 559 736 ἔφη
578 699 719 726 καλεῖσθαι
729 699 807 732 Θεὸς,
827 699 864 726 Οὺ

76 747 134 777 λαός
151 755 216 781 μου.
246 746 303 774 Καὶ
318 747 422 785 γείτων
432 746 515 778 εὐθὺς
532 746 565 781 τῇ
574 745 744 781 τοιᾷδελύσει
760 745 864 772 τίθεται

77 793 154 819 πάλιν
184 792 335 827 πρόφασις.
364 793 460 828 Ὑμεῖς
476 792 542 828 γὰρ,
561 792 654 827 φησὶν,
672 792 701 818 οὐ
720 791 783 823 λαός
802 799 864 826 μου,

78 838 122 864 καὶ
135 837 192 872 ἐγὼ
209 838 260 865 οὑκ
285 839 344 874 εἰμὶ
368 839 456 874 ὑμῶν.
472 839 556 873 Δῆλον
575 838 598 865 δ’
611 838 643 865 ἂν
657 837 700 873 εἴη
714 839 770 864 κάκ
789 837 866 864 τοῦδε

78 883 177 914 λοιπὸν,
192 884 232 915 ὡς
258 883 299 916 εἰς
321 883 431 919 ἔλεγχον
450 883 504 911 τῶν
529 883 738 919 ἡμαρτηκότων,
755 882 811 910 και
825 883 866 914 εἰς

915 289 1014 316 talibus
1027 289 1083 315 suis
1092 287 1125 313 ⁸⁷.
1138 297 1147 313 ι

949 430 1031 458 Vens.
1067 430 1094 462 8,
1121 429 1151 458 9.
1179 428 1214 455 Et
1242 427 1382 455 abiaetavil
1419 434 1477 453 eam
1504 432 1563 460 qua
1592 424 1702 458 Absque

913 476 1097 505 misericordia
1117 475 1262 502 dicebatur.
1280 473 1314 500 Et
1338 473 1453 506 concepit
1480 471 1575 502 adhuc,
1596 475 1619 497 et
1654 477 1701 503 pe-

914 523 980 556 perit
990 522 1084 557 ﬁlium.
1096 521 1129 548 Et
1145 521 1212 547 dixit
1225 531 1231 546 :
1252 518 1321 546 Voca
1337 525 1429 545 nomen
1438 516 1506 551 ejus,
1517 516 1577 543 Non
1588 514 1700 550 populus

915 576 997 595 meus.
1021 567 1089 600 Quia
1104 574 1148 594 vos
1164 573 1215 593 non
1233 563 1344 600 populus
1360 569 1444 594 meus,
1460 566 1483 589 et
1499 569 1544 596 ego
1571 568 1623 588 non
1643 567 1700 586 sum

915 619 1007 640 vester.

951 658 995 685 Vl.
1027 658 1152 686 Nascitur
1180 656 1280 684 Gomer
1307 654 1385 690 quasi
1407 652 1537 688 evestigio
1586 658 1636 678 nee
1665 651 1700 677 ita

917 704 999 732 multo
1016 708 1077 738 post
1092 702 1181 730 infans
1194 702 1272 733 alius,
1287 707 1367 736 quem
1406 698 1478 726 Deus
1502 697 1593 725 vocari
1623 695 1703 731 jussit.

916 749 974 776 Non
998 747 1112 783 populus
1144 753 1230 773 meus.
1264 745 1313 772 Rei
1348 743 1455 771 occasio
1483 749 1544 769 mox
1572 739 1702 767 solutione

917 794 1099 829 hujuscemodi
1112 793 1269 827 exponitur:
1303 790 1356 817 Vos
1381 787 1574 822 enim,inquit,
1590 793 1642 813 non
1655 792 1702 819 po-

917 839 994 874 pulus
1012 845 1096 870 meus,
1105 842 1132 865 et
1147 844 1196 872 ego
1211 844 1264 863 non
1278 843 1337 863 sum
1348 839 1448 862 vester.
1476 832 1608 860 Constare
1623 830 1704 864 igitur

917 886 997 913 etiam
1016 884 1081 912 hinc
1098 887 1196 918 potest,
1214 882 1247 908 ad
1259 879 1496 915 reprehensionem
1520 881 1704 912 peccatorum.

79 928 262 965 ἐπανόρθωσιν
278 929 388 965 ἀσφαλῆ
398 929 452 958 τῶν
465 931 644 966 καταφρονεῖν
653 929 808 965 ᾑρημένων,
820 929 867 956 καὶ

925 936 945 958 :t
964 931 996 957 ad
1009 934 1110 957 certam
1127 928 1323 957 correctionem
1336 929 1565 959 contemptorum,
1600 928 1705 949 errore-

78 975 116 1006 εἰς
132 974 267 1010 πλάνησιν
286 975 508 1002 ἀπονενευκότων
528 975 679 1010 ἐπράττετο
697 975 747 1010 μὲν
765 975 867 1010 inopt-

80 1020 131 1052 κῶς
147 1021 182 1047 τὰ
206 1021 307 1054 τοιάδε,
328 1021 410 1048 τύποι
431 1021 459 1048 δὲ
479 1019 548 1057 ἦσαν
571 1021 626 1048 τῶν
653 1020 867 1056 συμϐησομένων

81 1066 146 1093 κατά
157 1068 273 1102 καιροὺς
287 1068 345 1099 τοῖς
359 1067 388 1099 ἐξ
402 1067 522 1102 Ἰσραὴλ,
539 1067 800 1103 ὲνανθρωπήσαντος
815 1066 866 1101 ήδη

81 1111 124 1138 ταῦ
138 1111 322 1146 ὶίονογενοῦς,
336 1113 386 1139 καὶ
398 1112 444 1139 τὸν
454 1111 545 1148 τίμιον
562 1112 630 1148 ὑπὲρ
648 1113 726 1148 ἡμῶν
738 1111 868 1138 ἀνατλάν-

81 1167 123 1190 τος
137 1158 264 1193 σταυρόν.
284 1159 317 1186 El
343 1159 372 1186 δὲ
396 1159 427 1194 δὴ
443 1160 496 1194 χρὴ
514 1158 568 1194 πρὸ
591 1158 645 1185 τῶν
675 1158 868 1194 πνευματικῶν

81 1205 275 1240 ἀφηγήσασθαι
287 1205 321 1232 τὰ
337 1205 472 1240 ἱστορικὰ,
484 1205 584 1240 φαμὲν,
595 1205 636 1232 ὅτι
653 1204 868 1240 μετοικισθέντος

81 1252 125 1278 τοῦ
142 1252 250 1287 Ἰσραὴλ
268 1253 301 1279 ὲκ
317 1252 367 1287 τῆς
382 1252 550 1287 Σαμαρείας,
561 1253 602 1284 είς
626 1252 660 1279 τὰ
672 1253 734 1288 ὅρια
754 1252 868 1288 Περσῶν

84 1298 126 1325 ml
153 1298 256 1333 Μήδων
284 1297 338 1324 ὑπό
365 1306 396 1324 τε
425 1297 471 1324 τοῦ
493 1297 710 1333 Θεγλαφαλασάρ
736 1298 869 1334 βασιλέως

89 1343 249 1378 Ἀσσυρίων,
259 1344 307 1370 καὶ
323 1344 374 1379 μέν
383 1352 424 1370 τοι
438 1344 633 1380 Σαλμανασὰρ,
645 1346 669 1370 οἱ
685 1344 870 1380 περιλειφθέν-

83 1398 126 1422 τες
138 1389 189 1423 ἔτι,
213 1389 262 1416 καὶ
279 1389 335 1417 τῶν
348 1389 595 1416 κεκινδυνευκότων
611 1389 642 1416 τὸ
659 1390 794 1424 λείψανον,
817 1391 869 1416 ἀπ-

84 1436 194 1463 ὠλισθον
203 1436 344 1468 παντελῶς
353 1436 401 1463 τοῦ
418 1437 464 1464 καὶ
478 1436 541 1468 λαὸς
551 1436 618 1463 Θεοῦ
625 1435 815 1471 ὀνομάζεσθαι,
825 1435 870 1463 διά

85 1491 122 1509 τοι
135 1483 165 1508 τὸ
187 1482 244 1510 τῶν
267 1482 358 1509 αὐτῶν
382 1482 490 1517 ἔχεσθαι
509 1482 726 1517 σπουδασμάτων
743 1483 782 1514 εἰς
803 1482 869 1508 ἀπό-

87 1537 176 1555 στασιν
202 1528 252 1564 τὴν
277 1529 332 1555 ἀπὸ
354 1528 432 1556 Θεοῦ.
458 1528 646 1554 Διαλελοίπασι
670 1530 724 1563 γὰρ
743 1528 868 1562 οὐδαμῶς

85 1577 142 1607 ταῖς
156 1576 367 1612 μυσαρωτάταις
393 1575 447 1602 τῶν
472 1575 605 1610 δαιμόνων
625 1574 762 1609 λατρείαις
786 1583 869 1609 προσ-

86 1622 214 1656 κείμενοι.

119 1668 191 1704 Πρὸς
209 1667 329 1695 διάνοιαν
343 1668 372 1694 δὲ
388 1667 437 1703 τὴν
452 1667 537 1703 ἀληθῆ
548 1687 555 1698 .
573 1666 620 1694 καὶ
642 1667 689 1694 ἐπὶ
702 1665 812 1702 Χριστῷ
830 1665 872 1692 λό-

85 1723 130 1748 γον
145 1715 273 1749 συνήσεις
289 1714 401 1748 ἑτέρως.
415 1712 492 1739 Μετά
507 1712 560 1748 γάρ
570 1721 612 1739 τοι
627 1711 675 1747 τὴν
691 1711 797 1738 ἀνόσιον
808 1711 876 1737 ὲκεί-

85 1769 132 1796 νην
147 1760 264 1795 πληθὺν,
281 1760 331 1795 τὴν
348 1759 459 1791 δικαίως
483 1759 532 1785 οὐκ
557 1758 714 1793 ἡλεημένην
734 1760 875 1792 (κεκυριο-

84 1807 201 1842 κτόνηκε
218 1806 303 1841 γὰρ),
319 1806 343 1832 οἱ
359 1805 417 1841 μετ’
434 1804 552 1836 ἐκείνους
565 1803 708 1842 ςὺθὺςιυὶοὶ
722 1803 875 1838 γεγονότες,

84 1852 100 1887 ἢ
110 1838 164 1878 καὶ.
173 1838 251 1883 ὄντες
259 1838 315 1887 ’ἤδη
325 1838 376 1886 τῆς
388 1858 523 1885 πεπορνευ
529 1850 612 1884 μένης
622 1838 798 1884 Συναγωγῆς,
810 1849 877 1875 ἀπο-

917 983 970 1010 que
986 976 1163 1003 abductorum
1180 974 1237 1000 haec
1249 971 1378 1000 historice
1398 971 1468 999 facta
1500 976 1578 1000 esse;
1609 966 1704 1000 imagi-

918 1030 966 1050 nes
980 1027 1070 1048 autem
1095 1024 1174 1047 erant
1201 1025 1306 1050 eorum,
1331 1024 1391 1052 qute
1416 1013 1615 1049 Jerosolymitis
1641 1011 1705 1039 olim

917 1073 1045 1095 eventura
1064 1065 1163 1097 forent.
1180 1064 1325 1100 Unigenito
1345 1064 1490 1090 humanam
1509 1064 1635 1087 naturam
1649 1058 1705 1093 jam

919 1112 1023 1142 induto,
1041 1110 1096 1145 26
1109 1114 1136 1137 et
1150 1108 1275 1144 pretiosa:
1298 1107 1388 1135 crucis
1411 1110 1525 1133 mortem
1555 1111 1604 1139 pro
1630 1103 1706 1130 nobis

918 1162 1057 1191 perpesso.
1073 1153 1150 1187 Quod
1172 1153 1194 1180 si
1208 1156 1272 1180 ante
1291 1150 1443 1186 spiritualia
1467 1147 1708 1177 commemoranda

919 1206 982 1230 sunt
994 1201 1134 1233 historica,
1151 1199 1277 1231 dicimus,
1291 1197 1391 1224 lsraele
1400 1203 1434 1224 ex
1443 1194 1566 1223 Samaria
1580 1194 1614 1221 ad
1632 1200 1707 1220 tuon-

920 1253 960 1275 tes
971 1247 1113 1274 Persarum
1125 1251 1152 1274 et
1163 1244 1301 1272 Medorum
1316 1250 1331 1270 a
1342 1240 1594 1277 Tbeglatphalasar,
1603 1243 1631 1266 et
1643 1237 1710 1265 Sal—

920 1299 1048 1319 manasar
1066 1289 1241 1325 Assyriorum
1255 1286 1366 1322 regibus
1379 1284 1523 1315 translato,
1539 1282 1584 1317 qui
1599 1288 1706 1308 remark

919 1343 1022 1368 serant.
1041 1336 1254 1369 aﬂlictorumque
1270 1331 1399 1366 reliquias
1413 1338 1428 1357 a
1447 1328 1566 1360 nomine,
1605 1331 1634 1353 ut
1659 1332 1709 1360 po-

921 1384 999 1420 pulus
1016 1383 1061 1410 Dei
1086 1385 1258 1411 vocarentur,
1280 1378 1390 1406 omnino
1417 1376 1614 1411 degenerasse,
1639 1371 1711 1406 quod

921 1419 954 1458 iis
964 1429 1061 1457 studiis
1072 1431 1162 1455 essent
1176 1425 1272 1456 dediti.
1285 1432 1333 1459 per
1345 1430 1406 1458 quae
1417 1430 1433 1450 a
1447 1421 1502 1449 Deo
1517 1419 1709 1448 desciscerent.

921 1475 1085 1509 Neutiquam
1112 1472 1184 1500 enim
1210 1470 1328 1498 maxime
1365 1467 1525 1497 detestando
1560 1466 1714 1493 datmonum

922 1520 1004 1549 cultui
1026 1520 1158 1547 inhaerere
1171 1515 1386 1544 intermiserunt.

961 1665 1000 1692 Ad
1015 1671 1106 1691 veram
1125 1667 1215 1689 autem
1231 1661 1376 1690 rationem,
1392 1662 1419 1686 et
1432 1657 1464 1684 ad
1479 1655 1616 1684 Christum
1641 1655 1713 1689 quod

927 1712 1033 1743 attinet,
1067 1709 1146 1736 aliter
1174 1706 1319 1741 intelliges.
1348 1704 1411 1731 Post
1429 1701 1588 1730 sceleratam
1615 1700 1714 1735 quippe

928 1755 1126 1784 multitudinem
1143 1753 1230 1784 illam,
1246 1757 1274 1779 et
1287 1751 1384 1778 merito
1420 1747 1634 1777 misericordiam
1660 1753 1713 1773 non

928 1805 1111 1833 consecutam,
1127 1799 1190 1834 quia
1206 1797 1349 1826 Dominum
1366 1794 1514 1827 interiecit,
1533 1793 1624 1820 statim
1653 1791 1714 1818 illo-

928 1857 987 1877 rum
1002 1847 1049 1875 l‘tlii
1064 1851 1124 1882 post
1138 1852 1195 1877 eos,
1209 1848 1256 1872 aut
1272 1843 1316 1877 qui
1326 1842 1380 1876 jam
1401 1845 1481 1868 erant
1500 1839 1546 1867 ﬁlii
1562 1837 1716 1865 iornicaria:

84 1898 264 1926 πεπτώκασιν
281 1897 407 1933 ἐναργῶς
424 1896 472 1924 τοῦ
491 1894 562 1923 εἶναι
581 1903 611 1921 τε
637 1896 684 1922 καὶ
698 1894 866 1930 ὀνομάζεσθα

928 1895 1087 1930 Synagogaa,
1104 1891 1191 1926 palam
1207 1897 1235 1917 se
1249 1890 1284 1916 ita
1296 1891 1449 1924 gesserunt,
1470 1889 1501 1912 ut
1527 1884 1642 1920 populus
1668 1882 1715 1909 Dci

83 1944 148 1975 λαὸς
163 1944 244 1970 Θεοῦ.
269 1943 308 1970 Οὐ
394 1943 466 1970 ἆπαν
481 1942 511 1969 τὺ
528 1942 583 1969 τῶν
605 1929 869 1968 Ἰουδαίωνδεδαπά-

929 1929 978 1968 nec
997 1943 1099 1970 essent,
1112 1943 1162 1965 nec
1178 1935 1392 1964 nominarentur.
1409 1931 1503 1966 Neque
1517 1929 1589 1958 enitn
1606 1929 1715 1956 unEVer-

82 1972 149 2025 νηκε
165 1989 270 2025 πλῆθος
285 1990 300 2016 ὁ
312 1972 457 2024 ’ῥωμαίων
471 1988 603 2024 πόλεμος·
620 1987 689 2014 ἀλλὰ
700 1987 813 2022 πλείστη
829 1986 869 2021 μὲν

929 1993 986 2013 sam
1007 1983 1160 2011 Judatorum
1177 1980 1313 2008 nationem
1328 1978 1429 2005 bellum
1445 1985 1461 2003 a
1496 1973 1624 2002 Romanis
1654 1972 1715 1999 illa-

81 2017 131 2070 ὅση
163 2017 343 2070 καίάρὼμοῦ
363 2017 496 2074 κρείττων
509 2017 618 2060 διόλωλε
629 2032 734 2068 πληθύς
746 2040 753 2048 '
766 2033 790 2060 οἱ
850 2031 869 2058 et

931 2035 985 2058 tum
1020 2027 1189 2062 absumpsit;
1221 2025 1267 2053 sed
1302 2025 1419 2051 tnaxima
1467 2025 1494 2049 et
1526 2017 1716 2047 innumerabili

81 2063 175 2107 αὐτῶν
189 2063 422 2115 ἀνασεσωσμένοι,
438 2068 529 2106 καίτὸ
551 2078 598 2106 τοῦ
616 2063 731 2106 θανάτου
749 2078 869 2113 φυγόντα

930 2075 1102 2103 multitudine
1116 2072 1214 2103 deleta.
1230 2071 1263 2098 de
1277 2070 1344 2105 ipsis
1356 2067 1470 2100 servati,
1491 2070 1519 2094 et
1540 2065 1587 2100 qui
1619 2063 1717 2091 mortis

81 2127 168 2158 λίνον,
184 2127 376 2162 διεσπάρησαν
396 2127 435 2158 εἰς
455 2126 547 2153 πάντα
563 2127 677 2161 ἄνεμον,
694 2125 765 2152 κατὰ
783 2125 813 2151 τδ
833 2133 880 2159 γε·

80 2173 258 2209 γραμμένον,
275 2173 323 2200 καὶ
335 2173 365 2199 ὲν
379 2174 438 2204 ταῖς
454 2172 508 2199 τῶν
524 2171 609 2198 ἐθνῶν
623 2171 880 2205 κατεσκεδάσθησαν

81 2220 200 2255 χώραις,
216 2219 309 2246 οὐκέτι
329 2218 406 2251 λαὸς,
422 2218 460 2250 ὡς
480 2217 559 2254 ἔφην,
572 2217 787 2253 χρηματίζοντες
800 2216 879 2244 Θεοῦ.

80 2265 318 2300 Μεταπεφοίτηκε
337 2264 392 2299 γὰρ
406 2264 446 2296 είς
468 2264 532 2295 τοὺς
554 2264 583 2297 ἐξ
599 2263 684 2291 ὲθνῶν
699 2264 716 2298 ἡ
733 2263 824 2299 χάρις,
838 2260 878 2294 οἷς

79 2311 221 2347 ἀνεμίχθη
236 2311 327 2338 καὶτὸ
342 2310 517 2345 κατάλειμμα
533 2310 580 2337 τοῦ
597 2310 715 2347 Ἰσραὴλ,
727 2310 877 2343 τουτέστιν,

80 2360 105 2385 οἱ
122 2358 169 2385 διὰ
185 2358 305 2389 πίστεως
321 2357 372 2392 τῆς
388 2357 427 2389 εἰς
442 2356 560 2391 Χριστὸν
579 2355 809 2391 ἁνασεσωσμένοι.
825 2356 878 2382 Πε-

82 2404 252 2431 πιστεύκασι
262 2403 316 2438 γὰρ
324 2403 372 2430 καὶ
386 2404 418 2430 ὲκ
428 2402 523 2429 τούτου
534 2403 584 2428 οὐκ
595 2402 680 2436 ὀλίγοι
692 2402 736 2428 τὸν
751 2400 878 2436 ἀριθμόν.

932 2122 998 2150 retia
1017 2120 1177 2155 eﬂ'ugerant,
1205 2118 1239 2145 ad
1260 2123 1354 2144 omnes
1370 2119 1475 2146 ventos,
1489 2112 1568 2148 juxta
1594 2110 1717 2145 Scriptu-

932 2176 1000 2201 ram,
1031 2166 1157 2201 dispersi,
1188 2169 1216 2191 ct
1234 2171 1282 2198 per
1306 2161 1425 2197 gentium
1446 2160 1569 2194 regiones
1596 2155 1720 2190 dissipati

932 2219 995 2241 sunt
1006 2213 1040 2245 ⁸⁸,
1058 2200 1110 2239 non
1123 2210 1250 2245 amplius,
1260 2207 1369 2239 ut.dixi,
1383 2205 1498 2242 populus
1516 2203 1562 2231 Dei
1577 2200 1714 2237 appellati.

932 2259 1069 2287 Transivit
1083 2258 1154 2285 enim
1180 2256 1213 2283 ad
1237 2258 1330 2290 gentes
1354 2252 1451 2288 gratia,
1482 2249 1579 2285 quibus
1592 2246 1716 2282 reliquiae

932 2305 1164 2340 lsraelpermistze
1177 2306 1250 2333 Sunt,
1279 2302 1329 2328 hoc
1363 2303 1415 2331 est,
1441 2296 1488 2332 qui
1512 2303 1561 2331 per
1590 2294 1670 2321 ﬁdem
1691 2292 1718 2319 in

932 2339 1068 2379 Christum
1083 2349 1178 2377 salvati
1191 2352 1263 2375 sunt.
1280 2345 1459 2373 Crediderunt
1483 2341 1556 2369 enim
1581 2339 1663 2366 etiam
1685 2345 1718 2363 ex

933 2397 976 2424 his
993 2403 1045 2423 non
1057 2394 1133 2429 pauci
1150 2399 1275 2420 numero.
1294 2389 1413 2424 llepulsa
1426 2391 1517 2414 autem
1533 2381 1719 2412 familiaritate

83 2451 146 2478 Ὀτι
161 2451 190 2476 δὲ
205 2449 440 2480 ἀπολακτίσαντος
460 2448 507 2474 τοῦ
525 2429 648 2483 Ἰσραὴλ,¹
660 2448 710 2482 τῆς
727 2429 869 2479 εἰςιαὺτοὺι

932 2441 990 2475 ejus
1005 2441 1040 2467 ab
1056 2437 1323 2471 lsrael,abscessisse
1335 2435 1415 2462 etiam
1428 2433 1462 2460 ab
1478 2438 1512 2459 eo
1530 2429 1718 2457 uuiversorum

82 2496 251 2530 οἰκειότητος
260 2474 468 2528 ἀποπεφοίτηικε
481 2491 528 2518 καὶ
542 2474 622 2523 «ira;
722 2474 790 2517 ὅλων
800 2491 869 2522 Θεὸς

931 2488 1024 2520 Deum,
1034 2484 1234 2516 satiscslendit,
1243 2490 1303 2518 cum
1313 2481 1391 2514 dixit,
1401 2487 1452 2507 non
1463 2477 1560 2508 solum,
1570 2474 1601 2501 Et
1612 2481 1657 2502 vos
1665 2481 1719 2500 non

1413 2524 1428 2530 ..
1489 2523 1506 2530 .,
1540 2528 1578 2530 νη
1591 2520 1598 2530 ,
1610 2517 1717 2530 mh.“

85 2517 249 2530 "mm-vv.
261 2517 465 2528 ῆ---ωπνηηκ
567 2517 571 2518 ν
613 2517 621 2523 .
856 2517 864 2522 .

85 2542 234 2576 sas-{qvam
251 2539 338 2566 εἰπὼν
349 2559 357 2571 ,
374 2538 407 2565 οὺ
426 2537 516 2572 μόνον,
534 2538 574 2564 ὅτι
592 2537 639 2563 καὶ
661 2536 754 2572 Ὑμεῖς
767 2537 798 2563 οὺ
813 2536 869 2562 λαός

930 2517 1043 2569 populus
1061 2538 1136 2560 meus
1144 2530 1216 2563 :tsed
1223 2517 1303 2558 etiam
1311 2535 1372 2556 eum
1387 2523 1519 2559 adjunxit,
1529 2520 1599 2576 quod
1607 2517 1719 2547 omnino

88 2565 153 2621 pou:
168 2565 394 2621 izpoasnayay’tbv
407 2565 436 2610 si
451 2565 557 2614 τούτοις
572 2565 798 2621 ἀναγκαίως,τὸ,
824 2581 869 2608 Καὶ

931 2565 1104 2615 sequebatur,
1121 2577 1154 2604 Et
1166 2583 1216 2611 ego
1231 2582 1283 2603 non
1297 2580 1358 2602 sum
1374 2575 1474 2600 vester.
1485 2568 1522 2596 De
1537 2565 1614 2594 nobis
1627 2569 1719 2592 autem

89 2613 149 2666 ἐγὼ,
173 2613 224 2659 06x
247 2613 309 2666 εἰμί
328 2613 416 2665 ὑμῶν.
441 2628 509 2655 Ἀλλ’
526 2613 604 2664 ἡμῶν
620 2613 652 2662 γε
674 2613 748 2662 πέρι,
781 2627 835 2654 τῶν
852 2627 869 2654 ὲ·

933 2628 960 2655 in
971 2613 1085 2655 vChristo
1100 2623 1256 2659 justiﬁeatis
1279 2626 1305 2650 et
1329 2622 1356 2649 in
1375 2620 1477 2656 Spiritu
1490 2613 1673 2646 sanctiﬁcatis,
1691 2617 1720 2640 et

91 2658 197 2713 lemip
207 2658 438 2710 δεδικαιωμένων,
447 2674 494 2700 καὶ
506 2658 680 2709 ἡγιασμένων
692 2658 720 2699 ὲν
729 2658 869 2708 Πνεύματι

933 2674 991 2709 ejus
1011 2658 1201 2706 coniunctione
1222 2667 1396 2713 pollentibus,
1411 2672 1460 2701 per
1478 2671 1509 2692 os
1524 2661 1661 2697 prophetae

91 2724 134 2750 καὶ
149 2723 198 2758 τὴν
221 2722 292 2758 πρὸς
309 2721 394 2748 αὐτὸν
409 2720 564 2754 οἰκειότητα
584 2719 820 2753 πεπλουτηκότων,
838 2719 869 2745 δι(

934 2702 990 2746 cit:
1009 2726 1018 2743 I
1035 2702 1127 2751 ego
1146 2722 1192 2743 ero
1211 2702 1264 2742 illis
1279 2712 1306 2739 iu
1321 2710 1418 2743 Deum,
1435 2714 1463 2737 et
1476 2708 1525 2743 ipsi
1542 2709 1624 2735 erunt
1652 2702 1719 2731 mihi

93 2749 182 2803 φωνῆς
202 2749 348 2804 πῷφῆτου
366 2765 445 2800 φησί·
457 2774 466 2790 ‹
485 2749 542 2792 Καὶ
557 2764 612 2799 ἐγὼ
626 2749 724 2799 ἔσομαι
738 2749 829 2794 αὐτοῖς
843 2764 866 2790 εἰ

934 2764 961 2791 in
977 2763 1047 2791 ﬁlios
1068 2749 1107 2790 ειν
1120 2761 1199 2794 ﬁlias,
1222 2759 1286 2787 dicit
1303 2757 1433 2784 Dominus
1460 2753 1632 2788 omnipotens
1655 2749 1688 2776 ⁸⁸.
1705 2756 1717 2776 ι

94 2796 317 2846 Θεὺνξνκαὶιαθτοὶ
331 2796 437 2838 ἔσονταί
452 2819 495 2845 μοι
511 2811 551 2841 εἰς
568 2796 643 2841 υἱοὺς
660 2796 706 2836 καὶ
719 2809 869 2844 θυγατέρας

934 2810 972 2836 Ac
979 2808 1078 2836 Iudaeis
1089 2807 1195 2843 quidem
1204 2805 1291 2833 aiebat
1298 2802 1431 2834 Christus,
1442 2798 1586 2834 aliquando
1595 2796 1718 2831 quidem:

121 2905 141 2920 ⁸⁷
154 2906 234 2931 Osce.
256 2911 306 2934 \‘ll.
331 2902 371 2928 l0.
411 2902 433 2917 ³⁸
449 2900 530 2927 Zach.
549 2908 577 2932 tt,
595 2901 619 2924 ii.
663 2900 684 2915 “9
698 2898 752 2924 .Icr.
768 2904 840 2924 μυ.
859 2897 881 2923 ι.
