1913 3042
205 181 234 210 51
715 178 744 205 8.
765 176 901 205 ογιιιιιι
923 174 986 202 ALE

1044 172 1159 200 NDRINI
1179 171 1343 200 ARCHIEP.

204 249 215 267 ι
225 240 320 268 Adhuc
326 239 459 267 modicum
469 243 574 272 tempus
583 236 722 264 vobiscum
732 244 790 264 sum
797 236 820 252 9°
831 245 837 269 ;
849 245 857 262 ι
870 235 986 270 aliquan-

1044 233 1118 268 λέγει
1131 232 1233 269 Κύριος
1251 229 1459 265 παντοκράτωρ.
1472 238 1480 254 ι
1496 227 1552 254 Καὶ
1567 226 1702 272 Ἰουδαίοις
1720 224 1748 251 δὲ
1765 223 1835 272 Esa-

201 287 237 314 do
251 290 358 313 autem:
374 294 384 310 ι
403 284 473 312 Ecce
499 283 667 318 relinquetur
682 281 758 309 vobis
782 282 878 309 domus
899 286 988 318 vestra

201 331 310 358 deserta
322 331 356 357 ἰ.
376 340 385 355 ι
402 329 438 357 De
451 328 590 356 conversis
605 335 669 356 vero
681 335 713 355 ex
730 327 873 362 gentibus:
894 336 903 352 ι
918 316 989 354 Oves

202 385 269 405 mem
283 384 375 405 vocem
390 383 478 403 meam
496 375 620 407 audiunt.
645 379 672 402 et
689 382 739 409 ego
769 381 904 409 cognosco
930 380 988 404 eas,

201 427 228 450 ct
261 426 413 456 sequuntur
450 429 505 454 me,
533 426 561 450 et
588 429 639 457 ego
668 423 751 448 vitam
788 425 916 448 aeternam
955 420 990 447 do

201 469 240 496 eis
255 469 289 497 ".
307 478 317 495 ι

236 559 290 594 27
305 558 389 587 Vsus.
407 557 450 586 10.
468 557 502 585 Et
531 559 580 585 erit
611 565 735 585 numerus
758 556 875 591 ﬁliorum
904 553 989 581 Israel

201 603 267 631 sicut
285 611 364 631 arena
377 603 470 636 maris,
490 611 549 638 qua:
560 611 610 630 non
620 601 826 634 mensurabitur,
843 608 925 634 neque
937 607 988 625 nu-

201 649 356 688 curabiturJ

238 695 290 724 ιιιι.
304 695 362 723 Hoc
375 695 429 723 alio
446 695 525 723 modo
541 695 618 723 nobis
634 693 762 729 explanat
781 694 876 720 beatus
895 691 988 719 lsaias.

203 751 213 767 ι
226 741 258 769 Et
270 741 292 769 si
309 741 400 774 fuerit,
415 741 514 776 inquit,
526 740 640 776 populus
651 739 734 767 israel
747 744 776 766 ut
789 746 871 766 arena
890 737 984 770 maris,

203 787 322 822 reliquiae
330 794 423 815 eorum
435 786 620 814 salvabuntur.
635 785 752 814 Verbum
772 785 844 812 enim
862 791 989 812 consum-

201 841 287 866 mans,
301 837 330 861 et
343 833 505 862 ebbrevians
519 832 546 860 in
556 832 672 868 iustitia,
685 832 748 867 quia
758 831 872 858 verbum
892 830 988 857 abbre-

200 879 302 906 viatum
317 878 397 907 faciet
417 878 545 906 Dominu
561 879 587 906 in
602 882 657 905 toto
669 877 812 905 mundo".
831 886 840 903 ι
860 876 913 904 Sed
930 876 988 903 sive

1041 287 1104 306 σκεν
1116 279 1129 306 ὁ
1143 277 1260 314 Χριστός
1272 285 1279 291 ’
1293 276 1358 302 ποτὲ
1376 274 1436 310 μὲν,
1454 274 1495 300 ὅτι
1510 283 1519 298 ι
1536 273 1597 299 Ἔτι
1616 271 1712 307 μικρὸν
1736 269 1836 314 χρόνον

1041 323 1100 358 μεθ’
1117 322 1193 357 ὑμῶν
1215 321 1285 356 εἰμι,
1303 329 1312 345 ι
1332 319 1397 346 ποτὲ
1412 319 1455 351 δὲ,
1478 328 1487 344 ι
1510 317 1575 344 Ἰδοὺ
1598 316 1709 352 ἀφίεται
1731 314 1797 349 ὑμῖν
1821 313 1836 339 ὁ

1038 364 1112 397 οἶκος
1130 365 1216 401 ὑμῶν.
1234 374 1242 389 ι
1260 364 1327 398 Περὶ
1348 362 1402 389 τῶν
1416 361 1446 394 ἐξ
1466 361 1550 388 ἐθνῶν
1563 361 1602 393 δὲ,
1621 369 1630 386 ‹
1653 360 1693 386 Τὰ
1709 358 1836 395 πρόϐατα

1038 410 1073 437 τὰ
1090 410 1146 446 ἐμὰ
1160 411 1208 446 τῆς
1228 409 1320 444 φωνῆς
1336 417 1388 444 μου
1398 407 1503 439 ἀκούει,
1521 406 1599 441 κάγὼ
1612 405 1738 441 γινώσκω
1752 403 1832 435 αὐτὰ,

1039 457 1086 484 καὶ
1100 455 1276 483 ἀκολουθοῦσί
1295 463 1351 490 μοι,
1367 454 1444 488 κάγὼ
1460 453 1556 488 δίδωμι
1571 453 1664 484 αὐτοῖς
1681 451 1754 487 ζωὴν
1768 449 1834 477 αίώ-

1039 512 1105 531 νιον.
1119 512 1128 529 ι

1074 549 1129 576 Καὶ
1145 547 1185 584 ἦν
1193 550 1210 576 ὁ
1223 548 1346 583 ἀριθμὸς
1356 546 1416 575 τῶν
1427 545 1501 573 υἱῶν
1517 544 1641 579 Ἰσραὴλ
1653 545 1693 578 ὠς
1703 543 1722 577 ἡ
1735 543 1833 578 ἅμμος

1038 595 1094 628 τῆς
1118 594 1289 628 θαλάσσης,
1307 592 1326 626 ἣ
1343 593 1398 620 οὐκ
1412 590 1677 626 ἐκμετρηθήσεται.
1695 588 1768 616 οὐδὲ
1780 588 1832 619 ἐε-

1039 649 1084 675 αρι
1089 641 1281 675 θμηθήσεται.

1074 688 1111 714 Ζ’.
1141 686 1227 714 Τοῦτο
1272 685 1333 713 καθ’
1357 686 1450 721 ἕτερον
1475 685 1542 720 ἡμῖν
1568 683 1706 718 ἐξηγεῖται
1730 681 1831 717 τρόπον

1038 735 1052 761 ὁ
1070 734 1206 769 μακάριος
1225 733 1363 764 Ἦσαῖας,‹
1374 732 1428 759 Καὶ
1445 732 1492 758 ἐὰν
1506 730 1630 766 γένηται,
1645 728 1722 764 φησὶ,
1738 728 1752 754 ό
1767 726 1831 759 λαὸς

1045 779 1152 815 Ἰσραὴλ
1165 779 1203 811 ὡς
1220 779 1237 814 ἡ
1256 778 1349 814 ἄμμος
1365 778 1416 813 τῆς
1431 777 1579 812 θαλάσσης,
1599 775 1629 803 ἐδ
1653 775 1832 808 κατάλειμμα

1039 826 1202 861 σωθήσεται.
1219 825 1306 859 Λόγον
1325 824 1381 860 γάρ
1395 823 1540 854 συντελῶν,
1561 823 1610 849 καὶ
1626 821 1782 856 συντέμνων
1802 820 1834 846 ὲν

1037 872 1204 907 δικαιοσύνῃ,
1233 872 1274 899 ὅτι
1311 871 1389 905 λόγον
1420 869 1641 904 συντετμημένον
1673 867 1782 902 ποιήσει
1818 867 1834 892 ό

199 925 272 953 hunc
287 925 314 952 in
332 925 441 953 modum
464 924 544 957 forte,
559 924 618 951 sive
639 922 717 951 aliter
741 922 852 956 intelligi
883 927 984 956 queat:

1044 918 1113 950 θεὸς,
1129 919 1158 944 ὲν
1172 919 1204 954 τῇ
1219 917 1368 953 οἰκουμένῃ
1380 917 1457 953 ὅλῃ.»
1470 915 1539 942 Ἀλλ’
1555 914 1604 942 εἴτ’
1621 912 1666 941 οὖν
1675 910 1727 941 ὧδε
1743 913 1835 940 νοοῖτο

199 978 309 1006 nempe,
322 971 446 1006 quamvis
459 970 558 998 multus
573 974 601 997 et
620 969 826 997 innumerabilis
840 969 876 996 sit
893 968 986 1000 israel,

199 1021 226 1043 et
242 1016 333 1044 arenis
348 1016 511 1044 littoralibus
530 1016 740 1049 comparandus,
756 1023 808 1042 non
823 1019 912 1042 tamen
934 1014 988 1042 Deo

198 1061 341 1089 admodum
355 1069 427 1089 cura:
454 1066 528 1095 sunt,
561 1060 778 1096 quandoquidem
805 1059 936 1093 impietati
958 1067 989 1087 se

199 1106 378 1134 dediderunt:
406 1110 609 1138 contra,unum
619 1106 721 1140 justum
738 1112 769 1132 ac
796 1105 870 1140 pium
897 1104 988 1132 chari-

199 1156 254 1180 tate
269 1160 317 1180 sua
331 1156 357 1180 et
375 1152 541 1187 indulgentia
571 1152 670 1179 eximie
693 1151 828 1186 dignatur.
866 1150 989 1185 Respicit

199 1199 280 1234 igitur
291 1199 373 1226 etiam
393 1207 402 1224 ι
421 1206 503 1233 super
521 1205 603 1225 unum
632 1197 772 1230 humilem,
797 1201 826 1225 et
855 1197 986 1232 quietum,

198 1248 226 1272 et
242 1244 402 1271 trementem
418 1251 559 1271 sermones
575 1243 634 1278 ejus
647 1243 680 1271 “.
697 1253 706 1269 ι
724 1243 778 1270 Nec
801 1243 873 1270 istud
897 1242 985 1275 bonis,

197 1293 225 1315 et
245 1288 365 1322 mitibus,
390 1293 418 1315 et
433 1288 590 1316 timentibus
603 1295 674 1320 eum,
696 1292 722 1315 et
739 1288 843 1315 sincere
855 1287 905 1322 ipsi
929 1295 987 1315 ser-

197 1334 334 1362 vientibus
349 1334 465 1367 suﬂlclt;
499 1334 546 1361 sed
577 1334 638 1362 aliis
669 1334 750 1361 etiam
783 1333 925 1369 prodesse,
960 1339 988 1361 et

198 1380 300 1414 peccati
323 1379 350 1407 itt
384 1379 467 1407 Deum
497 1386 559 1407 reos
594 1379 767 1413 impendente
794 1386 987 1413 nonnunquam

199 1425 331 1460 supplicio
345 1424 463 1453 liberare
481 1428 602 1459 possunt.
628 1424 667 1452 Ad
680 1423 756 1459 cujus
784 1424 822 1451 rei
850 1423 988 1459 probatio-

198 1478 259 1497 nem
275 1471 368 1505 accipe
391 1471 461 1504 qnod
481 1471 514 1497 de
534 1470 683 1498 Sodomitis
705 1469 848 1502 scribitur,
879 1469 988 1504 quando

197 1517 368 1552 omnipotens
383 1517 452 1544 Deus
467 1517 538 1552 ignis
548 1524 657 1551 poenam
691 1523 721 1544 se
736 1515 789 1543 illis
817 1515 987 1543 condonatu-

197 1570 258 1590 rum
273 1563 461 1597 pollicebatur,
481 1563 504 1590 si
523 1563 602 1590 modo
615 1561 806 1598 quinquejusti
820 1562 890 1589 inter
924 1561 986 1589 illos

198 1608 395 1636 invenirentur.
425 1608 518 1643 Itaque
537 1607 588 1636 Lot
617 1615 670 1635 una
687 1615 748 1635 cum
764 1614 849 1634 uxore
870 1612 898 1634 et
913 1607 984 1634 tilia-

197 1654 248 1682 bus
264 1659 388 1682 servatus
399 1659 442 1682 est
457 1655 491 1682 ".
525 1654 559 1681 Et
572 1654 636 1689 quid
655 1654 716 1682 dico
750 1653 870 1688 quinque
901 1653 988 1688 justos

198 1705 227 1728 et
244 1700 350 1728 bonos?
365 1701 474 1736 quando
500 1704 527 1727 et
544 1699 721 1735 Jerosolymis
749 1700 818 1726 iram
839 1699 984 1731 intentans,

202 1754 212 1771 ι
228 1746 389 1779 Discurrite,
408 1745 508 1780 inquit,
523 1753 572 1780 per
585 1746 642 1773 vias
661 1744 822 1778 Jerusalem,
838 1748 865 1772 et
887 1744 987 1775 videte,

198 1797 226 1820 et
245 1792 410 1828 cognoscite,
429 1796 457 1819 et
471 1792 586 1827 quaerite
602 1792 627 1819 in
647 1791 742 1826 plateis
764 1791 835 1826 eius,
859 1791 921 1818 etsi
946 1789 989 1817 in-

197 1840 330 1868 veneritis
343 1839 443 1872 virum,
455 1839 477 1868 si
490 1844 532 1867 est
559 1839 662 1866 iaciens
687 1838 827 1873 judicium,
863 1842 891 1865 et
913 1844 988 1872 quae—

198 1893 262 1914 rens
278 1886 368 1919 ﬁdem,
385 1889 413 1914 et
427 1886 559 1921 propitius
570 1893 618 1914 ero
632 1886 683 1918 eis,
694 1885 761 1913 dicit
775 1884 905 1912 Dominus
925 1884 959 1910 ".
975 1892 986 1909 ι

198 1932 331 1967 lntelligis
346 1939 412 1967 ergo
424 1939 478 1967 quo
492 1937 572 1967 pacto
590 1932 630 1959 vel
645 1939 726 1959 unum
741 1932 842 1967 justum
858 1930 986 1958 tuendum

199 1978 339 2013 suscipiat,
362 1982 389 2005 et
407 1985 457 2013 pro
473 1982 527 2005 tota
541 1977 652 2005 civitate
675 1982 797 2005 orantem
822 1983 875 2003 non
902 1976 989 2010 despi-

198 2024 264 2052 ciat.
275 2012 509 2052 innumerabilem
526 2029 616 2051 autem
624 2023 820 2051 multitudinem
832 2029 886 2049 non
900 2025 986 2055 curat,

199 2073 229 2097 ut
243 2070 311 2103 dixl,
326 2069 349 2098 si
377 2070 502 2097 videatur
531 2070 654 2105 profana,
681 2074 706 2097 et
720 2070 753 2096 ad
789 2067 988 2104 improbitatem

198 2114 327 2148 declinet,
342 2119 370 2143 et
391 2123 421 2143 se
447 2116 597 2143 daemonum
629 2116 845 2150 importunorum
875 2113 989 2142 fallaciis

199 2160 301 2188 involvi
313 2160 441 2196 patiatur.

233 2206 268 2234 Et
282 2207 341 2240 erit,
355 2207 383 2234 in
393 2206 449 2234 loco
461 2208 488 2234 in
511 2215 561 2243 quo
578 2207 677 2234 dictum
692 2210 729 2233 est
747 2205 811 2238 illis,
831 2204 893 2232 Non
906 2213 989 2240 papu-

197 2253 241 2281 lus
253 2261 326 2281 meus
341 2261 397 2287 vos,
419 2254 580 2281 vocabuntur
599 2258 623 2280 et
637 2253 687 2288 ipsi
709 2252 759 2286 ﬁlii
771 2251 821 2279 Dei
833 2251 950 2279 viventis.

234 2342 302 2370 Vlll.
319 2343 491 2371 Vicinissime
507 2347 549 2371 est
563 2343 609 2370 iraa
621 2342 801 2370 severissimae.
821 2349 912 2369 rerum
941 2341 989 2368 tri-

198 2389 280 2416 stium
298 2389 435 2424 depulsio,
454 2392 481 2416 et
509 2388 692 2416 calamitatum
721 2388 782 2414 linis
817 2386 988 2414 continenter

198 2435 357 2469 spondetur.
383 2434 536 2468 Aliquando
566 2434 636 2460 enim
664 2433 799 2467 ahjertum
815 2439 846 2460 ac
862 2433 988 2467 repudia-

199 2486 256 2510 tum
280 2481 312 2509 iri
327 2481 408 2509 lsrael
424 2481 524 2508 diserte
541 2479 743 2515 prmntlntiavit,
762 2483 790 2506 ut
803 2480 884 2508 modo
898 2483 988 2507 osten-

198 2527 307 2555 dimus:
329 2531 356 2554 at
369 2533 422 2554 non
438 2530 525 2553 totum
541 2525 656 2552 deletum
672 2525 715 2558 iri,
737 2532 770 2552 ac
788 2525 906 2553 funditus
928 2533 989 2560 per-

199 2573 380 2606 iturum;sed
400 2576 544 2600 venturum
575 2576 690 2606 tempus,
720 2579 774 2606 quo
807 2571 839 2599 ad
868 2576 986 2599 veterem

199 2622 302 2647 statum
316 2618 457 2653 dignitatis
485 2621 667 2650 revertantur,
694 2617 796 2652 Deique
821 2618 984 2645 charitalem

198 2665 338 2700 recipiant,
367 2671 416 2698 per
434 2663 576 2696 ﬁdemﬁn
605 2663 742 2690 Christum
767 2663 903 2696 videlicet,
932 2663 988 2699 28

198 2717 307 2741 rursum
324 2713 398 2736 certo
419 2709 569 2744 pollicetur.
588 2710 725 2737 Debebant
741 2710 826 2742 cnim,
855 2711 987 2737 debebant

197 2756 373 2792 propheticos
391 2763 530 2784 sermones
556 2755 674 2783 audituri
712 2761 798 2783 totum
826 2757 985 2791 mysterium

233 2856 258 2873 '°
277 2856 354 2886 Joan.
375 2863 422 2892 vtt,
436 2858 481 2891 55.
522 2858 543 2874 ⁹¹
562 2857 656 2886 Matth.
675 2865 752 2889 χχιιι,
769 2857 812 2885 58.
851 2858 872 2874 ’⁷
885 2857 960 2885 Joan.
974 2866 999 2889 Χ,

198 2895 256 2926 XIX,
274 2893 317 2921 15.
354 2893 485 2922 "Jercm.
503 2901 528 2926 v,
550 2894 574 2920 1.

1015 2858 1060 2891 27,
1078 2858 1119 2884 es.

1038 964 1127 1000 τυχὸν,
1146 965 1201 991 εἴτε
1222 965 1269 991 καὶ
1295 963 1396 999 ἑτέρως
1407 970 1414 978 °
1431 962 1515 994 πολὺς
1551 962 1599 989 καὶ
1615 960 1803 996 ἀναρίθμητος
1818 958 1834 984 ὁ

1045 1009 1162 1046 Ἰσραὴλ,
1176 1010 1224 1037 καὶ
1236 1009 1360 1045 ψάμμοις
1370 1009 1430 1040 ταῖς
1449 1007 1570 1039 ὲναλίαις
1584 1006 1735 1042 ίσομέτρως
1749 1005 1832 1040 ἔχων,

1038 1057 1068 1084 οὐ
1082 1057 1165 1088 πολὺς
1181 1056 1270 1083 αὐτῶν
1287 1055 1364 1092 παρὰ
1386 1054 1446 1090 Θεῷ
1460 1054 1550 1089 λόγος,
1565 1053 1706 1080 δυσσεϐεῖν
1721 1051 1832 1088 ᾑρημέ-

1038 1111 1108 1130 νων·
1125 1103 1213 1130 καίτοι
1234 1103 1293 1134 ἐνὸς
1305 1102 1411 1129 δικαίου
1427 1102 1473 1128 καὶ
1490 1100 1631 1132 εὐσεϐοῦς,
1653 1099 1700 1126 καὶ
1719 1099 1834 1134 ἀγάπης

1037 1148 1087 1184 τῆς
1102 1149 1170 1184 παρ’
1191 1147 1286 1181 αὑτοῦ,
1308 1147 1355 1174 καὶ
1383 1146 1491 1182 φειδοῦς
1511 1146 1647 1182 ἑκκρίτως
1663 1145 1832 1182 ἠξιωμένου.

1045 1193 1202 1222 Ἐπιὸλέπει
1216 1193 1291 1228 γοῦν,
1306 1193 1354 1220 καὶ
1373 1203 1382 1218 ι
1402 1194 1445 1228 ἐφ’
1460 1193 1508 1220 ἕνα
1524 1192 1655 1219 ταπεινὸν
1666 1213 1673 1226 ,
1690 1192 1737 1219 καὶ
1761 1191 1831 1227 ἡσύ-

1039 1249 1105 1276 χιον,
1127 1241 1173 1267 καὶ
1197 1241 1334 1275 τρέμοντα
1358 1240 1420 1271 τοὺς
1441 1239 1537 1273 λόγους
1556 1239 1648 1265 αὑτοῦ.
1663 1247 1672 1264 ι
1700 1238 1754 1265 Καὶ
1780 1239 1832 1266 οὐκ

1038 1287 1144 1322 ἀπόχρη
1155 1286 1234 1313 τοῦτο
1248 1288 1304 1318 τοῖς
1319 1285 1440 1320 ἀγαθοῖς.
1455 1286 1503 1313 καὶ
1519 1285 1664 1318 ἐπιεικέσι,
1683 1286 1732 1312 καὶ
1745 1285 1833 1312 δεδιό-

1040 1342 1080 1360 σιν
1095 1333 1186 1364 αὑτὸν,
1198 1333 1246 1360 καὶ
1262 1332 1380 1368 γνησίως
1393 1332 1573 1359 δουλεύουσιν.
1593 1331 1674 1358 Ἀλλὰ
1697 1331 1745 1358 καὶ
1771 1331 1832 1358 ἐτέ-

1041 1388 1102 1415 ρους
1127 1380 1196 1406 εἰσὶν
1220 1379 1337 1414 ὠφελεῖν
1356 1376 1407 1406 οἷοί
1430 1387 1471 1411 τε,
1498 1380 1546 1405 καὶ
1572 1378 1832 1414 προσκεκρουκότας

1039 1425 1218 1453 ἀπαλλάττειν
1234 1426 1283 1460 τῆς
1297 1425 1491 1461 ὲπηρτημένης
1511 1424 1567 1451 ἐσθ’
1583 1425 1627 1451 ὅτε
1651 1426 1758 1460 ποινῆς.
1773 1425 1832 1451 Ad-

1039 1472 1095 1503 ϐοις
1109 1472 1131 1498 δ’
1153 1472 1187 1499 ἂν
1204 1473 1244 1503 είς
1258 1471 1394 1505 ἀπόδειξιν
1411 1471 1458 1498 τοῦ
1475 1471 1578 1498 τοιοῦδε
1591 1472 1752 1506 πράγματος
1767 1471 1833 1502 τοὺς

1038 1517 1084 1544 ὲπί
1098 1526 1130 1552 γε
1146 1518 1308 1553 Σοδομίταις
1335 1517 1440 1552 λόγους,
1468 1518 1513 1544 ὅτε
1537 1517 1584 1544 καὶ
1608 1518 1718 1552 ἀνήσειν
1736 1518 1831 1549 αὐτοῖς

1038 1563 1225 1599 ἐπηγγέλλετο
1249 1563 1298 1598 τὴν
1322 1563 1366 1590 διὰ
1384 1563 1469 1598 πυρὸς
1484 1563 1562 1597 δίκην
1582 1563 1597 1590 ό
1614 1562 1702 1589 πάντα
1729 1562 1832 1598 ἰσχύων

1038 1610 1113 1643 Θεὸς,
1134 1610 1213 1637 πέντε
1232 1610 1320 1645 μόνων
1347 1610 1375 1636 ὲν
1403 1609 1496 1642 αὐτοῖς
1513 1609 1625 1636 δικαίων
1651 1609 1830 1645 ηὑρημένων.

1038 1655 1094 1682 Καὶ
1109 1654 1174 1689 γοῦν
1189 1654 1305 1686 ἐσώζετο
1321 1655 1400 1687 Λὼτ,
1421 1655 1488 1690 ὁμοῦ
1505 1655 1616 1690 γυναικὶ
1641 1655 1690 1682 καὶ
1713 1656 1829 1687 τέκνοις.

1038 1700 1093 1727 Καὶ
1108 1700 1134 1727 τί
1146 1701 1227 1727 πέντε
1241 1701 1312 1735 λέγω
1325 1701 1444 1733 δικαίους
1476 1701 1523 1728 καὶ
1536 1700 1674 1736 ἀγαθοὺς;
1691 1701 1759 1727 ὅπου
1784 1701 1833 1728 καὶ

1038 1747 1095 1777 τοῖς
1110 1745 1307 1782 Ἰεροσολύμοις
1322 1747 1408 1783 ὀργὴν
1428 1747 1596 1782 ὲπαρτήσας,
1617 1756 1626 1772 ι
1643 1747 1831 1782 Προδρὰμετε,

1039 1793 1116 1827 φησὶ,
1129 1793 1158 1819 ὲν
1170 1794 1230 1825 ταῖς
1242 1793 1312 1824 ὁδοῖς
1326 1793 1514 1829 Ἰερουσαλὴμ,
1524 1794 1570 1820 καὶ
1585 1794 1662 1826 ἴδετε,
1673 1793 1720 1820 καὶ
1733 1793 1832 1828 γνῶτε,

1039 1840 1086 1866 καὶ
1099 1839 1236 1875 ζητήσατε
1252 1839 1280 1866 ὲν
1300 1840 1360 1872 ταῖς
1375 1840 1517 1872 πλατείαις
1534 1840 1629 1875 αὐτῆς,
1653 1840 1701 1866 καὶ
1721 1840 1770 1866 ἐὰν
1787 1840 1832 1866 εὖ-

1041 1893 1104 1921 ρητε
1116 1885 1212 1920 ἄνδρα,
1232 1886 1256 1912 εί
1269 1885 1327 1912 ἐστι
1342 1885 1428 1913 ποιῶν
1439 1885 1537 1922 κρίμα,
1555 1886 1603 1913 καὶ
1618 1885 1708 1920 ζητῶν
1727 1885 1831 1916 πίστιν,

1040 1931 1088 1958 καὶ
1102 1931 1181 1963 ἵλεως
1195 1931 1292 1966 ἔσομαι
1309 1932 1413 1964 αὐτοῖς,
1427 1931 1502 1966 λέγει
1517 1931 1630 1967 Κύριος.
1647 1941 1656 1958 ι
1674 1931 1772 1966 Συνὶης
1786 1929 1832 1958 οὖν

1038 1977 1113 2009 ὅπως
1129 1977 1175 2003 καὶ
1192 1976 1250 2008 ἐνὸς
1270 1977 1412 2012 ἀντέχεται
1434 1977 1551 2009 δικαίου,
1574 1976 1621 2004 καὶ
1641 1976 1746 2008 πόλεως
1768 1977 1832 2010 ὅλης

1040 2023 1258 2059 ὑπερευχόμενον
1273 2023 1304 2050 οὺ
1322 2024 1439 2059 περιορᾷ
1450 2032 1456 2039 ⁸
1475 2023 1532 2050 ἀλλ’
1546 2024 1634 2055 οὐδεὶς
1654 2023 1729 2058 αὐτῷ
1753 2023 1832 2058 λόγος

1039 2069 1086 2097 καὶ
1108 2069 1293 2105 ἀναριθμήτου
1310 2069 1438 2105 πληθύος,
1454 2070 1490 2101 ὡς
1511 2069 1589 2105 ἔφην,
1604 2069 1628 2096 εἰ
1646 2069 1733 2104 όρῷτο
1748 2068 1832 2103 βέὸη-

1039 2116 1094 2148 λος,
1111 2117 1158 2143 καὶ
1177 2115 1351 2143 ἀπονεύσασα
1367 2115 1436 2151 πρὸς
1448 2116 1478 2143 τὸ
1496 2116 1614 2151 φαῦλον,
1630 2116 1678 2143 καὶ
1692 2117 1766 2152 ταῖς,
1778 2115 1833 2142 τῶν

1039 2162 1186 2197 δαιμονίων
1201 2162 1321 2194 ἀπάταις
1333 2162 1437 2197 ἀγρίως
1452 2162 1647 2198 ἐνειλημμένη.

1075 2208 1130 2235 Καὶ
1155 2207 1251 2241 ἔσται,
1270 2208 1355 2240 ἐντῷ
1370 2209 1451 2242 τόπῳ
1470 2206 1506 2237 οὗ
1529 2209 1633 2244 ἐρῤέθη
1656 2209 1770 2243 αὐτοῖς,
1790 2210 1831 2237 οὐ

1002 2264 1026 2292 D
1039 2254 1114 2286 λαός
1126 2262 1185 2288 μου
1200 2253 1295 2288 ὑμεῖς,
1310 2253 1516 2288 κληθήσονται
1530 2254 1579 2282 καί
1589 2254 1673 2282 αὐτοὶ
1686 2254 1747 2282 υιοὶ
1756 2254 1832 2282 Θεοῦ

1041 2299 1158 2332 ζῶντος.
1608 2316 1614 2322 ,

1077 2344 1118 2371 H’.
1144 2343 1243 2378 Ἐγγίις
1256 2344 1288 2379 δὴ
1306 2345 1408 2380 σφόδρα
1425 2346 1483 2377 ταῖς
1497 2345 1724 2381 ἀποτομωτάταις
1736 2346 1832 2382 ὀργαῖς

1040 2389 1094 2416 τῶν
1109 2389 1228 2426 ἀνιαρῶν
1251 2391 1268 2426 ἡ
1293 2390 1380 2423 λύσις,
1402 2390 1448 2417 καὶ
1467 2390 1520 2418 τῶν
1537 2391 1707 2426 σκυθρωπῶν
1726 2392 1757 2419 τὸ
1781 2393 1832 2419 πέ-

1042 2444 1101 2470 ρας,
1120 2436 1182 2462 ὅσον
1198 2436 1261 2470 ἥκει
1277 2437 1317 2468 εἰς
1332 2436 1438 2471 λόγους,
1454 2437 1485 2464 οὺ
1502 2438 1619 2473 μακράν.
1638 2438 1696 2465 Ὅτι
1710 2438 1762 2473 μὲν
1776 2439 1832 2476 γὰρ

1038 2481 1115 2508 ἔσται
1133 2481 1204 2508 κατὰ
1219 2482 1330 2517 καιροὺς
1346 2482 1498 2517 ἀπόϐλητος
1514 2483 1528 2508 ὁ
1548 2482 1663 2518 Ἰσραὴλ,
1690 2492 1830 2519 προκατα-

1042 2528 1199 2563 μεμήνυκεν
1213 2528 1334 2564 ἐναργῶς
1345 2550 1351 2562 ,
1373 2528 1418 2556 διά
1432 2529 1486 2556 τῶν
1510 2530 1611 2566 ἀρτίως
1628 2530 1693 2565 ἡμῖν
1716 2531 1831 2566 εἰρημέ-

1042 2579 1104 2599 νων·
1119 2573 1159 2600 ὄτι
1175 2573 1203 2599 δὲ
1229 2574 1279 2600 οὐκ
1303 2573 1419 2600 είσάπαν
1444 2575 1604 2610 οἰχήσεται,
1622 2576 1669 2602 καὶ
1688 2577 1831 2604 ἀπολεῖται

1036 2618 1187 2650 παντελῶς,
1203 2619 1260 2645 ἀλλ’
1279 2619 1354 2646 ἔσται
1367 2628 1409 2651 τις
1426 2620 1519 2651 αὐτοῖς
1535 2621 1586 2656 τῆς
1606 2622 1646 2653 είς
1663 2622 1694 2648 τὸ
1716 2623 1824 2657 ἀρχαῖαι.

1036 2665 1192 2700 ἀναδρομῆς
1203 2666 1217 2692 ό
1227 2666 1332 2701 καιρὸς,
1351 2667 1397 2698 καὶ
1409 2667 1458 2699 τῆς
1471 2667 1511 2697 είς
1519 2667 1586 2694 Θεὸν
1602 2668 1714 2704 ἀγάπης
1730 2660 1836 2704 ἀνάλτςξ

1036 2710 1092 2745 ψις,
1107 2711 1151 2738 διὰ
1175 2712 1291 2742 πίστεως
1303 2711 1403 2747 δηλαδὴ
1419 2712 1468 2747 τῆς
1488 2714 1527 2744 είς
1542 2714 1669 2748 Χριστὸν,
1687 2714 1830 2750 πεπληροη

1037 2756 1140 2792 φόρηκε
1169 2758 1259 2785 πάλιν.
1285 2758 1358 2784 Ἔδει
1380 2758 1451 2794 γὰρ,
1482 2758 1535 2785 ἔδει
1561 2760 1623 2792 τοὺς
1650 2759 1830 2796 προφητικῶν

1161 2858 1230 2886 “lea
1259 2867 1283 2891 κ,
1304 2859 1348 2890 2:2,
1372 2859 1413 2886 ‘15.
1453 2859 1534 2886 “iss.
1559 2867 1629 2893 ιλιι,
1652 2859 1678 2885 ‘2.
1720 2859 1826 2887 “Gen.
