1913 3042
65 184 95 214 ω
539 177 814 211 COMMENTARIUS
832 176 867 206 IN
887 175 1003 205 OSEAM
1021 174 1244 204 PROPHETAM.
1673 174 1710 204 δι

76 242 210 280 μέλλοντας
230 239 408 268 ἀκούσεσθαι
423 240 519 275 λόγων,
534 240 593 266 ὅλον
613 239 711 266 εἰδέναι
732 237 823 272 carpi-ti;
835 236 865 263 τδ

926 236 1001 263 )robe
1025 235 1217 270 perspicueque
1232 241 1406 269 cognoscere,
1426 238 1452 262 et
1473 234 1571 262 divina“:
1601 241 1710 263 mcono—

73 289 228 325 μυστήριον,
247 287 297 313 καὶ⁴
311 287 379 318 τοὺς
393 288 443 322 τῆς
460 286 534 317 θείας
547 285 702 321 οἰκονομίας
719 284 756 319 μὴ
769 282 868 317 ἀγνοῆ-

72 345 114 362 σαι
128 335 262 370 τρόπους.
289 333 393 360 Ἔσται
423 333 522 363 τοίνυν,
541 332 632 367 φησὶν,
651 332 679 358 ὲν
693 331 733 366 τῷ
751 331 825 365 τόπῳ
837 326 868 356 οἶ)

71 381 169 418 ὲρρέθη
182 381 290 412 αὐτοῖς.
305 380 344 406 Οὐ
359 379 426 411 λαός
446 387 497 414 μου
515 378 602 413 ὑμεῖς,
615 377 662 404 καὶ
675 377 752 403 αὐτοὶ
767 375 870 410 κληθή-

74 436 162 455 σονται
177 427 237 453 υἱοὶ
255 426 326 453 Θεοῦ
341 426 453 459 ζῶντος.
472 425 518 457 Τὸ,
532 433 541 450 ‹
555 424 585 450 ὲν
613 423 653 459 τῷ
674 423 760 457 τόπῳ,
774 431 782 447 ι
799 420 868 447 τίᾶν

75 475 195 509 "malum
219 473 336 508 δηλοῦν,
355 473 422 509 φέρε
437 471 561 505 λέγωμεν
582 469 715 504 ἀκριϐῶς.
737 467 869 501 Γεγόνασι

76 521 123 556 μὲν
139 520 197 556 γὰρ
220 521 247 546 οἱ
274 519 305 552 ἐξ
328 518 437 554 Ἰσραὴλ
461 518 628 554 αἰχμάλωτοι
649 515 719 542 κατὰ
746 514 868 549 καιροὺς,

75 565 120 592 καὶ
145 565 187 595 εἱς
221 563 272 600 τὴν
299 563 354 590 τῶν
379 563 530 599 Ἀσσυρίων
553 559 778 595 ὰπεκομίσθησαν
805 558 868 592 γῆν.

83 609 151 636 ’Λλλ’
166 607 240 644 ἦσαν
254 610 314 636 ἐκεῖ
332 609 470 640 κλαίοντες
500 608 547 634 καὶ
566 606 729 642 οἰμώζοντες
744 604 808 640 περὶ
824 604 870 631 τὸν

77 656 168 690 νόμον,
181 655 232 681 καὶ
249 655 330 682 τοῦτο
343 656 409 690 ἡμῖν
424 655 536 690 ἐναργὲς
547 654 633 680 ἐποίει
652 653 738 687 λέγων
749 653 764 678 ὁ
780 651 870 686 μακά-

79 710 132 737 ριος
144 701 237 728 Δαδίδ·
253 711 262 726 ι
285 701 346 728 Ἐπὶ
358 701 403 728 τὸν
419 700 539 736 ποταμὸν
559 699 717 729 Βαϐυλῶνος
733 698 792 725 ἐκεῖ
806 698 870 724 sxa-

79 748 202 781 θίσαμεν.
215 748 264 774 καὶ
281 746 452 781 ὲκλαύσαμεν
467 747 495 772 ὲν
511 745 550 781 τῷ
567 745 718 780 μνησθῆναι
730 744 804 779 ἡμᾶς
819 743 870 778 τὴν

80 792 155 819 Σιών.
174 802 183 818 ι
200 793 276 827 Ἔφη
292 792 320 818 δὲ
338 792 419 818 πάλιν
433 801 453 817 -ι
470 791 531 822 Πῶς
543 791 653 826 ᾷσωμεν
665 789 712 824 τὴν
727 789 799 824 ᾠδὴν
814 789 870 815 Κυ-

82 841 134 875 ρίου
151 839 199 865 ἐπὶ
213 840 265 874 γῆς
283 838 443 873 ὰλ).οτρίας;
460 847 468 863 ι
489 837 558 863 Ἀλλ’
582 837 815 871 ὑπονοστήσαντες
831 835 870 867 είς

85 886 271 922 Ἰεροσόλυμα,
284 884 351 911 Θεοῦ
365 884 607 919 κατοικτείροντος,
619 883 695 910 οὐδὲν
704 880 785 918 ἦττον
799 879 870 917 ἦσάν

920 281 980 308 mite
1014 281 1107 308 modos
1145 289 1195 308 non
1227 283 1360 316 ignorare.
1395 281 1452 308 Erit
1489 281 1580 316 igitur,
1613 272 1720 316 inquit,i

919 328 946 354 in
967 327 1035 359 loco,
1057 326 1100 353 ubi
1119 327 1217 354 dictum
1243 333 1284 355 est
1307 327 1373 360 illis,
1400 327 1458 354 Non
1483 327 1599 362 populus
1632 335 1710 355 meus

919 379 977 403 vos.
994 377 1021 399 et
1045 371 1094 406 ipsi
1115 373 1282 399 vocabuntur
1308 373 1354 399 ﬁlii
1388 372 1435 400 Dei
1462 372 1587 400 viventis.
1628 372 1707 406 Illud,

922 427 931 444 ι
956 417 982 444 in
1000 417 1070 449 loco,
1093 426 1102 443 ›
1120 418 1183 451 quid
1198 418 1249 445 sibi
1271 418 1345 451 velit,
1355 425 1404 452 age
1424 418 1608 447 enucleemus.
1641 419 1699 446 Fue
1731 439 1740 461 ,

921 469 982 490 runt
998 464 1070 490 enim
1085 463 1213 490 Israelita:
1235 463 1380 498 aliquando
1399 465 1499 499 captivi
1528 464 1604 498 facti,
1631 470 1659 492 et
1681 466 1708 492 in

919 508 1057 543 Assyriam
1088 509 1223 541 translati,
1241 509 1286 536 ubi
1312 508 1462 550 ﬁebantpt
1489 510 1710 539 lamentabantur

921 554 947 580 in
965 554 1059 588 pratis,
1076 554 1102 581 id
1115 555 1185 589 quod
1202 554 1279 582 nobis
1303 554 1447 583 manifeste
1477 556 1578 584 indicat
1613 556 1709 585 beatus

922 600 1005 626 David
1026 609 1032 627 :
1067 609 1076 625 ι
1096 599 1183 635 Super
1203 600 1304 628 ﬂumen
1330 600 1474 636 Babylonis
1510 602 1564 630 illic
1592 603 1710 631 sedimus

920 651 947 673 et
962 646 1097 679 ﬁevimus,
1126 647 1189 673 dum
1212 647 1420 674 recordaretnur
1437 647 1487 679 tui,
1509 646 1574 674 Sion
1591 647 1626 674 ⁸⁷.
1650 657 1659 673 ι
1677 647 1710 675 Ει

921 691 1017 717 iterum
1033 700 1039 706 ~
1059 701 1067 717 ε
1083 692 1223 725 Quomodo
1247 692 1418 720 cantabimus
1436 693 1570 720 canticum
1606 693 1709 720 Domini

921 736 947 762 in
964 741 1035 763 terra
1053 736 1143 763 aliena
1158 736 1200 763 9°?
1217 746 1226 763 ι
1248 736 1345 764 Vermn
1362 737 1416 765 Deo
1430 738 1577 766 miserante
1600 737 1710 765 Jcroso-

921 781 1019 816 lymam
1037 782 1150 816 reversi,
1167 789 1242 817 a-que
1263 787 1291 810 ut
1307 783 1370 810 olim
1385 788 1465 811 erant
1494 789 1522 811 et
1547 785 1711 811 iocabantur

921 827 1033 861 populus
1057 827 1114 859 Dei,
1130 828 1155 854 in
1171 828 1298 856 continua
1311 828 1441 857 felicitate
1461 829 1598 862 vivebant,
1628 830 1712 857 libere

922 872 1006 900 Deum
1028 873 1158 906 colentes,
1181 873 1354 909 legitimaque
1381 875 1513 902 sacriﬁcia
1538 881 1710 910 peragenles.

79 940 105 958 τε
130 932 178 958 καὶ
198 931 372 966 ὠνομάζοντο
393 930 456 961 λαὸς
468 930 547 963 Θεοῦ,
562 931 610 956 καὶ
629 929 762 956 διετέλουν
788 928 816 955 ὲν
829 929 871 954 εὐ-

926 918 984 946 Νοο
1010 920 1081 947 enim
1097 919 1160 946 alibi
1178 921 1293 953 uspiam,
1325 926 1504 956 praeterquam
1537 920 1712 957 Jerosolymis

79 977 206 1012 ημερίαις
219 976 399 1011 λατρεύοντες
417 975 577 1010 ἐλευθέρως,
587 975 634 1002 καὶ
645 975 694 1005 τὰς
707 973 778 1000 κατὰ
791 973 872 1008 νόμον

79 1022 218 1054 τελοῦντες
234 1022 342 1053 θυσίας.
369 1022 407 1047 Οὐ
422 1021 476 1057 γὰρ
493 1020 558 1055 ὲξῆν
578 1021 645 1052 ὅλως
668 1020 779 1054 ἑτέροσε
803 1019 872 1046 ἀπο-

81 1068 199 1103 πληροῦν
217 1068 251 1094 τά
268 1067 445 1103 διωρισμένα,
462 1067 519 1094 ἀλλ’
537 1068 565 1094 ἐν
582 1068 673 1102 μόνοις
686 1068 743 1098 τοῖς
760 1066 873 1102 Ἱεροσο-

81 1114 185 1149 λύμοις,
197 1115 246 1141 καὶ
258 1115 287 1140 ὲν
301 1114 340 1149 τῷ
359 1113 426 1148 ναῷ,
442 1113 535 1148 σαφῶς
546 1113 593 1140 τοῦ
606 1113 648 1140 διὰ
665 1113 787 1144 Μωσέως
800 1120 873 1147 παρ-

81 1161 234 1195 εγγυῶντος
253 1163 350 1197 νόμοψ
370 1171 379 1188 ι
396 1161 517 1197 Πρόσεχε
542 1160 657 1195 σεαυτῷ,
675 1160 711 1195 μὴ
725 1159 873 1194 ἀνενέγκῃς

81 1207 114 1233 τὰ
134 1207 354 1242 ὁλοκαυτώματα
366 1216 425 1240 σου,
442 1207 529 1242 ἀλλ’ἢ
555 1207 595 1237 εἰς
615 1205 661 1232 τὸν
678 1205 770 1236 τόπον,
790 1204 819 1230 ὃν
840 1203 872 1230 ἂν

84 1252 224 1287 ἐκλέξηται
247 1253 350 1288 Κύριος
374 1254 389 1280 ὀ
403 1253 468 1284 Θεός
491 1261 549 1282 σου,
574 1251 632 1278 ἐκεῖ
648 1250 826 1284 ἐπικληθῆναι
841 1249 873 1276 τὸ

83 1298 167 1333 ὗνομα
175 1298 271 1330 αὑτοῦ,
280 1300 340 1325 εκεῖ
354 1299 438 1330 οἴσεις
448 1298 482 1325 τὰ
492 1296 704 1332 ὁλοκαυτώματά
716 1304 771 1322 σου.
779 1304 788 1321 ι
805 1295 873 1322 Οὐκ-

87 1344 130 1370 οὖν
156 1345 378 1380 ὑποστρέφοντες
393 1344 463 1371 κατὰ
480 1343 594 1378 καιροὺς
607 1344 636 1369 ἐν
649 1344 706 1374 τοῖς
726 1341 873 1377 Ἱεροσολύ-

87 1397 152 1423 μοις,
169 1389 218 1414 καὶ
235 1389 286 1424 τὴν
300 1389 356 1415 τῶν
371 1388 526 1423 ἀλλοφύλων
545 1387 794 1422 καταλιμπάνοντες
810 1386 871 1420 γῆν,

86 1432 160 1458 πάλιν
174 1432 312 1468 ἐπλήρουν
333 1433 369 1460 τὰ
386 1433 566 1467 νενομισμένα
587 1431 631 1458 διὰ
648 1431 779 1463 Μωσέως,
795 1432 872 1466 ἐχρη-

88 1477 194 1511 μάτιζόν
207 1487 238 1504 τε
253 1478 317 1510 λαὸς
328 1478 409 1506 Θεοῦ.
425 1478 503 1506 Μετὰ
517 1478 545 1504 δέ
565 1487 596 1512 γε
616 1478 661 1504 τὸν
675 1477 722 1503 τοῦ
746 1477 872 1511 Σωτῆρος

89 1523 208 1558 σταυρὸν,
221 1524 271 1550 καὶ
282 1524 332 1559 τὴν
347 1524 496 1559 γενομένην
508 1524 600 1554 αὐτοῖς
611 1522 767 1558 πολιορκίαν
781 1530 812 1548 τε
826 1522 872 1548 καὶ

924 967 988 993 etin
1005 966 1104 1001 templo
1135 967 1280 993 constituta
1298 971 1427 1001 praestare
1449 967 1559 1001 licebat,
1584 969 1642 1003 lege
1665 976 1712 1002 per

923 1011 1032 1046 Moysen
1054 1012 1141 1046 planis
1173 1012 1262 1039 verbis
1287 1012 1433 1039 hortante:
1457 1023 1466 1038 ι
1496 1013 1612 1041 Attende
1650 1014 1710 1046 tibi,

924 1065 958 1084 ne
977 1057 1075 1085 offeras
1107 1053 1324 1085 holocautomata
1341 1063 1396 1091 tua,
1427 1058 1478 1086 nisi
1495 1059 1522 1085 in
1545 1059 1604 1086 loco
1630 1067 1710 1094 quem

923 1103 1034 1138 elegerit
1052 1103 1181 1130 Dominus
1197 1103 1267 1130 Deus
1285 1108 1354 1135 tuus,
1386 1107 1414 1130 ut
1439 1104 1475 1131 ibi
1497 1104 1636 1131 invocetur
1662 1112 1711 1132 no-

924 1157 984 1177 men
998 1149 1065 1183 eius.
1090 1150 1127 1176 Eo
1141 1149 1266 1176 conferes
1282 1150 1440 1178 holocausta
1475 1155 1519 1176 tua
1546 1150 1579 1176 ".
1598 1159 1606 1176 ι
1635 1150 1711 1177 Unde

923 1200 1043 1230 tempore
1062 1203 1122 1228 suo,
1142 1196 1354 1230 alienigenarum
1372 1197 1483 1230 regione
1509 1196 1614 1228 relicta,
1630 1195 1710 1223 Jeru-

923 1242 1054 1276 solymam
1070 1243 1182 1276 reversi,
1199 1250 1292 1271 rursus
1312 1250 1361 1277 per
1379 1242 1487 1278 Moysen
1502 1244 1605 1270 sancite
1633 1243 1711 1270 facti-

923 1289 1025 1321 tabant,
1040 1293 1067 1315 et
1082 1288 1195 1323 populus
1219 1288 1265 1315 Dei
1294 1288 1470 1328 vocabantur.
1502 1288 1566 1316 Post
1601 1295 1710 1316 crucem

923 1339 1012 1360 autem
1027 1334 1177 1362 Salvatoris
1194 1335 1290 1366 nostri,
1305 1334 1528 1369 obsidionemque
1543 1339 1570 1362 et
1592 1334 1712 1363 eversio-

924 1386 995 1412 nem,
1011 1387 1058 1414 per
1069 1380 1189 1413 gentium
1206 1380 1285 1407 urbes
1308 1385 1391 1414 atque
1403 1379 1556 1414 provincias
1576 1379 1639 1407 totis
1649 1387 1712 1407 cum

924 1425 1033 1452 familiis
1045 1425 1160 1460 dispersi
1186 1431 1259 1453 sunt.
1275 1425 1416 1459 Quomodo
1448 1425 1530 1460 igitur
1554 1429 1634 1453 erunt
1661 1425 1712 1453 ali-

923 1471 1028 1506 quando
1040 1471 1154 1506 populus
1177 1472 1242 1499 Dei?
1269 1471 1338 1499 Num
1352 1471 1547 1505 Jerosolymam
1564 1471 1653 1499 denuo
1669 1480 1714 1500 re-

923 1518 1004 1549 versi,
1020 1523 1047 1544 et
1061 1518 1088 1544 in
1107 1519 1206 1554 templo
1234 1522 1413 1557 congregati?
1442 1530 1476 1550 an
1509 1525 1647 1550 versantes
1685 1518 1713 1546 in

89 1569 226 1602 πόρθησιν,
240 1571 269 1595 ὲν
285 1569 417 1613 ταῖςστῶν
431 1569 516 1596 ἐθνῶν
527 1569 624 1614 πόλεσι
642 1577 670 1594 τε
702 1568 750 1594 καὶ
768 1567 871 1602 χώραις

926 1563 978 1590 illis
1003 1563 1083 1596 locis,
1100 1565 1126 1592 in
1140 1561 1200 1599 qua:
1219 1566 1317 1601 singuli
1347 1568 1461 1602 dispersi
1488 1568 1613 1596 fuerint?
1644 1567 1714 1600 Quid

87 1614 193 1639 πανοικὶ
209 1611 411 1649 διεσπάρησαν.
434 1614 496 1646 Πῶς
510 1611 555 1640 οὖν
569 1614 677 1640 ἔσονται
692 1613 762 1640 κατά
780 1613 873 1648 καιρὸν

87 1659 122 1688 εἰς
135 1657 198 1685 λαὸν
212 1658 282 1684 Θεοῦ
295 1667 302 1690 ;
318 1657 393 1694 ’Δρα
413 1659 445 1694 δὴ
464 1659 546 1686 πάλιν
566 1659 594 1684 ὲν
608 1660 663 1690 τοῖς
679 1658 876 1693 Ἰεροσολύμοις

87 1704 333 1738 ὑπονοστήσαντες,
371 1705 418 1731 καὶ
450 1705 478 1731 ὲν
509 1704 548 1740 τῷ
577 1704 633 1739 ναῴ
656 1704 876 1739 συνηγερμένοι;

85 1750 165 1783 ἤγουν
181 1751 211 1776 ὲν
225 1750 344 1781 ἐκείνοις
356 1750 432 1781 liv-rs;
443 1752 499 1781 τοῖς
512 1750 615 1782 τόποις,
632 1749 752 1785 ἔνθαπερ
772 1747 826 1776 εἷεν
843 1750 876 1777 ἂν

84 1795 191 1820 ἕκαστοι
215 1795 487 1829 κατεσκευασμένοι;
515 1794 548 1821 Τί
577 1803 660 1830 φησιν
679 1796 694 1821 ὁ
717 1794 876 1830 προφήτης;

89 1840 132 1866 Ἐν
148 1840 188 1875 τῷ
203 1840 292 1876 τόπῳ,
302 1837 334 1867 οῦ
350 1840 451 1876 ιρρέθη
469 1841 561 1872 αὐτοῖς
573 1860 581 1872 ,
596 1841 632 1868 Οὐ
646 1840 709 1872 λαός
724 1849 775 1876 μου
787 1841 876 1875 ὑμεῖς,

82 1886 128 1912 καὶ
150 1886 230 1912 αὐτοὶ
248 1886 434 1921 κληθήσονται
458 1887 512 1912 υἱοὶ
531 1886 599 1913 Θεοῦ
626 1886 737 1918 ζῶντος.
761 1886 876 1912 ’Λπώλι-

82 1931 143 1958 σθον
173 1932 224 1966 μὲν
255 1932 309 1968 γὰρ
327 1932 376 1959 τοῦ
402 1930 471 1960 εἷναι
500 1932 563 1964 λαὸς
583 1932 661 1963 Θεοῦ,
687 1933 735 1959 καὶ
762 1933 791 1959 ὲν
819 1933 878 1962 ταῖς

81 1975 133 2001 τῶν
156 1975 243 2002 ἐθνῶν
268 1976 455 2012 διεσπάρησαν
485 1976 606 2011 χώραις,
629 1976 643 2002 ὃ
663 1977 710 2003 καὶ
731 1977 770 2008 είς
800 1976 879 2012 δεῦρο

81 2021 236 2056 σωζόμενον
265 2021 370 2048 κατίδοι
391 2031 434 2053 τις
458 2022 501 2049 ἄν.
534 2021 603 2047 Ἀλλ’
622 2022 652 2047 ἐν
679 2022 804 2056 ἐσχάτοις
831 2021 878 2048 τοῦ

79 2068 177 2099 αἰῶνος
194 2069 313 2105 καιροῖς,
331 2077 340 2093 ι
355 2069 420 2094 ὅταν
447 2068 478 2094 τὸ
505 2068 640 2103 πλήρωμα
656 2067 710 2094 τῶν
726 2067 810 2094 ἐθνῶν
825 2068 879 2094 εἱσ-

80 2114 156 2150 ἑλθῃ,
170 2123 180 2140 ι
194 2114 258 2140 τότε
272 2115 320 2141 καὶ
332 2114 413 2146 αὐτὸς
423 2115 438 2140 ὸ
449 2114 602 2150 ἀπόϐλητος
619 2113 726 2148 Ἰσραὴλ
751 2114 791 2145 είς
804 2114 879 2145 υἱοὺς

79 2160 323 2195 παραδεχθήσεται
339 2160 424 2193 Θεοῦ,
447 2161 535 2187 καίτοι
553 2160 701 2194 διατρίίὶων
722 2161 752 2186 ἐν
775 2160 878 2191 τόποις,

78 2204 199 2241 ἔνθαπερ
212 2207 247 2232 ἂν
264 2203 319 2232 εἶεν
331 2206 379 2233 καὶ
389 2205 558 2241 εὑρίσκοιντο
571 2205 660 2240 τυχόν.
675 2205 711 2231 Τὸ
724 2205 777 2240 γὰρ
794 2205 879 2239 ἀναγ-

926 1609 964 1635 ait
983 1609 1132 1644 propheta?
1162 1610 1190 1637 lu
1208 1610 1278 1643 loco,
1312 1612 1355 1638 ubi
1379 1613 1480 1648 dictum
1495 1618 1536 1641 est
1563 1613 1626 1644 illis,
1656 1613 1713 1640 Non

926 1654 1040 1689 populus
1055 1662 1132 1683 meus
1148 1662 1207 1688 vos,
1231 1660 1258 1683 et
1273 1657 1322 1690 ipsi
1342 1658 1510 1686 vocabuntur
1528 1659 1575 1686 lilii
1599 1659 1644 1685 Dei
1673 1661 1713 1685 vi-

926 1699 1022 1726 ventis.
1061 1699 1222 1727 Deciderunt
1248 1701 1320 1728 enim
1336 1701 1368 1728 de
1383 1702 1479 1737 gradu,
1496 1703 1522 1729 iu
1553 1711 1608 1737 quo
1636 1708 1715 1730 erant

927 1745 1040 1780 populus
1060 1745 1118 1780 Dei,
1142 1751 1170 1773 et
1187 1753 1235 1780 per
1261 1747 1381 1782 gentium
1397 1753 1483 1776 terras
1499 1748 1614 1783 dispersi
1641 1754 1714 1780 sunt,

927 1791 998 1824 quod
1020 1791 1159 1826 hucusque
1178 1797 1312 1820 servatum
1341 1793 1516 1820 animadverti
1532 1799 1629 1828 potest.
1658 1794 1716 1821 Cae-

929 1841 1018 1864 terum
1053 1838 1184 1865 extremis
1220 1838 1311 1866 sarculi
1351 1840 1527 1874 temporibus,
1555 1849 1564 1866 ι
1609 1840 1715 1875 quando

928 1882 1064 1916 plenitudo
1085 1883 1205 1917 gentium
1219 1883 1360 1910 intraverit
1384 1884 1404 1916 ι,
1423 1894 1433 1910 ι
1462 1889 1525 1911 tunc
1564 1893 1630 1913 sane
1653 1891 1715 1914 tunc

927 1931 955 1954 et
977 1927 1031 1961 ipse
1048 1926 1268 1961 abjectuslsrael
1304 1927 1331 1954 in
1360 1926 1429 1955 ﬁlios
1460 1929 1506 1956 Dei
1534 1931 1714 1964 cooptabimr,

927 1980 1081 2007 quanquam
1098 1981 1268 2001 commorans
1285 1974 1310 2002 in
1344 1973 1410 2002 locis
1430 1975 1474 2001 ubi
1499 1975 1595 2002 vixerit
1622 1981 1649 2002 et
1674 1977 1715 2002 in-

928 2025 1023 2046 ventus
1039 2019 1109 2046 forte
1124 2018 1213 2047 fuerit.
1223 2019 1294 2047 Nihil
1309 2020 1380 2048 enim
1390 2026 1467 2055 coget
1477 2021 1622 2048 ascendere
1637 2021 1715 2048 Jcno-

928 2064 1071 2099 solymam,
1105 2069 1132 2092 et
1159 2065 1293 2100 lapideum
1322 2066 1410 2094 adltuc
1435 2067 1562 2101 templum
1581 2075 1714 2102 qumrcre.

929 2110 1060 2142 Quoniam
1074 2118 1160 2146 neque
1175 2111 1295 2139 moribus
1317 2113 1455 2140 veteribus
1469 2112 1538 2140 colet
1551 2112 1644 2145 Deum,
1663 2112 1716 2147 29

930 2155 1020 2188 boum,
1046 2157 1167 2191 inquam,
1182 2157 1325 2186 sacriﬁciis
1340 2163 1368 2185 et
1390 2159 1479 2185 ovium
1493 2158 1714 2191 mactationibus;

929 2210 1021 2230 verum
1062 2203 1155 2231 modus
1189 2203 1327 2239 religionis
1358 2205 1476 2239 ipsorum
1509 2205 1562 2231 erit
1585 2206 1650 2232 ﬁdes
1690 2206 1714 2231 in

79 2251 162 2282 κὰζον
193 2252 272 2278 οὐδὲν
287 2251 445 2278 ἀναϐαίνειν
459 2252 499 2282 εἰς
515 2250 698 2285 Ἰεροσόλυμα,
724 2250 772 2277 καὶ
787 2250 831 2276 τὸν
848 2252 871 2277 ὲκ

929 2249 1078 2282 Christum,
1098 2253 1125 2276 et
1142 2249 1199 2283 ejus
1215 2250 1306 2277 divina
1323 2251 1463 2283 mandata,
1484 2256 1513 2279 et
1534 2251 1716 2279 sanctiﬁcatio

78 2297 163 2328 λίθοις
173 2297 215 2323 ἔτι
226 2297 344 2332 ζητῆσαι
362 2297 435 2324 ναόν,
449 2297 510 2323 Ὀτι
526 2296 594 2332 μηδὲ
603 2298 660 2328 τοῖς
671 2296 794 2331 ἀρχαίοις
803 2296 876 2323 ἔθεσι

79 2343 191 2378 τιμήσει
201 2343 279 2374 Θεὸν,
297 2343 451 2378 βουθυσίαις
461 2343 489 2369 δὲ
498 2343 568 2376 λέγω
597 2342 644 2369 καὶ
653 2343 796 2377 προϐάτων
809 2350 877 2376 σφα-

81 2389 155 2420 γαῖς,
171 2387 231 2414 ἀλλ’
247 2388 262 2413 ὁ
275 2389 325 2423 τῆς
338 2388 467 2423 λατρείας
485 2388 574 2418 αὐτοῖς
587 2387 662 2414 ἔσται
675 2387 774 2421 τρόπος
787 2387 877 2418 πίστις

931 2295 957 2320 in
977 2293 1090 2328 Spiritu,
1106 2298 1134 2321 et
1146 2301 1193 2328 per
1228 2301 1336 2321 sacrum
1367 2295 1499 2329 baptisma
1535 2297 1714 2331 rcgencratio,

930 2341 1082 2374 ad0ptionis
1102 2340 1218 2367 ﬁliorum
1236 2341 1349 2375 glot‘l‘dlll
1373 2342 1477 2369 sanctis
1499 2342 1565 2376 ipsis
1577 2342 1608 2368 ad
1631 2342 1681 2368 hoc
1701 2350 1715 2367 ιι

931 2386 985 2412 Deo
1010 2387 1111 2412 vocatis
1131 2386 1290 2413 concilians.

83 2436 121 2466 εἰς
137 2434 267 2469 Χριστὸν,
288 2435 337 2461 καὶ
353 2434 387 2461 τὰ
401 2433 484 2461 αὑτοῦ
498 2435 680 2470 θεσπίσματα,
699 2434 746 2461 καὶ
766 2434 901 2468 ἁγιασμὸς
933 2434 946 2459 ὁ
963 2434 991 2459 ὲν
1014 2433 1158 2467 πνεύματι,
1189 2433 1236 2459 καὶ
1267 2434 1283 2468 ἡ
1303 2432 1347 2460 διὰ
1365 2433 1412 2460 τοῦ
1431 2433 1508 2468 ἁγίου
1531 2434 1716 2470 βαπτίσματος

84 2480 273 2515 ἁναγέννησις,
287 2481 338 2516 τῆς
353 2480 488 2512 υἱοθεσίας
516 2481 694 2516 περιποιοῦσα
712 2481 760 2516 τὴν
785 2480 861 2512 δόξαν
879 2481 934 2512 τοῖς
951 2480 1041 2511 αὐτοῖς
1060 2480 1147 2514 ἁγίοις
1171 2480 1348 2515 κεκλημένοις
1363 2481 1403 2512 είς
1419 2480 1497 2507 τοῦτο
1512 2480 1587 2516 παρὰ
1599 2482 1712 2517 Κυρίου.

119 2528 173 2554 Καὶ
184 2527 435 2562 συναχθήσονται
449 2529 508 2555 υίοὶ
521 2528 623 2561 Ἰούδα,
643 2528 692 2555 καὶ
706 2529 732 2554 ol
746 2527 804 2554 υἱοὶ
824 2528 876 2554 Ἰσ-

84 2573 161 2605 ραὴλ
189 2573 368 2604 ἐπιτοιιυτὸ,
388 2573 437 2600 καί
464 2573 609 2607 θήσονται
635 2573 749 2606 ἑαυτοῖς
779 2571 875 2606 ἀρχὴν

86 2619 163 2651 μίαν,
182 2619 231 2645 καὶ
256 2618 462 2652 ἀναϐήσονται
477 2619 511 2646 ἐκ
539 2619 595 2653 τῆς
611 2618 678 2654 γῆς,
696 2619 739 2645 ὅτι
758 2617 874 2653 μεγάλη

89 2662 103 2694 ἡ
119 2663 209 2697 ἡμέρα
224 2663 279 2690 τοῦ
302 2662 435 2696 Ἰεζραὲλ.

120 2704 156 2733 0'.
171 2709 224 2735 Καὶ
238 2708 348 2739 τούτοις
363 2708 450 2743 πέρας
468 2708 617 2744 ὲκϐεὸηκὺς
634 2709 784 2744 εὑρήσομεν
803 2708 874 2734 ἱστο-

92 2753 167 2787 ρικῶς
191 2762 221 2779 τε
243 2754 292 2780 καὶ
316 2753 520 2787 πνευματικῶς.
536 2752 627 2780 Ὶισαν
642 2753 692 2788 μὲν
706 2754 761 2788 γὰρ
775 2754 804 2779 ὲν
819 2754 875 2785 τοῖς

91 2798 164 2834 ἐρίοις
177 2799 291 2834 Περσῶν
303 2807 335 2825 τε
353 2798 401 2825 καὶ
412 2797 511 2834 Μήδων
525 2799 591 2826 οἵτε
608 2801 639 2826 ἐκ
654 2801 704 2834 τῆς
721 2799 875 2834 Σαμαρείας

123 2887 142 2903 ³⁷
156 2887 226 2914 l'sal.
246 2895 362 2917 cxxxvr.
389 2887 411 2913 ί.
449 2889 471 2904 ³⁸
488 2888 550 2914 ibid.
568 2888 593 2914 Ιι.
613 2889 634 2904 νδ
655 2889 729 2915 Deut.
748 2897 794 2916 λιι,
816 2889 841 2915 (ῑ,

968 2526 1046 2554 Vens.
1068 2527 1111 2553 ll.
1135 2527 1167 2553 Et
1190 2527 1416 2561 congregabantur
1435 2527 1486 2562 ﬁlii
1507 2527 1596 2561 Iuda,
1618 2534 1642 2555 et
1661 2529 1712 2563 ﬁlii

929 2573 1013 2600 Israel
1036 2572 1125 2603 simul,
1140 2579 1163 2600 et
1184 2579 1279 2606 ponent
1301 2573 1351 2600 sibi
1375 2574 1552 2608 principatum
1569 2583 1667 2608 unum,
1690 2584 1713 2603 et

926 2618 1065 2645 ascenderit
1081 2619 1113 2644 de
1128 2623 1207 2649 terra,
1223 2619 1349 2652 quoniam
1367 2627 1475 2654 magnus
1490 2619 1544 2646 dies
1561 2620 1676 2647 .Iszracl.

961 2707 1007 2736 1X.
1026 2707 1059 2735 Et
1081 2708 1137 2735 lucc
1159 2707 1441 2739 evenissedtistorice
1478 2714 1504 2736 et
1537 2711 1714 2745 spiritualitcr

927 2758 1042 2781 constat.
1060 2753 1141 2780 Erant
1156 2753 1227 2780 enim
1246 2753 1272 2780 in
1290 2752 1388 2781 ﬁnibus
1404 2753 1550 2783 Persarum
1571 2762 1598 2784 et
1621 2757 1712 2787 Medo-

928 2807 987 2826 rum
1003 2799 1102 2834 quiquc
1123 2806 1137 2826 c
1151 2798 1272 2826 Samaria
1289 2798 1358 2826 bello
1374 2801 1445 2834 capti
1461 2798 1580 2834 fuerant,
1596 2802 1647 2831 hoc
1658 2807 1711 2838 est,

893 2888 899 2901 ε
918 2887 993 2914 Rom.
1012 2895 1046 2917 χι.
1064 2887 1107 2913 εὶῖἰ.
