1913 3042
214 192 250 221 55
725 190 754 218 S.
775 189 914 217 C-Y'RlLlJ
935 188 1167 215 ALEXANDHINI
1189 189 1348 217 ARCHIEP.
1803 187 1841 216 56

212 253 308 286 'lsrael,
330 253 429 288 quique
450 261 482 280 ex
507 251 691 287 Jerosolymis,
711 251 762 278 hoc
786 255 844 282 est,
865 249 948 277 Judas
972 257 986 276 c

1049 249 1208 284 δηρύληπτοι
1218 250 1368 284 γεγονότες,
1384 250 1534 282 τουτέστιν,
1545 250 1559 275 6
1578 249 1694 284 Ἰσραὴλ,
1703 249 1750 275 καὶ
1760 250 1840 276 αὐτοὶ

213 298 365 333 Benjamin.
382 300 416 325 At
429 303 569 332 postquam
585 297 672 332 Cyrus
690 297 832 331 Cambysze
848 295 930 328 ﬁlius,
945 294 994 321 Βει-

213 345 311 380 bylone
327 345 450 376 subacta,
462 343 607 370 Persarum
622 343 763 377 imperium
780 343 901 376 adeptus,
917 341 995 367 liber-

214 394 269 416 tate
294 388 377 416 Israel
401 392 428 415 et
450 387 545 414 Judam
566 387 689 419 donavit,
724 387 887 420 dmuumque
909 385 996 412 redire

212 441 264 460 una
279 440 339 460 cum
354 432 426 459 vasis
439 432 525 459 sacris
538 432 630 465 jussit,
641 430 837 466 Jerosolymam
853 434 995 461 venerunt,

211 485 261 505 nec
271 478 326 511 jam
340 477 457 512 dispersi
473 477 641 509 habitarunt,
651 477 721 504 sicut
737 481 882 510 antequam
898 475 995 509 captivi

212 522 429 555 abducerentur;
452 530 501 550 nec
525 522 632 556 utrique
654 518 701 548 sua
729 529 810 556 regna
834 521 993 548 habuerunt.

210 567 312 596 Omnes
328 569 427 604 quippe
441 569 614 596 concorditer
629 568 712 595 solam
729 567 879 595 Jerusalem
896 567 995 594 incole-

209 616 286 648 bant,
303 615 371 643 duce
386 623 418 643 ac
434 615 554 650 principe
572 619 635 642 tunc
650 614 825 646 Zorohahele,
840 613 995 641 Salathielis

210 661 276 692 ﬁlio,
292 661 337 695 qui
353 666 414 688 erat
428 661 460 688 de
478 661 547 688 tribu
568 659 646 692 Juda,
665 664 692 686 et
714 659 867 686 sacerdotio
889 665 995 686 summo

210 706 337 740 fungente
353 699 416 734 j'esu
440 705 494 732 ﬁlio
515 704 645 732 Josedech
658 724 665 735 ,
684 704 791 739 quando
816 709 843 730 et
866 702 992 737 templum

210 751 329 778 divinum
357 751 559 781 instaurabant,
584 754 611 777 et
634 757 690 776 rem
717 749 877 776 familiarem
901 748 993 775 sedulo

208 796 352 824 curabant.
381 796 472 830 lnquit
507 796 617 831 igitur:
659 794 902 829 Congregahuntur
944 794 992 822 ﬁlii

208 841 278 870 Juda
308 846 335 869 et
353 841 400 869 ﬁlii
416 841 565 869 Jerusalem
589 842 684 873 simul,
702 846 730 868 et
752 841 917 868 constituent
941 840 991 867 sibi

208 887 388 922 principatum
416 894 517 919 unum,
555 891 584 914 et
610 885 758 913 ascendcnt
780 885 813 912 de
835 890 922 917 terra;
963 889 993 911 ut

209 933 422 968 alienigenarum
441 932 577 967 regionem
594 931 737 966 intelligas,
757 931 782 958 in
796 938 876 965 quam
893 930 990 964 captivi
1009 927 1028 954 Β

209 978 317 1005 abducti
331 983 404 1006 sunt.
415 977 475 1005 Jam
487 977 560 1010 illud,
581 977 643 1011 quia
667 984 782 1011 magnus
793 977 850 1004 dies
875 975 990 1008 chrael,

208 1031 270 1050 cum
297 1023 409 1051 historia
437 1030 489 1050 non
517 1023 662 1050 consentit.
694 1023 786 1057 itaque
815 1023 851 1049 ibi
876 1023 992 1050 dicimus

208 1068 335 1096 lsraelem
350 1074 475 1096 vocatum
488 1069 520 1096 iri
536 1069 662 1104 populum
675 1069 733 1100 Dei,
745 1068 869 1103 quamvis
882 1073 992 1103 propter

207 1115 373 1150 impietatem
404 1117 484 1150 longe
507 1116 652 1142 maximam
674 1120 785 1143 vocatus
805 1116 841 1142 sit
864 1114 922 1142 Non
946 1122 991 1149 po-

208 1160 297 1195 pulus,
315 1166 343 1188 ut
354 1160 410 1194 jam
424 1161 575 1188 docuimus.
590 1161 666 1188 Tunc
679 1161 915 1196 congregabuntur
929 1161 990 1195 ipsi,

208 1210 236 1232 et
255 1205 301 1232 ﬁlii
319 1205 398 1238 Juda,
417 1206 467 1233 hoc
487 1211 538 1238 est,
556 1207 644 1233 omnis
665 1207 792 1241 deinceps
818 1207 842 1232 iu
861 1207 991 1234 extremis

210 1250 376 1285 temporibus
388 1251 543 1278 .ludzeorutn
560 1252 667 1278 inventa
685 1251 837 1278 multitudo.
853 1251 885 1278 Et
897 1258 991 1278 omnes

209 1295 259 1324 sub
275 1303 329 1323 uno
355 1296 507 1332 principatu
532 1301 621 1329 erunt,
644 1297 695 1324 hoc
718 1301 768 1327 est,
793 1295 904 1323 Christi.
926 1295 991 1323 Tale

208 1342 271 1376 quid
287 1343 368 1369 etiam
387 1350 435 1377 per
452 1342 619 1370 Ezechielem
641 1342 829 1377 przenuntiavit
851 1343 991 1369 universo-

209 1395 269 1414 rum
286 1387 366 1420 Deus,
384 1388 417 1415 de
430 1388 537 1415 Christo
550 1387 641 1415 dicens
657 1397 663 1415 ε
681 1397 689 1413 ι
709 1388 742 1414 Ει
759 1387 895 1415 suscitabo
909 1395 990 1421 super

209 1439 256 1460 eos
271 1438 405 1467 pastorem
419 1441 512 1466 unum,
527 1438 554 1461 et
566 1438 658 1468 pascet
671 1440 728 1465 805,
743 1437 770 1460 et
783 1441 888 1460 servum
901 1441 989 1460 meum

207 1477 304 1512 David,
318 1483 345 1506 et
364 1479 418 1506 erit
436 1486 529 1506 eorum
548 1480 668 1514 pastor'.
680 1488 690 1505 ι
710 1478 792 1506 David
816 1479 932 1514 appellat
956 1485 990 1506 ex

207 1525 311 1552 semine
326 1524 411 1552 David
433 1524 570 1552 Christum
593 1529 685 1551 natum
708 1524 855 1552 secundum
869 1531 987 1552 carnem.

1048 295 1076 321 δὲ
1091 295 1160 330 πρὸς
1176 295 1290 328 τούτοις,
1312 296 1337 321 ot
1356 296 1388 321 ὲκ
1411 296 1461 331 τῆς
1489 294 1675 331 Ἰερουσαλὴμ,
1699 294 1840 320 τουτέστιν

1054 340 1151 372 Ἰούδας
1173 341 1219 367 καὶ
1235 341 1373 376 Βενιαμίν.
1401 340 1509 375 Ἐπειδὴ
1531 340 1560 367 δὲ
1579 339 1670 373 Κῦρος
1692 339 1706 365 6
1722 338 1839 374 Καμϐύ-

1048 394 1094 412 σου
1104 386 1156 421 ’τὴν
1171 386 1316 413 Βαϐυλῶνα
1331 387 1410 418 ἐλὼν,
1429 386 1476 413 καὶ
1500 386 1529 412 τὸ
1552 385 1664 421 Περσῶν
1681 384 1781 420 κράτος
1799 385 1840 416 είς

1046 432 1142 459 ἑαυτὸν
1160 433 1341 468 μεταστήσας.
1362 433 1445 468 ἀνῆκε
1459 433 1509 468 τῆς
1535 431 1723 467 αἰχμαλωσίας
1743 430 1790 457 τόν
1808 439 1838 456 τε

1052 478 1159 513 Ἰσραὴλ
1183 478 1229 505 καὶ
1243 479 1289 505 τὸν
1314 478 1423 510 Ἰούδαν,
1439 477 1507 505 οἴκοι
1523 486 1551 504 τε
1569 477 1638 504 ἱέναι
1652 476 1838 512 προστέταχεν

1045 524 1112 557 ὁμοῦ
1125 525 1181 555 τοῖς
1193 524 1300 551 σκεύεσι
1315 524 1371 555 τοῖς
1388 524 1480 558 ίεροῖς,
1496 522 1624 557 ἀφίκοντο
1639 522 1687 557 μὲν
1698 522 1737 553 είς
1754 522 1838 557 Ἰερο-

1046 569 1160 604 σόλυμα,
1177 570 1354 605 κατῳκήσασι
1370 569 1398 595 δὲ
1414 568 1505 595 λοιπὸν
1521 568 1570 594 οὐκ
1592 567 1632 594 ἔτι
1651 567 1836 603 διῃρημένως.

1044 613 1115 639 καθὰ
1128 614 1175 641 καὶ
1191 613 1243 649 πρὸ
1253 614 1302 649 τῆς
1314 612 1504 648 αἰχμαλωσίας
1516 621 1522 628 ·
1536 611 1598 639 οὔτε
1610 611 1663 647 μὴν
1681 611 1763 643 ἰδίους
1774 611 1838 638 ἕκα-

1045 667 1102 686 στοι
1117 659 1244 694 βασιλέας
1262 660 1406 694 ἐσχήκασι.
1425 658 1522 693 Διῆγον
1539 657 1568 684 δὲ
1592 657 1690 688 πάντες
1717 657 1746 683 ὲν
1771 657 1837 690 ὁμο-

1043 705 1128 740 ψυχίᾳ
1144 704 1215 732 κατὰ
1235 704 1318 740 μόνην
1348 704 1397 740 τὴν
1421 702 1608 738 Ἰερουσαλὴμ,
1634 702 1786 738 ἡγουμένου
1804 702 1837 728 τὸ

1043 751 1168 786 τηνικάδε
1197 751 1347 786 Ζοροϐάϐελ
1370 750 1418 777 τοῦ
1438 749 1583 785 Σαλαθιήλ,
1607 749 1637 780 ὃς
1650 746 1684 784 ἦν
1700 749 1731 774 ὲκ
1746 748 1836 783 φυλῆς

1049 796 1142 829 Ἰούδα,
1167 798 1212 823 καὶ
1239 796 1422 832 ίερατεύοντος
1449 796 1537 832 Ἰησοῦ
1559 795 1607 822 τοῦ
1635 794 1768 826 Ἰωσεδὲκ,
1784 793 1835 820 τοῦ

1043 843 1172 878 μεγάλου,
1196 843 1240 869 ὅτε
1257 843 1304 869 καὶ
1328 843 1373 870 τὸν
1393 842 1464 869 θεῖον
1487 842 1662 877 ἅνεδείμαντο
1685 841 1765 872 ναὸν,
1782 841 1835 867 καὶ

1042 888 1096 915 τῶν
1119 889 1159 920 εἰς
1191 888 1238 915 τὸν
1263 886 1341 915 οἷκον
1370 889 1474 923 εἴχοντο
1505 887 1730 922 σπουδασμάτων.
1765 886 1836 912 Συν-

1042 934 1203 970 αχοήσονται
1214 934 1314 966 τοίνυν,
1330 934 1423 970 φησὶν,
1439 935 1463 960 oi
1481 933 1535 960 υίοὶ
1556 933 1653 964 Ἰούδα,
1675 933 1723 959 καὶ
1738 932 1763 958 οἱ
1778 932 1835 958 υἱοὶ

1049 979 1154 1015 Ἰσραὴλ
1184 980 1338 1012 ὲπιτοαυτὸ,
1365 980 1414 1006 καὶ
1449 979 1579 1014 θήσονται
1608 980 1715 1010 ἑαυτοῖς
1744 977 1836 1013 ἀρχὴν

1043 1026 1118 1061 μίαν,
1142 1027 1189 1053 καὶ
1212 1026 1395 1062 ἀναϐήσονται
1417 1027 1449 1053 ἐκ
1462 1026 1514 1061 τῆς
1533 1026 1595 1061 γῆς.
1628 1025 1686 1051 Ἵνα
1713 1024 1763 1060 τὴν
1778 1024 1836 1050 τῶν

1041 1072 1196 1106 ἀλλοφύλων
1212 1073 1315 1107 ὲννοῇς,
1327 1073 1366 1104 είς
1383 1072 1416 1107 ἢν
1432 1072 1478 1098 καὶ
1499 1068 1726 1106 ἀττεκομίσθησαν
1748 1070 1835 1105 αίχμ-

1042 1117 1138 1144 ἀλωτοι
1164 1117 1313 1152 γεγονότες.
1340 1117 1377 1144 T6
1390 1117 1429 1150 δὲ,
1451 1118 1492 1144 ὅτι
1510 1117 1615 1152 μεγάλη
1635 1117 1652 1152 ἡ
1678 1116 1770 1151 ἡμέρα
1785 1115 1835 1142 τοῦ

1047 1162 1175 1198 Ἰεζραὲλ,
1202 1163 1241 1197 τῷ
1258 1163 1307 1197 τῆς
1336 1163 1457 1198 ἱστορίας
1474 1163 1523 1198 οὑχ
1536 1161 1651 1198 ἁρμόζει
1665 1161 1746 1196 λόγῳ.
1760 1161 1835 1187 Οὐκ-

1040 1209 1087 1236 οῦν
1098 1210 1155 1236 ἐκεῖ
1167 1217 1256 1243 φαμεν
1270 1209 1310 1234 ὅτι
1330 1209 1493 1243 κεκλήσεται
1513 1208 1577 1240 λαδς
1592 1207 1659 1234 Θεοῦ
1673 1208 1687 1234 6
1712 1207 1833 1242 Ἰσραὴλ,

1041 1253 1129 1280 καίτοι
1156 1253 1200 1282 διὰ
1221 1253 1352 1288 πλείστην
1370 1253 1436 1288 ὅσην
1462 1253 1621 1280 δυσσέϐειαν
1638 1253 1834 1288 ὠνομασμένος

1041 1299 1077 1325 Οὐ
1087 1298 1160 1330 λαὸς,
1174 1297 1301 1333 καθάπερ
1310 1298 1359 1334 ἤδη
1376 1299 1556 1333 προείπομεν.
1569 1298 1635 1325 Τότε
1651 1297 1835 1333 συναχθήσον-

1040 1352 1084 1370 ται
1102 1343 1177 1370 αύτοί
1197 1352 1226 1370 τε
1245 1345 1292 1370 καὶ
1302 1345 1326 1370 οί
1339 1344 1393 1370 υίοὶ
1411 1343 1508 1377 Ἰούδα,
1523 1343 1660 1376 τουτέστι,
1681 1344 1756 1370 πᾶσα
1775 1343 1834 1370 λοι-

1041 1390 1091 1415 πὸν
1107 1390 1163 1424 ήὲν
1176 1389 1300 1425 ἐσχάτοις
1313 1391 1418 1425 καιροῖς
1433 1390 1488 1417 τῶν
1511 1390 1647 1417 Ἰουδαίων
1665 1389 1834 1424 εὑρισκομέ-

1040 1446 1071 1473 νη
1096 1437 1209 1472 πληθύς.
1226 1438 1294 1478 ,Καὶ
1319 1437 1372 1464 ὑπὸ
1396 1437 1460 1473 μίαν
1480 1437 1586 1464 ἔσονται
1609 1437 1710 1469 πάντες
1732 1437 1833 1472 ἀρχὴν,

1040 1484 1171 1515 τουτέστι,
1196 1483 1323 1519 Χριστόν.
1362 1483 1458 1510 Καίτοι
1482 1483 1604 1510 τοιοῦτον
1622 1482 1650 1509 δὲ
1668 1482 1711 1509 διὰ
1741 1484 1834 1518 φωνῆς

1047 1529 1174 1565 Ἰεζεχιὴλ
1193 1528 1447 1564 προαναπεφώνηκε
1470 1529 1559 1563 λέγων
1575 1530 1589 1555 ὁ
1605 1529 1659 1554 τῶν
1676 1529 1744 1555 ὅλων
1765 1528 1833 1560 Θεὸς

206 1570 296 1604 Quare
319 1574 416 1598 vocato
437 1570 493 1604 jam
518 1570 637 1605 gentium
660 1577 749 1605 grege,
777 1570 882 1597 tandem
906 1570 989 1597 lsrael

1042 1576 1104 1610 περὶ
1120 1575 1249 1610 Χριστοῦ·
1268 1584 1277 1600 ι
1298 1575 1354 1601 Καὶ
1377 1575 1523 1610 ἀναστήσω
1538 1576 1580 1601 ἐπ’
1592 1575 1689 1606 αὐτοὺς
1711 1574 1833 1609 ποιμένα

206 1617 404 1648 introducetur,
429 1620 456 1644 et
477 1623 559 1643 unum
585 1616 763 1650 principatum
789 1622 883 1643 omnes
906 1623 989 1651 agno-

206 1668 292 1690 scent.
312 1662 367 1698 3o
393 1662 427 1689 Et
450 1662 597 1691 ascendant
624 1662 657 1690 de
686 1666 770 1694 terra,
794 1661 890 1696 inquit.
913 1661 988 1695 Quod

206 1715 280 1736 recte
311 1708 541 1743 intelligentibus,
574 1707 682 1742 opinor,
709 1707 844 1742 signiﬁcat
872 1711 919 1734 aut
945 1707 988 1741 qui

203 1755 297 1790 jugum
311 1754 462 1782 Salvatoris
474 1753 654 1785 admiserunt,
671 1753 704 1780 de
718 1757 816 1780 caetero
829 1754 990 1781 omnimodis

206 1801 342 1829 desituros
364 1803 472 1827 terrena
495 1806 602 1834 sapere,
620 1804 647 1827 ct
667 1799 808 1834 prudentia
827 1799 917 1826 carnis
941 1806 989 1826 su-

205 1846 328 1882 periores
354 1846 422 1879 lore,
444 1845 523 1881 (tales
537 1845 609 1872 enim
633 1852 741 1878 omnes,
763 1845 809 1880 qui
834 1845 943 1875 Christo
960 1852 990 1872 se

205 1892 395 1926 subiecerunt;
419 1896 445 1918 et
462 1891 541 1918 ﬁdem
557 1890 640 1918 faciet
659 1890 755 1917 beatus
773 1890 855 1918 David
870 1899 876 1916 :
895 1899 905 1915 ι
921 1889 988 1923 Quia

204 1937 252 1965 Dei
268 1937 353 1965 iortes
373 1942 451 1964 terrae
463 1937 640 1963 vehementer
659 1936 755 1964 elevati
779 1936 876 1969 sunt‘;
894 1945 903 1962 ›
921 1936 986 1970 quin

205 1988 234 2010 et
245 1982 344 2010 Paulus
358 1991 364 2009 :
385 1991 394 2008 ι
409 1982 459 2015 Qui
485 1988 572 2009 autem
594 1986 655 2008 sunt
668 1982 766 2009 Christi
789 1981 863 2014 Jesu,
879 1989 988 2009 carnem

204 2037 281 2057 suam
297 2029 565 2059 crucilixeruuLcum
581 2028 652 2055 vitiis
665 2033 692 2054 et
705 2027 988 2062 concupiscentiis‘p)

205 2080 252 2102 aut
267 2079 341 2102 certe
358 2079 386 2101 et
400 2075 474 2111 ipsos
491 2074 690 2102 resurrectione
706 2079 873 2101 mortuorum
887 2073 989 2107 potitu-

205 2129 261 2149 ros.
288 2121 360 2148 Dixit
385 2121 456 2148 enim
480 2120 576 2148 alicubi
606 2121 686 2148 etiam
707 2120 855 2147 Christus:
871 2128 880 2145 ι
902 2119 987 2146 Amen

205 2167 267 2194 dico
286 2166 377 2198 vobis,
398 2166 460 2201 quia
476 2166 564 2193 omnis
585 2167 630 2200 qui
652 2166 738 2193 credit
759 2165 786 2192 in
808 2172 860 2197 me,
881 2164 988 2191 etiamsi

205 2216 327 2239 mortuus
345 2212 434 2243 fuerit,
451 2212 521 2238 vivet
532 2211 553 2238 ".
570 2220 579 2236 ι
595 2211 671 2245 Quod
691 2211 713 2237 si
734 2215 844 2236 coactus
864 2209 901 2236 ita
921 2209 988 2243 obji-

204 2259 261 2285 cias
274 2265 282 2284 :
296 2259 330 2284 At
346 2257 418 2284 enim
448 2265 500 2284 non
517 2258 670 2288 credentes,
685 2257 728 2283 dic
747 2255 823 2288 mihi,
840 2254 988 2282 manebunt

205 2303 315 2335 mortui,
342 2309 391 2330 nec
416 2309 477 2329 cum
505 2303 565 2331 aliis
588 2301 755 2330 ascendent?
777 2301 834 2336 ipse
852 2299 986 2333 Salvator,

203 2350 267 2383 quid
285 2349 400 2383 amplius
417 2349 533 2377 habituri
552 2348 617 2379 sint,
638 2347 683 2382 qui
705 2346 889 2377 crediderunt,
909 2345 987 2373 nobis

203 2396 409 2428 demonstravit,
427 2396 462 2423 ita
486 2395 598 2429 loquens
612 2400 620 2419 :
634 2402 643 2419 ι
662 2392 716 2420 F‘ur
733 2399 786 2419 non
801 2392 876 2420 venit
893 2392 943 2418 nisi
960 2396 989 2418 ut

204 2443 320 2475 lurelur,
339 2445 366 2469 et
384 2441 490 2476 perdat.
508 2440 564 2475 Ego
582 2439 643 2466 veni
661 2443 690 2465 ut
704 2438 786 2465 vitam
809 2438 941 2470 habeant,
958 2443 986 2465 ct

202 2490 386 2518 abundantius
415 2490 533 2516 habeant
553 2488 575 2514 ‘.
607 2496 620 2514 ι
643 2486 824 2520 Quamobrem
847 2489 988 2520 resurgeut

203 2537 312 2571 quidem
335 2542 439 2567 omnes,
459 2533 536 2569 probi
553 2537 578 2560 et
600 2532 730 2567 improbi;
750 2532 796 2559 sed
817 2539 869 2558 non
893 2539 988 2559 omnes

203 2582 342 2609 habebunt
359 2581 422 2608 illud
442 2589 451 2606 ι
467 2578 658 2606 abundantius.
678 2587 688 2604 ι
704 2578 753 2611 Qui
769 2578 840 2605 enim
857 2585 909 2604 non
924 2582 988 2604 sunt

203 2627 314 2660 Christi,
346 2634 413 2661 quos
432 2624 598 2652 inﬁdelitatis
616 2623 762 2652 sceleribus
777 2623 913 2663 involutos
928 2630 988 2650 esse

202 2677 320 2703 constat,
351 2673 376 2698 in
400 2672 529 2698 extremis
544 2672 626 2697 vitam
649 2674 737 2697 morte
753 2669 889 2696 duriorem
905 2669 987 2696 habe-

203 2718 280 2746 bunt.
290 2715 432 2743 Rationem
444 2717 514 2743 enim
529 2721 556 2744 et
570 2716 775 2744 commissorum
784 2714 988 2742 etinﬁdelitatis

203 2762 328 2789 reddent.
355 2761 405 2793 Qui
432 2766 520 2788 autem
545 2765 609 2788 sunt
631 2760 705 2795 ejus,
730 2761 829 2794 quique
853 2758 987 2794 spirituali

201 2814 265 2835 cum
285 2806 340 2833 Deo
363 2807 480 2835 amicitia
503 2807 658 2842 locupletati
682 2811 754 2839 sunt,
771 2812 798 2834 et
823 2813 926 2833 morum
947 2805 989 2831 in-

1041 1621 1098 1654 ἓνα,
1114 1621 1160 1647 καὶ
1170 1621 1298 1656 ποιμανεῖ
1313 1621 1423 1653 αὐτοὺς,
1436 1620 1481 1647 τὸν
1497 1619 1590 1646 δοῦλόν
1606 1628 1656 1655 μου
1669 1619 1762 1650 Δαϐὶδ,
1783 1620 1832 1646 καὶ

1041 1666 1116 1693 ἔσται
1135 1667 1223 1694 αὐτῶν
1242 1667 1354 1702 ποιμήν.
1382 1676 1391 1692 ι
1415 1667 1558 1700 ὐνομάζει
1580 1665 1609 1692 δὲ
1633 1664 1714 1691 Δαϐὶδ
1735 1664 1782 1692 τὸν
1799 1666 1833 1692 ὲκ

1042 1713 1197 1748 σπέρματος
1213 1713 1295 1740 Δαϐὶδ
1318 1712 1449 1746 γεγονότα
1480 1711 1552 1738 κατὰ
1577 1711 1666 1746 σάρκα
1700 1711 1830 1746 Χριστόν.

1040 1759 1143 1786 Οὐκοῦν
1173 1758 1346 1793 κεκλημένης
1371 1758 1420 1793 ήδη
1449 1758 1499 1791 τῆς
1527 1757 1582 1784 τῶν
1611 1757 1696 1784 ἐθνῶν
1716 1757 1831 1791 ἀγέλης,

1040 1803 1277 1838 είσκομισθήσεται
1293 1802 1445 1834 τελευταῖος
1456 1803 1471 1828 6
1490 1803 1608 1838 Ἰσραὴλ,
1625 1803 1672 1829 καὶ
1696 1802 1748 1828 ὑπὸ
1765 1802 1834 1837 μίαν

1040 1847 1149 1873 ἔσονται
1164 1847 1264 1878 πάντες
1291 1847 1390 1882 ἀρχήν.
1419 1847 1473 1873 Καὶ
1485 1847 1674 1882 ἀναϐήσονται,
1694 1847 1786 1881 φησὶν,
1799 1847 1832 1875 ἐκ

1039 1890 1089 1925 τῆς
1103 1891 1166 1925 γῆς.
1186 1890 1266 1926 Δηλοῖ
1281 1891 1320 1923 δὲ,
1335 1889 1423 1925 οἶμαι,
1437 1891 1514 1917 τουτὶ
1535 1892 1591 1922 τοῖς
1609 1890 1714 1918 νοοῦσιν
1729 1890 1830 1926 ὀρθῶς,

1039 1936 1111 1971 ἢότι
1123 1936 1210 1971 πάντη
1236 1945 1266 1962 τε
1296 1936 1343 1962 καὶ
1367 1935 1478 1967 πάντως
1503 1937 1532 1967 ἐς
1560 1935 1605 1962 τὸν
1632 1935 1680 1962 τοῦ
1703 1936 1832 1971 Σωτῆρος

1040 1981 1245 2017 προσηκάμενοι
1263 1981 1354 2015 ζυγὸν,
1372 1981 1574 2016 ἀποστήσονται
1590 1980 1684 2008 λοιπὸν
1698 1980 1747 2007 τοῦ
1763 1989 1832 2016 φρο-

1039 2028 1094 2053 νεῖν
1111 2026 1145 2053 τὰ
1158 2026 1204 2053 ἐπὶ
1215 2026 1263 2061 τῆς
1276 2026 1338 2061 γῆς,
1357 2026 1402 2053 καὶ
1419 2026 1549 2060 ἀμείνους
1560 2026 1667 2053 ἔσονται
1684 2027 1828 2062 φρονήμα-

1039 2080 1083 2103 τος
1098 2070 1239 2106 σαρκικοῦ,
1255 2070 1380 2104 (τοιοῦτοι
1389 2070 1443 2105 γὰρ
1454 2070 1554 2103 πάντες
1563 2071 1588 2097 ot
1602 2071 1654 2098 ὑπὸ
1661 2071 1772 2106 Χριστῷ
1784 2079 1832 2106 γε-

1039 2117 1157 2150 γονότες,
1176 2117 1223 2143 καὶ
1246 2116 1410 2142 πιστώσεται
1426 2116 1513 2150 λέγων
1529 2117 1543 2143 6
1569 2117 1705 2153 μακάριος
1729 2116 1830 2143 Δαϐίδ-

1041 2163 1120 2189 «Ὅτι
1137 2161 1184 2188 τοῦ
1195 2162 1262 2188 Θεοῦ
1277 2163 1301 2188 οἱ
1319 2162 1453 2197 κραταιοὶ.
1467 2162 1517 2197 τῆς
1532 2163 1585 2197 γῆς
1595 2163 1696 2198 σφόδρα
1710 2162 1833 2198 ἐπήρθη-

1040 2216 1099 2240 σαν,
1107 2217 1115 2233 ι
1130 2207 1176 2233 καὶ
1183 2206 1235 2242 μὴν
1243 2207 1290 2233 καὶ
1302 2208 1315 2233 6
1327 2206 1439 2238 Παῦλος·
1452 2215 1461 2232 ι
1476 2208 1507 2234 Οί
1517 2207 1545 2233 δὲ
1556 2206 1603 2233 τοῦ
1609 2207 1726 2243 Χριστοῦ
1743 2207 1832 2241 Ἰησοῦ

1040 2253 1089 2288 τὴν
1105 2253 1193 2287 σάρκα
1211 2252 1386 2286 ἐσταύρωσαν
1409 2252 1456 2279 σὺν
1473 2253 1528 2284 τοῖς
1549 2252 1692 2287 παθήμασι
1709 2253 1756 2278 καὶ
1771 2253 1833 2283 ταῖς

1041 2298 1239 2333 ἐπιθυμίαις-ι)
1248 2298 1340 2333 ἤγουν,
1356 2297 1397 2324 ὅτι
1408 2297 1548 2329 τεύξονται
1560 2298 1607 2324 καὶ
1621 2298 1697 2324 αὐτοὶ
1711 2298 1760 2332 τῆς
1770 2298 1833 2324 ἁνα-

1043 2345 1164 2375 στάσεως
1173 2343 1226 2370 τῶν
1237 2343 1352 2378 νεκρῶν.
1369 2343 1442 2378 Ἔφη
1464 2343 1519 2378 γάρ
1535 2351 1587 2369 που
1601 2343 1649 2370 καὶ
1663 2344 1677 2370 6
1691 2343 1812 2379 Χριστός
1822 2352 1830 2359 ·

1026 2384 1054 2418 ἰ
1080 2391 1166 2426 Ἀμὴν
1192 2390 1263 2423 λέγω
1287 2389 1416 2424 ὑμῖν,ὃτι
1435 2390 1490 2421 πᾶς
1512 2390 1526 2416 6
1551 2389 1686 2416 πιστεύων
1705 2390 1746 2421 είς
1768 2389 1831 2423 ἐμὲ,

1039 2439 1091 2466 κᾶν
1101 2436 1236 2472 ἀποθάνῃ,
1263 2436 1387 2471 ζήσεται.
1407 2444 1416 2460 ι
1433 2435 1529 2462 Καίτοι
1544 2435 1602 2466 πῶς
1617 2435 1668 2461 οὐκ
1683 2435 1834 2468 ἀναγκαῖον

1041 2484 1138 2516 είπεῖν,
1166 2483 1198 2509 Οἱ
1230 2481 1284 2516 γὰρ
1297 2481 1334 2516 μὴ
1354 2481 1538 2513 πιστεύοντες,
1559 2480 1619 2507 εἰπέ
1642 2489 1698 2516 μοι,
1718 2480 1832 2515 μενοῦσι

1041 2529 1144 2565 νεκροὶ,
1163 2529 1212 2555 οὐκ
1229 2527 1407 2562 ἀναϐήσονται
1423 2527 1451 2553 δὲ
1469 2528 1524 2557 τοῖς
1546 2526 1635 2558 ἄλλοις
1650 2525 1733 2561 όμοῦς
1751 2527 1832 2552 Ποῖον

1040 2574 1087 2603 οὖν
1099 2575 1152 2611 ἄρα
1167 2575 1223 2605 τοῖς
1244 2572 1438 2600 πεπιστευκόσι
1463 2572 1493 2598 τὸ
1514 2572 1650 2607 περιττὸν,
1666 2571 1749 2603 αὐτὸς
1762 2572 1832 2606 ἡμῖν

1041 2620 1179 2652 ὑπέδειξεν
1208 2620 1222 2646 6
1241 2617 1346 2653 Σωτὴρ,
1359 2617 1430 2644 οὕτω
1445 2617 1532 2651 λέγων
1542 2625 1549 2632 ·
1564 2625 1574 2642 ‹
1596 2617 1626 2643 '0
1646 2616 1767 2651 κλέπτης
1783 2616 1830 2643 οὖν

1042 2667 1161 2702 ἔρχεται,
1175 2666 1199 2691 εί
1215 2664 1253 2700 μὴ
1263 2664 1307 2691 ἵνα
1319 2663 1415 2698 κλέψῃ,
1430 2663 1478 2689 καὶ
1494 2662 1624 2697 ἀπολέσῃ.
1643 2662 1714 2696 Ἐγὼ
1736 2658 1839 2705 ἦλθον.)

1042 2713 1085 2739 ἵνα
1114 2711 1186 2746 ζωὴν
1217 2710 1318 2745 ἔχωσι,
1342 2709 1388 2736 καὶ
1414 2708 1543 2743 περισσὸν
1570 2707 1677 2743 ἔχωσιν.
1696 2716 1706 2732 ι
1723 2706 1826 2734 Οὐκοῶ

1041 2758 1238 2792 ἀναστήσονται
1258 2755 1307 2790 μὲν
1324 2755 1454 2787 ἅπαντες,
1478 2754 1590 2789 πονηροί
1606 2762 1636 2780 τε
1655 2753 1702 2780 καὶ
1718 2753 1828 2786 ἀγαθοὶ,

1041 2803 1098 2830 ἀλλ’
1118 2803 1148 2830 οὺ
1161 2802 1260 2832 πάντες
1274 2801 1365 2836 ἔχουσι
1387 2809 1396 2826 ι
1415 2800 1446 2826 τὸ
1457 2799 1595 2835 περιττόν.
1622 2809 1631 2825 ι
1652 2799 1684 2826 Οἱ
1705 2798 1754 2834 μὲν
1774 2798 1829 2834 γὰρ

242 2895 255 2914 ¹
271 2897 369 2926 Esech.
386 2907 477 2934 xxxiv,
492 2900 539 2928 25.
578 2899 588 2915 ³
604 2897 674 2926 Psal.
693 2903 766 2929 vat,
782 2895 826 2923 l0.
864 2895 875 2911 ⁸
886 2894 975 2923 Calai.

1042 2893 1078 2920 ti.
1116 2893 1126 2908 '
1139 2892 1215 2919 Joan.
1235 2898 1272 2923 in,
1288 2891 1333 2918 25.
1374 2891 1383 2906 θ
1398 2889 1474 2918 Joan.
1494 2889 1577 2921 x,10.
