1913 3042
88 179 117 206 ΒἺ
554 180 829 210 COMMENTARIUS
847 182 883 210 ΙΝ
900 183 1014 211 OSEA.“
1039 183 1262 212 PROPHETAM.
1685 182 1718 210 58

89 237 136 263 οὒκ
151 236 229 267 owe;
246 236 384 271 Χριστοῦ,
402 237 446 265 διὰ
458 237 488 263 τὸ
503 239 558 270 τοῖς
568 238 616 272 τῆς
632 238 774 270 ἀπειθείας
786 239 882 274 ἐγκλή-

939 241 1062 275 tegritate
1078 245 1218 274 praestant,
1233 243 1331 274 prater
1347 244 1519 265 communem
1540 239 1718 264 resurrectinv

92 290 171 316 μασιν
187 282 408 317 ἐνειλημμένους
419 283 542 318 ὁρᾶσθαι,
561 284 675 310 Θανάτου
692 284 885 319 χαλεπωτέραν

91 328 137 362 τὴν
151 328 181 354 ὲν
191 327 363 360 τελευταίοις
378 328 470 360 ἕξουσι
480 328 563 364 ζωήν.
583 329 754 356 Ἀποτίσουσι
769 330 823 365 γὰρ
843 330 886 357 λό-

92 381 154 407 γους
168 373 218 400 καὶ
232 373 288 400 τῶν
303 374 494 409 ὲπταισμένων
523 375 569 401 καὶ
581 375 630 410 τῆς
646 375 798 407 ἀπειθείας.
809 376 841 402 Ol
854 376 884 403 δέ

92 428 122 453 γε
135 419 213 450 ὅντες
232 419 329 453 αὑτοῦ,
344 421 392 447 καὶ
413 421 470 447 ὅσοι
486 421 532 447 τοῦ
554 421 709 456 πνεύματος
731 422 884 457 οίκειότητα

94 465 139 499 τὴν
156 464 227 499 πρὸς
240 465 308 492 Θεὸν
324 465 555 501 πεπλουτηκότες,
575 466 621 493 καὶ
635 466 733 500 ἁγαθοὶ
746 469 806 498 τοὺς
821 468 885 503 τρό-

95 518 169 541 πους,
189 510 261 545 πρὸς
284 512 318 546 τῇ
344 511 491 538 ἀναστάσει
507 513 539 547 τῇ
567 514 654 548 κοινῇ,
675 513 722 539 καὶ
741 513 778 548 τῷ
793 513 884 540 παλιν-

94 556 228 591 δρομῆσαι
241 557 309 592 πρὸς
328 556 411 592 ζωὴν,
435 558 524 593 πάντη
539 567 569 584 τε
592 558 642 585 καὶ
667 559 776 590 πάντως
792 559 883 592 ἕξουσι

95 602 127 629 τὰ
139 603 275 637 ἑπόμενα,
293 604 429 638 τουτέστι,
442 604 476 631 τὰ
490 604 573 640 δῶρα,
588 604 639 636 τὰς
649 605 741 639 τιμὰς,
756 606 818 637 τοὺς
828 614 885 632 στε-

95 647 206 682 φάνους,
221 649 273 681 τὰς
285 649 412 684 ἀμοιϐὰς,
427 650 476 685 τὴν
495 649 682 685 λαμπρότητα.
709 651 764 677 Καὶ
779 659 883 687 μαρτυ-

96 693 173 728 ρήσει
191 693 281 727 λέγων
292 694 306 719 ό
323 694 438 726 Παῦλος,
453 704 461 720 ι
479 695 544 721 Ἰδοὺ
559 696 705 730 μυστήριον
718 697 781 731 ὑμῖν
794 696 864 730 λέγω
875 706 881 713 ·

96 738 200 770 Πάντες
219 739 269 774 μὲν
283 740 314 766 οὐ
332 740 571 776 κοιμηθησόμεθα·
595 742 619 767 οί
642 741 742 773 πάντες
759 741 787 768 δὲ
804 742 884 769 ἀλλα-

95 783 246 819 γησόμεθα,
273 785 303 812 ἐν
325 785 431 820 ἀτόμῳ,
459 786 488 812 ὲν
516 786 584 822 ῥιπῇ
616 785 766 821 ὀφθαλμοῦ,
799 787 828 813 ἐν
848 788 882 822 τῇ

94 830 197 866 ὲσχάτῃ
218 830 359 865 σάλπιγγι·
377 831 502 858 σαλπίσει
519 831 583 867 γὰρ,
595 831 642 858 καὶ
652 832 677 858 οἱ
692 833 784 867 νεκροὶ¹
803 833 882 868 ἐγερ-

95 875 224 911 θήσονται
261 875 408 912 ᾶφθαρτοι,
441 877 489 903 καὶ
512 877 591 912 ἡμεῖς
619 877 838 912 ἀλλαγησόμεθα.
869 887 879 903 ι

100 921 296 956 ’Δναϐήσονται
317 922 425 955 τοίνυν,
455 922 532 957 φησὶ,
556 922 611 949 ἀπὸ
640 923 689 957 τῆς
710 923 776 958 γῆς,
803 931 880 949 treus»
899 917 918 946 Β

94 966 162 999 έστι,
185 967 237 1002 τὴν
269 967 324 994 τῶν
345 968 430 1002 ἁγίων
453 967 499 994 καὶ
522 968 599 995 αὐτοὶ
630 967 757 1003 ζήσονται
791 968 880 1004 ζωὴν,

93 1013 133 1040 ὅτι
150 1013 258 1049 μεγάλη
273 1014 290 1049 ἡ
305 1013 398 1049 ἡμέρα
413 1013 460 1041 τοῦ
482 1013 611 1049 ¹Ῑεξραέλ.
630 1013 743 1049 Μεγάλη
767 1014 821 1049 γὰρ
837 1015 881 1040 ὗν-

93 1068 146 1091 τως
158 1059 176 1094 ἡ
193 1059 285 1095 ἡμέρα
298 1059 430 1095 Χριστοῦ,
450 1059 511 1086 καθ’
527 1059 559 1095 ἢν
574 1059 696 1091 ἅπαντας
711 1060 802 1094 ἐγερεῖ
817 1059 881 1091 τοὺς

93 1105 216 1140 νεκρούς.
237 1105 293 1132 Καὶ
313 1106 496 1141 καταϐήσεται
517 1105 566 1141 μὲν
585 1105 616 1139 ἐξ
628 1105 753 1140 οὐρανοῦ,
776 1105 881 1132 καθίσει

92 1151 121 1179 δὲ
137 1152 183 1178 ἐπὶ
204 1152 300 1188 θρόνου
314 1152 393 1188 δόξης
407 1151 501 1180 αὑτοῦ.
519 1162 529 1178 ί
549 1152 604 1179 Καὶ
622 1152 756 1179 ἀποδώσει
774 1152 881 1187 ἑκάστῳ

937 294 998 313 nem
1034 291 1061 313 ct
1088 285 1203 312 reditum
1232 285 1259 312 in
1279 285 1378 316 vitam,
1405 283 1484 319 plane
1509 282 1646 310 habebunt
1661 291 1719 318 qua:

935 336 1145 366 consequuntur,
1174 331 1225 358 hoc
1254 335 1306 362 est,
1332 331 1413 362 dona,
1440 330 1568 362 honores,
1592 336 1719 361 coronas,

936 376 1175 408 remunerationes,
1191 376 1361 408 claritatem,
1378 375 1448 410 quod
1471 374 1570 402 Paulus
1591 374 1720 402 testilica-

936 427 979 449 tur
994 431 1002 450 :
1017 431 1027 448 ι
1051 422 1120 449 Ecce
1151 422 1311 456 mysterium
1341 428 1390 456 ego
1416 421 1494 448 vobis
1519 421 1582 448 (libo
1597 429 1603 448 :
1619 420 1719 448 Omnes

934 467 1044 503 quidem
1068 475 1120 495 non
1143 467 1317 500 dormiemus,
1334 474 1427 494 omnes
1448 473 1538 494 autem
1563 466 1718 494 immutabi-

934 521 1006 546 tnur,
1033 515 1059 541 in
1085 518 1238 545 momento,
1262 513 1290 539 in
1325 513 1378 540 ictu
1401 513 1469 540 oculi
1486 533 1494 545 ,
1514 513 1540 540 in
1572 512 1718 540 novissima

935 560 998 586 tuba
1016 569 1023 586 :
1039 564 1119 587 canet
1133 560 1207 586 enim
1224 558 1298 590 tuba.
1314 563 1340 585 et
1359 559 1458 585 mortui
1476 563 1615 593 resurgent
1628 558 1718 585 incor-

935 605 1016 639 rupti,
1031 609 1058 632 et
1071 612 1122 631 nos
1139 604 1342 632 immutabimur
1353 604 1391 630 ⁷.»
1408 603 1603 637 lnquitigitur:
1618 603 1719 630 Ascen-
1753 616 1757 619 ε

934 650 997 676 dent
1019 650 1052 677 de
1075 655 1145 677 terra
1160 670 1167 682 ,
1191 650 1242 678 hoc
1261 654 1319 681 est,
1346 653 1499 676 sanctorum
1519 648 1600 674 vitam
1626 653 1653 675 et
1669 648 1719 682 ipsi

935 696 1035 728 vivent,
1061 697 1122 730 quia
1147 703 1259 730 magnus
1278 696 1335 722 dies
1360 694 1475 721 Jezrael.
1518 693 1627 727 Magnus
1647 693 1718 720 enim

935 748 1027 768 revera
1044 741 1101 768 dies
1115 741 1227 772 Christi,
1242 749 1295 775 quo
1311 748 1406 767 omnes
1423 740 1474 766 vita
1492 739 1600 766 functos
1616 738 1718 765 excita-

934 787 982 814 hit.
1003 787 1036 814 Et
1054 787 1198 814 descendet
1213 787 1323 821 quidem
1345 787 1378 814 de
1401 786 1469 813 coelo
1481 806 1489 818 ,
1507 778 1612 812 sedebit
1628 789 1718 811 autem

933 841 1015 868 super
1040 833 1137 860 throno
1163 833 1254 867 gloriae
1282 840 1347 865 suae,
1375 840 1384 857 ι
1404 836 1431 858 et
1456 831 1550 857 reddet
1575 829 1720 864 unicuique

931 879 1006 913 juxta
1020 886 1101 912 opera
1115 879 1200 905 suam
1217 878 1292 910 Quod
1306 878 1327 905 si
1343 877 1404 912 quis
1418 884 1465 912 per
1481 876 1552 903 diem
1569 874 1720 910 intelligere

934 925 1009 952 malit
1032 930 1137 960 tempus
1159 925 1301 957 adventus,
1321 932 1374 958 quo
1398 923 1522 951 remissio
1546 927 1718 957 peccatorum

934 970 1034 998 tributa
1056 976 1097 998 est
1115 978 1129 997 a
1152 971 1262 998 Christo
1284 970 1385 998 Graecis
1401 974 1428 997 et
1451 969 1560 1000 Judmis,
1578 973 1605 995 et
1623 967 1666 1002 qui
1692 967 1718 993 in

934 1015 1019 1049 ipsum
1042 1020 1236 1049 peccaverunt,
1257 1016 1337 1043 etiam
1360 1015 1404 1042 hic
1427 1022 1441 1041 a
1458 1014 1503 1041 via
1520 1013 1640 1040 veritatis
1665 1020 1718 1039 non

933 1061 1081 1088 aherrahit.
1107 1061 1174 1088 Nam
1192 1066 1218 1088 et
1233 1061 1316 1088 David
1335 1061 1373 1088 sic
1391 1062 1424 1088 de
1447 1065 1566 1094 tempore
1587 1059 1719 1086 adventus

933 1107 1045 1141 loquens
1061 1106 1098 1133 ait
1111 1115 1118 1134 :
1131 1115 1140 1132 ι
1154 1106 1216 1134 llmc
1228 1106 1296 1138 dies,
1306 1114 1385 1139 quam
1399 1106 1462 1132 fecit
1475 1106 1614 1137 Dominus,
1629 1103 1718 1130 exsul-

933 1158 1020 1180 tctnus
1036 1157 1063 1180 et
1079 1153 1200 1180 laetemur
1217 1154 1243 1180 in
1257 1153 1312 1179 ea.‘I
1327 1162 1336 1178 ι

94 1198 164 1225 κατὰ
181 1198 217 1224 τὰ
240 1198 310 1234 ἔργα
334 1198 427 1226 αὐτοῦ.
454 1208 463 1225 ι
497 1198 528 1225 El
549 1198 577 1224 δὲ
600 1197 631 1233 δὴ
654 1197 774 1233 βούλοιτό
798 1206 839 1230 τις
870 1199 976 1234 ἡμέραν
1007 1199 1077 1225 νοεῖν
1104 1199 1148 1225 τὸν
1184 1198 1233 1233 τῆς
1264 1198 1412 1233 ἐπιδημίας
1440 1197 1546 1232 καιρὸν,
1572 1195 1632 1223 καο⁴
1648 1195 1676 1222 ὃν
1702 1196 1718 1229 ἡ

94 1242 191 1278 ἄφεσις
206 1243 262 1270 τῶν
272 1244 475 1280 ἡμαρτημένων
487 1244 577 1271 δέδοτο
598 1244 673 1280 παρὰ
685 1244 804 1279 Χριστοῦ
817 1244 929 1280 Ἕλλησί
938 1254 968 1271 τε
987 1245 1034 1272 καὶ
1055 1245 1201 1278 Ἰουδαίοις,
1217 1246 1264 1272 καὶ
1277 1246 1334 1276 τοῖς
1366 1245 1406 1275 εἰς
1442 1244 1523 1271 αὑτὸν
1557 1242 1719 1277 πεπλημμε-

93 1289 197 1325 ληκόσι,
210 1289 327 1316 κατευθὺ
341 1291 388 1316 καὶ
406 1287 481 1322 οὗτος
493 1290 546 1316 τῶν
562 1289 612 1324 τῆς
631 1289 758 1324 ἀληθείας
778 1289 909 1324 βαδιεῖται
940 1289 1036 1324 λόγων.
1054 1289 1134 1318 Οὖτω
1164 1290 1211 1317 καὶ
1228 1290 1241 1316 ὁ
1259 1290 1340 1316 Δαεὶδ
1372 1289 1422 1324 τῆς
1443 1288 1489 1315 τοῦ
1503 1288 1627 1323 Σωτῆρος
1641 1286 1719 1322 ἡμῶν

93 1335 238 1371 ἐπιδημίας
257 1336 303 1363 τδν
325 1336 421 1371 καιρὸν
441 1335 581 1370 ὑποφαίνει
608 1336 711 1371 λέγων·
735 1345 745 1361 ι
765 1335 840 1371 Αὕτη
860 1337 876 1372 ἡ
897 1336 987 1372 ἡμέρα
1017 1336 1050 1372 ἥν
1078 1336 1205 1372 ἐποίησεν
1225 1337 1240 1363 ό
1270 1335 1384 1371 Κύριος,
1410 1334 1647 1370 ἀγαλλιασώμεθα,
1671 1332 1719 1361 καὶ

93 1382 291 1418 εὖῳρανθῶμεν
306 1384 335 1410 ἐν
347 1384 427 1419 αὐτῇ.
446 1393 456 1409 ι

392 1428 518 1455 ΚΕΦΔΛ.
545 1428 582 1455 Β’.

124 1473 238 1501 Ειπατε
262 1473 304 1506 τῷ
325 1472 444 1508 ἀδελφῷ
471 1473 563 1507 ὑμῶν,
578 1473 658 1506 Λαός
675 1482 746 1508 μου,
771 1473 820 1500 καί
843 1472 881 1508 τῇ

93 1517 210 1552 ἀδελφῇ
224 1517 319 1553 ὑμῶν,
339 1517 513 1552 Ἠλεημένη.

127 1564 156 1591 l’.
189 1563 360 1597 Ἀναγκαίως
388 1563 490 1599 σφόδρα
512 1563 568 1595 τοῖς
597 1563 648 1599 ἤδη
673 1563 882 1599 προειρημένοις

95 1609 220 1645 ἑπιφέρει
236 1609 285 1636 καὶ
298 1608 392 1635 ταῦτα.
422 1608 530 1644 Ἐπειδὴ
546 1608 601 1645 γὰρ
618 1609 738 1645 εἴρηκεν,
765 1609 803 1641 ὠς
830 1609 883 1636 ὑπὸ

97 1655 160 1690 μίαν
176 1655 285 1681 ἔσονται
301 1655 400 1686 πάντες
408 1655 505 1690 ἀρχὴν,
514 1655 620 1686 οὐδενὸς
628 1655 668 1682 ἔτι
676 1655 882 1690 διατειχίζοντος

94 1701 111 1736 ἦ
117 1700 189 1728 διατέ
193 1709 305 1736 μνοντος
311 1700 351 1731 είς
357 1700 499 1735 διχόνοιαν,
512 1701 666 1736 κρατούσης
673 1701 701 1727 δὲ
715 1701 814 1737 μᾶλλον
822 1701 884 1736 ὁμο-

95 1747 204 1782 ψυχίας,
219 1746 268 1773 καὶ
277 1746 317 1778 είς
332 1746 446 1781 ἑνότητα
458 1745 507 1782 τὴν
517 1747 545 1773 ὲν
556 1745 691 1782 πνεύματι
700 1745 884 1782 συλλεγούσης

95 1792 219 1823 ἅπαντας
234 1791 284 1826 τῆς
299 1791 340 1822 είς
349 1791 465 1826 Χριστὸν
481 1791 608 1824 πίστεως,
623 1791 715 1818 λοιπὸν
727 1792 883 1826 ἀναγκαίως

94 1836 124 1863 τὸ
134 1836 242 1872 πνεῦμα
253 1836 423 1872 προστέταχε
436 1837 491 1868 τοῖς
499 1836 550 1872 ήδη
564 1837 613 1872 τὴν
623 1837 713 1865 πίστιν
728 1837 881 1872 πεπλουτη-

96 1881 217 1912 κόσι,καὶ
230 1881 370 1915 γεγονόσιν
378 1881 429 1907 ὑπὸ
441 1881 561 1916 Χριστῷ,
571 1882 669 1917 μηκέτι
679 1881 729 1918 τὴν
737 1881 804 1917 πρὸς
811 1882 883 1908 ὲκεί-

95 1935 156 1958 νους
171 1925 466 1961 εἰρήνηνξάποσείεσθαι
479 1926 577 1961 φιλεῖν,
590 1926 614 1953 οἳ
623 1927 736 1958 δικαίως
751 1927 883 1962 κέκληντο

100 1972 131 1999 ’Υ
137 1972 202 2003 λαός
217 1980 280 2007 μου,
289 1971 337 1998 καὶ
353 1971 515 2007 Ἠλεημένη.
526 1972 736 2008 Είσδεδεγμένου
744 1972 798 2008 γὰρ
809 1973 882 2006 ἅπαξ

95 2018 141 2046 τοῦ
163 2019 284 2055 Ἰσραὴλ,
296 2019 344 2046 καὶ
360 2019 541 2054 νομισαμένου
558 2020 608 2055 τὴν
621 2020 729 2054 ἄφεσιν,
742 2020 788 2047 καὶ
802 2027 883 2054 γεγο-

96 2064 168 2096 νότος
179 2065 233 2091 ὑπὸ
251 2065 374 2101 Χριστῷ,
390 2065 448 2097 πῶς
461 2063 494 2100 ἧν
517 2065 663 2093 ἀκόλουθον
679 2065 809 2101 διχονοεῖν
831 2066 881 2099 ἔτι,

96 2109 140 2136 καὶ
154 2110 216 2145 οὐχὶ
229 2109 264 2145 δὴ
277 2110 378 2145 μᾶλλον
389 2111 417 2137 ὲν
430 2111 542 2146 ὁμονοίᾳ
552 2110 685 2138 διατελεῖν
700 2111 764 2142 τοὺς
783 2111 824 2138 ἑνὶ
844 2111 884 2146 τῷ

94 2157 141 2191 τῆς
156 2155 296 2187 υἱοθεσίας
317 2155 451 2191 πνεύματι
475 2156 659 2191 κεκλημένους
679 2157 719 2188 είς
734 2156 883 2191 ἀδελφότη-

1229 1426 1281 1461 31
1294 1425 1371 1454 CAP.
1392 1425 1424 1452 ιι.

971 1472 1051 1498 Vsus.
1068 1471 1093 1498 ί.
1116 1471 1199 1498 Dicite
1222 1471 1300 1505 fratri
1324 1475 1419 1502 vestro,
1443 1468 1559 1503 Populus
1582 1479 1668 1504 meus,
1694 1477 1718 1500 et

896 1533 917 1562 Ο
934 1518 1018 1544 sorori
1036 1523 1137 1549 vestrm,
1156 1515 1365 1542 Misericordiam
1382 1520 1529 1543 cattaecuta.

968 1562 1002 1588 X.
1019 1561 1102 1589 Dietis
1132 1561 1182 1588 ista
1201 1561 1337 1596 subjicere
1357 1560 1467 1587 omnino
1486 1561 1616 1595 oportuit.
1639 1561 1718 1588 Post-

933 1615 1012 1642 quam
1023 1607 1095 1634 enim
1109 1607 1186 1636 dixit.
1199 1606 1249 1633 sub
1261 1612 1315 1632 uno
1326 1605 1476 1640 principatu
1490 1612 1584 1632 omnes
1599 1605 1719 1639 futuros,

934 1653 1041 1681 nemine
1068 1653 1094 1679 in
1120 1656 1257 1686 posterum
1277 1651 1311 1677 ad
1336 1650 1496 1678 discordiam
1520 1650 1665 1678 dirimente
1687 1659 1719 1679 ac

937 1699 1091 1732 divellente,
1107 1698 1196 1734 potius
1215 1697 1368 1724 animorum
1385 1696 1562 1724 consensione
1577 1696 1719 1724 dominan-

934 1751 975 1778 te,
994 1750 1021 1773 et
1045 1745 1079 1772 ad
1107 1744 1236 1772 unionem
1259 1742 1286 1770 in
1308 1742 1406 1778 spiritu
1442 1742 1506 1770 ﬁdei
1529 1742 1557 1769 in
1581 1741 1720 1770 Christum

933 1798 1027 1820 omnes
1051 1789 1214 1824 colligente,
1246 1789 1280 1816 de
1305 1793 1402 1815 caetero
1425 1788 1581 1814 necessario
1608 1787 1719 1822 spiritus

931 1837 1021 1872 jussit,
1036 1836 1087 1864 ﬁde
1097 1836 1152 1870 jam
1170 1835 1307 1869 praeditos,
1325 1838 1352 1861 et
1367 1834 1416 1861 sub
1437 1833 1574 1861 Christum
1606 1832 1719 1868 subjun-

935 1889 1006 1916 ctos,
1018 1890 1070 1910 non
1083 1881 1199 1915 amplius
1208 1880 1326 1908 studium
1340 1879 1415 1914 pacis
1429 1887 1490 1913 erga
1503 1879 1563 1906 illos
1576 1879 1718 1914 repellere,

933 1929 979 1964 qui
998 1929 1059 1964 jure
1079 1927 1168 1955 vocati
1193 1927 1248 1953 sint
1268 1925 1380 1960 populus
1401 1932 1487 1958 meus,
1509 1929 1536 1952 et
1562 1925 1718 1953 misericor-

933 1975 1005 2002 diam
1020 1977 1178 2001 consecuta.
1195 1971 1341 2005 Postquam
1357 1969 1429 1997 enim
1449 1970 1532 1998 semel
1555 1969 1637 1998 Israel
1659 1978 1718 1998 sus-

933 2024 1028 2054 ceptus
1040 2023 1093 2051 est,
1109 2017 1352 2050 remissionemque
1368 2015 1534 2050 impetravit,
1547 2020 1575 2042 et
1590 2015 1623 2043 ad
1639 2015 1719 2042 Chri-

935 2070 1005 2092 stum
1026 2071 1055 2092 se
1079 2063 1219 2098 adjunxit,
1238 2069 1292 2097 quo
1316 2065 1395 2096 pacto
1413 2061 1500 2088 adhuc
1520 2060 1668 2093 dissidere,
1692 2065 1719 2087 et

934 2118 987 2138 non
1010 2110 1099 2144 potius
1117 2109 1144 2136 in
1165 2107 1312 2136 concordia
1335 2111 1474 2142 perstare,
1501 2106 1528 2133 in
1547 2113 1601 2133 uno
1625 2105 1719 2140 spiritu

935 2154 1088 2190 adoptionis
1116 2154 1231 2181 ﬁliorum
1258 2152 1305 2180 Dei
1328 2153 1362 2180 ad
1388 2151 1585 2179 fraternitatem
1610 2155 1719 2178 vocatos

94 2209 144 2234 ea;
161 2199 198 2227 Ὦ
212 2201 315 2235 τοίνυν,
326 2201 419 2237 φησὶν,
435 2203 459 2228 ol.
478 2202 567 2229 πίστει
577 2203 610 2238 τῇ
627 2203 668 2234 είς
675 2201 792 2238 Χριστὸν
805 2202 882 2229 ἐκλε-

936 2204 1145 2227 consentaneum
1175 2198 1246 2225 fuit?
1269 2196 1358 2232 lnquit
1385 2204 1450 2231 ergo
1469 2205 1477 2223 :
1498 2196 1520 2223 0
1541 2196 1586 2230 qui
1614 2196 1665 2223 ﬁde
1693 2196 1718 2222 in

94 2245 315 2283 λαμπρυσμένοι,
329 2247 377 2273 καὶ
389 2247 423 2273 τὰ
438 2247 486 2282 τῆς
497 2247 673 2283 γνησιότητος
693 2247 820 2282 λαχόντες
833 2247 882 2274 αὺ-

96 2293 217 2328 χήματα,
236 2292 277 2328 τῷ
297 2292 405 2328 ἀδελφῷ
431 2292 518 2327 ὑμῶν,
551 2292 591 2328 τῷ
613 2292 697 2321 πάλαι
713 2292 824 2324 δικαίως
845 2293 881 2319 Οὐ

96 2338 157 2370 λαός
171 2346 225 2374 μου
241 2337 513 2373 κεκλημένῳ,λέγετε
523 2337 736 2372 λοιπὺντδ,Λαός
752 2347 801 2373 μου
811 2346 819 2354 ο
835 2338 883 2365 καὶ

94 2385 126 2420 τῇ
155 2384 259 2420 ἀδελφῇ
280 2384 368 2420 ὑμῶν,
404 2385 436 2420 τῇ
464 2385 520 2411 Οὐκ
541 2385 690 2421 ὴλεημένη,
721 2383 883 2419 λέγετε-τὸ,

88 2423 253 2466 Ἠλεημένη.
265 2430 323 2457 Καὶ
337 2430 393 2465 γάρ
405 2430 478 2456 ἐστιν
499 2431 658 2464 ἀναγκαῖον,
676 2430 832 2466 σύμφρονας
845 2429 885 2464 τῷ

96 2476 217 2512 Δεσπότῃ
233 2477 298 2508 τοὺς
313 2476 366 2502 ὑπὸ
377 2477 455 2511 χεῖρα
471 2476 612 2510 φαίνεσθαι
628 2476 719 2508 λαοὺς,
733 2476 781 2503 καὶ
799 2475 884 2503 ταύτὰ

97 2521 239 2557 βούλεσθαι
254 2520 295 2556 τῷ
313 2521 409 2557 πατρὶ,
430 2522 492 2553 τοὺς
513 2522 552 2553 εἰς
569 2521 683 2558 ἑνότητα
700 2521 884 2556 κεκλημένους

95 2568 137 2594 διὰ
150 2568 201 2603 τῆς
218 2567 350 2604 χάριτοςο
370 2567 483 2602 ἥδεσθαί
505 2576 534 2594 τε
555 2568 665 2603 μᾶλλον,
686 2567 727 2594 ὅτι
750 2567 884 2594 σέσωσται

97 2615 124 2640 τὸ
135 2615 312 2650 κατάλειμμα
337 2613 392 2641 τῶν
413 2613 444 2646 ἐξ
465 2613 583 2649 Ἰσραὴλ,
608 2613 655 2640 καὶ
680 2614 704 2640 οἰ
729 2612 812 2639 πάλαι
842 2612 885 2638 διὰ

100 2659 193 2695 πολλὴν
210 2659 356 2687 ἀπείθειαν
368 2659 568 2695 ἀπερριμμένοι
585 2658 633 2686 νῦν
645 2658 772 2693 γεγόνασι
783 2658 883 2690 δεκτοὶ,

98 2706 143 2732 καὶ
158 2706 321 2741 ἡγιασμένοι
341 2705 433 2732 λοιπὸν
455 2706 484 2732 ὲν
504 2705 626 2740 Χριστῷ,
648 2704 682 2731 δι’
696 2701 736 2736 οὗ,
758 2704 805 2731 καὶ
826 2703 885 2738 μεθ’

99 2747 174 2786 οὗτῷ
187 2751 247 2786 Θεῷ
257 2752 307 2778 καὶ
328 2751 417 2785 [Ιατρὶ
434 2751 451 2785 ή
474 2751 546 2783 δόξα,
578 2750 626 2777 σὺν
651 2749 689 2785 τῷ
708 2749 778 2784 ἁγίῳ
802 2749 888 2776 Πνεύυ

102 2805 172 2831 pact,
182 2799 223 2830 είς
233 2798 299 2829 τοὺς
314 2797 418 2828 αἰῶνας
430 2797 484 2824 τῶν
503 2797 619 2823 αἰώνων.
639 2796 735 2831 Ἀμήν.

936 2246 1072 2274 Christum
1097 2243 1240 2271 illuminati
1262 2249 1507 2278 germanorumque
1529 2241 1645 2268 ﬁliorum
1660 2241 1717 2276 glo—

936 2293 1004 2319 riam
1020 2291 1108 2318 sortiti
1128 2290 1207 2322 estis,
1223 2288 1298 2316 fratri
1316 2293 1416 2321 vestro,
1436 2289 1482 2322 qui
1507 2288 1642 2322 quondam
1663 2295 1718 2316 tne-

938 2337 1000 2370 rito,
1017 2336 1075 2364 Non
1085 2335 1196 2371 populus
1213 2341 1300 2366 meus,
1317 2334 1474 2366 vocabatur,
1487 2334 1567 2360 dicite
1591 2334 1718 2360 tandem:

938 2381 1054 2416 Populus
1073 2389 1165 2415 meus;
1183 2384 1210 2407 et
1228 2379 1315 2407 sorori
1334 2384 1441 2410 vestra,
1462 2385 1521 2412 quae
1534 2377 1592 2404 Non
1615 2377 1718 2405 miseri-

938 2428 1057 2455 cordiam
1080 2430 1241 2458 consecuta,
1264 2424 1344 2452 dicite
1359 2433 1366 2450 :
1381 2422 1596 2460 Misericordiam
1625 2429 1718 2448 conse-

937 2479 1009 2500 cuta.
1033 2471 1152 2507 Subjecti
1175 2472 1247 2499 enim
1269 2477 1331 2498 cum
1354 2469 1469 2497 Domino
1489 2468 1631 2495 sententiis
1653 2475 1718 2494 con-

937 2511 1034 2553 gruere
1049 2519 1188 2546 videantur
1207 2523 1318 2544 necesse
1340 2520 1400 2548 est,
1418 2519 1445 2541 et
1460 2513 1552 2541 eadem
1577 2512 1644 2539 velle
1662 2519 1718 2546 quae

938 2568 1024 2599 pater,
1041 2562 1069 2595 ii,
1085 2562 1131 2597 qui
1146 2562 1173 2588 in
1187 2561 1317 2588 unitatem
1338 2560 1454 2587 ﬁliorum
1476 2565 1524 2594 per
1539 2556 1651 2592 gratiam
1671 2564 1718 2582 vo-

938 2609 992 2637 cati
1008 2612 1083 2641 sunt;
1098 2612 1125 2634 et
1147 2606 1233 2634 laetari
1249 2605 1333 2640 magis
1344 2626 1351 2637 ,
1370 2605 1488 2633 salvatas
1507 2611 1566 2631 esse
1590 2602 1718 2636 reliquias

938 2655 1032 2687 Israel,
1050 2659 1076 2682 et
1091 2654 1135 2688 qui
1151 2653 1214 2680 olim
1228 2656 1339 2686 propter
1355 2659 1482 2686 magnam
1499 2648 1718 2677 incredulitatem

941 2700 1031 2734 rejecti
1047 2699 1162 2731 fuerant,
1175 2704 1246 2725 nunc
1260 2695 1406 2729 admissos,
1417 2701 1446 2723 et
1459 2697 1492 2723 de
1503 2699 1602 2722 caetero
1616 2693 1718 2720 sancti-

941 2746 1034 2772 ﬁcatos
1048 2752 1108 2772 esse
1125 2745 1152 2773 in
1165 2744 1287 2775 Christo,
1305 2750 1353 2777 per
1369 2749 1461 2776 quem,
1484 2745 1511 2767 et
1525 2747 1585 2767 cum
1601 2747 1654 2774 quo
1669 2739 1719 2765 lleo

941 2795 968 2817 et
985 2789 1058 2817 Patri
1072 2791 1166 2826 gloria,
1180 2797 1241 2818 cum
1255 2793 1348 2816 sancto
1362 2787 1461 2822 Spiritu
1478 2786 1505 2814 in
1521 2785 1618 2813 saecula
1634 2791 1718 2812 saecu-

941 2838 1039 2864 lorum.
1061 2836 1156 2864 Amen.

135 2897 144 2914 '
157 2897 167 2926 ι
179 2898 241 2926 Cor.
255 2905 300 2930 xv,
315 2898 361 2929 51,
382 2897 426 2926 52.
464 2898 475 2914 ⁸
493 2897 586 2926 Matth.
604 2904 658 2929 xvt,
674 2897 718 2924 27.
756 2897 766 2912 ⁹
784 2895 853 2923 l‘sal.
866 2903 880 2922 c

936 2903 949 2927 ι,
966 2895 1010 2922 24.
