1913 3042
67 195 93 222 6i
539 193 815 221 COMMENTARIUS
836 192 870 220 IN‘
888 192 1004 221 OSEAM
1022 192 1245 221 PROPHETAM.
1672 196 1706 224 ος

99 253 145 279 lB‘.
155 252 221 283 Τοῖς
238 252 296 278 ἀπὸ
318 252 433 288 γνώμης
445 252 511 284 ἰδίας
525 253 574 279 οὐκ
587 254 780 289 ὲπιστρέξουσι
795 237 861 288 repel;

950 253 1061 287 Xll.Qui
1071 261 1084 280 a
1094 254 1232 281 voluntate
1241 261 1289 281 sua
1297 254 1330 281 ad
1343 253 1426 281 Deum
1434 261 1464 282 se
1471 261 1523 281 non
1532 258 1705 290 convertunt,

71 299 138 329 θεὸν,
165 297 231 324 οὔτε
267 299 324 333 μὴν
361 299 534 333 ἀνεχομένοις
563 299 598 325 τὰ
629 300 719 334 αὑτῷκ
736 300 866 326 δοκοῦντα

74 344 195 378 πἰηροῦν,
231 344 305 370 ἀλλὰ
332 346 399 377 τοῖς,
419 345 467 370 οὐκ
499 343 547 371 οἶδ’
577 345 866 381 ὃπωςιτετιμημένης

73 391 153 421 αὐτοῖς
169 390 346 425 φαυλότητος
363 389 447 426 ἀπρὶξ
465 390 608 425 ἡμμένοις,
625 390 704 426 ποινὴ
720 391 767 417 καὶ
787 391 868 418 κόλα-

75 446 110 468 σις
126 437 289 462 ἐπινοεῖται.
310 436 375 468 Τίς;
392 437 450 470 Ἐφ’
466 437 534 472 ὅπερ
555 435 589 471 ἦν
615 436 726 471 ἄμεινον
746 437 775 469 ἐξ
799 437 868 469 ιδίας

74 481 200 517 φέρεσθαι
216 481 344 516 γνώμης,
371 482 413 509 ἐπ’
430 482 496 509 αὐτὸ
517 482 550 517 δὴ
576 482 654 509 τοῦτο
689 482 868 518 μετατεθῆναι

72 526 170 558 λοιπὸν,
184 526 222 558 ὡς
237 526 268 559 ἐξ
284 526 419 562 ἀνάγκης,
434 527 480 553 καὶ
504 527 597 561 φόϐου,
616 527 720 562 ’Ὁνπερ
740 528 793 564 γὰρ
807 528 868 563 τρό-

74 581 121 599 πον
135 572 191 599 τῶν
208 573 238 598 ὲν
268 574 326 604 τοῖς
340 572 448 607 σώμασι
462 573 626 607 τραυμάτων
643 573 676 599 τὰ
690 573 807 608 δυσχερῆ
823 574 869 600 καὶ

75 619 338 654 δυσμεταχείριστα,
362 618 414 646 κᾶν
434 620 458 645 εἰ
490 618 527 654 μὴ
553 619 615 650 ταῖς
637 619 690 644 τῶν
714 618 869 653 φαρμάκων

75 664 220 700 δυνάμεσιν
233 664 345 692 εἴκοντα
363 663 484 700 δέχοιντό
501 673 562 691 τινα
581 663 630 700 τὴν
653 664 693 695 είς
714 664 744 690 τὺ
758 664 869 699 ἄμεινον

77 711 285 747 μετατροπὴν,ἢ
301 711 403 746 σιδήρῳ
419 709 558 746 τέμνεται,
572 711 621 746 τῆς
636 709 692 737 τῶν
705 710 804 745 ἰατρῶν
824 711 871 746 ἐμ-

76 757 183 792 πειρίας
208 758 250 788 είς
279 756 374 784 τοῦτον
400 755 536 791 καλούσης
563 755 613 790 τῆς
643 755 802 791 ἐπικουρίας
823 756 871 783 τὸν

75 803 182 839 τρόπον,
204 803 289 838 ἤγουν
317 803 425 830 νικᾶται
454 802 541 838 πυρί·
563 802 634 829 οὕτω
659 803 705 829 καὶ
726 802 870 838 ἀνθρώπου

76 849 146 885 ψυχὴ
167 849 237 876 ¹ιοολὺ
250 849 415 876 διανεύσασα
437 848 506 884 πρὸς
525 848 676 875 ἀπόστασιν
695 849 746 884 τὴν
757 848 786 882 EE
804 848 872 883 ἀγα-

77 896 139 926 Θῶν,
153 896 207 922 κᾶν
222 896 247 922 εί
262 895 301 930 μὴ
316 895 376 927 ταῖς
390 895 445 922 τῶν
462 894 660 922 νουθετούντων
673 895 742 921 εἴκοι
756 896 869 929 φωναῖς,

79 942 144 977 μήτε
167 941 223 977 μὴν
245 941 333 968 ἕλοιτο
353 941 519 976 μεταφοιτᾷν
536 941 568 967 ὲκ
583 940 637 967 τῶν
660 941 805 976 αἰσχιόνων
823 941 870 968 ἐπὶ
886 932 906 960 Β

77 987 105 1013 τὸ
120 987 244 1022 ἄμεινον,
262 988 372 1014 νικᾶται
395 989 456 1019 ταῖς
476 987 575 1019 δίκαις,
592 988 639 1014 καὶ
658 989 715 1020 τοῖς
728 988 778 1023 τῆς
790 988 871 1015 κολά-

79 1041 143 1064 σεως
172 1033 306 1060 ἐναλοῦσα
333 1033 460 1069 βρόχοις,
489 1034 644 1068 ἀναγκαίαν
672 1035 790 1061 ποιεῖται
820 1035 870 1069 τὴν

79 1080 254 1115 ἐπιστροφήν.
276 1080 383 1106 Ὀποῐόν
406 1081 463 1106 ἐστι
490 1080 521 1107 τὸ
549 1080 592 1107 διὰ
610 1081 700 1117 φωνῆς
717 1081 848 1116 Ἰερεμίου
862 1090 869 1098 ·

84 1135 92 1150 ι
105 1125 179 1160 Πόνῳ
188 1126 234 1151 καὶ
245 1126 358 1160 μάστιγι
371 1126 559 1163 παιδευθείσῃ,
575 1127 762 1162 Ἰερουσαλήμ.
777 1137 785 1154 ι
800 1128 872 1155 Ψάλ-

80 1170 118 1196 λει
133 1169 162 1196 δέ
177 1179 205 1197 τι
219 1171 341 1198 τοιοῦτον
356 1172 403 1198 καὶ
422 1173 436 1198 ὁ
462 1172 604 1204 Θεσπέσιος
625 1173 718 1205 Δαόὶδ,
737 1173 801 1209 περὶ
817 1173 872 1201 τῶν

82 1216 262 1251 ἠγαπηκότων
275 1217 306 1243 τὸ
322 1217 388 1244 πολὺ
401 1217 432 1252 δὴ
448 1218 508 1245 λίαν
523 1218 638 1252 ἄγεσθαι
654 1219 722 1254 πρὸς
732 1219 763 1245 τὸ
781 1219 872 1255 πλημ-

85 1262 187 1297 μελεῖν*
208 1271 217 1288 ‹
236 1263 282 1289 Ἐν
298 1263 381 1298 κημῷ
403 1264 450 1290 καὶ
464 1264 566 1300 χαλινῷ
579 1265 628 1296 τὰς
637 1266 764 1299 σιαγόνας
781 1265 872 1292 αὐτῶν

83 1308 174 1342 ἇγξαις
203 1308 260 1335 τῶν
278 1309 314 1344 μὴ
340 1310 505 1344 ἐγγιζόντων
520 1310 588 1346 πρὸς
606 1312 644 1338 σέ.
662 1322 670 1338 ι
699 1313 739 1339 Τὰ
760 1313 814 1348 γάρ
831 1321 873 1340 τοι

85 1353 186 1388 σκληρά
201 1362 231 1380 τε
259 1354 306 1380 καὶ
322 1354 503 1390 ἀστοιχείωτα
522 1355 576 1381 τῶν
589 1356 694 1389 ἀλόγων
709 1356 785 1389 ζώων
799 1357 874 1392 χαλι-

83 1400 133 1431 νοῖς
159 1399 371 1435 περι-τρέπουσιν
385 1401 424 1431 εἰς
439 1400 469 1426 τὸ
483 1398 512 1427 εὖ
539 1401 611 1436 ἔχειν
625 1401 719 1428 δοκοῦν
741 1402 765 1428 of
787 1402 874 1428 πωλο-

81 1444 189 1480 δαμνεῖν
204 1445 333 1478 εἰωθότες
343 1454 350 1460 ³
362 1445 433 1473 οὕτω
449 1447 496 1473 καὶ
511 1447 578 1478 Θεὸς
590 1449 733 1483 χρησίμως
752 1448 874 1484 προσφέ-

83 1499 157 1526 ρεται
185 1493 243 1524 τοῖς
269 1491 518 1528 φιλαμαρτήμοσιν.
546 1493 650 1520 Οὐκοῦν
682 1493 874 1521 συνεϐούλευον

84 1538 130 1573 μὲν
151 1539 184 1573 τῇ
201 1539 351 1574 Συναγωγῇ
378 1539 514 1574 προφῆται
539 1540 586 1566 καὶ
612 1539 720 1572 δίκαιοι,
748 1540 798 1574 τῆς
819 1540 874 1567 τῶν
888 1550 908 1578 C

85 1583 195 1610 εἰδώλων
210 1584 396 1620 ἀποφοιτῆσαι
412 1585 548 1620 λατρείας,
561 1587 607 1612 καὶ
619 1587 668 1621 τῆς
679 1587 729 1613 οὐκ
752 1585 800 1613 οἷδ’
815 1587 877 1614 ὅθεν

83 1628 272 1666 ὲξηυρημένης
289 1631 457 1666 ἀποσχέσθαι
471 1631 586 1667 πλάνης.
608 1632 663 1659 Καὶ
674 1632 703 1658 οὔ
720 1632 801 1668 μέχρι
814 1633 876 1660 τού-

81 1684 133 1702 των
147 1684 154 1690 ”
172 1676 242 1703 ἀλλὰ
257 1678 305 1703 καὶ
318 1677 400 1709 αὐτὸς
413 1678 519 1712 ἠπείλει
540 1678 605 1710 Θεὸς
627 1679 768 1714 ἐπιθήσειν
787 1680 878 1712 αὐτοῖς

80 1722 114 1749 τὰ
127 1723 239 1750 mime
249 1723 379 1759 αἴσχιστα
396 1724 449 1750 τῶν
462 1724 566 1756 κακῶν,
577 1726 601 1751 εί
617 1725 653 1761 μὴ
666 1725 768 1752 ἕλοιντο
780 1726 876 1752 παλιν-

80 1767 190 1804 δρομεῖν
201 1769 244 1800 είς
256 1769 287 1795 τὸ
302 1770 412 1804 φρονεῖν
423 1779 462 1803 τε,
473 1771 519 1797 καὶ
532 1771 598 1806 δρᾷν
607 1770 641 1798 τὰ
651 1771 725 1806 αὐτῷ
736 1772 875 1804 δοκοῦντα,

80 1815 127 1841 καὶ
145 1815 220 1849 φίλα.
243 1815 275 1841 υἱ
292 1815 321 1842 δὲ
335 1814 405 1851 ἦσαν
421 1816 461 1842 ἔτι
486 1817 567 1843 δεινοί
590 1826 619 1844 τε
635 1818 681 1844 καὶ
712 1819 878 1854 ἀτεράμονες

80 1861 127 1887 καὶ
151 1860 202 1896 τὴν
235 1860 357 1888 διάνοιαν
381 1862 531 1896 ἁκαμπεῖς.
557 1863 690 1899 Ταύτῃτοι
714 1864 878 1899 δορύληπτοι

79 1907 236 1940 γεγονότες,
265 1908 305 1938 εἰς
337 1908 496 1944 Ἀσσυρίους
537 1910 584 1935 καὶ
616 1910 724 1945 Μήδους
757 1912 878 1946 μακροὺς

78 1952 288 1979 διατετελέκασι
306 1953 429 1989 χρόνους.
455 1950 492 1980 Οὗ
520 1955 674 1989 γεγονότες,
701 1956 749 1982 καὶ
772 1956 810 1991 τῷ
828 1956 879 1992 τῆς

79 1997 204 2030 δουλείας
222 1997 438 2033 κατηχθισμένοι
455 1999 539 2034 ζυγῷ,
557 2000 635 2027 ἕουον
655 2000 703 2036 μὲν
717 2002 776 2032 ταῖς
792 2002 880 2037 δαμά-

78 2044 153 2071 λεσιν
181 2044 290 2071 οὑκὲτι’
321 2045 381 2076 πῶς
408 2045 471 2081 γὰρ,
503 2046 519 2081 ἢ
551 2047 643 2079 πόθεν,
670 2048 694 2073 οἱ
712 2047 740 2073 δὲ
759 2045 828 2083 ἦσαν
850 2048 879 2074 ἐν

79 2090 216 2124 ἀφύκτοις
237 2092 350 2124 κακοῖς;
376 2090 434 2118 ἀλλ’
455 2091 514 2118 οὐδὲ
531 2092 612 2119 αὐτὸν
630 2093 811 2120 ἐπεκαλοῦντο
834 2093 880 2121 τὸν
894 2123 901 2127 _

80 2136 166 2168 Βάαλ,
181 2136 320 2170 διετέλουν
337 2137 365 2163 δὲ
382 2136 481 2171 μᾶλλον
503 2138 552 2169 τὰς
565 2138 669 2165 ἑαυτῶν
684 2139 880 2174 ἀνοιμώζοντες

81 2183 238 2219 υυμφοράς.
265 2182 352 2209 Τοῦτό
373 2183 414 2209 τοί
435 2192 518 2219 φησιν
530 2186 544 2211 ό
559 2184 613 2211 τῶν
638 2185 706 2212 ὅλων
720 2186 860 2221 Δεσπότης
871 2194 877 2202 ’

922 306 972 326 nec
985 299 1080 326 adduci
1095 304 1220 333 possunt,
1232 304 1260 325 ιιι
1271 307 1331 334 qua:
1345 299 1380 326 illi
1393 299 1500 334 placent
1511 304 1705 334 exsequantur,

920 352 1013 372 verum
1030 345 1055 371 in
1072 345 1181 378 flagitiis
1197 345 1252 372 suis
1267 346 1337 380 (qua:
1358 346 1449 373 nescio
1466 346 1601 381 quomodo
1619 347 1708 381 suspi-

919 391 1006 425 ciunt)
1019 390 1194 425 pertinaciter
1209 390 1322 422 haerent,
1339 391 1372 418 iis
1389 398 1469 424 paula
1492 392 1708 426 suppliciumque

918 437 1090 473 proponitur.
1110 436 1251 470 Quodnam
1268 436 1351 463 illud?
1365 437 1402 464 Ut
1423 438 1455 464 ad
1471 439 1541 472 quod
1563 446 1591 464 se
1610 443 1707 473 sponte

919 492 966 511 stta
980 483 1187 511 accommodare
1201 482 1254 518 33
1268 483 1363 509 melius
1377 483 1475 516 fuerat,
1494 485 1527 510 ad
1541 485 1591 511 hoc
1607 485 1705 518 ipsum,

920 536 1048 564 tanquam
1071 536 1105 556 ex
1132 529 1298 556 necessitate
1324 533 1350 556 et
1365 529 1461 556 timore
1481 537 1509 556 se
1532 531 1704 558 transferant.

921 574 998 602 Sient
1023 574 1095 602 enim
1120 573 1232 601 vulnera
1256 580 1400 608 corporum
1426 580 1520 601 sanatu
1543 575 1657 603 difficilia
1680 580 1707 603 ct

921 619 1116 652 intractabilia,
1131 619 1182 647 nisi
1199 619 1460 647 medicamentorum
1476 620 1570 647 virtuti
1584 621 1707 648 cedentia

921 667 1096 695 mutationem
1128 666 1161 693 ad
1189 665 1337 693 sanitatem
1364 665 1527 698 admittant,
1558 672 1604 692 aut
1636 665 1708 693 ferro

921 718 1058 745 secantur,
1082 712 1179 747 peritia
1202 711 1367 738 medicorum
1387 710 1460 737 hunc
1482 710 1573 738 auxilii
1600 711 1707 738 modum

921 760 1065 791 suadente.
1086 763 1131 785 aut
1149 762 1222 785 certe
1241 757 1295 793 igni
1312 757 1476 790 vincuntur,
1497 757 1532 784 ita
1549 762 1577 784 et
1592 757 1708 784 hominis

921 806 1024 838 anitna,
1033 805 1065 833 ad
1078 804 1282 833 desciscendum
1297 811 1311 830 a
1323 803 1461 838 probitate
1472 811 1600 838 perquam
1613 811 1708 838 prona,

921 851 974 879 nisi
996 851 1108 878 vocibus
1133 849 1336 877 admonentium
1362 849 1451 876 locum
1474 849 1629 884 reliquerit,
1650 854 1676 877 et
1694 857 1708 875 a

923 897 1090 932 turpitudine
1105 896 1137 922 ad
1153 895 1322 922 honestatem
1343 895 1461 922 transire
1476 895 1635 928 instituerit,
1653 902 1710 929 ρωι

921 943 964 971 nis
980 943 1108 974 vincitur,
1129 946 1157 968 et
1183 941 1307 975 supplicii
1335 941 1441 975 laqueis
1465 941 1618 976 implicata,
1647 941 1710 968 velit

920 990 987 1016 nolit
1006 989 1185 1017 convertitur.
1205 988 1291 1020 Quale
1313 992 1356 1015 est
1376 987 1448 1022 quod
1470 988 1539 1022 apttd
1564 987 1708 1015 Jeremiam

921 1034 1034 1069 legimus
1047 1041 1069 1061 τι
1083 1033 1177 1061 Dolore
1188 1039 1213 1062 et
1225 1033 1331 1068 ﬂagello
1342 1033 1486 1065 erudieris,
1499 1032 1647 1061 Jerusalem
1658 1033 1707 1060 ιι.)

922 1081 1017 1109 Simile
1030 1081 1094 1116 qttid
1119 1080 1207 1115 psallit
1231 1084 1258 1107 et
1273 1080 1368 1107 beatus
1390 1079 1475 1106 David
1498 1079 1531 1107 de
1549 1079 1593 1112 iis,
1611 1080 1710 1114 quibus

921 1127 1018 1162 volupe
1041 1131 1082 1154 est
1104 1127 1129 1154 in
1153 1131 1262 1162 peccata
1285 1133 1365 1154 ruere
1384 1137 1390 1154 :
1409 1135 1418 1151 t
1435 1125 1461 1153 In
1477 1133 1555 1153 camo
1578 1131 1605 1152 et
1631 1126 1708 1153 freno

922 1173 1046 1201 maxillas
1057 1180 1150 1200 eorum
1163 1173 1330 1207 constringe,
1347 1172 1392 1207 qui
1408 1179 1460 1199 non
1475 1172 1664 1206 approximant
1677 1172 1710 1198 ad

923 1221 993 1248 te".
1014 1229 1023 1246 ι
1042 1220 1158 1254 Asperas
1179 1219 1250 1246 enim
1292 1224 1319 1246 et
1345 1219 1433 1246 adhuc
1459 1218 1539 1245 rudes
1559 1218 1711 1244 animantes

923 1272 972 1300 pro
1003 1264 1116 1292 arbitrio
1139 1271 1189 1291 suo
1215 1263 1364 1291 domitores
1397 1263 1481 1290 frenis
1506 1262 1710 1295 circumagunt;

924 1311 1050 1338 similiter
1064 1311 1183 1343 peccatis
1198 1310 1304 1337 deditos
1322 1309 1391 1337 Dens
1409 1310 1441 1336 ad
1459 1316 1551 1336 eorum
1569 1309 1710 1335 utilitatem

925 1361 1033 1384 tractat.
1056 1356 1186 1389 Quocirca
1207 1355 1349 1383 consilium
1370 1355 1470 1383 dabant
1488 1354 1635 1390 Synagogre
1649 1361 1713 1389 pro-

925 1403 1012 1438 pheta:
1027 1408 1054 1429 et
1069 1401 1147 1436 justi,
1161 1401 1198 1428 uti
1217 1409 1247 1428 se
1261 1401 1294 1428 ab
1308 1401 1442 1428 idolorum
1461 1400 1534 1427 enltu
1550 1404 1712 1432 removeret,

924 1452 952 1474 et
967 1447 1001 1474 ab
1015 1454 1119 1478 errore,
1136 1446 1228 1473 nescio
1242 1447 1311 1472 ttnde
1326 1446 1435 1472 invento
1451 1450 1479 1472 et
1500 1445 1666 1476 introducto,
1683 1451 1713 1472 se

925 1493 1089 1522 contineret.
1111 1491 1204 1527 Neque
1223 1492 1249 1519 hi
1267 1497 1382 1523 tantum,
1403 1492 1449 1519 sed
1467 1491 1549 1518 etiam
1570 1491 1626 1525 ipse
1644 1490 1713 1517 Deus

929 1538 1094 1572 minabatur,
1119 1539 1276 1566 foedissimis
1293 1546 1339 1565 eos
1356 1545 1384 1565 se
1404 1538 1482 1565 tnalis
1502 1537 1711 1571 exagitaturnm,

929 1585 980 1612 nisi
1000 1589 1102 1611 mutata
1127 1589 1228 1617 mente,
1252 1585 1284 1612 ad
1304 1584 1446 1618 cogitanda
1466 1589 1492 1611 et
1515 1583 1637 1610 facienda
1655 1589 1715 1618 quae

928 1631 978 1665 ipsi
996 1634 1072 1666 grata
1101 1635 1128 1657 et
1141 1631 1225 1657 antica
1239 1635 1341 1663 essent,
1363 1630 1580 1665 regi-ederentur.
1599 1629 1636 1655 llli
1650 1635 1715 1656 vero

928 1677 1016 1704 adhuc
1032 1678 1118 1711 asperi
1132 1682 1159 1704 et
1173 1677 1308 1707 indomiti,
1321 1682 1348 1703 et
1362 1676 1453 1702 animo
1470 1675 1611 1710 praefracto
1625 1678 1712 1702 erant.

929 1723 1018 1757 Quare
1037 1723 1106 1751 bello
1130 1723 1200 1757 capti
1225 1723 1294 1758 apud
1312 1723 1437 1757 Assyrios
1455 1727 1482 1748 et
1505 1721 1596 1748 Medos
1620 1721 1713 1756 perdiu

929 1770 1063 1796 vixerunt.
1085 1769 1135 1797 Ubi
1157 1777 1217 1796 cum
1235 1774 1344 1801 essent,
1367 1774 1393 1795 et
1415 1768 1479 1803 jugo
1496 1767 1634 1795 servitutis
1652 1774 1714 1800 gra-

929 1822 1068 1851 verentur,
1087 1816 1179 1844 vitulis
1195 1816 1232 1842 illi
1247 1816 1356 1850 quidem
1375 1823 1427 1842 non
1444 1815 1559 1849 amplius
1577 1821 1632 1841 rem
1648 1813 1716 1840 divi-

929 1869 992 1889 nam
1017 1861 1155 1889 faciebant
1177 1861 1234 1896 (qui
1256 1861 1344 1891 enim,
1359 1865 1405 1887 aut
1424 1861 1494 1887 unde
1517 1859 1649 1892 facerent,
1670 1858 1715 1893 qui

931 1907 1009 1934 malis
1045 1907 1238 1942 premebantur
1275 1905 1533 1940 ίιιονίιοιήιὶὺυεῖ),
1549 1905 1595 1932 sed
1631 1912 1716 1938 neque

930 1955 1016 1987 ipsius
1040 1953 1103 1980 Baal
1131 1960 1207 1987 opem
1232 1951 1428 1987 implorabant;
1452 1951 1515 1986 quin
1540 1957 1602 1978 suas
1628 1950 1716 1984 potius

930 2000 1099 2026 calamitates
1114 1998 1221 2025 assiduo
1238 1997 1467 2024 lamentabantur.
1489 1996 1544 2023 Iloc
1566 1996 1646 2030 igitur
1663 1999 1714 2026 est,

930 2045 1000 2080 quod
1020 2044 1208 2071 universorum
1245 2043 1375 2069 Dominus
1392 2042 1452 2069 ait:
1480 2042 1606 2069 Anferatn
1631 2040 1716 2068 forni-

931 2090 1064 2117 cationem
1092 2091 1150 2123 ejus
1166 2098 1179 2115 a
1198 2089 1265 2116 facie
1288 2095 1358 2120 mea,
1377 2094 1403 2115 et
1426 2088 1586 2115 adulterium
1608 2087 1666 2122 ejus
1686 2088 1717 2114 de

931 2137 1020 2164 medio
1039 2137 1150 2164 uberum
1169 2136 1236 2169 eius.
1261 2135 1354 2162 Abibit
1386 2134 1458 2162 enim
1485 2134 1602 2168 captiva,
1620 2132 1718 2168 inquit,

931 2190 981 2210 nec
1002 2182 1098 2210 videbo
1123 2182 1149 2209 in
1175 2186 1313 2216 posterum
1339 2181 1540 2208 sacrificantem
1566 2179 1646 2212 Ilaal,
1670 2185 1719 2206 nec

80 2229 136 2255 Καὶ
155 2228 249 2264 ὲξαρῶ
262 2228 310 2264 τὴν
331 2229 461 2263 πορνείαν
480 2230 564 2266 αὐτῆς
583 2231 615 2257 ὲκ
639 2230 786 2266 προσώπου
812 2240 873 2266 μου¹

929 2228 1018 2255 vitulis
1043 2228 1131 2255 aureis
1154 2228 1225 2255 ultra
1249 2227 1406 2254 offerentem
1426 2227 1601 2258 holocausta,
1621 2232 1648 2253 et
1665 2233 1719 2259 pne

81 2274 129 2300 καὶ
142 2273 193 2309 τὴν
219 2274 344 2309 μοιχείαν
382 2274 468 2309 αὐτῆς
496 2275 528 2302 ὲκ
544 2276 627 2310 μέσου
653 2276 764 2311 μαστῶν
782 2277 876 2312 αὐτῆς.

81 2320 232 2356 οἰχήσεται
253 2320 308 2355 γὰρ
326 2319 509 2355 αίχμάλωτος,
537 2321 616 2356 φησὶ,
638 2321 686 2348 καὶ
705 2322 755 2349 οὐκ
779 2322 879 2358 ὄψομαι

82 2366 201 2393 θύουσαν
211 2366 252 2393 ἔτι
264 2366 304 2402 τῷ
319 2366 394 2393 Βάαλ
404 2386 411 2398 ,
433 2366 494 2393 οὔτε
510 2369 571 2399 ταῖς
587 2368 719 2404 δαμάλεσι
739 2371 799 2401 ταῖς
813 2378 879 2405 χρυ-

83 2413 143 2444 σαῖς
168 2412 210 2438 ἐτι
237 2411 368 2438 τελοῦσαν
392 2411 623 2448 ὁλοκαυτώματα,
653 2414 699 2440 καὶ
724 2414 756 2440 ἐκ
780 2414 879 2449 πολλῆς

83 2457 152 2491 ἄγαν
176 2457 334 2492 ἀγερωχίας
357 2458 499 2492 μονονουχὶ
523 2459 569 2484 καὶ
591 2459 804 2494 ἀπογυμνοῦσαν
823 2462 878 2492 τοῖς

84 2502 159 2534 ἰδίοις
175 2503 306 2537 ἐρασταῖς
322 2502 385 2534 τοὺς
397 2502 526 2537 μαστούς.
549 2503 753 2539 Ἐφησοήσομαι
766 2503 794 2530 δὲ
812 2503 879 2538 μᾶλ-

83 2549 128 2575 λον
144 2548 264 2584 ἀλυούσῃ
279 2557 320 2580 τε,
339 2549 387 2575 καὶ
398 2548 652 2584 ταλαιπωρουμένῃ,
672 2549 718 2575 καὶ
730 2550 880 2584 ἀνήκεστον

86 2592 182 2628 ἐχούσῃ
196 2593 352 2628 συμφορὰν,
378 2593 407 2619 ὲν
428 2594 462 2628 γῇ
486 2593 535 2620 οὐκ
562 2593 624 2629 ἰδίᾳ,
642 2595 687 2621 καὶ
704 2595 756 2621 ὑπὸ
785 2595 880 2627 δεινοῖς

87 2639 131 2665 le.
145 2641 254 2674 πικροῖς
265 2648 366 2674 γεγενη
372 2639 439 2675 μένῃ
450 2640 603 2671 δεσπόταις.
613 2639 730 2667 Ἐποίσω
745 2641 773 2667 δὲ
784 2641 880 2674 ταῦτα,

87 2686 133 2720 τῆς
146 2687 213 2722 ἐμῆς
225 2686 392 2722 ἐπικουρίας
404 2686 606 2721 ἀπογυμνώσας
620 2686 714 2722 αὐτὴν,
732 2687 778 2714 καὶ
797 2687 881 2722 ἀσχή-

89 2739 152 2766 inv-1
169 2731 390 2763 καταλελοιπὼς,
404 2731 441 2763 ὡς
453 2732 482 2759 ὲν
498 2729 538 2764 οἷς
555 2730 589 2768 ἦν
604 2733 633 2758 ὲν
651 2733 747 2768 ἀρχαῖς
766 2733 881 2768 ὁρᾶσθαι

89 2779 282 2815 γεγενημένην,
318 2779 366 2805 ὅτε
397 2777 443 2804 τὸν
465 2780 514 2812 τῆς
541 2778 699 2812 Αἰγυπτίων
726 2779 881 2812 πλεονεξίας

87 2825 270 2863 ἀχθοφοροῦσα
291 2825 498 2862 ζυγὸν,-γυμνὴ
523 2825 636 2852 διετέλει
658 2825 708 2862 τῆς
729 2826 793 2862 παρ’
814 2826 880 2862 ἐμοῦ

115 2919 132 2935 ¹¹
149 2917 204 2947 Jcr.
229 2925 268 2951 vr,
290 2915 319 2944 8.
366 2915 388 2930 ”
406 2914 474 2943 Psal.
497 2923 574 2949 uxr,
594 2915 620 2943 9.

934 2275 1017 2302 multa
1034 2275 1159 2308 superbia
1182 2279 1286 2301 tantum
1305 2282 1356 2302 non
1378 2274 1460 2301 etiam
1479 2274 1646 2300 amaloribus
1664 2271 1719 2299 suis

934 2321 1016 2348 ubera
1038 2322 1191 2348 nudantem.
1210 2320 1334 2347 Ltetabor
1356 2320 1445 2354 potius
1465 2327 1546 2354 super
1568 2323 1674 2351 incesta,
1693 2322 1719 2345 et

934 2367 1041 2401 afﬂicta,
1054 2373 1080 2395 et
1091 2367 1217 2395 :ernmnis
1231 2367 1414 2394 circumventa
1428 2365 1595 2400 gravissimis
1608 2365 1633 2391 in
1647 2370 1718 2391 terra

933 2423 985 2441 nun
1002 2422 1059 2446 sua,
1071 2414 1260 2448 feracibnsqne
1276 2417 1303 2440 et
1318 2412 1424 2439 acerbis
1440 2412 1557 2438 dominis
1573 2412 1716 2438 servicntt‘.

932 2461 986 2496 34
1004 2460 1119 2488 Inferam
1144 2465 1232 2487 autent
1254 2459 1311 2487 inec
1330 2459 1441 2493 privatae
1463 2457 1571 2484 auxiliis
1594 2457 1672 2486 meis,
1693 2461 1716 2484 tl

934 2507 1034 2533 relicta:
1048 2506 1073 2532 in
1094 2506 1271 2539 turpitudine,
1289 2510 1318 2532 ut
1337 2505 1426 2531 videre
1446 2504 1525 2530 liceat
1542 2503 1715 2530 constitutam

934 2553 959 2578 in
977 2553 1026 2584 iis,
1052 2552 1076 2578 itt
1100 2552 1198 2585 quibus
1222 2551 1272 2578 fuit
1287 2559 1301 2578 a
1319 2550 1468 2586 principio,
1494 2548 1601 2584 quando
1626 2548 1714 2582 jngmt

933 2597 1067 2632 (Egyptia:
1084 2597 1236 2632 tyrannidis
1253 2603 1376 2631 portans,
1395 2597 1481 2632 gratia
1501 2602 1570 2627 mea,
1591 2600 1618 2620 et
1651 2593 1718 2619 dile-

933 2645 1033 2676 ctione,
1053 2649 1080 2670 et
1095 2643 1173 2677 legali
1192 2643 1324 2677 sapientia
1341 2643 1468 2670 destituta
1484 2639 1720 2674 manebat.ltaque

936 2693 1008 2717 velut
1025 2693 1098 2717 retro
1117 2696 1238 2723 regressa
1255 2688 1410 2723 Synagoga,
1428 2695 1535 2715 rursum
1552 2687 1602 2713 fuit
1617 2687 1642 2713 in
1659 2686 1720 2721 qui-

935 2737 985 2764 bus
1002 2737 1100 2768 fnerat,
1114 2735 1193 2763 medii
1210 2734 1338 2768 temporis
1350 2734 1452 2761 honore
1466 2737 1493 2760 et
1506 2733 1592 2768 gloria
1608 2737 1718 2767 propter

935 2790 1012 2809 suatn
1029 2781 1171 2809 stultitiam
1196 2779 1319 2807 multata.
1335 2777 1392 2805 Iloc
1414 2785 1463 2805 nos
1478 2782 1505 2804 et
1523 2777 1579 2811 ipse
1596 2776 1720 2803 Salvator

935 2827 1061 2861 docebat,
1077 2835 1138 2856 cum
1162 2826 1287 2854 diceret:
1303 2834 1313 2851 ι
1333 2824 1402 2852 Cum
1429 2823 1583 2852 immundus
1609 2821 1720 2858 spiritus
