1913 3042
194 181 230 213 65
705 183 734 213 S.
752 184 890 213 CYRILLI
913 185 1148 213 ALEXANDIIINI
1169 185 1331 214 AIICIIIEP.
1783 184 1816 213 64

194 241 296 270 exierit
309 241 344 270 ab
356 241 474 275 homine,
485 241 604 268 ambulat
617 248 664 276 per
681 242 738 270 loca
754 243 893 278 inaquosn,
905 250 979 278 qum—

1038 242 1140 278 ίάριτός
1155 251 1184 268 τε
1213 243 1260 269 καὶ
1277 243 1397 277 ἀγάπης,
1411 241 1457 269 καὶ
1466 241 1561 277 σοφίας
1575 242 1701 278 νομικῆς.
1715 242 1820 269 Οὐκοῦν

194 293 258 321 rens
271 287 402 321 requiem,
418 290 446 313 et
462 294 514 313 non
531 286 642 314 invenit.
660 286 735 314 Tunc
747 288 812 315 dicit
828 297 835 315 :
851 287 981 315 Revertar

194 332 222 360 in
244 333 351 359 domttm
377 338 479 364 meam,
498 332 568 359 unde
590 333 675 365 exivi;
698 338 725 360 et
742 333 852 360 veniens
879 333 982 360 invenit

194 381 344 407 vacantem,
357 376 446 409 scopis
460 377 616 403 mutttlatam
631 382 658 403 et
673 382 809 404 ornatam.
824 377 900 404 Tune
912 377 979 408 abit,

194 428 222 449 et
241 421 355 449 assumit
377 426 480 455 septem
504 421 571 449 alios
593 422 703 456 spiritus
727 423 872 457 nequiores
890 430 935 455 se.
953 427 982 450 et

195 468 310 503 ingressi
332 467 455 495 habitant
475 467 529 500 ibi,
551 472 577 494 et
598 467 666 495 ﬁunt
690 469 836 495 novissima
863 468 980 496 hominis

194 511 266 539 illius
292 511 383 546 pejora
406 512 552 547 prioribus.
579 512 624 539 Sic
648 512 699 538 erit
724 513 891 546 generationi
918 513 980 539 huic

194 558 318 592 pessimae
331 558 381 585 η.»
395 558 489 585 Adhuc
498 558 569 585 enim
586 558 611 584 in
625 557 742 593 Aigypto
753 558 979 585 commorantiltus

192 603 322 631 Israelitis
334 603 446 638 spiritus
457 611 571 638 nequam
588 604 614 630 in
632 604 708 638 ipsis,
728 604 914 630 utidololatris
933 604 979 630 Ita-

195 650 307 677 bilahat.
330 649 384 678 Sed
400 649 502 684 eiectus
521 654 562 677 est
577 654 687 684 postea;
704 657 752 684 per
775 649 884 685 Moysen
907 651 977 676 enim

193 696 226 722 ad
244 695 423 730 cognitionem
447 696 494 723 Dei
519 695 606 723 vocati
628 701 701 722 sunt.
726 694 871 729 Postquam
888 701 978 722 autem

193 741 338 769 Dominum
363 741 536 772 occiderunt.
563 745 590 767 et
614 741 687 767 mille
710 748 739 768 se
762 740 908 768 sceleribus
931 741 979 767 ob-

194 786 373 819 strinxerunt,
387 786 459 814 facta
474 790 537 813 sunt
552 786 603 813 illis
616 785 761 814 novissima
776 786 866 820 pejora
879 786 977 821 priori-

193 831 256 864 bus,
271 838 324 858 tton
340 838 395 858 uno
415 835 531 864 tantum,
553 831 600 858 sed
622 837 703 865 grege
722 829 877 857 daemonum
906 831 978 864 ipsos

196 876 376 904 inhabitante.
393 875 489 903 Anima
505 876 577 902 enirn
592 883 652 902 cutn
668 874 788 902 caelestis
804 876 898 910 gratia:
918 883 977 903 tnu-

193 922 342 949 rtitnentnm
362 921 504 957 abjecerit,
520 920 649 948 facillime
667 928 681 947 a
697 921 796 948 Satana
810 921 940 954 capietur.

1031 287 1071 318 εἰς
1089 287 1271 322 ὑποστροφὴν,
1291 287 1338 313 καὶ
1350 287 1446 314 ἀνόπιν
1465 287 1559 322 ὥσπερ
1574 286 1661 320 ίοῦσα,
1686 287 1766 314 πάλιν
1791 288 1821 314 ὲν

1031 329 1071 364 οἷς
1085 330 1119 367 ἦν
1135 333 1245 366 γέγονεν
1274 333 1290 366 ὴ
1308 332 1466 368 Συναγωγὴ,
1489 333 1538 368 τὴν
1561 331 1663 368 μεταξὺ
1685 333 1769 368 τιμήν
1789 340 1822 359 τε

1031 379 1078 405 καὶ
1091 378 1169 410 δόξαν
1185 379 1214 411 ἐξ
1230 379 1348 414 ἀμαθίας
1365 378 1545 414 ζημιουμένη.
1568 378 1652 405 Τοῦτο
1678 379 1725 406 καὶ
1740 378 1822 409 αὺτδς

1031 425 1104 459 ἡμᾶς
1135 424 1273 451 ἐδίδασκεν
1302 424 1316 450 ὁ
1339 425 1444 459 Σωτὴρ,
1461 424 1564 459 λέγων·
1600 425 1709 451 ιὌταν
1734 425 1762 452 δὲ
1791 424 1824 451 τὸ

1031 469 1185 504 ἀκάθαρτον
1202 469 1310 505 πνεῦμα
1326 469 1421 506 ἐξέλθῃ
1435 470 1489 497 ἀπὺ
1504 469 1551 497 τοῦ
1570 469 1727 505 ἀνθρώπου,
1745 470 1822 504 διέρ-

1031 523 1106 550 χεται
1119 515 1153 541 δι’
1168 515 1290 550 ἀνύδρων
1305 515 1405 547 τόπων,
1418 515 1516 551 ζητοῦν
1533 515 1695 546 ἀνάπαυσιν,
1707 516 1754 542 καὶ
1771 516 1823 550 οὐχ

1030 559 1162 594 εὑρίσκει.
1179 560 1245 586 Τότε
1263 559 1348 594 λέγει.
1368 560 1541 595 Ἐπιστρέψω
1553 561 1592 592 εἰς
1608 561 1654 587 τὸν
1674 557 1750 587 οἶκόν
1769 568 1824 595 μου

1030 604 1089 631 ὅθεν
1100 604 1221 639 ἐξῆλθον·
1244 606 1291 632 καὶ
1306 606 1382 632 ὲλθὺν
1397 606 1519 642 εὑρίσκει
1537 606 1712 642 σχολάζοντα,
1736 615 1822 633 σεσα-

1031 651 1161 685 ρωμένον,
1186 651 1233 678 καὶ
1260 653 1475 688 κεκοσμημένον.
1503 652 1570 679 Τότε
1593 652 1750 688 πορεύεται,
1776 652 1825 679 καὶ

1029 696 1239 731 παραλαμϐάνει
1270 698 1340 724 ἑπτὰ
1368 698 1449 734 ἕτερα
1482 698 1626 732 πνεύματα
1652 698 1825 734 πονηρότερα

1030 741 1138 772 ἑαυτοῦ,
1154 742 1200 768 καὶ
1216 742 1370 770 εἰσελθόντα
1381 745 1505 770 κατοικεῖ
1520 744 1578 770 ἐκεῖ
1588 752 1596 760 ο
1612 744 1660 770 καὶ
1674 743 1826 778 γίνεταιτά

1029 787 1130 822 ἔσχατα
1145 787 1192 814 τοῦ
1209 788 1352 824 ἀνθρώπου
1367 788 1471 816 ἐκείνου
1487 789 1596 824 χείρονα
1620 788 1674 815 τῶν
1695 788 1825 824 πρώτων.

1031 832 1124 864 Οὕτως
1139 833 1216 860 ἔσται
1228 834 1349 869 τῇγενεᾷ
1364 833 1450 870 ταύτῃ
1465 835 1497 869 τῇ
1517 835 1634 869 πονηρᾷ.
1652 843 1661 860 ι
1692 834 1753 860 Ἔτι
1773 833 1826 868 μὲν

1029 877 1083 912 γὰρ
1097 878 1125 904 ὲν
1142 878 1272 914 Αἰγύπτῳ
1296 878 1464 914 διατρίϐουσι
1484 879 1542 910 τοῖς
1572 877 1602 910 ἐξ
1632 877 1751 913 Ἰσραὴλ,
1779 878 1826 904 ἐν·

992 921 1013 948 Β
1027 923 1136 959 ᾤκησεν
1153 925 1190 957 ὼς
1204 925 1411 962 εἰδωλολάτραις
1428 925 1458 952 τὸ
1473 925 1617 961 πνεῦμα-ιδ
1624 925 1752 960 πονηρὸν,
1765 923 1825 951 ἀλλ’

193 968 354 1004 ὲκὸέὸληται
376 967 494 1004 μεταξύ¹
520 967 666 1002 κέκληνται
687 967 741 1003 γὰρ
763 967 804 999 εἰς
831 967 997 1002 Θεογνωσίαν
1017 969 1060 997 διὰ
1091 971 1223 1002 Μωσέως.
1244 972 1353 1007 Ἐπειδὴ
1373 971 1400 998 δὲ
1422 971 1551 1006 γεγόνασι
1571 971 1752 1007 κυριοκτόνοι,
1776 965 1827 996 καὶ

194 1014 300 1049 μυρίοις
315 1014 484 1049 ἐγκλήμασιν
494 1013 591 1050 ἔνοχοι,
602 1013 714 1048 γέγονεν
726 1014 818 1045 αὐτοῖς
829 1014 863 1040 τὰ
896 1014 997 1050 ἔσχατα
1018 1016 1127 1052 χείρονα
1147 1019 1201 1045 τῶν
1226 1018 1353 1054 πρώτων,
1373 1019 1520 1054 δαιμονίων
1556 1018 1667 1054 ἀγέλης,
1693 1018 1741 1052 οὐχ
1765 1016 1827 1046 ὲνὺς

193 1060 231 1086 ἑτι
251 1060 529 1096 μόνου,κατοικούσης
542 1062 571 1088 ὲν
588 1061 689 1093 αὐτοῖς.
723 1061 779 1097 Τῆς
801 1061 855 1097 γὰρ
873 1062 999 1097 οὐρανίου
1037 1065 1146 1101 χάριτος
1167 1067 1217 1102 τὴν
1238 1066 1400 1102 περιστολὴν
1426 1065 1601 1093 ἀποϐαλοῦσα
1624 1064 1709 1100 ψυχὴ,
1735 1063 1826 1097 πάντη

191 1114 221 1132 τε
238 1106 285 1133 καὶ
300 1107 406 1138 πάντως
420 1107 554 1142 εὐάλωτος
572 1107 648 1134 ἔσται
659 1107 697 1142 τῷ
713 1107 829 1142 Σατανᾷ.

229 1153 310 1182 Vens.
326 1155 353 1182 Δ.
368 1154 401 1181 Ει
426 1163 521 1189 ponam
535 1163 593 1182 eam
612 1155 639 1181 in
651 1155 794 1187 desertum,
818 1160 842 1182 et
867 1161 982 1182 statuam

192 1209 248 1228 eam
259 1202 325 1227 sicut
343 1206 440 1228 terram
452 1202 508 1228 sine
518 1209 598 1236 aqua,
611 1206 635 1228 et
653 1202 772 1228 occidam
796 1202 870 1228 illam
883 1203 910 1229 in
928 1204 983 1235 siti;

194 1252 216 1272 et
234 1247 349 1279 ﬁliorum
364 1246 420 1281 ejus
434 1254 485 1273 non
497 1247 647 1280 miserebor,
661 1248 721 1281 quia
739 1247 790 1282 ﬁlii
802 1247 985 1281 fornicationis

194 1297 272 1323 sunt;
285 1291 347 1326 quia
361 1291 491 1324 fornicata
511 1297 549 1319 est
571 1297 655 1320 mater
666 1293 792 1327 ipsorum,
804 1300 826 1320 et
836 1293 979 1322 dedecora-

194 1337 229 1363 vit
240 1345 283 1363 eo:
298 1344 357 1371 qua
368 1338 465 1371 peperit
478 1345 532 1365 eos.

229 1381 296 1408 XIII.
326 1382 449 1410 Sterilem
476 1382 534 1410 fore
559 1383 597 1410 ait
620 1383 831 1417 furnicatricem,
863 1384 977 1416 aridam,

195 1428 286 1462 spinas
301 1429 461 1462 parientem,
477 1429 644 1457 siticulosam
658 1435 685 1457 et
703 1430 874 1465 inaquosam,
907 1431 978 1458 haud

197 1473 324 1506 terrenis,
341 1474 434 1507 credo.
455 1476 531 1510 aquis
542 1475 695 1510 spoliatam,
715 1476 762 1504 sed
784 1483 898 1511 superna
922 1484 979 1504 co:-

1067 1157 1119 1183 Kal
1132 1157 1262 1191 θήσομαι
1277 1156 1375 1191 αὐτὴν
1387 1156 1430 1189 είς
1440 1155 1562 1190 ἔρημον,
1576 1154 1625 1182 καὶ
1637 1154 1716 1185 τάξω
1727 1154 1828 1188 αὐτὴν

1031 1202 1071 1236 ὡς
1083 1201 1140 1236 γῆν
1154 1203 1297 1237 ἄνυδρον,
1322 1203 1371 1229 καί
1384 1200 1541 1229 ἀποκτενώ
1557 1200 1655 1234 αὐτὴν
1674 1200 1709 1227 ἐν
1730 1201 1824 1234 δίψει,

1033 1249 1081 1275 καὶ
1104 1249 1139 1275 τὰ
1162 1249 1252 1276 τέκνα
1274 1248 1370 1282 αὐτῆς
1395 1249 1431 1275 οὺ
1450 1247 1492 1282 μὴ
1512 1247 1640 1280 ὲλεήσω,
1668 1246 1713 1273 ὅτι
1734 1246 1827 1273 τέκνα

1034 1295 1175 1328 πορνείας
1214 1294 1315 1321 ἐστίν’
1353 1293 1398 1320 ὅτι
1427 1293 1650 1326 ἐξεπόρνευσεν
1676 1292 1696 1325 ἡ
1725 1291 1827 1326 μήτηρ

1033 1340 1142 1372 αὐτῶν,
1161 1341 1210 1367 καὶ
1227 1340 1423 1374 κατῄσχυνεν
1437 1339 1456 1373 ἡ
1472 1338 1603 1365 τεκοῦσα
1614 1337 1699 1365 αὐτά.

1069 1385 1117 1412 Il".
1135 1385 1276 1421 Ἀκαρπον
1300 1384 1410 1412 ἔσεσθαί
1432 1392 1498 1418 φησι
1517 1383 1566 1420 τὴν
1588 1383 1826 1418 πεπορνευμένην,

1033 1431 1118 1467 ξηρὰν
1150 1432 1197 1458 καὶ
1218 1430 1418 1463 ἀκανθοτόκον,
1439 1430 1537 1465 διψάδα
1564 1430 1611 1456 καὶ
1632 1429 1758 1464 ἄνυδρον,
1778 1429 1829 1463 οὐχ

1034 1476 1139 1503 ὑδάτων
1166 1476 1236 1511 τάχα
1267 1485 1318 1502 που
1345 1475 1398 1502 τῶν
1416 1476 1517 1511 γηΐνων
1541 1475 1737 1510 ἐστερημένην,
1759 1474 1829 1501 ἀλλὰ

197 1519 312 1555 Iestique
342 1521 517 1556 pinguedine,
531 1521 583 1550 hoc
596 1526 647 1556 est,
665 1523 820 1557 erogatione
847 1523 979 1550 donorum

1038 1522 1082 1557 τῆς
1099 1523 1201 1550 ἄνωθεν
1225 1523 1255 1555 ἐξ
1269 1522 1385 1558 οὐρανοῦ
1401 1523 1540 1558 πιότητος,
1555 1521 1690 1553 τουτέστι,
1706 1521 1756 1556 τῆς
1783 1520 1829 1547 διὰ

196 1573 244 1600 per
261 1566 403 1600 Spiritum,
426 1575 485 1602 quae
497 1567 523 1594 in
538 1567 687 1602 quamlibet
703 1567 819 1595 animam
831 1569 979 1603 sapientettt

196 1620 229 1640 ac
255 1613 351 1640 bonam
378 1613 491 1641 confert.
514 1613 606 1641 Psallit
626 1613 698 1641 enim
723 1614 838 1649 quodam
864 1614 922 1641 loco
948 1615 980 1642 ad

161 1674 164 1677 -
197 1658 339 1685 Dominum
351 1659 445 1687 beatus
459 1658 553 1693 David,
564 1664 591 1687 et
611 1660 647 1686 ait
663 1669 668 1686 :
689 1669 698 1685 ι
711 1659 770 1687 Filii
787 1667 877 1687 autem
897 1660 980 1688 homi-

198 1712 260 1731 num
277 1705 302 1731 in
316 1705 432 1739 tegmine
451 1705 552 1732 alarum
566 1710 671 1733 tuarqu
687 1706 845 1740 sperabunt.
862 1707 982 1734 Inebria-

198 1750 339 1778 buntttrab
352 1750 473 1778 ubertate
493 1751 588 1778 domus
615 1755 675 1784 tute,
703 1756 730 1779 et
761 1757 878 1780 torrente
904 1753 980 1780 volu-

197 1797 281 1831 ptatis
300 1801 352 1823 tua:
364 1797 468 1831 potabis
491 1805 548 1830 eos,
563 1797 692 1832 quoniam
712 1799 782 1832 apud
801 1803 826 1826 te
851 1804 893 1825 est
921 1799 981 1827 fons

198 1841 259 1869 vitae
269 1842 300 1868 “.
312 1851 321 1867 ι
338 1841 411 1869 Adeo
421 1847 510 1870 autem
523 1843 687 1875 veneranda,
698 1847 725 1870 et
739 1843 811 1879 larga
827 1846 983 1879 erogatione

198 1887 270 1922 digni
289 1888 391 1916 censeri
408 1888 505 1915 debent
517 1888 637 1922 germani
654 1888 711 1921 ﬁlii,
725 1889 771 1924 qui
792 1897 854 1916 cunt
868 1890 981 1925 integri-

198 1937 253 1960 tate
271 1933 403 1966 vixerunl,
420 1933 571 1968 divinaeque
590 1934 715 1961 charitati
732 1934 798 1961 nihil
827 1943 982 1970 pr:eposue-

198 1984 271 2006 runt.
288 1978 474 2007 Fornicariam
498 1984 587 2007 autem
602 1979 756 2014 inaquosam
772 1980 880 2013 factum,
901 1987 928 2008 et
955 1982 982 2009 in

197 2024 241 2051 siti
255 2023 308 2059 35
322 2024 480 2051 morituram
496 2023 619 2051 atﬁrmat.
639 2024 728 2059 Atque
753 2025 814 2058 hoc,
840 2026 866 2053 ni
893 2025 981 2058 fallor,

197 2074 248 2104 est,
263 2070 332 2104 quod
346 2078 393 2105 per
406 2069 473 2097 alios
487 2070 632 2104 prophetas
650 2070 683 2098 de
700 2071 756 2105 ipsa
775 2071 886 2099 dicitur.
915 2071 982 2105 Qui-

197 2117 260 2144 dam
271 2117 343 2144 enittt
358 2117 415 2144 sic:
430 2126 439 2143 ι
452 2116 521 2144 Ecce
551 2116 609 2144 dies
625 2117 743 2150 venient,
761 2117 825 2145 dicit
843 2118 982 2152 Dominus,

197 2167 225 2189 et
236 2163 357 2190 emittam
369 2161 468 2190 famem
478 2169 558 2197 super
574 2167 683 2196 terram,
709 2170 762 2190 non
777 2162 874 2190 fantem
893 2164 981 2198 panis,

198 2216 285 2243 neque
299 2208 371 2235 sitim
384 2216 461 2243 aqua»
472 2228 479 2240 ,
497 2209 542 2236 sed
555 2207 653 2236 famem
666 2209 791 2236 audiendi
806 2209 916 2236 verbum
930 2209 981 2236 Do-

198 2253 274 2280 mini.
295 2253 326 2280 Et
342 2253 375 2280 ab
386 2253 488 2280 oriente
501 2260 585 2287 ttsque
595 2253 628 2280 ad
641 2253 807 2281 occidentem
819 2254 981 2280 circumcur-

198 2298 463 2332 sabunt,qu:ercntes
475 2298 586 2326 verbum
600 2298 717 2331 Domini,
736 2304 824 2326 etnon
842 2298 982 2325 invenient

200 2345 231 2372 ’⁵.
246 2353 255 2370 ν
274 2344 307 2371 Et
316 2343 458 2377 Jeremias,
471 2343 548 2379 quasi
562 2351 594 2371 ex
608 2351 724 2378 persona
754 2343 802 2370 Dei
819 2352 826 2370 :
858 2353 867 2369 t
886 2343 982 2371 Dolore

198 2394 225 2416 et
233 2388 338 2421 ﬂagello
349 2389 657 2422 crudieris,.lerusalem,
667 2396 700 2416 tte
711 2388 817 2416 recedat
825 2389 912 2416 anima
923 2396 980 2416 mea

199 2441 213 2459 a
230 2438 265 2464 te,
279 2441 312 2460 ne
324 2433 418 2461 faciam
441 2439 466 2461 te
479 2440 578 2460 terram
593 2433 704 2464 inviam,
720 2440 779 2467 quae
797 2441 848 2459 non
878 2433 982 2460 habita-

199 2479 271 2507 bitur
289 2479 320 2506 ".
335 2489 344 2505 ›
359 2479 508 2514 Unicuique
521 2479 592 2507 enim
610 2484 742 2510 nostrunt,
759 2484 787 2505 ut
801 2479 978 2509 tlixi.seruto-

199 2533 246 2553 nes
264 2533 312 2561 per
326 2526 455 2560 Spiritum
467 2526 587 2552 itntuittit
600 2524 680 2556 Deus,
696 2525 741 2559 qui
772 2530 883 2559 possunt
911 2525 983 2552 alere

197 2572 302 2600 animos
317 2573 350 2599 ad
365 2572 447 2599 vitam
469 2577 610 2603 aeternam,
644 2575 692 2598 aut
721 2571 805 2598 etiam
823 2579 871 2606 per
902 2579 983 2600 voces

198 2623 353 2647 sanctorum
367 2618 464 2653 sepius
478 2616 650 2652 pinguefacit.
661 2617 727 2644 Cum
740 2617 885 2645 fortticaria
901 2617 984 2653 igitur
1003 2628 1006 2630 ·

197 2669 284 2692 tnalre
299 2664 368 2692 ﬁlios
384 2671 436 2690 una
451 2664 510 2691 sine
539 2663 725 2691 misericordia
749 2664 884 2698 perituros
907 2664 982 2691 dicit.

197 2710 282 2743 Quam
292 2710 326 2737 ob
339 2716 448 2736 causam
462 2709 474 2736 ?
486 2709 552 2742 Quia
574 2709 619 2736 ﬁlii
635 2709 820 2737 fornicationis
842 2714 914 2737 sunt.
932 2710 986 2737 Nec

197 2762 264 2781 sane
278 2754 392 2781 dicimus
409 2754 521 2782 materni
555 2754 658 2789 peccati
687 2761 767 2781 reum.
799 2761 859 2781 esse
888 2753 983 2781 ﬁlium.

197 2799 324 2828 Occurrit
339 2799 409 2827 enim
422 2800 509 2834 nobis,
523 2801 594 2835 quod
610 2800 710 2828 alicubi
730 2805 820 2828 exstat
835 2800 904 2834 apud
921 2800 987 2827 Ele-

238 2887 261 2904 "
275 2887 368 2916 Matth.
381 2897 428 2923 itu,
450 2890 548 2917 45-535.
589 2891 610 2905 "'
625 2890 692 2917 l'sal.
711 2898 790 2922 xuv,
816 2890 886 2916 8-10.

1033 1568 1080 1595 τοῦ
1095 1567 1249 1602 Πνεύματος
1271 1567 1413 1603 χορηγίας.
1437 1567 1470 1603 ἢν
1496 1567 1598 1602 ἑκάστῃ
1632 1567 1700 1601 σοφῇ
1727 1574 1758 1592 τε
1782 1566 1830 1592 καὶ

1034 1613 1123 1649 ἀγαθῇ
1145 1613 1267 1648 διανέμει
1291 1613 1374 1649 ψυχῇ.
1395 1613 1498 1640 Ψάλλει
1515 1613 1568 1648 γάρ
1594 1621 1647 1639 που
1665 1612 1734 1648 πρὸς
1751 1611 1829 1645 Θεὸν,

1034 1659 1080 1686 καί
1096 1667 1176 1694 φησιν
1193 1661 1207 1686 ὁ
1225 1659 1359 1695 μακάριος
1372 1659 1464 1686 Δαδίδ·
1484 1669 1493 1684 ι
1503 1660 1535 1686 Οἱ
1549 1659 1577 1686 δὲ
1589 1659 1642 1685 υἱοὶ
1655 1658 1709 1684 τῶν
1724 1657 1828 1694 ἀνθρώ-

1035 1713 1094 1730 πων
1106 1705 1133 1730 ὲν
1151 1703 1239 1740 σκέπῃ
1252 1705 1306 1731 τῶν
1319 1704 1461 1739 πτερύγων
1478 1712 1524 1730 σου
1536 1703 1669 1731 ὲλπιοῦσι,
1686 1702 1830 1737 Μεθυσθή-

1036 1758 1127 1777 σονται
1141 1751 1195 1777 ἀπὸ
1211 1751 1337 1786 πιότητος
1357 1751 1433 1777 οἴκου
1451 1759 1509 1777 σου.
1533 1750 1589 1777 Καὶ
1603 1749 1647 1776 τὸν
1660 1749 1831 1784 χειμάρρουν

1034 1797 1084 1832 τῆς
1104 1796 1210 1832 τρυφῆς
1225 1805 1272 1823 σου
1288 1797 1390 1827 ποτιεϊς
1406 1796 1515 1828 αὐτοὺς,
1536 1796 1576 1822 ὅτι
1598 1795 1675 1831 παρὰ
1695 1795 1737 1821 σοὶ
1754 1794 1830 1830 πηγὴ

1035 1841 1119 1877 ζωῆς.
1134 1851 1142 1867 ι
1162 1842 1249 1875 Ἀξιοι
1276 1842 1303 1869 δὲ
1331 1841 1382 1877 τῆς
1402 1841 1474 1868 οὕτω
1497 1841 1599 1876 σεπτῆς
1636 1841 1683 1868 κα)⁵
1708 1840 1830 1875 ἀμφιλα-

1036 1887 1103 1921 φοῦς
1119 1887 1250 1923 χορηγίας
1273 1885 1328 1914 εἶεν
1349 1888 1382 1914 ἂν
1407 1887 1432 1914 οἱ
1448 1888 1570 1922 γνήσιοι,
1598 1887 1645 1914 καὶ
1667 1885 1831 1921 βεϐιωκότες

1035 1934 1132 1969 ὀρθῶς,
1153 1934 1200 1961 καὶ
1218 1934 1329 1969 ἀγάπης
1351 1934 1401 1968 τῆς
1425 1934 1464 1964 εις
1484 1933 1550 1959 Θεὸν
1574 1931 1721 1968 προθέντες
1741 1931 1829 1958 οὐδέν.

1036 1979 1092 2016 Τὴν
1106 1980 1134 2007 δέ
1150 1989 1181 2014 γε
1204 1980 1427 2015 πεπορνευμένην
1449 1979 1562 2014 ἄνυδρον
1581 1978 1756 2013 γεγενῆσθαι,
1784 1978 1832 2004 καὶ

1038 2025 1091 2061 μὴν
1102 2026 1150 2052 καὶ
1167 2026 1196 2052 ὲν
1209 2025 1273 2061 δίψῃ
1284 2025 1460 2061 τεθνήξεσθαι
1472 2025 1546 2059 λέγει
1556 2033 1562 2039 ·
1577 2024 1625 2051 καὶ
1636 2024 1726 2056 τοῦτο,
1741 2020 1830 2059 οἶμαι,

1036 2072 1095 2098 ἐστὶ
1117 2073 1148 2098 τὸ
1172 2071 1216 2098 διὰ
1240 2071 1333 2106 φωνῆς
1359 2072 1461 2107 ἐτέρων
1486 2071 1634 2107 προφητῶν
1656 2072 1720 2107 περί¹
1743 2072 1832 2106 αὐτῆς

1036 2117 1189 2153 εἰρημένον.
1226 2116 1255 2144 Ὁ
1283 2118 1333 2153 μὲν
1362 2117 1416 2153 γὰρ
1447 2117 1577 2151 ἔφασκεν,
1607 2117 1698 2143 «Ἰδοὺ
1727 2117 1831 2152 ἡμέραι

1037 2162 1172 2198 ἔρχονται,
1190 2163 1264 2197 λέγει
1281 2163 1395 2198 Κύριος,
1416 2163 1464 2190 καὶ
1482 2162 1656 2196 ἐξαποστελῶ
1679 2162 1758 2195 λιμὸν
1782 2163 1832 2188 ἐπὶ

997 2199 1019 2227 D
1032 2207 1083 2243 τὴν
1099 2208 1167 2242 γῆν·
1190 2207 1220 2234 οὐ
1239 2207 1318 2242 λιμὸν
1339 2207 1432 2242 ἄρτου,
1452 2206 1512 2234 οὐδὲ
1527 2206 1607 2241 δίψαν
1622 2205 1738 2238 ὓδατος,
1762 2204 1833 2231 ἀλλὰ

1030 2253 1110 2289 λιμδν
1123 2253 1170 2280 τοῦ
1187 2253 1304 2280 ἀκοῦσαι
1319 2253 1397 2287 λόγον
1411 2253 1514 2289 Κυρίου
1524 2262 1531 2268 ·
1553 2253 1601 2279 καὶ
1621 2252 1674 2279 ἀπὸ
1688 2250 1830 2278 ἀνατολῶν

1031 2296 1083 2328 ἓως
1110 2297 1220 2332 δυσμῶν
1245 2297 1486 2333 περιδραμοῦνται,
1509 2297 1655 2332 ζητοῦντες
1679 2296 1723 2323 τὸν
1749 2296 1832 2330 λόγον

1030 2343 1143 2378 Κυρίου,
1162 2344 1208 2370 καὶ
1222 2343 1252 2370 οὐ
1268 2344 1306 2378 μὴ
1322 2343 1448 2379 εὕρωσιν.
1464 2353 1474 2370 ι
1502 2343 1636 2378 Ἱερεμίας
1653 2342 1682 2368 δὲ
1697 2341 1780 2368 πάλιν
1792 2342 1831 2374 ὠς

1035 2390 1067 2416 ἐκ
1081 2389 1226 2425 προσώπου
1239 2389 1286 2416 τοῦ
1301 2389 1380 2416 Θεοῦ·
1405 2399 1414 2416 ι
1428 2389 1505 2425 Πόνῳ
1519 2389 1565 2416 καὶ
1582 2388 1694 2424 μάστιγι
1717 2388 1833 2415 παιδευ-

1035 2435 1114 2471 Οήσῃ,
1135 2435 1364 2474 Ίερουσαλὴμιμὴ
1380 2436 1485 2471 ἀποστῇ
1501 2436 1517 2471 ή
1537 2435 1610 2470 ψυχή
1632 2443 1682 2469 μου
1699 2434 1755 2461 ἀπὸ
1773 2434 1832 2466 σοῦ,

1038 2481 1075 2516 μὴ
1090 2483 1195 2516 ποιήσω
1210 2490 1239 2508 σε
1256 2481 1356 2508 ἄϐατον
1369 2482 1430 2517 γῆν,
1445 2481 1507 2516 ἥτις
1521 2481 1551 2508 οὺ
1564 2480 1806 2515 κατοικηθήσεται.
1822 2489 1831 2504 ι

1042 2527 1164 2562 Ἐκάστῳ
1185 2527 1239 2562 γὰρ
1255 2527 1345 2562 ἡμῶν,
1360 2527 1398 2559 ὡς
1414 2526 1493 2562 ἔφην,
1515 2526 1611 2561 λόγους
1632 2526 1673 2557 εἰς
1690 2525 1752 2551 νοῦν
1770 2525 1833 2556 τοὺ,

1036 2572 1079 2599 διὰ
1093 2572 1138 2599 τοῦ
1158 2573 1315 2608 Πνεύματος
1326 2573 1412 2606 ἐνίησι
1422 2572 1498 2605 Θεὸς,
1512 2571 1676 2607 ἀποτρέψειν
1691 2570 1834 2605 ἰσχύοντας

1033 2619 1073 2651 εἱς
1099 2619 1171 2654 ζωὴν
1194 2619 1313 2650 αἰώνιον,
1333 2619 1350 2654 ἢ
1376 2618 1423 2645 καὶ
1450 2618 1495 2644 διὰ
1521 2617 1613 2652 φωνῆς
1640 2616 1725 2651 ἁγίων
1749 2625 1834 2642 κατα-

1033 2664 1136 2691 πιαίνει
1146 2663 1286 2695 πολλάκις.
1304 2663 1504 2690 Συνδιολεϊσθαι
1519 2662 1553 2697 δὴ
1563 2660 1610 2689 οὖν
1624 2662 1657 2697 τῇ
1677 2669 1834 2696 πεπορνευ-

1036 2711 1106 2747 μένῃ
1124 2711 1207 2746 μητρὶ
1220 2710 1255 2737 τὰ
1271 2711 1355 2737 τέκνα
1371 2710 1426 2736 δεῖν
1445 2709 1509 2745 ἔφη,
1527 2709 1575 2736 καὶ
1591 2707 1743 2743 οἰκτιρμῶν
1760 2707 1832 2742 δίχα.

1036 2757 1085 2783 Διά
1097 2757 1177 2783 ποίαν
1185 2755 1289 2788 αὶτίαν;
1305 2756 1366 2782 Ὀτι
1377 2755 1460 2782 τέκνα
1472 2755 1601 2790 πορνείας
1615 2754 1679 2780 εἰσί.
1688 2754 1743 2781 Καὶ
1757 2754 1787 2780 οὐ
1801 2753 1833 2787 δή

1038 2802 1088 2829 πού
1102 2811 1192 2838 φαμεν
1205 2803 1246 2829 ὅτι
1262 2802 1311 2838 τῆς
1322 2802 1424 2838 μητρὸς
1437 2800 1674 2837 πλημμελήμασιν
1685 2799 1832 2827 ὑπόκειται

930 2891 949 2904 ³⁸
971 2891 1062 2916 Amos.
1079 2897 1135 2922 t'tu,
1154 2890 1194 2919 ll,
1212 2890 1243 2916 12
1281 2890 1302 2905 ’⁸
1318 2889 1373 2916 Jct‘.
1390 2897 1426 2922 νι,
1442 2889 1470 2915 8.
