1913 3042
101 133 132 161 55
561 133 837 163 conumnmus
859 133 890 160 IN

913 135 1025 161 USEMI
1051 135 1271 162 l‘llOi‘llETAM.
1696 136 1730 164 66

100 191 202 218 τέκνον·
225 189 362 225 βαδιεῖται
377 191 433 226 γὰρ
452 192 516 227 ἡμῖν
531 192 593 219 ὅποι
615 192 681 219 ποτε
700 192 730 219 τὸ
746 193 789 219 διὰ
804 194 894 228 φωνῆς

952 191 1060 220 :bielem
1075 202 1081 220 :
1100 193 1177 220 «Non
1193 192 1342 220 morientur
1372 196 1461 227 patres
1478 199 1525 226 pro
1542 192 1614 227 ﬁliis,
1643 201 1730 228 neque

105 235 253 270 Ἑζεχιήλ·
294 245 303 262 ι
318 236 381 263 Οὐκ
425 237 623 265 ἀποθανοῦνται
670 239 785 275 πατέρες
825 239 894 274 ὑπὲρ

100 282 201 308 τέκνων
215 302 223 314 ,
241 281 303 308 οὐδὲ
318 281 405 309 τέκνα
418 282 488 319 ὑπὲρ
505 283 646 319 πατέρων·
668 284 782 316 ἕκαστος
797 286 830 320 τῇ
844 285 895 320 ἰδίᾳ

102 326 224 362 ἁμαρτίᾳ
245 326 458 356 ἀποθανεῖται.»
487 328 584 355 Ὶστέον
602 329 631 356 δὲ
651 329 761 365 μᾶλλον,
781 330 822 357 ὅτι
844 329 896 356 κᾶν

101 373 242 407 ἐπινοῆται
267 372 416 407 πρόσωπον
441 373 624 409 πορνευούσης
652 375 770 410 μητρὸς,
807 375 844 406 ὼς
867 375 896 401 ὲν

100 418 177 453 τύπῳ
193 418 245 454 τῆς
264 410 442 454 Συναγωγῆς,
465 419 522 446 ἀλλ’
537 419 613 446 οὐδὲν
624 417 704 456 ἦττον
725 420 800 447 αὐτοὶ
815 420 896 447 πάλιν

102 466 133 490 ἂν
150 463 206 490 εἶεν
222 465 247 490 οἱ
268 464 298 496 ἐξ
321 464 418 499 αὐτῆς.
444 465 538 498 Λέγων
563 465 602 497 δὲ,
630 466 671 492 ὅτι
696 466 824 501 πορνείας
844 466 897 492 εἰσὶ

100 510 194 540 τέκνα,
210 510 370 544 παρέδειξεν
387 510 517 546 ἐναργῶς,
531 511 571 537 ὅτι
581 512 637 543 τοῖς
651 511 699 546 τῆς
714 512 810 546 νοητῆς
830 520 897 546 πορ-

101 555 176 586 νείας
189 556 361 591 ἐγκλήμασιν
374 555 462 591 ἔνοχοι
483 556 681 591 καθεστήκασι,
708 557 756 584 καὶ
775 557 852 584 τοῦτο
868 557 898 589 ἐξ

103 601 193 627 αὐτῶν
219 602 304 628 οἱονεὶ
341 602 504 636 σπαργάνων
533 603 579 628 καὶ
606 603 714 638 μήτρας
741 603 898 637 δεδυσσεϐη-

102 647 192 678 κότες,
219 647 268 674 καὶ
288 647 348 673 οὐδὲ
371 648 481 674 πώποτε
503 648 557 675 τῶν
583 649 623 680 εἰς
645 648 786 675 εὐσέϐειαν
810 648 898 684 ἔργων

103 693 251 727 ἁψάμενοι,
284 693 491 729 ἀνεπιτήδευτον
512 693 541 720 δὲ
569 694 708 725 παντελῶς
730 693 778 729 τὴν
799 694 898 730 ἀρετήν

103 740 262 774 ἐσχηκότες,
279 740 329 774 τὴν
344 739 508 766 ἁνδάνουσαν
526 739 565 776 τῷ
583 740 643 775 Θεῷ
663 740 755 775 τρίϐον
777 741 807 767 οὺ
827 749 899 766 τετι-

105 786 234 821 μηκὰτες.
253 785 332 812 Οὕτω
347 786 395 812 καὶ
409 786 423 811 ό
435 785 550 813 Ψάλλων
565 787 658 821 φησὶν,
682 795 692 811 ι
704 786 899 822 Ἀπηλλοτριώ-

104 833 190 866 [ησαν
213 832 237 857 oi
261 831 420 866 ἁμαρτωλοὶ
433 831 486 858 ἀπὸ
502 832 617 867 μήτρας,
640 832 829 868 ἐπλανήθησαν
847 832 900 858 ἀπὸ

946 238 994 266 ﬁlii
1007 246 1056 274 pro
1068 239 1208 273 patribus;
1222 237 1409 272 unuSquisque
1427 237 1453 264 in
1468 243 1579 272 peccato
1607 245 1657 266 suo
1671 246 1730 265 mo-

945 285 1031 312 rietur
1046 285 1078 312 ".
1095 294 1105 311 ›
1119 284 1275 311 Tenendum
1303 284 1404 318 potius,
1429 284 1551 318 quamvis
1577 285 1730 318 excogitata

945 331 981 358 sit
1012 337 1126 365 persona
1151 330 1308 357 fornicantis
1331 330 1436 363 matris,
1464 334 1493 357 ut
1521 335 1599 365 typus
1620 330 1730 364 quidam
1762 359 1766 364 ,

946 376 1095 412 Synagogre
1113 394 1122 408 ,
1150 375 1328 404 nihilominus
1367 383 1444 410 mque
1471 375 1632 404 fornicarios
1658 383 1730 408 esse,

946 423 992 457 qui
1007 429 1041 450 ex
1068 429 1099 448 ea
1117 421 1290 449 exstiterunt.
1304 421 1372 449 Cum
1385 426 1474 448 autem
1489 421 1553 448 dicit
1576 429 1636 449 esse
1661 421 1731 448 ﬁlios

947 467 1140 499 fornicationis,
1154 466 1296 494 manifeste
1325 466 1452 499 ostendit,
1462 466 1646 494 fornicationis
1669 474 1730 502 quae

947 513 1121 549 intelligentia
1137 512 1285 548 percipitur
1298 512 1411 539 crimine
1427 513 1511 539 teneri
1525 519 1534 539 ε
1547 513 1640 540 ειιΙιοε
1662 520 1729 547 qua-

947 560 970 587 si
989 560 1022 587 ab
1037 559 1102 593 ipsis
1116 558 1206 586 fasciis
1221 562 1248 586 et
1264 562 1341 584 utero
1368 557 1441 591 impii
1468 556 1578 590 fuerint,
1606 566 1656 585 nec
1680 566 1730 586 un-

948 612 1027 639 quam
1048 611 1127 639 opera
1151 603 1256 638 pietatis
1273 603 1420 637 attigerint,
1455 602 1610 637 nullamque
1637 603 1729 630 virtuti

947 657 1054 684 operam
1072 650 1194 676 dederint
1209 668 1216 681 ,
1234 656 1282 676 nec
1310 649 1381 675 viam
1393 649 1447 675 Deo
1466 647 1616 682 placentem
1643 649 1731 683 magni

948 695 1071 723 fecerint.
1086 694 1294 722 ldemPsaltes:
1315 703 1325 720 ι
1344 694 1460 721 Alienati
1483 699 1546 722 sunt
1576 698 1732 729 peccatores

949 748 963 767 a
975 741 1064 774 vulva,
1081 745 1242 769 erraverunt
1254 741 1288 768 ab
1304 745 1392 772 utero,
1405 739 1484 767 locuti
1499 743 1562 767 sunt
1589 739 1654 767 falsa
1667 739 1700 772 ",
1719 748 1730 766 ι

949 794 1010 814 cum
1024 791 1118 814 contra
1131 786 1240 822 quilibet
1250 786 1310 822 pius
1323 785 1604 820 etoperliusjustitiae
1615 785 1734 814 innutri-

952 837 993 860 tus
1003 832 1155 860 exclamare
1167 833 1198 859 ad
1208 832 1292 859 Deum
1304 831 1438 860 luculente
1452 833 1551 867 possit:
1567 841 1576 858 ι
1594 833 1621 860 ln
1636 837 1733 868 lepro-

106 877 234 912 γαστρὸς,
250 877 384 912 ἐλάλησαν
393 877 477 912 ψευδῆ
490 885 497 892 ·
512 887 522 904 ι
538 878 627 905 καίτοι
642 878 741 910 παντὸς
753 877 890 910 εὐσεϐοῦς,

952 882 1027 904 ectus
1038 885 1097 903 sum
1110 884 1143 904 ex
1160 882 1254 911 utero;
1268 877 1573 906 deventrematrismea:
1580 877 1650 905 Deus
1656 885 1734 906 meus

106 922 153 950 καὶ
183 924 242 954 τοῖς
269 923 320 958 τῆς
348 922 520 959 δικαιοσύνης
542 923 632 959 ἔργοις
662 923 891 960 ὲντεθραμμένου,

103 968 238 1004 λαμπρῶς
252 968 403 1003 ἀναφωνεῖν
420 969 567 1004 δυναμένου
583 969 650 1005 πρὸς
665 969 740 1002 Θεὸν,
752 979 761 995 ι
784 969 845 996 Ἐπὶ
868 969 898 995 σὲ

109 1014 262 1050 ὲπερῤίφην
286 1014 318 1041 ὲκ
343 1015 466 1050 μήτρας·
494 1015 549 1042 ἀπὸ
573 1015 694 1050 γαστρὸς
720 1014 823 1050 μητρός
845 1023 896 1049 μου

108 1059 174 1092 Θεός
203 1068 255 1095 μου
277 1057 303 1086 εἷ
330 1059 372 1087 σύ.
387 1069 396 1086 ι
423 1059 528 1095 Ὥσπερ
553 1061 581 1087 δὲ
595 1060 648 1087 εἰσὶ
664 1060 760 1095 φωτὸς,
779 1060 826 1086 καὶ
843 1059 896 1086 υἱοὶ

105 1105 212 1141 ἡμέρας
225 1105 320 1132 νοοῖντ¹
333 1106 368 1132 ἂν
381 1105 503 1138 εἰκότως,
518 1106 543 1132 oi
557 1106 594 1138 ὡς
609 1107 637 1132 ὲν
652 1105 722 1140 φωτὶ
747 1105 792 1132 καὶ
807 1105 898 1141 ἡμέρᾳ

106 1150 312 1186 πολιτευόμενοι
328 1151 463 1187 λαμπρῶς
487 1161 518 1179 τε
540 1153 588 1179 καὶ
606 1152 797 1187 εὐσχημόνως·
825 1151 896 1178 οὕτω

106 1197 158 1224 κᾶν
180 1197 206 1223 εί
224 1197 348 1232 λέγοιντο
372 1198 499 1233 πορνείας
522 1198 605 1225 τέκνα
624 1198 706 1230 τινὲς,
724 1197 786 1229 τοὺς
809 1197 846 1228 ὡς
867 1198 896 1223 ὲν

107 1244 234 1279 πορνείῳ,
249 1244 297 1270 καὶ
306 1245 340 1279 τῇ
355 1243 415 1270 λίαν
427 1244 605 1280 ὲκτοπωτάτῃ
617 1243 672 1279 ζωῇ
682 1243 790 1278 νοήσεις
804 1243 896 1275 πάλιν,

106 1289 153 1321 οὓς
167 1290 368 1324 κατοικτείρειν
391 1290 441 1316 οὐκ
466 1289 547 1322 ἀξιοῖ,
568 1290 658 1316 (διότι
680 1288 862 1323 πεπόρνευκεν
880 1288 897 1322 ἡ

107 1336 199 1370 μήτηρ
213 1334 315 1367 αὐτῶν,
330 1335 501 1370 κατῄσχυνεν
528 1336 546 1370 ή
569 1334 688 1361 τεκοῦσα
701 1334 779 1360 αὑτά.
794 1342 803 1359 ι
830 1334 901 1360 Κατ-

107 1381 206 1416 ήσχυνε
218 1381 247 1406 δὲ
259 1380 358 1416 ἑαυτὴν
372 1381 502 1416 δηλονότι,
515 1381 563 1407 καὶ
575 1381 609 1407 τά
620 1380 649 1413 ἐξ
664 1379 748 1414 αὐτῆς
760 1378 900 1412 ἀναφύντα

945 929 975 949 es
995 927 1021 949 tu
1033 923 1081 950 η.)
1092 922 1319 956 Quemadmodum
1327 923 1373 950 ﬁlii
1386 923 1496 957 lucis,et
1512 923 1557 950 ﬁlii
1568 923 1620 952 diei
1636 924 1734 952 merito

951 967 1185 1003 qtleanlinlelligi,
1199 968 1245 1002 qui
1260 973 1289 995 ut
1304 969 1330 996 in
1354 969 1415 997 luce
1436 974 1464 996 et
1490 969 1534 997 die
1555 970 1683 1004 praeclare
1705 975 1734 999 et

948 1012 1060 1041 honeste
1080 1013 1161 1040 vitam
1176 1013 1295 1048 degunt;
1313 1013 1349 1041 ita
1361 1014 1442 1042 etiam
1460 1015 1483 1042 si
1509 1016 1555 1050 qui
1573 1015 1620 1042 filii
1645 1015 1732 1043 forni-

950 1058 1064 1086 cationis
1086 1059 1219 1092 dicantur,
1247 1059 1380 1094 intelliges
1404 1060 1522 1087 vicissim
1551 1065 1678 1095 tanquam
1704 1060 1732 1088 in

949 1103 1082 1138 lupanari,
1098 1109 1126 1132 et
1140 1104 1166 1131 in
1189 1111 1289 1139 genere
1310 1105 1373 1132 vita:
1388 1106 1561 1146 .tnrpissimo
1581 1111 1731 1141 versantes,

949 1157 1018 1184 quos
1045 1150 1230 1177 misericordia
1247 1157 1299 1178 non
1323 1150 1458 1185 dignatur,
1486 1151 1572 1186 «quia
1601 1151 1733 1179 fornicata

949 1199 991 1222 est
1006 1199 1091 1222 mater
1115 1202 1228 1228 eorum;
1253 1195 1355 1230 pudore
1375 1195 1464 1223 affecit
1480 1203 1526 1223 eos
1545 1203 1604 1230 qua:
1629 1197 1734 1231 peperit

950 1247 1005 1267 eos.
1025 1249 1034 1266 ›
1054 1240 1193 1268 Pudefecit
1207 1245 1296 1268 autem
1315 1241 1430 1275 seipsam
1449 1242 1584 1274 videlicet,
1610 1247 1638 1269 et
1666 1243 1735 1270 ﬁlios

950 1294 981 1313 ex
998 1294 1027 1314 se
1040 1292 1127 1315 natos.
1144 1287 1220 1314 Sicut
1240 1287 1310 1314 enim
1323 1287 1396 1322 justo
1409 1295 1457 1315 sua
1479 1289 1565 1315 virtus
1591 1289 1681 1316 decori
1707 1293 1735 1316 et

949 1338 1118 1363 ornam‘ento.
1139 1333 1173 1360 ita
1186 1333 1271 1360 cuivis
1283 1333 1416 1361 scelerato
1426 1340 1476 1361 sua
1493 1333 1594 1361 scelera
1609 1333 1735 1361 dedecori

951 1386 981 1404 ac
999 1379 1093 1413 pudori
1120 1383 1193 1406 sunt.
1459 1379 1463 1382 ’

107 1427 199 1455 τέκνα.
217 1428 322 1462 Ὥσπερ
337 1427 391 1463 γάρ
405 1428 479 1454 ἐστιν
493 1428 521 1454 ὲν
534 1427 673 1462 αὐχήμασι
683 1427 738 1457 τοῖς
766 1425 806 1456 εἰς
834 1424 932 1460 ἀρετὴν
951 1425 965 1451 ὁ
988 1425 1107 1456 ὁίχαιος”
1140 1424 1226 1457 οὕτως
1251 1425 1281 1452 ὲν
1304 1425 1429 1461 αἰσχύνῃ,
1459 1425 1505 1452 καὶ
1532 1426 1648 1462 ὲντροπῇ
1682 1423 1736 1452 πᾶς

109 1473 249 1509 δυσσεϐὴς.

140 1517 212 1545 Εἶπε
241 1518 307 1553 γὰρ,
336 1518 524 1552 Πορεύσομαι
553 1517 650 1544 ὀπίσω
681 1516 740 1544 τῶν
766 1514 899 1550 ἐραστῶν

986 1514 1040 1550 36
1054 1513 1136 1541 Vens.
1148 1514 1174 1542 5.
1194 1513 1268 1541 Dixit
1299 1515 1388 1542 enim:
1411 1514 1511 1542 Vadam
1541 1516 1576 1543 ad
1605 1522 1734 1545 amatores

109 1573 176 1597 μου,
191 1563 252 1590 τῶν
263 1563 409 1590 διδόντων
424 1572 472 1598 μοι
492 1563 563 1596 τοὺς
584 1562 693 1597 ἄρτους
712 1571 782 1596 μου,
798 1561 847 1587 καὶ
868 1561 901 1587 τὸ

108 1608 186 1643 ὓδωρ
193 1618 264 1643 μου,
283 1609 333 1636 καὶ
355 1609 391 1636 τὰ
405 1608 505 1643 animi
520 1617 591 1643 μου,
607 1608 656 1635 καὶ
670 1608 707 1634 τὰ
718 1607 820 1634 όθόνιά
831 1615 901 1641 μου,

110 1655 156 1681 καὶ
171 1654 203 1680 τὸ
217 1654 324 1680 ἔλαιόν
335 1662 406 1688 μου,
421 1653 471 1680 καὶ
486 1653 585 1680 πάντα
596 1653 654 1680 ὅσα
666 1661 717 1688 μοι
732 1652 866 1685 καθήκει.

143 1700 192 1726 IA’.
218 1699 354 1734 Ἐραστὰς
369 1698 454 1734 αὐτῆς
466 1698 534 1725 εἶναί
561 1707 628 1733 φησι
646 1698 709 1730 τοὺς
730 1697 903 1733 ἀκαθάρτους

110 1744 248 1780 δαίμονας,
265 1744 330 1779 περὶ
344 1744 391 1776 οὓς
405 1744 509 1778 λέγοιτο
533 1744 547 1770 ὁ
571 1744 622 1779 τῆς
639 1744 767 1778 πορνείας
785 1743 904 1770 πεποιεῐ-

112 1789 170 1817 σθαι
186 1790 298 1826 τρόπος.
322 1790 360 1816 Τὸ
372 1790 427 1825 γὰρ
441 1790 500 1821 ταῖς
513 1789 625 1816 ἐκείνων
639 1789 755 1815 ἕπεσθαι
769 1788 902 1824 γνώμαις,

110 1835 155 1861 καὶ
171 1835 205 1861 τὰ
215 1835 309 1866 αὐτοῖς
324 1834 455 1861 δοκοῦντα
479 1833 610 1869 πληροῦν,
629 1833 718 1865 τοῦτο,
736 1831 811 1868 οἶμαι
821 1853 827 1865 ,
841 1833 902 1860 ἐστὶ

110 1880 139 1906 τὸ
149 1880 321 1914 ἀσελγαίνειν
336 1880 496 1915 ἁμαρτίαις,
511 1879 559 1906 καὶ
571 1879 691 1906 διαϐιοῦν
708 1879 839 1914 αἰσχρῶς,
856 1878 903 1904 καὶ

110 1926 157 1961 τῆς
172 1926 293 1961 ἐσχάτης
316 1925 482 1959 φαυλότητος
499 1924 747 1960 ἀναπίμπλασθαι,
774 1924 853 1958 μόνον
875 1923 903 1950 δὲ

111 1971 170 2006 οὐχ).
194 1971 243 1997 καὶ
272 1972 301 1998 ὲν
332 1971 425 1997 ὠδῖσιν
445 1971 517 2006 ἒχειν
543 1971 597 1997 πᾶν
625 1968 694 2001 εἶδος
719 1969 900 2005 ἀκαθαρσίας.

111 2016 215 2052 Ὥσπερ
230 2018 286 2052 γὰρ
299 2017 323 2043 οἱ
338 2017 384 2044 τὸν
400 2017 470 2043 θεῖον
487 2017 626 2048 ὼδίνοντες
640 2016 732 2050 φόϐον,
750 2015 902 2050 ἀνακεκρά-

112 2071 173 2097 γασι
198 2063 268 2099 πρὸς
292 2063 370 2096 Θεὸν,
393 2063 463 2090 «Διὰ
493 2062 538 2089 τὸν
560 2062 642 2097 φόϐον
664 2070 721 2093 σου,
748 2061 844 2096 Κύριε,
874 2060 902 2087 ὲν

112 2110 208 2144 γαστρὶ
223 2110 369 2145 ἐλάϐομεν,
397 2110 445 2144 καὶ
472 2109 652 2145 ὡδινήσαμεν,
687 2109 734 2136 καὶ
761 2109 901 2143 ὲτέκομεν,

112 2155 220 2190 πνεῦμα
234 2156 372 2191 σωτηρίου
389 2164 435 2182 σου
449 2156 605 2191 ὲκυήσαμεν
619 2155 666 2181 ἐπὶ
680 2155 729 2189 τῆς
743 2154 820 2189 γῆς’)
832 2153 902 2179 οὕτω

112 2200 156 2227 καὶ
165 2201 226 2232 ταῖς
240 2200 296 2227 τῶν
310 2201 446 2236 δαιμόνων
477 2200 634 2235 ἐπιθυμίαις
650 2199 758 2231 ἀνέντες
778 2199 823 2225 τὸν
842 2199 903 2225 νοῦν

112 2247 220 2282 ἀπάσης
241 2246 324 2278 εὐθὺς
339 2247 466 2279 ἀσεϐείας
493 2247 640 2282 ὲπῐμεστον
664 2246 781 2281 ἔχουσιν,
804 2245 828 2271 οἱ
848 2244 901 2270 τῶν

113 2292 189 2319 θείων
223 2293 429 2327 ἀποφοιτῶντες
465 2294 566 2328 νόμων,
596 2292 706 2327 ἀπάσης
735 2291 902 2326 φαυλότητος

113 2338 296 2373 ἔπιτηδευταί.
318 2339 448 2373 Ἐρασταὶ
463 2339 495 2374 δὴ
504 2336 549 2365 οὖν
565 2339 679 2374 πονηροί
693 2346 722 2364 τε
747 2337 794 2364 καὶ
809 2338 902 2371 ἁλιτή-

116 2391 163 2417 ριοι
178 2384 233 2409 τῶν
251 2385 292 2415 είς
316 2384 443 2410 ἀσέϐειαν
461 2385 680 2410 ἀπονενευκότων
701 2383 726 2410 οί
751 2383 902 2410 ἀποστάται

114 2429 248 2463 δαίμονες,
275 2427 318 2461 οἷς
333 2429 361 2456 εῐ
376 2438 418 2461 τις
434 2430 522 2456 ’ἐλοιτο
547 2429 692 2465 προσέχειν
710 2429 791 2460 θεοῖς,
809 2428 903 2454 δυσσε-

115 2474 188 2509 ϐήσει
202 2475 310 2507 δεινῶς.
333 2475 488 2510 Ἀνατίθησι
508 2476 562 2511 γὰρ
581 2476 672 2507 αὐτοῖς
687 2474 734 2501 καὶ
745 2471 782 2501 ὧν
802 2475 833 2501 ἂν
847 2474 902 2508 ἔχοι

115 2519 158 2554 τήν
171 2519 269 2556 χάριν,
292 2521 340 2547 καὶ
353 2522 414 2552 ταῖς
429 2521 577 2556 εὐφημίαις
595 2519 790 2555 καταγεραίρει
804 2519 904 2545 πολλά-

117 2573 164 2597 κις,
188 2566 236 2592 καὶ
258 2567 394 2601 ἀναφέρει
410 2567 444 2593 τὰ
468 2568 643 2602 χαριστήρια,
658 2565 725 2592 Θεὸν
741 2565 786 2591 τὸν
798 2565 845 2591 ἕνα
859 2565 907 2591 καὶ

117 2610 189 2645 φύσει
212 2612 433 2644 καταλελοιπὼς,
462 2612 507 2638 τὸν
532 2611 701 2648 χορηγοῦντα
724 2610 757 2637 τὰ
783 2609 907 2645 ζωαρκῆ,

121 2655 155 2681 δὺν
174 2654 218 2684 οἶά
237 2665 314 2684 τισιν
328 2657 468 2692 ἐσθήμασι
492 2657 730 2692 καταμφιεννύντα
750 2658 782 2691 τῇ
805 2656 908 2691 χάριτι,

116 2701 157 2728 καὶ
168 2704 227 2735 ταῖς
239 2703 353 2730 ἄνωθεν
386 2704 554 2739 ἐπικουρίαις
582 2703 628 2730 καὶ
655 2703 716 2730 νοῦν
731 2703 777 2729 καὶ
797 2702 909 2737 καρδίαν

114 2751 347 2784 κατασκιάζοντα,
371 2751 419 2778 τὸν
437 2748 481 2778 οἷά
502 2760 555 2787 περ
577 2751 659 2786 ἐλαίῳ
685 2750 908 2781 καταπιαίνοντα,

142 2841 267 2871 ἘιθρΙι.
287 2847 372 2870 xvm,
391 2839 436 2866 20.
476 2840 498 2856 ¹⁸
512 2839 582 2867 Psal.
601 2847 667 2872 LVII,
686 2839 713 2866 4.
752 2840 772 2854 η’
791 2838 859 2865 Ρςςιι,
883 2844 941 2866 xxr.
959 2835 1002 2862 ll.

953 1569 1034 1591 nieoa,
1046 1561 1089 1594 qui
1106 1560 1170 1586 dant
1192 1561 1255 1586 mihi
1271 1569 1350 1593 panes
1380 1569 1460 1594 meas,
1477 1567 1500 1588 et
1520 1570 1615 1596 aquam
1640 1572 1735 1596 meum,

951 1612 975 1633 et
991 1607 1141 1633 vestimenta
1152 1612 1252 1639 memet
1268 1606 1347 1633 lintea
1362 1615 1428 1638 mea,
1452 1612 1476 1634 et
1491 1608 1576 1634 oleum
1586 1616 1681 1641 meum,
1711 1614 1736 1637 et

952 1651 1040 1677 omnia
1054 1659 1214 1686 quwcunque
1231 1652 1294 1677 mihi
1308 1653 1475 1678 conueniunt.

988 1695 1056 1722 XIV.
1073 1697 1214 1723 Amatores
1229 1696 1286 1729 ejus
1307 1697 1344 1723 ait
1357 1704 1416 1724 esse
1445 1697 1563 1729 impuros
1590 1698 1735 1730 daemonas.

952 1749 1012 1768 cum
1025 1742 1123 1776 quibus
1151 1741 1294 1768 forniratio
1315 1742 1511 1776 quodammodo
1529 1744 1672 1770 commissa
1685 1744 1736 1771 dici

953 1793 1050 1822 potest.
1067 1788 1173 1815 Illorum
1189 1789 1262 1815 enim
1276 1789 1350 1822 sequi
1367 1788 1541 1820 voluntatem,
1561 1793 1657 1822 etquae
1673 1790 1737 1823 ipsis

952 1835 1059 1869 placent
1074 1839 1240 1869 perpetrare,
1260 1835 1310 1861 hoc
1326 1839 1377 1867 est,
1396 1839 1424 1861 ut
1439 1835 1574 1867 existimo,
1586 1837 1737 1870 protervius

952 1880 1076 1908 lascivire
1091 1880 1116 1906 in
1128 1880 1255 1914 peccatis,
1271 1884 1298 1906 et
1313 1880 1428 1913 turpiter
1439 1880 1539 1912 vivere,
1557 1885 1584 1907 et
1599 1888 1627 1908 se
1646 1887 1738 1909 extre-

953 1933 995 1951 tua
1012 1925 1130 1959 nequitia
1149 1925 1325 1959 ingurgitare,
1343 1929 1371 1950 et
1384 1929 1487 1950 tantum
1501 1932 1553 1951 non
1565 1926 1645 1952 etiam
1656 1933 1737 1954 omne

952 1977 1036 2006 genus
1048 1970 1224 1997 immunditite
1238 1970 1383 2004 parturire.
1400 1969 1629 2003 Quemadmodum
1662 1972 1734 1998 enim

952 2016 997 2050 qui
1015 2016 1138 2043 timorem
1154 2015 1272 2042 divinum
1287 2015 1448 2050 parturiunt,
1459 2015 1576 2042 cbunant
1587 2018 1626 2043 .ad
1643 2017 1735 2044 Deum:

955 2071 965 2087 ι
982 2061 1094 2096 Propter
1111 2061 1233 2088 timorem
1245 2065 1330 2093 tuum,
1348 2060 1469 2094 Domine,
1480 2061 1513 2106 lin
1528 2066 1606 2089 utero
1633 2064 1737 2097 accepi-

953 2116 1024 2141 mus,
1040 2112 1067 2135 et
1077 2107 1279 2142 parturivimus,
1291 2112 1317 2134 et
1330 2108 1499 2142 peperimus,
1509 2109 1632 2144 spiritum
1645 2110 1738 2136 salutis

955 2152 1168 2186 tua‘pcperimus
1176 2159 1256 2186 super
1271 2156 1369 2179 terram
1384 2153 1423 2186 ’°;
1442 2162 1451 2178 )
1469 2154 1506 2180 ita
1528 2154 1573 2188 qui
1587 2155 1736 2182 daemonum

921 2209 940 2235 ο
955 2198 1146 2231 cupiditatibus
1159 2198 1268 2230 cedunt,
1285 2198 1356 2226 illico
1380 2204 1496 2226 mentem
1513 2201 1586 2227 omni
1602 2201 1739 2235 impietate

956 2244 1083 2270 refertam
1100 2244 1210 2275 habent.
1224 2249 1252 2271 et
1269 2251 1284 2270 a
1312 2244 1410 2272 divinis
1435 2245 1537 2280 legibus
1557 2246 1737 2280 discedentes,

955 2291 1125 2325 Omnigenam
1142 2290 1340 2324 improbitatem
1355 2296 1554 2318 consectantur.
1570 2292 1668 2319 Eorum
1691 2293 1739 2327 igi-

956 2341 1009 2369 tur,
1035 2336 1080 2369 qui
1099 2336 1132 2363 ad
1155 2336 1318 2370 impietatem
1348 2337 1526 2369 deﬂexerunt,
1556 2339 1674 2372 perversi
1706 2347 1738 2365 ac

957 2382 1112 2416 pestilentes
1129 2388 1262 2410 amatores
1277 2387 1340 2409 sunt
1355 2383 1491 2410 dmmones
1518 2389 1646 2417 apostata-
1659 2392 1666 2416 ;
1680 2385 1739 2418 qui-

956 2428 1006 2455 bus
1027 2428 1048 2455 si
1066 2428 1126 2462 quis
1138 2433 1263 2463 tanquam
1276 2429 1327 2455 diis
1343 2428 1494 2456 auscultare
1518 2429 1643 2461 voluerit,
1673 2430 1739 2456 iusi-

957 2475 1043 2509 gnitcr
1060 2474 1158 2508 impius
1178 2474 1282 2502 evadet.
1298 2474 1352 2501 Illis
1371 2475 1442 2501 enim
1459 2479 1568 2509 accepta
1588 2475 1738 2510 refertquui

958 2519 1056 2552 habet,
1085 2523 1112 2545 et
1137 2518 1292 2553 frequenter
1317 2527 1363 2548 eos
1383 2521 1505 2547 laudibus
1516 2526 1659 2548 veneratur
1676 2541 1683 2552 ,
1713 2527 1739 2547 ιιι

956 2565 1054 2592 oblatis
1067 2565 1223 2591 muneribus
1235 2565 1335 2599 gratias
1346 2566 1411 2600 agit,
1426 2566 1518 2593 relicto
1533 2574 1584 2592 uno
1600 2571 1627 2593 et
1639 2571 1732 2592 natura

958 2609 1160 2644 Deo:quivitaa
1171 2611 1352 2638 sustentanda.-
1372 2611 1441 2645 quod
1468 2611 1583 2639 sufficiat
1609 2611 1738 2645 largitur,

958 2657 1003 2691 qui
1034 2663 1083 2684 nos
1107 2656 1246 2684 beneﬁciis
1276 2657 1357 2684 veluti
1388 2659 1529 2692 eonvcstit,
1565 2663 1592 2686 et
1619 2659 1741 2693 supernis

958 2701 1066 2728 auxiliis
1081 2707 1107 2728 et
1123 2707 1238 2728 mentem
1249 2707 1276 2729 et
1287 2710 1335 2730 cor
1352 2703 1517 2736 obumbrat,
1532 2704 1577 2739 qui
1596 2704 1668 2732 velut
1681 2704 1740 2731 oleo

959 2747 1148 2782 pinguedinem
1175 2749 1316 2782 conciliat,
1350 2753 1377 2775 et
1387 2755 1457 2782 pane
1471 2749 1516 2784 qui
1527 2750 1576 2777 sub
1587 2749 1739 2783 intelligen-

1040 2836 1063 2851 ὀ
1076 2835 1126 2862 lso.
1145 2842 1216 2866 xm,
1236 2834 1277 2867 Π,
1295 2835 1334 2862 18.
