1913 3042
189 134 222 164 ετ

703 138 732 166 S.
753 139 891 167 CYRILLI
914 139 1152 168 ALEXANDRINI
1172 140 1320 169 ARCHIEP

1789 140 1825 168 68

188 195 252 223 tiam
266 201 369 224 tantum
384 198 465 230 cadit,
496 199 581 226 nutrit
610 198 642 224 ad
657 198 739 225 vitam
764 199 920 232 gloriosam,
950 206 964 226 c

1029 199 1104 235 ἄρτῳ
1116 199 1155 235 τῷ
1165 198 1253 235 νοητῷ
1263 200 1398 235 τρέφοντα
1414 198 1482 230 πρὸς
1493 198 1565 234 ζωὴν
1582 197 1631 235 τὴν
1661 198 1761 226 εὐκλεᾶ
1777 202 1825 225 καὶ

186 242 268 270 nullis
291 244 398 272 smculis
416 243 560 271 finiendam
575 253 581 270 :
597 244 642 278 qui
660 251 729 278 aqua
745 245 850 272 vivilica
875 246 908 272 ad
930 245 977 272 bo-

187 296 248 316 nam
273 293 299 316 et
315 290 482 324 spiritualcm
502 297 551 317 nos
568 290 755 317 habitudinem
772 290 829 317 alit.
851 290 900 324 Qui
929 299 977 318 au-

187 341 241 363 tem
257 335 290 362 ad
307 336 471 371 impietatem
485 335 640 365 declinavit.
656 336 727 363 sicut
740 337 865 364 nimirum
892 337 976 364 forni-

186 381 271 409 catrix
285 381 436 416 Synagoga,
454 382 525 409 hunc
557 382 644 416 inquit
660 390 723 410 suos
742 389 878 411 amatores
899 385 975 418 sequi

184 432 320 462 oportere,
333 432 360 454 et
377 427 430 454 illis
445 428 548 462 gratias
562 427 675 459 referre.
691 433 841 464 putareque
863 430 975 463 victum,

184 471 372 506 vestitumque
391 472 490 500 abillis
505 474 651 508 accepisse.
672 474 726 502 Hoc
744 475 843 510 quippe
867 479 918 508 est,
949 476 974 502 ni

185 516 280 549 fallor,
304 517 376 550 quod
403 518 451 546 ait.
488 518 560 546 Dixit
597 519 669 547 enim
687 529 692 546 :
708 519 813 554 Sequar
839 525 976 548 amatores

184 571 259 590 mcos
275 564 321 598 qui
336 563 402 591 dant
419 564 484 591 mihi
509 572 592 599 panes
604 572 690 598 meos,
704 570 731 592 et
765 573 860 600 aquam
876 574 973 599 meam,

183 613 210 635 et
225 609 384 637 vestimenta
399 617 467 643 mea,
485 614 512 638 et
533 611 625 642 lintea,
652 616 680 638 et
705 611 792 639 oleum
813 619 914 643 meum,
948 617 976 639 et

182 655 272 682 omnia
292 663 352 689 quae
380 656 445 683 mihi
476 657 652 684 conveniunt.
696 656 792 685 Verum
818 658 974 693 prudentes.

182 705 209 727 et
223 701 295 734 boni,
311 706 338 728 et
358 702 412 729 Deo
424 702 478 730 noti
498 703 713 738 amicissimique
728 704 761 730 ad
779 704 868 739 ipsum
885 706 974 732 omni-

183 754 217 772 no
229 746 380 774 cmlestium
393 748 523 775 bonorum
544 749 724 784 largitionem,
750 755 974 786 terrenorumque

182 794 426 828 sttppeditationem
459 795 612 824 retulerint.
653 797 747 824 Dicent
779 798 864 830 enim,
893 798 973 833 idque

182 838 336 872 sapienter:
355 848 364 865 ι
379 839 513 875 Numquid
529 845 570 868 est
584 841 610 868 in
627 841 704 869 idolis
719 843 842 877 gentium
857 843 974 877 pluens?

179 889 206 912 et
217 885 240 912 si
252 886 349 912 cadum
362 886 435 913 dabit
446 887 596 914 satietatem
613 895 796 919 suam,nonnc
812 894 838 915 tu
856 889 912 923 ipse
923 890 971 917 es?

181 933 207 956 et
222 931 439 965 exspectabimus
457 936 492 965 te,
506 932 560 967 37
569 933 632 967 quia
647 937 673 959 tu
696 933 784 961 fecisti
800 935 858 962 haec
875 937 965 963 omnia

180 976 213 1002 "a
233 985 242 1001 ι
255 976 286 1003 Ει
299 976 454 1004 clamabunt
472 980 545 1004 cum'
559 975 652 1005 divino
683 979 785 1006 David:
817 989 827 1007 ι
851 980 972 1010 Visitasti

181 1025 292 1054 terram,
310 1028 337 1049 et
352 1023 491 1050 inebriasti
503 1030 562 1051 eam
579 1031 586 1057 ;
605 1024 790 1063 multiplicasti
803 1026 970 1063 locupletare

178 1067 282 1094 eam’".
299 1076 309 1093 ι

183 1156 264 1184 Vens.
283 1157 310 1189 6,
328 1158 354 1184 7.
374 1157 487 1194 Propter
503 1167 534 1187 ea
553 1169 611 1188 ecce
629 1169 675 1197 ego
692 1164 763 1198 sepia
783 1165 850 1192 viam
870 1165 926 1201 ejus
944 1167 972 1194 in

212 1201 332 1234 sudibus,
345 1208 368 1229 et
383 1204 518 1231 obstruam
531 1205 586 1232 vias
600 1206 683 1239 illius,
695 1213 720 1235 et
733 1210 853 1237 semitam
867 1211 933 1246 ejus.
947 1217 970 1240 et

214 1255 265 1273 non
283 1248 395 1275 inveniet
412 1257 421 1276 .'
439 1255 461 1276 et
479 1250 630 1285 insequatur
643 1259 774 1282 amatores
790 1264 861 1289 suos,
879 1263 901 1284 et
918 1266 969 1285 non

213 1294 387 1327 apprehende!
410 1303 453 1322 eos
476 1304 486 1324 .'
505 1302 529 1324 et
551 1304 649 1333 quivre:
670 1307 725 1334 eos,
743 1305 769 1328 et
789 1309 840 1329 non
859 1303 969 1331 inveniet

211 1339 283 1367 illos.
521 1378 529 1384 _

213 1383 271 1412 XV.
290 1385 437 1422 Postquam
452 1389 537 1423 enim,
551 1390 650 1425 inquit,
666 1392 693 1419 in
720 1393 836 1429 seipsam
851 1395 970 1424 decrevit

176 1431 264 1464 mala,
289 1437 315 1459 et
344 1433 411 1460 nihil
438 1439 534 1462 natura
558 1443 606 1464 sua
633 1438 767 1466 nefarium
793 1443 968 1475 praetermisit

175 1476 257 1510 (dixit
271 1477 355 1510 enim,
370 1480 524 1514 sequendos
537 1481 589 1508 sibi
604 1487 742 1512 amatores
755 1492 831 1517 suos,
846 1486 898 1514 hoc
912 1491 965 1519 est,

176 1522 307 1557 improbis
330 1525 503 1553 sednclorum
525 1529 670 1556 sententiis
694 1531 884 1565 applicandum
906 1534 965 1561 ani-

176 1575 260 1597 mum.
270 1573 296 1594 ut
307 1567 360 1596 illis
373 1573 476 1597 tantum
489 1571 708 1608 obsequeretur);
721 1575 823 1608 adhaac,
837 1578 965 1611 quoniam

174 1619 223 1645 pro
241 1612 273 1638 iis
290 1620 349 1646 qua:
365 1621 414 1648 ego
431 1614 530 1643 donavi
550 1616 606 1650 illi,
627 1618 686 1650 his,
706 1619 751 1653 qui
771 1620 837 1648 nihil
856 1622 965 1655 profue-

174 1663 247 1690 runI,
263 1657 443 1692 da'monibus,
461 1661 581 1696 inquam,
598 1664 701 1698 gratias
716 1665 782 1700 agit,
800 1667 902 1695 idcirco
919 1677 966 1697 co-

173 1702 320 1736 gitationes
331 1706 390 1739 ejus
402 1706 498 1735 inanes
512 1708 640 1741 reddam,
652 1711 833 1747 resistamque
847 1713 963 1743 fortiter.

173 1748 280 1784 Sepiam
299 1752 370 1778 enim
386 1752 444 1779 vias
462 1753 521 1788 ejus
540 1755 664 1788 sudibus,
679 1760 707 1783 et
726 1765 804 1785 muro
821 1759 962 1788 obstruam

172 1795 310 1827 semitam,
329 1802 357 1824 ut
375 1805 464 1833 neque
481 1804 613 1833 sequatur
629 1807 765 1830 amatores
782 1811 857 1839 suos,
875 1814 964 1842 neque

172 1840 222 1866 sibi
241 1841 427 1872 comlucibiles
444 1845 562 1878 reperiat
579 1846 738 1875 seductores
756 1856 837 1884 suos,
854 1840 961 1880 etiamsi

170 1887 246 1920 sequi
264 1895 310 1914 eos
328 1887 456 1922 fortasse,
475 1890 527 1918 hoc
547 1895 601 1924 est,
618 1893 740 1921 studiose
757 1896 790 1922 ad
809 1903 856 1924 eos
874 1898 962 1926 Itono-

170 1934 270 1960 randos
292 1934 476 1969 colendosque
490 1936 647 1965 incumbere
659 1940 784 1968 voluerit.
810 1941 896 1970 Sudcs
909 1946 960 1972 ‘seu

169 1979 245 2012 palos
268 1986 420 2014 praeacutos
441 1983 558 2016 appellat
580 1991 661 2012 casus
683 1994 751 2020 quos
771 1995 899 2023 expertus
921 1997 962 2019 cst

168 2023 269 2058 Israel;
288 2025 358 2052 bella
377 2027 453 2059 dico,
472 2028 661 2063 captivitates,
681 2032 779 2060 famem
793 2055 801 2067 ,
822 2036 959 2070 pericula,

168 2071 322 2098 diuturnam
341 2071 510 2101 servitutém.
528 2074 596 2102 Nam
615 2078 698 2104 semel
714 2086 728 2104 ιι
742 2079 834 2109 Persis
862 2088 888 2109 et
905 2082 960 2111 Me-

167 2117 210 2144 dis
227 2118 376 2153 suhjngati,
391 2127 443 2147 non
463 2128 511 2154 per
524 2122 610 2149 otium
629 2125 662 2150 ad
679 2123 752 2158 Baal,
771 2134 856 2161 neque
872 2129 904 2156 ad
920 2130 960 2156 vi-

168 2163 239 2191 tulos
253 2171 352 2192 aureos
365 2166 547 2201 accedebant;
562 2170 608 2196 sed
623 2177 734 2198 necesse
746 2178 816 2204 erat,
831 2179 860 2200 ut
873 2182 887 2200 ιι
905 2175 958 2202 Deo

166 2217 294 2238 concessa
324 2216 351 2238 et
373 2212 536 2241 charissima
558 2215 684 2244 libertate
706 2218 815 2252 privati,
833 2224 861 2246 et
881 2227 956 2254 qna:-

167 2261 258 2283 rentes
282 2257 391 2291 quidem
415 2265 474 2293 qua:
499 2260 570 2287 domi
595 2261 765 2296 habuerant,
792 2263 845 2291 illis
867 2270 956 2293 autem

165 2307 292 2336 egentes,
310 2307 337 2329 et
360 2303 556 2332 dominantium
576 2306 642 2341 jugo
662 2308 801 2342 oppressi,
820 2311 958 2338 consuetis

164 2348 197 2374 de
217 2353 316 2376 caetero
337 2349 410 2384 fungi
435 2358 488 2377 non
512 2357 633 2385 possent,
675 2353 720 2380 sed
744 2353 957 2384 lamentarentur

164 2393 264 2426 potius,
279 2398 306 2421 et
321 2394 400 2423 malis
414 2397 594 2425 alrocissimis
609 2399 684 2426 velut
701 2399 780 2432 ebrii,
797 2401 957 2430 damnarent

162 2437 215 2472 iam
236 2440 411 2473 seductores;
430 2443 650 2477 quandoquidem
669 2452 700 2471 ex
720 2444 820 2473 frustra
839 2449 954 2482 speratis

164 2485 308 2513 utilitatem
324 2487 426 2514 nullam
444 2496 542 2523 capere
560 2489 689 2517 licuisset.
704 2489 777 2519 Nihil
792 2493 890 2528 quippe
905 2495 952 2522 ad-

161 2530 209 2564 iuti
219 2537 280 2559 sunt
291 2538 336 2560 aut
351 2533 414 2560 Baal
426 2541 473 2561 eos
486 2534 661 2568 defendente,
677 2537 752 2571 (quid
765 2539 836 2565 enim
850 2539 950 2574 lignum

161 2582 263 2604 mutum
283 2579 413 2614 faceret?)
441 2585 487 2606 aut
506 2585 580 2607 certe
599 2581 689 2610 vitulis
708 2583 824 2618 aliquem
844 2593 891 2612 eos
905 2587 951 2621 ju-

161 2624 240 2650 vandi
261 2625 368 2651 modum
387 2626 616 2660 excogitantibus.
634 2627 717 2656 Erant
734 2631 804 2657 enim
825 2641 834 2657 ι
855 2640 949 2660 aurum

159 2676 239 2702 opera
257 2678 382 2697 manuum
399 2671 549 2706 hominum,
570 2683 578 2700 ι
599 2680 627 2701 ut
643 2677 772 2712 scriptum
788 2682 830 2705 est
844 2679 877 2706 ".
894 2678 949 2706 0h-

158 2719 298 2742 struuntur
316 2716 407 2751 itaque
424 2717 484 2750 vite,
508 2719 561 2746 Deo
582 2728 696 2754 peccare
718 2731 748 2750 so
761 2724 806 2751 itis
825 2726 948 2752 semitam

157 2762 190 2787 ad
213 2761 414 2795 improbitatem
443 2764 512 2792 haud
540 2767 730 2801 complanante
745 2789 752 2801 ,
779 2770 825 2797 sed
849 2771 950 2798 utiliter

1028 246 1182 282 ἀμήρυτον,
1195 245 1242 273 τὸν
1256 245 1333 272 ὕδατι
1347 245 1385 281 τῷ
1404 244 1529 280 ζωοποιῷ
1544 245 1612 281 πρὸς
1629 245 1735 278 εὐεξίαν
1751 245 1824 280 ὑμεῖς

1027 291 1162 327 τρέφοντα
1179 291 1228 327 τὴν
1243 291 1413 327 πνευματική
1420 299 1442 318 'I.
1457 291 1527 318 Ἀλλ’
1543 292 1557 318 ὅ
1570 300 1602 326 γε
1614 291 1683 326 πρὸς
1694 291 1824 318 ἀσὲδειαν

1028 335 1220 369 διανενευκὼς,
1241 336 1367 372 καθάπερ
1389 336 1485 371 ἀμέλει
1503 337 1551 363 καὶ
1571 338 1588 371 ἡ
1613 336 1822 372 πεπορνευμένη

1028 381 1188 417 Συναγωγή,
1206 383 1262 413 τοῖς
1276 383 1351 414 ἰδίοις
1365 383 1495 419 ἐρασταῖς
1506 382 1558 418 ἔφη
1570 383 1624 410 δεῖν
1633 383 1759 415 ἕπεσθαι,
1776 385 1823 410 καὶ

1027 427 1120 459 αὐτοῖς
1148 427 1281 454 ἀνάπτειν
1308 428 1343 455 τά
1364 430 1538 465 χαριστήρια,
1569 429 1618 456 καὶ
1643 428 1708 466 παρ’
1731 429 1824 456 αὐτῶν

1026 473 1154 508 ἡγεῖσθαι
1181 473 1272 500 λαϐεῖν
1289 475 1322 502 τά
1338 484 1368 502 τε
1391 476 1431 506 εἰς
1457 474 1562 511 τροφὴν
1603 475 1650 501 καὶ
1674 475 1820 510 ἀμφίασιν.

1027 519 1108 546 Τουτὶ
1127 519 1191 556 γὰρ,
1206 518 1294 555 οἶμαι,
1315 520 1374 557 ἐστὶ
1391 521 1432 555 τὸ,
1457 519 1523 547 Εῐπε
1542 521 1607 557 γὰρ,
1630 522 1821 557 Ἀκολουθήσω

1026 565 1114 591 ὀπίσω
1136 565 1192 592 τῶν
1216 566 1341 601 ἐραστῶν
1367 574 1429 602 μου,
1457 566 1511 593 τῶν
1533 566 1659 593 διδόντων
1683 575 1729 601 μοι
1759 567 1823 598 τοὺς

1026 611 1125 646 ἄρτους
1142 619 1204 646 μου,
1222 611 1270 638 καὶ
1288 611 1318 638 τδ
1344 611 1417 647 ὕδωρ
1438 620 1500 647 μου,
1524 613 1571 638 καὶ
1588 612 1623 639 τὰ
1638 612 1736 647 ῑμάτιά
1753 620 1817 647 μου,

1026 656 1074 683 καὶ
1095 656 1130 683 τὰ
1145 656 1237 683 ὀθόνιά
1258 665 1320 691 μου,
1341 657 1388 684 καὶ
1412 658 1442 684 τὸ
1464 657 1554 684 ἔλαιόν
1574 666 1634 693 μου,
1661 659 1708 684 καὶ
1731 658 1820 685 πάντα

1025 702 1075 728 ὅσα
1101 710 1146 737 μοι
1161 703 1288 738 καθήκει.
1315 703 1386 729 Ἀλλ’
1418 704 1446 730 οἵ
1458 712 1489 738 γε
1511 703 1587 738 σοφοί
1604 713 1633 730 τε
1662 704 1709 731 καὶ
1722 704 1832 739 ἀγαθοὶ,

1025 750 1072 775 καὶ
1083 749 1143 784 Θεῷ
1163 749 1307 785 γνώριμοι,
1325 750 1371 777 καὶ
1388 751 1562 782 οἰκειότατοι,
1576 751 1651 786 αὑτῷ
1667 751 1699 787 δὴ
1710 752 1822 783 πάντως

1025 794 1150 822 ἀναθεῖεν
1161 795 1195 821 ἂν
1208 795 1263 822 τῶν
1277 795 1410 830 οὐρανίων
1432 796 1542 830 ἀγαθῶν
1557 797 1608 831 τὴν
1625 797 1757 828 ἐπίδοσιν,
1772 798 1820 824 καὶ

1025 841 1079 867 τῶν
1102 842 1232 875 ἐπιγείων
1255 842 1305 877 τὴν
1320 842 1461 877 χορηγίαν.
1489 843 1596 878 Ἐροῦσι
1623 842 1678 879 γὰρ
1701 843 1744 879 δὴ,
1771 845 1821 870 καὶ

988 889 1007 916 Β
1023 886 1081 913 λίαν
1091 887 1246 922 ὲμφρὸνωςυ
1261 897 1271 913 ι
1286 888 1331 923 Μή
1348 889 1421 915 ἐστιν
1431 889 1649 921 ὲντοῖςείδὼλοις
1665 889 1718 916 τῶν
1732 889 1820 916 ὲονῶν

1025 932 1156 966 ὑετίζων;
1177 933 1224 960 καὶ
1244 934 1268 960 εί
1284 934 1298 960 ὸ
1315 933 1429 969 οὐρανὸς
1447 933 1527 960 δώσει
1545 934 1704 970 πλησμονὴν
1722 934 1818 962 αὑτοῦ.

1024 979 1083 1013 οὐχὶ
1111 979 1143 1006 σὺ
1168 977 1194 1005 εἴ
1209 980 1223 1006 ὁ
1246 979 1344 1012 αὑτόςς
1369 980 1416 1006 καὶ
1443 980 1633 1016 ὑπομενοῦμεν
1661 989 1701 1013 σε,
1721 981 1763 1007 ὅτι
1783 980 1818 1007 σὺ

1024 1024 1154 1060 ἐποίησας
1167 1025 1252 1052 ταῦτα
1278 1026 1376 1053 πάντα.
1401 1035 1410 1052 ι
1427 1026 1680 1062 Συνανακράξονται
1709 1027 1738 1054 δὲ
1769 1027 1818 1054 καὶ

1022 1072 1097 1107 αὐτῷ
1111 1073 1150 1108 τῷ
1165 1073 1302 1109 θεσπεσίῳ
1316 1074 1397 1101 Δαϐἲδ
1407 1083 1430 1099 Ἷ
1452 1074 1612 1110 Ἐπεσκέψω
1626 1074 1675 1109 τὴν
1690 1075 1751 1110 γῆν,
1768 1074 1818 1102 καὶ

1022 1118 1158 1154 ἐμέθυσας
1171 1119 1266 1155 αὐτὴν,
1281 1119 1436 1155 ἐπλήθυνας
1451 1118 1496 1146 τοῦ
1513 1120 1663 1155 πλουτῆσαι
1680 1121 1776 1156 αὐτήν.
1805 1129 1814 1145 ι

1058 1165 1108 1192 Διὰ
1118 1165 1206 1193 τοῦτο
1220 1165 1285 1192 ἰδοὺ
1301 1165 1358 1200 ἐγὼ
1370 1166 1498 1200 φράσσαι
1514 1167 1572 1201 τὴν
1587 1167 1659 1194 ὁδὸν
1672 1167 1767 1201 αὐτῆς
1780 1167 1817 1194 ἐν

1021 1211 1165 1245 σκόλοψι,
1180 1211 1231 1238 καὶ
1247 1211 1478 1247 ἀνοικοδομήσω
1496 1213 1550 1246 τὰς
1566 1212 1667 1246 ὀδοὺς.
1685 1213 1735 1240 καί
1756 1213 1817 1247 τὴν

1021 1257 1121 1291 τρίϐον
1136 1257 1242 1292 αὐτῆς,
1261 1258 1309 1284 καὶ
1325 1259 1361 1285 οὐ
1374 1258 1418 1293 μὴ
1433 1258 1505 1293 εὕρῃ
1516 1266 1522 1273 ·
1536 1259 1586 1285 καὶ
1602 1258 1816 1291 καταδιώξεται

1020 1302 1091 1335 τοὺς
1099 1303 1229 1336 ἐραστὰς
1239 1303 1344 1337 αὐτῆς,
1356 1304 1406 1331 καί
1419 1305 1454 1331 οὺ
1465 1304 1506 1338 μὴ
1520 1305 1674 1338 καταλάϐῃ
1686 1306 1813 1339 αὐτούς*

1019 1349 1069 1376 καὶ
1086 1349 1206 1384 ζητήσει
1218 1343 1341 1383 αὐτοὺς,
1355 1350 1404 1377 καὶ
1419 1352 1457 1378 οὐ
1470 1351 1514 1385 μὴ
1527 1351 1601 1386 εὕρῃ
1618 1352 1739 1385 αὐτούς.

1055 1393 1105 1422 IE'.
1127 1394 1237 1431 Ἐπειδὴ
1253 1396 1308 1431 γὰρ
1335 1395 1521 1431 βεϐούλευται⁵
1538 1397 1615 1432 φησὶ,
1631 1397 1737 1433 πονηρά
1751 1397 1817 1425 καθ’

1019 1441 1137 1476 ἑαυτῆς,
1155 1442 1202 1468 καὶ
1223 1441 1277 1468 τῶν
1304 1442 1408 1468 ἀδικεῖν
1426 1442 1589 1477 πεφυκότων
1610 1444 1814 1479 παραλέλοιπεν

1017 1486 1113 1513 οὐδέν·
1141 1486 1193 1522 ἔφη
1216 1486 1286 1522 γὰρ.
1314 1487 1370 1515 δεῖν
1396 1489 1606 1516 κατακολουθεῖν
1630 1490 1738 1517 ἑλέσθαι
1755 1493 1814 1523 τοῖς

1019 1531 1095 1564 ἰδίοις
1115 1533 1255 1568 ἐρασταῖς,
1281 1533 1415 1565 τουτέστι,
1439 1535 1498 1566 ταῖς
1521 1536 1575 1561 τῶν
1597 1536 1813 1572 πεπλανηκότων

982 1580 1002 1610 C
1018 1578 1137 1610 ἀνοσίοις
1150 1579 1274 1613 γνώμαις
1287 1580 1436 1615 ἀπονέμειν
1454 1581 1503 1616 τῆς
1517 1581 1636 1614 διανοίας
1646 1583 1696 1618 τὴν
1712 1584 1811 1619 ῥοπὴν,

1017 1624 1056 1655 ὡς
1080 1624 1147 1659 μόνα
1176 1625 1318 1660 πληροῦσα
1341 1627 1374 1652 τά
1398 1626 1526 1653 ἐκείνων·
1549 1628 1595 1654 καὶ
1626 1628 1720 1664 ἐπειδὴ
1742 1631 1811 1665 πρὸς

1015 1670 1103 1705 τούτῳ
1117 1670 1171 1697 τῶν
1186 1671 1381 1707 δεδωρημένων
1396 1672 1465 1708 αὐτῇ
1489 1673 1554 1708 παρ’
1569 1674 1636 1709 ἐμοῦ
1657 1676 1714 1706 τοῖς
1733 1675 1812 1702 οὐδὲν

1015 1716 1170 1752 ώφεληκόσι
1190 1719 1246 1750 τοῖς
1272 1718 1397 1753 δαίμοσιν
1425 1719 1540 1745 ἀνάπτει
1565 1720 1600 1746 τὰ
1623 1721 1809 1756 χαριστήρια,

1015 1762 1144 1798 ταύτῃ-τοι
1166 1764 1284 1798 ματαίαν
1301 1764 1386 1800 αὐτῆς
1407 1765 1541 1799 ἀποφανῶ
1557 1766 1606 1801 τὴν
1630 1767 1736 1802 σκέψιν,
1761 1769 1810 1793 καὶ

1013 1809 1191 1845 ἀντιτάξομαι
1208 1810 1334 1844 γενικῶς.
1350 1811 1448 1846 Φράξω
1464 1811 1518 1846 γὰρ
1542 1812 1627 1847 αὐτῆς
1639 1813 1688 1845 τὴν
1701 1813 1761 1840 ὁδὸν
1780 1815 1809 1840 ἐν

1014 1855 1136 1890 σκόλοψι,
1157 1856 1206 1882 καὶ
1222 1856 1315 1891 τειχιῶ
1329 1857 1379 1892 τὴν
1402 1857 1505 1892 τρίϐον,
1521 1857 1558 1890 ὡς
1583 1858 1616 1885 ἂν
1642 1860 1713 1894 μήτε
1739 1869 1808 1886 κατ-

1013 1902 1185 1939 ακολουθήσῃ
1196 1904 1252 1934 τοῖς
1264 1903 1339 1934 ἰδίοις
1354 1903 1493 1937 ἐρασταῖς,
1509 1905 1576 1940 μήτε
1592 1905 1644 1940 μὴν
1660 1906 1728 1942 εὕρῃ
1739 1915 1808 1942 χρη-

1013 1947 1109 1982 σίμους
1120 1949 1182 1980 τοὺς
1190 1949 1467 1985 πεπλανηκότας,κᾶν
1477 1953 1501 1978 εἰ
1512 1953 1620 1979 διώκειν
1627 1953 1714 1980 ἕλοιτο
1725 1955 1808 1989 τυχὸν

1012 1993 1126 2026 αὐτοὺς,
1145 1995 1294 2027 τουτέστιν,
1306 1996 1447 2030 ἐγκεῖσθαι
1464 1998 1615 2030 σπουδαίως
1632 2000 1691 2031 ταῖς
1703 2001 1744 2031 εἰς
1756 2001 1808 2026 αὐ-

1011 2038 1075 2070 τοὺς
1086 2040 1179 2073 τιμαῖς
1199 2041 1245 2067 καὶ
1261 2040 1411 2076 λατρείαις.
1424 2042 1562 2075 Σκόλοπας
1573 2043 1601 2070 δὲ
1616 2041 1686 2070 εἷναί
1698 2046 1806 2080 φησιτὰ

1012 2085 1203 2120 συμϐεϐηκότα
1223 2085 1262 2121 τῷ
1278 2087 1386 2122 Ἰσραὴλ
1398 2087 1527 2124 δυσχερῆ,
1542 2090 1606 2121 τοὺς
1620 2090 1755 2125 πολέμους
1771 2091 1806 2127 δὴ

1010 2131 1091 2164 λέγω,
1101 2131 1149 2161 τὰς
1159 2132 1359 2166 αἰχμαλωσίας,
1367 2133 1412 2160 τὸν
1423 2133 1511 2169 λιμὸν,
1520 2135 1583 2168 τοὺς
1593 2136 1741 2168 κινδύνους,
1754 2137 1804 2172 τὴν

1010 2177 1038 2202 ὲν
1044 2176 1151 2212 δουλείᾳ
1159 2178 1265 2213 τριϐήν.
1274 2178 1418 2213 Γεγονότες
1431 2180 1564 2216 γὰράπαξ
1573 2182 1624 2208 ὑπὸ
1632 2183 1736 2217 Μήδοις
1755 2183 1804 2210 καὶ

1010 2222 1139 2258 Πέρσαις,
1148 2223 1198 2250 οὐκ
1207 2224 1236 2250 ὲν
1248 2224 1329 2260 σχολῇ
1343 2225 1497 2261 προσῄεσαν
1510 2227 1549 2263 τῷ
1563 2227 1636 2254 Βάαλ
1649 2249 1656 2262 ,
1669 2228 1730 2255 οὐδὲ
1741 2231 1803 2261 ταῖς

974 2251 995 2278 D
1007 2251 1140 2303 δαμάλεσι
1154 2271 1215 2301 ταῖς
1227 2251 1342 2306 χρίίσαῖς
1351 2251 1431 2298 Jan."
1489 2251 1492 2253 Π
1699 2274 1740 2306 τὺ,
1753 2251 1802 2301 καλ

1006 2312 1091 2348 αὐτῆς
1100 2313 1150 2349 τῆς
1160 2314 1273 2348 ἄνωθεν,
1283 2317 1330 2342 καὶ
1341 2316 1472 2352 φιλτάτης
1483 2317 1639 2354 ἐλευθερίας
1647 2320 1800 2355 ἑστερημέ-

1005 2368 1077 2392 νους,
1093 2361 1139 2387 καὶ
1149 2361 1296 2397 ζητοῦντας
1307 2363 1355 2397 μὲν
1365 2363 1400 2390 τὰ
1411 2364 1489 2395 οἴκοι,
1501 2365 1691 2400 πτωχεύοντας
1701 2366 1739 2397 δὲ,
1752 2368 1800 2394 καὶ

1004 2406 1064 2437 ταῖς
1076 2406 1130 2432 τῶν
1147 2407 1319 2442 κρατούντων
1331 2408 1497 2441 πλεονεξίαις
1514 2411 1726 2446 πεπιεσμένους,
1738 2413 1800 2438 οὑκ-

1004 2450 1045 2477 έτι
1057 2451 1106 2485 μὲν
1116 2451 1244 2478 δύνασθαι
1255 2453 1289 2480 τὰ
1301 2453 1402 2489 συνήθη
1417 2454 1538 2490 πληροῦν
1549 2463 1556 2469 ·
1573 2455 1754 2491 ὀλοφύρεσθαι
1769 2457 1797 2483 δὲ

1006 2497 1117 2532 μᾶλλον,
1133 2499 1179 2524 καὶ
1195 2500 1253 2531 ταῖς
1265 2500 1424 2535 ἀνηκέστοις
1437 2501 1619 2537 καταμεούειν
1630 2505 1795 2539 συμφοραῖς,

1004 2545 1260 2580 καταγινώσκοντας
1275 2546 1326 2582 ἤδη
1345 2547 1400 2574 τῶν
1424 2548 1647 2584 πεπλανηκότων,
1667 2550 1704 2582 ὼς
1719 2551 1797 2577 οὐδὲν

1000 2591 1154 2619 ἀπόνασθαι
1175 2592 1256 2628 μετὸν
1268 2593 1358 2626 αὐτοῖς
1372 2594 1426 2621 τῶν
1447 2595 1475 2621 ὲν
1491 2595 1582 2622 ἐλπίσι
1597 2598 1699 2628 κεναῖς.
1720 2597 1796 2632 ’0φέ-

1000 2637 1095 2671 ληνται
1114 2638 1168 2674 γὰρ
1182 2639 1296 2675 ossam)
1315 2639 1361 2666 τοῦ
1379 2639 1453 2667 Βάαλ
1475 2641 1662 2677 ἐπαμύνοντος
1673 2652 1681 2659 ·
1697 2643 1725 2670 τί
1741 2643 1794 2679 γὰρ

1000 2681 1033 2708 ἂν
1049 2682 1144 2718 ἔδρασε
1162 2683 1191 2709 τὸ
1215 2683 1321 2718 ἄφωνον
1339 2684 1435 2717 ξύλονς
1459 2686 1542 2721 ἦγουν
1564 2686 1621 2714 τῶν
1648 2688 1794 2724 δαμάλεων

1001 2728 1159 2764 ἐπικουρίας
1172 2729 1376 2761 αὐτοῖςὲπινοου
1382 2731 1434 2757 σῶν
1445 2740 1503 2758 τινα
1511 2733 1621 2768 τρόπον.
1633 2743 1642 2760 ι
1654 2734 1772 2769 Χρυσὺς,
1781 2745 1790 2761 ι

1000 2773 1054 2808 γὰρ
1070 2771 1114 2809 ἦν,
1134 2773 1223 2810 «ἔργα
1240 2775 1340 2811 χειρῶν
1355 2775 1533 2811 ἀνθρώπων,ι
1550 2778 1621 2806 κατὰ
1629 2779 1659 2805 τὺ
1667 2788 1791 2816 γεγραμ-

1803 2482 1808 2499 ι

194 2844 214 2861 ¹¹
234 2847 330 2877 Jcrem.
348 2859 402 2884 xxv,
421 2852 465 2880 2:2.
505 2855 538 2870 “‘
557 2855 576 2882 P
595 2856 627 2883 al.
640 2864 714 2889 txiv,
727 2858 767 2885 l0.
808 2859 830 2874 ²¹
849 2859 918 2886 l‘sal.
934 2868 1011 2894 cmi,
1026 2861 1052 2887 4.
