1913 3042
206 130 237 161 Ἧ
717 127 747 156 S.
765 126 902 156 CYRILLI
922 126 1159 155 ALEXANDRINI
1179 125 1340 155 ARCHIEI’.
1802 125 1839 154 ἠ

206 187 358 217 suetudinis
374 187 475 214 tentent
497 191 524 213 ct
545 185 675 219 originem
693 183 870 213 meritissinlo
884 191 998 212 exacer-

1053 185 1119 220 πρός
1138 192 1169 218 γε
1196 184 1226 211 τὸ
1250 184 1305 210 δεῖν
1320 182 1367 209 καὶ
1395 181 1497 218 σφόδρα
1527 182 1639 214 δικαίως
1668 187 1840 220 παροτρῠναι
1864 173 1866 175 ’

207 233 324 261 bandmu
339 231 449 260 subicit.

242 331 440 360 Gravissimum
456 335 499 358 est
515 330 599 365 igitur
626 335 654 357 et
669 337 748 364 paena
765 330 886 365 dignum.
903 330 1000 358 libera-

207 378 308 405 litatem
335 375 527 403 beneficiorum
552 383 567 402 a
593 375 648 402 Deo
674 376 856 410 praestitorum
880 376 912 403 iis
933 375 1001 402 velle

208 424 352 454 ascribere,
364 421 409 456 qui
424 421 482 454 ejus
496 421 612 456 gloriam
627 422 793 449 intminuunt
805 429 836 448 ac
847 421 999 456 proﬂigant,

209 470 259 496 hoc
272 473 324 499 est,
339 468 486 494 immundis
501 467 680 499 damonibus,
695 467 766 501 quod
782 467 890 501 quidam
907 467 933 493 in
949 472 1002 494 ter-

208 514 246 540 ris
263 513 378 545 faciunt,
395 512 481 540 Graeci
500 518 579 547 puta,
598 517 626 540 et
642 512 772 540 hmretici.
788 511 854 539 Nam
872 512 924 543 illi,
940 521 1000 539 cttm

209 556 278 584 Deus
295 557 396 584 homini
415 558 573 592 sapientiam
591 562 619 585 et
634 558 785 584 oralionem
814 557 999 591 impertiverit,

208 601 372 636 eloquentiae
387 609 442 630 suae
458 603 615 630 facultatem
630 604 782 630 daemonum
798 603 945 630 honoribus
957 611 1001 630 ce-

209 646 344 674 lebrandis
354 647 513 682 largiuntur.
527 647 721 675 Hasreticorum
733 652 822 676 autem
835 648 890 675 Deo
913 655 1002 676 exesa:

208 696 236 718 ct
256 692 345 726 impia:
365 692 451 720 turba:
469 693 569 720 dolosis
587 694 784 720 sententiarum
805 693 922 721 inventis
943 695 1003 728 qui-

210 737 322 764 busdam
337 742 446 771 nocent,
462 743 488 765 et.
502 739 698 774 simpliciorum
712 744 817 767 ruentes
833 745 1000 774 pervertunt,

209 787 236 811 et.
258 782 369 817 laqueos
388 784 422 811 ad
444 784 596 818 perdendos
616 784 755 817 homines,
777 785 849 813 sicut
870 787 1001 821 scriptum

209 833 251 856 est
261 829 294 861 '°,
313 835 486 864 paraverunt.
503 831 590 858 Ambo
607 831 689 866 igitur
704 831 849 859 coluerunt
865 831 930 860 Baal
949 841 956 859 :
975 837 1002 861 et

210 880 313 903 tantum
329 883 383 903 non
395 876 468 903 velut
483 884 516 904 ex
531 876 643 908 divitiis,
658 884 718 912 qua
733 882 822 905 mente
837 883 997 912 cernuntur,

210 926 237 947 et.
258 921 292 948 ad
314 921 397 948 Deum
420 922 566 956 pertinent,
588 929 636 956 pro
657 923 798 957 splendido
817 924 998 959 anathemate,

211 967 243 994 ad
259 967 330 994 illius
346 967 409 994 idoli
425 967 538 1002 gloriam
554 967 684 996 oﬂ'erunt.
697 968 731 996 Et
748 969 802 1003 ita,
819 969 926 1005 opinor,
944 972 999 1006 spi~

210 1011 344 1040 ritualiter
353 1012 612 1041 convenientissime
625 1013 784 1050 intelligitur
794 1015 866 1050 quod
881 1016 980 1044 dicitur
990 1025 997 1044 :

210 1056 265 1091 Ego
292 1056 352 1084 dedi
385 1056 550 1084 frumentum
572 1063 599 1085 et
622 1059 714 1086 vinum
735 1064 763 1087 et
790 1060 893 1094 oleum,
911 1066 938 1089 et
954 1069 999 1089 ar-

209 1107 318 1137 gentum
336 1103 510 1137 tnultiplicavi
528 1103 553 1130 ei
569 1111 576 1130 :
593 1103 651 1137 ipsa
677 1111 743 1132 vero
761 1110 890 1140 argentea
905 1111 932 1134 et
950 1113 997 1134 au-

209 1155 255 1175 rea
285 1147 348 1175 {cuit
362 1148 436 1175 Baal.
462 1148 617 1177 Tribuentla
632 1156 693 1178 sunt
709 1150 790 1184 igitur
803 1151 857 1178 Deo
872 1159 930 1186 qua:
946 1151 996 1180 Dei

209 1198 282 1221 sunt.
299 1193 424 1222 Datorem
441 1194 514 1222 enim
548 1199 575 1222 et
592 1195 764 1230 prmbilorem
780 1197 899 1231 omnium
917 1197 1000 1225 bono-

210 1246 270 1266 rum
291 1245 443 1267 nostrorum
464 1239 583 1267 inattrari
604 1242 731 1268 convenit
749 1248 798 1275 per
817 1249 865 1274 ea,
886 1249 947 1277 qua:
967 1243 1000 1270 ab

210 1285 269 1320 ipso
288 1285 426 1319 habemus,
446 1293 493 1313 seu
515 1285 627 1314 illustris
648 1287 684 1314 sit
702 1286 799 1318 oratiu,
817 1294 864 1314 seu
885 1287 918 1315 ad
937 1295 1000 1315 vera

211 1331 340 1366 mysteria
355 1332 527 1366 percipienda
544 1339 620 1359 ntcns
636 1332 743 1359 idonea.

246 1377 330 1404 Vens.
346 1378 373 1410 9,
390 1378 433 1406 10.
451 1377 564 1412 Propter
578 1379 625 1404 hoc
642 1383 766 1410 revertar,
783 1384 806 1405 et
825 1379 914 1406 tollam
931 1380 1001 1406 triti-

210 1431 269 1450 cum
287 1431 372 1450 meum
391 1425 417 1450 in
434 1429 547 1458 tempore
563 1432 621 1455 suo,
639 1428 663 1450 et
684 1423 772 1450 vinum
793 1433 876 1451 meum
894 1425 920 1451 in
938 1431 1002 1452 lent—

209 1475 272 1495 τοῖς
287 1477 347 1501 suo,
363 1473 385 1496 et
405 1469 524 1503 auferant
542 1470 693 1496 vestimenta
709 1478 777 1502 mea,
794 1475 817 1496 et
834 1471 916 1498 lintea
932 1479 999 1504 mea,

1050 231 1126 263 Θεὸν,
1146 231 1196 258 κᾶν
1222 231 1246 256 εί
1271 230 1361 264 πάσης
1384 229 1552 264 ἡμερότητος
1579 229 1655 265 πηγὴ
1678 230 1765 256 νοοῖτο
1791 231 1840 258 καὶ

1050 277 1167 311 γένεσις.

1087 321 1232 349 Πάνδεινον
1251 318 1297 348 οὖν
1316 321 1380 356 ἄρα,
1398 320 1444 346 καὶ
1460 320 1538 355 δίκης
1557 320 1606 347 οὐκ
1626 319 1768 356 ἀμοιροῦν,
1784 321 1841 348 τῶν

1051 366 1126 402 παρὰ
1150 366 1217 393 Θεοῦ
1241 366 1417 401 χαρισμάτων
1438 365 1487 400 τὴν
1508 365 1661 400 φιλοτιμίαν
1682 366 1840 393 ἀνατιθέναι

1051 412 1143 447 ζητεῖν
1163 413 1218 444 τοῖς
1234 413 1283 448 τὴν
1302 412 1378 446 δόξαν
1392 411 1476 438 αὑτοῦ
1503 410 1682 447 παραλύουσι,
1704 412 1839 445 τουτέστι,

1050 460 1106 490 τοῖς
1122 459 1286 494 ἀκαθάρτοις
1311 458 1446 494 δαίμοσιν,
1462 457 1476 484 ὃ
1491 457 1522 493 δὴ
1547 459 1594 484 καὶ
1609 457 1716 485 ποιοῦσι
1734 458 1790 485 τῶν
1811 459 1841 485 ὲν

1051 504 1146 539 κόσμῳ
1156 504 1375 539 τινές.”Ελληνες
1389 504 1416 530 δὲ
1430 500 1514 535 οὗτοι,
1530 503 1576 530 καὶ
1590 503 1730 540 αῐρετικοί.
1743 504 1775 531 Οἱ
1789 504 1841 540 μὲν

1051 549 1115 585 γὰρ,
1132 548 1199 575 Θεοῦ
1214 549 1330 580 διδόντος
1345 547 1481 583 ἀνθρώπῳ
1496 547 1592 582 σοφίαν
1621 548 1668 575 καὶ
1688 546 1777 583 λόγον,
1790 548 1841 584 τὴν

1051 595 1102 630 τῆς
1117 595 1283 629 εὐγλωττίας
1296 594 1436 630 δεινότητα
1450 596 1510 626 ταῐς
1530 594 1584 621 τῶν
1599 593 1744 630 δαιμονίων
1765 595 1842 630 χαρί-

1053 640 1144 673 ζονται
1157 640 1256 674 δόξαις.
1273 640 1313 668 Τὰ
1327 640 1356 667 δέ
1371 649 1403 674 γε
1417 640 1472 667 τῶν
1487 639 1631 676 αἱρετικῶν
1649 639 1777 676 θεομισῆι
1792 640 1842 666 καὶ

1051 687 1146 713 ἀνόσια
1165 687 1248 722 στίφη
1266 686 1442 713 πολυπλόκων
1453 686 1561 713 ἐννοιῶν
1573 685 1706 722 εὑρέμασι
1726 685 1842 714 κατασι-

1052 733 1143 760 νονταί
1154 742 1239 765 τινας,
1252 732 1299 759 καὶ
1312 732 1356 759 τὸν
1369 732 1422 759 τῶν
1437 732 1611 767 ἁπλουτέρων
1623 731 1840 767 καταστρέφουσι

1052 779 1124 811 νοῦν,
1140 779 1187 805 καὶ
1201 779 1318 813 παγίδας
1333 778 1450 813 ἔστησαν
1466 778 1621 813 διαφθεῖραι
1643 777 1754 814 ἄνδρας,
1769 778 1841 805 κατὰ

1052 826 1083 852 τὸ
1094 825 1295 860 γεγραμμένον.
1304 824 1407 852 Οὐκοῦν
1424 824 1507 860 ἄμφω
1522 824 1686 860 τετιμήκασι
1696 823 1742 851 τὸν
1754 823 1840 854 Βάαλ,

1015 868 1037 895 Β
1054 871 1134 907 μόνον
1151 871 1179 898 δὲ
1196 871 1257 906 οὐχὶ
1281 870 1406 905 καθάπερ
1423 871 1456 897 ὲκ
1470 869 1585 896 πλούτου
1601 869 1697 905 νοητοῦ
1714 868 1842 905 λαμπρὸν

1051 916 1180 952 ἀνάθημα
1206 915 1436 951 προσκομίζουσιν
1455 917 1494 948 είς
1518 915 1598 948 δόξαν
1613 915 1702 943 αὐτῶν
1720 916 1755 943 τὰ
1774 916 1841 951 περὶ

1050 961 1128 988 Θεοῦ.
1151 961 1206 988 Καὶ
1216 961 1305 993 τοῦτο,
1323 958 1411 996 οἶμαι,
1425 961 1483 987 ἐστὶ
1510 961 1702 997 πνευματικῶς
1716 958 1745 988 εὖ
1766 961 1842 996 μάλα

1050 1007 1206 1043 νοούμενον,
1228 1007 1268 1040 τὸ,
1302 1006 1373 1041 Ἐγὼ
1397 1006 1504 1034 δέδωκα
1529 1007 1576 1034 τὸν
1601 1008 1686 1041 σῖτον,
1720 1007 1768 1034 καὶ
1793 1007 1841 1034 τὸν

1050 1051 1131 1086 οἶνον,
1147 1054 1194 1080 καὶ
1210 1053 1242 1080 τδ
1259 1053 1359 1088 ἔλαιον,
1376 1053 1424 1081 καὶ¹
1445 1052 1578 1089 ἀργύριον
1596 1053 1733 1089 samem
1750 1053 1820 1090 αὐτῇ
1832 1061 1841 1069 ⁶

1050 1099 1119 1134 αὑτὴ
1135 1099 1163 1126 δὲ
1172 1100 1290 1135 ἀργυρᾶ,
1304 1099 1352 1126 καὶ
1364 1099 1452 1135 χρυσᾶ
1465 1099 1577 1134 ἐποίησε
1590 1101 1623 1136 τῇ
1639 1099 1724 1128 Βάαλ.
1759 1099 1841 1127 ’Λναο

1052 1145 1143 1173 θετέον
1165 1144 1212 1173 οὖν
1231 1146 1285 1182 ἄρα
1304 1145 1364 1181 Θεῷ
1376 1146 1410 1173 τὰ
1423 1145 1517 1172 αὑτοῦ.
1533 1145 1586 1173 Τὸν
1598 1146 1653 1182 γάρ
1675 1155 1715 1173 τοι
1739 1145 1842 1178 παντὸς

1052 1192 1119 1227 ἡμῖν
1146 1192 1251 1226 ἀγαθοῦ
1273 1192 1383 1227 δωτῆρα
1404 1191 1451 1218 καὶ
1464 1191 1581 1228 χορηγὸν
1602 1191 1841 1227 καταχρυσοῦσθαι

1051 1237 1152 1273 πρέπει
1163 1238 1195 1264 δι’
1207 1235 1244 1265 ὧν
1255 1238 1288 1264 ἂν
1301 1238 1410 1273 ἔχοιμεν
1426 1238 1490 1274 παρ’
1505 1237 1598 1271 αὐτοῦ,
1609 1237 1660 1265 κᾶν
1675 1238 1699 1264 ει
1713 1237 1841 1273 λαμπρὸς

1052 1284 1094 1319 εἴη
1109 1283 1199 1318 λόγος,
1216 1283 1266 1310 κᾶν
1281 1284 1306 1310 εί
1328 1283 1390 1315 νοῦς
1402 1283 1472 1318 ἔχων
1489 1283 1647 1318 ἐπιτηδείως
1663 1283 1732 1317 πρὸς
1748 1282 1778 1310 τὸ
1795 1283 1841 1310 δύ-

1052 1330 1148 1358 νασθαι
1164 1331 1234 1357 νοεῖν
1247 1329 1335 1364 ἀληθῆ
1353 1330 1499 1365 μυστήρια.

1087 1375 1139 1402 Διὰ
1152 1376 1239 1402 τοῦτο
1249 1376 1430 1410 ἐπιστρέψω,
1442 1376 1491 1402 καί
1513 1376 1670 1411 κομιοῦμυ.
1685 1378 1739 1403 τὸν
1753 1376 1840 1404 σῖτόν

1049 1431 1108 1457 μου
1122 1423 1184 1450 καθ’
1197 1422 1276 1456 ὤραν
1287 1423 1391 1456 αὐτοῦ,
1403 1423 1451 1450 καὶ
1462 1423 1515 1449 τὸν
1531 1422 1616 1450 οἶνόν
1627 1432 1685 1457 μου
1696 1424 1732 1450 ἐν
1749 1424 1840 1458 καιρῷ

1051 1468 1154 1500 αὐτοῦ,
1170 1468 1217 1494 καί
1231 1469 1396 1503 ἀρελωῦμαι
1415 1468 1451 1495 τὰ
1467 1469 1564 1503 ἱμάτιά
1580 1477 1650 1503 μου,
1663 1468 1712 1496 καὶ
1720 1469 1758 1496 τὰ
1772 1470 1839 1496 ὀθό-

211 1521 243 1539 ne
262 1514 379 1546 operiant
400 1515 568 1549 ignominiam
587 1514 654 1548 ejus.
672 1514 706 1541 Et
726 1523 794 1542 nunc
813 1516 929 1543 revelabo
951 1517 999 1543 im-

1053 1513 1101 1540 νιά
1114 1522 1183 1547 μου,
1208 1514 1261 1540 τοῦ
1282 1513 1324 1548 μὴ
1353 1514 1518 1541 καλύπτειν
1542 1514 1599 1548 τὴν
1618 1514 1840 1549 ἀσχημοσύνην

211 1558 365 1585 munditiam
380 1559 436 1594 ejus
450 1560 476 1586 in
491 1567 629 1593 conspectu
641 1564 790 1588 amatorum
804 1561 887 1594 illius,
902 1567 927 1589 et
941 1562 1000 1588 nul-

209 1603 252 1631 lus
266 1610 337 1632 eruet
353 1613 412 1632 eam
427 1606 459 1633 de
474 1614 554 1632 manu
569 1614 637 1632 mea.

246 1693 336 1721 XVIII.
355 1694 451 1722 Cernis
463 1693 598 1728 quomodo
611 1694 728 1722 minatus
741 1695 776 1721 sit
789 1694 940 1722 ablaturum
955 1703 997 1729 se,

209 1748 269 1775 quae
285 1741 420 1768 delectare
435 1739 542 1772 solent,
558 1746 608 1767 uec
624 1739 651 1766 id
667 1739 818 1767 inutiliter?
835 1740 909 1769 Sicut
925 1749 1000 1768 nam-

209 1793 261 1821 que
273 1787 343 1813 viam
356 1786 414 1820 ejus
428 1785 494 1820 palis
507 1785 604 1812 deﬁxis
616 1785 737 1820 asperari
753 1785 786 1812 ad
800 1786 1000 1820 complectenda

209 1831 359 1859 salubriora
383 1831 543 1863 inducebat,
565 1830 735 1865 laciebatque
756 1831 798 1857 vel
823 1831 933 1859 invitam
958 1833 1000 1859 di-

209 1884 292 1904 cere:
318 1877 448 1904 Revertar
465 1876 497 1903 ad
516 1877 602 1903 virum
626 1884 714 1903 meum
730 1877 859 1911 priorem,
872 1878 999 1912 quoniam

210 1922 307 1950 melius
329 1923 393 1949 mihi
418 1927 481 1948 tunc
501 1927 569 1954 eral,
599 1929 678 1956 quam
720 1929 802 1955 nunc,
832 1923 1000 1957 experientia

209 1971 280 1997 enim
305 1975 446 2004 cognorat,
470 1969 534 2004 quid
560 1969 702 1997 utilitatem
726 1971 901 2002 conciliaret,
926 1977 953 2000 et
974 1972 999 2000 in

210 2017 306 2050 quibus
321 2020 460 2050 praestaret
475 2016 589 2042 libenter
603 2016 726 2044 habitare
742 2027 747 2043 :
763 2017 799 2043 ita
815 2017 837 2044 si
853 2017 1000 2050 abstulero,

211 2062 308 2096 inquit,
325 2069 384 2095 qua:
403 2069 461 2088 mea
479 2067 553 2094 sunt,
571 2067 634 2089 tunc
650 2062 813 2090 omnimodis
831 2067 999 2098 erogatoretn

211 2107 340 2142 requiret,
357 2113 383 2134 et
391 2107 557 2134 daemonibus
569 2113 673 2142 gratam
686 2116 715 2135 se
727 2109 856 2136 exhibere
863 2109 998 2144 designet;

211 2160 311 2187 eosque
328 2160 392 2180 vere
411 2153 474 2180 deos
491 2153 632 2185 arbitrari,
650 2159 680 2180 ut
696 2155 778 2181 etiam
797 2154 847 2181 sibi
865 2155 1000 2190 subjectos

1051 1559 1155 1592 αὐτῆς.
1173 1559 1225 1586 Καὶ
1240 1559 1297 1586 νῦν
1311 1560 1499 1594 ἀποκαλύψω
1517 1559 1573 1593 τὴν
1588 1560 1776 1594 ἀκαθαρσίαν
1785 1561 1839 1587 αὺ-

1051 1603 1106 1638 τῆς
1119 1603 1246 1630 ἐνώπιον
1258 1604 1317 1631 τῶν
1341 1604 1476 1639 ἐραστῶν
1493 1604 1598 1640 αὐτῆς,
1618 1606 1666 1632 καί
1686 1606 1788 1639 οὐδεὶς
1803 1608 1839 1633 οὐ

1050 1650 1092 1685 μὴ
1108 1650 1245 1683 ἐξέληται
1262 1650 1360 1684 αὐτὴν
1378 1651 1412 1676 ἐκ
1427 1652 1527 1685 χειρός
1539 1659 1607 1685 μου.

1086 1697 1139 1723 IH'.
1164 1697 1244 1732 Ὁρᾷς
1258 1697 1331 1728 ὅπως
1346 1697 1478 1732 ἠπείλησε
1487 1697 1535 1732 τὴν
1548 1697 1693 1732 ἀφαίρεσιν
1704 1697 1758 1723 τῶν
1773 1706 1839 1724 κατ-

1051 1742 1207 1776 ευφραίνειν
1222 1742 1341 1774 εἰδότων,
1359 1743 1496 1769 καὶτοῦτο
1509 1742 1663 1778 χρησίμως·
1676 1742 1771 1777 ὥσπερ
1784 1743 1838 1777 γὰρ

1051 1786 1081 1811 τὸ
1093 1786 1325 1821 ἀποτραχύνεσθαι
1342 1788 1398 1818 τοῖς
1416 1786 1526 1820 σκόλοψι
1545 1786 1592 1822 τὴν
1608 1787 1666 1813 ἁδὺν
1681 1787 1766 1821 αὐτῆς
1792 1788 1838 1813 ἐπὶ

1051 1831 1081 1856 τὸ
1088 1831 1196 1857 ἑλέσθαι
1204 1833 1310 1866 φρονεῖν
1320 1831 1352 1857 τὰ
1360 1831 1463 1866 ἀμείνω
1472 1831 1638 1866 παρήνεγκε,
1646 1831 1838 1866 παρεσκεύασε

1051 1876 1079 1902 δὲ
1094 1876 1189 1912 ὥσπερ
1201 1877 1247 1903 καὶ
1263 1877 1312 1911 οὐχ
1323 1876 1438 1903 ἑκοῦσαν
1451 1878 1547 1909 εἰπεῖν,
1580 1877 1609 1903 ‘E
1618 1877 1757 1912 πιστρέψω
1770 1877 1838 1912 πρὸς

1052 1922 1096 1949 τὸν
1108 1923 1191 1957 ἄνδρα
1208 1932 1258 1957 μου
1272 1923 1316 1949 τὸν
1332 1923 1476 1958 πρότερον,
1491 1923 1532 1948 ὅτι
1548 1922 1636 1953 καλῶς
1651 1931 1695 1957 μοι
1713 1920 1748 1957 ἦν
1765 1923 1836 1953 τότε,

1051 1969 1067 2003 ἢ
1083 1968 1143 1995 νῦν·
1171 1968 1242 2002 ἔγνω
1273 1968 1327 2004 γὰρ
1343 1969 1386 1995 διὰ
1410 1969 1505 2003 πείρας
1520 1969 1550 1994 τὸ
1566 1967 1659 1994 τελοῦν
1675 1969 1714 1999 είς
1732 1968 1836 2003 ὄνησιν,

1052 2015 1098 2040 καὶ
1106 2012 1145 2046 οἷς
1157 2012 1190 2049 ἦν
1204 2015 1313 2048 ἄμεινον
1326 2014 1533 2048 ὲμφιλοχωρεῖν·
1544 2013 1629 2044 οὕτως
1643 2014 1665 2039 εί
1681 2013 1792 2048 λάϐοιμι
1804 2014 1838 2040 τὰ

1051 2059 1180 2094 ἐμαυτοῦ,
1193 2059 1269 2094 φησι.
1283 2059 1344 2085 τότε
1357 2059 1389 2092 δὴ
1404 2058 1511 2090 πάντως
1526 2058 1637 2093 ζητήσει
1648 2058 1692 2085 τὸν
1706 2059 1835 2093 χορηγὸν,

1051 2106 1098 2131 καὶ
1121 2105 1255 2132 παύσεται
1276 2103 1323 2130 τοῦ
1345 2105 1398 2130 δεῖν
1417 2105 1547 2130 ἀνάπτειν
1563 2106 1619 2136 τοῖς
1638 2104 1788 2139 δαιμονίοις
1805 2105 1838 2131 τὰ

1051 2151 1228 2186 χαριστήρια,
1248 2149 1351 2177 οἴεσθαί
1363 2158 1392 2176 τε
1405 2150 1446 2176 ὅτι
1461 2150 1516 2176 θεοὶ
1532 2150 1601 2177 κατὰ
1613 2149 1742 2185 ἀλήθειάν
1755 2151 1836 2181 εἰσιν,

212 2199 237 2225 in
248 2199 388 2233 pristinam
399 2198 553 2225 felicitatem
563 2199 706 2226 restituere
714 2199 769 2235 ω
776 2204 885 2235 queant.
894 2200 925 2227 Et
934 2205 999 2228 tent-

1053 2196 1086 2227 ὡς
1101 2196 1148 2222 καὶ
1164 2195 1314 2227 ἀνασώζειν
1330 2195 1460 2222 δύνασθαι
1479 2196 1541 2228 τοὺς
1562 2196 1607 2222 ὑπ’
1621 2195 1710 2226 αὐτοῖς
1726 2196 1836 2229 γεγονὸ-

211 2251 275 2277 poro
288 2251 336 2270 suo
351 2243 531 2276 frumentum,
548 2249 574 2272 et
588 2244 693 2276 vino-at,
709 2251 735 2272 et
751 2245 831 2273 lintea
845 2245 996 2273 ablaturum

211 2289 286 2320 dicit,
303 2289 456 2316 fallentibus
473 2289 542 2315 forte
555 2296 605 2316 suo
620 2294 738 2324 tempore
752 2290 884 2325 frugibus,
899 2298 926 2320 et
941 2300 998 2319 tua—

211 2336 322 2360 turitate
336 2341 383 2360 eas
399 2333 579 2366 destituente,
594 2338 622 2360 ut
637 2334 663 2360 in
681 2338 752 2361 terra
767 2335 879 2363 colenda
895 2337 1000 2364 labores

211 2387 305 2406 inanes
323 2379 407 2406 fuisse
423 2379 552 2406 toleratos
567 2384 704 2414 appareat.
720 2379 795 2412 Quod
811 2381 833 2408 si
848 2383 910 2416 quis
926 2383 1001 2409 malit

211 2424 359 2458 intelligere
379 2424 485 2452 Juda‘os
508 2424 642 2452 frumento
681 2429 708 2452 et
728 2426 789 2452 vino
811 2434 860 2454 suo
883 2431 1002 2462 tempore

211 2470 344 2503 privatum
360 2470 404 2501 iri,
420 2475 512 2503 utpote
528 2470 641 2504 mystica
657 2470 844 2499 benedictione
857 2472 996 2507 spoliatos,

211 2517 294 2550 probe
311 2516 452 2551 intelliget.
466 2516 560 2543 Lintea
578 2522 667 2544 autem
682 2517 746 2544 dicit
762 2525 907 2552 superuutu
922 2520 997 2545 auxi-

212 2564 294 2594 lium,
313 2570 365 2596 quo
383 2563 459 2596 quasi
477 2567 621 2596 coopertus
638 2564 772 2598 quispiam
790 2565 903 2591 decorus
919 2565 971 2591 erit
989 2573 995 2591 :

212 2612 285 2634 :xtra
304 2607 328 2634 id
346 2615 397 2634 non
409 2606 464 2640 jam
480 2608 558 2635 valde
572 2608 668 2636 decens
679 2628 686 2640 ,
701 2609 747 2636 sed
764 2609 907 2636 admodutn
924 2609 998 2636 inde-

212 2659 289 2684 ccns,
306 2658 334 2680 et
350 2658 474 2688 tanquam
491 2654 578 2681 nudus
593 2655 663 2681 inter
678 2654 801 2682 homines
820 2654 995 2688 permanebit.

213 2697 256 2724 Sic
275 2705 339 2731 ergo
359 2698 522 2726 ablationem
544 2699 703 2733 linteorum,
721 2708 755 2727 ne
773 2704 864 2734 tegant
883 2700 997 2734 ignomi-

213 2743 281 2770 niam
299 2743 372 2777 ejus,
394 2743 526 2779 intelligas
546 2745 616 2773 Iicet.
635 2744 824 2773 Revelaturum
846 2752 927 2780 porro
945 2745 996 2772 im-

246 2831 269 2847 “
283 2832 353 2862 Psal.
370 2841 424 2866 ινι,
444 2833 471 2861 7.

1053 2242 1177 2274 τας.Καὶ
1202 2243 1230 2268 ὲν
1248 2241 1337 2277 καιρῷ
1348 2241 1376 2268 δὲ
1390 2241 1523 2276 λήψεσθαι
1547 2241 1592 2268 τὸν
1617 2242 1700 2272 σῖτον,
1722 2241 1770 2267 καὶ
1791 2241 1838 2266 τὶν

1047 2286 1127 2320 οἶνον,
1145 2287 1190 2313 καὶ
1212 2287 1247 2313 τὰ
1270 2287 1362 2314 ὀθόνια
1399 2287 1477 2322 φησι,
1498 2286 1670 2321 ψευδομένων
1686 2287 1756 2320 τάχα
1786 2295 1836 2312 που

1049 2332 1118 2358 κατὰ
1129 2332 1240 2367 καιροὺς
1257 2331 1310 2358 τῶν
1330 2331 1456 2366 καρπῶν,
1472 2331 1519 2358 καὶ
1535 2331 1730 2367 ὑστεριζόντων
1744 2332 1837 2362 αὐτοῖς

1049 2374 1102 2401 τῶν
1113 2375 1241 2410 ὠρίμων’
1255 2375 1292 2406 ὡς
1309 2376 1439 2410 ματαίους
1451 2375 1596 2410 ἀνατλῆναι
1609 2376 1656 2401 καὶ
1669 2376 1732 2407 τοὺς
1745 2376 1793 2402 ὲπί
1805 2384 1837 2410 γε

1050 2421 1082 2454 τῇ
1109 2420 1231 2455 γηπονίᾳ
1255 2420 1361 2452 πόνους.
1385 2421 1415 2446 Ei.
1430 2420 1458 2446 δὲ
1484 2420 1515 2454 δή
1532 2428 1573 2451 τις
1585 2419 1673 2446 ἕλοιτο
1692 2421 1762 2447 νοεῖν
1795 2422 1837 2447 ὅτι

1053 2464 1126 2490 σίτου
1149 2464 1195 2490 καὶ
1219 2464 1289 2490 οἴνου
1309 2464 1520 2499 στερηθήσονται
1545 2464 1615 2490 κατὰ
1639 2465 1752 2499 καιροὺς
1771 2465 1838 2491 Ἰου-

1051 2509 1130 2539 δαῖοι,
1146 2509 1197 2543 τῆς
1212 2509 1343 2544 μυστικῆς
1359 2509 1483 2543 εὐλογίας
1495 2509 1711 2541 ἐκπεπτωκότες,
1726 2511 1838 2546 σννήςει

1052 2555 1151 2586 καλῶς.
1173 2555 1277 2582 ὈΟόνια
1297 2555 1325 2582 δέ
1341 2564 1406 2590 φησι
1433 2556 1482 2590 τὴν
1498 2556 1578 2581 οἱονεὶ
1601 2555 1772 2591 περιστολὴν,
1789 2558 1838 2583 καὶ

1050 2602 1099 2637 τὴν
1112 2601 1214 2628 ἄνωθεν
1226 2601 1395 2636 ἐπικουρίαν,
1414 2601 1458 2635 ὑφ’
1508 2600 1627 2634 γεγονὼς
1643 2601 1719 2627 ἕσται
1732 2609 1773 2632 τις
1792 2602 1834 2626 εὑ-

1053 2649 1173 2683 σχήμων.
1196 2648 1225 2674 EI
1242 2648 1270 2674 δὲ
1285 2648 1337 2680 ἔξω
1356 2647 1475 2682 φέροιτο,
1490 2647 1656 2682 περικαλλὴς
1670 2647 1720 2682 μὲν
1733 2647 1834 2679 οὐκέτι,

1051 2695 1117 2722 πολὺ
1129 2695 1161 2730 δὴ
1178 2695 1238 2721 λίαν
1254 2695 1394 2730 ἀσχήμων,
1409 2694 1456 2720 καὶ
1472 2693 1553 2719 οἱονεὶ
1568 2693 1671 2728 γυμνὸς
1688 2693 1836 2719 διατελέσει

1049 2741 1119 2768 κατὰ
1131 2742 1176 2768 τὸν
1189 2741 1300 2776 κόσμον.
1316 2737 1378 2766 Ὧδε
1396 2739 1444 2775 μὲν
1457 2737 1503 2766 οὖν
1517 2739 1566 2774 τὴν
1582 2739 1636 2765 τῶν
1650 2739 1761 2766 ὀθονίων
1774 2738 1838 2772 νοή-
