1913 3042
44 215 74 242 73
515 213 789 242 COMMENTARIUS
805 213 838 242 ΙΝ
859 215 976 243 OSEAM
996 216 1214 245 PROPHETAM.

1645 216 1681 244 7.5

47 283 97 306 σεις
116 273 270 309 ἀφαίρεσιν
282 293 292 306 ,
313 272 386 308 ὑπέρ
401 281 432 307 γε
453 272 499 299 τοῦ
518 272 555 308 μὴ
579 271 764 300 καλύπτεσθαι
793 272 842 307 τὴν

897 275 1069 307 munditiam,
1085 281 1111 302 ct
1125 281 1216 302 coram
1233 278 1398 306 amatoribus
1413 277 1471 313 ejus
1486 279 1620 314 promittit
1647 287 1682 306 co
1700 281 1704 284 '

47 319 240 355 ἀσχημοσύνην
265 319 368 354 αὐτῆς.
386 317 586 353 Ἀποκαλύψειν
603 318 632 345 δέ
644 318 693 353 τὴν
720 318 842 353 ἀκαθαρ-

50 367 103 393 σίαν
117 365 208 400 αὐτῆς
223 365 447 400 ἐπαγγέλλεται,
470 364 517 391 καὶ
540 363 596 390 τῶν
615 363 738 398 ἐραστῶν
758 363 841 399 αὐτῆς

49 412 175 445 ἐναντίον,
200 412 278 439 κατά
299 412 402 439 τοιόνδε
434 411 494 438 τι.νά
522 411 642 446 τρόπον,
662 410 691 437 ὃν
712 411 843 446 ἐλέγομεν

49 459 155 493 ὰραίως,
167 459 211 484 ὃτι
222 458 417 494 περιπεσοῦσα
433 458 490 488 τοῖς
507 457 631 492 σκόλοψι,
643 456 776 489 τουτέστι,
787 458 842 488 τοῖς

48 506 76 531 ἐκ
87 504 135 531 τοῦ
151 504 279 539 πολέμου
293 505 400 537 κακοῖς,
416 503 464 530 καὶ
485 504 546 535 ταῖς
565 504 606 530 ὅτι
626 502 743 538 μάλιστα
758 511 843 529 κατα-

48 550 173 585 πλήττειν
191 550 361 585 δυναμέναις
376 550 539 584 συμφοραῖς,
553 549 600 576 καὶ
611 548 702 575 αὐτῶν
710 547 843 584 ἀμελήσει

48 597 98 623 τῶν
115 597 144 623 ἐν
169 595 308 631 ὑπολήψει
331 595 416 628 θεῶν,
436 596 486 622 οὐκ
505 595 534 622 ἐν
560 595 641 630 σχολῇ
667 595 843 631 προσάγουσα

49 642 143 673 θυσίας
164 642 276 673 αὐτοῖς,
294 640 357 667 οὔτε
383 640 435 676 μὴν
449 640 484 666 τά
501 640 604 675 συνήθη
619 639 740 675 πληροῦν
762 640 842 666 δυνα-

51 688 115 724 μένη
130 687 203 723 πρὸς
218 687 300 720 δόξαν
312 686 413 713 αὐτῶν,
425 685 677 721 Κατακερτομοῦσα
690 686 718 713 δὲ
731 685 840 721 μᾶλλον.

48 734 83 766 ὡς
97 734 175 760 οὐδὲν
187 733 280 760 αὐτῶν
295 732 446 759 ἀπόνασθαι
463 732 554 767 μετὸν,
565 732 612 759 καὶ
624 731 844 763 κατονειδίζουσα

50 789 105 812 πως
115 780 147 806 τι
155 780 254 806 ἀναλκι
263 779 414 811 παντελῶς,
429 788 439 805 ι
450 778 629 815 Ὑποστρέψω
637 798 643 809 ,
652 788 662 804 ι
673 778 750 813 φησὶ,
761 779 843 813 «πρὸς

50 826 93 853 τὴν
107 825 196 862 ἄνδρα
211 834 264 860 μου
279 825 326 852 τὸν
346 825 489 861 πρότερον,
503 825 544 852 ὅτι
560 824 651 857 καλῶς
667 833 712 860 μοι
723 822 757 860 ἦν
772 825 843 858 τότε,

50 871 137 908 ἢνῦν.
155 880 165 897 ι
192 871 279 898 Ὅταν
303 870 396 897 τοίνυν
420 869 589 905 ὰπαμφιέσω
614 870 662 904 μὲν
685 869 771 905 αὐτὴν
795 869 844 904 τῆς

51 918 112 953 παρ’
137 917 220 953 ἐμοῦ,
234 917 328 952 φησὶν,
348 916 518 951 ἐπικουρίας,
530 915 718 952 περιπεσοῦσα
734 916 763 942 δὲ
786 916 844 946 τοῖς

895 320 974 347 modo
1006 328 1059 355 quo
1074 321 1129 356 jam
1147 322 1310 351 dicebamus.
1328 324 1460 358 Quoniam
1477 332 1538 353 cum
1556 325 1682 353 inciderit

894 365 921 392 in
939 365 1029 401 palos,
1046 367 1096 395 hoc
1114 373 1171 401 est,
1189 368 1214 396 in
1232 369 1400 398 calamitates
1417 371 1493 403 belli,
1511 375 1538 398 et
1555 371 1582 398 in
1599 371 1683 398 detri—

894 415 1000 445 menta,
1023 420 1083 447 qum
1105 414 1252 448 percellere
1273 416 1389 444 maxime
1410 422 1538 451 possunt,
1558 421 1586 445 et
1608 418 1682 453 ipsos

895 465 964 492 quos
984 459 1098 492 putabat
1117 458 1235 493 negliget
1253 460 1328 493 deos,
1345 467 1398 487 nou
1415 461 1442 488 in
1458 462 1513 488 otio
1529 462 1562 490 iis
1577 461 1682 489 hostias

893 503 1052 537 immolans,
1072 511 1121 531 nec
1140 509 1268 532 consueta
1289 506 1323 532 ad
1344 505 1461 540 ipsorum
1481 506 1591 541 gloriam
1612 514 1681 542 prre-

893 554 968 577 stare
981 551 1061 585 polis.
1074 550 1200 584 Quinimo
1213 551 1343 578 conviciis
1356 551 1503 584 insectans,
1517 557 1546 579 ut
1560 553 1679 585 inutiles,

893 600 919 622 et
941 596 1139 630 quodammodo
1160 604 1291 624 summam
1316 597 1380 631 ipsis
1405 596 1614 625 imbecillitatem
1634 607 1681 626 ex-

894 641 1025 675 probrans
1052 649 1058 668 :
1087 650 1096 667 ι
1125 641 1265 675 Revertar,
1291 642 1396 677 inquit,
1421 643 1454 669 ad
1478 643 1564 670 virum
1592 651 1680 671 mrum

894 686 1029 721 priorem,
1054 688 1180 722 quoniam
1206 688 1302 715 melius
1327 689 1391 715 mibi
1417 693 1480 716 tunc
1503 694 1577 722 erat,
1601 697 1682 723 quam

895 740 975 760 nunc.
996 741 1005 758 ι
1025 732 1138 766 Quando
1156 733 1247 768 igitur,
1265 733 1368 768 inquit,
1384 741 1486 761 exuero
1504 734 1588 768 ipSam
1607 735 1684 761 auxi-

894 778 937 806 liis
953 779 1037 811 meis,
1054 783 1082 806 et
1097 779 1123 806 in
1142 779 1210 806 mala
1228 779 1382 812 devenerit,
1398 779 1583 815 honoremque
1598 785 1625 807 et
1641 781 1682 807 di-

894 825 1036 852 lectionem
1062 832 1156 852 eorum
1170 826 1372 861 contempserit,
1385 826 1529 861 animoque
1542 831 1641 861 a-groto
1652 833 1684 853 ac

895 871 1043 906 pmnitcnte
1060 871 1132 905 ipsos
1148 871 1300 905 despuerit,
1317 877 1381 899 tunc
1397 873 1450 900 illis
1466 872 1592 899 indecora
1609 872 1684 899 vide-

896 915 977 941 bitur.
991 915 1056 942 Nam
1071 917 1159 950 quoad
1175 917 1228 944 illis
1254 918 1345 944 suavia
1359 923 1386 945 et
1401 917 1486 945 amica
1513 921 1627 952 spectat,
1640 924 1684 943 ca—

50 952 161 996 δεινοῖς,
193 963 243 990 καὶ
264 962 315 997 τῆς
340 963 381 994 εἰς
410 962 509 993 αὐτοὺς
535 961 658 998 ἀλογήσῃ
686 960 769 996 τιμῆς
799 960 846 987 καὶ

897 960 1018 987 lamitosa
1037 962 1125 995 potius
1138 963 1262 989 videatur
1275 970 1385 990 necesse
1402 967 1460 996 est,
1477 964 1500 991 si
1518 971 1604 998 neque
1622 971 1683 990 ριιιιι

51 1008 175 1043 ἀγάπης,
192 1007 255 1034 τότε
282 1007 330 1033 καὶ
355 1006 446 1037 αὐτοῖς
472 1006 606 1041 ἀσχήμων
621 1005 786 1041 ὀφθήσεται,
803 1013 846 1031 σα-

51 1053 105 1089 θρῷ
121 1053 170 1080 καὶ
184 1052 328 1084 κολάζοντι
343 1051 382 1087 νῷ
395 1051 568 1079 διαπτύσασα
579 1052 627 1078 καὶ
643 1051 751 1083 αὺτούς.
762 1051 846 1078 ’⁷οσον

51 1100 102 1135 γὰρ
114 1100 180 1134 ἣκει
204 1099 246 1131 είς
268 1099 300 1126 τὸ
321 1099 436 1130 ἐκείνοις
458 1098 509 1133 ήδὺ
527 1098 575 1125 καὶ⁴
602 1097 699 1132 φίλον,
718 1097 844 1132 τληπαοῆ

54 1145 152 1180 μᾶλλιν
168 1144 288 1180 ὁρᾶσθαι
301 1145 368 1179 χρή.
382 1144 438 1170 Καὶ
454 1142 515 1169 οὐδὲ
530 1142 559 1168 ἐν
577 1141 672 1172 αὐταῖς
684 1138 769 1168 οὖσαν
783 1141 844 1172 ταῖς

53 1190 178 1226 ἐσχάταις
199 1190 365 1225 συμφοραῖς,
382 1187 436 1214 τῶν
458 1187 551 1219 αὐτοῖς
567 1186 717 1214 δοκούντων
730 1185 842 1212 ἐπιλαν-

53 1233 190 1261 θάνεσθαι.
203 1232 311 1260 οὐκοῦν
328 1232 392 1259 ὅσον
405 1232 470 1267 ἥκει
486 1232 527 1264 είς
542 1231 571 1258 τὺ
593 1231 706 1258 ἐκείνων
724 1230 841 1266 Θέλημα,

53 1281 99 1306 καὶ
114 1280 181 1315 παρ’
195 1279 289 1311 αὐτοῖς
311 1278 445 1313 ἀσχήμων
457 1278 472 1304 ὁ
498 1277 619 1313 Ἰσραὴλ,
633 1277 681 1310 οὓς
699 1277 843 1313 νενόμικεν

54 1325 121 1353 εἶναι
133 1325 227 1357 θεοὺς,
243 1325 274 1352 οὐ
295 1326 378 1360 μέχρι
393 1325 494 1356 παντὸς
507 1323 619 1359 ἀγαπᾷν
633 1323 781 1359 ᾑρημένος.
797 1324 844 1351 Δο-

54 1373 94 1399 κεῖ
101 1372 130 1398 δέ
140 1380 185 1407 μοι
194 1371 279 1405 φάναι
294 1379 321 1397 τι
331 1370 451 1397 τοιοῦτον
459 1371 473 1397 ὁ
483 1370 617 1406 μακάριος
631 1370 724 1402 Ἠλίας
732 1378 740 1386 ·
756 1370 845 1402 (Ἕως

55 1419 117 1445 ποτε
132 1415 211 1453 ὑμεῖς
235 1417 384 1453 χωλανεῖτε
399 1417 442 1444 ἐπ’
459 1416 631 1452 ἀμφοτέραις
646 1417 707 1448 ταῖς
723 1415 846 1450 ἰγνύαις;

55 1464 151 1492 Είεστι
165 1463 269 1499 Κύριος
288 1463 392 1495 ὸΘὲὺς,
415 1462 566 1499 πορεύεσθε
591 1461 680 1488 ὀπίσω
698 1461 791 1488 αὐτοῦ.
816 1462 849 1492 Et

55 1511 81 1537 se
93 1512 107 1538 ό
119 1509 191 1538 Βάαλ
201 1509 293 1543 αὕτδς,
309 1509 458 1544 πορεύεσθε
472 1508 560 1536 ὀπίσω
574 1507 656 1534 αὑτοῦ
665 1516 689 1533 Ὶ
704 1507 718 1534 δ
731 1507 849 1543 ἑτέρωθί

894 1007 1007 1034 summis
1022 1008 1193 1035 conﬂictatur
1208 1009 1340 1042 miseriis,
1356 1017 1449 1037 eorum
1465 1017 1524 1044 qua:
1541 1010 1606 1044 ipsis
1624 1010 1683 1044 pia-

894 1056 956 1079 cent
973 1051 1158 1080 obliviscatur.
1175 1054 1251 1087 Quod
1273 1062 1336 1089 ergo
1353 1055 1386 1082 ad
1406 1062 1500 1082 eorum
1518 1055 1682 1082 voluntatum

893 1097 1002 1128 attinet,
1015 1097 1097 1124 etiam
1111 1097 1180 1131 apud
1197 1098 1269 1132 ipsos
1284 1105 1351 1133 quos
1365 1099 1468 1133 putavit
1482 1098 1547 1126 deos
1563 1106 1623 1126 esse
1637 1099 1684 1126 de-

893 1140 988 1169 formis
1003 1146 1045 1169 est
1059 1141 1151 1175 lsrael,
1166 1144 1275 1178 quando
1289 1151 1336 1172 eos
1349 1144 1461 1179 diligere
1476 1145 1605 1172 cessavit.
1620 1140 1684 1172 Exi-

895 1186 977 1214 stimo
1002 1194 1083 1222 porro
1108 1189 1160 1216 tale
1177 1189 1314 1225 quidpiam
1330 1190 1430 1218 dixisse
1446 1189 1553 1217 beatum
1572 1189 1657 1217 Etiam
1675 1197 1682 1215 :

897 1241 907 1258 ι
927 1231 1074 1268 Usquequo
1099 1242 1147 1262 vos
1162 1235 1349 1264 claudicabitis
1376 1236 1508 1263 ambobus
1539 1235 1685 1270 poplitibus

893 1279 1011 1307 vestris?
1026 1279 1053 1307 Si
1069 1285 1111 1308 est
1125 1281 1255 1309 Dominus
1268 1281 1354 1314 Deus,
1372 1282 1410 1310 ite
1425 1286 1484 1318 post
1497 1289 1558 1309 eum
1575 1290 1582 1315 ;
1599 1281 1622 1309 εἰ
1637 1289 1685 1308 au-

891 1328 946 1353 tem
961 1325 1024 1353 Baal
1038 1331 1089 1360 est,
1103 1327 1140 1363 ite
1152 1333 1212 1361 post
1224 1335 1285 1356 eum
1296 1327 1330 1355 “.
1346 1337 1357 1354 ι
1370 1327 1445 1362 Quod
1457 1327 1520 1355 alibi
1531 1327 1590 1354 ait:
1606 1336 1616 1353 ι
1633 1327 1686 1355 Ant

893 1370 958 1398 Baal
971 1371 1045 1405 Baal,
1058 1377 1105 1399 aut
1117 1373 1173 1401 Deo
1188 1373 1253 1401 Deo.
1271 1382 1280 1399 ι
1295 1373 1435 1401 Neminem
1451 1377 1541 1400 autem
1556 1380 1603 1400 eos
1617 1372 1685 1400 Iibe-

895 1424 958 1445 rare
977 1425 1066 1453 posse,
1083 1419 1128 1454 qui
1148 1419 1231 1448 semel
1254 1420 1280 1447 in
1302 1420 1370 1447 iram
1392 1419 1438 1447 Dei
1461 1419 1617 1452 inciderint,
1636 1427 1685 1447 uec

897 1463 1017 1499 erigere,
1032 1470 1058 1492 et
1074 1465 1228 1494 instaurare
1241 1473 1320 1501 quem
1335 1466 1406 1494 Deus
1419 1467 1579 1503 proiecerit,
1592 1471 1684 1493 osten-

898 1508 939 1536 dit
954 1516 1015 1536 cum
1033 1510 1122 1538 dixit:
1142 1520 1151 1536 ι
1170 1510 1254 1538 Nemo
1268 1517 1344 1539 eruet
1359 1520 1418 1540 eam
1435 1512 1468 1540 de
1484 1520 1565 1540 manu
1582 1519 1652 1539 mea.
1673 1521 1683 1538 ο

57 1565 147 1595 φησιν·
168 1567 178 1584 ι
190 1558 227 1584 Ἦ
243 1556 330 1590 Βάαλ,
349 1556 465 1591 Βάαλ,ἢ
480 1555 540 1591 Θεῷ
558 1554 643 1591 Θεῷ.»
660 1555 722 1582 Ὅτι
735 1554 764 1581 δὲ
778 1554 866 1587 οὐδεὶς
883 1555 1048 1589 ἀπαλλάξειε
1062 1558 1125 1589 τοὺς
1145 1557 1220 1591 ᾶπαξ
1243 1559 1295 1586 ὑπὸ
1320 1559 1394 1586 θείαν
1422 1561 1567 1595 γεγονότας
1589 1558 1684 1595 ὀργὴν,

57 1607 106 1633 ι)ὗῖ
117 1606 148 1633 ἂν
164 1603 296 1641 ὀρθώσειέ
308 1611 351 1635 τις
369 1602 416 1629 τὸν
431 1601 650 1637 κατεῤῥιμμένον
678 1599 756 1635 παρά
773 1599 853 1632 Θεοῦ,

58 1658 87 1682 εκ
98 1651 185 1686 χειρός
202 1659 264 1686 μου.
284 1659 293 1676 ι

892 1599 1010 1637 δέδειχεν
1032 1601 1118 1630 εἰπὼν
1132 1603 1173 1636 τὸ,
1198 1612 1207 1630 ι
1225 1604 1319 1636 Οὐδεὶς
1351 1604 1381 1631 οὺ
1401 1603 1439 1640 μὴ
1456 1604 1579 1640 ἐξέληται
1601 1604 1687 1640 αὐτην

90 1697 140 1725 Καὶ
161 1695 345 1730 ἀποστρέψω
369 1694 469 1727 πάσας
494 1693 547 1727 τὰς
571 1692 762 1727 εὐφροσύνας
787 1692 841 1719 αὺ-

927 1692 979 1729 ᾇι
1009 1693 1092 1722 Vens.
1108 1695 1151 1722 li.
1173 1694 1208 1722 Et
1229 1702 1344 1723 avertam
1374 1704 1462 1723 onnws
1497 1696 1604 1724 ίτιιιὶιὶας
1618 1698 1685 1734 ejus,

59 1744 118 1779 τῆς,
129 1743 234 1778 ἑορτὰς
252 1741 360 1776 αὐτῆς,
378 1741 426 1767 καὶ
439 1741 493 1773 τὰς
507 1739 672 1775 νουμηνίας
684 1737 845 1773 αὐτῆς-,καὶ

59 1792 91 1818 τὰ
108 1790 240 1817 Σάϐϐατα
262 1787 370 1823 αὐτῆς,
387 1787 436 1814 καὶ
456 1787 558 1820 πάσας
582 1787 636 1819 τὰς
662 1785 845 1820 πανηγύρεις

60 1836 158 1870 αὐτῆς.

102 1882 150 1909 ιθν.
170 1882 202 1908 Oi
224 1880 280 1916 γὰρ
300 1880 369 1912 ὅλως
390 1880 446 1910 τοῖς
462 1878 534 1905 οὕτω
559 1877 686 1913 σκληροῖς
711 1877 757 1904 καὶ
774 1876 844 1912 ἀφύ-

61 1936 126 1959 κτοις
144 1926 335 1962 ἐνειλημμένοι
351 1925 456 1956 κακοῖς,
469 1924 506 1955 ὡς
525 1923 572 1950 καὶ
595 1923 647 1950 ὑπὸ
670 1925 749 1959 χεῖρα
765 1923 842 1957 γενέσ

63 1973 116 2000 σθαι
129 1972 311 2008 βαρϐαρικὴν,
324 1972 372 1999 καὶ
386 1970 416 1996 ἐν
427 1970 600 2005 δορυκτήτων
616 1969 699 2004 μοίρᾳ
710 1968 846 1997 δουλεύειν

62 2018 169 2053 ἐχθροῖς,
182 2017 242 2049 πῶς
257 2017 291 2044 ἀν
311 2016 488 2052 ἐορτάσειαν;
504 2015 539 2041 Ἥ
556 2015 631 2040 ποῖον
646 2014 679 2040 ἂν
694 2013 781 2048 ἔχοιεν
801 2013 846 2040 εὐ-

63 2063 190 2099 φροσσῶιης
210 2063 317 2099 καιρὸν,
339 2063 364 2089 oi
380 2062 439 2094 ταῖς
459 2060 529 2087 οὕτω
551 2059 689 2095 δριμείαις
709 2060 847 2096 κατήχθη-

66 2109 131 2143 μένοι
145 2109 280 2145 φροντίσι,
296 2108 344 2135 καὶ
359 2107 506 2143 ἀφορήτοις
521 2105 621 2137 λύπαις
638 2106 844 2140 ὲντετηγμένοι;

64 2156 159 2187 Καίτοι,
180 2156 239 2187 πῶς
253 2155 304 2181 οὐκ
316 2155 428 2189 ἄμεινον
444 2154 532 2180 ἐκεῖνο
547 2154 628 2184 νοεῖν,
643 2151 681 2184 ὡς
695 2152 795 2187 πρέποι
813 2151 846 2179 ἂν

66 2201 154 2236 μᾶλλον
177 2203 234 2233 τοῖς
255 2201 295 2232 είς
319 2200 399 2227 τοῦτο
416 2198 602 2234 ταλαιπωρίας
636 2197 845 2233 ὲνηνεγμὲνοις,

65 2248 221 2283 ἀνακραγεῖν
233 2247 264 2273 τὺ
275 2247 319 2273 διὰ
333 2246 383 2281 τῆς
398 2245 445 2272 τοῦ
461 2245 616 2276 Ψάλλοντος
627 2244 713 2280 λύρας
725 2242 755 2270 εὖ
774 2243 847 2279 μάλα

67 2293 321 2328 παραφωνούμενον·
342 2301 352 2317 ‹
374 2291 435 2317 Ἐπὶ
459 2290 513 2317 τῶν
538 2289 670 2325 ποταμῶν
686 2288 846 2320 Βασυλῶνος

67 2338 116 2364 ἐκεῖ
128 2338 304 2373 ὲκαθίσαμεν,
327 2337 376 2364 καὶ
392 2335 573 2372 ὲκλαύσαμεν,
587 2336 616 2363 ὲν
636 2334 675 2370 τῷ
693 2333 846 2370 μνησθῆναι

895 1741 1073 1769 solemnitate:
1084 1743 1141 1775 eius
1159 1748 1184 1770 et
1199 1744 1348 1771 neomeuias
1364 1743 1430 1778 ejus,
1440 1748 1463 1770 et
1479 1741 1593 1770 Subbala
1610 1744 1666 1779 ejus
1677 1765 1686 1778 ,

894 1791 920 1813 ει
936 1792 1043 1814 cunctas
1057 1787 1207 1823 festivitates
1220 1789 1288 1824 ejus.

930 1875 1003 1903 XIX.
1029 1875 1078 1909 Qui
1103 1877 1174 1903 enim
1209 1884 1320 1912 prorsus
1356 1878 1423 1905 adeo
1446 1880 1524 1907 sazvis
1553 1884 1578 1906 ct
1599 1880 1686 1906 inelu-

896 1921 1039 1949 rtabilibus
1058 1921 1230 1956 circamscpti
1243 1928 1320 1949 erant
1335 1923 1520 1956 inconuuodis,
1539 1928 1566 1950 ut
1578 1929 1603 1951 et
1622 1925 1686 1952 bar-

896 1966 970 1995 baris
991 1967 1104 2001 subjecti
1127 1972 1228 2000 essent,
1243 1972 1270 1994 et
1295 1971 1323 1994 ut
1340 1965 1409 1994 bello
1438 1968 1508 2002 capti
1540 1970 1683 2002 servirent,

897 2013 1032 2047 quomodo
1061 2012 1157 2040 festum
1189 2013 1445 2040 celebrarent?aut
1478 2020 1558 2048 quam
1587 2013 1686 2042 laetitia:

897 2059 1126 2094 opportunitatem
1144 2059 1292 2092 baberent,
1314 2059 1358 2094 qui
1388 2064 1441 2086 tam
1468 2060 1576 2087 acribus
1613 2061 1684 2088 curis
1713 2071 1715 2074 ⁴

898 2105 1074 2137 vexabantur,
1092 2109 1119 2132 et
1135 2105 1308 2132 intolerandis
1331 2104 1535 2140 aegritudinibus
1559 2106 1687 2133 contabe-

898 2150 1012 2178 scebant
1025 2149 1036 2176 3
1051 2149 1222 2184 Quanquam,
1249 2156 1297 2177 cur
1317 2157 1369 2176 non
1395 2150 1518 2178 malimus
1534 2151 1569 2178 ita
1591 2152 1687 2179 iutclli-

898 2203 972 2232 gere,
991 2195 1110 2224 futurum
1138 2201 1167 2223 ut
1189 2196 1269 2223 tantis
1283 2196 1411 2223 :erunmis
1446 2197 1533 2224 obruti
1559 2205 1610 2225 non
1639 2199 1686 2226 ab-

898 2239 980 2267 surde
1001 2240 1164 2272 exclamcnt,
1180 2239 1250 2275 quod
1271 2238 1370 2267 Psaltze
1384 2239 1441 2275 lyra
1452 2241 1593 2270 verissime
1621 2242 1686 2277 ipsis

898 2286 1031 2313 acciuuit:
1043 2295 1052 2311 ι
1068 2285 1156 2319 Super
1166 2285 1276 2313 [lumina
1292 2285 1436 2320 Babylonis
1451 2286 1504 2314 illic
1517 2287 1646 2320 sedimus,
1661 2292 1688 2314 et

898 2330 1037 2364 ﬂevimus,
1058 2331 1119 2359 dum
1142 2332 1349 2360 recordaremur
1366 2331 1415 2366 tui,
1429 2331 1495 2359 Sion
1505 2330 1545 2357 ’³2
1558 2339 1567 2356 ι
1581 2331 1686 2360 Etlicet

67 2385 131 2419 ἡμᾶς
158 2385 207 2420 τῆς
233 2383 320 2417 Σιών;
339 2393 348 2409 ι
378 2382 599 2418 Ἀνεπιτήδευτον
613 2381 641 2408 δὲ
657 2380 797 2412 παντελῶς
817 2380 846 2407 τὺ

900 2377 977 2405 festis
999 2377 1143 2404 actitandis
1167 2377 1266 2404 nullam
1295 2378 1402 2412 penitus
1426 2385 1536 2413 operam
1568 2377 1686 2411 darent,

67 2428 195 2464 ἐορτάζειν
209 2428 328 2464 ἔχοντες.
342 2427 419 2454 οὐδὲν
434 2425 515 2463 ἧττόν
529 2434 611 2462 φασι·
630 2435 639 2452 ι
654 2426 716 2458 ῐῙῶς
736 2425 848 2461 ᾄσωμεν

69 2474 110 2509 τήν
120 2475 188 2510 ᾠδὴν
202 2473 305 2510 Κυρίου
318 2473 365 2499 ἐπὶ
377 2473 428 2508 γῆς
442 2472 614 2508 ἀλλοτρίας;ι
634 2471 691 2498 Οὐκ
702 2471 845 2505 ἐφιέντων,

71 2518 136 2556 οἶμαί
150 2530 213 2553 που,
228 2520 284 2548 τῶν
295 2519 473 2547 Βαϐυλωνίων
483 2518 533 2551 τὰς
547 2517 743 2553 νενομισμένας
758 2517 851 2548 αὐτοῖς

71 2566 194 2603 λατρείας,
209 2567 257 2594 καὶ
270 2567 304 2593 τὰ
317 2566 387 2593 οἴκοι
404 2565 468 2600 φίλα
484 2573 514 2591 τε
538 2564 586 2591 καὶ
600 2563 638 2596 ὡς
657 2564 686 2591 ἐν
705 2563 760 2590 ἔθει
782 2563 850 2598 πλη-

74 2610 136 2645 ροῧν.
149 2611 217 2638 Ἀλλ’
230 2610 295 2642 ἴσως
307 2610 396 2637 ἐκεῖνο
406 2611 464 2645 ἐρεῖ
475 2617 517 2640 τις
526 2617 533 2625 ι
546 2609 577 2635 El
589 2608 657 2644 πρὸς
667 2608 697 2635 τὺ
709 2607 851 2644 λατρεύειν

73 2656 178 2688 εἰδώλοις
195 2656 377 2683 ἀπονενευκεν
393 2657 408 2683 ὁ
426 2655 543 2691 Ἰσραὴλ,
560 2653 619 2685 πῶς
635 2653 670 2680 ἀν
687 2653 724 2689 μὴ
741 2653 788 2680 καὶ
801 2653 851 2679 αύ-

74 2702 120 2727 τῶν
139 2702 207 2729 κατὰ
221 2703 303 2738 νόμον
325 2701 439 2738 ἑορτῶν,
455 2700 603 2728 Σασσᾶτων
626 2708 656 2726 τε
677 2699 724 2726 καὶ
750 2707 851 2734 νουμη-

74 2747 144 2781 anim;
158 2748 228 2784 Πρὸς
242 2747 274 2783 δὴ
290 2748 372 2774 τοῦτο
387 2746 487 2782 φαμὲν,
501 2746 542 2772 ὅτι
556 2745 726 2781 παρώλισθον
740 2744 790 2779 μὲν
801 2744 850 2779 τῆς

75 2793 110 2823 είς
119 2791 178 2819 Θεὸν
193 2793 314 2829 ἀγάπης,
341 2793 389 2820 καὶ
406 2791 643 2828 προσκεκυνήκασι
660 2789 699 2824 τῷ
713 2789 786 2817 Βάαλ
803 2789 850 2816 καὶ

76 2837 128 2868 ταῖς
143 2829 270 2872 δαμάλεσι
299 2839 362 2869 ταῖς
382 2837 513 2872 χρυσαῖς,
534 2835 565 2862 οὺ
584 2835 638 2870 μὴν
660 2834 776 2861 εἰσάπαν
798 2834 850 2861 ἀπ-

108 2927 126 2945 ¹⁷
141 2928 170 2957 lll
184 2927 249 2964 ιιι-κ.
265 2935 347 2960 nm,
361 2928 408 2955 2|.
437 2925 460 2942 ¹⁶
475 2923 546 2953 Psal.
561 2931 670 2953 cum.
685 2924 708 2951 l.
749 2923 770 2939 "
788 2923 852 2951 ibid.
868 2923 895 2950 4.

221 2977 362 3006 PAMOL.
386 2974 445 3004 Gn.
470 2971 577 3003 LXXl.

900 2422 958 2458 lege
974 2423 1092 2450 sancitas
1111 2423 1136 2450 in
1152 2423 1242 2451 divino
1264 2424 1337 2451 cultu
1369 2423 1555 2456 cerimonias,
1577 2428 1604 2451 et
1625 2431 1684 2459 qua:

899 2468 972 2496 domi
989 2473 1065 2504 grata
1082 2474 1109 2496 et
1133 2469 1232 2496 usitata
1253 2469 1367 2497 obibant
1380 2488 1388 2502 ,
1401 2468 1564 2504 Babyloniis,
1590 2470 1684 2504 credo,

900 2521 954 2542 nou
968 2515 1185 2549 permittentibus
1208 2523 1215 2540 :
1234 2514 1408 2543 nihilominus
1418 2514 1534 2542 aiunt":
1545 2515 1682 2548 «Quomo-

902 2564 936 2589 do
951 2562 1121 2589 cautabimus
1136 2562 1268 2589 canticum
1283 2562 1388 2590 Domini
1418 2563 1443 2591 in
1465 2568 1536 2591 terra
1553 2563 1659 2591 aliena?
1673 2574 1682 2590 ι

903 2605 956 2633 Sed
991 2606 1104 2633 forsitan
1140 2606 1250 2641 objiciet
1285 2607 1442 2642 quispiam:
1461 2608 1490 2636 Si
1513 2609 1545 2636 ad
1573 2609 1684 2637 colenda

902 2651 972 2679 idola
991 2651 1134 2679 declinavit
1149 2652 1240 2686 lsrael,
1253 2654 1388 2688 quomodo
1400 2661 1453 2681 non
1468 2655 1550 2682 etiam
1572 2655 1606 2683 ab
1618 2655 1685 2689 ipsis

902 2696 979 2725 festis
1012 2697 1071 2732 lege
1087 2697 1230 2732 institutis,
1256 2704 1284 2726 et
1305 2698 1442 2733 Sabbatis,
1459 2705 1487 2727 et
1517 2699 1686 2728 neomeniis?

901 2743 1117 2779 Respondemus,
1136 2744 1289 2780 prolapsum
1314 2744 1421 2780 quidem
1450 2753 1511 2774 esse
1525 2754 1540 2773 a
1555 2747 1688 2774 charitatc

902 2789 929 2817 in
947 2789 1077 2822 Delum,et
1097 2790 1226 2818 adorasse
1242 2790 1304 2817 Baal
1322 2794 1349 2818 et
1365 2791 1463 2819 vitulos
1480 2799 1579 2819 aureos
1600 2800 1607 2819 :
1635 2799 1687 2819 non

901 2841 990 2863 tamen
1005 2835 1094 2864 omnia
1116 2843 1164 2871 per
1188 2835 1295 2873 Moysen
1317 2837 1419 2865 sancita
1446 2837 1610 2872 repudiasse.
1631 2837 1688 2866 lmo

1466 2967 1485 2996 3
