1913 3042
219 183 258 213 75

191 261 197 268 ι
221 246 431 279 perseverabant
448 244 580 272 ambobus
595 243 744 279 poplitibus
763 243 947 271 claudicantes
965 243 1005 270 in-
1024 249 1044 276 Α

222 291 328 324 cedere,
344 290 418 325 juxta
432 291 568 326 prepheta
583 297 676 317 vacem
690 289 724 323 '°,
738 294 767 316 ut
784 296 872 323 neque
887 288 948 316 Baal
963 289 1007 315 ab-

221 337 320 369 solute,
336 343 424 370 neque
442 336 524 364 Deum
550 335 737 364 universorum
762 342 830 371 pure
844 342 876 363 ac
902 334 1009 363 sincere

220 382 320 409 vellent
338 381 463 409 adorare.
481 380 662 414 Quamobrem
687 385 716 409 et
745 380 825 414 festa,
838 384 866 408 et
892 380 1007 408 celebri-

221 431 342 460 tates,ct
370 427 488 460 laetitias,
503 432 531 455 et
553 426 672 454 Sabbata
700 426 861 460 amiserunt,
877 433 927 454 nec
954 426 1008 454 Deo

219 473 345 509 permissi
360 473 478 509 legitima
494 473 659 508 persolvere,
673 480 761 508 neque
773 472 838 500 Bual
861 479 929 508 quos
942 472 1008 500 sole-

220 519 286 546 bant
299 518 383 547 festos
395 523 545 547 conventus
562 524 683 555 agentes.

256 609 347 637 Potest
361 609 412 637 hoc
429 614 455 637 et
475 608 569 642 aliam,
583 614 698 644 eamque
725 615 831 642 veram,
846 611 875 635 et
899 606 1008 642 aptissi-

220 663 290 683 mam
307 655 407 683 habere
417 655 592 683 sententiam.
612 653 782 682 Recedentes
797 660 811 680 a
826 652 891 685 Deo,
909 657 936 680 et
948 652 1009 679 cha-

220 702 328 729 ritatem
351 701 410 737 ejus
433 705 604 736 aspernatos.
619 706 732 727 necesse
750 703 791 727 est
802 697 903 726 tristari
930 702 956 725 et
975 697 1009 724 ab

218 748 293 775 omni
313 747 451 775 hilaritate
467 747 602 782 refugere.
619 755 628 772 t
642 745 699 772 Non
723 744 796 773 enim
818 749 860 772 est
881 743 1008 779 gaudium

219 793 322 829 impiis,
333 794 400 821 dicit
426 793 555 821 Dominus
566 793 600 826 ³¹,
620 801 630 820 ι
648 792 745 827 quibus
758 791 858 819 vermis
871 790 1009 825 sempiter-

219 847 270 867 nus
293 844 447 868 reservatur
460 839 493 866 ³².
506 839 588 867 Bonis
611 843 702 866 autem
715 842 742 866 et
772 838 845 873 pium
876 844 908 864 ac
924 836 1008 864 divini

217 884 325 912 timoris
343 884 452 919 plenum
474 891 586 920 scopum
611 883 772 911 habentibus
789 882 918 910 decorum
951 881 1009 909 fue-

721 183 750 211 S.
772 181 909 210 CYRlLLl
929 181 1164 210 ALEXANDRlNi
1184 182 1344 211 ARCHIEP.

1818 183 1853 211 76

1059 243 1164 270 ώσαντο
1175 243 1263 277 τάβιὰ
1272 243 1402 275 Μωσέως.
1414 243 1552 271 Διετέλουν
1566 243 1594 271 δὲ
1604 243 1706 279 μᾶλλον
1719 243 1854 279 ἔπ’ᾶμφω

1059 290 1212 324 βαίνοντες,
1236 290 1283 316 καὶ
1299 289 1459 323 σκάζοντες,
1482 290 1554 317 κατά
1576 289 1627 325 τήν
1648 289 1694 316 τοῦ
1711 291 1854 325 προφήτου

1058 335 1161 371 φωνὴν,
1181 335 1219 367 ὼς
1238 336 1308 371 μήτε
1324 335 1363 370 τῷ
1381 335 1454 363 Βάαλ
1468 335 1634 371 ὁλοτρόπακ,
1654 335 1724 371 μήτε
1743 336 1797 370 μὴν
1813 334 1854 370 τῷ

1057 380 1113 408 τῶν
1128 381 1197 408 ὅλων
1210 380 1269 416 Θεῷ
1291 380 1417 417 καθαρῶς
1435 381 1542 409 ἑλέσθαι
1558 382 1733 417 προσκυνεῖν»
1746 381 1856 408 Οὐκοῦν

1057 427 1235 455 ἐκπέπτωκεν
1246 427 1350 463 ἑορτῶν
1366 436 1396 454 τε
1415 427 1464 455 καὶ
1476 427 1667 463 πανηγύρεων,
1689 427 1737 454 καὶ
1753 428 1854 462 εὐφρο-

1059 470 1157 503 συνῶν,
1175 470 1222 498 καὶ
1237 471 1395 505 Σαϐϐάτων,
1408 471 1470 499 οὔτε
1484 471 1544 507 Θεῷ
1554 471 1675 508 πληροῦν
1690 472 1725 498 τὰ
1738 472 1767 498 ὲν
1779 471 1855 506 νόμῳ

1058 517 1294 553 συγχωρούμενος,
1324 517 1387 546 οὔτε
1402 519 1457 554 μὴν
1471 519 1510 554 τῷ
1524 518 1598 546 Βάαλ
1613 518 1663 550 τὰς
1682 519 1712 545 ὲν
1726 518 1781 544 ἔθει
1799 526 1855 544 πα-

1058 563 1187 599 νηγύρεις
1203 563 1346 591 ἐπιτελῶν.

1099 608 1210 644 ’Δληθὲς
1229 609 1256 636 δὲ
1274 610 1321 637 καὶ
1337 609 1439 646 ἑτέρως
1455 610 1497 645 εἴη
1511 610 1557 643 ἂν,
1571 609 1620 637 καὶ
1638 609 1711 645 μάλα
1725 609 1852 640 εἰκότως.

1059 653 1120 680 Ὀτι
1144 654 1206 687 τοὺς
1227 654 1433 689 ἀποφοιτιῖητας
1455 654 1541 688 Θεοῦ,
1566 655 1612 681 καὶ
1634 655 1684 689 τῆς
1704 655 1745 686 εἰς
1771 655 1855 681 αὐτὸν

1058 699 1167 735 ἀγάπης
1183 699 1415 736 ὀλιγωρήσαντας,
1438 700 1669 735 καταστυγνάζειν
1689 701 1854 735 ἀναγκαῖον,

1058 746 1107 772 καὶ
1121 746 1222 778 παντὸς
1241 745 1294 779 ἔξω
1307 746 1439 773 διατελεῖν
1453 746 1501 773 τοῦ
1516 747 1725 782 κατευφραίνειν
1738 747 1853 779 εἰδότος.

1061 799 1070 818 t
1087 792 1125 818 υὺ
1143 791 1198 828 γὰρ
1213 791 1271 818 ἐστι
1287 792 1394 827 χαίρειν
1406 794 1463 824 τοῖς
1478 792 1600 824 ἀσεϐέσι,
1615 791 1689 827 λέγει
1706 791 1809 828 Κύριος
1819 801 1826 808 ·
1841 801 1852 818 ι

1058 833 1099 870 οἷς
1113 838 1127 864 ὁ
1140 837 1249 873 σκώληξ
1268 838 1309 869 εἰς
1323 837 1408 865 αἰῶνα
1426 839 1585 874 τετήρηται.
1600 839 1662 870 Τοῖς
1677 846 1709 873 γε
1724 838 1777 874 μὴν
1791 839 1854 864 ἑπι-

1059 883 1158 915 εικέσι,
1174 883 1222 911 καὶ
1237 883 1338 919 εὐσεϐῆ
1362 884 1410 911 καὶ
1425 884 1550 920 τιμόθεον
1567 884 1657 920 ἔχουσι
1674 884 1720 910 τὸν
1738 883 1853 916 σκοπὸν,

218 931 256 958 rit
286 935 314 958 et
328 931 436 963 merito,
457 931 542 958 laetari
559 938 640 965 super
663 930 788 957 omnibus
803 928 882 956 bonis
897 936 904 954 :
917 937 926 954 ι
939 927 1006 955 laeti-

1074 928 1157 963 ςρέποι
1180 929 1214 955 ἂν
1236 929 1350 961 sum;
1371 929 1419 957 καὶ
1440 929 1471 956 τὸ
1493 930 1535 964 ἐφ’
1550 930 1637 957 ἅπασι
1660 930 1717 962 τοῖς
1739 929 1855 964 ἀγαθοῖς

219 976 256 1002 tis
271 975 342 1002 enim
359 976 523 1010 sempiterna
547 983 628 1010 super
642 978 724 1010 caput
749 981 854 1006 eorum,
872 982 881 1000 ι
908 980 1006 1000 secun-

218 1021 282 1049 dum
306 1020 475 1056 Scripturam
488 1029 511 1055 μ
521 1016 679 1056 aufugitque
697 1019 731 1047 ab
743 1020 783 1047 eis
798 1019 885 1051 dolor,
899 1017 1008 1046 tristitia

217 1071 246 1095 et
259 1066 537 1101 gemitus“.:Quibus
549 1070 577 1093 et
595 1065 696 1093 Paulus
721 1065 830 1093 scribit:
849 1073 858 1091 t
887 1064 1008 1092 Gaudete

218 1113 246 1140 in
267 1112 383 1140 Domino
411 1119 536 1147 semper;
564 1111 661 1140 iterum
687 1111 897 1145 dico,gautlete.
923 1109 1008 1137 Mode-

217 1158 270 1186 stia
288 1163 377 1186 vestra
394 1161 456 1186 nota
473 1157 508 1185 sit
517 1157 641 1185 omnibus
656 1154 812 1185 hominibus
822 1155 856 1184 ³⁸.
871 1164 880 1181 ι
895 1154 950 1191 42
963 1154 1007 1181 Et-

217 1204 291 1233 enim
315 1207 345 1231 ut
362 1203 524 1239 suppliciutn
552 1203 699 1231 sceleratos
727 1201 838 1229 omnino
860 1202 1005 1236 sequitur,

218 1250 256 1278 ita
283 1253 311 1277 et
339 1256 455 1285 superna
486 1248 622 1284 opulentia
654 1252 782 1283 sequetur
803 1254 866 1280 eos,
891 1254 1006 1282 quorum

217 1295 385 1331 propositum
407 1294 489 1323 fuerit
514 1294 598 1322 vitam
618 1293 718 1322 virtute
741 1293 915 1328 conspicuam
949 1291 1008 1320 exi-

219 1349 296 1377 gere.

255 1385 337 1414 Vens.
352 1385 396 1414 η.
411 1384 445 1413 Et
463 1385 613 1421 disperdam
628 1384 729 1412 vineam
745 1385 812 1418 ejus.
827 1386 852 1409 et
867 1381 934 1416 ficus
950 1381 1006 1416 ejus

217 1433 250 1460 de
276 1432 473 1468 quibuscunque
505 1431 583 1464 dixit,
610 1429 743 1457 Mercede:
758 1437 822 1456 mete
851 1433 912 1455 sunt
938 1428 1006 1460 illa},

213 1487 282 1512 quas
306 1478 435 1505 dederunt
451 1478 514 1505 mihi
530 1481 660 1505 amatores
676 1476 735 1504 mei.
756 1475 791 1503 Et
814 1483 909 1510 ponam
923 1483 953 1502 ea
979 1475 1006 1501 in

216 1524 405 1556 testimonium,
419 1528 441 1551 et
458 1523 593 1551 comedent
610 1530 640 1550 ea
655 1522 771 1550 volucres
786 1520 854 1552 caeli,
870 1523 895 1548 et
916 1519 1006 1547 bestia:

213 1571 286 1606 agri,
300 1575 326 1598 et
339 1570 444 1605 repth
469 1574 558 1597 terra.
1019 1597 1040 1627 ο

253 1659 274 1687 Χ
280 1658 374 1688 X.Hoc
385 1666 490 1687 rursum
499 1658 559 1686 aliis
566 1658 658 1687 verbis
665 1657 718 1686 dici
723 1661 821 1693 potest,
832 1662 927 1690 nempe
935 1655 987 1683 illis
999 1663 1005 1682 :

216 1714 230 1732 ι
245 1704 372 1733 Auferam
398 1704 563 1732 frumentum
589 1711 678 1732 meum
712 1708 834 1738 tempore
855 1709 915 1734 suo,
926 1706 953 1729 et
967 1703 1007 1729 vl-

213 1759 281 1779 num
309 1759 398 1779 meum
421 1757 545 1786 tempore
561 1758 621 1778 suo.
637 1759 648 1777 ι
666 1750 810 1785 Postquam
830 1749 901 1776 enim
925 1746 1007 1776 Israel

214 1796 352 1825 fructuum
369 1797 474 1832 copiam
499 1796 666 1832 temporibus
689 1795 746 1824 suis
760 1795 935 1823 exsistentem
951 1796 1005 1822 dte-

216 1849 326 1870 monum
350 1842 444 1870 virtuti
473 1846 501 1870 et
515 1840 698 1869 beneficentia:
721 1840 1008 1875 ascribens,insipien-

217 1887 323 1915 tissime
337 1887 415 1922 ipsis,
431 1896 484 1915 non
508 1887 562 1914 Deo
574 1887 664 1920 potius
691 1891 798 1922 gratum
821 1894 852 1914 se
869 1886 1006 1920 ostendit;

216 1933 327 1966 idcirco,
347 1929 454 1968 inquit,
484 1933 639 1968 disperdam
664 1937 693 1960 et
713 1940 884 1967 corrumpam
898 1939 940 1966 ea,
961 1940 1008 1968 per

215 1986 276 2014 quae
299 1979 376 2007 male
393 1979 507 2010 seducta
536 1982 596 2012 est,
619 1977 713 2006 dicens
734 1985 764 2005 se
792 1977 916 2005 mercede
942 1984 1007 2005 con-

214 2026 325 2053 ductam
337 2026 372 2054 ab
392 2024 561 2053 amatoribus
588 2024 655 2052 suis.
676 2023 711 2051 Et
737 2028 861 2056 venuste,
879 2027 1007 2058 tanquam

214 2071 252 2099 de
274 2071 388 2099 muliere
415 2070 558 2098 libidinosa
591 2073 740 2104 conceptus
765 2074 806 2097 est
832 2076 932 2097 sermo.
956 2067 1009 2095 Re-

215 2124 281 2145 vera
305 2116 377 2144 enim
392 2113 566 2143 existimabat
591 2115 683 2148 Israel,
707 2115 929 2150 tempestivorum
954 2113 1008 2141 fru-

213 2168 310 2191 ctuum
325 2162 486 2194 ubertatem,
502 2165 529 2189 et
544 2165 624 2188 teme
639 2160 805 2189 fertilitatem
820 2167 872 2195 qaa
887 2159 1007 2194 potieba-

216 2213 272 2241 tur,
301 2208 327 2236 in
363 2207 480 2242 pretium
517 2211 546 2235 et
567 2208 813 2236 remunerationem
847 2205 959 2234 honoris
980 2209 1007 2232 et

214 2254 317 2286 cultus,
335 2260 417 2288 quem
441 2251 519 2281 idolis
541 2253 692 2286 adhiberet,
708 2253 759 2281 sibi
779 2252 899 2298 rependi.
929 2250 1005 2298 Quod
1020 2268 1045 2298 υ

215 2304 307 2327 autem
329 2298 405 2326 omni
444 2303 588 2334 propterea
613 2298 759 2327 securitate
784 2301 812 2325 et
834 2296 1004 2332 iucunditate

215 2345 298 2373 animi
323 2344 546 2380 praefruerentur,
569 2345 639 2372 hanc
653 2349 681 2372 et
708 2344 793 2372 solam
818 2350 927 2370 causam
956 2349 1004 2370 eos

215 2389 361 2424 putavisse,
385 2389 511 2418 facillime
532 2391 595 2426 quis
620 2398 653 2418 ex
671 2388 796 2417 Jeremia:
811 2387 899 2416 verbis
924 2387 1003 2416 intel-

216 2436 323 2463 lexerit.
357 2435 477 2464 Redacta
510 2436 584 2464 enim
624 2436 650 2464 in
685 2434 805 2462 hostium
841 2438 1001 2469 potestatem

216 2479 421 2516 Hierosolyma,
447 2488 508 2508 cmn
546 2479 656 2514 quidam
691 2478 753 2505 belli
796 2477 881 2505 acient
917 2478 1003 2505 hOsti-

215 2524 302 2553 lemve
324 2525 442 2560 gladium
458 2525 617 2556 evasissent,
635 2523 662 2551 iu
684 2522 831 2558 Aigyptum
858 2522 1003 2551 descende-

216 2573 288 2604 runt,
311 2574 339 2598 et
355 2570 445 2598 divino
464 2568 593 2596 mandato
612 2568 744 2604 propheta
767 2576 828 2596 cum
849 2569 923 2604 ipsis.
948 2568 1003 2597 Illic

216 2614 297 2650 igitur
313 2615 347 2643 ab
371 2613 530 2642 idololatriae
563 2614 773 2649 inquinamentis
800 2615 1002 2647 abstinendum,

214 2664 243 2688 et
256 2661 289 2687 ad
310 2659 394 2687 Deum
415 2659 607 2687 recurrendum
652 2661 750 2688 suasit.
763 2660 833 2688 ’l‘um
860 2661 1004 2689 muliercu-

215 2705 303 2733 larum
336 2704 430 2732 infelix
454 2709 483 2733 et
515 2705 706 2733 stultissimum
731 2714 838 2742 agmen,
866 2707 1003 2742 prophetat

215 2750 304 2778 verbis
331 2749 509 2785 adversando,
538 2751 708 2786 impudenter
731 2753 912 2787 garriebatn
941 2753 1003 2780 Ser-

215 2801 321 2822 monem
347 2801 426 2830 quem
452 2796 558 2825 locutus
574 2804 604 2825 es
628 2797 662 2824 ad
687 2805 736 2825 nos
756 2797 783 2825 in
817 2797 925 2826 nomine
949 2798 1000 2826 Do-

1058 974 1304 1009 κατευφραίνεσθαι
1315 975 1369 1002 δεῖν
1377 984 1384 992 ·
1395 985 1405 1001 t
1420 975 1582 1011 Εὑφροσὺνη
1597 975 1651 1012 γὰρ
1660 975 1768 1007 αίώνιος
1779 975 1853 1010 ὑπὲρ

1056 1020 1177 1055 κεφαλῆς
1185 1020 1285 1054 αὐτῶν,
1298 1030 1309 1047 ι
1326 1021 1398 1048 κατά
1410 1021 1441 1048 τὸ
1454 1021 1656 1057 γεγραμμένον.
1675 1030 1684 1048 ι
1696 1021 1814 1057 Ἀπέδρα
1823 1028 1855 1047 τε

1057 1065 1147 1101 ὀδύνη,
1160 1066 1207 1092 καὶ
1215 1065 1298 1101 λύπη,
1307 1067 1355 1094 καὶ
1367 1067 1545 1103 στεναγμός.»
1565 1063 1612 1098 Οἷς
1625 1066 1673 1094 καὶ
1682 1067 1696 1093 ὁ
1710 1066 1855 1098 θεσπέσιος

1057 1110 1162 1142 Παῦλος
1177 1110 1330 1138 ἐπιστέλλει
1349 1111 1453 1145 λέγων·
1472 1112 1606 1147 ιΧαίρετε
1623 1112 1652 1138 ὲν
1669 1112 1765 1146 Κυρίῳ
1783 1111 1856 1138 πάν-

1056 1164 1116 1183 τοτε
1128 1163 1136 1170 ·
1161 1156 1243 1184 πάλιν
1264 1156 1320 1193 ἐρῶ
1330 1176 1337 1189 ,
1351 1157 1471 1193 χαίρετε.
1496 1157 1534 1184 Τὸ
1547 1158 1667 1189 ἐπιεικὲς
1688 1157 1765 1193 ὑμῶν
1780 1166 1851 1192 γνυ

1058 1200 1149 1236 σθήτω
1177 1202 1260 1229 πᾶσιν
1285 1202 1466 1236 ἀνθρώποις.»
1481 1203 1598 1237 Ἕψεται
1610 1204 1665 1240 γὰρ
1686 1204 1781 1239 ὥσπερ
1794 1206 1854 1237 τοῖς

1057 1245 1205 1282 ἀλιτηρίοις
1220 1247 1251 1274 τὸ
1265 1247 1426 1280 κολάζεσθαι
1442 1248 1508 1280 δεῖν,
1521 1248 1592 1276 οὕτω
1611 1250 1658 1276 καὶ
1675 1251 1731 1282 ’τοῖς
1747 1250 1856 1278 ἄνωθεν

1057 1293 1253 1320 καταπλουτιεῖν
1267 1294 1391 1328 ἀγαθοῖς,
1404 1291 1446 1326 οἷς
1461 1293 1494 1322 ἂν
1510 1294 1615 1328 γένοιτο
1632 1296 1733 1329 σκοπὸς
1748 1297 1777 1324 σὺ
1794 1297 1856 1324 δια-

1057 1336 1153 1364 ϐιῶναι
1174 1337 1319 1374 λαμπρῶς.

1091 1382 1146 1409 Καὶ
1172 1382 1289 1417 ἀφανιῶ
1314 1383 1453 1418 (ζμαελογ
1472 1384 1587 1419 αὐτῆς,
1609 1385 1659 1412 καὶ
1680 1385 1734 1418 τὰς
1751 1385 1854 1420 συκᾶς·

1055 1427 1152 1462 αὐτῆς
1172 1428 1232 1455 ὅσα
1247 1427 1329 1456 εἶχε·
1352 1430 1534 1465 Μισθώματά
1545 1439 1606 1466 μου
1634 1432 1728 1459 ταῦτά
1753 1432 1853 1463 ἐστιν,

1055 1472 1075 1501 α
1090 1473 1205 1501 ἔδωκάν
1216 1483 1267 1510 μοι
1280 1476 1309 1502 οἱ
1325 1475 1449 1510 ἐρασταί
1470 1485 1543 1510 μου,
1559 1477 1609 1504 καί
1623 1477 1756 1512 θήσομαι
1774 1479 1857 1506 αὐτὸ

1055 1521 1099 1554 είς
1118 1521 1292 1556 μαρτύριον,
1307 1521 1357 1548 καί
1373 1524 1574 1558 καταφάγεται
1592 1523 1668 1551 αὐτὰ
1685 1524 1774 1558 θηρία
1797 1525 1855 1553 τοῦ

1056 1566 1160 1602 ἀγροῦ,
1185 1567 1235 1594 καί
1252 1568 1289 1595 τὰ
1306 1568 1428 1596 πετεινὰ
1443 1569 1497 1597 τοῦ
1514 1570 1660 1604 οὐρανοῦ,
1679 1571 1730 1598 καὶ
1754 1571 1792 1599 τὰ
1806 1571 1856 1606 ἐρ-

1058 1613 1135 1641 πετὰ
1148 1613 1204 1648 τῆς
1223 1614 1290 1650 γῆς.

1094 1659 1136 1688 ις’.
1148 1660 1234 1688 Τοῦτο
1244 1660 1277 1696 δὴ
1289 1662 1371 1689 πάλιν
1391 1662 1493 1698 ἑτέρως
1505 1662 1578 1689 ἔστιν
1591 1663 1689 1696 εἰπεῖν,
1705 1662 1746 1696 τὸ,
1762 1673 1771 1690 ι
1788 1663 1857 1700 Ἅφ-

1058 1704 1173 1741 ελοῦμαι
1185 1706 1231 1734 τὸν
1243 1707 1314 1734 σῖτόν
1328 1716 1379 1743 μου
1394 1708 1456 1735 καθ’
1471 1708 1544 1743 ὥραν
1557 1708 1651 1741 αὑτοῦ,
1660 1709 1708 1736 καὶ
1720 1709 1766 1736 τὸν
1780 1707 1855 1737 οἶνόν

1060 1759 1110 1787 μου
1133 1752 1161 1778 ἐν
1181 1752 1269 1788 καιρῷ
1283 1753 1376 1780 αὐτοῦ.
1391 1763 1400 1780 ι
1421 1754 1530 1790 Ἐπειδὴ
1547 1755 1603 1790 γὰρ
1626 1754 1675 1786 τὰς
1696 1755 1752 1781 τῶν
1770 1755 1854 1790 ὡρῶν

1058 1795 1211 1831 εὐκαρπίας
1224 1798 1284 1829 ταῖς
1301 1797 1355 1824 τῶν
1368 1798 1512 1834 δαιμονίων
1527 1799 1659 1835 δυνάμεσι
1687 1800 1733 1826 καὶ
1750 1800 1855 1835 φιλοτι-

1059 1840 1135 1876 μίαις
1157 1842 1318 1877 προσνέμων
1340 1844 1355 1870 ὁ
1373 1843 1499 1880 Ἰσραὴλ,
1518 1844 1565 1871 καὶ
1583 1845 1751 1872 ἀϐουλότατα
1766 1845 1852 1882 δρῶν,

1058 1885 1150 1917 αὐτοῖς
1162 1886 1279 1913 ἀνετίθει
1294 1887 1328 1914 τὰ
1338 1889 1512 1924 χαριστήρια,
1529 1889 1576 1916 καὶ
1591 1889 1653 1925 οὐχὶ
1666 1890 1766 1925 μᾶλλον
1779 1890 1853 1925 Θεῷ,

1057 1930 1194 1966 ταύτῃτοι,
1213 1932 1306 1968 φησιν,
1320 1933 1357 1966 ὡς
1374 1934 1479 1970 ἀφανιῶ
1497 1935 1545 1962 καὶ
1567 1936 1733 1971 καταφθερῶ
1763 1936 1799 1963 τὰ
1816 1936 1853 1963 δι’

1055 1971 1094 2002 ὧν
1117 1977 1207 2013 ἐκείνη
1230 1977 1359 2013 χειρόνως
1380 1979 1570 2016 πεπλάνηται,
1596 1981 1853 2016 μεμισθαρνηκέναι

1057 2020 1177 2055 λέγουσα
1193 2021 1270 2058 παρά
1292 2022 1348 2049 τῶν
1370 2023 1443 2050 ἰδίων
1466 2022 1600 2059 ἐραστῶν.
1625 2024 1680 2050 Καὶ
1703 2024 1853 2060 πεποίηται

1059 2065 1108 2100 μὲν
1123 2065 1239 2098 ἀστείως
1252 2066 1290 2098 ὡς
1307 2067 1353 2094 ἐπὶ
1369 2068 1517 2104 μαχλὼσης
1530 2069 1658 2104 γυναικὸς
1672 2069 1686 2095 ὁ
1700 2069 1790 2103 λόγος.
1807 2069 1853 2101 Ὠς

1058 2111 1088 2138 τό
1103 2119 1134 2146 γε
1151 2111 1205 2147 μὴν
1228 2112 1300 2140 κατὰ
1322 2112 1451 2149 ἀλήθειαν
1465 2115 1480 2140 δ
1499 2114 1618 2150 Ἰσραὴλ,
1632 2114 1673 2141 ὅτι
1690 2115 1785 2150 μισθὸς
1799 2115 1853 2141 αὺ-

1056 2159 1113 2189 τοῖς
1138 2159 1186 2185 καὶ
1206 2158 1360 2191 ἀντέκτισις
1379 2160 1427 2196 τῆς
1449 2161 1490 2192 είς
1512 2162 1546 2188 τὰ
1562 2162 1659 2188 εἴδωλα
1687 2161 1770 2196 τιμῆς
1801 2161 1852 2189 καὶ

1057 2201 1195 2237 λατρείας,
1215 2202 1246 2229 τὸ
1260 2202 1314 2230 τῶν
1336 2203 1448 2239 ὼρίμων
1465 2205 1622 2240 ἀμφιλαφὲς
1641 2205 1688 2233 καὶ
1704 2205 1736 2232 τὸ
1750 2205 1854 2242 εὔκαρ-

1058 2255 1108 2274 πον
1132 2248 1341 2283 περιτυγχάνειν
1367 2250 1401 2285 τῇ
1427 2251 1473 2286 γῇ.
1489 2251 1550 2277 Ὅτι
1571 2251 1600 2277 δὲ
1625 2251 1670 2278 καὶ
1693 2251 1742 2287 τῆς
1767 2251 1854 2287 ἄλλης

1057 2293 1166 2329 ἁπάσης
1190 2294 1282 2326 αὐτοῖς
1308 2295 1441 2331 εὐθυμίας
1463 2297 1646 2332 παρακεῖσθαι
1671 2297 1722 2332 τὴν
1741 2297 1852 2332 μέθεξιν

1053 2338 1156 2374 ταύτης
1168 2339 1249 2366 ἕνεκα
1265 2341 1312 2367 καὶ
1332 2341 1416 2377 μόνης
1430 2341 1515 2377 ᾤοντο
1529 2343 1578 2378 τῆς
1593 2342 1695 2375 αίτίας,
1709 2343 1794 2378 εἰδείη
1809 2352 1852 2375 τις

1055 2385 1088 2413 ἂν
1103 2385 1150 2412 καὶ
1170 2386 1244 2420 μάλα
1262 2387 1372 2422 ῥᾳδίως,
1388 2389 1444 2420 τοῖς
1460 2388 1592 2424 Ἰερεμίου
1608 2389 1697 2424 λόγοις
1718 2390 1849 2426 ἐντυχών.

1059 2430 1147 2458 Ἑάλω
1169 2432 1220 2466 μὲν
1242 2432 1297 2468 γὰρ
1312 2433 1347 2460 τὰ
1366 2433 1559 2470 Ἰεροσόλυμα’
1583 2435 1798 2470 διαπεφευγότες
1821 2436 1850 2463 δέ

1053 2486 1126 2510 τινες
1143 2476 1189 2504 τοῦ
1215 2478 1334 2514 πολέμου
1360 2479 1410 2516 τὴν
1432 2481 1535 2517 ἀκμὴν,
1554 2482 1712 2518 κατέϐησαν
1732 2483 1774 2514 είς
1799 2483 1850 2518 τὴν

1054 2524 1223 2559 Αίγυπτίων,
1242 2526 1291 2553 καὶ
1315 2527 1363 2554 σὺν
1380 2527 1474 2559 αὐτοῖς
1487 2529 1501 2554 ὸ
1519 2529 1673 2565 προφήτης,
1684 2529 1755 2555 κατὰ
1774 2528 1850 2555 θείαν

1055 2570 1157 2606 ὀμφήν.
1175 2571 1280 2598 Ἐκεῖσε
1306 2571 1372 2607 γοῦν
1391 2573 1566 2600 συνεϐούλευε
1588 2574 1686 2608 λέγων,
1698 2575 1748 2609 τῆς
1770 2574 1847 2601 είδω-

1053 2614 1197 2651 λολατρίας
1221 2617 1379 2644 παύσασθαι
1405 2618 1562 2654 μολυσμῶν,
1582 2619 1629 2646 καὶ
1654 2619 1848 2656 παλινδρομεῖν

1051 2660 1161 2688 ἑλέσθαι
1177 2662 1245 2698 πρὸς
1262 2663 1339 2691 Θεόν.
1353 2661 1421 2691 Εἶτα
1433 2664 1552 2698 γυναίων
1565 2665 1646 2692 ἀθλία
1658 2674 1689 2692 τε
1704 2667 1753 2693 καὶ
1768 2667 1847 2693 ἀνουο

1052 2707 1136 2743 στάτη
1152 2708 1268 2743 πληθὺς,
1279 2710 1336 2741 τοῖς
1351 2709 1398 2737 τοῦ
1414 2711 1554 2746 προφήτου
1571 2711 1653 2740 πάλιν
1667 2712 1849 2748 ἀντεφέροντο

1049 2752 1146 2787 λόγοις,
1162 2754 1210 2780 καὶ
1223 2754 1255 2789 δὴ
1277 2756 1324 2782 καὶ
1334 2755 1454 2789 ἔφασκον
1469 2757 1586 2789 ἀναιδῶς
1596 2766 1603 2773 ·
1624 2767 1634 2784 ι
1650 2758 1703 2785 Τὸν
1717 2757 1797 2792 λόγον
1812 2758 1843 2784 ὃν

1048 2798 1183 2835 ὲλάλησας
1200 2800 1266 2836 πρὸς
1279 2802 1352 2837 ἡμᾶς
1362 2802 1401 2838 τῷ
1413 2803 1526 2840 ὀνόματι
1542 2804 1657 2839 Κυρίου,
1669 2804 1720 2832 οὐκ
1731 2804 1847 2833 ἀκουσό-

249 2882 274 2900 ³⁶
288 2883 330 2913 lll.
343 2884 408 2921 Reg.
421 2893 498 2920 mu,
517 2886 562 2914 2t.
601 2887 622 2903 “
641 2886 692 2914 lsa.
711 2893 805 2919 ιινιιι,
819 2885 865 2913 τε.
904 2887 925 2903 ³¹
940 2886 990 2915 lsa.
1013 2895 1085 2921 uvi,
1102 2888 1149 2916 26.
1187 2890 1209 2906 ³³
1223 2889 1285 2918 lsai.
1305 2893 1448 2925 sum“).
1487 2895 1510 2912 “
1524 2895 1641 2931 Philipp.
1658 2903 1695 2928 tv.
1711 2895 1739 2924 5.
