1913 3042
213 163 251 195 ἵθ
704 164 733 191 S.
755 163 891 192 CYIHLLI
912 162 1147 191 ALEXANDRINI
1168 162 1325 192 ARCHIEP.
1801 168 1833 195 80

251 227 284 254 Et
315 227 429 254 ulciscar
453 233 530 259 super
545 211 618 251 .cam
647 225 702 252 dies
723 224 839 256 Baulim,
857 225 884 252 in
907 224 985 260 quibit

1086 224 1140 251 Kal
1156 223 1306 258 ἐκδικήσω
1320 223 1367 250 ἐπ’
1380 224 1477 258 αὐτὴν
1497 224 1550 258 τὰς
1565 224 1672 260 ἡμέρας
1691 226 1748 253 τῶν
1766 228 1831 254 Bau-

212 272 365 301 immolabat
396 271 442 302 eis.
467 275 490 297 et
511 270 689 297 circumdabat
711 269 767 306 44
793 271 896 297 inaures
919 278 997 302 sunt,

213 323 236 344 et
247 318 355 345 monilia
365 324 424 347 sua,
436 320 458 342 et
474 316 528 341 ibat
545 319 603 348 post
614 320 744 343 amatores
756 323 817 343 suos
829 323 837 342 :
851 316 900 343 mei
913 319 998 343 autent

212 363 293 389 oblita
314 366 364 395 ut,
377 361 440 388 dicit
453 360 593 388 Dominus.

245 450 316 479 XXI.
339 451 406 478 Tam
438 452 555 485 severae,
581 452 635 479 imo
652 452 734 479 etiam
759 452 786 479 in
810 451 870 479 illos
900 459 998 480 conve-

212 497 391 524 nientissima:
406 497 599 531 indignationis
610 505 718 525 causam
738 499 835 526 iterum
847 499 996 534 subiungit.

210 544 278 577 Quia
295 543 366 570 enim
383 544 408 572 in
435 551 528 570 errore
559 544 704 571 admodum
731 545 775 571 diu
807 545 995 578 perstiterunt,

210 589 306 623 aequali
319 589 447 624 temporis
467 590 642 617 diuturnitate
657 598 704 617 eos
727 591 772 617 Dei
793 591 859 617 iram
873 596 998 624 expertu-

209 643 255 662 ros
278 635 402 662 allirmat.
427 633 482 661 Hoc
501 635 551 661 sibi
571 635 636 667 vult,
653 637 768 670 opinor:
788 645 796 661 ι
813 635 935 662 Ulciscar
951 643 997 663 su-

208 688 257 713 per
273 687 332 709 eam
357 681 416 708 dies
436 679 548 712 Baalim,
567 689 576 705 ι
594 681 643 707 hoc
657 685 698 708 est
713 680 853 708 idolorum.
865 681 995 716 Exsequia-

207 726 275 753 bunt
298 726 369 753 enim
395 725 484 760 plane,
506 725 601 759 inquit,
614 726 672 753 dies
700 726 812 758 erroris,
833 726 930 760 quibus
954 726 996 753 in—

208 778 321 798 censum
346 770 463 798 adolevit
494 770 568 803 Baal,
589 771 646 798 dies
676 771 799 806 supplicii
816 775 844 798 et
873 771 993 799 ultionis.

209 816 267 844 Non
285 817 356 844 enim
379 816 481 844 destitit
500 823 529 842 se
540 823 649 848 ornare,
667 820 695 843 et
718 816 785 844 velle
819 817 994 844 multifariam

207 863 313 898 placere
338 862 394 890 suis
409 861 711 889 amatoribus.0ruatus
729 866 818 889 autem
843 863 993 890 animarum

1052 270 1131 304 λεὶμ,
1151 270 1186 296 ἐν
1202 267 1250 302 αἶς
1264 269 1391 296 ἐπέθυεν
1411 269 1525 302 αὐτοῖς,
1545 271 1595 298 καὶ
1611 271 1786 305 περιετίθετο
1796 272 1832 298 τὰ

1050 315 1156 342 ἐνώτια
1172 314 1277 349 αὐτῆς,
1292 314 1340 341 καὶ
1354 315 1390 342 τὰ
1411 316 1555 350 καθόρμιιι
1570 316 1665 351 αὐτῆς
1675 325 1683 333 ·
1708 317 1756 344 καὶ
1772 317 1832 344 ἐπο-

1047 361 1154 395 ρεύετο
1169 361 1266 387 ὀπίσω
1285 360 1344 387 τῶν
1357 360 1492 394 ἐραστῶν
1520 360 1626 395 αὐτῆς,
1641 361 1715 396 ἐμοῦ
1737 362 1769 389 δὲ
1785 363 1832 389 ἐπ-

1050 404 1188 437 ελάθετο,
1203 405 1284 439 λέγει
1299 406 1417 440 Κύριος.

1085 451 1151 478 KA'.
1195 450 1335 486 Ἐπιφέρει
1360 451 1441 478 πάλιν
1464 451 1545 483 εὐθὺς
1566 452 1616 487 τῆς
1645 451 1718 479 οὕτω
1736 452 1820 486 δεινῆς

1051 496 1151 532 μᾶλλον
1170 496 1198 523 δὲ
1216 497 1264 524 καὶ
1290 496 1350 523 λίαν
1374 497 1604 533 πρεπωδεστάτης
1630 497 1721 529 αὐτοῖς
1739 499 1832 532 ἀγανα-

1049 543 1173 578 κτήσεως
1196 542 1245 579 τὴν
1268 543 1357 570 αἰτίαν
1392 543 1500 578 Ἐπειδὴ
1526 543 1581 579 γὰρ
1603 544 1727 579 μακροὺς
1752 544 1778 570 ὲν
1796 543 1832 579 τῷ

1049 585 1238 622 πεπλανῆσθαι
1251 586 1452 615 διατετελέκασι
1466 587 1588 623 χρόνους,
1605 588 1634 614 tv
1652 587 1722 618 ἴσαις
1734 587 1831 622 καιρῶν

1049 632 1233 668 παρατάσεσι,
1249 633 1341 668 φησιν,
1356 633 1447 667 ἕξουσι
1465 634 1514 669 τὴν
1528 634 1623 670 ὀργήν.
1639 633 1735 665 Τοῦτο,
1748 631 1830 668 οἶμαι,

1048 677 1108 704 ἐστὶ
1132 677 1172 710 τὸ,
1202 687 1211 704 ε
1235 678 1386 714 Ἐκδικήσω
1408 679 1451 705 ἐπ’
1473 679 1556 714 αὐτὴν
1579 680 1629 710 τὰς
1655 678 1759 714 ἡμέρας
1781 679 1831 705 τῶν

1048 722 1181 758 Βααλεὶμ,
1203 732 1212 749 ι
1233 723 1356 751 τουτέστι
1370 724 1423 751 τῶν
1437 724 1564 751 εἰδώλων.
1588 725 1765 759 Ἰσομοιρήσει
1779 725 1831 760 γὰρ

1048 769 1168 801 πάντως,
1186 769 1264 804 φησὶ,
1285 770 1345 802 ταῖς
1359 770 1408 805 τῆς
1425 770 1584 806 πλανήσεως
1603 771 1730 805 ἡμέραις,
1746 771 1773 797 ὲν
1789 768 1832 801 αἷς

1046 813 1146 849 ὲθυμία
1159 815 1192 850 τῇ
1208 814 1292 847 Βάαλ,
1307 815 1341 841 τὰ
1356 815 1388 841 ὲκ
1402 816 1497 851 ποινῆς
1512 824 1541 842 τε
1557 816 1603 843 καὶ
1627 816 1715 852 δίκης.
1730 817 1766 844 Οὐ
1778 817 1832 853 γὰρ

1045 858 1212 886 διαλέλοιπεν
1233 859 1418 896 ὡραῖζομένη,
1442 860 1562 893 καὶτοῖς
1585 861 1685 896 ἑαυτῆς
1708 863 1831 898 ἐρασταῖς

207 909 366 937 idololatria:
382 907 572 941 implicitarun‘.
587 911 628 934 est
653 907 696 934 illa
715 908 842 943 persequi
872 912 900 935 et
917 907 985 935 facti

1045 904 1198 932 ἀνδάνουσα
1215 905 1401 941 πολυτρόπως.
1420 905 1530 942 Κόσμος
1542 906 1570 934 δὲ
1583 907 1682 943 ψυχαῖς
1694 908 1831 936 εἰδωλολα-

209 959 268 982 tare
287 960 347 987 qua:
367 952 479 987 impuris
493 952 660 980 deﬂuentibus
676 953 806 980 arrident.
831 953 908 981 Sicut
921 954 991 981 enim

205 998 377 1032 conspicuam
399 1004 460 1024 esse
475 997 591 1025 dicimus
612 998 729 1025 hominis
757 999 885 1031 animam,
900 1000 926 1026 in
938 1006 991 1033 qua

205 1043 313 1070 virtutis
334 1042 505 1075 excellentia,
518 1047 545 1069 et
573 1042 744 1076 pulchritudo
764 1043 940 1077 perspicitur:
953 1044 993 1072 sic

205 1091 326 1116 animam
352 1089 472 1124 peccatis
491 1088 616 1122 amicam,
632 1089 849 1123 cogitautemque
864 1093 892 1116 et
911 1097 992 1124 agen-

205 1139 258 1162 tem
272 1141 304 1161 ex
335 1134 458 1160 instituto
476 1140 535 1168 qua:
558 1134 710 1160 da-mouum
733 1134 858 1168 gregibus
874 1134 992 1168 jucunda

204 1185 232 1208 et
247 1184 359 1214 accepta
379 1183 458 1211 sunt,
474 1178 551 1214 longe
569 1178 776 1212 pulcherrimam
793 1179 843 1206 illis
863 1187 924 1207 esse
935 1184 991 1207 sta-

204 1226 333 1253 tuendum
355 1229 408 1252 est.
425 1224 498 1252 Talis
518 1225 607 1251 anima
626 1232 686 1251 cum
719 1224 832 1252 muliere
858 1225 990 1259 improba.

204 1278 272 1298 auro
286 1278 316 1298 se
335 1269 418 1297 stulte
439 1274 598 1301 exornante,
611 1270 829 1304 ornamentisque
846 1270 950 1296 aurium
964 1276 991 1297 et

203 1316 264 1343 colli
291 1320 442 1343 ornatorum
466 1323 575 1343 suorum
589 1315 669 1342 corda
692 1315 884 1350 propemodum
901 1316 991 1342 incau-

204 1367 278 1388 tante
291 1361 408 1388 conferri
427 1365 524 1396 potest.
539 1360 690 1393 Quamdam
716 1361 799 1395 igitur
831 1361 989 1395 dignitatem

203 1408 275 1443 parit
303 1406 432 1442 improbis
452 1414 532 1434 omne
551 1414 637 1441 genus
657 1407 846 1433 immunditiis.
869 1406 988 1439 Quorum

203 1458 293 1480 autent
313 1460 410 1488 scopus
423 1456 465 1480 est
482 1453 515 1480 ad
531 1452 573 1478 illa
589 1452 734 1486 respicere,
749 1452 782 1479 iis
793 1453 875 1478 etiam
893 1452 989 1479 solem-

202 1507 236 1528 ne
256 1505 283 1527 et
307 1500 489 1528 necessarium
518 1506 577 1527 esse
596 1499 680 1533 ipsius
698 1506 803 1533 quoque
823 1499 867 1526 Dei
893 1499 989 1527 oblivi—

201 1546 252 1579 sci,
266 1546 384 1573 ostendit
407 1553 468 1573 cum
482 1545 568 1573 dicit:
583 1554 592 1571 ι
609 1545 660 1572 Mei
684 1549 774 1572 autem
790 1545 872 1572 oblita
885 1549 938 1578 est,
950 1546 988 1572 di-

201 1591 240 1619 cit
263 1591 425 1619 Dominus.»
452 1589 505 1618 κυιιί
535 1591 608 1618 enim
634 1590 770 1618 inﬁrmata
791 1594 850 1623 est,
877 1590 984 1625 inquit,
1000 1579 1020 1608 (ἶ

205 1637 371 1665 daemonibus
396 1636 575 1669 adhaerendo,
605 1636 658 1664 imo
681 1644 695 1662 a
721 1635 853 1663 desiderio
873 1640 900 1663 et
925 1643 987 1671 pro—

199 1683 329 1716 pensione
347 1683 379 1709 ad
412 1682 510 1709 bonum
532 1682 637 1716 penitus
658 1681 831 1715 discedendo,
847 1682 903 1717 ipsa
921 1690 988 1717 quo~

199 1736 251 1762 que
262 1728 306 1755 Dei
319 1727 448 1755 memoria
460 1727 568 1761 decidit,
574 1734 634 1762 qua:
644 1727 724 1755 totius
738 1726 884 1762 impietatis
893 1731 986 1761 aperta

160 1807 163 1810 ν
199 1773 393 1801 denmnstratio
417 1777 468 1801 est.

234 1913 315 1941 Vsus.
328 1913 372 1941 14.
388 1913 452 1941 Ideo
463 1922 521 1942 ecce
533 1922 580 1950 ego
601 1914 697 1941 seduco
711 1921 780 1948 eam,
793 1918 819 1942 et
833 1922 930 1949 ponam
950 1914 984 1943 il-

196 1960 250 1986 lam
265 1960 342 1994 quasi
355 1959 494 1986 desertum.

233 2003 314 2031 XXII.
336 2003 480 2038 Postquam
502 2004 585 2036 enim,
613 2003 709 2038 inquit,
723 2003 767 2030 illa
783 2003 875 2031 multis
897 2004 984 2032 modis

195 2050 318 2082 oﬂendit,
333 2057 384 2084 ego
406 2055 496 2077 autent
528 2048 688 2077 defectionis
714 2056 809 2084 pcenas
834 2049 983 2084 iustissime

195 2095 334 2130 repoposci
351 2095 433 2129 (ultus
451 2102 511 2122 sum
527 2094 598 2122 enim
620 2101 702 2129 super
721 2102 781 2122 eam
792 2095 851 2122 dies
865 2094 980 2126 Baalim,

194 2149 222 2168 et
244 2141 417 2175 proportione
435 2141 595 2169 delictorum
612 2141 712 2176 savii);
726 2141 786 2168 ideo
805 2141 832 2168 in
845 2145 981 2174 posterum

193 2186 227 2212 ad
248 2186 462 2213 misericordiam
483 2193 526 2214 me
544 2186 629 2219 dabo,
641 2191 668 2214 et
687 2194 746 2214 eam
768 2188 801 2213 ad
821 2186 941 2220 meliora,
953 2191 981 2214 et

1044 951 1118 986 τρεῖν
1135 951 1297 986 ᾑρημέναις,
1314 952 1345 978 τὸ
1372 952 1464 979 ἐκεῖ-να
1488 952 1623 988 πληροῦν,
1647 953 1666 981 ἃ
1687 955 1743 986 τοῖς
1763 956 1831 982 ἀκα-

1044 996 1154 1032 Θὰρτοις
1176 996 1325 1032 δαιμονίοις
1347 996 1431 1025 δοκεῖ.
1456 998 1560 1034 ’Ὠσπερ
1582 1001 1635 1034 γὰρ
1663 1000 1831 1027 ἀπόϐλητον

1042 1037 1112 1066 εἷναί
1126 1049 1217 1076 φαμεν
1230 1040 1374 1077 ἀνθρώπου
1387 1041 1485 1077 ψυχὴν,
1498 1039 1569 1078 ᾗπερ
1586 1043 1618 1070 ἂν
1632 1043 1719 1079 ὁρῷτο
1733 1045 1830 1080 προσὸν

1041 1085 1072 1111 τὸ
1086 1086 1248 1121 διαπρέπειν
1264 1087 1293 1112 ἐν
1307 1087 1418 1121 ἀρεταῖς
1428 1095 1434 1102 ·
1448 1087 1520 1114 οὕτω
1536 1089 1583 1115 καὶ
1603 1088 1692 1125 ψυχὴν
1706 1091 1754 1125 τὴν
1766 1091 1829 1125 φιλ-

1041 1132 1225 1166 αμαρτήμονα
1239 1133 1299 1164 ταῖς
1317 1131 1371 1158 τῶν
1397 1133 1543 1168 δαιμονίων
1567 1134 1677 1168 ἀγέλαις
1695 1135 1829 1172 ὑποτοπη-

1041 1176 1100 1203 τὲον
1117 1175 1186 1204 εἶναι
1200 1177 1363 1213 περικαλλῆ,
1381 1179 1491 1214 φρονεῖν
1505 1187 1534 1206 τε
1560 1180 1607 1207 καὶ
1620 1180 1686 1216 δρᾷν
1701 1181 1829 1217 ἑλομένην

1040 1223 1095 1249 πᾶν
1108 1223 1121 1250 ὃ
1130 1223 1155 1249 τί
1171 1224 1246 1250 ἐστιν
1259 1223 1308 1259 ἡδύ
1327 1232 1357 1251 τε
1371 1225 1462 1257 αὐτοῖς
1472 1225 1520 1252 καὶ
1535 1226 1621 1260 φίλον.
1633 1228 1830 1263 Παρεικάζοιτο

1039 1269 1061 1296 δ’
1083 1269 1116 1296 ἂν
1145 1270 1162 1305 ἡ
1185 1270 1297 1306 τοιαύτη
1323 1270 1394 1306 ψυχὴ
1421 1273 1533 1306 γυναικὶ
1560 1273 1624 1305 τοὺς
1648 1274 1764 1309 τρόπους
1779 1276 1830 1302 οὐκ

1039 1315 1139 1351 ἀγαθῇ,
1157 1316 1174 1352 ἢ
1200 1316 1245 1342 καὶ
1261 1315 1392 1352 ὲξιτήλως
1409 1317 1585 1352 χρυσαῖζεται
1597 1338 1605 1350 ,
1627 1319 1708 1354 μόνον
1723 1320 1752 1347 δὲ
1769 1321 1830 1356 οὐχὶ

1038 1361 1085 1387 καὶ
1111 1362 1166 1392 τοῖς
1183 1362 1222 1393 είς
1250 1361 1318 1388 ὠτία
1344 1363 1390 1389 καὶ
1415 1362 1497 1398 δέρην
1523 1365 1684 1399 κοσμήμασι
1704 1365 1755 1401 τὴν
1775 1367 1829 1393 τῶν

1038 1405 1164 1442 ἐρώντων
1185 1406 1270 1442 αὐτῆς
1285 1408 1482 1442 καταγοητεύει
1498 1409 1621 1444 καρδίαν.
1641 1410 1774 1445 Σεμνύνει
1795 1411 1829 1448 δὴ

1038 1449 1084 1477 οὖν
1101 1452 1155 1486 ἄρα
1167 1453 1230 1484 τοὺς
1247 1452 1382 1488 πονηρους
1399 1453 1452 1478 πᾶν
1476 1450 1545 1485 εἶδος
1567 1454 1748 1491 ἀκαῡαρσίας.
1766 1457 1829 1483 Ὅτι

1037 1495 1075 1528 δὲ,
1093 1493 1134 1527 οἷς
1149 1496 1164 1521 ὁ
1178 1497 1278 1528 σκοπὸς
1290 1497 1357 1532 πρὸς
1369 1498 1461 1524 ἐκεῖνα
1475 1497 1596 1532 βλέπειν,
1617 1499 1722 1532 τούτοις
1738 1501 1771 1528 ἂν
1784 1503 1828 1537 εῐη

1039 1541 1155 1577 σύνηθές
1174 1550 1204 1568 τε
1218 1543 1264 1568 καὶ
1291 1543 1438 1576 ἀναγκαῖον
1459 1543 1489 1569 τὸ
1512 1544 1559 1571 καὶ
1573 1544 1657 1580 αὐτῆς
1671 1545 1829 1573 ἀπολισθεῖν

1037 1587 1087 1621 τῆς
1101 1587 1148 1614 τοῦ
1165 1586 1232 1614 Θεοῦ
1255 1589 1376 1623 μνήμης,
1392 1588 1509 1623 δέδειχεν
1531 1590 1633 1616 εἰπών·
1659 1599 1669 1616 ι
1696 1591 1779 1626 Ἐμοῦ
1800 1591 1829 1619 δὲ

1036 1632 1196 1667 ἐπελάθετο,
1219 1633 1293 1668 λέγει
1316 1633 1428 1670 Κύριος.
1450 1644 1459 1661 ι
1484 1635 1593 1671 Ἐπειδὴ
1611 1636 1665 1672 γὰρ
1680 1638 1829 1673 κατηρρὡ-

1039 1687 1133 1715 στησε,
1147 1680 1224 1715 φησὶ,
1235 1680 1274 1716 τῷ
1290 1681 1468 1716 προσκεῖσθαι
1483 1682 1539 1713 τοῖς
1551 1681 1709 1718 δαιμονίοις,
1725 1684 1828 1718 μᾶλλον

1036 1724 1065 1751 δὲ
1080 1725 1126 1752 καὶ
1141 1725 1295 1761 όλοτρόπως
1323 1727 1473 1762 ἀποφοιτᾷν
1494 1726 1544 1762 τῆς
1564 1729 1604 1759 είς
1616 1728 1647 1754 τὸ
1661 1729 1764 1762 ἀγαθὸν
1778 1731 1828 1765 ἐφ-

1038 1771 1122 1803 έσεώς
1143 1780 1172 1798 τε
1190 1772 1237 1798 καὶ
1258 1772 1420 1808 προθυμίας,
1445 1773 1493 1800 καὶ
1515 1773 1598 1809 αὐτῆς
1621 1774 1760 1802 ἀπώλισθε
1777 1776 1827 1811 τῆς

1034 1816 1082 1842 τοῦ
1095 1816 1163 1843 Θεοῦ
1181 1817 1302 1852 μνήμης.
1320 1817 1404 1844 Τοῦτο
1420 1818 1449 1845 δέ
1467 1818 1525 1844 ἐστι
1539 1818 1588 1854 τῆς
1603 1819 1718 1846 sled-trav
1730 1820 1828 1847 δυσσε-

1035 1862 1111 1894 θείας
1127 1863 1265 1897 ἀπόδειξις
1287 1864 1415 1899 ἐναργής.
1638 1862 1641 1865 ’

1069 1908 1121 1935 Διὰ
1138 1908 1226 1936 τοῦτο
1248 1908 1314 1936 ἰδοὺ
1336 1908 1395 1944 ἐγὼ
1417 1908 1522 1936 πλανῶ
1538 1909 1645 1944 αὐτὴν,
1670 1910 1721 1937 καὶ
1743 1910 1827 1944 τάξω

1033 1953 1131 1986 αὐτὴν
1146 1953 1187 1984 ὠς
1203 1953 1326 1988 ἔρημον.

1069 1999 1133 2026 KB’.
1161 1999 1270 2035 Ἐπειδὴ
1291 1999 1365 2035 γὰρ,
1394 2001 1494 2036 φησὶν,
1524 2000 1594 2036 αὕτη
1622 2001 1672 2037 μὲν
1693 2001 1827 2035 ἐξώκειλε

1033 2044 1219 2080 πολυτρόπως,
1235 2045 1355 2081 ἐζήτησα
1375 2045 1403 2072 δὲ
1423 2046 1472 2073 καὶ
1497 2046 1557 2074 λίαν
1576 2046 1663 2082 ὀρθῶς
1685 2048 1734 2083 τῆς
1755 2048 1826 2074 ἀπο-

1033 2090 1146 2122 στασίας
1161 2090 1210 2121 τὰς
1234 2091 1311 2122 δίκας
1336 2091 1510 2127 (ὲκδεδίκηκα
1531 2093 1586 2128 γὰρ
1599 2093 1643 2120 ἐπ’
1668 2093 1756 2129 αὐτὴν
1774 2094 1826 2126 τὰς

1031 2135 1139 2171 ἡμέρας
1151 2135 1204 2163 τῶν
1221 2135 1351 2172 Βααλεὶμ,
1373 2137 1420 2164 καὶ
1436 2138 1550 2174 ίσοπαλῆ
1573 2140 1628 2171 τοῖς
1651 2139 1826 2175 πταίσμασιν

1031 2183 1183 2225 ἐπενήνοχα
1198 2182 1247 2217 τὴν
1265 2182 1373 2219 όργήν>·
1387 2183 1471 2220 ταύτῃ
1495 2193 1535 2212 τοι
1556 2185 1647 2212 λοιπὸν
1667 2186 1707 2218 εἰς
1730 2186 1826 2214 ἔλαιον

193 2233 226 2259 ad
248 2233 402 2260 facultatem
424 2239 457 2259 ea
485 2232 640 2266 praestaudi,
665 2240 713 2265 per
733 2239 794 2267 qua:
817 2231 873 2259 Deo
902 2237 977 2267 grata

1044 2228 1249 2263 μεταστήσομαι,
1264 2228 1311 2255 καὶ
1323 2230 1391 2265 πρὸς
1401 2230 1431 2256 τὸ
1443 2231 1555 2265 ἄμεινον
1567 2232 1738 2267 μτακομιῶ,
1752 2232 1825 2268 1:96;

191 2279 304 2305 evadere
324 2282 415 2313 queat,
436 2277 608 2306 transferam.
626 2277 692 2311 Quis
710 2285 785 2312 ergo,
809 2278 904 2311 inquit,
919 2285 977 2304 mo-

1045 2282 1057 2299 ε.
1067 2274 1097 2300 τὸ
1106 2272 1235 2301 δύνασθαι
1247 2273 1366 2310 πληροῦν
1377 2275 1412 2302 τὰ
1424 2275 1456 2302 δι’
1468 2273 1505 2303 ὧν
1517 2275 1550 2303 ἂν
1560 2277 1663 2311 γένοιτο
1676 2277 1822 2314 θεοφιλής.

191 2323 240 2350 dus
252 2324 304 2350 erit
326 2322 503 2350 sanationis?
529 2330 538 2348 t
560 2322 630 2350 Ecce
646 2330 696 2357 ego
718 2322 819 2349 seduco
844 2321 918 2349 illam
936 2331 942 2349 :
963 2331 973 2348 ›

190 2375 243 2394 non
268 2375 332 2395 sane
358 2368 392 2394 ab
412 2374 445 2394 eo
472 2367 542 2401 quod
565 2368 672 2394 tuendae
698 2367 759 2394 vita:
793 2367 974 2395 necessarium

187 2416 231 2439 est
249 2417 330 2446 atque
355 2412 429 2444 utile,
444 2416 474 2439 ut
493 2411 620 2446 deinceps
647 2411 701 2439 tale
726 2411 845 2448 [101145
865 2412 975 2440 sit:sed

188 2466 204 2485 ε
226 2458 358 2492 turpibus,
373 2462 400 2485 et
413 2465 510 2485 nocere
530 2457 618 2484 solitis
631 2457 664 2484 ad
688 2457 772 2484 utilia.
793 2459 973 2490 Quemadmo-

187 2504 250 2530 dum
269 2503 341 2530 enim
358 2511 373 2529 ιι
393 2503 493 2530 virtute
507 2504 540 2530 ad
564 2504 628 2530 vitia
646 2503 784 2531 seducitur
808 2505 913 2537 anima;
935 2504 972 2530 ita

186 2555 227 2580 ut,
247 2549 377 2580 arbitror,
402 2555 417 2575 a
442 2549 563 2576 moribus
585 2550 720 2583 perversis
743 2550 815 2576 velut
835 2553 970 2584 retrogre-

185 2596 272 2626 diens,
288 2594 397 2621 seducta
413 2597 606 2629 propemodum
635 2596 717 2623 videri
740 2600 830 2630 queat,
848 2605 864 2623 e
889 2603 971 2630 scopo

182 2648 232 2668 suo
258 2641 374 2672 detorta,
389 2646 417 2668 et
434 2642 570 2676 proposita
585 2643 680 2669 semita
707 2650 760 2669 non
775 2643 892 2677 amplius
906 2651 970 2669 cur-

182 2694 256 2713 rens.
281 2686 314 2712 Et
333 2687 403 2714 sicut
427 2687 485 2721 ejus
500 2687 550 2715 viae
563 2688 665 2715 utiliter
691 2689 758 2723 palis
782 2689 969 2723 impedieban-

181 2732 235 2766 tui',
263 2741 296 2760 ne
323 2740 456 2761 animm-es
477 2742 539 2761 suos
565 2736 827 2769 assequeretur:ita
851 2740 878 2763 et.
899 2743 970 2764 nunc

181 2779 262 2806 veluti
289 2787 337 2814 per
349 2788 468 2815 praeceps
483 2781 508 2807 in
527 2781 672 2814 perniciem
702 2787 727 2809 et
746 2783 857 2809 exitium
876 2789 970 2809 errare

181 2825 295 2857 videtur,
310 2826 343 2852 ad
368 2834 488 2853 antorem
515 2826 621 2854 virtutis
643 2826 697 2854 Deo
715 2827 860 2854 miScrante
881 2833 968 2855 trans-

180 2868 244 2904 lata,
262 2876 288 2897 et
306 2878 367 2898 vera
389 2871 436 2898 Dei
453 2870 606 2906 cognitione
619 2872 645 2898 in
670 2872 799 2905 animum,
815 2878 842 2900 ct
864 2873 967 2901 lumine

1027 2320 1074 2352 Τίς
1088 2320 1119 2356 δὴ
1133 2319 1179 2349 οὖν
1194 2321 1258 2356 ἄρα,
1273 2322 1365 2356 φησὶν,
1382 2322 1396 2348 ό
1409 2321 1459 2357 τῆς
1472 2322 1591 2354 ἀκέσεως
1606 2322 1681 2350 ἐσται
1698 2324 1823 2359 τρόποςς

1028 2374 1038 2392 ‹
1065 2366 1130 2393 Ἰδοὺ
1144 2365 1199 2400 ἐγὼ
1220 2366 1314 2393 πλανῶ
1331 2367 1416 2402 αὑτήν
1427 2374 1434 2381 ·
1452 2376 1461 2394 ι
1480 2367 1530 2394 οὐκ
1548 2368 1601 2394 ἀπό
1615 2376 1647 2402 γε
1667 2369 1715 2395 τοῦ
1733 2370 1824 2404 ἀναγ-

1024 2412 1103 2439 καίου
1120 2413 1168 2439 καὶ
1195 2412 1331 2448 χρησίμου
1351 2414 1419 2449 πρὸς
1434 2413 1507 2450 ζωὴν
1526 2414 1593 2449 πρὸς
1611 2414 1641 2441 τὸ
1665 2415 1704 2450 μὴ
1728 2415 1823 2447 οὕτως

1024 2457 1096 2493 ἔχον,
1110 2458 1169 2485 ἀλλ’
1186 2459 1218 2485 ὲκ
1233 2458 1287 2486 τῶν
1309 2459 1452 2494 αίσχιόνων
1468 2459 1513 2486 καὶ
1527 2460 1630 2486 ἀδικεῖν
1650 2461 1821 2495 πεφυκότων

1024 2505 1070 2530 ἐπὶ
1081 2504 1111 2531 τὸ
1127 2504 1220 2531 τελοῦν
1235 2505 1275 2536 είς
1296 2505 1398 2540 ὄνησιν.
1417 2505 1520 2540 Ὥσπερ
1537 2505 1591 2541 γὰρ
1613 2506 1643 2538 ἐξ
1657 2506 1762 2542 ἀρετῆς
1777 2508 1820 2539 εὶς

1023 2550 1179 2585 φαυλότητα
1188 2550 1321 2577 πλανᾶται
1333 2550 1405 2586 ψυχή
1418 2558 1425 2566 ”
1442 2550 1488 2577 τὸν
1500 2551 1593 2584 αὐτὸν,
1608 2550 1696 2587 οἶμαι,
1711 2554 1820 2589 τρόπον

1022 2599 1054 2625 ὲκ
1068 2599 1123 2625 τῶν
1137 2599 1186 2634 τῆς
1198 2599 1362 2634 φαυλότητος
1373 2599 1482 2634 τρόπων
1494 2600 1589 2628 ἀνόπιν
1610 2600 1706 2637 ὥσπερ
1723 2603 1819 2636 ίοῦσα,

1024 2645 1164 2680 μονονουχὶ¹
1175 2645 1363 2680 πεπλανῆσθαι
1378 2645 1477 2678 δόξειεν
1498 2646 1542 2678 ἂν,
1558 2646 1605 2674 τοῦ
1625 2648 1689 2675 ίδίου
1706 2650 1819 2677 σκοποῦ

1020 2691 1257 2726 παρενηνεγμένη,
1278 2691 1324 2718 καὶ
1343 2691 1436 2726 τρίεον
1449 2692 1541 2719 οὐκέτι
1562 2693 1612 2728 τὴν
1628 2695 1820 2729 προτεθεῖσαν

1020 2736 1173 2764 διάττουσα.
1191 2737 1246 2763 Καὶ
1261 2737 1355 2772 ὥσπερ
1370 2737 1455 2772 αὐτῆς
1479 2738 1507 2764 αι
1521 2738 1576 2765 ὁδοὶ
1593 2739 1738 2775 χρησίμως
1753 2743 1821 2773 τοῖς

1021 2781 1146 2816 σκόλοψιν
1167 2782 1374 2817 ἁνεφράττοντο,
1392 2782 1434 2809 ἵνα
1447 2782 1484 2818 μὴ
1499 2783 1637 2820 καταλάϐῃ
1649 2785 1712 2816 τοὺς
1722 2785 1820 2820 αὐτῆς

1019 2827 1136 2862 ἐραστάς
1150 2835 1156 2842 ·
1175 2827 1245 2853 οὕτω
1260 2827 1308 2854 καὶ
1330 2826 1377 2853 νῦν
1403 2827 1483 2853 οἱονεί
1497 2836 1555 2860 πως
1578 2829 1712 2864 τρέχουσα
1736 2831 1819 2856 κατὰ.

1019 2873 1138 2908 πρανοῦς
1161 2874 1198 2905 εἰς
1213 2874 1322 2909 ὄλεθρον
1344 2874 1391 2900 καὶ
1409 2873 1556 2908 ἀπώλειαν,
1572 2875 1640 2910 ἐλέῳ
1654 2875 1723 2903 Θεοῦ
1738 2876 1775 2902 π)
1783 2884 1815 2903 1.-
