1913 3042
75 177 102 206 ει
539 181 811 210 COMMEN'I'ARIUd
830 182 863 210 IN
884 181 1000 210 OSEAM
1021 183 1244 211 PROPU‘ETAM'.
1668 182 1706 209 8‘3

76 235 472 283 vdoﬂq:6px_ei,peetmapévq
493 241 560 275 πρὸς
574 241 666 275 ἔφεσιν
689 241 798 276 ἀρετῆς,
819 242 867 268 καὶ

921 241 944 268 in
960 249 1013 283 ‘cor
1033 245 1170 276 suscepto,
1185 246 1213 268 et
1229 241 1300 268 viam
1332 240 1485 275 pristinam,
1510 244 1539 266 ut
1557 239 1624 271 dixi,
1651 247 1703 266 non

77 282 120 316 τῆς
132 281 255 317 ἀληθοῦς
271 282 440 318 θεογνωσίας
454 285 493 316 είς
515 284 579 312 νοῦν
603 286 651 312 καὶ
664 286 777 322 καρδίαν
791 286 867 322 δεχοι-

81 326 138 362 μένη
152 326 184 353 τὸ
199 327 273 361 φῶς,
289 328 339 355 καὶ
353 329 403 364 τὴν
425 329 551 364 ἀρχαίαν,
563 330 600 362 ὡς
614 330 691 366 ἔφην,
706 331 797 358 οὐκέτι
813 331 868 366 τρί-

81 372 120 400 60v
131 373 313 408 εὑρίσκουσι-ιι.
336 375 432 402 Ἰστέον
443 375 481 408 δὲ,
498 376 539 402 ὅτι
555 376 596 408 τὸ,
613 386 622 402 ι
636 376 733 404 Πλανῶ
745 376 839 412 αὐτὴν,
854 386 864 403 ι

81 420 129 449 τοῖς
142 419 251 455 ἑτέροις
270 420 453 457 ἐρμηνευταῖς
471 422 578 458 εἴρηται
596 422 646 457 μὲν
668 422 766 455 ἄλλως.
782 423 866 460 Πλὴν,

83 466 117 497 εἰς
129 465 177 493 ἕνα
191 467 240 493 καὶ
257 467 305 494 τὸν
319 467 402 495 αὑτὸν
419 468 633 503 ἀποπεραίνεται
649 469 719 495 νοῦν.
740 468 867 496 Ἐκδεδώ-

84 519 140 536 κασι
155 511 222 547 γὰρ,
246 512 272 538 οἱ
302 511 364 547 μὲν,
376 521 386 538 ‹
404 513 444 539 ὅτι
458 512 512 539 ἰδοὺ
526 511 582 546 ἐγὼ
593 513 723 549 ἀποφέρω
733 513 818 549 αὑτήν
828 521 835 528 ⁶
855 523 865 540 ι

84 557 104 582 oi
115 556 150 588 δὲ,
169 565 180 582 ι
196 558 238 583 ὃτι
267 557 364 586 ἀπαιτῶ
387 558 472 594 αὑτήν
482 567 488 574 ·
505 567 515 585 ›
530 559 725 594 ἐτεροτρόπως,
735 559 773 591 ὡς
786 559 866 595 ἔφην,

87 603 146 629 αὑτὴ
163 603 198 638 δὴ
217 603 298 630 τοῦτο
317 604 505 638 σημαίνοντες,
529 605 569 637 τὸ,
589 613 599 630 ι
616 604 724 638 Πλανῶ,
751 614 760 631 ι
784 605 866 640 φημὶ,

86 649 222 683 χρησίμως
245 650 401 684 νοούμενον.
428 650 548 685 Βάσιμον
570 650 599 677 δὲ
623 648 715 683 οὖσαν,
741 651 788 678 καὶ
812 650 867 678 οἷον

86 694 188 729 ἔνυδρον
215 695 268 730 γῆν
293 697 355 727 ταῖς
378 695 432 722 τῶν
458 695 603 731 δαιμονίων
629 695 750 730 ἀγέλαις,
775 696 868 730 τάξειν

87 743 182 778 ἔρημον
202 741 414 776 ἐπαγγέλλεται,
427 740 570 773 διδάσκων,
585 742 625 768 ὅτι
649 741 765 777 σκληρόν
779 750 808 768 τε
820 741 867 768 καὶ

86 787 179 823 ἀστιϐῆ
197 788 246 815 καὶ
263 787 377 823 ἄνυδρον
400 788 535 822 ἀποφανεῖ
555 787 611 818 τοῖς
624 787 735 814 ἐκείνων
752 786 868 822 θελήμαι

86 843 133 864 σιν,
150 834 188 866 ὼς
212 833 371 868 ἀναπαύλης
385 833 479 860 οὐδένα
499 832 592 860 λοιπὸν
608 832 784 868 εὑρίσκοντας
803 832 869 870 τρό-

87 888 140 912 πον,
157 878 349 915 παραιτεῖσθαι
369 879 415 905 καὶ
431 879 591 914 ἀποφοιτῷθ.

116 925 193 952 Οὕτω
219 926 266 952 καὶ
291 925 306 951 ό
327 924 429 960 Κύριος
452 923 530 959 ἡμῶν
552 924 655 959 Ἰησοῦς
676 923 814 960 Χριστὸς,

84 972 186 1005 ἐξελθὸν
211 971 366 1006 ἀκάθαρτον
391 969 498 1004 πνεῦμα
514 970 548 996 ἐκ
565 968 612 996 τοῦ
631 969 774 1005 ἀνθρώπου
795 970 867 1006 διέρ-

84 1018 175 1053 χεσθαί
191 1026 258 1052 φησι
274 1017 307 1043 δι’
323 1016 444 1051 ἀνύδρων
469 1015 569 1048 τόπων,
587 1015 684 1050 ζητοῦν
704 1016 867 1049 ἀνάπαυσιν,

84 1064 127 1090 καὶ
153 1063 191 1099 μὴ
219 1062 366 1098 εὑρίσκειν.
382 1062 487 1096 ’Ὠσπερ
507 1062 561 1096 γὰρ
587 1060 740 1097 ἀνθρώποις
762 1061 811 1088 οὑκ
829 1062 873 1088 οί-’

85 1110 199 1144 κήσιμος
219 1109 235 1134 ὸ
259 1108 373 1143 ἄνυδρος
399 1106 504 1142 χῶρος·
535 1106 607 1133 οὕτω
631 1107 676 1133 καὶ
705 1107 869 1142 ἀκαθάρτοις

84 1154 218 1189 πνεύμασι
232 1154 338 1189 πονηρά
356 1154 403 1181 καὶ.
417 1155 608 1191 ἀπηχθημένη,
631 1156 679 1183 καὶ
695 1153 750 1182 οἷον
770 1157 868 1189 ἀϐατός

84 1206 111 1224 τε
136 1198 184 1224 καὶ
197 1197 311 1232 ἄνυδρος
325 1198 361 1233 γῆ
373 1199 453 1225 νοοῖτ¹
464 1198 496 1226 ἂν
508 1199 619 1232 εἰκότως
636 1201 652 1235 ἡ
669 1200 794 1236 θεοφιλὴς
821 1202 869 1228 καὶ

83 1243 141 1269 ὁσία
154 1243 239 1279 ψυχὴ.
255 1244 301 1270 καὶ
321 1243 355 1270 τὰ
371 1244 484 1276 ἐκείνοις
501 1246 561 1272 καθ’
577 1246 683 1282 ἡδονὴν,
702 1246 718 1282 ἢ
749 1248 866 1282 φρονεῖν,

83 1288 175 1324 ἤδρᾷν
191 1289 242 1315 οὐκ
255 1289 416 1325 ἀνεχομένη.
438 1290 612 1325 Ἑπικουρίας
635 1289 681 1318 οὖν
700 1291 754 1328 ἄρα
769 1292 868 1327 τρόπος

83 1335 99 1369 ἡ
121 1334 214 1361 ἐνθάδε
236 1334 369 1370 λεγομένη
390 1335 532 1371 πλάνησις,
553 1337 601 1363 καὶ
624 1336 677 1372 μὴν
701 1338 748 1364 καὶ
772 1338 804 1364 τὸ
827 1339 869 1370 είς

81 1381 181 1415 ἔρημον
205 1380 424 1407 κατατάττεσθαι
448 1381 514 1417 γῆν,
540 1382 611 1409 κατά
635 1391 666 1417 γε
685 1383 748 1415 τοὺς
768 1383 868 1420 ἀρτίως

81 1427 144 1461 ἡμῖν
158 1426 322 1461 εἰρημένους
333 1425 439 1460 λόγους.

113 1472 168 1499 Καὶ
185 1471 314 1505 λαλήσω
330 1472 379 1499 ἐπὶ
392 1472 449 1506 τὴν
460 1472 586 1507 καρδίαν
598 1472 703 1508 αὐτῆς,
719 1473 769 1501 καί
781 1473 869 1502 δώσω

79 1516 153 1550 αὐτῇ
172 1517 208 1544 τὰ
224 1516 360 1550 κτήματα
374 1516 468 1551 αὐτῆς
482 1517 606 1545 ἐκεῖθεν.

114 1563 177 1589 KI".
187 1563 233 1622 ’ἓν
240 1562 345 1594 τούτοις
354 1562 421 1622 ἡμῖν
428 1562 526 1597 ὀλόγος
535 1564 585 1599 τὴν
595 1563 639 1591 διὰ
647 1564 670 1590 Χ
674 1564 764 1599 ρίστοῦ
777 1573 866 1601 σωτη-
881 1591 904 1622 c

157 1617 192 1622 _._
211 1609 384 1622 .._.-....:._.
429 1609 546 1622 -.._-.-.-
584 1609 628 1622 ...Α
660 1609 713 1622 _.~...
734 1611 782 1622 _=_
807 1612 850 1622 ι-.

79 1609 138 1645 ρίαν
157 1608 385 1643 καθυπισχνεῖται
411 1608 556 1645 λαμπρῶς,
584 1609 631 1636 καὶ
659 1609 713 1636 τῶν
733 1611 782 1646 τῆς
806 1612 867 1638 ἐπι-

75 1655 176 1690 δημίας
188 1654 375 1690 διαμέμνηται
400 1655 512 1690 χρόνων,
528 1654 589 1682 καθ’
607 1655 655 1687 οὓς
672 1656 868 1691 πεπληρῶσθαι

75 1709 165 1736 φαμεν
191 1701 233 1733 τὸ,
254 1710 263 1726 ι
285 1700 330 1727 Ἑν
341 1702 402 1732 ταῖς
427 1700 544 1736 ἡμέραις
570 1701 699 1734 ἐκείναις,
714 1701 762 1729 καὶ
779 1701 808 1728 ἐν
829 1701 868 1738 τῷ

73 1747 164 1782 καιρῷ
177 1747 276 1782 ἐκείνῳ
286 1746 375 1778 διδοὺς
398 1745 475 1773 δώσω
496 1746 595 1782 νόμους
614 1755 664 1782 μου
689 1748 729 1779 είς
751 1747 868 1775 διάνοιαν

73 1794 177 1826 αὐτῶν,
193 1793 241 1820 καὶ
263 1792 311 1819 ἐπὶ
336 1793 448 1828 καρδίας
460 1793 550 1820 αὐτῶν
572 1793 703 1828 ἐγγράψω
723 1794 830 1826 αὐτούς.
853 1803 864 1821 ι

72 1839 152 1866 Οὕτω
171 1839 228 1875 γὰρ
252 1839 285 1874 δὴ
310 1839 358 1866 καὶ
384 1839 398 1865 ὁ
421 1840 574 1874 σοφώτατος
598 1840 715 1873 Παῦλος,
737 1842 794 1873 τοῖς
819 1841 869 1877 τὴν

69 1885 144 1911 οὕτω
167 1884 300 1920 λαμπρὰν
325 1884 374 1911 καὶ
401 1884 561 1919 ἁξιόληπτον
583 1885 692 1921 ἀληθῶς
718 1886 870 1914 καταπλου-

69 1931 174 1965 τήσασι
208 1929 290 1965 χάριν
330 1930 498 1963 ἐπιστέλλει,
523 1930 627 1965 λέγων·
649 1940 658 1957 ί
681 1931 712 1958 Ἦ
741 1932 869 1968 ἐπιστολὴ

70 1976 152 2010 ἡμῶν
172 1976 253 2011 ὑμεῖς
269 1976 332 2002 ἐστε
361 1976 574 2011 ὲγγεγραμμένη
602 1976 631 2003 ἐν
660 1978 720 2008 ταῖς
745 1977 869 2013 καρδίαις

69 2022 163 2057 ἡμῶν,
180 2021 373 2057 γινωσκομένη
396 2022 443 2048 καὶ
465 2023 706 2058 ἀναγινωσκομένη
723 2023 776 2050 ὑπὸ
801 2024 869 2051 πάν-

68 2077 125 2094 των
158 2067 335 2103 ἀνθρώπων,
357 2067 552 2103 φανερούμενοι
579 2068 621 2095 ὅτι
650 2068 711 2095 ἐστὲ
741 2069 869 2106 ἐπιστολὴ

68 2114 205 2149 Χριστοῦ,
224 2113 415 2149 διακονηθεῖσα
430 2113 476 2147 ὑφ’
493 2113 582 2148 ήμῶν,
607 2114 820 2151 ἐγγεγραμμὲνη
837 2116 868 2142 οὐ

70 2160 182 2194 μέλανι,
197 2159 266 2186 ἀλλὰ
282 2158 420 2194 πνεύματι
442 2158 510 2186 Θεοῦ
524 2159 634 2192 ζῶντος.
652 2169 661 2186 ι
675 2160 799 2188 Διδακτοὶ
815 2161 869 2197 γὰρ

68 2206 141 2232 Θεοῦ
154 2206 311 2241 γεγόναμεν
323 2205 347 2232 oi
362 2205 581 2237 πεπιστευκότες.
598 2206 653 2232 Καὶ
666 2206 730 2240 γοῦν
744 2207 758 2233 ὀ
772 2206 869 2233 θεσπέ-

920 287 1034 321 amplius
1062 287 1211 314 iuveniens.
1231 285 1375 314 Sciendum
1397 293 1490 321 porro,
1507 285 1590 312 illudc
1606 285 1706 312 seduco

921 332 1005 366 ipsam
1026 341 1035 358 ι
1053 331 1122 359 alios
1148 332 1225 358 aliter
1257 331 1417 359 reddidisse.
1450 329 1640 357 Verumtamen
1671 329 1705 355 ad

921 385 1002 405 unum
1030 382 1057 405 et
1083 378 1205 404 eumdem
1231 377 1309 404 linem
1335 377 1442 404 recidit.
1470 376 1618 404 Ediderunt
1631 375 1705 402 enim

920 424 1046 458 quidam:
1062 432 1070 449 ς
1083 422 1150 456 Quia
1161 429 1226 450 ecce
1236 429 1286 456 ego
1297 422 1389 449 aufero
1401 423 1496 457 ipsam.
1514 431 1523 448 ι
1538 422 1601 454 Alii,
1617 430 1627 447 t
1640 421 1705 455 quia

921 470 1024 504 decipio
1050 469 1146 504 ipsam,
1166 477 1175 495 ι
1201 468 1262 496 aliis
1293 468 1422 500 vocibus,
1438 472 1468 496 ut
1495 468 1626 500 dicebam,
1655 467 1708 494 hoc

921 515 1007 550 ipsum
1024 514 1205 550 significantes
1219 522 1226 547 ;
1245 513 1309 541 illud
1322 513 1587 548 «seducoginquam,
1602 513 1705 542 utiliter

920 560 1096 588 intellectum.
1131 552 1254 587 Perviam
1290 563 1396 591 autem,
1427 562 1455 585 et
1478 559 1551 586 velut
1575 566 1704 592 aquosam

920 610 1020 632 terram
1036 604 1186 631 daemonum
1209 603 1326 630 catervis
1345 603 1496 637 positurutn
1518 610 1548 629 se
1569 602 1704 629 desertam

920 650 1062 685 promittit,
1077 649 1187 682 docens,
1203 656 1341 684 asperam,
1366 647 1466 675 inviam
1490 652 1519 675 et
1547 648 1704 682 iuaquosam

921 697 1025 724 illorum
1042 695 1234 731 cupiditatibus
1260 695 1448 726 facturum,ut
1477 693 1578 728 requiei
1603 692 1705 720 nullum

920 742 954 769 de
970 746 1067 769 caetero
1090 740 1196 768 modum
1220 739 1384 776 reperientes
1395 760 1409 773 ,,
1427 747 1486 767 cam
1506 743 1704 774 aspernentur,

921 789 948 814 et
964 786 1120 814 abscedant.

837 925 868 952 τὸ

954 927 999 956 Sic
1013 928 1094 955 etiam
1115 927 1243 955 Dominus
1259 932 1351 955 noster
1363 927 1573 956 JesusChristus
1586 926 1709 962 “egrcs-‘

920 981 979 1001 sum
994 974 1118 1009 spiritum
1139 974 1306 1001 immttndum
1323 974 1357 1001 ab
1372 973 1480 1001 homine
1502 971 1641 1000 ambulare
1666 972 1706 999 ait

918 1027 967 1054 per
981 1019 1039 1046 loca
1063 1018 1203 1054 iuaquosa,
1219 1024 1385 1053 quaerentem
1411 1019 1545 1053 requiem,
1565 1025 1614 1045 nec
1630 1018 1706 1045 inve-

919 1065 1048 1093 nientetn.
1064 1064 1129 1091 Nam
1146 1070 1175 1092 ut
1191 1065 1346 1092 hominibus
1363 1064 1438 1092 locus
1452 1064 1528 1098 aquis
1538 1071 1635 1092 carens
1649 1071 1704 1091 non

919 1114 960 1136 est
977 1109 1143 1142 habitabilis,
1165 1110 1201 1136 ita
1222 1115 1250 1136 et
1263 1109 1408 1137 immundis
1431 1109 1572 1145 spiritibus
1591 1110 1662 1137 mala
1676 1113 1705 1138 et

918 1155 1041 1187 molesta,
1055 1159 1082 1181 et
1094 1154 1246 1182 velutinvia
1271 1159 1298 1182 et
1323 1155 1452 1189 inaquosa
1467 1159 1539 1182 terra
1558 1162 1610 1181 non
1632 1154 1710 1188 injtt-'

918 1201 957 1228 ria
973 1200 1138 1235 intelligatur
1162 1200 1208 1228 Dei
1222 1207 1328 1233 amans,
1342 1205 1370 1228 et
1393 1200 1427 1228 ad
1443 1201 1550 1227 illorum
1575 1200 1704 1235 placitum

919 1247 985 1274 nihil
1003 1251 1048 1274 aut
1061 1248 1180 1282 cogitare
1205 1252 1251 1274 aut
1270 1247 1359 1274 facere
1376 1246 1515 1274 sustlnens
1530 1246 1629 1273 anima.
1648 1245 1706 1273 Meo

919 1292 967 1320 dus
986 1293 1067 1328 igitur
1081 1293 1173 1320 auxilii
1187 1297 1239 1326 est,
1255 1300 1316 1328 quae
1328 1292 1371 1319 hic
1389 1292 1488 1320 dicitur
1510 1291 1642 1323 seductio,
1657 1295 1700 1318 at-

919 1346 971 1374 que
993 1338 1074 1366 etiam
1100 1339 1128 1366 in
1156 1339 1291 1366 desertam
1320 1343 1431 1370 terram,
1459 1345 1505 1365 seu
1532 1337 1704 1365 solitudinem

918 1385 1055 1418 constitui,
1068 1383 1146 1420 juxta
1161 1385 1186 1412 id
1200 1385 1270 1420 quod
1283 1384 1339 1419 jam
1355 1391 1370 1411 a
1388 1384 1465 1412 nobis
1477 1384 1577 1412 dictum
1592 1388 1643 1412 est.

954 1475 987 1504 Ει
998 1476 1091 1512 loquar
1099 1476 1134 1504 ad
1147 1484 1192 1504 cor
1204 1475 1273 1512 ejus,
1290 1480 1313 1503 et
1324 1474 1392 1503 dabo
1403 1474 1443 1502 illi
1461 1474 1638 1509 possessiones
1647 1473 1704 1506 eius

919 1524 991 1551 inde.

954 1568 1046 1598 XXIII.
1063 1568 1111 1596 [Iis
1125 1567 1215 1596 verbis
1228 1567 1300 1595 salus
1315 1574 1364 1602 per
1376 1566 1513 1594 Christum
1529 1565 1607 1593 nobis
1623 1564 1705 1599 liqui-

920 1615 954 1644 do
969 1614 1146 1651 promittitur,
1163 1618 1191 1641 et
1211 1618 1332 1647 tempora
1353 1612 1483 1639 adventus
1505 1610 1704 1646 signiﬁcantur,

920 1662 1017 1696 quibus
1029 1659 1167 1695 lmpletum
1183 1659 1297 1687 dicimus
1319 1657 1382 1685 illttd
1396 1666 1402 1684 :
1418 1666 1427 1683 ι
1441 1657 1470 1684 In
1484 1657 1578 1684 diebus
1603 1656 1666 1688 illis,
1677 1659 1706 1682 et

919 1707 946 1735 in
963 1711 1084 1741 tempore
1106 1705 1151 1733 illo
1168 1705 1235 1732 dans
1253 1703 1323 1731 dabo
1347 1703 1419 1738 leges
1439 1709 1513 1730 meas
1537 1702 1563 1729 in
1586 1705 1704 1728 mentem

919 1760 1023 1785 eorum,
1040 1756 1066 1779 et
1081 1751 1107 1779 in
1122 1751 1203 1778 corda
1216 1757 1309 1777 eorum
1329 1749 1475 1777 inscribam
1497 1755 1544 1775 eas
1566 1747 1599 1774 ³’.
1624 1755 1634 1773 ι
1660 1745 1706 1774 Sic

919 1799 992 1826 enim
1019 1796 1236 1832 sapientissimus
1255 1795 1353 1822 Paulus
1377 1794 1443 1822 adeo
1468 1793 1555 1828 ampla
1581 1797 1608 1819 et
1629 1799 1707 1819 acce-

918 1845 1010 1880 ptione
1024 1844 1101 1879 digna
1116 1842 1202 1877 gratia
1216 1849 1279 1869 vere
1291 1841 1419 1868 divitibus
1435 1839 1528 1867 scribit
1541 1848 1547 1866 :
1561 1838 1616 1874 46
1627 1837 1705 1872 (Epi-

919 1890 988 1919 stola
1016 1894 1108 1917 nostra
1135 1896 1183 1916 vos
1212 1888 1296 1918 estis,
1321 1887 1422 1920 scripta
1450 1885 1477 1912 in
1501 1885 1630 1912 cordibus
1657 1890 1706 1910 no-

920 1937 995 1968 stris.
1009 1943 1069 1970 qum
1083 1934 1167 1962 scitur
1179 1938 1206 1960 et
1228 1933 1325 1968 legitur
1338 1931 1371 1959 ab
1387 1929 1513 1958 omnibus
1529 1928 1683 1956 hominibus
1696 1937 1703 1955 :

920 1980 1096 2013 manifestati,
1113 1979 1185 2014 quod
1200 1979 1313 2013 epistola
1333 1978 1398 2005 estis
1415 1975 1525 2008 Christi,
1553 1975 1705 2002 ministrata

920 2036 935 2055 a
952 2027 1039 2059 nobis,
1059 2026 1159 2061 scripta
1183 2033 1236 2053 non
1262 2029 1422 2056 atramento,
1453 2024 1501 2053 sed
1532 2025 1626 2060 spiritu
1657 2022 1704 2050 Dei

919 2073 972 2101 vivi
988 2073 1022 2100 “’.
1043 2081 1053 2099 ι
1072 2072 1094 2100 Δ
1110 2072 1164 2100 Deo
1174 2073 1245 2099 enim
1261 2071 1333 2099 docti
1355 2071 1502 2103 evasimus,
1519 2071 1565 2106 qui
1591 2069 1707 2098 credidi-

920 2125 991 2145 mus.
1008 2117 1100 2152 ltaque
1116 2119 1227 2144 sanctus
1247 2115 1364 2144 Joannes
1386 2116 1426 2144 sic
1453 2123 1502 2144 nos
1527 2115 1674 2150 alloquitur
1697 2122 1705 2141 :

923 2173 932 2189 t
952 2163 984 2190 Et
995 2170 1042 2190 vos
1058 2162 1212 2189 unctionem
1225 2162 1330 2190 habetis
1343 2169 1358 2189 a
1374 2167 1476 2195 sancto,
1487 2167 1515 2190 et
1530 2168 1582 2188 non
1597 2166 1707 2188 necesse

922 2208 1029 2236 habetis
1046 2212 1077 2235 ut
1098 2208 1197 2243 aliquis
1210 2208 1306 2235 doceat
1327 2214 1376 2236 vos
1399 2215 1406 2235 :
1428 2207 1474 2235 sed
1497 2207 1567 2235 sicut
1594 2206 1707 2242 spiritus

72 2261 131 2283 σιος
160 2251 293 2286 Ἰωάννης
318 2250 547 2286 προσπεφώνηκε,
576 2250 680 2285 λέγων·
701 2251 775 2279 (Καὶ
791 2251 869 2286 ὑμεῖς

921 2253 978 2288 ejus
993 2252 1073 2281 docet
1089 2260 1136 2281 vos
1151 2254 1184 2280 de
1197 2253 1324 2281 omnibus
1344 2252 1378 2280 “.
1397 2261 1407 2279 ι
1423 2252 1455 2280 Et
1479 2252 1506 2280 in
1531 2253 1612 2280 corde
1634 2252 1708 2279 intus

72 2298 182 2334 χρίσμα
197 2298 275 2333 ἔχετε
297 2297 352 2324 ἀπὸ
368 2296 416 2324 τοῦ
428 2297 505 2331 ἁγίου
516 2305 523 2312 ·
561 2297 609 2323 καὶ
628 2297 659 2323 οὑ
676 2297 771 2332 χρείαν
782 2296 869 2332 ἔχετε,

74 2345 118 2371 ῖνα
133 2353 177 2376 τις
192 2344 307 2380 διδάσκῃ
325 2343 414 2378 ὑμᾶς·
430 2343 497 2370 ἀλλὰ
515 2342 606 2374 καθὼς
624 2343 654 2370 τὸ
667 2342 749 2370 αὐτοῦ
762 2343 871 2378 πνεῦμα

73 2391 198 2417 διδάσκει
220 2390 292 2426 ὑμᾶς
307 2389 372 2424 περὶ
386 2388 503 2416 πάντων.
522 2398 533 2415 ι
549 2389 603 2416 Καὶ
628 2390 667 2420 εις
688 2389 801 2422 καρδίαν
817 2389 871 2416 ἔσω

73 2437 169 2464 λοιπὸν
179 2437 289 2472 ἔχοντες
307 2435 389 2462 αὐτὸν
405 2434 560 2463 ἐνοικοῦντα
573 2434 700 2471 Χριστὸν,
714 2434 772 2461 τῶν
785 2435 871 2469 ἀναγι-

75 2481 165 2508 καίων
187 2481 349 2516 είσηγητὴν,
372 2481 482 2516 ἀπάσης
503 2480 585 2512 εὐθὺς
612 2480 713 2515 ἀρετῆς
739 2479 808 2506 ἰδέαν
822 2488 871 2507 πε-

79 2528 281 2563 πλουτήκαμεν,
297 2528 344 2554 καὶ
358 2527 408 2562 τὴν
423 2526 476 2553 τῶν
489 2525 680 2562 πνευματικῶν
693 2525 870 2561 χαρισμάτων

78 2573 225 2608 ἀμφιλαφῆ
237 2581 268 2599 τε
288 2572 337 2599 καὶ
360 2572 545 2608 ἀναπόϐλητον
565 2572 671 2607 κτῆσιν.
688 2571 742 2597 Καὶ
757 2571 789 2606 δὴ
802 2571 871 2608 πρὸς

80 2619 158 2646 τούτο
175 2619 249 2654 ἡμᾶς
261 2618 377 2654 ἐμπεδοί
391 2618 504 2654 γράφων
514 2617 621 2649 Παῦλος
632 2624 639 2632 υ
655 2617 732 2644 ε”Οτι
744 2616 761 2644 ἃ.
771 2616 871 2651 ὀφθαλ-

83 2665 130 2700 μὸς
143 2665 194 2692 οὐκ
212 2662 278 2695 εἶδε,
293 2664 342 2691 καὶ
356 2661 403 2695 οὖς
416 2664 466 2690 οὐκ
486 2664 601 2699 ἤκουσε,
612 2662 682 2699 [καὶ]
693 2663 739 2689 ἐπὶ
759 2663 873 2698 καρδίαν

82 2710 223 2746 ἀνθρώπου
237 2712 287 2738 οὐκ
302 2710 400 2744 ἀνέὸη,
420 2712 438 2739 a
450 2710 598 2746 ἡτοίμασεν
611 2711 625 2737 6
644 2710 710 2741 Θεὸς
733 2711 789 2742 τοῖς
807 2711 874 2744 ἁγα-

85 2755 167 2784 πῶσιν
191 2757 284 2784 αὐτόν.
303 2766 313 2782 ι
337 2756 552 2790 Ἐπαγγέλλεται
572 2756 663 2783 τοίνυν
684 2755 810 2791 λαλήσειν
835 2755 875 2787 είς

85 2801 129 2839 τὴν
139 2804 251 2841 καρδίαν
267 2803 359 2838 αὐτῆς
371 2809 380 2817 ·
396 2802 559 2838 κεκλήσεται
572 2801 625 2838 γὰρ
635 2802 675 2834 εἰς
697 2802 845 2836 ἐπίγνωσιν
858 2802 875 2837 ὴ

921 2299 955 2327 de
979 2304 1077 2327 caetero
1100 2298 1238 2327 Christum
1263 2298 1429 2326 habitantem
1456 2298 1636 2330 continentes,
1661 2304 1708 2324 ne-

921 2346 1102 2373 cessariorum
1129 2345 1303 2377 monitorem,
1333 2345 1454 2379 protinus
1478 2344 1586 2371 virtutis
1608 2343 1706 2375 forma,

922 2390 1155 2426 spiritualiumque
1165 2390 1359 2418 charismatum
1374 2390 1450 2418 uberi
1461 2393 1488 2417 et
1504 2389 1706 2423 indeprmdabili

922 2437 1095 2472 possessione
1106 2437 1182 2464 ditati
1198 2444 1302 2465 sumus.
1324 2437 1411 2472 Atque
1426 2436 1507 2464 etiam
1528 2436 1561 2463 ad
1579 2435 1629 2462 hoc
1659 2442 1708 2462 uos

924 2483 1067 2510 conﬁrmat.
1080 2482 1191 2515 Paulus,
1205 2482 1326 2511 scribens
1343 2490 1351 2510 :
1370 2491 1380 2508 ι
1399 2482 1467 2516 Quia
1481 2481 1574 2509 oculus
1589 2488 1641 2507 non
1668 2480 1709 2506 vi-

924 2528 974 2560 dit,
986 2531 1015 2554 et
1026 2527 1099 2554 auris
1118 2535 1170 2554 non
1190 2527 1302 2561 audivit,
1323 2531 1351 2555 et
1374 2527 1400 2554 iu
1433 2533 1480 2554 cor
1508 2524 1624 2552 hominis
1653 2531 1707 2551 non

923 2573 1055 2605 ascendit,
1069 2580 1129 2607 qua:
1146 2573 1306 2607 praeparavit
1323 2573 1393 2601 Deus
1407 2572 1579 2609 diligentibus
1598 2578 1627 2598 se
1640 2571 1671 2597 “.
1694 2579 1704 2596 ι

923 2618 1068 2646 Pollicetur
1082 2619 1172 2652 itaque
1186 2625 1215 2644 se
1229 2618 1379 2645 locuturum
1395 2618 1427 2645 ad
1448 2626 1496 2645 cor
1512 2617 1580 2651 ejus.
1594 2615 1708 2643 Vocabi-

925 2670 968 2692 tur
983 2664 1054 2692 enitn
1066 2664 1099 2691 ad
1114 2663 1277 2697 agnitionem
1290 2662 1445 2691 Iudaeorum
1463 2664 1617 2699 Synagoga,
1640 2661 1709 2688 divi-

924 2718 973 2737 nas
988 2710 1059 2745 leges
1071 2714 1161 2737 mente
1176 2708 1325 2743 complexa,
1350 2708 1493 2742 inscriptas
1514 2715 1561 2742 per
1578 2706 1708 2742 Spiritum

924 2763 1058 2789 sanctum,
1075 2755 1186 2791 perinde
1205 2760 1235 2782 ut
1253 2761 1286 2782 ex
1301 2754 1425 2789 gentibus
1451 2753 1571 2781 Ecclesia
1595 2759 1709 2787 congre-

925 2808 998 2837 gata.
1016 2802 1102 2830 Erunt
1116 2806 1206 2829 autem
1224 2800 1410 2836 possessiones
1422 2799 1480 2834 ejus
1491 2799 1562 2832 inde,
1575 2797 1707 2834 prohinc,

115 2890 135 2908 "'
150 2892 248 2922 Matth.
266 2900 321 2927 an,
336 2892 385 2925 43,
400 2891 443 2920 Μ.
481 2892 503 2908 ³⁹
514 2891 614 2920 Jcrem.
629 2900 703 2926 uxr,
717 2891 761 2922 53.
800 2893 822 2909 ⁶⁰
837 2891 857 2920 II

921 2900 937 2920 ι.
956 2900 998 2926 ιιι,
1014 2891 1041 2925 2,
1059 2891 1085 2919 ὅ.
1124 2891 1144 2907 ³¹
1157 2890 1232 2919 Joau.
1251 2897 1282 2923 tt,
1299 2888 1344 2916 ‘27.
1383 2888 1405 2904 "
1422 2887 1507 2916 ICor.
1529 2893 1558 2920 tt,
1571 2886 1597 2914 9.
