1913 3042
215 168 250 200 83
707 170 735 196 s.
755 168 893 198 CYRILLI
913 167 1148 196 ALEXANDRINI
1167 168 1327 197 AﬂClllEP.
1799 171 1835 200 84

214 237 264 257 seu
277 237 310 258 ex
323 231 372 257 hoc
384 232 516 263 tempore.
530 227 587 254 sive
600 234 633 254 ex
650 227 701 254 hac
724 233 762 254 re.
782 225 821 254 Ex
849 233 902 260 quo
925 225 997 254 enim

1049 226 1104 253 τῶν
1123 226 1256 255 Ἰουδαίων
1274 227 1508 263 Συναγωγὴ,τοὺς
1528 227 1617 260 θείους
1640 229 1680 260 εἰς
1698 227 1762 255 νοῦν
1785 229 1835 256 λιι

209 263 321 302 Ἰοαιιιιιε
336 278 378 301 est
392 273 462 300 Deus
476 272 501 300 in
515 272 603 305 nobis,
618 276 645 299 et
659 279 707 307 per
730 271 860 306 Spiritum
881 271 999 298 insonuit.

215 327 382 355 quaecunque
397 319 430 347 ad
444 319 538 351 vitam,
553 323 580 346 et
592 317 774 353 cognitionem
790 316 835 344 Dei
850 316 875 344 in
891 316 998 344 Christo

214 366 378 395 intellectam
388 365 572 399 requiruntur,
588 371 735 398 perquem,
751 367 778 390 et
793 363 818 390 in
828 370 880 397 quo
891 362 998 389 Patrem

215 411 343 443 vidimus,
357 417 405 444 spe
420 409 652 438 immarcescibilis
664 407 758 443 gloriae
770 408 802 441 “,
818 407 997 443 gloriationis.

213 457 318 492 gratiae,
329 455 492 491 adoptionis,
510 454 650 483 societatis
665 453 793 488 regnandi
807 461 867 480 cum
890 452 998 481 Christo

212 503 271 538 ipso
286 501 394 529 divitias
410 500 548 529 consecuti
564 507 668 528 sumus.
695 499 740 527 ila:
756 503 820 527 sunt
843 504 997 538 sanctorum

212 536 407 582 possessiones,
415 546 456 574 hae
468 546 593 574 cmicstes
603 553 676 581 opes.
691 543 762 572 Nihil
776 545 847 572 enim
861 536 997 572 terrenum

211 600 307 628 sapere
321 597 437 628 queunt,
458 591 628 627 aderuntque
655 591 783 619 mundum
802 594 830 618 et
848 597 909 625 qua:
923 590 949 618 in
965 597 997 618 eo

1047 271 1133 299 ϐοῦσα
1145 272 1254 307 νόμους.
1269 272 1524 309 ἐγκεχαραγμένους
1545 273 1589 301 διὰ
1605 273 1651 300 τοῦ
1664 273 1833 309 Πνεύματος,

1046 317 1118 346 καθὰ
1134 317 1181 344 καὶ
1203 318 1220 354 ἡ
1239 317 1268 351 ἐξ
1294 317 1378 345 ἐθνῶν
1398 318 1558 354 Ἐκκλησία·
1573 318 1648 346 ἔσται
1668 318 1696 346 δὲ
1717 318 1753 346 τὰ
1770 318 1835 355 κτή-

1048 370 1121 398 ματα
1135 361 1218 397 αὐτῆς
1230 361 1344 395 ἐκεῖθεν,
1358 363 1419 390 ἀντὶ
1438 363 1486 390 τοῦ
1505 364 1640 396 ἐντεῦθεν,
1657 361 1742 400 ἤγουν
1756 363 1834 391 τοῦδε

1045 408 1093 435 τοῦ
1107 409 1280 444 πράγματος.
1304 408 1370 436 ’Δπδ
1385 409 1438 445 γάρ
1458 417 1499 436 τοι
1518 409 1566 436 τοῦ
1586 409 1702 444 λαλῆσαι
1724 409 1790 436 Θεδν
1805 409 1835 436 ἐν

1046 455 1123 491 ἡμῖν,
1149 453 1281 489 ὲνηχῆσαί
1303 462 1332 479 τε
1354 453 1402 480 καὶ
1427 454 1474 481 τοῦ
1493 453 1647 490 πνεῦματος
1673 454 1707 482 τὰ
1730 454 1836 490 ὅσαπέρ

1046 499 1120 525 ἐστιν
1139 499 1275 533 ἀναγκαῖα
1294 499 1362 535 πρὸς
1385 499 1457 535 ζωὴν
1485 500 1533 527 καὶ
1555 499 1718 534 θεογνωσίαν
1738 499 1787 535 τὴν
1806 499 1836 526 ὲν

1045 544 1156 581 Χριστῷ
1181 544 1340 581 νοουμένην,
1361 545 1394 572 δι’
1419 542 1450 572 οῦ
1482 546 1530 573 καὶ
1555 547 1584 573 ὲν
1608 541 1631 580 ᾧ
1655 546 1702 573 τὸν
1724 545 1835 580 Πατέρα

1045 590 1209 626 τεθεάμεθα,
1222 590 1461 627 πεπλουτήκαμεν,
1475 591 1512 623 ὡς
1526 591 1605 626 ἔφην,
1615 591 1667 626 τὴν
1679 591 1836 627 ἀμάραντον

1045 634 1150 667 ἐλπίδα,
1169 636 1218 671 τὴν
1244 636 1332 670 δόξαν,
1345 636 1378 663 τὰ
1395 637 1542 672 αὐχήματα
1560 636 1611 672 τῆς
1628 635 1772 668 υἱοθεσίας,
1785 635 1836 671 τὴν

210 685 300 721 χάριν,
319 684 367 712 καὶ
387 684 418 711 τὸ
439 683 513 719 αὕτῷ
550 682 764 718 συμϐασιλεῦσαι
786 681 905 718 Χριστῷ.
927 678 1010 709 Δῦται
1041 681 1096 708 τῶν
1115 682 1200 717 ἁγίων
1226 682 1254 709 ai
1278 683 1398 718 κτήσεις,
1419 679 1496 716 οὗτος
1524 683 1538 709 ὁ
1557 683 1680 719 οὐράνιος
1701 681 1835 714 πλοῦτος.

210 734 320 768 Φρονεῑν
335 732 386 768 μὲν
397 731 451 768 γὰρ
464 731 604 767 ἀνέχονται
619 731 672 758 τῶν
691 730 820 765 ἐπιγείων
835 729 911 758 οὐδέν
921 739 927 745 ·
945 731 1112 767 μεμισήκασι
1127 730 1155 757 δὲ
1170 729 1215 757 τὸν
1226 731 1327 766 κόσμον
1344 732 1391 758 καὶ
1405 731 1439 758 τὰ
1454 732 1482 759 ὲν
1495 732 1579 768 αὐτῷ.

246 778 328 807 Valte.
344 779 388 808 l5.
407 779 440 807 Et
453 779 544 808 vallem
564 779 662 812 Achar,
678 780 713 807 ad
731 779 897 807 aperiendum
917 778 995 806 intel-

210 825 346 861 ligentiam
359 825 426 860 ejus.

1082 777 1138 805 Kal
1159 777 1218 813 τὴν
1244 778 1371 806 κοιλάδα
1401 778 1500 814 Ἆχὼρ,
1535 779 1681 813 διανοῑξαι
1707 779 1837 808 σύνεσιν

1048 823 1152 858 αὐτῆς.

247 869 346 900 XXIV.
360 870 546 906 Repetendum
565 875 607 898 est
626 878 658 898 ex
673 870 857 906 superioribus
873 869 996 903 verbum,

1083 868 1145 898 KA'.
1158 870 1272 905 Ἕψεται
1289 870 1370 898 πάλιν
1383 870 1423 907 τῷ
1437 871 1510 906 λόγῳ
1521 870 1562 904 τὸ,
1575 879 1585 898 ι
1597 870 1689 899 Δώσω.
1705 879 1715 897 ι
1729 879 1739 897 ε
1750 870 1834 899 Δώσω

208 914 224 941 ἰ
240 915 325 945 Dabo.
340 926 349 943 ι
371 915 461 952 lnquit
471 917 544 944 enim
559 926 566 945 :
600 925 609 942 ι
625 915 699 944 Dabo
723 915 909 951 possessiones
936 914 995 948 ejus

211 962 301 990 inde:
336 962 406 991 dabo
451 962 577 990 similiter
608 961 706 989 vallem
749 960 850 993 Achor,
890 959 997 995 aperire

210 1007 415 1043 intelligentiam
427 1007 495 1042 ejus.
514 1011 530 1035 ι’
549 1007 583 1035 Ει
603 1007 674 1042 quod
696 1005 850 1042 signiﬁcare
874 1005 941 1039 vult,
969 1005 996 1034 id

211 1053 363 1088 huiusmodi
379 1059 431 1082 est.
441 1053 496 1082 Nos
511 1053 556 1089 qui
572 1053 746 1086 credidimus,
767 1059 858 1080 rerum
880 1051 998 1087 agenda-

210 1108 272 1128 rum
294 1100 376 1128 veluti
396 1100 510 1127 l'ormam
530 1104 558 1127 et
582 1098 720 1134 exemplar
744 1098 822 1126 nobis
846 1104 998 1133 proponere

211 1147 350 1174 studentes
358 1153 389 1174 ea
398 1153 457 1181 quae
469 1144 608 1174 veteribus
617 1145 800 1179 contigerunt,
811 1147 842 1170 ut
852 1143 997 1171 exitiosum

211 1193 338 1228 quiddam
356 1199 516 1219 aversantur
532 1191 615 1218 Deum
634 1189 770 1218 otl‘endere
792 1199 799 1216 :
817 1189 882 1224 quin
908 1188 998 1224 potius

211 1238 368 1274 quaerimus,
386 1241 413 1265 et
427 1237 534 1265 solliciti
551 1244 652 1269 sumus.
669 1243 722 1271 quo
737 1241 817 1271 pacto
839 1234 876 1263 illi
900 1235 997 1271 placita

211 1283 354 1312 faciamus.
369 1283 590 1320 Sapientissimus
608 1282 678 1310 enim
693 1281 792 1310 Paulus
804 1282 830 1309 in
846 1282 905 1310 haec
916 1281 997 1309 verba

211 1338 262 1358 nos
276 1332 400 1358 hortatur
416 1339 424 1358 :
442 1339 451 1357 ι
470 1329 532 1358 Haec
545 1333 635 1357 autem
650 1328 678 1357 in
695 1328 780 1364 ﬁgura
805 1327 999 1363 contingebant

211 1375 265 1412 47
279 1376 349 1409 illis;
365 1376 467 1411 scripta
486 1379 550 1404 sunt
568 1380 659 1402 autem
678 1374 711 1402 ad
728 1373 926 1408 correptionem
949 1381 1009 1405 no-,

212 1427 306 1453 stram,
331 1422 357 1448 in
371 1428 439 1456 quos
457 1421 524 1448 lines
543 1420 705 1449 saeculorum
735 1421 903 1447 devenerunt
925 1418 958 1445 δ’.
985 1427 995 1445 ι

212 1467 292 1495 Ratio
307 1468 389 1503 igitur
405 1467 565 1503 paedagogia;
583 1474 629 1494 seu
653 1465 832 1495 institutionis
852 1465 886 1492 ad
912 1464 998 1492 virtu-

213 1520 266 1541 tem
281 1518 332 1547 est,
350 1518 388 1547 ut,
405 1521 465 1549 qua:
479 1513 613 1541 veteribus
628 1516 786 1546 evenerunt,
800 1511 877 1539 nobis
887 1510 998 1538 omnino

1047 916 1113 952 γὰρ,
1139 917 1217 952 φησὶ,
1237 918 1272 944 τὰ
1293 918 1422 953 κτήματα
1447 918 1533 954 αὐτῆς
1556 917 1671 946 ἐκεῖθεν.
1696 917 1779 945 Δώσω
1804 917 1837 945 δὲ

1045 963 1147 998 ὁμοίως
1159 963 1208 999 τὴν
1218 962 1329 990 κοιλάδα
1345 962 1445 999 ’Δχὼρ,
1457 958 1584 996 διανοίξαι
1596 963 1704 991 σύνεσιν
1716 963 1811 998 αὐτῆς.
1822 972 1835 991 υ

1046 1008 1103 1036 Καὶ
1118 1008 1132 1036 δ
1148 1008 1272 1045 βούλεται
1291 1009 1396 1045 δηλοῦν,
1408 1009 1466 1036 ἐστι
1480 1008 1612 1037 τοιοῦτον·
1629 1010 1723 1046 Ἡμεῖς
1742 1010 1768 1037 οί
1784 1018 1838 1037 πε-

1047 1055 1234 1087 πιστευκότες,
1247 1055 1424 1082 ὑποτύπωσιν
1437 1063 1500 1082 τινα
1513 1055 1567 1082 τῶν
1578 1055 1724 1091 πρακτέων
1734 1055 1769 1083 τὰ
1779 1055 1838 1087 τοῖς

1047 1100 1171 1136 ἀρχαίοις
1184 1100 1376 1136 συμϐεϐηκότα
1393 1100 1527 1127 ποιεῖσθαι
1549 1101 1752 1133 σπουδάζοντες,
1766 1109 1839 1137 παρ-

1046 1145 1197 1181 αιτούμεθα
1216 1146 1265 1182 μὲν
1283 1146 1321 1178 ὡς
1339 1145 1448 1182 ὀλέθρου
1465 1145 1596 1181 πρόξενον
1610 1145 1640 1172 τὸ
1657 1144 1839 1181 προσκρούειν

1047 1189 1122 1227 Θεῷ’
1134 1190 1267 1227 ζητοῦμεν
1286 1191 1314 1217 δὲ
1325 1191 1435 1226 μᾶλλον,
1446 1191 1493 1218 καὶ¹
1506 1190 1551 1218 διὰ
1568 1190 1705 1227 φροντίδος
1723 1191 1839 1227 πεποιή-

1049 1236 1120 1272 μεθα
1134 1236 1165 1263 τὸ
1184 1236 1378 1273 ἀποπεραίνειν
1398 1236 1428 1263 τὸ
1452 1236 1565 1264 ἁνδάνον
1584 1236 1669 1272 αὐτῷ.
1684 1236 1839 1272 Προτρέπει

1047 1282 1102 1318 γὰρ
1119 1282 1192 1318 ἡμᾶς
1215 1283 1255 1314 εἰς
1275 1282 1354 1308 τοῦτο
1368 1282 1415 1309 καὶ
1434 1282 1448 1308 ὸ
1469 1281 1621 1317 σοφώτατος
1637 1282 1753 1315 Παῦλος,
1765 1281 1840 1311 οὕτω

1047 1327 1153 1362 λέγων·
1174 1337 1184 1354 ι
1209 1327 1302 1354 Ταῦτα
1329 1327 1358 1354 δὲ
1380 1327 1503 1360 τυπικῶς
1529 1326 1686 1355 συνέϐαινεν
1709 1327 1838 1359 ἐκείνοις·

1047 1372 1156 1408 ιγράφη
1168 1373 1196 1400 δὲ
1210 1373 1279 1409 πρὸς
1293 1373 1435 1401 νουθεσίαν
1448 1374 1537 1409 ἡμῶν,
1549 1374 1589 1406 είς
1600 1373 1646 1406 οὓς
1659 1374 1693 1401 τὰ
1705 1373 1769 1409 τέλη
1780 1373 1844 1401 τῶν

1047 1416 1153 1444 αίώνων
1167 1418 1344 1454 κατήντησεν.
1361 1428 1371 1445 ι
1391 1418 1497 1454 Τρόπος
1517 1417 1564 1446 οὖν
1579 1420 1633 1456 ἄρα
1649 1419 1840 1454 παιδαγωγίας

1047 1462 1088 1494 sic
1104 1462 1214 1499 ἀρετὴν,
1231 1463 1261 1489 τὸ
1276 1463 1331 1490 δεῖν
1346 1463 1450 1490 οίεσθαι
1473 1463 1592 1499 καθορᾷν
1607 1463 1642 1491 τὰ
1654 1464 1710 1496 τοῖς
1725 1464 1840 1500 ἀρχαιο-

1048 1508 1137 1544 τέροις
1154 1507 1420 1544 συμϐεϐηκότα.¹¹οτι
1432 1509 1522 1537 τοίνυν
1537 1510 1562 1536 οί
1577 1509 1711 1544 ἀπειθεῖς,
1727 1510 1775 1537 καὶ
1793 1510 1840 1544 ἐξ·

213 1561 382 1596 inspicienda
409 1566 436 1589 et
456 1560 651 1588 consideranda
673 1564 808 1594 putemus.
825 1557 902 1591 Quod
918 1557 997 1593 igitur

1049 1554 1131 1587 ήνιοι,
1149 1554 1195 1581 καὶ
1210 1554 1265 1581 τῶν
1282 1554 1361 1581 θείων
1377 1555 1592 1591 καταφρονηταὶ,
1608 1555 1683 1591 δεινῇ
1704 1555 1751 1582 καὶ
1765 1555 1841 1590 ἀφύ-

212 1607 344 1636 inereduli
372 1612 400 1635 et
426 1606 541 1634 rebelbs
570 1606 776 1640 divinorumque
809 1603 997 1631 mandatorum

214 1657 416 1687 contemptores
434 1651 461 1679 in
483 1658 577 1686 patrias
602 1649 746 1678 horribiles
769 1652 797 1676 et
817 1647 997 1680 inevitabiles,

214 1696 324 1726 Christo
335 1697 485 1731 iudicante,
509 1695 640 1729 incident,
662 1694 819 1730 planissime
842 1691 998 1724 ostendere.

211 1747 340 1778 tanquam
349 1744 375 1770 in
385 1743 501 1778 imagine
509 1747 645 1777 poterunt,
656 1749 715 1777 qua:
727 1740 860 1776 quondam
872 1740 898 1767 in
907 1739 998 1766 Achar

212 1793 288 1824 gesta
295 1793 357 1815 sunt
365 1788 400 1818 “.
409 1784 856 1823 quicoatemptopraeceptodiviuo,
865 1787 892 1810 et
900 1782 933 1810 de
941 1782 999 1809 the-

212 1841 294 1861 sauro
302 1833 462 1867 pretiosiora
471 1831 585 1863 furatus.
600 1838 614 1857 a
626 1829 690 1857 Jesu
708 1827 780 1855 Nave
789 1826 888 1854 Christi
906 1830 998 1861 typum

211 1884 332 1914 gerente,
339 1885 400 1905 cum
410 1882 465 1905 tota
471 1877 550 1904 domo
560 1883 605 1903 sua
616 1878 738 1902 extremo
747 1872 879 1908 supplicio
884 1875 924 1898 est
934 1870 999 1897 ιιιιιῒ⁸

211 1929 294 1951 tatus.
319 1923 399 1952 Duxit
423 1923 496 1950 enim
514 1927 573 1957 post
595 1920 713 1956 Moysem
735 1918 871 1954 populum,
888 1921 915 1945 et
928 1915 998 1943 ﬁlios

210 1969 292 1998 Israel
302 1976 349 2004 per
356 1968 500 1996 Jordanent
508 1966 637 1999 traduxit,
645 1965 771 2000 idemque
778 1969 875 1991 terram
884 1962 999 1997 promis-

211 2016 296 2043 sionis
304 2015 399 2042 iisdem
406 2012 586 2041 distribuit“.
594 2011 639 2038 Sic
646 2015 734 2038 autem
744 2010 776 2037 de
782 2009 870 2038 Achar
878 2015 998 2035 commc-

210 2066 315 2090 morata
323 2068 352 2088 se
361 2060 472 2088 habent.
478 2059 563 2086 Simul
573 2057 644 2085 enim
652 2056 714 2084 furti
724 2059 888 2090 compertus,
898 2059 925 2082 et
933 2060 997 2089 pec-

212 2115 302 2136 catum
318 2107 456 2135 confessus
467 2110 518 2139 est,
531 2115 540 2132 ι
551 2110 579 2133 et
588 2105 705 2140 accepit,
714 2102 811 2137 inquit,
821 2099 900 2128 Iesus
907 2099 998 2127 Achar

211 2154 296 2181 lilium
323 2153 407 2186 Zarte,
418 2156 445 2181 et
463 2152 575 2180 abduxit
594 2159 655 2179 eum
677 2149 710 2177 ad
732 2148 830 2176 vallem
852 2146 953 2178 Achor,
966 2145 998 2173 ﬁ-

1047 1608 1105 1635 κτῳ
1130 1599 1340 1636 περιπεσοῦνται
1366 1600 1444 1636 δίκῃ,
1466 1600 1605 1636 κρίνοντος
1628 1601 1676 1628 τοῦ
1698 1600 1842 1637 Χριστοῦ,

1049 1647 1236 1683 παραδείξειεν
1253 1647 1297 1680 ἂν,
1311 1647 1359 1674 καὶ
1376 1647 1449 1682 μάλα
1464 1647 1573 1683 ῥαδίως,
1587 1647 1623 1680 ὠς
1638 1647 1667 1675 ἐν
1677 1656 1708 1682 γε
1722 1649 1780 1680 τοῖς
1792 1648 1842 1675 τός

1048 1701 1120 1725 ποις,
1135 1693 1170 1720 τὰ
1192 1693 1239 1720 ἐπὶ
1258 1692 1297 1729 τῷ
1315 1693 1401 1730 ’Δχαρ
1419 1693 1602 1730 πεπραγμένα
1624 1695 1696 1722 κατὰ
1714 1694 1840 1730 καιρούς.

1051 1740 1099 1771 Ὃς
1110 1738 1160 1774 τῆς
1171 1739 1245 1771 θείας
1258 1739 1394 1775 ἀλογήσας
1403 1739 1522 1775 ἐντολῆς,
1536 1740 1583 1767 καὶ
1597 1739 1737 1775 κεκλοφὼς
1749 1741 1783 1767 ὲκ
1792 1740 1840 1767 τοῦ

1048 1786 1235 1822 ἀναθήματος,
1251 1786 1437 1822 τετιμώρηται
1463 1786 1583 1820 πανοικὶ,
1596 1787 1692 1822 ποινὴν
1716 1787 1840 1822 ὲπαρτή-

1051 1840 1146 1863 σαντος
1160 1831 1209 1867 τὴν
1225 1832 1342 1868 ἐσχάτην
1356 1832 1431 1868 αὐτῷ
1447 1832 1535 1868 Ἰησοῦ
1548 1833 1596 1859 τοῦ
1610 1832 1700 1868 Ναυῆ,
1716 1832 1767 1868 τὴν
1791 1832 1840 1860 τοῦ

1047 1876 1166 1912 Χριστοῦ
1181 1876 1349 1913 πληροῦντος
1365 1877 1679 1913 είκόνα.“Εστρατήγησε
1700 1877 1755 1913 γὰρ
1770 1877 1840 1913 μετὰ

1048 1922 1159 1955 Μωσέα,
1174 1924 1221 1950 καὶ
1235 1923 1315 1955 αὐτὸς
1331 1923 1467 1951 διεϐίϐασε
1480 1923 1526 1951 τὸν
1544 1924 1679 1960 Ἰορδάνην
1691 1924 1753 1956 τοὺς
1764 1923 1840 1956 υἱοὺς

1054 1966 1172 2004 Ἰσραὴλ,
1189 1968 1236 1996 καὶ
1257 1969 1338 2001 αὐτὸς
1353 1970 1446 2001 αὐτοῖς
1459 1969 1708 2007 κατεκληροδότησε
1723 1970 1774 2006 τῆς
1788 1971 1840 1998 ἐπ·-

1048 2014 1179 2049 αγγελίας
1190 2015 1241 2050 τὴν
1256 2015 1400 2050 γῆν.Ἒχει
1413 2015 1441 2042 δὲ
1457 2015 1528 2043 οὕτω
1540 2016 1573 2043 τὰ
1586 2017 1632 2043 ἐπὶ
1641 2017 1679 2053 τῷ
1687 2017 1776 2053 ’Δχαρ
1792 2025 1840 2052 γε.

1048 2059 1204 2096 γραμμένα.
1215 2061 1323 2096 Ἐπειδὴ
1340 2061 1394 2096 γὰρ
1408 2062 1479 2090 ἑάλω
1501 2062 1652 2098 κεκλοφὼς,
1672 2063 1718 2091 καὶ
1733 2063 1839 2099 ὡμολό-

1047 2115 1116 2142 γησε
1131 2106 1182 2142 τὴν
1206 2107 1352 2142 ἁμαρτίαν,
1366 2116 1375 2132 ι
1387 2107 1443 2136 Καὶ
1453 2107 1543 2141 ἔλαϐε,
1562 2108 1767 2145 φησὶν,’1ησοῦς
1793 2109 1839 2137 τὸν

1050 2152 1139 2187 ’Δχαρ
1153 2151 1210 2178 υἱὸν
1223 2151 1309 2187 Ζαρὰ,
1328 2152 1376 2180 καὶ
1393 2153 1539 2187 ἀπήγαγεν
1551 2154 1633 2182 αὐτὸν
1650 2154 1691 2186 είς
1706 2154 1841 2190 φάραγγα

211 2201 262 2227 tios
276 2200 344 2234 eius,
362 2204 389 2227 et
409 2199 478 2226 ﬁlias
490 2199 559 2233 ejus.
576 2203 603 2225 et
618 2196 717 2224 vitulos
729 2195 796 2231 ejus,
809 2198 836 2222 et
848 2193 996 2229 subjugalia

1048 2194 1147 2232 Ἀχὼρ,
1164 2197 1210 2226 καὶ
1227 2197 1290 2230 τοὺς
1306 2198 1381 2231 υἱοὺς
1395 2198 1544 2232 αὑτοῦ,καὶ
1557 2199 1607 2232 τὰς
1622 2200 1774 2235 θυγατέρας
1789 2201 1840 2228 αὺ-

212 2246 280 2280 ejus,
297 2251 324 2273 et
338 2253 402 2273 oves
410 2244 478 2279 ejus,
489 2249 515 2272 et
533 2242 734 2271 tabernaculum
749 2240 819 2275 ejus,
832 2245 860 2267 et
869 2244 994 2267 cunctam

1048 2241 1105 2274 τοῦ,
1120 2242 1168 2270 καὶ
1180 2243 1243 2275 τοὺς
1258 2243 1376 2279 μόσχους
1388 2244 1483 2277 αὐτοῦ,
1492 2245 1539 2272 καὶ
1550 2245 1584 2272 τὰ
1596 2242 1731 2280 ὑποζύγια
1742 2245 1839 2279 αὐτοῦ,

212 2293 402 2326 supcllectilcttt
418 2291 487 2326 ejus,
508 2295 535 2317 et
558 2289 646 2316 omnis
671 2287 786 2323 populus
810 2293 871 2314 cum
898 2293 941 2319 eo,
970 2288 998 2313 et

213 2340 349 2366 duxerunt
357 2345 405 2366 eos
420 2337 454 2364 ad
471 2335 643 2371 Ἐμεκαχὼρ,
656 2334 680 2362 id
692 2339 730 2361 est
745 2332 838 2360 vallem
851 2331 950 2364 Achor.
965 2331 999 2358 Et

210 2385 279 2412 dixit
290 2384 369 2412 Jesus
381 2384 414 2410 ad
429 2382 519 2410 Achar
535 2391 542 2409 :
557 2381 645 2414 Quare
662 2378 802 2414 perdidisti
821 2377 999 2406 nosH’erdat

213 2437 238 2458 te
254 2430 383 2457 Dominus
397 2429 467 2456 sicut
482 2433 509 2455 et
523 2427 614 2455 hodie.
634 2426 666 2453 Et
679 2424 808 2460 lapidavit
822 2432 883 2451 eum
907 2423 996 2451 omnis

210 2477 324 2512 populus
334 2475 425 2508 lsrael,
435 2479 462 2502 et
473 2476 702 2507 congregaverant
711 2477 791 2505 super
799 2477 858 2497 eum
870 2477 995 2497 acervuut

211 2523 330 2558 lapidum
356 2528 481 2554 magnum
496 2519 529 2546 “.
552 2528 561 2545 ι
581 2518 671 2545 Achor
689 2517 770 2552 igitur
785 2516 928 2550 exponitur
943 2516 997 2543 dis-

213 2569 302 2600 tortio,
318 2574 365 2594 seu
381 2565 522 2600 pervenio.
537 2563 633 2590 .luncta
647 2567 735 2590 autent
751 2570 800 2590 vos
822 2561 995 2597 Ἐμεκαχὼρ,

213 2612 372 2646 intelligitur
398 2610 474 2638 vallis
504 2609 683 2645 perversioais.
703 2607 739 2636 lbi
763 2608 863 2640 Achar,
890 2612 919 2635 ut
940 2607 996 2635 Deo

212 2665 335 2689 exestun,
352 2656 560 2690 divitiarumun
584 2655 692 2682 avidum
717 2654 762 2682 ﬁlii
787 2654 868 2682 Israel
892 2654 999 2682 occide-

212 2707 286 2735 runt,
299 2709 360 2729 cum
374 2701 500 2730 omnibus
510 2709 569 2736 qua:
581 2701 704 2729 habebat.
718 2701 852 2735 Scriptum
869 2705 911 2728 est
926 2700 997 2727 enim

215 2757 226 2774 ι
245 2748 341 2782 impios
354 2747 483 2776 radicitus
500 2748 533 2776 de
547 2752 617 2776 terra
634 2748 769 2783 perituros
787 2747 819 2773 ⁸⁸.
839 2756 848 2773 ι
869 2746 999 2774 Similiter

213 2793 260 2822 ﬁet
274 2793 301 2823 in
317 2794 447 2824 extremis
471 2794 562 2822 saeculi
592 2795 769 2830 temporibus,
790 2792 896 2827 quando
922 2792 999 2820 nobis

251 2872 383 2903 ⁵³1Ρειτ.
400 2884 426 2909 v,
447 2876 472 2904 ri.
512 2878 532 2892 ""
549 2876 560 2904 l
575 2877 637 2905 Cor.
659 2885 685 2909 π,
701 2877 727 2904 E2.
748 2877 769 2894 "
781 2876 838 2904 Jos.
859 2884 906 2909 ιιι,
922 2876 966 2903 23.

1007 2877 1027 2892 ⁵⁸
1038 2875 1093 2905 los.
1114 2885 1154 2912 ut,
1173 2878 1196 2906 l.

1050 2289 1098 2316 καὶ
1123 2291 1157 2317 τὰ
1183 2291 1306 2327 πρόϐατα
1328 2292 1422 2324 αὑτοῦ,
1436 2293 1484 2320 καὶ
1497 2292 1546 2329 τὴν
1563 2292 1665 2328 σκηνὴν
1679 2291 1776 2325 αὑτοῦ,
1793 2292 1841 2318 καὶ

1050 2335 1139 2362 πάντα
1154 2336 1189 2363 τὰ
1201 2337 1357 2373 ὑπάρχοντα
1369 2338 1465 2371 αὐτοῦ,
1479 2338 1528 2366 καὶ
1541 2340 1596 2371 πᾶς
1613 2340 1627 2365 ό
1640 2338 1703 2371 λαὸς
1718 2339 1778 2373 μετ’
1789 2337 1841 2365 αὺ-

1048 2382 1106 2415 τοῦ,
1121 2382 1168 2409 καὶ
1186 2383 1323 2418 ἀνήγαγεν
1337 2384 1435 2416 αὐτοὺς
1447 2386 1488 2416 είς
1499 2384 1670 2420 Ἐμεκαχώρ.
1686 2383 1741 2412 Καὶ
1763 2381 1842 2412 εἶπεν

1055 2428 1157 2464 Ἰησοῦς
1172 2429 1211 2464 τῷ
1222 2429 1326 2465 Ἀχαρ·
1342 2430 1374 2457 Τί
1385 2430 1427 2458 ὅτι
1440 2430 1611 2466 ὼλύθρευσας
1622 2431 1712 2466 ἡμᾶς
1734 2430 1842 2463 Ἐξολο-

1050 2475 1163 2510 θρεύσαι
1180 2484 1210 2502 σε
1227 2475 1339 2512 Κύριος,
1353 2476 1424 2504 καθὰ
1435 2477 1484 2504 καὶ
1499 2477 1629 2513 σήμερον.
1643 2476 1698 2503 Καὶ
1717 2474 1841 2503 ἐλιθοϐό-

1050 2519 1136 2555 λησαν
1147 2521 1228 2548 αὑτὸν
1243 2521 1326 2554 λίθοις
1339 2522 1393 2554 πᾶς
1408 2522 1524 2558 Ἰσραὴλ,
1537 2522 1585 2550 καὶ
1598 2522 1754 2557 ἐπέστησαν
1764 2521 1842 2558 αὐτῷ

1051 2567 1139 2601 σωρὸν
1164 2566 1245 2594 λίθων
1266 2568 1363 2602 μέγαν.
1379 2577 1394 2595 ι.
1409 2567 1496 2604 Ἀχὼρ
1518 2568 1568 2604 μὲν
1589 2566 1636 2595 οὖν
1656 2568 1841 2603 ἑρμηνεύεται

1048 2612 1224 2647 διαστροφή.
1241 2613 1532 2649 Προσεπενηνεγμένου
1557 2614 1585 2641 δὲ
1601 2614 1648 2641 τοῦ
1664 2614 1840 2650 Ἐμεκαχὼρ,

1049 2660 1149 2685 νοεῖται
1162 2658 1194 2694 δὴ
1203 2659 1283 2687 πάλιν
1298 2660 1402 2693 κοιλὰς
1409 2659 1604 2695 διαστροφῆς.
1614 2660 1687 2686 Ἐκεῖ
1693 2660 1740 2687 τὸν
1749 2661 1840 2696 ’Δχαρ

1049 2704 1230 2732 ἀπεκτόνασιν
1252 2705 1289 2737 ὡς
1315 2705 1427 2741 θεομισῆ
1458 2705 1506 2733 καὶ
1536 2705 1712 2740 φιλόπλουτον
1733 2707 1759 2732 οί
1787 2705 1843 2732 υίοὶ

1056 2750 1163 2785 Ἰσραὴλ
1173 2770 1181 2783 ,
1197 2750 1360 2786 προσθέντες
1374 2751 1449 2786 αὑτῷ
1466 2751 1513 2778 καὶ
1530 2751 1619 2779 πάντα
1634 2750 1668 2777 τὰ.
1682 2750 1778 2778 αὐτοῦ.
1790 2750 1841 2777 Γέ-

1050 2803 1169 2830 γραπται
1197 2795 1270 2831 γὰρ,
1291 2796 1331 2823 ὅτι
1356 2806 1365 2822 ι
1386 2796 1417 2824 Οἱ
1440 2796 1549 2828 ἀσεϐεῖς
1571 2795 1706 2831 όλόρριζοι
1728 2796 1762 2822 ὲκ
1789 2794 1842 2830 τῆς

1236 2878 1255 2895 "7
1276 2878 1330 2907 Jos.
1352 2886 1400 2912 vn,
1415 2878 1511 2907 εει-ιο.
1551 2878 1572 2894 δ’
1586 2876 1656 2906 Psnl.
1674 2884 1712 2912 ιι,
1725 2877 1752 2904 7.
