1913 3042
64 148 96 177 8‘)
545 150 818 180 COMMENTARIUS
837 151 873 180 ΙΝ

934 152 1007 180 EAM
1028 153 1251 182 PROPHETAM.
1295 139 1298 142 ’

1672 154 1710 183 90

77 215 150 245 μασιν
163 207 336 242 ἀποκαλεῖν,
355 210 405 237 καὶ
417 210 499 245 τιμῆς
511 207 545 245 ἧν
555 206 633 242 οὗτος
648 211 740 242 αὐτοῖς
755 211 873 244 ἐξαίσιος

936 212 1043 239 ndinem
1072 212 1209 246 indicavit,
1238 219 1299 240 cum
1327 212 1413 240 dixit:
1430 210 1569 239 «Vocabit
1591 218 1634 238 me
1662 211 1709 238 \‘ir

79 255 180 291 τρόπος.
208 254 375 290 ’Δρξασθαι
403 255 449 282 τοῦ
480 255 582 282 τοιοῦδε
606 256 769 291 πράγματος
792 257 872 284 Νῖνον

82 301 123 328 τδν
136 300 321 333 Βαῦυλώνιον,
337 301 369 333 ὃς
384 301 430 329 τὸν
443 302 507 328 ἴδιον
520 302 625 337 πατέρα
635 302 761 336 ὠνόμασε
775 302 872 337 Βῆλον,

87 347 116 374 ὲκ
126 346 171 373 τοῦ
195 346 260 381 παρ’
275 347 373 378 αὐτοῖς
389 346 508 378 εἰδώλου,
530 347 602 382 φημὶ
615 347 647 382 δὴ
672 347 721 373 τοῦ
735 346 800 382 Βήλ.
812 348 874 374 Ὅτι

85 393 169 418 τοίνυν
180 391 412 418 atoma-raderetur
432 393 479 419 καὶ
496 392 545 427 τῆς
559 392 645 424 οὓτως
669 393 786 428 αἰσχρᾶς
809 401 874 420 συν-

85 437 184 472 ηθείας,
201 437 449 472 καταμεμήνυκεν,
463 436 546 463 εἰπών
558 443 565 450 ·
583 436 716 464 «Καλέσει
730 445 764 472 με
774 437 788 463 ὸ
800 437 870 473 ἀνήρ

85 491 143 518 μου,
170 482 218 509 καὶ
241 483 272 508 οὐ
288 482 399 509 καλεσει
417 490 450 518 με
465 482 555 508 οὐκέτι
574 481 702 517 Βααλείμ.
723 492 733 509 ι
764 483 796 510 El
817 483 871 518 γὰρ

83 527 177 559 ἕλοιτο,
191 526 272 562 φησι,
286 527 367 562 τυχὸν
382 526 465 562 ἄνδρα
489 527 632 562 ὀνομάζειν
654 528 715 562 ἐμὲ,
743 530 873 563 προσερεῖ

924 264 1010 289 meus,
1033 261 1062 284 et
1083 264 1135 283 non
1159 257 1266 284 vocabit
1283 265 1325 284 me
1341 257 1410 284 ultra
1429 256 1541 283 Baalim.
1558 265 1568 282 ι
1583 256 1612 284 Si
1633 256 1707 283 enim

922 301 1054 334 voluerit,
1091 301 1198 336 inquit,
1227 303 1344 330 fortasse
1371 302 1458 329 virum
1486 302 1622 336 appellare
1650 309 1704 333 me,

922 347 1032 374 omnino
1045 347 1135 380 addet,
1148 351 1176 375 et
1188 348 1358 382 compellabit
1372 355 1425 381 me,
1442 347 1489 375 Vir
1506 355 1591 379 meus,
1610 352 1638 374 et
1655 353 1708 373 non

922 392 992 420 ultra
1018 392 1151 420 idolorum
1176 393 1329 421 nominibus
1351 393 1463 421 honoris
1488 393 1589 428 gratia;
1597 400 1640 420 me
1661 399 1708 419 vo-

924 438 1004 465 cabit.
1020 438 1133 470 Idcirco,
1147 438 1244 473 inquit,
1261 447 1271 464 ι
1285 438 1347 473 quia
1361 439 1442 466 etiam
1459 439 1580 470 auferam
1598 437 1708 466 nomina

924 483 1025 511 Baaliiu
1037 484 1070 511 de
1084 492 1132 511 ore
1147 483 1219 518 ejus,
1234 491 1286 512 nec
1302 484 1517 512 recordabuntur
1529 484 1644 517 amplius
1660 490 1709 510 no-

926 537 1028 556 ηιιιιιιιιι
1041 537 1147 557 eorum.
1163 539 1173 555 Ι

82 574 112 627 δή
126 574 290 627 πάντωςῖᾯ
298 574 369 609 ἀνήρ
384 582 446 626 μου,
462 574 507 627 καὶ
521 574 689 627 egisset-eoi;
702 575 755 627 'EGJV
778 576 900 602 εἰδώλων.
915 576 1028 612 ὀνόμασι
1046 576 1154 611 τιμῶσα
1168 575 1288 603 καλεσει.
1311 574 1447 610 Ταύτῃτοῑ
1471 582 1556 610 φησι,
1574 574 1614 601 ὅτι
1632 583 1641 599 ι
1654 573 1711 600 Καὶ

84 619 175 655 ἔξαρῶ
188 620 226 646 τὰ
242 619 363 655 ὀνόματα
390 619 445 646 τῶν
476 620 599 655 Βααλεὶμ
621 621 654 647 ἐκ
670 620 804 656 στόματος
822 622 908 658 αὐτῆς
923 622 970 649 καὶ
980 622 1011 648 οὐ
1028 622 1067 657 μὴ
1083 621 1238 657 μνησθῶσιν
1251 619 1387 647 οὺκέτιτὰ
1400 620 1520 654 ὀνόματα
1530 618 1630 646 αὐτῶν,
1645 627 1655 643 ι

116 676 172 702 Καὶ
188 675 370 710 διαθήσομαι
390 675 490 709 αὐτοῖς
506 675 652 710 διαθήκην
672 676 707 703 ἐν
720 676 758 711 τῇ
777 677 873 713 ἡμέρᾳ

83 720 185 755 ἐκείνῃ
191 721 271 772 μετὰ
278 720 345 772 -τῶν
356 721 466 755 θηρίων
475 721 528 748 τοῦ
540 722 643 756 ἀγροῦ,
665 723 714 749 καὶ
727 723 800 757 μετὰ
815 722 874 750 τῶν

83 767 229 794 πετεινῶν
238 767 293 794 τοῦ
305 768 447 801 οὐρανοῦ,
458 767 507 795 καὶ
521 767 581 795 τῶν
597 768 728 803 ἑρπετῶν
738 769 792 803 τῆς
799 769 856 804 τῆς
864 777 872 786 ·

956 678 1092 706 Vsus.l8.
1105 677 1139 704 Et
1161 677 1298 712 disponam
1317 675 1371 702 illis
1391 675 1419 702 in
1441 675 1482 701 die
1503 673 1551 700 illa
1574 677 1709 700 testamur

921 728 975 751 tum
998 731 1057 750 cum
1080 723 1169 750 bestiis
1193 726 1281 753 terrae,
1304 726 1328 748 et
1346 729 1405 748 cum
1428 718 1578 747 volatilibus
1600 717 1667 749 c0215,
1687 721 1710 743 ct

921 769 1057 803 reptilibus
1087 774 1175 807 terra.
1199 766 1234 794 Et
1257 774 1360 799 arcum,
1380 769 1406 794 et
1424 765 1553 800 gladium,
1571 767 1596 791 et
1615 762 1711 790 bellum

83 813 247 863 καὶ-τόξον,
261 813 314 863 zeal
329 813 490 848 ῥομφαίαν,
505 813 555 840 καὶ
569 814 704 849 πόλεμον
716 815 874 850 συντρίψω

934 819 1059 842 :onterant
1074 814 1106 841 de
1121 819 1206 841 terra.

84 859 144 887 ἀπὸ
160 859 219 893 τῆρ
236 858 304 894 γῆς.

118 934 235 962 ΚΖ’-Ἐν
254 935 312 967 τοῖς
329 934 380 970 ήδη
398 935 666 970 προανεγνωσμένοις
690 934 819 969 ἔφασκεν,
835 934 877 962 ὅτι

85 980 157 1014 uti:
177 980 299 1014 ’Δφανιῶ
309 980 430 1014 ἄμπελον
440 980 535 1015 αὐτῆς,
556 980 603 1007 καὶ
615 980 666 1012 τὰς
680 981 765 1012 συκᾶς
780 980 876 1015 αὐτῆς,

84 1027 135 1053 ὅσα
150 1023 225 1058 εἷπε,
241 1025 418 1061 Μισθώματά
426 1034 477 1061 μου
492 1026 578 1053 ταῦτά
593 1025 702 1058 scr:th
713 1025 816 1052 ἔδωκάν
832 1034 877 1061 μοι

84 1073 109 1098 οἱ
123 1072 242 1106 ἐρασταί
255 1080 317 1107 μου.
335 1081 345 1098 ι
364 1071 522 1107 Προσετίθει
539 1071 567 1098 δὲ
580 1071 695 1103 τούτοις,
708 1072 748 1098 ὅτι
763 1079 773 1097 ι
791 1071 878 1098 Κατα-

84 1119 202 1153 φάγεται
216 1118 289 1145 αὐτὰ
302 1118 338 1145 τὰ
364 1117 446 1153 Θηρία
461 1117 509 1143 τοῦ
527 1117 624 1152 ἀγροῦ,
651 1117 698 1144 καὶ
711 1117 747 1144 τὰ
767 1116 878 1144 πετεινὰ

83 1165 129 1191 τοῦ
143 1164 273 1200 οὐρανοῦ,
286 1165 333 1191 καὶ
348 1164 382 1191 τά
396 1163 500 1199 ἑρπετὰ
513 1163 564 1198 τῆς
582 1163 644 1198 γῆς.
659 1172 669 1189 ι
683 1162 876 1198 Διερμηνεύον-

83 1219 128 1242 τες
142 1210 171 1236 δὲ
187 1210 220 1236 τὺ
236 1210 331 1245 ῥητὸν,
347 1209 430 1244 θηρία
451 1209 499 1236 καὶ
524 1208 635 1235 πετεινὰ
655 1207 876 1244 παραδηλοῦσθαι

84 1256 208 1290 πλαγίως
221 1256 355 1291 ἐλέγομεν
369 1256 433 1287 τοὺς
444 1254 599 1289 ὲχθροὺς,ο’ί
614 1254 664 1289 τὴν
674 1254 728 1280 τῶν
745 1253 878 1280 Ἰουδαίων

83 1301 278 1337 κατεληῖζοντο
294 1301 397 1336 χώραν,
417 1301 536 1337 Πέρσαι,
558 1301 606 1328 καὶ
620 1301 717 1336 Μῆδοι,
728 1301 776 1328 καὶ
793 1300 879 1328 Βαϐυ-

83 1349 186 1378 λώνιοι,
205 1349 255 1374 καὶ
267 1348 282 1374 ὸ
299 1347 446 1382 παμμιγὴς
458 1347 513 1374 τῶν
528 1347 615 1375 ἄλλων
630 1347 767 1383 πολεμίων
781 1347 859 1382 ὄχλος
869 1366 877 1379 ,

84 1394 108 1420 οῖ
121 1393 215 1429 θηρῶν
234 1393 340 1429 ἀγρίων
355 1393 434 1426 ὀλίγα
454 1393 603 1427 διενεγκεῖν
619 1393 714 1419 νοοῖντ’
731 1392 775 1423 ἂν,
788 1392 832 1419 διά
846 1400 878 1426 γε

83 1440 113 1466 τὸ
129 1439 274 1475 μιαιφόνον
295 1438 342 1465 τοῦ
360 1437 472 1473 τρόπου,
486 1439 534 1465 καὶ
560 1438 653 1470 μέντοι
673 1437 762 1472 πτηνὰ
775 1437 819 1464 διὰ
829 1437 879 1473 τὴν

84 1486 202 1521 ὀξύτητα
225 1485 275 1512 τοῦ
300 1484 413 1519 δρόμου.
444 1483 565 1519 Ἐρπετὰ
593 1483 631 1514 δὲ,
659 1482 699 1509 ὅτι
724 1481 815 1513 δεινοὶ,
832 1481 879 1508 καὶ

86 1531 296 1567 παμμόχθηροι,
311 1531 360 1557 καὶ
374 1531 481 1565 δριμεῖς
500 1530 540 1561 είς
565 1528 707 1564 πονηρίαν.
731 1525 811 1555 Οὗτοι
832 1527 879 1554 τοῦ

92 1580 202 1615 Ἰσραὴλ
215 1580 246 1606 ὲν
255 1579 317 1609 ταῖς
331 1579 379 1612 τῆς
387 1577 545 1612 Σαμαρείας
553 1576 660 1603 πόλεσιν
671 1574 882 1610 ἀποκεκλεισμέ-

86 1634 129 1652 νου
149 1624 349 1659 κατεδηδόκασι
364 1622 452 1650 πάντα
466 1623 500 1649 τὰ
515 1623 545 1649 ὲν
552 1623 608 1653 τοῖς
618 1622 723 1656 ἀγροῖς,
734 1621 809 1648 οὐδὲν
827 1619 882 1647 τῶν

87 1672 210 1698 ἐκτόπων
232 1670 333 1702 ὲῶντες
353 1669 572 1703 ἀνεπιτήδευτον.
596 1667 668 1693 Ἀλλ’
692 1667 765 1698 ὅταν,
789 1666 880 1700 φησὶν,

88 1718 170 1751 ἒξελῶ
185 1717 222 1744 τὰ
236 1717 360 1751 ὀνόματα
376 1715 430 1742 τῶν
443 1713 559 1741 εἰδώλων
578 1712 667 1740 αὐτῶν
681 1711 735 1738 ἀπὸ
748 1711 798 1745 τῆς
810 1712 861 1746 γῆς
872 1729 881 1743 ,

91 1764 151 1790 τότε
161 1764 212 1790 καὶ
223 1762 360 1798 διαθήκην
385 1760 496 1796 εἰρήνης
515 1759 678 1794 διαθήσομαι
698 1757 788 1789 αὐτοῖς
815 1756 883 1792 πρὸς

90 1811 162 1837 ἃπαν
174 1809 252 1845 ὠμὸν
266 1808 315 1835 καὶ
329 1806 465 1842 βάρϐαρον
492 1805 580 1840 γένος.
607 1804 736 1840 Ἀργήσει
755 1803 809 1838 γὰρ
833 1802 883 1838 ήδη

90 1857 124 1883 τὰ
138 1856 204 1891 παρ’
220 1853 337 1890 ἐχθρῶν,
354 1852 403 1880 καὶ
420 1851 538 1886 πολέμου
567 1850 614 1877 καὶ
628 1849 762 1884 δειμάτων
789 1847 884 1883 μενοῦ-

93 1911 134 1929 σιν
147 1901 306 1936 ἁπείρατοι.
322 1908 332 1924 ι
344 1897 485 1932 Συντρίψω
494 1895 650 1932 γὰρὸπλον,
659 1895 706 1922 καὶ¹
719 1893 864 1929 ῥομφαίαν,
872 1902 882 1919 ι

92 1949 106 1975 δ
120 1948 210 1984 δήκαὶ
224 1947 265 1978 εις
277 1945 366 1980 πέρας
378 1942 520 1979 ἱστορικῶς
531 1941 709 1977 ὲνηνεγμένον
722 1940 883 1976 εὑρήσομεν.

97 1993 208 2028 Ἕπιδὴ
224 1992 280 2027 γὰρ
295 1991 345 2027 τὴν
367 1989 439 2017 κατὰ
464 1989 572 2016 πάντων
591 1987 677 2023 ἀρχὴν
693 1987 717 2013 ol
739 1985 884 2021 περιφανέ-

95 2048 185 2066 στατοι
199 2037 255 2064 τῶν
276 2035 421 2071 Ῥωμαίων
430 2034 525 2069 ἔλαχον
548 2031 707 2068 στρατηγοὶ,
725 2030 886 2066 πεποίηνται

94 2085 121 2111 δὲ
136 2084 189 2111 ὑπὸ
203 2084 287 2119 χεῖρα
299 2081 347 2117 τὴν
359 2081 404 2107 ὑπ’
417 2079 541 2115 οὐρανὸν,
553 2078 620 2104 Θεοῦ
636 2077 686 2112 τὴν
704 2076 783 2108 δόξαν
796 2076 887 2107 αὐτοῖς

95 2127 277 2164 οἰκονομικῶς
302 2125 513 2161 προσνέμοντος,
541 2123 644 2158 Πέρσαι
671 2121 720 2158 μὲν
734 2121 818 2156 μόνης
837 2120 888 2156 τῆς

99 2175 162 2206 ιδίας
174 2172 390 2208 πεφροντίκασιν
403 2170 501 2206 ἀρχῆς,
526 2170 573 2196 καὶ
593 2168 690 2203 ἔληξαν
708 2176 739 2193 τε
762 2166 810 2193 καὶ
834 2166 888 2192 τῶν

97 2220 182 2248 ἄλλων
197 2217 346 2253 βαρϐάρων
359 2215 388 2242 αἱ
403 2214 474 2242 κατὰ
484 2213 581 2249 χωρῶν
599 2221 629 2239 τε
645 2212 691 2239 καὶ
710 2211 814 2238 πόλεων
830 2210 890 2237 ὲπι-

98 2265 205 2302 δρομαί.
234 2263 291 2290 Kal.
306 2261 487 2297 διαμέμνηται
503 2258 597 2293 σαφῶς
620 2257 667 2284 τοῦ
682 2256 784 2283 τοιοῦδε
802 2255 890 2290 πράγ-

102 2320 183 2348 ματος
207 2311 222 2336 ὁ
244 2308 379 2344 μακάριος
391 2305 620 2339 Ἦσαΐας,λέγων·
633 2313 642 2329 ι
655 2303 709 2330 Καὶ
726 2301 890 2337 συγκόψουσι

101 2347 146 2388 si:
158 2355 295 2392 μαχαίρας
305 2352 396 2380 αὐτῶν
414 2352 453 2383 είς
468 2351 580 2388 ἄροτρα,
596 2349 643 2377 καὶ
655 2349 704 2380 τὰς
717 2347 828 2383 ζιὸήνας
842 2347 890 2374 αὐ-

102 2402 153 2430 τῶν
167 2403 208 2433 εἰς
221 2401 356 2437 δρέπανα.
372 2399 427 2425 Καὶ
453 2397 484 2424 οὺ
504 2396 540 2432 μὴ
555 2396 609 2432 ἄρῃ
626 2395 703 2426 ἔθνος
723 2395 783 2421 κατ’
797 2393 891 2425 ἔθνους

106 2448 250 2483 μάχαιραν·
270 2445 319 2472 καὶ
334 2444 365 2470 οὑ
387 2443 423 2479 μὴ
445 2442 569 2478 μάθωσιν
593 2441 632 2468 ἔτι
662 2440 798 2475 πολεμεῖν.
818 2448 827 2465 ι
847 2439 892 2470 Ὠς

105 2494 154 2530 γὰρ
163 2494 214 2529 ήδη
227 2490 374 2526 γεγονότες
388 2489 432 2523 ὑφ’
447 2488 495 2515 ἕνα
507 2487 600 2521 ζυγὸν,
626 2486 774 2522 ἐτράποντο
794 2484 893 2520 μᾶλλον

107 2540 142 2571 εἰς
152 2537 279 2572 ὲπωφελῆ
293 2534 450 2571 φιλεργίαν,
463 2534 511 2560 καὶ
533 2535 567 2568 τῇ
579 2532 702 2567 γεωργίᾳ
719 2531 842 2567 χρήσιμα
856 2529 891 2556 τὰ

108 2584 149 2611 τοῦ
162 2584 282 2618 πολέμου
314 2580 401 2615 σκεύη
421 2579 613 2614 μετέπλαττον.
631 2577 726 2604 Ἔσται
752 2575 840 2602 τοίνυν
856 2575 896 2601 εί-

111 2632 182 2665 ρήνη,
197 2629 276 2665 φησι,
296 2627 345 2654 καὶ
359 2627 384 2653 oi
402 2625 486 2652 πάλαι
512 2624 593 2651 δεινοὶ
613 2622 795 2649 πεπαύσονται
809 2621 895 2656 φόϐοι,

110 2676 170 2703 Θεοῦ
178 2673 408 2704 κατευνάζοντος,
421 2671 469 2698 καὶ
480 2671 536 2702 τοῖς
546 2670 575 2703 ἐξ
587 2669 697 2704 εἰρήνης
706 2668 818 2702 ἀγαθοῖς
830 2675 898 2694 κατ-

109 2723 296 2759 ευφραίνοντος
310 2719 376 2750 τοὺς
390 2717 553 2752 ἀγαπῶντας
568 2715 660 2743 αὐτόν.

137 2758 304 2806 Προσθεῖναι
317 2765 358 2798 δὲ,
376 2762 462 2800 οἶμαι,
481 2763 591 2790 κάκεῖνο
611 2761 710 2797 δεήσει.
737 2759 824 2787 Πάλαι
849 2758 898 2795 μὲν

138 2869 242 2898 "Osce
259 2874 292 2898 ιι,
309 2864 353 2891 ιε.
393 2863 416 2878 ⁵⁸
433 2861 486 2890 ibid
534 2861 556 2877 δ’
575 2860 624 2889 lsa.
647 2867 677 2893 ιι,
692 2859 719 2885 4.

961 925 1068 954 XXVII.
1104 924 1192 960 Supra
1222 922 1357 951 dicebat:
1390 930 1400 947 ε
1417 919 1577 955 Disperdam
1603 918 1712 945 vineam

926 970 994 1006 ejus,
1009 975 1034 999 et
1054 969 1120 996 licus
1136 968 1204 1002 ejus,
1219 972 1386 1002 qumcunque
1402 964 1480 997 dixit,
1494 963 1630 991 Mercedes
1647 968 1714 988 meae

927 1018 968 1046 ha:
979 1022 1051 1050 sunt,
1071 1024 1139 1052 quas
1156 1015 1287 1043 dederunt
1304 1013 1368 1041 mihi
1383 1018 1519 1040 amatores
1535 1010 1587 1038 mei
1609 1010 1631 1026 ⁵⁷
1642 1018 1666 1041 ;›
1685 1014 1713 1036 et

928 1063 1062 1091 addebat:
1080 1070 1089 1087 ι
1103 1060 1252 1088 Comedent
1275 1066 1307 1086 ea
1332 1058 1426 1086 bestiae
1443 1057 1513 1090 agri,
1540 1059 1568 1082 et
1589 1055 1712 1082 volucres

927 1108 1000 1140 caeli,
1018 1112 1044 1135 et
1062 1107 1165 1141 reptilia
1190 1111 1268 1132 terra:
1278 1103 1312 1131 ⁸⁸.
1329 1113 1338 1130 ι
1360 1103 1425 1136 Qua:
1443 1103 1652 1135 interpretantes
1671 1098 1713 1125 di-

928 1154 1065 1185 cebamus,
1086 1159 1134 1187 per
1146 1150 1250 1178 bestias
1267 1153 1294 1177 et
1307 1148 1432 1176 volucres
1444 1147 1553 1181 oblique
1565 1143 1715 1179 signiﬁcari

928 1200 1030 1231 hostes,
1048 1196 1200 1225 Iudaeorum
1214 1196 1349 1230 regionem
1374 1192 1581 1227 depopulantes,
1605 1189 1712 1218 Persas.

931 1243 1034 1276 Medos,
1058 1241 1230 1277 Babylonios,
1260 1244 1287 1267 et
1307 1246 1341 1267 ex
1366 1238 1426 1265 aliis
1452 1236 1583 1271 cujusque
1607 1232 1715 1268 generis

928 1290 1096 1318 commistam
1107 1287 1224 1315 hostium
1241 1285 1450 1316 multitudinem,
1463 1282 1508 1317 qui
1542 1288 1556 1308 a
1579 1279 1715 1307 ferocibus

927 1335 1021 1364 bestiis
1052 1341 1106 1362 non
1135 1333 1249 1360 multum
1267 1330 1386 1358 abfuisse
1402 1327 1512 1362 intelligi
1525 1328 1634 1361 queant,
1650 1331 1715 1359 pru-

928 1386 988 1416 pter
1004 1387 1092 1408 mores
1104 1378 1291 1415 sanguinarios
1304 1376 1431 1404 videlicet
1447 1383 1454 1407 ;
1469 1377 1497 1401 et
1513 1372 1638 1400 volucres
1655 1369 1717 1404 qui-

929 1428 990 1455 dem
1020 1430 1131 1461 propter
1161 1424 1330 1452 celeritatem
1357 1428 1472 1453 cursus;
1505 1417 1612 1453 reptilia
1639 1423 1715 1448 vero,

929 1473 991 1508 quia
1013 1477 1129 1504 atroces,
1153 1474 1181 1498 et
1196 1467 1393 1503 malignissimi,
1414 1470 1441 1494 et
1463 1464 1495 1492 ad
1515 1463 1604 1491 scelus
1628 1468 1716 1488 acres.

893 1515 916 1546 C
932 1506 977 1551 ili,
1001 1517 1100 1545 lsraele
1119 1516 1146 1543 in
1161 1515 1293 1543 Samariae
1310 1513 1422 1541 urbibus
1443 1510 1558 1542 incluso,
1578 1507 1668 1535 omnia
1689 1506 1718 1533 in

932 1564 1005 1599 agris
1019 1563 1196 1593 devorarunt,
1211 1559 1278 1587 nihil
1296 1557 1446 1586 insolentiis
1462 1555 1624 1583 intentatum
1637 1551 1719 1579 relin-

932 1597 1057 1644 quentes.
1082 1607 1136 1635 Sed
1160 1614 1220 1634 cum
1242 1604 1375 1636 auferam,
1406 1601 1505 1636 inquit,
1528 1599 1637 1627 nomina
1660 1597 1719 1624 ido-

933 1655 1019 1682 lorum
1033 1655 1154 1689 ipsorum
1170 1653 1202 1680 de
1216 1656 1305 1683 terra,
1322 1653 1386 1676 tunc
1398 1653 1425 1675 et
1438 1650 1629 1675 testamentum
1644 1642 1718 1677 pacis

933 1701 1071 1736 disponam
1084 1699 1149 1734 ipsis
1171 1705 1231 1725 cum
1245 1696 1316 1724 omni
1331 1701 1402 1723 saeva
1423 1697 1451 1720 et
1467 1692 1583 1719 barbara
1600 1691 1718 1716 natione.

932 1733 1178 1775 Cessabnntrenim
1200 1747 1254 1770 tum
1277 1740 1403 1773 hostilia,
1425 1737 1587 1770 tolleturque
1608 1733 1721 1765 bellum,

933 1797 960 1821 et
975 1792 1111 1820 terrorum
1139 1794 1268 1825 expertes
1290 1785 1447 1814 manebunt.
1463 1793 1473 1809 ‹
1488 1782 1631 1810 Conteram
1647 1778 1720 1806 enim

934 1845 1008 1866 arma
1026 1842 1054 1864 et
1073 1823 1201 1871 gladium.
1220 1843 1230 1860 ι
1255 1832 1332 1866 Quod
1353 1831 1435 1858 etiam
1460 1828 1493 1855 ad
1517 1828 1597 1854 linem
1618 1823 1722 1859 perdu-

933 1888 1016 1916 ctum,
1039 1882 1114 1917 juxta
1138 1879 1280 1907 historiam
1309 1875 1472 1904 invenimus.
1499 1872 1550 1907 51
1573 1871 1721 1905 Postquam

934 1929 1007 1957 enim
1026 1925 1201 1954 illustrissimi
1221 1924 1405 1951 Romanorum
1428 1920 1509 1946 duces
1534 1915 1675 1950 imperium
1693 1914 1721 1940 in

935 1980 1029 2001 omnes
1055 1970 1143 2005 adepti
1170 1973 1245 2001 sunt,
1273 1971 1300 1994 et
1320 1963 1450 2001 quidquid
1474 1961 1514 1990 sol
1537 1960 1646 1995 aspicit,
1671 1959 1722 2005 sub

936 2019 1066 2051 ditionem
1087 2004 1261 2052 redegerunt,
1278 2015 1333 2041 Deo
1349 2011 1403 2040 illis
1417 2007 1649 2037 administratorie
1665 2004 1723 2040 glo—

937 2066 1004 2093 riam
1033 2063 1187 2093 tribuente,
1217 2060 1307 2087 Persze
1338 2057 1446 2084 unicum
1475 2052 1616 2087 imperium
1644 2057 1723 2078 suum

937 2113 1169 2146 procuraverunt,
1201 2111 1230 2134 et
1259 2104 1375 2132 aliorum
1407 2107 1515 2136 quoque
1546 2097 1724 2126 barbarorum
1752 2132 1758 2137 ι

938 2155 1107 2183 incursiones
1140 2153 1167 2180 in
1197 2150 1350 2186 provincias
1383 2150 1409 2174 et
1443 2145 1524 2173 urbes
1559 2141 1725 2176 conquieve-

941 2207 1005 2230 runt
1027 2210 1034 2228 :
1057 2200 1135 2236 cujus
1160 2197 1199 2225 rei
1229 2198 1325 2224 beatus
1346 2193 1429 2221 Isaias
1459 2195 1554 2226 aperte
1580 2187 1725 2216 meminit:

946 2258 956 2275 ι
973 2249 1006 2275 Et
1022 2232 1188 2275 contunderit
1212 2243 1316 2278 gladios
1339 2247 1401 2268 suos
1413 2239 1439 2266 in
1460 2242 1596 2269 vomeres,
1620 2239 1647 2262 et
1673 2232 1728 2260 lan-

944 2302 1006 2323 ceas
1030 2301 1093 2321 suas
1120 2292 1149 2319 in
1176 2290 1283 2322 falces;
1312 2292 1339 2315 et
1365 2293 1418 2314 non
1447 2284 1522 2311 tollet
1552 2289 1617 2317 gens
1633 2284 1726 2307 contra

944 2344 1049 2376 gentem
1069 2338 1197 2373 gladium,
1215 2339 1242 2363 et
1260 2341 1313 2362 nou
1329 2333 1435 2361 discent
1451 2330 1519 2358 ultra
1535 2326 1698 2364 proeliari".
1715 2333 1726 2351 ι

943 2370 1002 2414 iam
1030 2370 1101 2412 enim
1122 2386 1152 2410 ut
1173 2382 1224 2409 sub
1248 2387 1331 2407 unum
1353 2378 1447 2413 jugum
1463 2375 1560 2406 coacti,
1583 2371 1673 2407 potius
1695 2370 1729 2397 ad

944 2432 1024 2460 utiles
1035 2437 1145 2464 operum
1163 2428 1271 2455 labores
1295 2432 1324 2452 se
1337 2422 1519 2458 applicabant,
1536 2420 1730 2446 instrumenta-

945 2485 999 2512 que
1019 2474 1148 2504 militaria
1166 2474 1192 2500 in
1212 2472 1249 2499 rei
1274 2470 1383 2497 rustica:
1403 2467 1497 2494 idonea
1517 2461 1728 2491 commutabant.

944 2504 1002 2549 érit
1026 2520 1107 2555 igitur
1127 2524 1192 2553 pax,
1219 2515 1316 2551 inquit,
1340 2518 1368 2540 et.
1391 2515 1479 2539 metus
1502 2509 1565 2536 olitn
1592 2504 1728 2533 terribiles

949 2549 1105 2597 cessabunt,
1124 2549 1179 2590 beo
1197 2549 1381 2595 consopiente,
1395 2561 1423 2584 et
1443 2555 1484 2584 sui
1499 2557 1622 2582 amantes
1636 2549 1732 2578 fructi-

950 2614 1001 2641 bus
1015 2612 1090 2647 pacis
1106 2610 1286 2639 exbilarante.

987 2758 1088 2792 Opinor
1109 2759 1199 2782 autent
1225 2757 1252 2780 et
1273 2749 1337 2779 illud
1357 2747 1418 2775 addi
1433 2745 1541 2774 debere.
1564 2742 1633 2771 Olim
1649 2745 1731 2772 enim,
