1913 3042
59 140 90 169 93
521 139 798 170 COMMENTARIUS
819 141 851 170 lN

908 142 988 171 lEAM
1006 142 1228 174 PROPli-ETAM.
1654 148 1690 177 κ

57 199 187 237 καθαρῶς.
206 198 362 236 προσίεμεν
387 199 416 228 δὲ
441 199 516 236 αὐτῷ
529 200 564 228 δι’
587 192 664 234 Ῠίοῢ,
679 203 727 229 καί
741 203 796 230 τῶν
811 202 846 230 δι’

908 204 1059 232 tccedimus
1078 210 1170 233 autem
1186 205 1220 232 ad
1235 203 1310 232 illum
1325 212 1374 240 per
1386 205 1499 239 Filium,
1515 209 1542 233 et
1555 209 1688 240 precepts

59 246 132 276 αὑτοῦ
144 245 358 280 θεσπισμάτων,
389 245 525 278 τουτέστι,
542 246 597 273 τῶν
620 247 817 282 εὐαγγελικῶν,
833 248 852 275 ἃ.

58 292 100 319 καί
116 290 312 326 πνευματικὴν
342 290 399 326 ἔχει
416 290 466 325 τὴν
481 290 589 324 ἕνωσιν,
606 292 666 327 ἦτοι
693 293 850 328 συνάφειαν.

65 336 207 372 Ένούμεθα
218 336 275 372 γὰρ
295 336 335 372 τῷ
349 336 410 372 Θεῷ
425 338 453 364 ὲν
465 336 612 372 πνεύματι,
633 339 682 365 καὶ
703 338 752 374 τῆς
777 339 852 372 Θείας

61 382 134 412 αὖτοῦ
148 382 261 417 φύσεως
275 382 447 418 πλουτοῦμεν
475 382 524 418 τὴν
551 383 672 419 μέθεξιν.
691 384 771 417 Εἰκὸς
785 385 814 412 δέ
825 394 852 413 τι

62 431 101 457 καὶ
111 429 208 463 ἓτερον
223 428 388 463 ὑποφαίνειν
402 428 516 461 ἀστείως
524 429 564 461 τὸ,
580 431 808 467 «Μνηστεύσομαί
821 440 851 459 σε

61 474 171 511 ἐμαυτῷ·
180 485 189 501 ι
200 475 340 506 συνείσεις
348 475 401 510 γὰρ
410 471 461 502 ὧδε
468 475 599 503 πάλιν.Ἦ
606 475 660 511 γὰρ
668 476 698 502 τὺ
705 496 712 509 ,
721 476 850 512 ἐμαυτῷ,

63 522 135 557 φησιν
151 521 214 548 ἀντὶ
231 520 294 554 τοῦ,
311 521 349 549 δι’
363 521 514 556 ἐμαυτοῦ,
534 522 565 549 οὐ
583 523 653 549 καθὰ
678 523 725 550 καί
751 524 850 557 πάλιιξ,

63 567 279 604 μεσολαόούντων
294 567 430 602 ἀγγέλων⁸
444 566 505 594 οὕτε
522 567 575 603 μὴν
587 568 712 595 διακόνου
728 569 800 601 τινὸς
811 571 851 602 εἰς

63 613 131 641 τοῦτο
142 612 384 649 παρειλημμένου,
397 612 467 640 κατὰ
481 613 526 641 τὸν
542 614 589 640 τοῦ
605 614 726 646 Μωσέως
740 615 850 650 τρόπον.

64 660 96 686 Οὺ
110 659 161 695 γὰρ
177 658 314 694 πρέσϐυς,
325 659 376 686 οὐκ
388 658 513 694 ἄγγελος,
525 659 596 686 κατὰ
604 659 635 686 το
647 660 850 696 γεγραμμένον,

65 705 114 732 ἀλλ’
127 703 206 736 αὐτὸς
221 705 237 731 ὁ
249 704 365 740 Κύριος,
376 705 427 731 όὲκ
438 703 484 731 τοῦ
499 703 567 732 Θεοῦ
581 705 685 740 Πατρδς
696 706 792 741 Λόγος,
805 707 851 734 ἄν-

66 751 162 785 Θρωπος
185 749 312 784 γεγονὼς
337 750 398 777 καθ’
409 750 493 785 ἡμᾶς,
518 750 606 786 ἑαυτῷ
629 751 785 787 παρέστησε
800 752 851 788 τὴν

70 794 240 829 Ἐκκλησίαν·
267 803 277 820 ι
300 795 356 822 Καὶ
370 795 433 826 τοὺς
453 794 500 821 δύο
520 794 602 827 λαοὺς
617 794 724 822 ἔκτισεν
741 797 780 828 εἰς
803 796 850 824 ἕνα

67 842 144 868 κοινὸν
154 840 317 876 ἄνθρωπον,
335 840 419 867 ποιῶν
430 841 559 876 εἰρήνην,
580 842 627 869 καὶ
643 842 849 869 ἀποκαταλλάσ-

68 896 112 914 σων
124 887 184 918 τοὺς
195 886 373 924 ἀμφοτέρους
395 887 424 913 ὲν
441 887 480 913 ἐνὶ
503 886 639 922 πνεύματι
654 887 722 923 πρὸς
733 888 778 915 τὸν
794 889 849 915 Πα-
864 877 885 905 Β

67 933 142 969 τέρα,
171 943 181 959 ι
212 933 289 959 κατὰ
314 933 363 967 τὴν
388 932 435 959 τοῦ
462 932 596 968 μακαρίου
613 933 719 961 Παύλου
748 935 850 970 φωνήν.

69 979 98 1005 Ἦ
118 978 161 1005 καί
194 977 258 1004 καθ’
284 978 401 1013 ἕτερον,
432 978 457 1003 εἰ
487 977 598 1013 βούλει,
623 978 724 1014 τρόπον
756 980 850 1016 ὲκδὲξῃ

68 1025 93 1050 τὸ
118 1023 273 1059 εἰρημένον.
309 1023 506 1058 Ἐμνηστεύετο
531 1023 605 1059 γὰρ,
631 1024 669 1057 ὡς
700 1025 790 1061 ἔφην,
822 1026 852 1053 ὲν

67 1069 184 1104 Αἰγύπτῳ
218 1069 290 1095 ποτὲ
325 1068 373 1104 τὴν
404 1069 458 1096 τῶν
497 1069 633 1097 Ἰουδαίων
666 1070 850 1106 Συναγωγήνι

69 1115 117 1143 ἀλλ’
136 1115 213 1141 οἱονεί
228 1123 294 1146 πως
311 1115 397 1150 ἑτέρῳ
413 1114 523 1150 μᾶλλον,
539 1115 588 1150 οὐχ
610 1115 711 1151 ἐαυτῷ,
733 1116 805 1152 φημὶ
819 1116 852 1152 δὴ

69 1161 101 1196 τῷ
114 1161 244 1196 θεσπεσίῳ
260 1160 370 1193 Μωσεῐ,
388 1162 456 1197 πρὸς
471 1161 500 1188 ὃν
515 1161 567 1198 ἔφη
581 1161 705 1195 (Βάδιζε,
717 1163 852 1198 κατάϐηθι

70 1207 96 1234 rb
106 1207 180 1242 τάχος
204 1206 338 1234 ἐντεῦθεν
350 1216 357 1223 ”
373 1207 495 1243 ὴνόμησε
512 1207 566 1244 γὰρ
582 1209 596 1234 ὁ
605 1208 668 1240 λαός
680 1217 738 1241 σου,
747 1208 799 1240 οὓς
810 1208 854 1241 ἰξ-

70 1254 159 1288 ήγαγες
184 1253 215 1279 ἐκ
241 1253 299 1288 γῆς
324 1251 474 1287 Αίγύπτου.
499 1263 509 1280 ι
543 1253 677 1287 ’Δκούεις,
695 1254 736 1281 ὅτι
759 1255 854 1282 Minas!

71 1298 261 1334 προσνενέμηκε
287 1298 338 1334 τὴν
354 1299 609 1336 μεμνηστευμένην,
627 1300 686 1336 ἢτοι
699 1300 746 1327 τὸν
769 1300 852 1333 λαὸν,

71 1345 135 1372 οὔπω
145 1345 192 1380 τῆς
202 1344 377 1381 οἰκειότητος
387 1345 471 1378 ἀξιῶν
484 1346 534 1381 τῆς
547 1346 616 1381 πρὸς
628 1346 733 1374 ἑαυτόν.
747 1347 783 1373 οὐ
798 1346 854 1382 γὰρ

72 1390 169 1422 ἱκανῶς,
181 1390 218 1422 ὼς
231 1390 314 1426 ἔφην.
332 1392 347 1418 ὁ
361 1390 452 1427 νόμος,
466 1391 525 1426 ἦτοι
539 1392 654 1427 Μωσῆς,
664 1391 780 1426 συνάψαι
795 1391 855 1427 Θεῷ

73 1435 184 1472 καθαρῶς
200 1444 230 1463 τε
248 1435 299 1463 καὶ
315 1436 480 1472 ὁλοτρόπως.
496 1437 636 1473 Τετήρητο
657 1437 712 1473 γὰρ
732 1438 770 1470 ὡς
788 1446 855 1464 κατ-

73 1481 222 1517 ορθωμάτων
249 1480 377 1516 ἄριστον,
391 1482 438 1508 καὶ
460 1481 612 1517 θεοπρεπὲς
625 1481 735 1518 ἀληῡῶς
747 1481 787 1517 τῷ
808 1490 856 1518 με-

74 1527 124 1564 σίτῃ
143 1527 207 1554 Θεοῦ
225 1529 275 1555 καὶ
294 1528 447 1564 ἀνθρώπων
458 1548 466 1561 ,
491 1529 615 1556 τουτέστι
634 1528 760 1565 Χριστῷ,
772 1530 806 1557 δι’
821 1525 852 1556 οὗ

74 1574 113 1601 καὶ
127 1574 153 1601 ἐν
174 1570 196 1609 ᾧ
218 1575 289 1610 πρὸς
316 1574 382 1601 Θεὸν
402 1574 545 1610 ἐνούμεθα.
563 1575 619 1602 Καὶ
635 1575 690 1611 γάρ
711 1576 785 1602 ἐστιν
805 1577 854 1603 αὑ-

73 1620 134 1655 τὺςή
147 1621 239 1656 εἰρήνη
257 1620 351 1656 ἡμῶν,
375 1621 444 1648 κατὰ
458 1621 508 1653 τὰς
527 1621 649 1657 Γραφὰς,
662 1622 677 1648 ὁ
690 1621 739 1658 τὴν
755 1621 856 1657 μεταξὺ

74 1666 189 1702 κειμένην
207 1666 312 1700 ἐξελὼν
333 1667 480 1703 ἁμαρτίαν,
498 1667 545 1694 καὶ⁸
558 1667 695 1703 καθαροὺς
717 1667 790 1702 ἡμᾶς
811 1667 858 1694 καὶ

75 1712 276 1748 ὲκνενιμμένους
291 1712 332 1748 τῷ
353 1712 492 1748 Πνεύματι
509 1712 630 1748 συνάψας
649 1712 748 1749 ἑαυτῷ,
762 1712 810 1740 καὶ
823 1712 856 1740 δι’

76 1758 160 1785 ἑαυτοῦ
175 1759 213 1794 τῷ
225 1758 286 1794 Θεῷ
303 1759 351 1786 καὶ
372 1759 471 1795 Πατρί.

105 1803 153 1830 Kal
166 1796 399 1838 μνηστεύσομαὶ
411 1811 450 1831 σε
476 1803 593 1839 ἐμαυτῷ
616 1804 652 1831 ἐν
667 1803 856 1840 δικαιοσύνῃ,

76 1848 291 1883 interm/pan,
307 1848 357 1875 καί
371 1847 500 1881 ἐνὲλέει,
513 1849 564 1876 καὶ
575 1849 610 1876 ὲν
623 1849 858 1885 οἰκτιρμοῖς.Καί

76 1895 289 1929 μνηστεύσομαι
313 1894 430 1931 ἐμαυτῷ
447 1895 482 1921 ἐν
497 1895 608 1929 πίστει,
629 1894 679 1922 καὶ
704 1894 858 1931 ἐπιγνώσῃ

78 1939 124 1966 τὸν
139 1940 255 1974 Κύριον.

108 1985 165 2013 KS'.
189 1986 345 2021 Ἐξηγεῖται
361 1984 464 2020 σαφῶς,
480 1985 522 2017 τίς
549 1985 582 2012 ἂν
597 1985 702 2019 γένοιτο
725 1985 775 2022 τῆς
800 1994 860 2014 συν-

78 2032 185 2066 αφείαςδ
197 2033 310 2067 τρόπος,
324 2032 371 2059 καὶ
393 2031 438 2059 διὰ
463 2031 548 2059 ποίων
573 2030 606 2058 ἂν
630 2031 665 2058 ῐοι
687 2032 859 2068 πραγμάτων

79 2077 120 2113 τῆς
143 2078 296 2113 οἰκονομίας
310 2078 340 2105 τδ
356 2078 516 2114 μυστήριον.
534 2087 543 2103 ι
567 2077 611 2104 Ἐν
625 2076 783 2114 δικαιοσύνῃ
804 2078 860 2114 γὰρ

79 2124 154 2156 ἔσται,
168 2125 242 2160 φησὶ,
255 2125 302 2151 καί
318 2125 347 2151 ἐν
360 2124 486 2160 κρίματι,
502 2124 550 2151 καὶ
563 2123 655 2159 μέντοι
678 2123 726 2151 καὶ
740 2124 769 2151 ἐν
789 2124 860 2151 ἐλέει

80 2170 120 2196 καὶ
131 2171 158 2197 ὲν
170 2171 330 2207 οἰκτιρμοῖς.
350 2180 359 2197 ι
379 2170 426 2203 Τίς
439 2167 485 2197 οὖν
495 2170 550 2206 ἄρα
565 2170 640 2198 ἐστὶν
656 2171 674 2206 ή
689 2170 858 2207 δικαιοσύνη,

80 2215 101 2241 τί
113 2216 138 2242 δὲ
156 2216 185 2242 τὸ
211 2218 316 2252 κρῖμα,
334 2216 383 2243 καὶ
408 2217 463 2252 μὴν
488 2215 537 2243 καὶ
555 2215 587 2242 τὸ
605 2215 679 2248 ἔλεος
690 2237 697 2249 ,
713 2217 811 2249 εἰπεῖν,
822 2217 860 2249 ὡς
874 2232 898 2261 D

82 2261 157 2289 ῐοικεν
168 2282 176 2295 ,
189 2263 347 2297 ἀναγκαῖον.
369 2261 473 2289 Οὐκοῦν
497 2261 755 2297 πεπλεονεκτήμεοα
771 2262 823 2298 μὲν
835 2263 860 2300 οἰ

81 2307 195 2341 τάλανες,
212 2307 407 2345 διαρπάζοντος
436 2307 511 2343 ἡμᾶς
536 2307 574 2339 ὡς
595 2307 677 2344 θηρὸς
696 2308 792 2344 ἀγρίου
811 2306 859 2335 τοῦ

82 2354 186 2398 Σαταιῷ
200 2355 246 2381 καὶ⁸
257 2354 442 2390 ἀποφέροντος
461 2353 511 2389 μὲν
524 2354 564 2386 εἰς
580 2353 725 2388 πλάνησιν,
742 2354 860 2387 ὲνιέντος

82 2399 105 2426 δὲ
122 2401 187 2427 κατὰ
200 2401 230 2428 τὸ
246 2401 320 2436 αὺτῷ
341 2399 436 2427 δοκοῦν
450 2400 506 2432 τοῖς
521 2398 572 2435 τῆς
588 2399 726 2435 ἁμαρτίας
742 2399 861 2435 βάθροις,

82 2444 147 2472 οὐδὲν
166 2446 268 2478 ἑαυτοῖς
283 2445 434 2481 ἐπαμύνειν
449 2443 600 2480 ἰσχύοντας.
614 2443 793 2480 Παγχάλεπος
806 2443 861 2480 γὰρ

83 2491 122 2518 καὶ
143 2492 291 2526 βιαιότατος
311 2491 421 2527 ἀληθῶς
449 2491 496 2518 καὶ
522 2490 744 2526 ἀνθρωποκτόνος
760 2491 774 2517 ὁ
796 2490 859 2526 θήρ.

89 2536 184 2574 Ἐπειδὴ
205 2537 233 2564 δὲ
248 2538 289 2570 είς
309 2536 389 2564 τοῦτο
413 2535 601 2572 ταλαιπωρίας
623 2534 811 2570 κατεκομίσθη
825 2535 860 2563 τὰ

84 2581 237 2618 ἀνθρώπινα,
251 2582 353 2619 συχνὰς
364 2582 505 2610 ἐποιοῦντο
521 2583 572 2614 τὰς
583 2581 660 2614 λιτὰς
672 2581 742 2618 πρὸς
750 2581 796 2609 τὸν
810 2582 860 2608 ἑπ-

85 2627 185 2662 αμύνειν
197 2629 343 2665 δυνάμενον
357 2629 381 2655 οἰ
393 2627 526 2665 μακάριοι
539 2627 688 2664 προφῆται,
699 2627 747 2654 καὶ
763 2626 792 2653 τὸ
805 2635 862 2654 κοι-

85 2675 123 2702 νὺν
134 2677 179 2711 τῆς
192 2676 401 2713 ἀνθρωπὰτητος
416 2676 556 2712 μονονουχὶ
570 2676 741 2712 προσωπεῖον
755 2675 862 2707 ἑαυτοῖς

85 2723 306 2758 κεριπλάττοντες,
322 2723 505 2759 συλλήπτορα,
523 2722 571 2749 καὶ
590 2721 716 2758 ἀρρωγὸν
737 2721 767 2753 ἐξ
779 2720 863 2756 ούρα-

87 2767 132 2794 νῶν
157 2768 300 2803 ἀφικέσθαι
327 2769 496 2807 παρεκάλουν
516 2768 561 2796 τὸν
582 2767 656 2795 Υἰόν.
671 2768 743 2802 Ἔφη
770 2765 834 2801 γοῦν
849 2766 864 2792 6

902 250 937 278 ab
952 249 1012 285 ipso
1025 250 1134 283 tradita,
1159 250 1327 286 evangelica,
1350 250 1473 286 inquam,
1487 258 1548 285 quae
1566 255 1594 279 et
1609 250 1690 285 spiri-

903 296 1002 323 tualetn
1016 296 1143 323 unionem
1170 297 1227 324 sive
1240 297 1438 332 copulationem
1456 297 1608 324 continent.
1623 296 1691 324 Uni-

902 348 965 368 mur
986 340 1059 367 enim
1076 339 1131 368 Deo
1157 340 1183 367 in
1206 341 1320 375 Spiritu,
1345 346 1372 369 et
1392 341 1491 368 divina:
1510 341 1568 376 ejus
1587 345 1691 368 natura

902 386 1150 413 communicatione
1171 385 1377 420 locupletamur.
1394 387 1443 414 Est
1464 392 1554 414 autem
1573 393 1690 414 consen-

902 435 1024 464 taneum,
1044 431 1117 459 aliud
1133 439 1240 467 quoque
1256 432 1345 459 verbis
1365 433 1434 465 istis,
1451 442 1462 459 ι
1477 431 1646 467 desponsst
1662 436 1691 459 te

901 477 980 512 mihi,
996 487 1006 504 ι
1027 478 1165 513 eleganter
1199 478 1406 506 submonstrari.
1432 477 1479 505 Sic
1498 479 1571 506 enim
1596 483 1691 505 rursus

901 531 931 551 ea
954 524 1099 558 intelliges.
1124 524 1179 552 Aut
1202 524 1276 552 enim
1295 523 1359 550 mihi
1379 524 1454 556 dicit,
1478 531 1537 558 pro,
1567 532 1614 558 per
1638 531 1690 557 me,

901 577 954 597 non
976 570 1047 598 sicut
1067 570 1131 597 olim
1149 570 1252 605 angelis
1270 569 1517 600 intercedentibus;
1538 576 1589 596 nec
1610 569 1690 597 mini-

900 620 959 643 stro
985 616 1076 651 aliquo
1103 617 1189 644 instar
1205 615 1306 652 Moysis
1327 617 1360 644 ad
1384 616 1436 643 hoc
1460 619 1608 649 assumpto.
1629 613 1690 642 Non

900 664 972 690 enim
994 663 1107 698 legatus,
1129 670 1182 691 non
1208 663 1332 698 angelus,
1357 664 1415 694 sed,
1435 667 1464 689 ut
1483 661 1614 695 scriptum
1637 665 1689 694 est,

899 708 959 743 ipse
983 708 1123 742 Dominus,
1149 716 1182 736 ex
1208 708 1263 736 Deo
1286 708 1367 735 Patre
1388 707 1519 739 Verbum,
1544 707 1625 734 homo
1641 713 1691 733 no-

900 759 987 781 strum
1014 753 1111 781 similis
1137 753 1243 786 factus,
1272 753 1324 781 sibi
1355 752 1413 787 ipse
1440 751 1565 780 exhibuit
1597 749 1691 778 Eccle-

901 798 968 826 siam
980 798 1014 831 ",
1032 807 1042 824 ¢
1058 803 1085 826 et
1098 799 1212 833 populos
1224 799 1290 826 duos
1302 798 1328 825 in
1342 805 1423 826 unum
1440 805 1538 825 novum
1555 796 1691 824 hominem

901 843 1032 875 conditit,
1065 844 1167 872 faciens
1193 843 1505 878 pacem,\reconcilinns
1545 841 1639 869 ambos
1664 840 1691 868 in

903 898 956 917 uno
977 890 1074 925 spiritu
1096 891 1130 918 ad
1152 889 1258 917 Patrem
1268 889 1301 924 ε’,
1319 899 1329 915 ι
1346 889 1494 917 secundum
1513 888 1583 916 beati
1618 886 1692 914 Pauli

904 943 1008 963 vocem.
1023 937 1076 963 Διιι
1094 936 1175 963 etiam
1190 935 1244 962 alio
1260 935 1349 968 modo,
1366 934 1388 962 si
1405 934 1489 966 lubet,
1503 934 1575 969 quod
1589 933 1691 961 dictum

903 986 945 1010 est
967 981 1093 1016 accipies.
1121 981 1300 1016 Desponsavit
1329 981 1401 1008 enim
1427 979 1489 1012 sibi,
1519 984 1548 1007 ut
1574 979 1640 1012 dixi,
1664 979 1692 1006 in

904 1026 1022 1062 Egypto
1037 1026 1181 1061 aliquando
1203 1026 1371 1061 Synagogam
1387 1024 1540 1054 Iudaeorum
1557 1024 1630 1060 :53
1645 1024 1693 1052 sed

903 1071 977 1100 velut
992 1071 1070 1099 alteri
1092 1071 1182 1106 potius
1194 1079 1275 1106 quant
1293 1071 1356 1104 sibi,
1372 1070 1469 1106 Moysi,
1481 1071 1605 1105 inquam,
1627 1076 1693 1097 san-

904 1124 959 1150 cto,
975 1118 1018 1145 cui
1031 1117 1099 1145 dixit
1113 1124 1121 1145 :
1138 1126 1147 1143 ι
1166 1116 1249 1150 Vade,
1263 1117 1397 1145 descende
1410 1117 1465 1144 cito
1480 1117 1556 1149 hinc,
1570 1115 1695 1151 peccarit

905 1164 976 1192 enim
999 1163 1114 1198 populus
1135 1169 1207 1196 tuus,
1223 1169 1306 1197 quem
1328 1162 1446 1190 eduxisti
1463 1162 1497 1189 de
1519 1166 1591 1189 terra
1606 1159 1693 1196 Egy-

905 1210 943 1244 pti
954 1209 1026 1236 πεδ’.
1042 1219 1052 1235 ι
1069 1209 1154 1236 Audis
1169 1209 1305 1243 quomodo
1321 1207 1405 1243 Moysi
1418 1207 1620 1242 desponsatam,
1636 1206 1694 1234 sive

905 1254 1046 1291 populum,
1071 1255 1190 1282 nondum
1212 1254 1340 1281 familiari
1364 1254 1559 1282 consuetudine
1582 1260 1631 1281 sua
1650 1251 1694 1280 di-

906 1304 1016 1335 gnatum
1043 1299 1186 1326 attribuit?
1210 1298 1267 1326 Non
1294 1298 1366 1326 enim
1387 1297 1537 1326 suliiciebat
1559 1297 1614 1331 lett,
1638 1297 1697 1325 sive

907 1345 1024 1382 Moyses,
1045 1349 1075 1372 ιιι
1095 1345 1149 1373 Deo
1172 1352 1240 1380 pure
1257 1349 1284 1372 et
1305 1344 1459 1372 arctissime
1481 1351 1528 1372 eos
1545 1343 1694 1378 copularet.

907 1391 964 1419 Ποε
986 1391 1057 1419 enim
1083 1395 1112 1418 ut
1136 1395 1211 1418 recte
1231 1390 1363 1418 factorum
1382 1389 1574 1420 rectissimum,
1591 1396 1623 1417 ac
1640 1387 1696 1416 Deo

908 1445 1003 1465 revera
1011 1438 1132 1472 dignum,
1143 1435 1283 1463 mediatori
1294 1434 1340 1462 Dei
1350 1439 1376 1461 et
1385 1433 1526 1461 hominum
1536 1433 1572 1468 ",
1586 1432 1698 1461 Christo

908 1482 1046 1515 videlicet,
1062 1482 1232 1514 servabatur,
1247 1487 1296 1516 per
1309 1487 1401 1515 quem,
1416 1483 1443 1507 et
1457 1479 1484 1506 in
1501 1486 1555 1514 quo
1566 1485 1629 1506 cum
1642 1478 1698 1506 Deo

909 1528 1028 1556 unintur.
1046 1537 1056 1554 ι
1071 1527 1132 1563 ipse
1156 1527 1228 1554 enim
1255 1530 1296 1554 est
1319 1533 1372 1561 pax
1397 1529 1502 1557 nostra,
1517 1533 1527 1551 ι
1545 1523 1696 1552 secundum

910 1573 1077 1608 Scripturas,
1094 1573 1139 1608 qui
1163 1572 1327 1606 interiacens
1350 1574 1488 1606 peccatum
1512 1568 1643 1601 sustulit.
1669 1572 1698 1596 et

910 1627 992 1655 puros
1012 1626 1070 1652 nos,
1091 1623 1119 1646 et
1140 1625 1188 1654 per
1204 1617 1336 1653 Spiritum
1359 1617 1467 1644 ablutos
1486 1615 1549 1649 sibi,
1564 1619 1649 1652 etpet'
1666 1620 1699 1643 se

909 1668 965 1694 De.
979 1668 1006 1692 et
1019 1663 1094 1692 Patri
1110 1662 1251 1698 conjunxit
1266 1666 1348 1697 atque
1364 1659 1512 1698 colligavit.

947 1808 1030 1836 Vens.
1049 1807 1149 1840 “3,20.
1166 1806 1201 1833 Et
1218 1805 1345 1839 tpomabo
1360 1809 1384 1833 te
1405 1805 1469 1832 mihi
1482 1804 1510 1832 in
1521 1802 1644 1839 justitia,
1672 1807 1700 1830 σο

910 1855 937 1882 in
961 1854 1076 1890 judicio,
1089 1857 1113 1880 et
1134 1852 1161 1879 in
1174 1852 1364 1885 misericordia,
1389 1856 1415 1878 et
1431 1850 1458 1878 in
1474 1848 1697 1878 miserationibus.

911 1901 946 1928 Et
961 1900 1120 1936 sponsabate
1126 1898 1191 1925 mihi
1205 1897 1232 1924 in
1243 1896 1306 1931 ﬁde,
1314 1900 1338 1924 ιι
1355 1896 1421 1924 σείει
1427 1894 1489 1930 quia
1500 1902 1548 1929 ego
1556 1892 1694 1921 Dominus.

947 1987 1044 2017 XXIX.
1059 1987 1206 2022 Perspicua
1232 1988 1353 2018 enarrat,
1382 1983 1443 2019 quis
1466 1982 1564 2011 modus
1585 1980 1701 2017 conjun-

912 2035 1011 2064 ctionis
1037 2041 1098 2062 esse
1130 2037 1223 2069 queat,
1252 2036 1280 2059 et
1307 2031 1405 2066 quibus
1436 2029 1516 2057 rebus
1541 2027 1701 2056 mcouomia

912 2079 1071 2116 mysterium
1103 2085 1293 2113 processurum
1327 2076 1372 2104 sit.
1407 2084 1417 2102 α
1439 2074 1468 2102 in
1494 2073 1600 2109 iustitia
1627 2072 1700 2100 enim

912 2126 978 2159 erit,
1003 2124 1100 2160 inquit,
1117 2124 1144 2152 in
1154 2123 1267 2159 judicio,
1284 2122 1311 2150 in
1324 2119 1520 2152 misericordia,
1536 2118 1602 2147 etin
1617 2117 1700 2146 mise-

913 2171 1074 2200 rationibus.
1090 2179 1100 2197 ι
1127 2169 1256 2203 Quaenam
1270 2168 1353 2204 igitur
1365 2167 1402 2195 sit
1427 2165 1543 2201 iustitia,
1559 2163 1631 2200 quod
1660 2163 1702 2199 iu-

913 2217 1023 2251 dicium,
1038 2220 1169 2252 praeterea
1181 2222 1242 2251 qua
1254 2212 1451 2244 misericordia,
1463 2211 1606 2240 dicendum
1630 2209 1702 2238 vide.

912 2268 966 2291 tur.
988 2260 1250 2298 itaquecirumventi
1272 2267 1366 2288 smnus
1380 2258 1484 2290 miseri,
1504 2256 1626 2292 rapiente
1650 2262 1700 2284 nos

910 2309 938 2337 in
964 2315 1067 2336 morem
1082 2307 1182 2335 atrocis
1198 2306 1291 2334 bestia
1315 2305 1426 2338 Satana,
1455 2307 1483 2331 et
1504 2303 1531 2330 in
1578 2308 1700 2330 errorem

912 2359 1020 2390 agente,
1035 2358 1064 2383 et
1083 2361 1132 2389 pro
1147 2353 1279 2381 arbitratu
1295 2359 1345 2380 suo
1355 2351 1382 2378 in
1396 2349 1498 2386 peccati
1514 2348 1618 2376 foveam
1631 2354 1701 2382 pra-

912 2403 1052 2437 cipitante,
1082 2400 1149 2429 nihil
1182 2399 1319 2428 nobismet
1351 2397 1411 2433 opis
1437 2395 1536 2425 afferre
1568 2393 1700 2423 valentes.

913 2448 983 2476 Vere
999 2446 1072 2475 enim
1093 2445 1290 2477 crudelissima,
1310 2447 1338 2471 et
1360 2440 1566 2474 violentissima,
1594 2443 1622 2467 et
1650 2439 1700 2467 ho-

913 2492 1017 2521 minum
1034 2491 1205 2519 interfectrix
1221 2489 1309 2518 bellua
1319 2492 1369 2516 cst.
1381 2487 1470 2516 Rebus
1484 2489 1576 2514 autem
1602 2485 1701 2513 huma-

913 2538 957 2566 nis
970 2538 1023 2566 huc
1035 2536 1208 2564 miseriarum
1226 2534 1355 2569 delapsis,
1369 2533 1480 2560 crebras
1496 2531 1599 2566 'preces
1627 2529 1700 2558 beati

911 2585 1050 2620 prophetae
1070 2581 1220 2609 fundebant
1248 2580 1282 2608 ad
1323 2579 1419 2610 Deum,
1458 2577 1504 2612 qui
1540 2582 1702 2604 succurrerit
1732 2589 1757 2598 ιι

912 2632 1013 2664 potest,
1029 2631 1255 2661 communemque
1283 2624 1408 2654 humanas
1424 2627 1528 2652 natura:
1556 2628 1700 2657 personam

913 2678 1020 2702 tantum
1045 2680 1098 2701 non
1116 2671 1268 2705 induentes,
1298 2668 1456 2704 adiutorem,
1475 2672 1504 2696 et
1529 2665 1700 2694 auxiliarium

913 2719 948 2748 de
963 2719 1039 2747 caelis
1056 2717 1185 2746 advenire
1199 2716 1296 2745 Filium
1310 2713 1476 2749 ﬂagitabant.
1491 2711 1538 2741 Ait
1568 2718 1633 2748 ergo
1657 2710 1700 2738 di-

915 2766 994 2793 vinus
1013 2763 1098 2792 David
1114 2772 1120 2791 :
1148 2771 1157 2789 ι
1182 2762 1280 2797 Surge,
1297 2760 1379 2793 Deus,
1404 2758 1493 2794 iudica
1517 2762 1616 2786 terram
1629 2755 1652 2773 ³⁸
1665 2764 1673 2788 ς
1688 2765 1697 2782 ι

120 2848 139 2863 ⁶“
154 2851 269 2884 Act.vn,
284 2851 328 2879 58.
365 2850 590 2886 ⁸³Ερ1ιεε.ιι,16.
611 2851 672 2867 ⁷⁰-¹³
683 2849 692 2860 ⁸
705 2849 783 2878 Deut.
799 2855 837 2882 ix,

920 2848 942 2864 "
955 2846 1046 2875 lTim.
1065 2853 1095 2878 ιι,
1110 2846 1136 2872 5.
1176 2843 1306 2879 "Ephes.
1318 2849 1348 2873 ιι.
1364 2841 1407 2868 Η.
1446 2838 1552 2868 "Psai.
1565 2843 1658 2866 unt.
1670 2832 1698 2860 8-
