1913 3042
189 155 242 183 103

680 151 710 179 S.
731 150 870 179 CYRILLI
889 147 1125 178 ALEXANDRINI
1145 149 1304 179 ARCIIIEP.

1765 156 1826 182 103

189 209 242 245 lige
259 209 406 237 adulteram
418 214 445 236 et
459 207 613 243 diligentem
630 207 710 239 mala,
720 208 792 235 sicut
805 208 876 235 Deus
895 208 973 243 diligii

1031 207 1065 234 τὰ
1083 207 1206 244 πονηρά-
1224 207 1386 243 περιθάλπει
1403 208 1442 240 δὲ,
1460 208 1554 244 ὥσπερ
1567 208 1626 241 ταῖς
1639 209 1827 244 ἐπαγγελίαις

191 257 262 284 iiiios
285 255 379 288 lsraei,
393 260 421 282 et
435 254 486 289 ipsi
509 254 656 288 respiciunt
675 255 708 281 ad
731 254 797 281 deos
820 255 934 286 alienos,
948 259 976 282 et

188 302 425 330 amantcoetiones
441 307 503 328 cum
520 299 664 326 vinaceis.»
677 299 837 334 Quanquam
850 300 922 326 enini
937 300 976 326 in-

187 347 322 380 credulos,
338 346 435 381 inquit,
451 350 479 373 et
495 345 548 372 diis
572 344 764 372 commentitiis
783 351 903 371 amorem
932 345 977 371 tri-

189 395 346 425 buentes,et
358 392 476 426 ipsorum
492 391 597 418 libidini
613 391 725 425 obsequi
738 397 790 417 non
807 395 973 423 recusantes,

185 438 242 474 59
266 445 297 465 ex
312 437 392 465 insita
410 437 575 472 benignitate
594 436 683 470 diligit
696 435 776 468 Deus,
797 445 806 461 ι
820 436 864 471 qui
880 442 975 463 omnes

187 484 311 511 homines
325 483 383 510 vult
395 483 484 510 salvos
499 482 567 514 ﬁeri,
586 487 612 509 et
626 482 661 508 ad
675 481 840 516 agnitionem
855 481 975 508 veritatis

185 529 279 556 venire
289 529 339 555 ⁶⁶.›
354 528 458 555 Habent
474 533 564 555 autem
578 526 774 562 propemodum
793 527 862 553 hanc
872 526 974 553 intelli-

185 575 300 610 gentiam
310 575 392 602 verba
406 575 466 608 Dei,
479 578 597 608 tempore
611 573 742 600 adventus
754 571 855 599 Christi
873 572 975 600 vixisse

185 619 255 647 forte
268 620 336 655 apud
345 619 452 647 Iudaeos
468 619 556 646 adhuc
575 618 682 651 multos,
693 618 737 652 qni
753 617 876 645 neutrius
887 617 974 653 partis

187 666 235 693 toti
246 671 334 693 essent
344 674 352 698 ;
362 666 405 701 qui
417 674 466 693 nec
481 665 615 692 mandatis
627 664 751 692 Mosaicis
764 664 870 691 sincere
884 663 974 691 adhae-

186 716 334 744 rescerent,
344 719 393 739 nec
404 719 418 738 a
433 711 557 739 sordibus
573 710 740 738 seductionis
753 709 872 745 pet-lecte
882 715 974 737 essent

186 757 273 790 liberi,
283 753 449 793 respicerent
463 762 551 784 autem
568 756 654 792 magis
664 756 697 783 ad
713 756 778 783 deos
791 754 904 787 alienos,
913 755 974 789 qui-

185 804 238 831 bus
252 808 279 831 et
299 808 376 831 cocta
394 811 453 831 cum
471 803 603 835 vinaceis.
623 809 670 830 seu
692 802 751 828 uvis
769 801 854 835 passis
876 800 973 828 oiTere-

185 848 260 881 bant,
278 857 381 884 popana
398 850 514 876 fortasse
531 849 622 885 (genus
641 847 824 881 crurmli)aut
835 847 974 881 placentas

1025 254 1073 280 καὶ
1090 253 1206 288 ἀγαθαῖς
1229 253 1319 280 ἐλπίσι
1345 254 1533 282 καταπιαίνων
1553 252 1583 282 εὖ
1606 255 1689 290 μάλα,
1705 254 1827 282 πίπτειν

1025 299 1074 325 οὐκ
1086 299 1118 335 ἐᾷ
1130 299 1199 334 πρὸς
1211 299 1439 334 ἀπόγνωσιν.”()τι
1456 301 1510 336 γὰρ
1523 301 1551 327 ὲν
1567 301 1671 332 τούτοις
1685 293 1746 339 ὅλον
1759 299 1826 326 ἐστὶ

1025 345 1055 372 τὸ
1071 346 1230 382 μυστήριον,
1244 345 1413 381 παρέδειξεν,
1427 346 1512 373 είπὼν
1538 345 1576 382 τῷ
1598 346 1725 382 προφήτῃ
1751 345 1826 376 Θεδς

1025 390 1112 422 οὕτως
1123 399 1131 407 ·
1155 390 1311 426 Ἀγάπησον
1332 391 1383 427 τὴν
1399 392 1539 427 μοιχαλίδα
1552 391 1599 418 καὶ
1617 392 1770 425 ἀγαπῶσαν
1785 390 1825 417 τὰ

1026 437 1142 473 πονηρὰ,
1158 438 1250 470 καθὼς
1276 439 1370 473 ἀγαπᾷ
1391 439 1405 465 ὁ
1425 438 1492 470 Θεὸς
1511 439 1575 470 τοὺς
1600 438 1674 469 υἱοὺς
1697 437 1822 474 Ἰσραήλ.

1026 484 1082 511 Καὶ
1104 484 1181 511 αὐτοὶ
1206 484 1390 511 ἀποϐλέπουσι
1411 485 1479 520 πρὸς
1496 484 1574 516 θεοὺς
1588 484 1757 517 ἀλλοτρίους,
1773 483 1826 509 καὶ

1025 529 1133 564 φιλοῦσι
1156 529 1290 564 πέμματα
1316 529 1385 564 μετὰ
1410 528 1556 564 σταφίδων.
1570 526 1830 562 Καίτοιγάρ,φησὶ,

1024 575 1072 602 καὶ
1089 574 1212 602 ἀπειθεῖν
1230 575 1385 610 ἑλομένους,
1401 575 1447 601 καὶ
1465 575 1522 606 τοῖς
1542 573 1727 608 ψευδωνύμοις
1744 570 1824 600 θεοῖς

1024 619 1210 654 ἀπονέμοντας
1233 619 1283 654 τὴν
1308 619 1455 654 ἀγάπησιν,
1473 619 1519 646 καὶ
1533 618 1626 649 αὐτοῖς
1648 617 1682 644 τὰ
1703 616 1821 651 θυμήρη

1024 665 1146 701 πληροῦν
1160 665 1311 698 ἐθέλοντας,
1330 664 1360 698 ἐξ
1376 664 1498 700 ἐμφύτου
1514 662 1696 700 χρηστότητος
1719 661 1823 695 ἀγαπᾷ

1024 712 1038 738 ὸ
1052 710 1173 746 Θεὸς,ιδς
1186 711 1288 742 πάντας
1303 710 1462 747 ἀνθρώπους
1476 710 1546 737 θέλει
1562 709 1690 744 σωθῆναι,
1706 708 1753 735 καὶ
1778 707 1822 738 είς

1024 757 1171 790 ἐπίγνωσιν
1187 756 1316 791 ἀληθείας
1330 756 1427 783 ἐλθεῖν.
1443 765 1452 781 ι
1469 755 1566 782 Δίδωσι
1590 754 1618 780 δέ
1642 761 1701 784 πως
1720 753 1790 787 ἡμῖν
1806 752 1823 777 ὁ

1024 801 1070 828 τοῦ
1092 801 1159 828 Θεοῦ
1181 801 1259 835 λόγος
1281 802 1391 832 ἐννοεῖν,
1405 801 1445 827 δτι
1460 799 1530 827 κατά
1544 799 1589 826 τὸν
1603 798 1653 833 τῆς
1667 795 1821 831 ἐπιδημίας

1024 846 1121 882 καιρὸν
1132 844 1202 881 ἦσάν
1215 855 1266 872 που
1281 846 1352 881 τάχα
1367 846 1442 882 παρά
1461 845 1517 877 τοῖς
1535 843 1673 874 Ἰουδαίοις
1687 843 1820 876 ἐπαμφο-

185 893 392 920 mellitas.’l‘alia
403 893 535 927 siquidem
552 896 686 927 petnmata
699 891 866 919 daemonibus
881 891 908 918 in
925 898 968 918 sa-

1027 893 1171 929 ιερίζοντες
1184 893 1225 919 ἔτι
1241 892 1342 924 πολλοὶ,
1360 891 1408 918 καὶ
1426 890 1488 917 οὗτε
1505 891 1561 921 τοῖς
1577 889 1621 916 διὰ
1635 887 1757 917 Μωσέως
1775 885 1821 911 ἐν.

184 939 316 966 erilicium
331 938 431 966 oll‘erre
444 943 652 966 consueverant.

1023 937 1143 972 τάλμασι
1155 936 1346 971 προσκείμενοι
1370 934 1515 970 καθαρῶς·
1533 933 1595 960 οὒτε
1621 931 1675 968 μὴν
1698 929 1816 957 είσάπαι

183 980 385 1019 ἀπηλλαγμένοι
404 983 457 1010 τῶν
478 984 528 1018 τῆς
549 983 709 1019 πλανήσεως
734 983 842 1019 ῥύπων,
855 983 1056 1016 ἀποϐλέποντες
1074 983 1103 1010 δὲ
1125 982 1224 1018 μᾶλλον
1254 983 1301 1010 καὶ
1335 982 1375 1014 είς
1390 982 1468 1013 θεοὺς
1497 979 1663 1016 ἀλλοτρίους,
1702 975 1743 1009 οἷς
1767 975 1820 1003 καὶ

183 1029 315 1064 πέμματα
323 1029 460 1064 προσῆγον
471 1028 540 1063 μετὰ
548 1028 696 1062 σταφίδων,
709 1028 819 1055 πόπανά
829 1037 881 1055 που
893 1028 975 1064 τάχα,
995 1029 1043 1056 καὶ
1066 1029 1254 1064 μελιττούτας.
1287 1027 1490 1064 Προσεκόμιζον
1507 1027 1561 1061 γὰρ
1584 1026 1624 1057 είς
1644 1024 1740 1051 θυσίαν
1760 1024 1821 1053 τοῖς

183 1075 291 1110 δαίμοσι
306 1073 341 1101 τὰ
356 1074 444 1102 τοιάδε
458 1073 604 1109 πέμματα.

219 1121 299 1148 Vens.
312 1119 374 1147 2-4.
392 1119 425 1146 Et
438 1119 620 1147 conducieam
636 1120 700 1147 mihi
710 1121 860 1156 quindecim
875 1128 970 1156 argen-

184 1166 275 1198 teis,“
293 1173 384 1199 gomor
400 1165 500 1196 hordei,
517 1170 541 1191 et
561 1164 634 1192 nebel
651 1166 715 1197 uini,
733 1170 757 1192 et
770 1166 828 1192 dixi
839 1166 873 1192 ad
890 1173 947 1192 eam
960 1174 970 1194 :

185 1211 245 1238 Die:
260 1211 355 1237 mullos
368 1211 466 1237 sedebit:
488 1211 557 1244 apud
573 1218 630 1242 me;
646 1219 696 1238 non
724 1212 906 1245 fornicaben't,
923 1218 970 1239 ne-

181 1264 232 1290 que
245 1257 296 1283 erit
312 1256 366 1282 uiro
378 1255 467 1298 alteri,
481 1260 505 1282 ιι
517 1263 565 1290 ego
580 1256 652 1282 aoud
667 1261 702 1283 te.

221 1343 340 1371 XXXIII.
369 1343 491 1372 Mercede
524 1344 608 1379 igitur
638 1344 823 1373 mulierculam
844 1347 973 1375 conducit

184 1391 324 1426 propheta.
335 1389 454 1418 Cullocat
468 1394 559 1418 autent
572 1391 691 1424 domi,et
700 1399 758 1419 eam
772 1400 787 1418 a
807 1393 928 1427 nequitia
943 1400 972 1421 se

185 1436 322 1468 cohibere,
338 1435 517 1471 adulteriique
543 1436 711 1464 loeditatibus
731 1437 812 1465 linem
834 1438 973 1474 imponere

183 1480 269 1516 jubet.
285 1480 432 1508 Pollicetur
447 1487 522 1513 vero,
539 1481 560 1508 si
574 1482 608 1508 ad
632 1481 719 1516 ipsum
737 1482 823 1509 solum
841 1490 974 1511 conversa

186 1526 221 1553 ab
235 1526 287 1553 alio
304 1526 433 1553 intactam
452 1533 511 1554 sese
522 1528 733 1559 conservaverit,
751 1528 820 1562 apud
846 1529 931 1563 ipsam
947 1533 974 1557 et

186 1575 216 1596 se
227 1569 358 1600 futurum,
381 1568 434 1596 hoc
448 1573 502 1601 est,
513 1569 546 1595 ad
561 1569 668 1596 tbcrum
691 1569 857 1604 coniugalem
870 1571 974 1599 adbibi-

187 1618 287 1648 turum,
303 1619 330 1641 et
353 1621 439 1642 unum
469 1621 529 1641 cum
558 1614 616 1649 ipsa
642 1614 772 1642 futurum.
794 1615 882 1649 Inquit
901 1617 973 1644 enim

187 1659 344 1694 Scriptura:
361 1669 371 1685 ι
385 1659 467 1687 Erunt
481 1660 506 1686 bi
519 1660 574 1687 duo
586 1659 613 1687 in
621 1667 702 1688 carne
715 1668 767 1688 una
780 1661 813 1688 “.
829 1671 839 1687 ι
853 1661 921 1695 Quid
930 1670 976 1690 au-

188 1709 240 1732 tem
253 1705 310 1732 vult
322 1705 452 1740 tenigma?
466 1705 618 1733 iud-morum
631 1707 737 1734 turbam
757 1707 933 1742 incredulam,
947 1713 975 1736 et

187 1750 293 1780 Domini
318 1752 514 1784 mactatricem,
535 1751 685 1779 adulteram
710 1758 736 1779 et
757 1753 889 1788 impuram
915 1759 972 1789 post

186 1796 287 1824 Christi
314 1796 340 1823 in
371 1796 454 1823 cmlos
477 1796 592 1823 reditum
613 1799 707 1824 sedere
730 1798 817 1833 jubet,
839 1799 898 1826 sine
916 1800 975 1827 viro

187 1842 314 1877 quidem;
333 1847 520 1868 verumtamen
546 1843 597 1869 nisi
621 1843 709 1871 adhuc
726 1845 858 1872 fornicata
882 1844 973 1878 fuerit,

187 1887 239 1915 hoc
256 1892 308 1920 est,
320 1888 342 1914 si
360 1887 425 1915 deos
438 1888 540 1915 alienos
553 1897 657 1916 rursum
669 1891 758 1918 colere
773 1891 973 1924 detrectaverit,

186 1934 238 1960 sibi
247 1941 305 1959 eam
318 1940 367 1960 suo
380 1938 498 1968 tempore
509 1934 695 1968 copulaturum
707 1936 848 1970 promittit,
856 1937 974 1972 gentium

186 1979 311 2007 videlicet
327 1979 496 2007 multitudine
511 1981 585 2015 prius
598 1980 729 2016 ingressa.
737 1981 846 2010 Positus
854 1984 974 2010 estenim

186 2031 203 2051 a
220 2029 293 2059 tergo
305 2024 398 2056 Israel,
414 2025 441 2052 id
459 2030 509 2058 est,
526 2026 633 2061 sequela
650 2028 780 2061 quaedam,
791 2033 819 2054 et
829 2029 972 2063 appendix.

186 2075 214 2098 et
227 2070 254 2098 in
271 2071 426 2106 postremis.
441 2071 560 2100 Observa
584 2073 658 2106 item,
671 2081 724 2108 quo
746 2079 825 2109 pacto
848 2076 975 2110 nuptialis

1057 1119 1113 1147 Kal
1136 1119 1362 1155 ἐμισθωσάμην
1386 1119 1504 1155 ἐμαυτῷ
1531 1117 1746 1146 πεντεκαίδεκα
1766 1118 1819 1152 ἀρ-

1023 1165 1157 1201 γυρίους,
1187 1165 1236 1192 καὶ
1265 1165 1356 1200 γομὸρ
1383 1164 1501 1199 κριθῶν,
1520 1164 1571 1190 καὶ
1599 1162 1686 1190 νέϐελ
1714 1163 1819 1193 olm.

1023 1209 1155 1237 καὶεῖπα
1176 1211 1250 1244 πρὸς
1267 1211 1375 1244 αὐτὴν·
1403 1209 1526 1245 Ἡμέρας
1557 1208 1674 1241 πολλὰς
1696 1207 1821 1241 καθήσῃ

1022 1254 1070 1281 ἐπ’
1097 1254 1179 1289 ἐμοί⁹
1197 1254 1247 1281 καὶ
1263 1257 1299 1282 οὐ
1313 1254 1357 1289 μὴ
1383 1255 1564 1288 πορνεύσῃς,
1595 1253 1666 1281 οὐδὲ
1680 1253 1721 1288 μὴ
1743 1253 1820 1288 γένῃ

1022 1300 1110 1334 ἀνδρὶ
1123 1299 1222 1334 ἑτέρῳ,
1241 1300 1290 1327 καὶ
1304 1300 1362 1335 ἐγὼ
1378 1299 1427 1327 ὲὲιὶ
1441 1300 1501 1327 σοι.

1058 1347 1119 1373 AI".
1145 1345 1370 1381 Καταμισθοῦται
1401 1345 1450 1381 μὲν
1474 1343 1520 1372 οὖν
1538 1345 1569 1372 τὸ
1590 1345 1701 1379 γύναιον
1714 1345 1729 1371 ό
1747 1352 1821 1379 προ-

1025 1392 1124 1427 φήτης,
1140 1390 1249 1422 καθίζει
1261 1389 1380 1422 δὲοῐκοι,
1391 1390 1439 1416 καὶ
1463 1390 1514 1425 τῆς
1530 1390 1558 1416 ὲν
1573 1390 1630 1417 Wet
1650 1388 1820 1424 φαυλότητος

1026 1437 1194 1472 ἀποσχέσθαι
1222 1437 1339 1468 κελεύει,
1354 1438 1401 1463 καὶ
1413 1435 1467 1463 τῶν
1483 1437 1532 1472 τῆς
1560 1435 1684 1471 μοιχείας
1697 1435 1820 1470 καταλῆ-

1025 1484 1068 1518 eat
1078 1483 1233 1520 μολυσμῶν.
1252 1482 1465 1517 Ἐπαγγὲλλεταί
1476 1491 1507 1517 γε
1523 1483 1575 1518 μὴν
1591 1483 1741 1517 σωφρονεῖν
1748 1482 1820 1516 ᾑρη-

1026 1530 1105 1565 μένῃ,
1131 1529 1179 1556 καὶ
1191 1530 1231 1561 είς
1245 1529 1325 1555 αὑτὸν
1339 1528 1430 1564 ὁρώσῃ
1445 1528 1524 1564 μόνον
1540 1529 1584 1554 ἐπ’
1596 1528 1663 1563 αὐτῇ
1682 1528 1728 1554 καὶ
1737 1527 1820 1556 αὐτὸς

1024 1575 1143 1602 ἔσεσθαι.
1167 1575 1322 1606 Τουτέστιν,
1348 1573 1540 1601 οἰκειώσασθαι
1561 1573 1696 1608 γαμικῶς.
1715 1573 1762 1599 καὶ
1789 1572 1818 1598 ἒν

1025 1620 1134 1647 ἔσεσθαι
1149 1620 1217 1655 πρὸς
1229 1620 1323 1655 αὑτήν·
1340 1619 1486 1646 «Ἔσονται
1497 1620 1561 1654 γὰρ,
1583 1619 1675 1654 φησὶν,
1684 1619 1708 1645 oi
1721 1618 1768 1645 δύο
1779 1619 1819 1650 εἰς

1026 1665 1115 1701 σάρκα
1138 1665 1230 1700 μίαν.»
1245 1665 1301 1692 Καὶ
1315 1665 1341 1692 τί
1354 1664 1384 1692 τὸ
1397 1666 1529 1700 αϊνιγμας
1542 1665 1597 1700 Τὴν
1607 1665 1661 1691 τῶν
1681 1665 1818 1691 Ἰουδαίων

1026 1711 1141 1747 πληθὺν,
1157 1711 1206 1747 τὴν
1219 1711 1321 1746 ἀπειθῆ
1335 1711 1383 1738 καὶ
1403 1711 1595 1746 Κυριοκτόνον,
1607 1710 1656 1746 τὴν
1675 1711 1818 1746 μοιχαλίδα

1025 1757 1071 1784 καὶ
1087 1757 1199 1792 βέϐηλον
1225 1756 1295 1792 μετὰ
1317 1757 1348 1784 τὸ
1362 1757 1542 1792 ἀναφοιτῆσαι
1566 1757 1681 1792 Χριστὸν
1698 1758 1738 1788 είς
1755 1758 1818 1788 τοὺς

1025 1803 1184 1839 ἀνθρώπους
1199 1803 1305 1835 καθίζει
1322 1803 1398 1835 Θεὸς,
1421 1803 1549 1838 ἄνανδρον
1564 1803 1628 1838 μέν·
1650 1803 1719 1839 πλὴν
1735 1804 1758 1830 ει
1780 1804 1817 1839 μὴ

1026 1849 1200 1884 πορνιύσειεν
1209 1848 1262 1881 ἐτι,
1278 1849 1427 1880 τουτέστιν,
1443 1850 1467 1875 εἰ
1481 1849 1518 1884 μὴ
1532 1848 1634 1884 βαδίζοι
1647 1849 1728 1876 πάλιν
1747 1849 1816 1884 πρὸς

1024 1895 1054 1922 τὸ
1064 1895 1119 1922 δεῖν
1135 1895 1242 1922 ἑλέσθαι
1258 1896 1340 1931 τιμᾷν
1355 1895 1431 1927 θεοὺς
1448 1895 1604 1930 ἀλλοτρίους
1615 1915 1622 1926 ,
1640 1894 1730 1929 ἑαυτῷ
1755 1902 1816 1920 συν-

1025 1941 1104 1976 ἀψειν
1115 1941 1187 1968 κατὰ
1201 1942 1314 1977 καιροὺς
1325 1942 1532 1976 ἐπαγγέλλεται,
1549 1941 1598 1977 τῆς
1608 1940 1660 1967 τῶν
1674 1940 1758 1967 ἐθνῶν
1770 1940 1816 1976 δη-

1025 1986 1112 2013 λονότι
1131 1986 1251 2022 πληθύος
1271 1987 1544 2023 προεισκεκριμένης.
1565 1987 1690 2013 Τέθειντο
1706 1986 1761 2021 γὰρ
1777 1986 1815 2018 είς

1025 2032 1109 2059 νῶτον
1133 2033 1158 2059 οί
1172 2032 1201 2064 ἐξ
1219 2033 1342 2068 Ἰσραὴλ,
1368 2033 1501 2064 τουτέστι,
1517 2032 1750 2069 παρακολούθημα
1769 2032 1815 2058 καὶ

1025 2078 1112 2104 ὀπίσω
1127 2078 1172 2104 καὶ
1185 2079 1213 2104 ὲν
1223 2079 1278 2110 τοῖς
1287 2078 1421 2113 ἐσχάτοις.
1431 2079 1571 2114 Ἐπιτήρει
1578 2079 1616 2110 δὲ,
1625 2079 1698 2109 ὅπως
1707 2076 1814 2109 σύνοδος

187 2123 330 2151 corporum
343 2117 497 2152 conjunctio
513 2119 649 2154 prophetae
664 2127 725 2148 cum
750 2121 870 2148 adultera
882 2126 909 2148 et
924 2123 973 2149 im-

1029 2124 1077 2158 μὲν
1083 2124 1190 2158 γαμιχὴ
1201 2123 1241 2158 τῷ
1251 2124 1377 2159 προφήτῃ
1389 2124 1457 2159 πρὸς
1463 2124 1512 2159 τὴν
1520 2123 1662 2159 μοιχαλίδα
1678 2123 1725 2150 καὶ
1733 2131 1815 2158 πονη-

185 2162 270 2196 proba
286 2162 355 2189 nulla
377 2164 455 2198 plane
479 2163 581 2197 fuerit;
597 2166 728 2200 promissa
744 2174 809 2194 vero
829 2171 890 2202 post
915 2168 972 2196 dies

1027 2169 1078 2205 ράν
1096 2169 1127 2196 οὺ
1152 2168 1264 2203 γέγονεν
1279 2169 1359 2202 ὅλως,
1377 2170 1523 2205 ὑπόσχεσις
1539 2170 1567 2196 δὲ
1589 2170 1637 2196 τοῦ
1654 2171 1814 2205 πράγματος

187 2207 296 2240 multos,
313 2208 363 2236 nisi
379 2209 481 2237 interea
503 2210 599 2238 fuisset
612 2219 672 2239 cum
692 2213 751 2239 viro
765 2221 858 2240 rursus
874 2213 969 2247 altero,

186 2252 238 2280 hoc
252 2258 303 2286 est,
318 2262 348 2281 se
360 2254 385 2282 in
400 2255 550 2283 sceleribus
565 2261 592 2283 et
606 2257 804 2291 impnritatibus
817 2258 967 2286 fornicatio-

187 2298 229 2325 nis
247 2299 344 2327 animae
358 2305 519 2335 perpetratae
534 2309 587 2329 non
601 2303 822 2330 contaminasset.
839 2303 974 2338 Suscipiet

186 2345 270 2377 enim,
288 2350 318 2371 ut
336 2346 410 2378 dixi,
433 2347 576 2381 aliquando
598 2348 748 2376 adulteram
773 2349 978 2378 multitudinem‘

188 2397 301 2424 sponsus
318 2392 350 2418 de
370 2392 449 2425 cwlo,
462 2393 484 2419 si
502 2393 571 2420 idola
590 2394 681 2420 colere
696 2394 816 2422 desierit.
831 2395 893 2424 Post
908 2404 972 2424 cru-

188 2443 247 2463 cem
271 2437 342 2464 enim
370 2437 518 2467 Saivatoris
540 2440 605 2467 solis
627 2440 712 2476 Moysi
738 2441 842 2476 legibus
867 2443 973 2471 deditus

189 2486 248 2508 erat
260 2481 361 2516 Israel;
378 2482 489 2511 ﬂaceide
501 2485 607 2519 quidem
623 2490 650 2512 et
664 2487 847 2522 negligenter;
862 2496 972 2516 verum-

189 2531 279 2554 tamen
293 2528 324 2555 ad
341 2529 534 2562 pseudoiatrias
555 2531 704 2559 daemonum
721 2532 862 2562 deﬂectere
875 2541 927 2562 non
940 2535 971 2561 li-

189 2572 278 2600 hebat.
295 2574 427 2601 Caeterum
449 2583 509 2609 qua:
536 2576 604 2603 ratio
627 2577 689 2605 vitae
708 2578 840 2606 adulterio
853 2579 969 2614 polluite,

187 2618 242 2653 60
257 2624 282 2645 et
301 2619 436 2653 prophetae
449 2622 670 2650 consuetudinem
688 2627 809 2658 tempore
828 2632 877 2652 suo
897 2625 970 2652 lutu-

188 2671 246 2690 ram
260 2665 446 2698 exspectanti?
461 2670 506 2692 aut
526 2675 584 2701 qua;
598 2667 715 2701 l‘uernnt,
729 2670 826 2704 quibus
839 2671 971 2698 conducta

187 2713 240 2740 est,
254 2709 411 2736 mercedes?
429 2710 611 2744 «Quindecim,
631 2713 729 2748 inquit,
741 2716 871 2750 argentei,
886 2719 912 2743 et
923 2724 971 2750 go-

188 2761 247 2781 mor
264 2755 366 2789 hordei,
379 2761 405 2783 et
426 2757 502 2785 nebel
518 2758 580 2785 vini.
602 2769 611 2785 ι
629 2759 823 2789 Pcrseverabat
839 2762 910 2790 enim
932 2762 970 2790 ls-

223 2840 247 2858 σθ
261 2840 270 2868 1
284 2841 351 2870 Tim.
370 2852 398 2877 ιι,
418 2845 443 2873 ι.
483 2846 502 2861 θ’
523 2846 590 2874 Gen.
607 2854 637 2879 Il,
650 2847 694 2874 ‘25.

1026 2215 1095 2250 μετά
1111 2214 1212 2246 πολλὰς
1225 2215 1342 2250 ἡμέρας,
1361 2217 1385 2242 εί
1402 2215 1439 2252 μὴ
1456 2216 1534 2252 ἀνδρὶ
1547 2216 1651 2250 γένοιτο
1666 2216 1747 2242 πάλιν
1762 2215 1815 2242 ἐτέρ

1013 2276 1016 2279 ι
1024 2269 1074 2296 ρῳ,
1085 2261 1235 2294 τουτέστιν,
1246 2261 1270 2287 εἰ
1281 2261 1426 2297 ἀπόσχοιτο
1440 2261 1494 2288 τῶν
1509 2262 1559 2297 τῆς
1573 2262 1671 2297 νοητῆς
1686 2261 1814 2296 πορνείας

1020 2305 1202 2341 ἓγκλημάτων
1234 2306 1282 2333 καὶ
1313 2307 1467 2342 μολυσμῶν.
1490 2306 1646 2339 Εἰσδέξεται
1676 2305 1747 2341 γὰρ,
1778 2305 1813 2336 ὡς

1022 2350 1102 2386 ἔφην,
1119 2352 1191 2379 κατὰ
1206 2353 1319 2388 καιροὺς
1330 2353 1379 2388 τὴν
1394 2353 1535 2389 μοιχαλίδα
1557 2353 1662 2389 πληθὺν
1688 2351 1717 2384 ἐξ
1732 2352 1812 2386 οὐρα-

1023 2397 1069 2424 νοῦ
1083 2397 1209 2432 νυμφίος,
1223 2398 1254 2425 οὺ
1263 2399 1452 2434 λατρεύσασαν
1467 2399 1596 2430 εἰδώλοις.
1613 2398 1690 2425 Μετὰ
1701 2398 1756 2433 γάρ
1772 2406 1812 2424 τοι

1021 2443 1067 2470 τὸν
1084 2443 1132 2470 τοῦ
1149 2444 1275 2480 Σωτῆρος
1286 2444 1423 2481 σταυρὸν,
1450 2446 1539 2481 μόνοις
1557 2446 1614 2477 τοῖς
1626 2444 1669 2472 διὰ
1693 2443 1813 2475 Μωσέως

1022 2490 1220 2526 προσκείμενος
1239 2491 1332 2526 νόμοις
1363 2493 1377 2518 ὁ
1412 2491 1529 2528 Ἰσραὴλ,
1552 2491 1659 2527 σαθρῶς
1682 2490 1731 2524 μὲν
1760 2489 1812 2524 γὰρ

1022 2534 1082 2561 λίαν
1099 2535 1146 2562 καὶ
1175 2536 1417 2572 κατημελημένως,
1433 2537 1502 2572 πλὴν
1517 2537 1567 2564 οὐκ
1582 2536 1763 2563 ἀπονένευκεν
1775 2535 1812 2566 εἰς

1024 2581 1055 2607 τὸ
1066 2580 1173 2608 ἑλέσθαι
1188 2583 1270 2618 τιμᾷν
1283 2583 1332 2614 τὰς
1348 2583 1403 2609 τῶν
1423 2583 1569 2618 δαιμονίων
1593 2580 1811 2616 ψευδολατρείας.

1031 2627 1112 2655 Ἀλλά
1127 2628 1168 2659 τίς
1184 2629 1198 2655 ὸ
1220 2629 1319 2664 τρόπος
1336 2629 1385 2664 τῆς
1397 2629 1469 2662 ζωῆς
1483 2630 1516 2665 τῇ
1540 2627 1746 2664 μεμοιχευμένῃ
1769 2627 1813 2652 καὶ

1026 2673 1209 2709 περιμενούσῃ
1230 2675 1301 2701 κατά
1319 2675 1433 2710 καιροὺς
1450 2675 1498 2702 τοῦ
1525 2676 1666 2710 προφήτου
1686 2674 1737 2710 τὴν
1759 2682 1812 2700 κοι-

1026 2719 1142 2753 νωνίαν;
1158 2720 1174 2755 ἢ
1189 2721 1253 2746 ποῖα
1275 2721 1387 2755 γέγονεν
1400 2722 1469 2757 αὐτῇ
1489 2723 1522 2748 τὰ
1544 2720 1708 2756 μισθώματα
1719 2719 1813 2753 ςεῐιεν-

1026 2764 1181 2798 τεκαίδεκα,
1204 2766 1297 2801 φησιν,
1318 2765 1447 2803 ἀργύρια,
1463 2767 1509 2795 καὶ
1528 2767 1615 2802 γόμορ
1630 2765 1745 2802 κριθῶν,
1767 2764 1812 2792 ναὶ

1819 2899 1838 2921 Α,
