1913 3042
67 231 113 260 105

529 231 801 260 COMMENTARIUS
821 232 854 260 lN
874 234 991 263 OSEAM
1012 234 1237 265 PROPHETAM.

1644 242 1696 270 “)6

67 290 137 315 véﬁsz.
149 287 231 313 οἴνου.
252 296 262 312 ι
278 288 457 315 Amas-relaxa
472 288 526 324 γὰρ
542 290 556 316 ὁ
573 289 681 325 Ἰσραὴλ
696 290 741 317 τὸν
758 291 851 325 μεταξί

910 292 966 320 rael
978 301 1062 327 usque
1073 294 1106 320 ad
1118 299 1269 322 extremum
1282 299 1387 330 tempus
1401 297 1550 326 vocationis
1558 306 1613 327 suae
1623 303 1696 335 pasci

68 335 109 369 τῆς
127 333 246 367 ἐσχάτης
261 332 352 359 αὐτοῦ
367 333 491 368 κλήσεως
503 334 608 368 χρόνον,
626 335 748 369 ἀδοκηίμῳ
762 336 857 370 τρεφό-

67 387 140 414 μενος
161 377 245 412 λόγῳ,
269 378 321 405 καὶ
346 378 533 411 διδασκαλίαις
549 380 691 414 προσέχων
705 381 765 412 ταῖς
778 381 857 415 μυθι-

67 426 121 455 κςιῖς
145 425 193 450 καὶ
209 424 423 459 γραοπρεπέσιν
440 425 480 459 (l)
499 424 607 460 ἀληθῶς
631 426 690 457 ταῖς
709 425 763 451 τῶν
785 426 858 458 ἰδίως

66 470 235 505 καθηγητῶν.
250 470 354 504 Γέγονε
366 470 395 497 δὲ
407 470 480 506 αὐτῷ
495 471 685 507 κτηνοπρεπὴς
696 471 711 497 ὁ
726 471 793 506 βίος,
811 472 858 499 καὶ

66 517 154 547 ὁνοῦς
173 517 203 542 ὲν
221 515 294 552 μέθῃ
324 516 373 542 καὶ⁵
398 516 496 552 σκότῳ.
517 515 606 548 Τύπος
629 516 651 543 δ’
678 516 711 553 ᾁν
737 516 780 552 εῐη
810 517 857 544 καὶ

67 563 134 597 μάλα
152 561 262 597 σαφὴς,
282 561 364 596 λόγου
392 562 440 596 μὲν
453 561 644 589 διδασκαλικοῦ
660 561 691 588 τὸ
709 562 856 597 ἀργύριον,

67 610 132 636 κατὰ
146 619 178 644 γε
195 610 226 636 τὸ
236 609 283 636 διὰ
298 610 350 644 τῆς
363 609 476 636 Ἡσαΐου
492 609 583 644 φωνῆς
593 609 662 644 πρὸς
672 609 771 640 αὐτοὺς
783 610 857 644 εἰρη-

69 656 153 691 μένον·
165 664 175 681 ι
181 655 219 682 Τὸ
229 655 363 690 ἀργύριον
372 654 449 689 ὑμῶν
457 654 597 689 ἀδόκιμον,
606 654 666 680 ικαὶ
674 654 745 681 κατὰ
752 654 801 690 τὴν
809 653 855 680 τοῦ

67 701 189 736 Σωτῆρος
210 699 315 734 φωνὴν,
337 699 378 734 τῷ
398 699 508 735 πονηρῷ
518 700 564 726 καὶ
586 699 695 735 ὀκνηρῷ
710 699 795 734 δούλῳ
816 699 856 726 δι-

67 747 146 778 καίως
157 745 344 781 ἐπιτιμῶντος
366 746 412 772 καὶ
427 744 578 780 λέγοντος-4
593 745 666 772 Ἔδει
680 753 709 772 σε
723 745 815 781 βαλεῖν
826 745 857 772 τὸ

67 792 194 828 ἀργύριόν
212 801 265 826 μου
281 793 339 823 τοῖς
356 791 544 827 τραπεζίταις.
562 801 571 817 ι
588 791 693 819 Οὐκοῦν
717 791 750 818 τὸ
769 791 856 828 ἀργύ-

68 847 130 874 ριον,
139 839 171 865 τὺ
184 839 242 865 τῶν
254 833 434 865 διδασκόντων
448 837 544 873 ὲκδέξῃ
556 837 644 872 λόγον.

100 886 130 911 El
143 885 171 911 δὲ
187 885 219 919 δή
233 892 276 916 τις
289 883 377 910 ἕλοιτο
392 883 439 909 καὶ
458 883 497 914 είς
516 883 599 910 αὑτὸν
611 882 657 910 τὸν
672 882 716 909 διὰ
732 883 856 914 Μωσέως

69 931 180 958 ἀνοίσειν
193 930 288 965 νόμον,
304 928 501 955 πεντεκαίδεκα
522 926 592 956 εἶναι
611 929 704 964 φήσει,
719 928 736 964 ἣ
754 929 794 956 ὅτι
811 928 857 955 τέ-

907 345 939 365 ac
950 339 1046 365 nutriri
1063 339 1222 368 adulterinis
1236 341 1417 375 sermonibus,
1435 347 1464 369 et
1481 344 1620 372 attendere
1649 345 1697 374 do-

907 383 1003 410 ctrinis
1017 383 1146 412 fabulosis
1167 390 1195 412 et
1216 393 1279 413 vere
1300 387 1415 415 anilibus
1426 389 1618 423 magistrorum
1633 398 1698 420 suo-

907 428 1049 456 rum.Vita
1070 434 1160 457 autem
1177 430 1228 458 fuit
1245 431 1270 458 ei
1290 432 1436 460 bestiarum
1460 435 1520 462 Viue
1541 436 1648 470 similis.
1668 443 1698 466 et

907 482 983 502 meus
997 476 1071 503 ebria
1095 483 1128 504 ac
1153 478 1272 505 tenebris
1289 478 1384 507 offusa.
1401 479 1516 509 Evidens
1533 487 1612 518 typus
1633 491 1697 512 esse

907 523 1144 555 potest,sermouis
1158 522 1264 555 quidem
1283 523 1450 551 instituentis
1463 529 1694 562 argentttm,juxt:t

906 564 981 598 illud,
994 567 1064 600 quod
1084 567 1118 594 ab
1135 566 1204 594 lsaia
1218 568 1251 594 ad
1263 575 1311 596 eos
1325 568 1425 596 dictum
1440 575 1498 598 est:
1519 581 1528 598 ι
1544 572 1692 608 Argentum

906 617 1026 639 vestrum
1041 615 1185 648 reprobum
1199 614 1220 630 ⁶¹
1234 621 1258 648 ;t
1276 620 1302 642 et
1317 615 1394 650 juxta
1411 616 1520 644 verbum
1536 617 1692 652 Salvatoris.

911 664 1019 685 servum
1036 666 1150 693 nequam
1171 664 1198 686 et
1216 660 1318 694 pigrum
1335 661 1408 696 juste
1430 661 1592 697 increpantis
1607 672 1639 692 ac
1655 666 1694 692 di-

907 702 1009 729 centis:
1027 711 1037 727 ‹
1050 702 1174 737 Oportuit
1198 709 1224 731 te
1248 706 1418 734 committere
1435 712 1576 741 argentum
1602 716 1691 737 meum

907 748 1096 776 nummulariis
1109 749 1142 777 ".
1158 758 1167 775 ι
1190 749 1282 786 Itaque
1293 752 1399 786 argenti
1417 755 1525 781 nomine
1540 760 1693 782 sermonem

908 794 1062 822 docentium
1079 795 1198 830 accipies
1209 821 1218 827 ,
1511 805 1515 808 ”

945 882 1018 915 Quod
1028 883 1049 910 si
1062 884 1103 910 cui
1116 884 1245 919 placuerit
1253 884 1345 918 etiam,
1354 886 1387 914 ad
1397 885 1480 921 ipsam
1494 887 1593 923 illoysis
1605 887 1691 923 legem

908 926 1020 960 referre,
1038 928 1189 962 quindecim
1216 934 1357 964 argenteos
1377 937 1438 958 esse
1462 931 1545 964 dicet,
1562 938 1608 960 aut
1628 933 1690 968 quia

69 977 133 1008 λεῖός
146 985 176 1003 τε
195 976 264 1010 ὁμοῦ
288 975 336 1002 καὶ
354 974 452 1010 ἀτελὴς
466 975 480 1000 ὁ
495 973 586 1009 νόμος.
605 974 662 1002 Kal
678 974 779 1006 τέλειος
794 974 851 1009 μὲν,

906 970 1023 1005 perfecta
1048 972 1127 1000 simul
1149 977 1176 1000 et
1201 973 1357 1009 imperfecta
1381 981 1423 1003 est
1446 975 1508 1004 lex:
1525 982 1551 1004 et
1572 966 1689 1012 perfecta

68 1024 90 1049 εἰ
101 1023 186 1048 νοοῖτο
204 1019 399 1056 πνευματικῶς
421 1019 509 1053 (λαλεῖ
524 1019 578 1054 γὰρ
592 1020 659 1054 ὴμτν
673 1019 720 1046 τοῦ
736 1017 855 1055 Χριστοῦ

68 1067 241 1103 μυττὴριον)·
259 1066 358 1102 ἀτελὴς
367 1066 396 1092 δὲ
408 1064 453 1098 αὖ,
467 1066 490 1092 εί
502 1065 598 1101 μέχρις
611 1065 646 1092 lat
660 1064 708 1092 τοῦ
725 1065 856 1100 γράμμαο

67 1123 108 1144 τος
119 1113 174 1139 τῶν
190 1111 459 1146 παιδαγωγουμένων
471 1111 486 1137 ὸ
500 1110 572 1142 νοῦς.
587 1110 674 1137 Οίονεὶ
686 1110 740 1146 γάρ
757 1119 815 1142 πως
827 1111 856 1137 ἐν

67 1159 155 1194 ἡμίσει
174 1158 306 1193 γνώσεως
322 1158 370 1192 τῆς
386 1156 505 1192 ἱστορίας
520 1156 551 1182 τὸ
566 1157 663 1191 πάχος.
679 1156 816 1197 Συμϐολον
827 1155 856 1182 δὲ

66 1205 231 1240 τελειότητος
253 1205 268 1231 ό
293 1204 359 1230 δέκα
381 1203 456 1230 ἐστὶν
472 1202 586 1238 ἀριθμὸς
597 1222 605 1234 ,
622 1202 777 1234 παντέλειος
795 1202 833 1228 ὣν
845 1221 853 1234 ,

67 1251 132 1278 κατὰ
140 1251 182 1282 τὸ,
192 1259 202 1276 ι
214 1250 282 1276 Ἐσο
290 1249 382 1276 ἐπάνω
391 1249 456 1276 δέκα
470 1248 573 1275 πόλεων
581 1255 606 1274 Ἰ
618 1248 665 1274 καὶ
674 1248 717 1281 τὺ,
728 1256 737 1274 ι
748 1248 793 1283 Τῷ
805 1248 854 1283 μὲν

66 1297 145 1323 ἔδωκε
172 1295 256 1323 πέντε
271 1295 401 1322 τάλαντα.
417 1303 426 1320 ι
444 1295 498 1321 Τοῦ
514 1294 542 1321 δὲ
557 1293 595 1329 μὴ
617 1293 705 1326 οὕτως
729 1293 852 1328 ἔχοντος,

65 1343 139 1368 voci?
156 1341 190 1368 ἂν
207 1342 222 1368 ὁ
236 1341 329 1368 πέντε.
349 1340 404 1367 Kal.
419 1340 483 1376 γὰρ,
500 1339 537 1372 ὡς
553 1339 631 1374 ἔφην,
645 1339 673 1366 ὲν
689 1339 784 1374 ἡμίσει
799 1339 854 1367 τῶν

67 1388 137 1414 δέκα.
157 1387 195 1413 Ἢ
221 1386 270 1412 καὶ
293 1385 355 1412 καθ’
378 1385 469 1420 ἕτερον
492 1384 593 1419 τρόπον
615 1384 673 1415 τοῖς
698 1383 853 1419 εἰρημένοις

66 1432 239 1468 προσϐαλεῖς.
260 1432 291 1458 '0
306 1431 373 1458 δέκα
386 1430 432 1457 καὶ
449 1430 530 1456 πέντε
549 1428 665 1465 ἀριθμὸς
681 1428 853 1464 περιεκτικός

67 1481 120 1506 ἐστι
134 1479 188 1505 τῶν
204 1478 286 1510 ἑπτὰ,
313 1478 361 1504 καὶ
379 1477 470 1512 μέντοι
490 1477 538 1504 καὶ
564 1475 619 1502 τῶν
643 1475 725 1502 ὀκτώ.
749 1474 853 1510 Σημαί-

67 1533 136 1551 νεται
152 1524 181 1550 δέ
197 1532 258 1555 πως
280 1523 324 1550 ἀεὶ
347 1522 423 1558 παρὰ
445 1523 477 1558 τῇ
498 1521 669 1556 θεοπνεύστῳ
685 1521 791 1556 Γραφῇ,
808 1519 853 1546 διὰ

67 1571 112 1605 μὲν
126 1570 174 1596 τοῦ
189 1570 260 1596 ἑπτὰ
279 1568 389 1604 σύμπας
406 1569 420 1595 ὁ
434 1568 480 1595 τοῦ
495 1567 577 1601 νόμου
591 1567 687 1602 καιρὸς
704 1566 784 1602 μέχρι
797 1565 852 1592 τῶν

68 1616 147 1649 ἁγίων
165 1614 327 1651 προφητῶν,
339 1613 384 1641 διὰ
406 1614 452 1640 τὸν
475 1614 503 1640 ὲν
517 1613 618 1648 ἑϐδόμῃ
641 1612 832 1646 Σαόϐατισμόν
843 1619 849 1625 ·

67 1643 110 1688 ἐπὶ
122 1661 150 1687 δὲ
167 1643 216 1687 τοῦ
228 1643 310 1686 ’ὀκτὼ
321 1643 409 1685 ’πάλιν
422 1659 435 1685 ὸ
445 1659 494 1693 τῆς
507 1658 570 1689 νέας
580 1643 726 1692 διαθήκης,
743 1643 803 1682 καθ’
817 1655 852 1689 ἥν
864 1643 888 1674 c

66 1708 240 1742 ήὰνάστασις
255 1705 302 1732 τοῦ
314 1705 418 1741 Κυρίου
432 1704 509 1740 ἡμῶν
528 1702 616 1739 Ἰησοῦ
629 1702 759 1738 Χριστοῦ,
773 1709 850 1736 γενο-

69 1753 130 1788 μένη
148 1752 222 1779 κατὰ
248 1751 298 1786 τὴν
324 1751 431 1786 ὀγδόην.
446 1750 501 1776 Kal
520 1749 600 1776 τοῦτο
619 1746 696 1784 οἶμαι
709 1747 806 1783 δηλοῦν
820 1747 851 1773 τὸ

67 1798 273 1832 αἰνιγματωδῶς
285 1797 439 1832 εἰρημένον·
452 1806 460 1821 ι
472 1796 521 1827 Δὸς
537 1795 633 1830 μερίδα
645 1795 700 1826 τοῖς
715 1794 794 1826 ἑπτὰ,
804 1793 850 1820 και

67 1853 95 1878 γε
112 1845 167 1876 τιῆς
182 1843 287 1874 ὀκτὼη
306 1844 428 1870 τουτέστι
449 1842 531 1868 τόπον
549 1841 686 1876 ἐχέτωσαν
709 1839 784 1875 παρὰ
809 1839 851 1865 σοὶ

66 1891 141 1925 νόμος
157 1899 187 1916 τε
216 1890 264 1916 καὶ
277 1889 301 1915 al
317 1888 375 1924 μετ’
391 1887 471 1915 αὐτὸν
488 1888 636 1922 προφῆται,
649 1886 694 1913 τὸν
706 1887 734 1912 ὲν
748 1885 849 1920 ἑϐδόμῃ

66 1935 195 1970 «pay—.5;
215 1933 417 1968 Σαὸἅιτισμόν.
439 1933 590 1967 Ἐχέτωσαν
605 1932 634 1958 δὲ
655 1932 701 1958 καὶ
720 1932 744 1958 οἱ
766 1930 847 1962 ὀκτὼ,

65 1983 217 2013 τουτέστιν,
241 1982 267 2007 οἱ
293 1980 363 2015 μετὰ
386 1980 434 2014 τὴν
453 1979 638 2013 ἀναστάσιμον
657 1977 705 2004 τοῦ
723 1977 848 2012 Σωτῆρος

67 2029 169 2064 ήμὲρτν
196 2026 343 2054 ἀπόστολοι
364 2034 394 2051 τε
416 2025 462 2052 καὶ
485 2023 685 2058 εὐαγγελισταί.
703 2022 849 2058 Συμϐαενει

65 2073 90 2100 δὲ
110 2073 187 2099 τοῦτο
208 2072 257 2099 καὶ
270 2072 302 2098 τὺ
323 2072 368 2098 διὰ
393 2072 484 2106 φωνῆς
498 2070 545 2097 τοῦ
562 2070 701 2105 προφήτου
727 2068 850 2102 πλαγίως

66 2119 290 2155 ὑποδηλούμενον·
311 2127 321 2144 ε
339 2118 396 2144 Kal.
413 2116 606 2152 ἐγερθήσονται
619 2115 662 2142 ἐπ’
681 2115 762 2142 αὑτὸν
778 2115 848 2141 ἑπτὰ

65 2165 198 2200 ποιμένες,
217 2164 266 2191 καὶ
283 2163 357 2190 ὀκτὼ
367 2163 493 2198 δήγματα
505 2162 666 2197 ἀνθρώπων.
682 2170 691 2187 ι
714 2161 847 2196 Ἑπιλάμ-

64 2210 158 2244 ψαντος
172 2209 228 2244 γὰρ
245 2210 312 2244 ἡμῖν
327 2207 376 2234 τοῦ
393 2208 518 2243 Σωτῆρος
530 2207 609 2242 ἡμῶν
622 2206 709 2241 Ἰησοῦ
718 2206 846 2241 Χριστοῦ,

64 2254 296 2288 κατεξανέστησαν
311 2253 411 2288 τρόπον
424 2252 485 2279 τινὰ
494 2252 540 2278 τοῦ
555 2250 759 2286 παραλύσαντος
773 2251 848 2286 ἡμᾶς

64 2299 165 2326 Σατανᾶ
181 2299 284 2334 νομικά
298 2307 328 2324 τε
345 2297 393 2324 καὶ
421 2297 577 2333 προφητικὰ
592 2295 773 2346 κηρύγματαἒ
782 2297 847 2346 arro-
863 2317 885 2346 Β

65 2345 168 2380 στολική
188 2353 218 2371 τε
239 2344 393 2375 παίδευσις.
408 2343 457 2369 Διὰ
467 2343 521 2378 γάρ
528 2351 569 2369 τοι
580 2342 683 2369 τούτων
694 2341 844 2377 κατεδήχῦη

63 2392 156 2426 τρόπον
177 2391 240 2417 τινὰ
257 2390 307 2416 καὶ
325 2389 481 2424 σεσύληται.
500 2389 554 2415 Καὶ
570 2389 641 2415 κατὰ
653 2388 703 2423 τὴν
721 2388 769 2414 τοῦ
790 2389 847 2415 Σω-

63 2438 135 2472 tam;
153 2437 247 2472 φωνὴν
272 2436 428 2471 διηρπάσθη
449 2435 484 2462 τὰ
506 2434 590 2470 σκεύη
608 2435 704 2466 αὐτοῦ,
727 2434 777 2470 τῆς
800 2434 845 2461 ὑπ’

63 2483 130 2518 αὐτῷ
152 2483 276 2513 δουλείας
296 2481 534 2516 ὲκπεφοιτηκότων
557 2481 611 2507 τῶν
630 2480 847 2516 πεπλανημένων

63 2529 131 2560 ποτὲ,
138 2529 185 2555 καὶ
196 2528 243 2554 τὸν
250 2527 287 2562 qui
292 2536 333 2553 σει
343 2527 390 2554 καὶ
403 2527 509 2562 ἀληθῶς
520 2526 596 2559 Θεὸν,
609 2526 718 2553 καὶτῶν
727 2526 794 2553 ὅλων
800 2527 845 2553 δε-

63 2574 158 2609 σπότην
167 2573 378 2608 ὲπεγνωκότων.
388 2572 491 2599 Οὐκοῦν
499 2581 509 2597 ι
521 2571 707 2606 ἐπανέστησαν
717 2571 765 2606 μὲν
771 2571 845 2607 αὐτῷ

63 2620 184 2655 ποιμένες
199 2619 339 2650 ἑπτὰ,καὶ
354 2618 426 2645 ὀκτὼ
440 2618 565 2653 δήγματα
574 2617 734 2653 ἀνθρώπων,
747 2627 756 2644 ι
768 2626 846 2644 τουτ-

62 2665 139 2698 ἐστιν,
148 2666 174 2692 οἱ
188 2665 242 2700 πρὸ
259 2664 310 2699 τῆς
328 2664 482 2699 ἐπιδημίας,
497 2663 544 2690 καὶ
561 2663 588 2689 οἱ
597 2662 667 2698 μετὰ
676 2663 725 2698 τὴν
737 2663 844 2698 ὀγδόην,

61 2711 100 2738 διὰ
112 2711 234 2746 νομικῶν
251 2718 281 2736 τε
304 2710 354 2737 καὶ
368 2709 435 2736 νέων
451 2709 623 2744 γραμμάτων
644 2708 791 2741 καλοῦντες
804 2709 845 2740 εἰς

906 1017 1026 1052 quidem,
1044 1019 1066 1045 si
1088 1019 1262 1053 spiritualiter
1285 1020 1451 1056 intelligatur
1464 1022 1593 1057 (loquitur
1617 1024 1689 1052 enim

907 1062 983 1089 nobis
991 1063 1090 1091 Christi
1106 1065 1283 1100 mysterium);
1295 1065 1462 1101 imperfecta,
1470 1068 1492 1096 si
1510 1076 1586 1096 mens
1596 1077 1688 1097 eorum

906 1108 951 1143 qui
969 1116 999 1136 ea
1023 1109 1212 1142 instituuntur,
1225 1110 1293 1138 ultra
1335 1112 1452 1140 litteram
1471 1120 1522 1140 non
1541 1116 1687 1150 procedat;

905 1154 1060 1182 velutenim
1079 1156 1219 1183 dimidium
1235 1157 1398 1192 cognitionis
1414 1158 1535 1186 hist0rire
1550 1161 1690 1188 crassitics

905 1200 1018 1228 obtinet.
1040 1199 1195 1237 Symbolum
1211 1210 1293 1237 porro
1307 1203 1479 1238 perfectionis
1495 1205 1621 1234 denarius
1647 1213 1690 1234 est

905 1252 1044 1278 numerus,
1061 1246 1139 1282 longe
1158 1247 1382 1282 perfectissimus,
1401 1248 1477 1280 juxta
1496 1249 1558 1277 illud
1574 1259 1580 1276 :
1601 1260 1610 1276 ι
1627 1252 1689 1278 Esto

904 1298 987 1327 super
1002 1291 1094 1319 decem
1108 1293 1231 1320 civitates
1239 1293 1289 1326 θδςι
1305 1298 1332 1320 et
1349 1294 1412 1321 illini
1426 1304 1432 1322 :
1453 1295 1501 1323 «Et
1519 1296 1563 1324 alii
1580 1299 1687 1332 quidem

904 1336 977 1364 dedit
991 1337 1108 1373 quinque
1122 1338 1221 1366 talenta
1236 1339 1276 1373 ";
1290 1348 1301 1365 ι
1322 1339 1366 1367 ubi
1385 1348 1433 1374 per
1446 1341 1597 1376 quinarium
1618 1345 1687 1378 quod

903 1388 990 1416 secus,
1008 1390 1055 1410 seu
1081 1383 1268 1418 imperfectum
1287 1390 1328 1412 est
1347 1385 1496 1421 intelligere
1518 1387 1591 1415 licet.
1608 1389 1686 1422 Nam.

903 1431 933 1454 ut
947 1428 1079 1462 dicebam,
1096 1429 1233 1457 dimidium
1250 1430 1340 1458 decem
1350 1436 1414 1458 sunt
1425 1432 1559 1466 quinque;
1577 1439 1622 1462 aut
1636 1435 1688 1461 alio

903 1474 983 1500 modo
998 1473 1070 1501 dicta
1087 1474 1253 1509 explanabis.
1275 1476 1433 1509 Quindecim
1447 1485 1577 1507 nutriet-us
1588 1484 1630 1507 est
1644 1488 1688 1508 se-

903 1525 974 1553 ptem
987 1525 1083 1548 etocto
1094 1522 1245 1549 continens.
1256 1521 1428 1557 Significatur
1439 1529 1527 1552 autem
1540 1532 1608 1560 pene
1617 1534 1690 1554 seu:-

903 1573 950 1600 per
967 1566 993 1592 in
1009 1566 1098 1594 divina
1108 1567 1247 1602 Scriptura
1263 1575 1310 1603 per
1320 1573 1422 1603 septem
1439 1574 1524 1597 totum
1541 1570 1608 1606 legis
1620 1576 1687 1599 tem-

903 1618 961 1646 pus,
981 1619 1066 1646 usque
1078 1613 1111 1639 ad
1123 1618 1232 1641 sanctos
1253 1615 1411 1649 prophetas,
1426 1621 1538 1650 propter
1556 1616 1685 1644 Sabhati-

902 1664 1048 1690 smum,seu
1061 1658 1181 1693 quietem
1198 1660 1241 1687 die
1251 1660 1365 1695 septima
1377 1660 1410 1688 ⁸⁸.
1437 1661 1549 1695 Contra,
1564 1670 1611 1696 per
1625 1668 1687 1690 octo

902 1702 943 1729 lex
961 1704 1020 1730 novi
1039 1705 1204 1737 testamenti,
1216 1706 1242 1732 in
1260 1713 1313 1740 quo
1327 1706 1490 1734 resurrectio
1514 1707 1620 1735 Domini
1639 1716 1687 1735 no.

901 1749 949 1776 stri
960 1748 1022 1776 Jesu
1038 1749 1139 1777 Christi
1151 1751 1195 1778 die
1207 1756 1301 1779 octavo
1315 1752 1434 1786 contigit.
1447 1752 1536 1788 Atque
1550 1753 1601 1781 hoc
1620 1755 1686 1782 mihi

901 1794 1007 1835 videtur
1020 1794 1098 1828 velle,
1111 1795 1181 1830 quod
1195 1796 1341 1824 invotutius
1356 1797 1457 1825 dictum
1472 1803 1531 1827 est:
1547 1808 1558 1825 ι
1573 1799 1610 1828 Da
1627 1807 1686 1835 par-

902 1832 954 1867 tem
970 1845 1072 1875 septem
1086 1845 1112 1868 et
1127 1846 1188 1869 octo
1202 1842 1235 1874 ⁸⁷,
1247 1851 1258 1867 ο
1276 1843 1326 1870 hoc
1338 1848 1390 1875 est,
1406 1842 1492 1871 locum
1506 1845 1577 1879 apud
1596 1832 1685 1873 te-ha-

901 1885 982 1913 beant
998 1891 1025 1913 et
1048 1886 1103 1917 lex,
1116 1891 1145 1914 et
1154 1888 1201 1922 qui
1224 1893 1284 1921 post
1306 1895 1365 1915 eam
1387 1893 1520 1916 venerunt.
1536 1891 1684 1924 prophetae.

900 1931 1004 1966 septimi
1019 1931 1070 1959 diei
1089 1931 1287 1960 Sabbatismum
1302 1933 1476 1962 lmnorantes.
1503 1933 1625 1962 Habeant
1637 1943 1685 1963 au-

901 1981 954 2004 tem
967 1980 1071 2012 partem
1083 1982 1109 2005 et
1121 1982 1193 2012 octo,
1207 1978 1251 2013 qui
1263 1984 1325 2014 post
1337 1979 1559 2007 resurrectionem
1573 1982 1669 2008 exstiti:
1678 1997 1684 2002 -

900 2026 962 2048 runt
974 2022 1087 2057 apostoli
1101 2028 1128 2050 et.
1141 2023 1322 2058 evangelista.
1340 2023 1397 2051 lluc
1412 2025 1493 2051 etiam
1517 2026 1580 2053 illud
1600 2027 1683 2060 perti-

899 2072 956 2099 net,
983 2068 1052 2102 quod
1069 2075 1116 2103 per
1138 2076 1169 2096 os
1190 2069 1327 2103 propheta:
1349 2069 1481 2098 occultius
1500 2071 1683 2106 significatum

899 2117 954 2141 est:
972 2123 982 2140 ι
993 2113 1026 2140 Ει
1041 2119 1205 2149 consurgent
1217 2122 1296 2149 super
1310 2123 1372 2142 cum
1391 2121 1494 2150 septem
1509 2122 1640 2154 pastores,
1656 2123 1685 2146 et

899 2164 960 2188 octo
973 2168 1077 2188 morsus
1090 2161 1227 2188 hominum
1244 2161 1278 2189 ".
1293 2170 1302 2187 ι
1318 2161 1461 2196 Postquam
1474 2164 1545 2190 enim
1561 2165 1638 2192 nobis
1650 2165 1684 2191 il-

899 2206 966 2234 luxit
992 2205 1115 2234 Salvator
1135 2212 1226 2234 noster
1246 2206 1326 2235 Jesus
1347 2208 1481 2240 Christus,
1497 2214 1591 2237 contra
1605 2210 1684 2238 Sata-

899 2261 973 2285 nam,
984 2254 1028 2288 qui
1048 2261 1096 2281 nos
1109 2258 1298 2286 eacrvaverat,
1311 2255 1446 2288 prmconia
1467 2263 1514 2283 seu
1530 2256 1599 2283 dicta
1615 2257 1685 2292 lega-

899 2298 1008 2335 lia,61
1022 2304 1049 2326 et
1061 2299 1227 2333 prophetica,
1246 2299 1437 2334 institutioque
1461 2301 1609 2335 apostolica
1634 2303 1685 2329 llll~

898 2351 952 2378 quo
963 2343 1042 2370 modo
1053 2344 1268 2371 insurrexerunt.
1280 2344 1331 2372 l‘er
1345 2345 1401 2372 haec
1412 2345 1484 2372 enim
1499 2352 1605 2374 morsus
1618 2354 1684 2381 qua-

899 2390 959 2417 dam
981 2389 1085 2417 ratione
1101 2395 1128 2417 et
1142 2389 1272 2424 spoliatus
1286 2395 1338 2422 est,
1352 2394 1380 2418 et
1389 2389 1464 2424 juxta
1478 2397 1570 2417 vocem
1588 2391 1683 2419 Salva-

899 2435 966 2463 toris
977 2435 1081 2469 direpta
1100 2443 1163 2462 vasa
1184 2435 1244 2470 ejus
1256 2436 1290 2469 °',
1302 2443 1364 2463 cum
1375 2435 1478 2463 seducti
1493 2436 1556 2463 olim
1568 2443 1584 2464 e
1598 2438 1683 2464 servi-

900 2485 955 2507 tute
980 2479 1037 2513 eius
1066 2480 1150 2514 elapsi
1164 2487 1239 2514 sunt,
1256 2485 1407 2516 tiaturaque
1420 2485 1447 2508 et
1468 2488 1530 2509 vere
1543 2481 1637 2512 Deum,
1655 2490 1682 2507 t‘l.

898 2526 1084 2553 universorum
1106 2525 1249 2553 Dominum
1267 2530 1444 2559 agnoverunt.
1459 2526 1548 2559 Quare
1568 2535 1577 2551 ι
1592 2526 1680 2553 insui-

897 2574 1025 2598 rexerunt
1047 2570 1072 2597 in
1093 2570 1167 2597 illum
1181 2575 1303 2605 pastores
1320 2576 1432 2606 septem,
1448 2576 1474 2599 et
1487 2576 1548 2599 Octo
1573 2579 1680 2599 morsus

896 2617 1047 2649 hominum,
1060 2616 1130 2644 tboc
1141 2621 1192 2650 est,
1208 2617 1254 2651 qui
1273 2621 1336 2644 ante
1351 2619 1506 2652 adventura,
1520 2621 1546 2644 et
1562 2618 1606 2652 qui
1621 2623 1682 2652 post

896 2668 1018 2691 octavam
1033 2663 1149 2697 fuerunt,
1169 2671 1216 2698 per
1231 2663 1330 2698 legales
1342 2667 1370 2690 et
1385 2671 1470 2690 novas
1484 2664 1634 2698 scripturas
1645 2667 1678 2692 ad

897 2709 1011 2737 salutem
1025 2713 1154 2737 vocantes
1168 2709 1213 2744 qui
1228 2713 1398 2736 erraverunt.
1422 2708 1523 2735 Allixus
1538 2717 1603 2744 ergo
1623 2717 1681 2736 ma-

93 2809 114 2824 "
133 2808 182 2836 lsa.
201 2817 222 2839 ι,
237 2808 284 2836 τε,
324 2807 347 2822 ⁸³
361 2806 455 2843 litauit.
468 2806 593 2843 _x_xv,27.
632 2805 735 2843 “time.
758 2814 812 2838 χιχ,
834 2807 846 2833 l

916 2808 939 2824 "
959 2808 1052 2836 Matth.
1074 2816 1137 2841 xxv,
1159 2809 1199 2836 l5.
1236 2809 1259 2823 ⁴¹⁶
1278 2808 1335 2836 Exn
1359 2827 1366 2835 .
1383 2815 1438 2840 xvt,
1460 2808 1505 2834 26.
1544 2807 1566 2823 ⁸⁷
1584 2806 1688 2843 Εοοισ.ξ

60 2850 96 2875 x1,
111 2843 138 2871 2.
176 2844 199 2859 ⁸³
218 2843 300 2870 Mich.
320 2850 346 2874 ν,
363 2842 390 2868 5.
428 2842 449 2857 ⁶⁹
467 2840 560 2868 Matth.
580 2849 627 2872 xu,
643 2840 686 2867 29.

93 2933 130 2969 (l)
144 2932 189 2960 Sic
205 2939 254 2967 pro
273 2931 350 2959 edito
368 2930 572 2965 πραοπρεπέσιν
586 2930 775 2964 corrigendum
790 2937 850 2958 mon

903 2927 1043 2957 Iotelerius
1057 2927 1174 2955 Monum.
1194 2926 1266 2956 Eccl.
1282 2927 1328 2955 Gr.
1345 2926 1376 2960 ll,
1393 2927 1454 2954 634.
1469 2927 1530 2955 Ent-

216 2978 356 3009 PATROL.
381 2975 440 3005 Gtt.
465 2975 572 3008 LXXI.

1630 2962 1658 2974 α

1501 2970 1519 3002 4
