1913 3042
212 219 264 248 107

707 211 737 240 8.
758 210 895 240 εγιιιιιιιι
917 210 1150 238 ALEXANDRINI
1171 210 1330 239 AﬂClilEP.

1787 209 1839 238 105

212 278 293 304 nebat
306 273 430 306 lsrael,ut
441 272 649 304 docni,suornm
665 271 856 306 magistrorum
869 270 993 298 adulteri-

1052 270 1187 306 σωτηρίαν
1203 271 1265 302 τοίις
1297 270 1532 305 πεπλανημένους.
1549 269 1723 296 Διατετέλεκε
1747 266 1840 294 τοίνυν

212 323 256 349 nis
275 320 462 351 vocibus;scu
477 317 547 344 nuda
570 317 658 344 littera
681 316 856 351 pascebatur,
872 317 998 350 quamvis

208 372 235 394 et
253 366 296 393 illa
320 372 380 400 qua:
402 368 506 392 octava:
527 368 599 396 sunt,
616 363 668 390 hoc
680 367 732 394 est,
745 361 846 390 Christi
869 361 997 396 mysteria

207 412 444 447 roniplecterctur.
457 409 533 443 Quod
551 414 641 436 autem
655 409 740 442 egerit
757 408 838 434 vitam
852 406 995 442 pecudum.

206 464 231 486 et
257 458 290 484 ad
303 456 423 483 carnalia
450 455 540 482 solum
562 455 758 489 propenderit.
781 451 998 480 commodissime

208 502 400 534 subindicavit,
424 502 495 536 quod
509 501 599 527 datum
614 504 656 527 est
673 499 803 527 hordeum
822 497 949 525 adultera:
964 496 996 524 ad

209 549 377 576 alimoniam.
398 547 447 575 Est
459 547 532 574 enim
555 547 630 574 cibus
646 544 794 579 pecudibus
812 543 994 574 conveniens;

208 594 349 623 ebrietatis
364 594 461 622 deinde
484 598 546 620 nota
570 592 660 619 vinum
678 598 739 618 esse
760 589 871 624 poterit.
890 588 995 616 Dictum

209 645 250 668 est
266 645 357 668 autem
373 641 405 667 ad
419 647 483 668 eos:
500 648 509 665 ‹
521 639 621 666 Anditu
636 637 761 667 audietis.
783 641 810 663 et
824 642 877 662 non
899 634 996 661 intelli-

209 687 290 722 getis,
304 686 465 714 euidentes
481 685 618 716 videbitis,
631 688 657 711 et
669 691 723 710 non
737 682 863 709 videbitis
876 681 911 713 "°,
927 689 936 706 ι
950 680 995 715 qui

209 738 273 760 sunt
286 732 374 760 morbi
382 732 551 760 ebriosorum
569 735 596 758 et
612 728 808 764 crapuiantium
824 726 936 760 vitia,ut
950 734 997 753 ne-

208 787 262 814 que
285 779 394 806 videant
420 777 552 809 videntes,
569 782 657 810 neque
682 773 824 803 audientes
849 772 995 807 quidquam

208 824 313 860 possint
326 823 495 858 intelligere;
515 821 562 849 sed
580 824 696 848 mentem
721 818 795 847 velut
817 818 994 846 incrassatam

208 875 235 898 et
246 870 377 898 caecitatis
393 869 499 904 plenam
515 866 643 894 habeant.

1048 318 1062 343 ὸ
1082 317 1201 352 Ἰσραὴλ,
1223 317 1261 348 ὡς
1280 315 1358 351 ἔφην,
1374 317 1433 347 ταῖς
1451 315 1590 350 ἀδοκίμοις
1605 315 1660 342 τῶν
1677 314 1752 341 ίδίων
1765 313 1839 340 διδα-

1049 363 1155 391 σκάλων
1177 363 1290 398 φωναῖς,
1311 363 1369 397 ἦτοι
1385 361 1455 397 ψιλῷ
1479 361 1518 397 τῷ
1542 361 1648 396 νομικῷ
1669 359 1840 396 τρεφόμενος

1048 410 1208 444 γράμματι,
1240 408 1328 435 καίτοι
1366 408 1519 443 περιέχοντι
1556 407 1603 434 καὶ
1633 406 1668 434 τὰ
1703 407 1753 441 τῆς
1790 405 1836 438 ὀγ-

1048 454 1121 489 δόης,
1141 453 1275 485 τουτέστι,
1300 453 1333 480 τὰ
1356 453 1476 488 Χριστοῦ
1500 453 1648 488 μυστήρια.
1671 452 1732 478 Ὅτι
1747 451 1775 477 δὲ
1794 452 1837 477 καὶ

1048 498 1240 534 κτηνοπρεπὴς
1254 499 1267 525 ὁ
1279 498 1334 534 βίος
1347 498 1432 534 αὐτῷ,
1445 498 1493 525 καὶ
1506 498 1572 532 πρὸς
1587 498 1655 533 μόνα
1667 497 1702 524 τὰ
1715 496 1840 532 σαρκικὰ

1047 546 1217 572 δια-νένευκεν
1232 564 1239 577 ,
1268 545 1429 579 ὑποφήνειεν
1455 543 1488 570 ἂν
1511 542 1540 571 εὖ
1569 543 1662 578 μάλα,
1687 542 1718 570 τὺ
1739 541 1840 578 κριθὴν

1046 591 1211 626 δεδόσθαιτῇ
1240 590 1373 626 μοιχαλίδι
1400 590 1469 624 πρὸς
1494 589 1612 625 τροφήν.
1641 588 1838 623 Κτηνοπρεπὶς

1047 639 1101 674 γὰρ
1118 638 1148 665 τὸ
1162 638 1274 672 ἔδεσμα,
1294 637 1378 672 μέθης
1393 637 1414 663 δ’
1425 636 1458 663 ἂν
1471 635 1577 670 γένοιτ)
1591 636 1712 671 σημεῖον.
1723 635 1838 668 Εἴρηται

1046 684 1073 710 δὲ
1091 683 1159 719 πρὸς
1175 683 1285 715 αὐτούς·
1305 693 1314 709 ι
1333 683 1415 718 Ἀκοῇ
1430 683 1579 713 ἀκούσετε,
1597 681 1645 708 καὶ
1670 681 1699 708 οὺ
1717 681 1755 715 μὴ
1780 689 1838 705 συν-

1045 730 1094 765 ῆτε
1105 737 1112 744 ·
1130 730 1178 756 καὶ
1187 729 1331 765 βλέποντες
1341 728 1465 764 βλέψετε,
1476 728 1523 756 καὶ
1532 728 1563 754 οὺ
1579 728 1616 764 μὴ
1634 727 1717 762 ἴδητε.
1725 737 1734 752 ι
1743 725 1837 753 Ταῦτα

1045 774 1074 801 δέ
1085 777 1144 802 ἐστι
1160 774 1314 810 μεθυόντων
1329 773 1414 808 πάθη,
1430 774 1478 800 καὶ
1498 772 1724 808 κραιπαλοὺντων
1740 771 1838 806 ἐγκλή-

1047 830 1131 856 ματα,
1147 821 1178 847 τὸ
1197 821 1265 856 μήτε
1282 820 1349 856 ὸρᾷν
1366 820 1498 856 ὁρῶντας,
1523 819 1592 854 μήτε
1609 817 1757 848 ἀκούοντας
1772 825 1836 842 συν-

1047 866 1114 894 ιέναι
1128 866 1258 894 δύνασθαι
1274 874 1316 893 τι·
1337 866 1536 901 πεπαχυμένην
1552 865 1581 891 δὲ
1602 864 1707 900 ὥσπερ,
1721 864 1769 891 καὶ
1785 872 1838 890 πω-

1046 912 1157 949 ρώσεως
1172 912 1388 947 μεμεστωμένην
1401 911 1449 946 τὴν
1465 911 1583 938 διάνοιαν
1595 910 1674 945 ἔχειν.

244 959 326 987 Vens.
342 958 400 990 ιβ.
419 956 488 990 Quia
512 956 602 983 diebus
626 955 716 982 multis
735 953 859 981 sedebant
881 951 931 986 [itii
947 951 992 979 Is-

1080 958 1158 985 Διότι
1173 957 1283 992 ἡμέρας
1303 956 1422 990 πολλὰς
1444 956 1630 990 χαρήσονται
1654 957 1681 983 ol
1697 955 1754 983 viai
1778 956 1837 982 Ἰσ-

208 1007 286 1039 rael,
311 1013 363 1032 non
382 1005 525 1031 emittente
555 1009 624 1037 rege,
647 1009 728 1036 neque
756 1000 874 1035 principe
912 1006 993 1033 neque

207 1053 350 1082 exsistente
366 1049 508 1084 sacriﬁcia,
531 1056 612 1083 neque
627 1048 764 1074 resistente
783 1045 862 1072 altari
878 1064 886 1077 ,
912 1052 993 1079 neque

207 1097 368 1130 sacerdotio,
387 1102 467 1130 neque
480 1093 639 1128 manifestis.
652 1091 687 1118 Et
700 1095 757 1126 post
770 1090 824 1118 ha-c
835 1093 994 1117 revertentur

208 1145 260 1180 ﬁlii
275 1142 372 1175 Israel,
389 1145 413 1169 et
429 1144 546 1176 emerent
574 1138 718 1165 Dominum
744 1136 828 1164 Deum
856 1143 945 1167 suum,
968 1140 993 1162 et

210 1189 295 1217 David
313 1195 398 1223 regem
425 1193 512 1219 suum,
529 1188 552 1211 et
569 1183 708 1217 stupebant
721 1182 749 1209 in
777 1181 903 1212 Datiano,
921 1183 945 1206 et
965 1179 993 1206 in

208 1235 282 1262 bonis
299 1234 355 1269 ejus
372 1233 399 1259 in
412 1230 551 1258 nouissimo
565 1229 691 1256 dierum.’

245 1320 364 1351 XXXIV.
378 1321 478 1356 Aperta
501 1318 666 1352 minimeque
682 1315 761 1343 dubia
774 1313 908 1350 sequitur,
921 1317 949 1339 ut
966 1312 994 1340 in

209 1371 265 1402 his,
282 1367 431 1396 declaratio
439 1363 633 1400 assuniptiouis
646 1361 778 1390 adulterae
791 1359 994 1393 mansionisque

207 1415 280 1444 domi
305 1414 401 1441 diebus
433 1411 543 1443 multis,
567 1410 655 1437 donec
676 1407 812 1443 propheta
841 1405 910 1440 apud
933 1411 994 1432 eam

208 1465 292 1494 esset.
307 1459 446 1494 Scriptum
456 1461 498 1485 est
511 1455 620 1492 quidem
636 1454 673 1482 ita
687 1461 695 1487 ;
710 1455 757 1481 sed
768 1452 839 1488 quod
852 1451 993 1487 agebatur,

209 1506 358 1536 delineatio
385 1511 432 1531 seu
450 1501 623 1530 adumbratio
636 1500 760 1535 quaedam
772 1502 833 1526 erat
841 1496 909 1532 ejus.
922 1496 994 1530 quod

209 1551 345 1581 adulterio
362 1550 519 1578 deformatus
533 1546 688 1575 Iudaeorum
700 1545 849 1581 Synagogte
872 1543 994 1578 aliquan-

208 1600 244 1626 do
281 1601 442 1625 cventumm
471 1598 542 1622 erat.
574 1592 756 1627 Posteaquam
790 1591 862 1618 enim
887 1588 994 1617 Domini

209 1643 296 1672 nostri
315 1641 379 1669 Jesu
394 1639 496 1668 Christi
507 1642 603 1672 sponte
620 1643 669 1665 sua
681 1643 791 1664 crucem
809 1642 859 1670 pro
871 1633 992 1662 omnium

208 1689 296 1717 salute
311 1686 436 1724 pertulit.
456 1683 631 1712 debacchatis
647 1682 673 1710 in
685 1682 759 1710 illum
771 1681 914 1714 lsraelitis,
928 1684 993 1707 tunc

208 1743 303 1764 eorum
318 1733 428 1769 regione
439 1731 472 1758 ad
484 1730 638 1758 vastitatem
653 1728 776 1761 redacta,
793 1727 871 1762 quasi
885 1726 918 1754 ad
934 1733 994 1754 0m-

209 1788 271 1809 nem
285 1784 412 1810 ventum,
441 1784 488 1805 seu
516 1775 608 1803 mundi
638 1773 767 1809 angulum
796 1772 992 1808 profugerunt.

210 1826 301 1862 Usque
312 1825 392 1852 hodie
405 1827 497 1851 autem
511 1821 591 1849 otiosi
604 1825 666 1848 sunt
681 1819 752 1855 quod
767 1819 802 1847 ad
826 1818 913 1853 legem
932 1811 1007 1845 atti-'

208 1877 279 1904 net,
302 1870 468 1898 inﬂammato
491 1867 599 1901 quidem
621 1865 721 1900 templo
743 1863 970 1899 Jerosolymitano
984 1881 994 1894 ,

207 1923 303 1946 everso
322 1914 413 1948 altari,
440 1913 545 1941 sublato
561 1910 708 1942 sacriﬁcio,
732 1913 760 1937 et
774 1912 889 1936 vacante
902 1915 994 1935 sacer-

208 1962 293 1994 dotio,
310 1968 360 1988 nec
372 1957 567 1994 apparentibus
578 1955 694 1991 amplius
706 1954 860 1982 manifestis
871 1953 906 1980 ".
922 1952 990 1980 Nam

208 2016 270 2036 cum
285 2015 338 2036 non
358 2011 430 2034 esset
442 2011 564 2033 summus
585 2002 712 2031 sacerdos
726 2001 782 2037 62
801 2007 850 2036 pro
864 1999 994 2035 dignitate

207 2052 368 2082 sacerdotali
383 2051 530 2080 secundum
553 2050 639 2085 legem
653 2048 775 2076 vestibus
789 2050 913 2080 ornatus,
927 2052 994 2080 quo-

209 2098 289 2127 tnodo
301 2098 358 2132 jam
375 2095 535 2124 manifestos
560 2095 653 2121 videre
671 2092 771 2120 licebat
788 2091 801 2119 ἲ
825 2091 876 2125 Qui
903 2095 993 2118 autem

207 2144 281 2179 δῆλοι
297 2142 407 2178 putandi
420 2143 486 2174 sint,
498 2141 584 2173 novit,
598 2139 692 2172 credo,
708 2138 830 2166 discendi
843 2137 992 2168 studiosus;

209 2190 327 2217 breviter
342 2195 487 2223 suggerere
504 2194 558 2214 non
575 2185 629 2213 erit
652 2185 701 2212 abs
719 2192 759 2212 re.
773 2184 887 2218 Quando
903 2183 937 2210 ad
953 2190 993 2209 sa-

206 2236 325 2263 cerdotis
338 2240 464 2262 ornatum
482 2232 646 2269 pertinentia
673 2231 731 2258 ﬁeri
758 2231 833 2258 Deus
853 2230 994 2258 universo-

207 2289 266 2310 rum
277 2281 372 2317 jussit,
384 2285 480 2308 sancto
493 2278 578 2313 Moysi
592 2278 658 2305 dicit
673 2284 680 2304 :
699 2286 708 2303 ι
725 2277 758 2305 Et
768 2277 852 2305 iacies
863 2276 994 2304 rationale

1040 1002 1133 1037 ραὴλ,
1149 1003 1205 1030 οὐκ
1216 1001 1303 1035 ὄντος
1310 1001 1475 1035 βασιλέως,
1493 1001 1564 1029 οὐδὲ
1580 1002 1667 1034 ὄντος
1679 1001 1835 1036 ἄρχω-τος,

1043 1048 1115 1075 οὐδὲ
1141 1048 1238 1082 οὔσης
1261 1049 1382 1081 θυσίας,
1407 1047 1478 1075 οὐδὲ
1496 1047 1585 1080 ὄντος
1608 1047 1835 1081 θυσιαστηρίου,

1043 1094 1115 1122 οὐδὲ
1130 1094 1286 1129 lupata-lac,
1298 1094 1370 1122 οὐδὲ
1388 1094 1499 1128 δήλων,
1512 1093 1561 1121 καὶ
1581 1093 1654 1128 μετά
1666 1093 1759 1120 ταῦτα
1774 1093 1837 1119 ἐπι-

1043 1140 1231 1175 στρέφουσιν
1247 1141 1273 1167 οἱ
1293 1140 1352 1168 υιοὶ
1375 1139 1510 1173 Ἰσραὴλ,
1535 1139 1583 1166 καὶ
1600 1139 1836 1173 ἐπιζητήσουσιν

1043 1187 1152 1220 Κύριον
1162 1186 1217 1213 τὸν
1236 1185 1310 1213 Θεὸν
1330 1186 1440 1220 αὐτῶν,
1459 1186 1508 1213 καὶ
1526 1185 1616 1213 Δαὸὶδ
1632 1186 1685 1213 τὸν
1701 1186 1837 1219 βασιλέα

1043 1231 1153 1263 αὐτῶν,
1174 1232 1223 1258 καὶ
1238 1231 1440 1266 ἐκστήσονται
1460 1231 1509 1258 ἐπὶ
1531 1231 1572 1264 τῷ
1592 1231 1690 1265 Κυρίῳ
1703 1251 1710 1264 ,
1722 1231 1772 1258 καὶ
1785 1232 1835 1258 ἐπὶ

1043 1277 1106 1310 τοῖς
1129 1277 1250 1312 ἀγαθοῖς
1271 1278 1364 1305 αὑτοῦ
1385 1278 1432 1305 ἐπ’
1457 1277 1597 1312 ἐσχάτων
1623 1276 1683 1305 τῶν
1705 1277 1835 1312 ἡμερῶν.

1079 1323 1139 1350 AA’.
1161 1323 1253 1359 Σαφὴς
1283 1324 1330 1350 καὶ
1345 1323 1537 1358 ἀναμφιλόγως
1556 1323 1657 1358 ἔχουσα
1679 1321 1782 1356 λοιπὸν,
1798 1322 1837 1354 ὡς

1044 1368 1073 1396 ἐν
1082 1377 1114 1403 γε
1128 1368 1160 1405 δὴ
1174 1370 1290 1401 τούτοις,
1304 1370 1320 1404 ή
1337 1369 1453 1404 δήλωσις
1461 1364 1507 1395 τοῦ
1518 1369 1568 1404 τὴν
1586 1369 1726 1405 μοιχαλίδα
1738 1377 1837 1403 παρει-

1044 1412 1155 1448 λῆφοαι,
1172 1415 1219 1440 καὶ
1235 1415 1303 1441 οῐκοι
1320 1413 1412 1450 μένειν
1430 1415 1536 1450 ἡμέρας
1551 1414 1661 1446 πολλὰς,
1677 1415 1757 1450 ἄχρις
1773 1414 1806 1440 ἂν
1823 1415 1839 1440 ὸ

1045 1458 1187 1494 προφήτης
1210 1458 1253 1485 ἐπ’
1272 1459 1340 1494 αὐτῇ
1367 1459 1480 1493 γένοιτο.
1499 1459 1656 1494 Γέγραπται
1686 1459 1740 1494 γὰρ
1765 1458 1836 1485 ὠδὶν

1045 1503 1219 1536 ὑποτύπωσις
1244 1503 1273 1531 δὲ
1297 1504 1328 1531 τδ
1354 1504 1492 1540 δρώμενον
1510 1502 1544 1539 ἦν
1565 1503 1612 1530 τοῦ
1630 1504 1701 1531 κατὰ
1723 1505 1838 1539 καιροὺς

1045 1548 1178 1585 ὑπάρξειν
1197 1549 1338 1585 μέλλοντος
1355 1551 1388 1586 τῇ
1410 1549 1613 1587 μεμοιχευμένῃ
1627 1550 1682 1577 τῶν
1702 1550 1839 1577 Ἰουδαίων

1045 1595 1205 1630 Συναγωγῇ.
1236 1595 1344 1631 Ἐπειδὴ
1371 1596 1426 1632 γὰρ
1452 1596 1591 1632 ἐθελοντὴς
1618 1595 1663 1623 τὸν
1692 1596 1761 1631 ὑπὲρ
1786 1597 1838 1628 τῆς

1006 1653 1028 1682 C
1046 1641 1173 1668 ἁπάντων
1191 1641 1327 1677 σωτηρίας
1345 1642 1539 1677 ὺπομεμένηκε
1558 1642 1673 1678 σταυρὸν
1695 1643 1709 1669 ὁ
1734 1642 1839 1677 Κύριος

1045 1687 1123 1722 ἡμῶν
1145 1687 1247 1722 Ἰησοῦς
1263 1687 1390 1723 Χριστὸς,
1407 1687 1668 1723 ὲμπαροινησάντων
1690 1687 1766 1723 αὐτῷ
1782 1688 1842 1714 τῶν

1045 1732 1076 1764 ἐξ
1098 1732 1215 1768 Ἰσραὴλ,
1231 1732 1291 1759 τότε
1314 1732 1357 1768 δὴ,
1369 1733 1430 1760 τότε
1446 1733 1666 1770 καταδῃωθείσης
1682 1734 1772 1765 αὐτοῖς
1787 1734 1839 1769 τῆς

1045 1777 1146 1814 χώρας,
1158 1777 1260 1813 ᾤχοντο
1278 1778 1327 1814 μὲν
1341 1777 1436 1813 ὥσπερ
1448 1778 1488 1810 είς
1504 1779 1594 1805 πάντα
1605 1778 1715 1814 ἄνεμον.
1729 1779 1840 1815 Ἄπρα-

1044 1832 1103 1851 κτοι
1125 1824 1154 1850 δὲ
1177 1825 1225 1851 καὶ
1248 1825 1288 1856 είς
1307 1823 1387 1860 δεῦρο
1406 1825 1470 1860 περὶ
1491 1824 1536 1852 τὸν
1556 1825 1637 1861 νόμον
1657 1826 1735 1859 είσὶν,
1754 1826 1839 1861 ἔειπες

1045 1869 1201 1905 πρησμένου
1217 1869 1266 1905 μὲν
1276 1869 1323 1896 τοῦ
1338 1870 1367 1896 ὲν
1381 1870 1437 1901 τοῖς
1457 1869 1656 1907 Ἱεροσολύμοις
1668 1871 1745 1903 ὄντος
1758 1872 1837 1904 ναοῦ,

1044 1915 1247 1952 περιῃρημένου
1264 1924 1294 1942 τε
1307 1915 1355 1942 τοῦ
1377 1916 1579 1952 θυσιαστηρίου,
1598 1917 1645 1944 καὶ
1661 1918 1838 1953 ἀνῃρημένης

1043 1961 1148 1994 θυσίας,
1159 1961 1206 1988 καὶ
1219 1961 1358 1997 ἁργούσης
1370 1962 1529 1998 ῑερωσύνης,
1543 1963 1590 1990 καὶ
1604 1963 1692 1999 δήλων
1703 1965 1752 2000 οὐχ
1770 1966 1839 2000 ὁρω-

1045 2007 1145 2043 μένων.
1161 2007 1199 2034 Οὐ
1216 2007 1270 2044 γὰρ
1285 2007 1359 2038 δντος
1382 2007 1532 2043 ἀρχιερέως
1549 2009 1719 2044 ίεροπρεπῶς
1742 2011 1839 2037 ἐσταλ-

1045 2052 1129 2087 μένου
1145 2052 1217 2079 κατὰ
1233 2052 1279 2079 τὸν
1295 2053 1387 2088 νόμον,
1404 2053 1463 2085 πῶς
1483 2051 1517 2090 ἦν
1534 2054 1575 2081 ἑτι
1586 2055 1681 2090 δήλους
1697 2056 1778 2089 ιδεῖν;
1803 2055 1837 2083 Τί

1043 2098 1071 2124 δὲ
1081 2098 1159 2124 καὶοῐ
1168 2098 1243 2134 δῆλοι
1249 2098 1399 2134 νομισθεῖεν
1407 2098 1512 2133 amotas
1522 2101 1571 2136 ph
1577 2101 1661 2133 ίσωςδ
1672 2102 1836 2138 φιλομαθὴς,

1045 2143 1201 2178 ὑπομνῆσαι
1208 2143 1237 2170 δὲ
1247 2144 1290 2171 διὰ
1300 2144 1423 2180 βραχέων
1429 2146 1478 2172 οὐκ
1488 2147 1612 2182 ἀκερδές·
1626 2147 1689 2174 Ὅτε
1701 2147 1735 2174 τὰ
1743 2148 1783 2179 εις
1791 2149 1837 2175 κό-

1045 2196 1115 2223 σμον
1124 2188 1171 2215 τοῦ
1182 2189 1332 2224 ἀρχιερέως
1343 2190 1469 2224 γενέσθαι
1478 2192 1661 2228 προστέταχεν
1673 2193 1687 2219 ὁ
1701 2193 1756 2219 τῶν
1765 2193 1838 2219 ὅλων

1043 2234 1118 2268 Θεὸς,
1128 2235 1188 2262 τότε
1201 2235 1269 2271 πρὸς
1282 2235 1329 2263 τὸν
1345 2236 1416 2272 ἱερὸν
1427 2236 1479 2272 ἐφη
1491 2238 1591 2265 Μωσέα
1602 2246 1608 2252 ·
1621 2247 1630 2264 ι
1642 2239 1697 2266 Καὶ
1713 2240 1837 2274 ποιήσεις

1043 2280 1132 2315 λόγιον
1141 2281 1257 2316 κρίσεως
1267 2281 1347 2317 ἔργον
1357 2283 1485 2317 ὺφαντοῦ,
1495 2283 1634 2319 σπιθαμῆς
1642 2285 1672 2310 τὸ
1681 2284 1779 2319 μῆκος,
1789 2286 1836 2311 καὶ

207 2327 310 2362 indicii,
323 2334 391 2362 opus
407 2325 510 2353 textile.
528 2323 613 2351 Palmi
632 2323 786 2358 longitudo,
803 2327 832 2350 et
854 2323 936 2357 palmi
950 2322 992 2349 la-

1047 2326 1186 2362 σπιοαμῆς
1194 2327 1225 2354 τὸ
1236 2326 1325 2364 εὖρος.
1335 2329 1512 2364 Τετράγωνος
1520 2329 1606 2357 ἔσται.
1624 2341 1632 2356 ι
1644 2328 1710 2358 Εἶτα
1719 2331 1836 2367 προστέ-

207 2373 303 2400 titudo.
324 2371 549 2406 Quadrangulum
563 2370 616 2397 erit
631 2369 665 2397 ".
684 2378 695 2396 ι
711 2369 815 2396 Deinde
829 2368 933 2404 lapides
952 2375 994 2395 ar-

207 2419 324 2447 tiiiciose
341 2417 424 2446 inseri
442 2415 504 2444 huic
524 2415 607 2443 textili
630 2422 690 2442 cum
712 2415 868 2443 nominibus
890 2415 993 2442 duode-

206 2468 259 2495 cim
272 2466 390 2494 tribuum
405 2461 559 2494 mandavit;
576 2461 646 2488 inter
659 2461 727 2489 alios
738 2465 827 2488 autem
841 2461 920 2493 duos,
936 2461 992 2495 qui-

208 2514 258 2541 bus
282 2511 391 2539 nomina
419 2507 602 2536 Manifestatio
623 2512 651 2534 et
676 2506 794 2534 Veritus.
814 2506 916 2534 Deinde
943 2507 993 2534 hoc

207 2556 341 2585 rationale
351 2555 445 2590 iudicii
463 2561 495 2582 ex
516 2553 651 2581 humerali
663 2553 752 2581 aureis
762 2553 866 2580 catenis
876 2560 991 2586 suspen-

207 2610 267 2631 sum
281 2603 307 2631 in
324 2606 417 2636 pectus
430 2601 527 2629 summi
545 2599 694 2628 sacerdotis
707 2600 887 2635 dependebat.
899 2603 988 2626 erant-

205 2658 260 2685 que
273 2649 298 2676 in
318 2654 410 2683 typum
424 2647 606 2675 Emniannelis
624 2646 807 2675 Manifestalio
827 2645 862 2673 etl
873 2645 989 2673 Veritas.

211 2705 221 2721 ι
239 2694 335 2723 Omnia
350 2693 422 2721 enim
445 2700 506 2728 qua:
524 2693 628 2721 audivit
654 2701 670 2720 a
686 2692 768 2720 Patre
780 2712 788 2726 ,
820 2691 990 2718 attauntiavit

1045 2381 1126 2408 ταχεν
1141 2373 1171 2406 ἐξ
1186 2374 1317 2409 ὀνόματος
1330 2375 1385 2402 τῶν
1403 2376 1493 2410 φυλῶν
1508 2376 1669 2404 δυοκαίδεκα
1683 2377 1722 2412 τῷ
1743 2387 1837 2414 τεχνη-

1046 2418 1162 2454 τεὺματι
1180 2420 1269 2454 σοφῶς
1286 2420 1416 2456 ἐντέχνως
1435 2421 1473 2457 (Ι)
1491 2421 1652 2457 ὑφαίνεσθαι
1667 2421 1768 2454 λίθους.
1784 2424 1837 2449 Δύο

1045 2473 1077 2499 γε
1094 2465 1148 2500 μὴν
1163 2465 1273 2501 ἑτέρους
1286 2466 1386 2502 μεταξὺ
1404 2467 1457 2494 τῶν
1469 2467 1567 2498 ἄλλων,
1581 2465 1621 2499 οἷς
1636 2465 1670 2503 ἦν
1685 2468 1805 2503 ὀνόματα
1819 2471 1834 2503 ἡ

1045 2510 1162 2545 δήλωσις
1180 2511 1227 2538 καὶ
1247 2512 1264 2546 ἡ
1287 2511 1410 2547 ἀλήθεια.
1430 2510 1496 2539 Εἶτα
1519 2512 1598 2539 τοῦτο
1619 2512 1649 2539 τὺ
1673 2512 1763 2544 λόγιον
1786 2513 1835 2548 τῆς

1046 2556 1161 2591 κρίσεως
1177 2558 1209 2584 ὲκ
1224 2557 1273 2593 τῆς
1287 2558 1420 2593 ἐπωμίδος
1435 2560 1547 2593 χρυσαῖς
1562 2558 1709 2594 ἀπῃώρητο
1718 2561 1834 2594 σειραῖς.

1053 2601 1215 2637 Ἐπενήχετό
1229 2611 1258 2628 τε
1274 2602 1312 2638 τῷ
1332 2603 1435 2638 στέρνῳ
1450 2603 1497 2630 τοῦ
1520 2604 1679 2639 ἀρχιερέως,
1697 2605 1744 2630 καὶ
1764 2603 1834 2640 ἦσαν

1046 2647 1084 2678 είς
1098 2646 1183 2673 τύπον
1199 2647 1246 2673 τοῦ
1267 2647 1438 2683 Ἐμμανουὴλ
1453 2648 1470 2682 ή
1482 2647 1596 2683 δήλωσις
1617 2649 1663 2674 καὶ
1679 2649 1695 2683 ἡ
1709 2648 1834 2684 ἀλήθεια,

1048 2702 1057 2718 ι
1076 2693 1166 2720 Πάντα
1176 2693 1229 2729 γὰρ
1244 2693 1262 2720 ἃ
1278 2695 1377 2729 ἤκουσε
1388 2693 1464 2729 παρὰ.
1477 2693 1524 2721 τοῦ
1539 2694 1655 2730 Πατρὸς,
1667 2694 1834 2729 ἀπήγγειλεν

243 2794 266 2812 ¹¹⁶
279 2794 330 2822 Isa.
347 2802 385 2828 vt,
401 2795 428 2822 9.
465 2794 488 2810 "
508 2793 576 2822 Osee
593 2801 633 2825 tn,
651 2794 678 2820 4.
716 2793 739 2810 ⁷⁵
755 2787 839 2820 Exod.
855 2799 950 2825 xxvttt,
968 2793 1008 2827 15,
1024 2793 1067 2820 16.

244 2884 687 2923 (ι)(ὶοιοιειῖῇυε’μοιιιιηιτηίίςρ-ί.
704 2884 750 2912 Gr.
767 2884 798 2915 ll.
817 2883 1006 2923 6192hvottep:
1028 2884 1158 2919 ἐντέχνως
1182 2889 1258 2920 putat
1282 2893 1342 2913 esse
1370 2886 1502 2922 glossema
1533 2892 1560 2915 et
1582 2887 1832 2922 interpretationem

210 2919 329 2952 adverbii
342 2922 440 2957 σοφῶς.
456 2920 519 2947 Vide
532 2920 622 2954 Cyt'iili
639 2919 810 2953 Tltcsaurttm,
829 2927 854 2953 p.
869 2919 912 2946 48.
925 2919 1003 2946 Eutr.
