1913 3042
76 266 118 296 109
528 273 804 306 COMMENTARIUS
825 279 857 306 ΙΝ
876 281 992 310 OSEAM
1013 283 1230 315 PROPHETAM.

1640 299 1690 327 ΗΟ

76 328 138 362 ήμῐν.
159 337 169 353 ι
195 327 250 355 Καὶ
273 328 413 365 δεδήλωκε
438 333 467 359 τὸ
484 333 588 370 θέλημα
609 337 655 363 τοῦ
675 339 836 374 γεννήσαντα

76 374 219 395 αὐτόν·νηῖ
247 376 420 395 νηφέκιμηηκρυ
444 379 544 395 ι...,.-.,ι
571 383 620 395 -3-
651 385 782 395 -..μυρίη
827 388 831 395 .

889 366 893 374 ,
908 343 984 370 nobis
998 344 1032 379 ⁷³,
1052 354 1061 371 ι
1084 351 1111 373 et
1126 348 1308 379 manifestavit
1324 353 1486 383 voluntatem
1503 356 1562 391 ejus
1577 360 1622 393 qui
1641 369 1688 395 ge-

71 374 159 400 αὑτόν·
174 374 221 401 καὶ
247 376 420 412 κατέστησεν
444 379 544 416 ὲνιιργῆ
570 383 620 417 τῆς
648 385 784 420 σωτηρίας
807 388 856 423 τήν

71 418 130 446 ὁδόν.
151 420 212 446 Ὄτι
235 421 265 447 δέ
292 422 352 448 ἐστι
369 424 416 450 καὶ
436 425 559 460 ἀλήθεια,
574 427 633 460 πῶς
655 429 688 456 ἂν
710 418 855 458 staminis

72 473 114 496 τις,
138 465 221 492 αὑτοῦ
241 466 369 501 λέγοντος
388 470 520 506 ἐναργῶς·
548 481 558 498 ι
583 473 653 508 Ἐγώ
675 475 764 511 εἰμιὴ
786 478 852 513 ἀλή-

70 512 138 542 δειας
157 519 166 537 ι
186 511 236 538 Διὰ
251 512 333 539 τοῦτο
355 515 402 541 καὶ
421 516 490 552 αὐτῇ
513 519 545 552 τῇ
560 517 607 545 τοῦ
631 519 781 556 ἀρχιερέως
800 511 853 549 ἀττ-

69 555 196 591 εκρὲματο
213 557 323 593 καρδίᾳ,
343 562 484 596 μονονουχὶ
505 561 622 597 βοῶντος
632 564 679 591 τοῦ
691 555 788 599 τύπου,
805 568 852 595 καὶ

68 600 211 634 meum»
230 602 461 639 ἀνακεκραγότος,
473 607 513 633 ὅτι
525 608 569 634 τὸν
588 609 641 636 τῶν
655 610 723 637 ὅλων
737 612 851 648 Σωτῆρα

66 647 107 672 καὶ
132 647 296 684 Δυτρωτὴν,
322 649 371 685 τὴν
386 651 524 687 ἀλήθειαν,
544 654 590 680 καὶ
608 655 657 690 τὴν
677 656 791 692 δήλωσιν
808 647 851 692 εὶς

66 691 130 724 νοῦν,
146 694 194 719 καὶ
217 694 332 729 καρδίαν
353 696 385 723 τὸ
409 697 480 732 ἱερὸν
500 698 555 731 ἕξει
578 700 665 734 γένος.
685 691 788 737 Ἥγουν
808 691 849 732 ὅτι

66 738 134 764 κᾶσά
150 747 210 769 πως
226 740 346 776 ἀνάγκη,
374 743 437 775 τοὺς
454 744 612 782 ίερουργοὺς
630 748 673 774 ἀεὶ
695 750 848 785 μεμνῆσθαι

64 784 186 819 Χριστοῦ,
205 786 253 812 καὶ
269 788 427 816 ἐνοικοῦντα
443 790 535 826 φέρειν
557 791 601 819 διὰ
616 793 663 820 τοῦ
679 784 845 831 Πνεύματος.

63 827 136 860 Οἶκος
156 830 184 856 δὲ
204 830 288 858 αὑτοῦ
304 832 366 865 νοῦς
389 834 518 871 καθαρὸς,
543 837 591 864 καὶ
617 839 715 874 καρδία
733 827 845 877 διεσμη-

63 875 153 910 γμένη.
177 877 364 906 Καθεδοῦνται
378 880 410 916 δὴ
431 879 478 908 οὖν
499 883 608 919 ἡμέρας
626 884 726 918 πολλὰς
744 887 769 913 οι
792 875 846 914 uio!

66 922 178 957 Ἰσραὴλ,
196 925 274 958 φησὶ,
294 924 426 959 βασιλέως
446 927 496 954 οὐκ
518 928 604 962 ὄντος,
628 930 689 957 οὐδὲ
704 931 843 966 ἄρχοντος,

61 967 202 1000 τουτέστιν,
218 967 400 1002 ἀϐασίλευτοι,
417 970 464 998 καὶ
479 974 485 983 ’
496 973 692 1002 ἀνεπίστευτοι.
708 975 776 1002 Οὔτε
791 977 844 1012 γὰρ

59 1011 262 1046 βασιλεύσουσιν
275 1016 299 1041 οἱ
314 1015 347 1041 ὲκ
363 1016 449 1052 φυλῆς
468 1017 562 1051 Ἰούδα,
578 1018 640 1046 οὔτε
656 1020 709 1055 μὴν
727 1022 752 1048 οι
774 1022 844 1049 κατὰ
859 1021 880 1049 Β

58 1057 132 1092 νόμον
147 1059 376 1095 προεδρεύσουσιν
391 1062 530 1097 ἄρχοντες,
544 1065 694 1098 τουτέστιν,
710 1067 734 1093 οἱ
750 1067 842 1103 ἱερεῖς.

62 1104 126 1130 Ἀλλ’
148 1105 211 1132 οὐδὲ
227 1105 315 1139 ἔσται,
334 1108 412 1144 φησὶ,
434 1110 637 1147 θυσιαστήριον,
661 1111 678 1147 ἢ
698 1112 788 1148 θυσία,
807 1115 843 1141 ls-

56 1150 158 1186 ρωσύνη
170 1160 201 1178 τε
216 1152 265 1179 καὶ
275 1153 362 1188 δῆλοι.
376 1154 449 1190 Πλὴν
464 1156 513 1183 οὐκ
527 1157 556 1183 ἐν
570 1157 675 1190 τούτοις
687 1158 841 1193 διαπαντὸς,

55 1196 109 1222 οὐδὲ
121 1197 306 1233 ἀπόπεμπτος
320 1199 474 1235 ὸλοτρόπως
486 1202 501 1228 ὁ
520 1202 626 1238 Ἰσραὴλ
640 1203 727 1236 ἔσται,
746 1206 843 1242 κεκλή-

56 1247 126 1268 σεται
137 1243 194 1279 γὰρ
207 1244 280 1271 κατὰ
294 1246 416 1281 καιροὺς,
427 1247 475 1274 καὶ
489 1248 645 1284 ἐπιστρέψει
656 1250 699 1277 διὰ
712 1251 840 1285 πίστεως,

54 1290 96 1316 καὶ
117 1290 302 1325 ἐπιγνώσεται
324 1293 370 1320 τὸν
384 1293 438 1320 τῶν
458 1294 526 1322 ὅλων
542 1296 619 1328 Θεὸν,
638 1298 684 1324 καὶ
703 1298 751 1325 σὺν
766 1299 841 1335 αὐτῴ

52 1336 93 1362 τὸν
117 1337 211 1369 Δαϐὶδ,
235 1338 369 1371 τουτέστι,
392 1340 438 1366 τὸν
462 1340 494 1367 ὲκ
519 1342 674 1376 σπέρματος
689 1345 778 1377 Δασὶδ,
794 1346 841 1372 τὸν

52 1382 118 1408 κατὰ
136 1383 229 1418 σάρκα
243 1384 370 1419 Χριστὸν,
387 1385 432 1412 τὸν
447 1386 500 1413 τῶν
510 1386 579 1414 ὅλων
591 1387 704 1422 βασιλέα
724 1390 770 1416 καὶ
784 1390 840 1418 Κύ-

52 1437 114 1463 ριον.
131 1430 199 1456 Τότε
215 1430 259 1466 δὴ,
274 1431 334 1457 τότε
346 1431 600 1468 καταπλαγήσονται
620 1434 669 1470 τῆς
686 1435 839 1472 φιλοτιμίας

50 1474 78 1500 τδ
96 1474 224 1510 μέγεθος,
239 1476 287 1503 καὶ
303 1476 352 1513 τήν
368 1477 418 1513 τῆς
435 1478 602 1515 ἡμερότητος
615 1481 770 1518 ἀμέτρητον
788 1483 838 1518 χά-

52 1528 100 1555 ριν.
126 1521 334 1557 Συμμεθέξουσι
350 1523 405 1560 γὰρ
419 1524 467 1560 τῆς
484 1526 540 1557 τοῖς
551 1526 641 1560 ἁγίοις
653 1527 838 1565 ηὐτρεπισμέ-

49 1574 96 1600 νης
118 1565 238 1598 ἐλπίδος,
256 1567 303 1593 καὶ
324 1569 385 1599 ταῖς
409 1568 462 1596 τῶν
484 1571 705 1599 πεπιστευκότων
726 1573 837 1608 ἀγέλαις

49 1611 156 1646 ἀναμὶξ,
173 1613 204 1638 ὲν
219 1614 287 1648 νομῇ
303 1613 404 1649 ἀγαθῇ,
421 1615 467 1642 καὶ
486 1616 516 1643 ὲν
539 1616 613 1653 τόπῳ
627 1617 699 1645 πίονι
713 1619 836 1655 νεμηθή-

50 1666 147 1686 σονται.
168 1658 272 1694 Καιρδς
287 1659 341 1695 γὰρ
364 1660 455 1693 αὐτοῖς
474 1661 524 1697 τῆς
539 1662 610 1690 οὕτω
633 1664 773 1700 λαμπρᾶς,
787 1666 836 1693 καὶ

49 1703 215 1738 ἀξιαγάστου
242 1705 354 1740 χάριτος
375 1706 389 1732 ὁ
414 1707 566 1741 τελευταῖος
591 1710 637 1737 καὶ
652 1710 681 1737 δν
699 1712 834 1746 ἐσχάτοις,

48 1749 93 1775 καὶ
102 1750 132 1776 ὲν
147 1750 270 1786 Χριστῷ,
280 1751 314 1779 δι’
328 1749 368 1785 οὗ,
384 1754 432 1781 καὶ
448 1754 507 1790 μεθ’
520 1751 551 1782 οὗ
562 1756 601 1791 τῷ
614 1756 674 1791 Θεῷ
687 1758 734 1784 καὶ
747 1759 835 1795 Πατρὶ

48 1795 63 1829 ὴ
77 1794 150 1827 δόξα,
167 1795 217 1823 σὺν
230 1796 270 1832 τῷ
283 1797 354 1833 ἁγίῳ
369 1798 519 1835 Πνεύματι,
538 1801 578 1834 εἰς
588 1801 651 1835 τοὺς
665 1803 765 1837 αίῶνας
779 1794 834 1832 τῶν

48 1840 159 1869 αἰώνων,
184 1842 283 1878 Ἀμήν.

220 1905 412 1949 ΤΟΜΟΣ
449 1909 656 1953 ΤΡΙΤΟΣ.

343 1983 468 2012 ΚΕΦΔΛ.
492 1986 529 2012 Δ’.

78 2037 241 2065 Ἀκούσατε
246 2039 340 2074 λόγον
346 2041 467 2075 Κυρίου,
475 2041 533 2068 υιοι
541 2043 672 2077 Ἰσραὴλ,
682 2044 725 2070 ὅτι
734 2045 833 2080 κρίσις

46 2082 83 2116 τῷ
106 2084 205 2119 Κυρίῳ
229 2085 306 2118 πρὸς
330 2086 401 2119 τοὺς
431 2088 645 2121 κατοικοῦντας
671 2089 730 2124 τὴν
754 2090 829 2125 τῆν’

46 2128 115 2156 διότι
131 2130 189 2157 οὐκ
203 2130 289 2157 ἔστιν
304 2131 441 2165 ἀλήθεια,
472 2133 536 2160 οὐδ’
549 2134 646 2168 ἕλεος,
670 2135 742 2163 οὐδὲ
767 2137 831 2164 ἐπί-

46 2182 151 2207 γνωσις
176 2175 253 2202 Θεοῦ
277 2175 326 2202 ἐπὶ
344 2176 411 2211 γῆς,
446 2178 523 2212 Ἀρὰ,
554 2180 603 2207 καὶ
631 2181 753 2215 ψεῦδος.
780 2183 830 2210 καὶ

45 2219 143 2253 φόνος,
158 2220 210 2246 καὶ
227 2221 338 2255 κλοπὴ,
357 2224 405 2249 καὶ
423 2225 540 2259 μοιχεία
564 2226 684 2261 κέχυται
700 2227 750 2255 ἐπὶ
773 2229 829 2264 τῆς

44 2265 104 2300 γῆς,
119 2268 169 2294 καὶ
181 2267 291 2302 αἵματα
307 2268 354 2303 ἐφ’
370 2269 476 2304 αἵμασι
492 2271 667 2307 μίσγουσιν.

71 2319 133 2347 ΛΕ’.
159 2321 322 2356 Ἀναγκαῖον
337 2323 412 2359 ἡμᾶς
433 2325 591 2361 διατρανοῦν
612 2327 752 2361 ἐθέλοντας
773 2331 826 2357 τῶν

43 2368 225 2400 προκειμένων
241 2369 288 2395 τὸν
307 2369 380 2402 νοῠν,
403 2372 543 2407 μονονουχὶ
564 2374 746 2411 παλινάγρετα
766 2384 825 2402 ποι·
841 2362 864 2390 D

41 2411 122 2437 εἶσθαι
134 2412 170 2439 τὰ
185 2413 215 2440 ἐν
231 2413 340 2450 ἀρχαῖς,
355 2417 402 2442 καὶ
416 2417 475 2444 ὀλον
487 2417 580 2454 ὥσπερ
596 2419 823 2455 ἀναμηρύσασθαι

41 2456 85 2491 τῆς
99 2459 270 2494 προφητείας
287 2461 333 2487 τὸν
348 2463 457 2489 σκοπόν.
479 2464 592 2497 Οὐκοῦν,
607 2465 645 2497 ὡς
665 2465 715 2499 Evt,
734 2467 781 2494 καὶ
795 2467 824 2494 ὲν

42 2501 145 2538 βραχέσι
162 2506 341 2540 συνενεγκὼν,
359 2509 446 2535 ἐκεῖνό
465 2518 546 2546 φημι.
567 2521 576 2537 ι
594 2511 690 2547 Γέγονε
707 2513 756 2548 μὲν
770 2513 824 2550 γὰρ

40 2548 104 2584 ἀρχὴ
119 2549 198 2584 λόγου
219 2551 323 2587 Κυρίου
348 2553 377 2580 ἐν
407 2554 496 2590 Ὠσηὲ.
517 2565 526 2582 ι
543 2558 770 2593 Διερμηνεύοντες
794 2548 823 2587 at

39 2593 69 2619 τὰ
83 2595 181 2627 τοιάδε,
202 2596 271 2631 πρὸς
284 2598 330 2625 τὸν
351 2600 485 2636 μακάριον
500 2604 642 2640 προφήτην
667 2605 745 2641 Ὠσηὲ
760 2606 822 2638 τοὺς

39 2641 107 2676 παρὰ
119 2641 188 2668 Θεοῦ
202 2644 332 2677 γενέσθαι
348 2645 443 2680 λόγους
458 2647 570 2680 εἰκότως
585 2649 725 2684 ἐλέγομεν,
742 2651 822 2678 οἱονεὶ

38 2689 274 2722 μυπαγωγοῦντος
294 2691 386 2725 αὑτὸν,
408 2692 455 2719 καὶ
476 2694 510 2721 τὰ
524 2695 640 2730 ἐσόμενα
658 2705 822 2732 προαναῳωι

37 2732 137 2765 νοῦντος
160 2734 205 2761 διά
220 2744 251 2762 τε
265 2735 361 2764 τύπων
388 2738 435 2765 καὶ
460 2739 557 2774 λόγων.
575 2741 667 2778 Ταύτῃ
689 2752 730 2770 τοι
749 2754 820 2781 παρ-

37 2777 198 2813 ελαμϐἀνετο
215 2782 266 2816 μὲν
283 2782 312 2809 ἐν
327 2783 423 2819 ἀρχαῖς
439 2786 456 2821 ἡ
465 2785 553 2823 Γόμερ
564 2795 570 2801 '
588 2777 676 2815 ἔτικτε
690 2790 719 2816 δὲ
733 2790 778 2818 τόν
790 2777 819 2817 τε

35 2824 60 2850 οὐ
83 2825 145 2852 λαόν
172 2835 235 2863 μου,
259 2828 308 2855 καὶ
332 2829 382 2865 τὴν
409 2831 458 2858 οὐκ
484 2832 647 2869 ἡλεημένην.
672 2834 739 2863 Εἶτα
759 2837 819 2872 μετ’

36 2869 134 2907 ἐκείνην
156 2874 336 2911 προσελήφθη
362 2876 474 2912 δευτέρα
502 2880 624 2916 μοιχαλὶς
649 2890 678 2907 τε
702 2869 818 2910 καὶ..πο-

35 2916 113 2950 νηρὰ,
137 2918 183 2945 καὶ
206 2920 241 2946 τὰ
258 2920 303 2956 ἐφ’
330 2921 438 2958 ἑκάστῳ
463 2923 563 2951 τούτων
584 2926 690 2960 λεπτῶς
711 2937 738 2954 τε
770 2930 817 2956 καὶ

73 2997 93 3012 ⁷³
114 2997 174 3016 l..-...
202 3008 237 3016 ..μ
268 3001 300 3016 ,τε
351 3002 374 3016 1t
398 3002 459 3016 In-..
487 3012 530 3016 μ...
559 3005 574 3016 ρ
624 3007 645 3016 -..
665 3006 685 3016 η

202 3008 237 3016 νυ
268 3001 300 3016 IL‘
351 3002 374 3016 τι

907 387 1073 423 nuitipsum,
1090 394 1118 418 et
1132 391 1203 419 viam
1223 394 1318 423 salutis
1331 387 1535 429 demonstravii.
1555 387 1623 432 Esse
1638 387 1688 432 ἔει-

906 435 960 460 tem
982 435 1137 470 veritatem,
1159 439 1204 472 qui
1225 440 1333 468 tandem
1355 443 1518 474 dubitaverit
1540 449 1686 484 quispiam,

904 486 965 506 cum
980 480 1038 514 ipse
1053 487 1146 517 aperte
1163 484 1235 512 dicat
1249 493 1257 514 :
1281 495 1291 512 ‹
1324 487 1378 523 Ego
1392 497 1449 517 sum
1462 480 1562 522 veritas
1581 480 1687 524 ’δ’τιιιιί

904 525 977 554 circo
991 531 1017 554 et
1032 527 1082 562 ipsi
1097 530 1195 557 summi
1210 532 1358 560 sacerdotis
1372 537 1474 569 pectori
1495 541 1686 573 appendeban-

904 575 957 604 tur,
972 575 1075 601 tantum
1091 583 1144 603 non
1160 576 1294 606 clamante
1310 583 1383 614 typo,
1399 585 1426 608 et
1439 583 1582 613 manifeste
1593 588 1685 614 excla-

902 622 1011 652 mante,
1035 620 1223 650 universorum
1252 623 1422 654 Salvatorem
1448 632 1475 655 et
1500 629 1684 667 liberatorem,

900 663 1043 692 veritatem
1066 670 1094 694 et
1121 668 1367 699 manifestationem
1390 678 1515 702 sanctum
1538 684 1622 710 genus
1658 680 1683 706 in

900 716 990 738 mente
1004 716 1030 738 et
1043 714 1123 740 corde
1137 714 1293 743 habiturum
1309 724 1316 749 ;
1339 722 1386 744 aut
1398 724 1473 747 certe
1501 724 1683 751 necessarium

899 762 960 783 esse
973 758 1094 791 omnino,
1110 761 1266 789 sacerdotes
1277 762 1379 791 Christi
1393 772 1500 800 semper
1515 769 1682 803 mellillliSae,

897 805 926 828 et
940 809 989 835 per
1002 802 1130 838 Spiritum
1147 805 1173 833 in
1188 814 1218 835 se
1241 807 1407 837 habitantem
1420 812 1607 842 circumferre.
1630 816 1684 844 Do-

898 854 958 874 mus
966 849 1024 882 ejus
1038 855 1080 878 est
1091 860 1166 880 mens
1178 861 1244 888 pura
1261 860 1289 883 et
1304 864 1352 885 cor
1376 866 1579 896 perpurgatum.
1602 862 1682 891 Sedo-

897 890 963 920 bunt
976 894 1057 929 igitur
1068 896 1126 925 dies
1140 899 1238 927 multos
1256 900 1302 928 filii
1318 890 1411 938 lsrael,
1425 890 1533 941 inquii,
1550 915 1610 935 cum
1629 918 1680 937 non

895 937 948 965 erit
967 946 1025 974 rex,
1051 949 1104 970 non
1132 945 1268 981 princeps,
1296 948 1348 976 hoc
1372 955 1423 983 est,
1440 951 1499 981 sine
1525 961 1598 989 rege,
1622 956 1681 984 sine

897 985 1022 1017 praiside.
1039 986 1093 1015 Nec
1103 989 1174 1016 cnim
1186 993 1337 1027 regnabunt
1350 996 1396 1030 qui
1407 1002 1470 1025 sunt
1483 1005 1498 1026 e
1515 985 1677 1034 tribu'Jada,

895 1037 945 1058 nec
957 1032 1139 1065 praesidebunt
1152 1037 1298 1072 principes.
1313 1040 1364 1068 hoc
1377 1046 1429 1075 est,
1442 1045 1605 1074 sacerdotes.
1622 1032 1678 1076 Nec

894 1076 956 1107 erit,
980 1076 1077 1111 inquit,
1097 1079 1194 1113 altare,
1221 1087 1267 1111 aut;
1292 1086 1457 1116 sacrillclum
1485 1092 1678 1120 sacerdotium-

892 1127 956 1155 que,
966 1126 994 1149 et
1005 1124 1153 1153 manifesti.
1173 1127 1362 1158 Verumtamen
1376 1140 1428 1160 non
1442 1134 1468 1162 in
1484 1135 1544 1164 istis
1558 1145 1674 1175 semper.

892 1173 943 1194 nec
957 1169 1120 1198 omnimodis
1136 1173 1254 1208 reiectus
1272 1175 1356 1204 Israel
1377 1180 1512 1215 manebit;
1537 1169 1677 1212 vocabitur

892 1213 964 1240 enim
979 1216 1133 1252 aliquando,
1150 1224 1177 1247 et
1187 1227 1235 1255 per
1250 1221 1330 1250 ﬁdem
1346 1231 1504 1259 conversus,
1517 1228 1601 1257 Deum
1617 1232 1677 1258 uni-

891 1265 1031 1287 versorum
1057 1270 1195 1298 agnoscet,
1219 1271 1321 1296 etcum
1348 1270 1407 1305 ipso
1429 1271 1524 1305 David,
1549 1275 1600 1304 hoc
1623 1283 1675 1310 est,

890 1304 935 1338 qui
952 1307 1051 1340 prodiit
1063 1315 1096 1336 ex
1121 1311 1225 1340 sentiae
1245 1313 1346 1349 David,
1359 1304 1509 1347 rChristum
1527 1323 1675 1351 secundum

889 1359 1010 1386 carnem,
1035 1357 1223 1386 universorum
1239 1368 1329 1396 regem
1356 1371 1387 1392 ac
1419 1365 1573 1396 Dominum.
1588 1370 1673 1403 Tunc,

890 1402 954 1425 tunc
972 1399 1157 1430 beneficentiae
1172 1406 1396 1441 magnitudinem,
1413 1415 1440 1437 et
1460 1415 1675 1443 mansuetudinis

889 1443 1046 1472 immensam
1063 1449 1177 1480 gratiam
1200 1451 1403 1487 obstupescent.
1430 1455 1578 1492 Participes
1601 1461 1673 1488 enim

888 1492 968 1515 erunt
992 1490 1049 1524 spei
1071 1493 1173 1520 sanctis
1188 1501 1362 1531 praeparatas,
1390 1490 1600 1539 sanctorumque
1628 1513 1674 1541 ag-

888 1534 1005 1562 minibus
1021 1537 1128 1565 admisti
1146 1539 1171 1566 in
1186 1542 1292 1574 pascuis
1309 1543 1396 1577 bouis,
1425 1550 1452 1572 et
1469 1546 1494 1574 in
1509 1534 1569 1575 loco
1581 1534 1672 1584 pa..ng

887 1585 1042 1614 pascentur.
1058 1582 1176 1619 Tempus
1193 1587 1265 1615 enim
1282 1588 1350 1616 adeo
1367 1590 1515 1624 splendida
1539 1598 1566 1620 ct
1580 1582 1669 1621 adn—ii-

886 1624 978 1652 randa:
990 1627 1082 1661 gratiae
1099 1628 1163 1662 ipsis
1174 1631 1226 1658 erit
1239 1637 1390 1661 extremum
1404 1635 1479 1670 illud,
1494 1641 1521 1664 et.
1536 1639 1669 1671 ultimum.

885 1672 913 1696 et.
931 1669 956 1697 in
968 1670 1087 1705 Christo,
1104 1673 1159 1709 63
1187 1682 1235 1710 per
1254 1684 1334 1711 quem
1359 1683 1460 1707 etcum
1487 1688 1541 1716 quo
1566 1682 1621 1710 Deo
1645 1669 1671 1711 ct

886 1714 959 1743 Patri
975 1716 1069 1750 gloria,
1086 1725 1148 1747 cum
1165 1726 1262 1749 sancto
1276 1722 1380 1758 Spiritu
1393 1725 1418 1752 in
1436 1714 1533 1755 δωροῖο
1557 1729 1671 1757 saeculo~

886 1769 956 1792 mm.
972 1763 1068 1792 Amen.

1017 1917 1212 1965 I‘OMUS
1261 1922 1373 1967 TER
1391 1925 1538 1970 l‘lUS.

1199 1995 1276 2024 CAP.
1299 1996 1343 2025 IV.

918 2045 1001 2074 Vens.
1015 2047 1041 2080 Ι,
1056 2048 1084 2075 2.
1099 2050 1195 2077 Audite
1210 2052 1314 2080 verbum
1352 2053 1469 2090 Domini,
1488 2057 1539 2092 filii
1572 2061 1666 2093 Israel,

881 2092 943 2127 quia
953 2093 1087 2128 judicium
1112 2095 1225 2124 Domino
1242 2099 1278 2125 ad
1292 2099 1440 2129 habitantes
1465 2108 1583 2138 (errant;
1605 2107 1668 2140 quia

881 2145 933 2165 non
944 2143 982 2166 cst
992 2141 1098 2174 veritas,
1107 2149 1188 2177 neque
1198 2144 1389 2180 nlicericordia,
1398 2157 1478 2184 neque
1490 2151 1600 2179 scientia
1619 2153 1667 2181 Dei

858 2182 861 2186 ’
880 2190 959 2216 super
975 2189 1082 2213 terram.
1097 2186 1292 2221 Malcdicllo,et
1305 2182 1480 2227 mendacium,
1505 2201 1529 2222 et
1555 2197 1667 2226 homici-

879 2229 962 2263 dium,
980 2236 1003 2257 et
1024 2231 1134 2265 furtum,
1161 2239 1185 2261 et
1200 2235 1358 2264 adulterium
1386 2239 1498 2274 elusum
1523 2247 1561 2269 est
1589 2252 1668 2280 super

879 2279 986 2310 terram,
998 2281 1023 2304 et
1034 2286 1173 2314 sanguines
1189 2288 1216 2308 ut
1230 2285 1401 2318 sangumtlzus
1422 2294 1539 2316 miscent.

914 2331 1024 2361 XXXV.
1040 2334 1154 2364 Necesse
1167 2341 1208 2365 est
1235 2346 1284 2367 nos
1305 2343 1469 2370 sententiam
1486 2344 1583 2373 horum
1605 2349 1666 2374 t‘cr-

877 2377 972 2406 borum
991 2381 1137 2414 explanare
1150 2384 1284 2418 volentes,
1301 2394 1368 2420 pene
1391 2390 1482 2416 omnia
1495 2398 1510 2416 a
1527 2392 1663 2427 principio

877 2424 948 2451 dicta
976 2433 1124 2461 resumere,
1150 2434 1178 2456 et
1205 2431 1283 2465 quasi
1308 2437 1391 2460 totum
1416 2424 1565 2470 prophetia:
1585 2424 1664 2473 huius

876 2478 988 2506 scopum
1008 2473 1176 2509 recolligere.
1192 2476 1295 2512 itaque,
1318 2484 1348 2507 ut
1370 2480 1445 2514 licet,
1473 2482 1545 2510 etin
1576 2491 1663 2518 pauca

876 2517 1018 2546 conferens
1036 2519 1100 2547 illud
1112 2522 1165 2550 aio.
1182 2531 1192 2549 ι
1211 2523 1324 2553 Factum
1347 2533 1389 2554 est
1408 2528 1570 2564 principium
1586 2530 1662 2559 verbi

875 2562 982 2590 Domini
1007 2563 1034 2592 in
1051 2565 1119 2593 Osea
1135 2567 1169 2594 "'.
1187 2577 1196 2593 ι
1226 2569 1291 2603 Qum
1318 2579 1379 2599 cum
1409 2562 1661 2609 interpretaremur,

875 2609 1030 2639 dicebamus
1039 2611 1151 2640 verbum
1165 2613 1211 2642 Dei
1226 2617 1258 2642 ad
1272 2616 1378 2645 beatum
1392 2621 1550 2654 prophetam
1563 2620 1660 2650 Oseam

875 2663 890 2682 a
903 2656 959 2684 Dco
971 2658 1068 2686 merito
1083 2659 1195 2694 factum,
1210 2661 1291 2689 veluti
1303 2665 1431 2698 mysteria
1446 2666 1533 2701 ipsum
1547 2668 1662 2696 docento

875 2706 903 2729 et
918 2708 1030 2731 ventura
1047 2712 1095 2739 per
1108 2705 1209 2742 Iiguras
1225 2713 1253 2735 et
1271 2709 1350 2736 verba
1378 2713 1589 2744 praenuntiantia.
1614 2712 1660 2741 ld-

874 2748 947 2776 circo
966 2749 1043 2777 initio
1063 2752 1148 2780 ascita
1172 2759 1214 2781 est
1229 2754 1339 2789 Gomer,
1355 2757 1514 2792 peperitque
1538 2758 1596 2786 Non
1613 2767 1660 2795 po-

872 2793 950 2827 pulus
980 2804 1066 2829 meus,
1095 2803 1123 2826 et
1149 2799 1363 2830 Blisericordiam
1391 2810 1444 2831 non
1471 2810 1656 2834 consecutam.

873 2839 967 2868 Postea
984 2848 1122 2879 assumpta
1140 2850 1182 2873 cst.
1198 2847 1281 2875 altera
1306 2853 1333 2876 et
1347 2850 1453 2878 moecha
1470 2856 1498 2878 et
1513 2852 1633 2888 improba
1647 2862 1656 2887 ;

870 2890 895 2913 et
909 2887 1076 2922 singulorum
1103 2891 1216 2921 istorum
1234 2902 1334 2923 arcana
1354 2897 1489 2926 subtiliter
1513 2887 1656 2927 accurate-

869 2938 923 2966 que
938 2934 1079 2969 propheta,
1095 2941 1124 2963 ut
1138 2938 1193 2965 dixi
1209 2960 1216 2973 ,
1230 2939 1341 2969 edoctus
1353 2946 1404 2970 est.
1419 2942 1558 2978 Tanquam
1571 2943 1653 2980 igitur
