1913 3042
232 280 278 308 HI

740 277 770 306 S.
791 277 926 306 CYRILLI
947 277 1182 306 ALEXANDNNI
1200 277 1360 306 ARCHIEP.

1811 278 1861 305 ΗΞ

232 337 351 373 ιιιγειίιιίἰ
369 337 466 364 virtute
500 335 568 370 apud
597 343 626 363 se
641 336 820 373 nndcqnaquc
847 344 971 373 percepta
986 343 1011 364 et

1069 337 1184 373 ὶκριόῶς
1204 338 1218 364 ὁ
1235 338 1388 373 προφήτης,
1416 337 1453 369 ὡς
1479 337 1557 372 ἔφην,
1583 337 1784 371 ἐξεπαιδεύετο.
1817 337 1860 368 Ὠς

210 383 347 417 .cognita,
369 382 494 416 deinceps
507 382 638 410 Israclitis
665 383 756 410 futura
773 385 956 419 promulgare,
985 391 1010 412 et

229 427 390 455 calamitatis
406 427 479 455 brevi
495 437 541 456 eos
559 429 694 456 invasurae
709 430 833 457 nuntium
852 430 950 457 efferre
964 451 972 461 ,
987 435 1014 456 et

228 474 327 509 quibus
358 469 537 502 exacerbatus
562 475 598 502 sit
634 475 728 507 Deus,
755 475 905 502 clarissime
927 483 1013 510 expo-

229 526 292 546 nere
305 519 428 553 orditur;
442 525 471 547 ut
485 521 529 555 qui
547 520 693 555 puniuntur
705 521 793 548 sciant
816 527 845 547 se
862 521 916 555 pati
928 521 990 555 jure
1004 540 1011 553 ,

228 572 396 600 qmccunqne
405 573 451 593 eos
459 567 513 600 pati
524 566 677 601 contigerit.
686 566 753 593 Cum
764 566 834 594 enim
846 567 880 593 ab
890 567 1014 593 hostibus

229 610 353 645 cupiendi
374 615 474 644 essent,
490 617 515 639 ct
527 611 643 639 ludibrio
656 612 739 639 futuri
753 612 826 647 ipsos
840 616 916 639 antea
930 612 1014 639 admi-

229 657 397 689 rantibus,et
410 658 535 686 lsraelem
544 666 624 693 supra
638 666 732 686 onmcs
742 663 835 693 gentes
848 658 916 686 alias
930 666 1015 693 expu-

229 706 311 734 gnatn
322 701 507 729 difﬁcillimum
524 703 732 736 arbitrantibus,
745 710 778 730 ne
792 708 919 738 putarent
935 703 1013 730 auxi-

230 746 364 774 liatricem
375 753 401 774 et
411 748 585 776 servatriccm
600 757 709 776 manum
722 750 746 776 in
762 749 827 783 ipsis
842 749 1014 784 elanguisse;

229 793 276 819 sed
295 793 483 828 resipiscerent
498 796 597 828 potius,
612 799 638 822 et
659 795 692 822 ad
721 794 851 822 salutaria
870 801 1014 822 recurrere

234 838 419 871 instituerent.
446 841 597 874 cogitantes
623 841 686 876 quia
711 847 759 875 per
779 840 958 876 ignorantiam
975 839 1015 866 of-

231 884 364 910 fenderint
387 892 459 917 eum,
487 886 531 919 qui
563 892 673 912 scrvare
698 885 784 916 novit,
811 885 870 912 ideo
895 884 1015 912 divinam

230 930 296 956 iram
311 930 336 956 in
357 938 387 957 se
397 930 547 964 cxacuisse,
577 931 731 958 necessario
747 931 829 958 etiam
851 936 916 958 ante
940 930 1014 958 futu-

230 981 321 1001 roruut
347 976 574 1011 exspectationem
589 976 692 1004 scelera
710 984 804 1004 eorum
826 977 893 1012 ipsis
908 983 1014 1004 annun-

230 1020 293 1052 tiat,
320 1020 374 1056 64.
396 1007 427 1048 et
445 1022 482 1049 ait
500 1030 506 1048 ε
525 1031 535 1047 ι
557 1022 656 1050 Audite
683 1024 797 1050 verbum
822 1007 942 1055 Domini,
967 1021 1013 1049 lilii
1028 1007 1051 1036 Β

229 1065 320 1098 Israel,
345 1066 406 1100 quia
425 1067 555 1100 judicium
578 1068 690 1096 Domino
718 1068 751 1095 ad
774 1068 927 1096 habitantes
960 1072 1015 1094 ter-

229 1120 297 1138 ram.
317 1121 326 1138 ι
355 1111 459 1140 Judicio
483 1118 572 1140 autem
595 1114 734 1142 contendit
759 1122 820 1141 cum
846 1113 1012 1145 hominibus,

229 1165 390 1192 roargucns,
405 1167 457 1186 non
474 1159 637 1187 sententiam
667 1160 816 1194 excipiens,
841 1164 869 1187 et
885 1159 1014 1194 impiatati

233 1204 259 1230 in
273 1205 360 1238 ipsum
379 1205 504 1232 obnoxiis
532 1210 623 1240 aperta
641 1213 672 1233 ac
700 1206 770 1233 nuda
797 1212 890 1233 eorum
912 1205 1014 1232 scelera

230 1251 364 1285 proponit,
382 1250 458 1285 juxta
475 1251 550 1285 illud,
569 1252 688 1286 opinor:
709 1260 718 1277 t
737 1252 854 1287 Arguam
868 1256 904 1284 te,
920 1257 946 1278 et
958 1255 1014 1278 sta-

231 1302 305 1323 tuant
325 1302 419 1324 contra
440 1297 537 1325 faciem
555 1301 628 1324 tuam
643 1297 802 1332 iniquitates
821 1301 882 1325 tuas
897 1297 935 1329 ⁷⁸;
952 1307 960 1324 ι
982 1305 1015 1324 ne

231 1348 332 1369 Ictttcrc
347 1343 414 1370 iram
429 1344 454 1370 in
468 1351 497 1371 se
514 1343 640 1371 collatam
652 1343 744 1371 dicant
759 1352 767 1377 ;
789 1343 836 1370 sed
853 1347 882 1370 ut
896 1342 1015 1370 debitum

231 1389 378 1422 quoddam,
393 1393 420 1416 et
444 1389 571 1417 maximis
591 1388 789 1424 peccatoribus,
811 1392 838 1415 et
862 1388 1016 1416 necessario

230 1436 407 1470 persolutum.
434 1435 503 1469 Quid
527 1442 608 1470 porro
631 1434 698 1462 dicit
725 1434 770 1468 qui
791 1433 935 1468 disceptat,
960 1433 1017 1460 sive

229 1482 275 1517 qui
293 1481 401 1517 arguit?
427 1490 436 1508 ι
457 1479 516 1510 Non
545 1485 588 1508 est
608 1480 720 1512 veritas,
748 1487 797 1507 nec
817 1478 1015 1510 misericordia,

231 1536 282 1555 nec
296 1527 409 1554 scientia
425 1527 470 1554 Dei
491 1535 572 1562 super
593 1531 705 1554 terram.
723 1536 732 1553 ι
751 1526 827 1559 Quod
839 1525 948 1558 dicitur,
963 1533 1015 1552 non

231 1581 294 1601 esse
320 1574 474 1605 veritatem,
492 1573 518 1600 id
541 1573 671 1606 insinuat,
696 1577 724 1600 et
749 1573 941 1600 convenienter
966 1572 1015 1599 ad-

231 1621 352 1652 modum,
368 1619 437 1654 apud
451 1626 546 1647 omnes
562 1626 610 1654 per
633 1619 659 1646 id
674 1623 779 1653 tempus
801 1618 915 1645 multum
933 1617 1016 1646 fuisse

231 1665 440 1698 calumniarum,
462 1665 593 1700 perjurii,
616 1664 728 1692 fallacia:
752 1672 783 1692 ac
801 1664 866 1697 doli,
891 1668 1049 1711 extremae

233 1711 368 1738 malorum
394 1711 526 1738 omniunt.
555 1711 650 1738 Fuisse
675 1718 740 1738 vero
754 1718 804 1738 nec
825 1710 1014 1744 redamantes,

233 1764 283 1784 nec
308 1757 522 1784 misericordiam
549 1756 676 1784 habuisse
693 1757 775 1784 corde
795 1757 911 1791 rigidos,
930 1756 1018 1785 immi-

234 1808 286 1836 tcs,
303 1803 393 1830 animo
408 1803 576 1833 oblirtnatos.
596 1803 662 1831 satis
675 1804 818 1831 ostendere
829 1808 931 1839 potest,
946 1804 1017 1838 quod

233 1850 350 1882 dicitur,
375 1857 426 1876 non
451 1856 511 1876 esse
538 1850 608 1884 apud
631 1857 678 1877 eos
698 1849 925 1877 tniscricordiant.
954 1850 1017 1876 lisse

235 1902 323 1923 autem
339 1895 486 1930 voluptatis
499 1895 599 1930 potius,
616 1903 696 1930 quam
710 1895 757 1923 Dei
779 1901 913 1928 amantes,
926 1901 952 1923 et
966 1895 1018 1922 diis

234 1941 430 1970 comtnentitiis
457 1942 564 1976 penitus
585 1941 718 1975 addictos,
747 1942 861 1977 insuper
886 1941 1018 1974 declarat,

234 1997 297 2014 rum
320 1988 366 2015 Dei
391 1987 533 2015 scientiatn
562 1995 615 2014 non
639 1995 699 2015 esse
729 1988 756 2015 in
787 1988 866 2016 terris
892 1987 1017 2015 afﬁrmat.

232 2033 368 2060 l‘r:etcrca
394 2041 446 2060 non
475 2033 603 2060 indecens
629 2032 720 2066 fuerit,
747 2038 801 2060 tam
831 2034 908 2062 tetris
924 2053 932 2066 .
959 2039 986 2061 et
1004 2043 1019 2060 a

235 2079 339 2105 ratione
353 2078 447 2105 alienis
467 2078 538 2105 vitiis
551 2078 709 2111 obstrictos,
736 2079 864 2106 arbitrari
882 2087 916 2107 ne
938 2087 1019 2106 nosse

234 2124 342 2158 quidem
357 2123 471 2158 amplius
489 2124 571 2151 Deum
595 2133 601 2151 :
622 2124 755 2159 siquidem
772 2132 852 2152 nosse
875 2125 952 2152 illum
979 2125 1020 2152 di-

234 2172 319 2196 t'itttus
331 2178 391 2197 cmn
409 2170 476 2197 bene
494 2170 526 2197 de
543 2177 575 2197 eo
599 2161 746 2198 sentientes
770 2171 867 2198 divinat
892 2170 949 2204 ejus
973 2179 1021 2198 vo-

234 2217 328 2243 luntati
346 2217 573 2244 ohsecnndamus.
587 2217 714 2252 Adjungit
729 2217 783 2249 bis,
805 2225 815 2243 ι
833 2217 1020 2250 maledictum,

235 2265 419 2296 mendacium,
436 2264 626 2297 homicidium,
640 2263 754 2296 furtutn,
776 2263 940 2292 adulterium
956 2264 1021 2292 ellu-

233 2319 292 2338 sutn
310 2317 371 2337 esse
383 2317 464 2344 super
481 2313 592 2341 terram,
615 2314 642 2336 et
657 2309 765 2336 misceri
791 2310 935 2344 sanguines
956 2318 1020 2338 san-

1064 382 1110 410 οὖν
1126 384 1289 419 ἀποχρῶσαν
1306 383 1352 410 τοῦ
1374 384 1522 419 μυστηρίου
1535 385 1583 418 τὴν
1603 384 1720 419 δύναμιν
1739 391 1860 418 συναγησ

1065 429 1170 466 γερκὼς
1194 430 1222 456 ὲν
1246 429 1344 464 ἑαυτῷ,
1371 429 1483 464 ἄρχεται
1507 429 1598 456 λοιπὸν
1613 430 1668 460 τοῖς
1685 428 1715 460 ἐξ
1740 429 1861 463 αἵματος

1071 474 1176 510 Ἰσραὴλ
1191 475 1342 510 ἀναφωνεῖν
1353 475 1387 500 τὰ
1400 474 1539 510 μέλλοντα,
1554 475 1601 501 καὶ
1614 474 1664 509 τῆς
1674 474 1737 500 ὅσον
1751 473 1859 500 οὐδέπω

1064 521 1255 557 παρεσομένης
1271 521 1362 553 αὐτοῖς
1381 521 1522 556 συμφορᾶς
1535 520 1638 556 ἐναργῆ
1651 519 1791 546 ποιεῖσθαι
1809 519 1858 554 τὴν

1064 566 1212 602 πρόφασιν,
1234 566 1281 593 καὶ
1295 566 1330 593 τὰ
1354 566 1396 600 ἐφ’
1417 563 1458 597 οἷς
1475 565 1623 601 λελύπηται
1637 565 1715 598 Θεὸς,
1733 562 1764 591 εὖ
1786 563 1858 599 μάλα

1066 612 1225 648 διατρανοῦν
1237 620 1244 627 ·
1264 613 1296 639 ἶν’
1312 612 1407 639 εἰδεῖεν
1428 613 1453 638 oi
1471 610 1647 647 κολαζόμενοι
1670 611 1805 642 παθόντες
1830 611 1858 636 ὲν

1064 659 1136 695 δίκῃ,
1151 659 1184 686 τὰ
1199 660 1304 695 ὅσαπερ
1322 659 1355 685 ἂν
1367 658 1487 694 συμϐαίη
1505 657 1602 685 παθεῖν
1615 657 1723 690 αὐτούς.
1747 656 1859 691 Ἐπειδὴ

1065 704 1119 741 γὰρ
1136 704 1246 740 ἔμελλον
1262 704 1416 732 ἁλώσεσθαι
1432 704 1482 740 μὲν
1501 704 1547 730 ὑπ’
1563 703 1677 739 ἐχθρῶν,
1694 704 1734 736 είς
1750 702 1859 737 γέλωτα

1065 750 1094 777 δὲ
1109 751 1270 787 προκεῖσθαι
1283 751 1377 778 λοιπὸν
1388 752 1445 783 τοῖς
1460 750 1573 786 ἀρίστην
1587 749 1693 786 ἔχουσιν
1704 748 1797 776 αὐτῶν
1811 749 1859 784 τὴν

1065 796 1154 829 δόξαν,
1174 797 1221 823 καὶ
1237 796 1291 823 τῶν
1315 796 1403 824 ἀλλων
1420 796 1549 824 ἁπάντων
1565 795 1651 822 ἐθνῶν
1665 794 1858 822 δυσαλώτατον

1066 841 1199 877 ὑπάρχειν
1221 842 1356 878 οἰομένοις
1378 841 1424 868 τὸν
1453 840 1572 876 Ἰσραὴλ,
1593 840 1637 867 ἵνα
1658 839 1696 876 μὴ
1715 839 1859 875 νομίσειαν

1065 887 1136 914 κατά
1159 888 1229 921 σφᾶς
1247 887 1346 919 αὐτοὺς
1361 887 1409 922 τὴν
1427 886 1620 922 ὲπαμύνουσάν
1634 895 1664 913 τε
1692 886 1739 913 καὶ
1756 886 1859 918 σώζου-

1067 942 1116 960 σαν
1128 933 1260 968 ἀτονῆσαι
1271 933 1357 968 χεῖρα,
1371 932 1585 967 μεταγινώσκειν
1595 932 1624 958 δὲ
1637 931 1738 966 μᾶλλον
1754 931 1859 958 ἓλοιντό

1065 986 1095 1004 τε
1115 978 1162 1004 καὶ
1187 977 1256 1013 πρὸς
1270 977 1304 1003 τὰ
1313 977 1418 1013 ἀμείνω
1429 977 1632 1012 παλινδρομεῖν,
1646 976 1802 1007 ἐννοοῦντες
1817 977 1858 1003 ὅτι

1066 1022 1321 1058 προσκεκρούκασιν
1352 1022 1548 1058 ἀμαθαίνοντες
1574 1021 1613 1057 τῷ
1639 1021 1737 1054 σώζειν
1763 1022 1856 1053 εἰδότι,

1064 1069 1204 1103 ταύτῃτοι,
1221 1068 1269 1095 καὶ
1292 1068 1468 1095 πεπτώκασιν
1492 1068 1544 1095 ὑπὸ
1562 1068 1637 1095 θείαν
1652 1068 1748 1104 ὀργὴν,
1773 1068 1858 1102 ἀναγ-

1065 1115 1150 1146 καίως
1164 1114 1257 1145 αὐτοῖς
1272 1114 1320 1140 καὶ
1328 1113 1381 1149 πρό
1390 1122 1421 1147 γε
1436 1113 1488 1141 τῶν
1504 1113 1613 1140 ἔσεσθαι
1622 1113 1859 1150 προσδοκωμένων

1065 1160 1306 1196 προσαπαγγέλλει
1320 1160 1354 1186 τὲ
1373 1160 1543 1194 ἐγκλήματα.
1560 1160 1607 1187 καί
1619 1168 1717 1195 φησιν·
1737 1169 1746 1185 ι
1768 1159 1860 1186 Ἀκού-

1066 1213 1129 1231 σατε
1145 1205 1222 1239 λόγον
1241 1205 1353 1240 Κυρίου,
1378 1206 1404 1231 οἱ
1420 1205 1474 1232 υίοὶ
1503 1205 1625 1241 Ἰσραήλ·
1652 1205 1694 1231 ὅτι
1715 1204 1807 1240 κρίσις
1820 1204 1860 1239 τῷ

1065 1250 1160 1286 Κυρίῳ
1177 1251 1244 1286 πρὸς
1256 1251 1319 1282 τοὺς
1336 1250 1531 1282 κατοικοῦντας
1544 1250 1594 1286 τὴν
1609 1250 1670 1286 γῆν.
1693 1259 1702 1276 ι
1725 1251 1857 1286 Κρίνεται

1065 1296 1094 1324 δὲ
1115 1295 1183 1332 πρὸς
1199 1296 1359 1332 ἀνθρώπους
1375 1297 1452 1329 Θεὸς,
1473 1296 1602 1332 ἐλέγχων,
1618 1297 1648 1323 οὺ
1668 1296 1857 1331 δικαζόμενος,

1065 1342 1112 1369 καὶ
1127 1342 1286 1377 παρατιθεὶς
1301 1343 1357 1374 τοῖς
1378 1343 1419 1374 εἰς
1435 1342 1515 1369 αὐτὸν
1535 1342 1746 1377 δεδυσσεϐηκόσι
1766 1341 1858 1376 γυμνά

1065 1387 1100 1414 τὰ
1116 1387 1286 1422 ἐγκλήματα,
1301 1387 1362 1414 κατ’
1377 1387 1465 1414 ἐκεῖνό
1481 1395 1532 1413 που
1546 1387 1617 1422 τάχα
1636 1386 1668 1414 τὸ
1684 1387 1713 1413 ὲν
1727 1387 1854 1422 Ψαλμοῖς

1066 1433 1234 1469 ὑμνούμενον
1251 1441 1258 1448 ο
1275 1443 1284 1459 t
1308 1432 1425 1468 Ἐλέγξω
1447 1440 1488 1465 σε,
1513 1433 1560 1459 καὶ
1591 1433 1762 1468 παραστήσω
1788 1433 1859 1459 κατὰ

1066 1479 1210 1515 πρόσωπόν
1233 1487 1280 1505 σου
1304 1478 1352 1510 τὰς
1376 1479 1491 1513 ἀνομίας
1515 1487 1562 1506 σου
1576 1487 1583 1495 ·
1605 1487 1614 1504 ι
1637 1479 1680 1505 ἵνα
1704 1477 1742 1514 μὴ
1769 1478 1859 1514 μάτην

1065 1526 1156 1558 αὐτοῖς
1177 1525 1353 1561 ἐπενηνέχθαι
1369 1525 1496 1560 φάσκωσι
1521 1525 1569 1561 τὴν
1585 1525 1681 1562 ὀργὴν,
1695 1524 1753 1552 ἀλλ’
1777 1524 1816 1556 ὡς
1830 1525 1860 1551 ὲν

1065 1572 1222 1607 ὀφλήματος
1236 1571 1312 1605 τάξει
1327 1571 1430 1604 λοιπὸν,
1446 1572 1492 1599 καὶ
1505 1572 1561 1604 τοῖς
1579 1571 1613 1598 τὰ
1636 1572 1754 1607 μέγιστα
1768 1571 1859 1606 πλημ-

1067 1617 1159 1653 μελεῖν
1186 1618 1305 1651 εἰωθόσι,
1328 1618 1374 1644 καὶ
1392 1617 1422 1650 ἐξ
1438 1618 1560 1653 ἀνάγκης
1586 1617 1800 1652 συμϐαίνουσαν.
1827 1616 1860 1642 Τί

1065 1664 1094 1691 δέ
1110 1673 1191 1700 φησιν
1205 1665 1220 1692 δ
1234 1665 1404 1701 κρινόμενος,
1421 1665 1480 1700 ἦτοι
1496 1664 1660 1699 διελέγχων;
1681 1672 1690 1688 ι
1712 1664 1770 1690 οὐκ
1787 1662 1860 1689 ἐστιν

1067 1710 1190 1746 ἀλήθεια,
1212 1711 1272 1737 οὐδὲ
1296 1710 1380 1742 ἔλεος,
1401 1710 1461 1737 οὐδὲ
1484 1710 1630 1744 ἐπίγνωσις
1653 1709 1720 1737 Θεοῦ
1739 1710 1788 1736 ἐπὶ
1811 1710 1860 1744 τῆς

1067 1756 1129 1791 γῆς.
1153 1766 1162 1783 ι
1180 1757 1216 1783 Τδ
1232 1757 1281 1791 μὲν
1298 1754 1343 1783 οὖν
1360 1755 1489 1791 ἀλήθειαν
1512 1757 1549 1792 μὴ
1571 1754 1639 1783 εἶναι
1653 1756 1753 1790 λέγειν,
1774 1756 1861 1791 ὑπεμ-

1069 1803 1178 1838 φήνειεν
1196 1802 1229 1829 ἃν
1243 1802 1290 1828 καὶ
1306 1802 1378 1837 μάλα
1393 1803 1513 1834 εἰκότως,
1529 1803 1569 1829 δτι
1587 1801 1687 1837 πολλὴν
1703 1801 1779 1837 παρὰ
1792 1802 1861 1828 πᾶσι

1068 1849 1128 1875 κατ’
1146 1849 1232 1874 ἐκεῖνο
1246 1847 1343 1883 καιροῦ
1357 1847 1468 1882 γέγονεν
1481 1849 1496 1882 ὴ
1513 1847 1688 1882 συκοφαντία,
1711 1847 1860 1882 ψευδορκία

1068 1903 1097 1921 τε
1113 1894 1159 1921 καὶ
1178 1894 1281 1929 ἀπάτη,
1299 1894 1346 1921 καὶ
1360 1894 1444 1926 δόλος,
1467 1894 1502 1920 τὰ
1526 1894 1634 1921 πάντων
1654 1894 1784 1929 αἴσχιστα
1808 1894 1860 1920 τῶν

1069 1939 1171 1967 κακῶν.
1187 1940 1247 1967 Ὅτι
1261 1940 1288 1966 δὲ
1303 1938 1374 1975 ἦσαν
1396 1939 1570 1975 ἀφιλάλληλοί
1587 1949 1615 1966 τε
1631 1941 1678 1966 καὶ
1695 1940 1860 1976 ἀφιλοικτίρ·

1071 1995 1160 2022 μονες,
1185 1986 1311 2020 ἄτεγκτοι
1339 1994 1369 2012 τε
1393 1986 1440 2013 καὶ
1464 1986 1640 2022 ἀτεράμονες,
1664 1986 1710 2012 καὶ
1732 1987 1782 2013 τὸν
1801 1986 1860 2013 νοῦν

1069 2033 1282 2068 ἀπεσκληκότες,
1296 2032 1496 2068 ὖποσημήνειεν
1519 2032 1552 2059 ἂν
1573 2033 1604 2059 τὸ
1627 2032 1664 2068 μὴ
1688 2032 1760 2060 εἶναι
1775 2034 1859 2064 ἕλεος.

1072 2079 1132 2105 Ὅτι
1148 2078 1175 2104 δὲ
1192 2078 1327 2114 φιλήδονοι
1342 2078 1442 2113 μᾶλλον
1471 2079 1486 2113 ἢ
1502 2078 1628 2112 φιλόθεοι,
1645 2079 1692 2105 καὶ
1711 2079 1768 2111 τοῖς
1783 2080 1861 2113 ψευδ-

1070 2125 1189 2160 ωνύμοις
1214 2125 1284 2157 θεοῖς
1307 2125 1460 2162 δλοτρόπως
1489 2126 1702 2162 προσκείμενοι,
1735 2127 1862 2162 σαφηνιεί

1071 2172 1162 2205 πάλιν,
1177 2172 1324 2206 ἐπίγνωσιν
1340 2171 1407 2198 Θεοῦ
1423 2172 1461 2208 μὴ
1476 2170 1545 2198 εἶναι
1563 2172 1651 2206 λέγων
1673 2172 1718 2198 ἐπὶ
1733 2174 1785 2207 τῆς
1800 2173 1860 2207 γῆς.

1074 2218 1177 2250 ’Λλλως
1191 2227 1220 2244 τε
1233 2218 1332 2254 πρέποι
1346 2219 1378 2245 ἂν
1393 2218 1505 2250 εἰκότως
1522 2219 1578 2250 τοῖς
1597 2219 1657 2249 ταῖς
1674 2217 1745 2244 οὕτω
1763 2218 1862 2250 δειναῖς

1071 2263 1197 2296 ἀτοπίαις
1221 2264 1406 2300 ὲνισχημένοις
1421 2263 1469 2290 καὶ
1487 2263 1518 2291 τὸ
1538 2263 1626 2290 δοκεῖν
1647 2264 1696 2299 ἥδη
1714 2273 1773 2295 πως
1797 2264 1863 2298 μηδὲ

1072 2309 1170 2336 εἰδέναι
1184 2310 1260 2337 Θεόν.
1280 2309 1365 2346 Εἴπερ
1380 2309 1479 2336 εἰδέναι
1499 2309 1589 2344 φαμὲν
1603 2309 1683 2336 αὑτὸν
1701 2309 1862 2345 φρονοῦντος

233 2357 371 2391 guinibus.
390 2365 400 2380 ν
415 2355 499 2382 Audis
511 2355 647 2390 quomodo
659 2355 684 2382 in
698 2362 782 2390 genus
792 2363 874 2384 omne
887 2356 1016 2384 scelerum

1070 2356 1167 2392 ὀρθῶς,
1183 2357 1230 2383 καὶ
1243 2357 1306 2388 τοὺς
1319 2358 1374 2388 τοῖς
1399 2356 1481 2389 θείοις
1497 2355 1579 2383 αὑτοῦ
1596 2356 1747 2391 θελήμασιν
1762 2357 1863 2392 ἑπομέ-

235 2402 389 2437 prtccipites
408 2401 542 2434 abierint,
561 2405 587 2428 et
603 2401 672 2428 ultra
700 2401 767 2429 lines
786 2402 932 2438 impietatis
957 2412 1021 2439 pro-

234 2448 331 2483 gressi,
347 2448 379 2475 de
387 2448 490 2482 quibus
504 2454 594 2474 sermo
609 2453 661 2480 est,
677 2448 743 2475 nihil
755 2449 929 2483 quantumvis
944 2450 1022 2483 longe

235 2493 477 2520 insolentissimum
500 2493 670 2527 inexpertum
696 2493 876 2529 reliquerint?
903 2495 934 2522 Et
949 2496 1020 2530 quod

235 2540 278 2566 his
301 2540 388 2566 adhuc
405 2546 418 2564 a
435 2538 540 2566 ratione
562 2538 644 2566 distat
661 2539 779 2575 longius.
815 2549 824 2566 t
852 2541 998 2575 sanguines
1013 2560 1020 2572 ,

235 2585 332 2618 inquit,
358 2583 534 2618 sanguinibus
555 2584 680 2613 miscent.
701 2595 710 2612 ι
731 2585 787 2614 Hoc
815 2587 895 2613 etiam
913 2587 1019 2620 signum

235 2630 316 2656 luerit
342 2629 515 2657 manifestum
532 2650 540 2664 ,
565 2638 652 2665 neque
677 2632 798 2660 inducias
827 2633 958 2660 malorum
987 2633 1021 2660 ab

236 2676 269 2703 iis
294 2676 417 2709 admitti,
446 2684 533 2711 tteque
559 2676 712 2710 huiusmodi
749 2678 899 2706 facinorum
926 2686 1020 2713 perpe-

236 2726 352 2750 tratOrcs
377 2722 429 2749 ulla
455 2723 622 2758 ptenitudine
653 2728 738 2751 tactos
766 2732 884 2759 unquam
907 2723 1017 2758 fuisse;

234 2767 281 2794 sed
296 2768 405 2795 assiduo
420 2774 559 2803 peccatum
578 2773 689 2804 peccato
717 2769 869 2797 cumulare.
895 2769 948 2797 Sed
967 2771 1016 2797 ista

236 2813 341 2846 quidem
371 2822 418 2849 pro
445 2815 614 2849 expositione
645 2815 768 2843 faciliore
794 2822 826 2843 ac
856 2816 1021 2850 promptiore

236 2859 306 2886 dicta
321 2865 410 2887 sunto.

234 2905 362 2932 τετάσθαι
383 2907 431 2941 τὴν
455 2905 601 2941 ἁμαρτίαν.
624 2905 704 2934 ’Λλλά
727 2906 805 2932 ταυτὶ
837 2906 886 2941 μὲν
901 2907 1020 2942 είρήσοω

255 2994 278 3008 ⁷⁵
293 2993 363 3021 Psal.
384 3001 456 3027 am,
476 2993 524 3020 ‘Zl.

1074 2411 1146 2434 νους,
1155 2402 1328 2438 Προσεπάγει
1337 2402 1364 2429 δὲ
1374 2402 1487 2435 τούτοις,
1495 2403 1549 2429 ὅτι(
1561 2401 1638 2437 Ἀρὰ,
1646 2402 1692 2428 καὶ
1700 2401 1807 2436 ψεῦδος,
1818 2403 1863 2429 καὶ

1073 2449 1163 2484 φόνος,
1178 2449 1226 2476 καὶ
1242 2448 1338 2484 κλοπὴ,
1354 2449 1402 2476 καὶ
1423 2449 1530 2485 μοιχεία
1544 2450 1657 2485 κέχυται
1673 2449 1718 2475 ἐπὶ
1733 2448 1782 2483 τῆς
1803 2449 1863 2484 γῆς,

1073 2495 1121 2522 καὶ
1144 2495 1247 2530 αἵματα
1274 2495 1316 2529 ἐφ’
1329 2495 1425 2530 αἵμασι
1449 2495 1602 2531 μίσγουσιν.
1623 2504 1632 2520 ι
1657 2495 1781 2526 ’Λκοὺεις
1793 2495 1863 2525 ὅπως

1073 2541 1112 2573 είς
1127 2541 1203 2576 λῆξιν
1216 2541 1299 2576 ἦκασι
1317 2541 1417 2573 παντὸς
1437 2541 1533 2573 κακοῦ,
1548 2542 1596 2568 καὶ
1615 2541 1729 2568 ἀνοσίων
1741 2541 1860 2576 ἐγχειρηι
1886 2559 1887 2562 η

1075 2586 1167 2622 μάτων
1180 2586 1307 2613 ἐπέκεινα
1323 2586 1426 2618 λοιπὸν,
1436 2587 1460 2614 οἱ
1474 2587 1537 2623 περὶ
1546 2583 1584 2614 ὧν
1594 2588 1607 2614 δ
1619 2587 1708 2622 λόγος,
1723 2587 1778 2614 τῶν
1796 2587 1863 2621 ἄγαν

1072 2632 1350 2659 ὲκτοπωτάτωνοῦδὲν
1365 2632 1461 2665 ἐῶντες
1471 2633 1694 2668 ἀνεπιτήδευτον;
1710 2633 1766 2658 Καὶ
1785 2632 1814 2658 τὸ
1826 2631 1862 2657 ἔτι

1071 2676 1166 2703 τούτου
1180 2677 1414 2713 παραλογώτερον,
1426 2677 1530 2713 αἵματα
1542 2678 1583 2712 ἐφ’
1599 2678 1697 2712 αἵμασι
1719 2678 1858 2713 μίαγουσι,

1073 2723 1148 2759 φησί.
1171 2724 1286 2758 Σημεῖον
1313 2724 1334 2750 δ’
1355 2723 1388 2751 ἂν
1406 2723 1510 2758 γένοιτο
1533 2724 1580 2751 καὶ
1599 2724 1678 2750 τοῦτο
1698 2724 1795 2757 σασὲς,
1818 2721 1861 2748 τοῦ

1074 2771 1141 2805 μήτε
1164 2770 1309 2805 ἀνακωχὴν
1333 2770 1574 2805 παρεισκρίνεσοαι
1593 2770 1648 2801 τοῖς
1664 2771 1774 2800 κακοῖς·
1794 2769 1861 2804 μήτε

1076 2815 1129 2851 μὴν
1140 2816 1169 2841 ἐν
1185 2815 1352 2851 μεταγνώσει
1367 2815 1421 2842 τῶν
1435 2816 1643 2851 τετολμημένων
1658 2814 1785 2850 γενέσθαι
1802 2814 1862 2845 τοὺς

1075 2861 1247 2896 δεδρακότας,
1263 2861 1363 2896 συνεχῆ
1382 2861 1410 2887 δὲ
1426 2861 1520 2897 ὥσπερ
1539 2861 1587 2888 καὶ
1607 2859 1758 2896 ἐπάλληλον
1777 2868 1862 2896 παρα-

1055 2907 1122 2942 πρὸς
1142 2907 1305 2942 διασάφησιν
1321 2907 1370 2942 τὴν
1385 2907 1606 2942 προχειροτέραν.
