1913 3042
75 135 119 164 ii?)

538 133 814 162 COMMENTARILS
835 131 865 158 IN
885 131 998 160 OSILAId
1021 131 1238 159 ΡΠΟΡΗΕΤᾹΜ.

1645 135 1655 162 1
1666 135 1702 162 ιι

105 197 194 223 Ἐοικε
209 195 239 222 δὲ
258 197 341 224 πάλιν
353 196 368 222 ὁ
384 198 518 232 μακάριος
534 197 676 232 προφήτης
693 195 859 231 μυστικωτέ-

950 194 1059 220 Videtur
1075 200 1164 222 autem
1178 195 1271 221 beatus
1286 194 1415 229 propheta
1435 201 1540 222 rursum
1560 203 1688 222 ιιι-ρυιιςιιιι

77 250 118 275 ραν
135 241 272 268 ποιεῖσθαι
289 243 355 277 ἡμῖν
370 242 421 277 τὴν
435 242 583 277 ἀφήγησιν,
601 242 649 268 καὶ
670 242 860 268 καταιτιᾶσυαι

75 288 114 313 τὸν
132 287 244 322 Ἰσραὴλ
268 287 316 313 ἐπὶ
338 288 399 319 ταῖς
423 289 463 319 εἰς
487 287 602 322 Χριστὸν
626 287 789 323 παροινίαις,
814 287 861 313 καὶ

77 332 235 367 μιαιςςονίαις
259 334 322 364 ταῖς
337 334 377 365 είς
391 333 471 360 αὐτὸν
485 334 533 359 καὶ
546 333 648 367 ἁγίους.
669 343 678 359 ε
698 333 795 369 Κρίσις
807 333 862 368 γὰρ

76 377 108 412 τῷ
124 377 217 413 Κυρίῳ
232 377 306 412 πρὸς
318 379 382 410 τοὺς
396 378 588 409 κατοικοῦντας
610 378 660 414 τὴν
672 379 733 414 γῆν.
754 388 763 404 ι
791 378 860 405 Ἀνθ“

76 424 139 452 inoo.
156 422 202 448 καὶ
220 423 270 449 ἐπὶ
286 423 377 457 τίσινς
407 423 546 459 Ἐπεφάνη
571 424 624 459 γὰρ
637 425 736 459 ἡμῖν-ὁ
762 424 862 460 Κύριος

77 467 146 503 ἡμῶν
163 468 271 500 Ἰησοῦς
287 470 301 495 ὁ
318 470 446 506 Χριστὸς,
463 470 509 496 καὶ
521 471 673 506 ἀπεστάλη,
689 471 760 497 καθά
782 479 862 506 φησιν

77 513 157 545 αὐτὸς,
172 523 181 539 ι
199 514 249 546 Εἰς
263 514 300 541 τὰ
313 515 472 542 ἀπολωλότα
487 516 611 551 πρόϐατα
626 516 700 543 οἴκου
719 517 836 552 Ἰσραὴλ.
851 526 860 542 ›

78 561 115 587 iva.
128 559 230 596 φωτίσῃ
255 561 293 597 τῇ
319 561 365 588 διὰ
381 561 537 597 Πνεύματος
561 561 688 597 δᾳδουχίᾳ
708 562 772 594 τοὺς
786 562 865 589 ἐσκο-

78 606 221 641 τισμένους,
248 607 294 633 tua
316 607 368 643 τῆς
383 607 496 643 νομικῆς
519 608 674 640 ἀπαλλάξας
698 608 787 639 σκιᾶς,
808 609 864 640 τοῖς

81 652 120 687 ’.ἧς
134 652 250 687 ἀληθοῦς
266 653 399 688 λατρείας
414 653 550 689 ὲμϐιϐάσῃ
562 653 683 689 τρόποις,
700 653 742 680 ἵνα
755 653 864 680 δικαιώ-

81 706 122 728 σας
135 698 166 732 τῇ
192 697 288 723 πίστει
313 697 377 729 τοὺς
396 699 456 729 ταῖς
479 698 625 733 ἁμαρτίαις
642 698 863 733 ἐνειλημμένους,

81 742 175 779 συνάψῃ
188 742 221 769 δι’
238 743 341 770 ἑαυτοῦ
358 743 397 779 τῷ
413 744 471 778 Θεῷ
487 744 534 770 καὶ⁸
548 743 645 779 Πατρί.
661 743 730 770 Ἀλλ’
742 743 792 770 οὐκ
806 743 864 770 £56-

80 795 116 813 κει
139 788 246 822 φρονεῖν
269 787 361 823 ὀρθῶς
386 789 442 820 τοῖς
465 788 495 821 ἐξ
524 789 641 824 Ἰσραήλ.
665 788 716 815 Τὸν
739 788 794 825 γὰρ
818 788 864 815 ἐπὶ

80 832 171 864 τούτοις
185 832 216 865 ἐξ
232 833 263 859 οὔ
269 834 361 868 ρανιῖΝ
375 834 524 869 ἀφιγμένον
536 834 744 870 ἐκϐεὸλήκασινκ
767 834 863 861 ἀπεδο-

912 240 1055 274 quauulam
1069 246 1096 268 et
1110 241 1250 276 mysticam
1263 240 1339 268 nobis
1352 240 1535 268 narrationem
1550 242 1695 272 adducere.

912 291 941 312 ct
963 285 1089 313 Israelem
1113 291 1223 321 propter
1241 287 1471 314 debacchationes
1491 287 1518 314 in
1541 287 1696 317 (lin-istum.

912 335 939 358 ct
954 331 1041 358 caedes
1058 331 1084 358 in
1107 330 1193 365 ipsum
1212 336 1240 358 et
1260 337 1370 359 sanctos
1387 331 1447 366 ejus
1468 331 1629 358 conuuissas
1652 338 1697 358 ac-

914 384 1020 404 cusare.
1051 386 1060 402 ι
1091 375 1226 404 Judicium
1248 378 1321 405 enim
1346 378 1522 406 Domino-ad
1542 378 1698 405 habitantes

914 427 1025 449 terram.
1044 432 1053 448 ι
1065 422 1211 455 Quorsum,
1236 428 1262 450 et
1278 424 1376 458 quibus
1398 424 1431 451 de
1445 424 1697 458 causisi-Apparuit

913 469 984 495 enim
999 468 1075 495 nobis
1091 468 1221 495 Dominus
1235 473 1328 496 noster
1340 468 1420 497 Jesus
1436 470 1573 502 Christus,
1589 475 1616 497 et
1633 470 1700 496 mis-

913 521 970 546 sus,
987 514 1056 541 sicut
1080 514 1119 540 ait
1138 514 1255 549 ipseIad
1274 521 1339 542 oves
1359 522 1420 549 quae
1443 516 1581 550 perierunt
1603 517 1700 542 domus

915 559 996 586 Israel
1011 560 1045 592 ",
1065 569 1073 585 ι
1093 559 1146 595 e5
1162 564 1192 587 ut
1208 560 1328 588 tenebris
1339 564 1448 594 opertos
1462 560 1579 594 Spiritus
1595 561 1699 588 facibus

915 604 1100 638 illuminaret;
1121 610 1149 632 ut
1167 605 1298 639 legalibus
1320 606 1423 632 umbris
1444 606 1585 640 expeditos
1601 607 1633 632 ad
1655 613 1699 632 vo-

915 658 972 677 ram
991 651 1074 678 divini
1086 651 1177 679 cultus
1187 659 1310 679 normam
1336 652 1530 682 lutrmluceret.
1547 652 1699 686 quovjusti-

916 696 1008 723 licatos
1022 704 1069 732 per
1081 697 1172 731 tidem,
1184 698 1229 733 qui
1243 699 1595 733 erantpeccatisimpliciti,
1615 706 1662 733 per
1670 705 1701 725 se

915 749 975 768 cum
989 742 1043 770 Deo
1056 748 1083 770 et
1094 743 1173 771 Patre
1183 744 1371 780 conjungeret.
1386 744 1486 771 Verum
1498 744 1590 772 lsraeli
1599 752 1650 771 non
1660 748 1702 771 est

915 787 1001 814 visum
1015 795 1121 822 sapere.
1139 789 1213 817 Illum
1228 797 1344 824 namque
1359 790 1404 825 qui
1420 789 1499 823 hujus
1509 798 1574 825 ergo
1586 791 1618 817 de
1631 789 1702 817 caelo

916 839 1037 866 venerat,
1051 834 1200 870 ejecerunt,
1220 835 1401 869 reprobaruut
1417 836 1559 862 veritatem
1578 840 1606 863 et
1621 837 1702 862 mise-

81 879 198 917 κίμασαν,
209 879 262 905 οὐκ
274 879 413 915 ἠθέλησαν
422 880 494 915 ἔχειν
505 881 534 907 ὲν
548 881 653 912 ἑαυτοῖς
662 880 711 916 τὴν
725 880 862 916 ἀλήθειαν,

919 878 1070 912 ricordiam,
1086 879 1227 907 scientiam
1239 879 1283 907 Dei
1298 885 1324 907 et
1336 879 1424 908 Patris
1437 888 1528 908 secum
1543 881 1644 907 habere
1655 888 1703 908 uo-

80 923 106 949 τὸ
130 923 216 956 ἔλεος,
246 924 299 959 τῆν
334 925 481 959 ἐπίγνωσιν
509 925 555 952 τοῦ
578 925 647 952 Θεοῦ
679 926 724 952 καὶ
745 926 863 961 Πατρός.

82 969 138 996 Ὄτι-
151 969 204 1005 γὰρ
218 970 340 1006 ἀλήθειά
353 971 384 998 τέ
401 973 458 998 ἐστι
481 972 528 998 καὶ
550 972 624 1003 ἕλεος
649 973 662 998 ὁ
688 973 817 1007 Χριστὸς,
833 972 864 998 οὐ

83 1015 195 1050 μακρῶν,
211 1014 303 1051 οἶμαι,
328 1017 421 1052 δεήσει
445 1017 512 1052 πρὸς
535 1018 670 1049 ἀπόδειξιν
686 1017 783 1052 λόγων,
799 1018 866 1044 ἀπο-

82 1060 179 1095 χρώσης
193 1062 233 1093 είς
249 1061 333 1088 τοῦτο
347 1063 397 1098 τῆς
419 1062 597 1089 θεοπνεύστου
621 1063 742 1098 Γραφῆς,
765 1063 823 1090 ἄνω
837 1072 866 1090 τε
881 1057 891 1065 “

83 1106 123 1131 καὶ
138 1106 209 1131 κάτω
225 1105 349 1141 Χριστὸν
368 1106 553 1142 ὀνομαζούσης
569 1107 634 1142 ἡμῖν
647 1107 730 1138 ἔλεος,
746 1107 793 1133 καὶ
806 1106 868 1142 ἀλή-

85 1151 256 1187 θει1[ν].”οτι
271 1152 301 1179 δέ
317 1154 375 1179 ὲοτι
390 1153 441 1179 καὶ·
449 1153 595 1187 ἐπίγνωσις
605 1153 868 1188 Θεοῦ,διαμάοοιτις

83 1197 110 1223 ἂν
134 1198 178 1224 καὶ
200 1198 260 1224 Αἶαν
285 1198 411 1231 ἀκονιτὶ,
438 1199 595 1233 σαφέστατά
619 1207 648 1226 τε
674 1199 721 1225 καὶ
745 1197 868 1234 ἐναργῶς

84 1243 156 1269 αὑτοῦ
171 1243 398 1279 διακεκραγότος·
416 1253 425 1270 ι
447 1245 476 1271 ’0
486 1243 616 1280 ἑωρακὼς
632 1244 694 1279 ἐμὲ,
708 1243 815 1279 ἑώρακε
823 1243 868 1270 τὸν

84 1288 190 1323 Πατέρα.
197 1298 259 1314 ›-‹
266 1290 291 1316 Κ
297 1289 463 1325 ρίσιςτοίνυν
471 1289 509 1325 τῷ
517 1290 621 1325 Κυρίῳ,
629 1289 721 1324 φησιν,
730 1289 796 1324 πρὸς
806 1289 869 1320 τοὺς

85 1334 268 1367 κατοικοῦντας
288 1336 340 1371 τὴν
356 1336 408 1371 γῆν
418 1344 425 1350 ·
440 1345 449 1362 ι
465 1335 544 1371 δῆλον
557 1335 586 1362 δὲ
605 1335 646 1362 ὅτι
664 1334 713 1370 τὴν
729 1334 782 1361 τῶν
802 1335 869 1361 Ἰου-

85 1380 156 1407 δαίων
167 1389 175 1396 ·
192 1382 234 1408 ενι-ι
258 1382 297 1417 μὴ
312 1382 357 1408 ὅτε
372 1382 436 1417 παρ’
452 1382 542 1414 αὐτοῖς
556 1383 572 1417 ἡ
592 1381 706 1416 ἀλήθειά
721 1389 751 1407 τε
767 1382 814 1407 καὶ
839 1381 869 1408 τὸ

917 923 1033 953 iueruut.
1045 924 1181 953 Christum
1191 926 1262 953 enim
1273 933 1333 954 esse
1346 926 1488 953 veritatem
1501 932 1529 953 et
1545 927 1701 954 misericor-

917 969 988 996 diam
1003 978 1055 997 non
1068 971 1119 998 erit
1130 979 1249 1005 necesse,
1261 976 1290 999 ut
1302 973 1438 1004 existimo,
1451 973 1541 1000 multis
1553 973 1642 1000 verbis
1657 973 1704 1000 de.

918 1021 1079 1050 monstrare,
1091 1024 1152 1044 cum
1167 1018 1200 1046 ad
1211 1018 1264 1046 hoc
1279 1019 1406 1046 divinitus
1420 1019 1549 1054 inspirata
1564 1019 1703 1053 Scriptura

917 1061 1031 1090 subiciat
1045 1070 1052 1088 :
1068 1070 1127 1098 quae
1142 1064 1240 1098 passim
1251 1064 1391 1092 Christum
1401 1065 1543 1092 veritatem
1559 1069 1586 1092 et
1599 1064 1704 1092 miseri-

917 1107 1125 1135 cordiam-nobis
1138 1108 1264 1136 inculcat.
1279 1108 1344 1136 Esse
1352 1113 1441 1136 autem
1449 1109 1634 1140 et‘scientiam,
1647 1109 1704 1136 sive

918 1154 1083 1188 agnitionem
1097 1154 1155 1187 Dei,
1172 1155 1276 1182 discere
1287 1159 1374 1189 potest
1386 1155 1517 1189 quispiam
1527 1155 1568 1182 rel
1578 1155 1646 1182 citra
1663 1155 1704 1181 ul-

919 1199 972 1225 lum
985 1199 1119 1234 negotium
1133 1199 1308 1227 manifesteet
1319 1200 1477 1228 clarissimis
1484 1200 1574 1228 verbis
1588 1201 1647 1235 ipso
1654 1200 1706 1227 cla-

920 1248 1025 1272 mante:
1040 1254 1049 1270 ι
1061 1244 1112 1278 Qui
1123 1245 1190 1272 vidit
1202 1252 1256 1279 me,
1268 1245 1335 1273 vidit
1347 1251 1375 1273 et
1385 1245 1492 1273 Patrem
1504 1253 1592 1273 meum
1599 1246 1649 1273 ".n
1664 1245 1705 1271 lu-

919 1290 976 1324 quit
984 1289 1091 1326 igitum
1101 1291 1233 1326 judicium
1244 1292 1357 1320 Domino
1365 1293 1398 1320 ad
1405 1292 1558 1320 habitantes
1568 1297 1679 1324 terram,
1692 1300 1704 1318 ι

919 1336 978 1364 sine
997 1338 1182 1365 controversia
1193 1337 1347 1366 Iudaeorum
1364 1343 1477 1372 terram,
1493 1338 1619 1373 quoniam
1636 1337 1706 1372 apud

919 1389 966 1409 eos
977 1383 1091 1418 amplius
1099 1391 1151 1412 non
1161 1385 1424 1418 exstabantveritas,
1432 1389 1459 1412 et
1474 1383 1670 1415 misericordia,
1681 1387 1707 1410 et

87 1426 159 1458 ἕλεος,
187 1430 235 1453 καὶ
251 1428 268 1462 ἡ
293 1428 444 1462 ἐπίγνωσις
465 1428 512 1454 τοῦ
535 1427 643 1463 Πατρός
655 1435 662 1443 ο
678 1426 800 1463 κρίνεται
819 1427 867 1461 μὲν

919 1429 1031 1457 scientia
1046 1429 1143 1458 Patris.
1160 1430 1300 1465 Discrepat
1311 1430 1393 1465 igitur
1402 1437 1462 1457 cum
1473 1430 1523 1457 ista
1538 1437 1589 1456 non
1607 1429 1708 1456 haben-

87 1470 126 1499 οὖν
141 1473 205 1508 πρὸς
216 1473 282 1505 τοὺς
297 1473 332 1500 τὰ
346 1474 433 1500 τοιάδε
448 1474 484 1509 μὴ
495 1473 615 1508 ἔχοντας.
627 1472 829 1507 Διαπεφεύγασι
841 1472 867 1498 δὲ

921 1476 1004 1503 tibus.
1035 1475 1194 1511 Eﬁugerunt
1211 1481 1300 1503 autem
1318 1480 1364 1502 aut
1380 1475 1510 1510 judicium
1538 1475 1706 1502 subeundum

88 1517 113 1543 τὸ
124 1517 258 1552 κρίνεσθαι
280 1518 350 1553 πρὸς
366 1518 456 1550 αὐτὸν,
474 1519 532 1553 ἦτοι
555 1518 623 1554 πρὸς
643 1517 735 1548 αὐτοῦ,
750 1518 800 1553 τὴν
823 1518 867 1544 πί-

921 1522 1050 1549 adversus
1061 1522 1360 1557 ipsum;autjudicium
1374 1521 1565 1556 perferendum
1583 1522 1617 1549 ab
1635 1523 1706 1555 ipso,

89 1571 138 1588 στιν
161 1563 184 1588 οὶ
211 1564 433 1599 προσηκάμενοι.
459 1564 514 1590 Καὶ
536 1564 615 1590 τοῦτο
638 1562 705 1589 αὐτὸ
729 1563 814 1597 σαφὲς
835 1563 867 1590 ἂν

924 1567 1001 1594 [idem
1028 1555 1172 1602 complexi.
1193 1555 1269 1602 Quod
1293 1555 1465 1603 perspicuum
1489 1568 1534 1595 ﬁet
1563 1575 1595 1595 ex
1616 1568 1707 1600 verbis

89 1608 191 1642 γένοιτο,
216 1609 338 1645 Χριστοῦ
366 1609 491 1643 λέγοντος
511 1609 608 1636 πάλιν·
638 1618 648 1634 σ
674 1609 771 1644 Ἀμὴν,
797 1609 867 1644 ἀμὴν

921 1612 1021 1639 Christi
1040 1613 1136 1640 iterum
1151 1614 1264 1642 dicentis
1278 1623 1284 1641 :
1304 1622 1314 1640 ι
1335 1613 1432 1647 Amen,
1447 1621 1524 1640 amen
1539 1613 1598 1640 dico
1619 1613 1706 1646 vobis,

89 1655 151 1688 λέγω
166 1656 241 1690 ὑμῖν,
265 1656 281 1682 ὁ
302 1655 440 1682 πιστεύων
460 1656 500 1688 εις
516 1655 577 1691 ἐμὲ,
594 1655 650 1691 ἔχει
666 1654 738 1691 ζωὴν
753 1655 867 1688 αἱὼνιοντ

923 1658 968 1693 qui
986 1659 1071 1686 credit
1086 1659 1112 1686 in
1125 1668 1178 1692 me,
1206 1660 1287 1687 habet
1308 1660 1391 1687 vitam
1409 1665 1551 1692 mternam,
1564 1663 1591 1686 et
1613 1658 1641 1685 in
1662 1658 1706 1694 ju-

91 1700 131 1727 ·ιιιὶ
150 1702 188 1733 είς
201 1702 296 1737 κρίσιν
309 1702 359 1728 οὐκ
379 1701 499 1737 ἔρχεται.
520 1711 529 1728 ι
547 1702 580 1728 Τί
595 1701 683 1728 τοίνυν
698 1702 738 1735 τὸ,
758 1711 767 1727 ι
787 1702 867 1737 Κεχυ-

923 1703 1022 1730 dicium
1037 1711 1089 1731 non
1103 1705 1177 1732 venit
1193 1705 1227 1732 ⁷⁹.
1249 1714 1258 1732 ι
1276 1705 1345 1739 Quid
1361 1713 1425 1740 ergo
1438 1709 1480 1732 est
1496 1714 1505 1731 (
1527 1703 1640 1731 eﬂusum
1664 1712 1709 1730 su-

93 1746 163 1780 μένον
181 1748 226 1773 ἐπὶ
249 1747 301 1782 τῆς
325 1748 397 1782 γῆς;
417 1746 493 1782 Ἀρὰ,
508 1747 555 1773 καὶ
577 1746 684 1781 ψεῦδος,
707 1747 754 1774 καὶ
783 1746 867 1781 φόνος,

924 1757 972 1784 per
988 1750 1107 1778 terram?
1122 1751 1288 1784 Maledictio,
1302 1757 1329 1779 et
1343 1751 1525 1784 mendacium,
1542 1755 1568 1777 et
1592 1749 1709 1777 homici-

92 1793 134 1818 καὶ
148 1792 243 1828 κλοπὴ,
260 1793 309 1819 καὶ
327 1792 433 1827 μοιχεία
443 1800 450 1807 °
466 1793 511 1819 καὶ
532 1793 635 1828 αἵματα
660 1793 703 1827 ἐφ’
719 1793 816 1828 αἵμασι
831 1792 867 1828 μί-

924 1796 1010 1829 dium,
1022 1800 1049 1824 et
1064 1796 1178 1830 iurtum,
1193 1802 1219 1824 et
1235 1787 1407 1828 adulterium.
1420 1801 1446 1824 et
1458 1797 1569 1831 sanguis
1582 1795 1707 1831 sanguini

75 1857 77 1859 .
95 1847 188 1872 σγουσι.
208 1849 217 1864 ι
234 1839 291 1866 Καὶ¹
319 1839 361 1870 τίς
382 1839 399 1874 ἡ
423 1839 495 1874 ἁρά;
514 1838 670 1866 Καταλαλιὰ
690 1840 736 1866 καὶ
767 1838 845 1874 ὓσρις
859 1845 865 1853 ·

926 1843 1031 1870 mistus.
1055 1852 1066 1869 ι
1092 1843 1220 1877 Qurenam
1243 1843 1417 1870 maledictio?
1464 1842 1633 1870 Obtrectatio
1651 1862 1659 1874 ,
1684 1845 1709 1868 ct

93 1883 266 1910 διαλελοίπασι
294 1884 350 1920 γὰρ
372 1884 497 1919 οὐδαμῶς
515 1884 570 1910 τῶν
599 1884 732 1920 Ἐϐραίων
748 1884 773 1910 ot
792 1884 863 1919 δῆμο

925 1888 1104 1922 contumelia;
1128 1896 1264 1923 nunquam
1280 1889 1351 1917 enim
1367 1889 1479 1924 populus
1495 1888 1648 1916 Judaeorum
1663 1887 1707 1915 Je-

94 1930 306 1965 περιυῦρξζοντες
327 1930 373 1956 τὸν
391 1930 494 1965 Ἰησοῦν
517 1929 610 1966 ἀθύρῳ
631 1938 661 1956 τε
690 1930 738 1957 καὶ
757 1930 867 1965 ἀχαλίνιι

926 1941 984 1961 sum
1007 1934 1283 1961 contumeliosissime
1299 1941 1399 1961 vexare
1423 1933 1538 1965 destitit,
1561 1932 1710 1967 imprudenti

94 1975 191 2011 γλώσσῃ
205 1975 484 2011 κατεπεμσαίνοντες,
497 1975 535 2007 ὡς
551 1976 615 2002 ποτὲ
630 1976 678 2011 μὲν
691 1975 867 2012 Σαμαρείτην

926 1983 952 2006 et
967 1978 1096 2006 effrenata
1112 1979 1200 2014 lingua
1218 1979 1244 2006 in
1258 1987 1318 2006 eum
1335 1979 1479 2010 insultans,
1505 1984 1533 2005 ut
1550 1979 1629 2006 modo
1654 1977 1711 2005 Sa-

95 2022 152 2048 τιοτὲ
164 2022 189 2048 δὲ
205 2022 323 2056 μέθυσον
340 2022 497 2054 ἀποκαλεῖν,
513 2022 560 2048 καὶ
574 2023 605 2048 ὲκ
622 2022 751 2057 πορνείας
765 2030 867 2057 γεγενηι

927 2024 1100 2056 maritauum,
1116 2025 1195 2051 modo
1210 2025 1346 2051 ebriosqu
1364 2024 1510 2058 appellaret
1523 2024 1558 2056 ⁸⁸,
1571 2029 1599 2050 et
1610 2031 1644 2050 ex
1653 2023 1711 2050 for-

97 2067 175 2101 μένον.
194 2069 291 2103 ᾯοντο
312 2068 367 2104 γὰρ
382 2068 451 2095 κατὰ
467 2069 547 2102 σφᾶς,
565 2069 614 2104 τὴν
628 2068 708 2102 ἁγίαν
728 2067 867 2103 μεμοιχεῦ¹

928 2071 1061 2097 nicatione
1087 2071 1256 2105 progenitum
1269 2071 1371 2098 diceret
1395 2078 1402 2096 τ
1429 2070 1612 2105 opinabantur
1637 2069 1710 2096 enim

98 2114 150 2141 σθαι
167 2115 317 2151 Παρθένον.
330 2115 435 2142 Οὐκοῦν
450 2115 467 2150 ἡ
482 2115 536 2150 ἀρὰ
557 2115 605 2150 μὲν
620 2115 649 2141 ἐν
669 2115 782 2146 τούτοις.
801 2116 867 2142 Και-⁴

927 2115 995 2149 apud
1010 2114 1115 2142 animos
1133 2122 1215 2147 suos,
1242 2120 1363 2143 sanctam
1387 2114 1526 2150 Virginem
1551 2117 1711 2147 constupra-

97 2159 228 2192 εῷεύδοντο
250 2161 280 2187 δὲ
306 2160 418 2196 καὶτῆς
431 2160 510 2196 δόξης
534 2159 626 2192 αὐτοῦ,
640 2160 778 2195 δαιμόνιον
804 2159 867 2195 ἑχειι

928 2165 993 2187 tam.
1012 2160 1163 2189 Maledictio
1193 2161 1284 2196 itaque
1305 2161 1331 2188 in
1359 2161 1400 2188 his
1427 2161 1514 2195 posita
1537 2160 1710 2195 intelligitur.

97 2204 210 2237 ὶὲγοντες
223 2206 317 2240 αὑτὸν,
336 2205 384 2233 καὶ
404 2206 463 2237 ταῖς
486 2205 533 2232 τοῦ
558 2205 706 2238 Βελζεὸοὺλ
727 2205 867 2240 δυνάμεσιι

928 2206 1126 2233 Meutiebantur
1143 2207 1208 2234 item
1222 2207 1354 2234 adversus
1388 2207 1501 2241 gloriam
1529 2206 1589 2240 ejus
1603 2227 1611 2239 ,
1638 2205 1711 2232 afﬁr-

98 2249 269 2285 ἀπονέμοντες
291 2252 340 2283 τὰς
355 2251 527 2286 θεοσημείας.
543 2251 604 2277 Ὅτι
624 2250 652 2277 δὲ
671 2251 718 2277 καὶ
735 2251 867 2285 μιαιφόνον

930 2257 1034 2280 tnanles
1051 2253 1150 2280 habere
1165 2253 1336 2285 daemonium,
1356 2259 1382 2279 et
1400 2253 1490 2279 divina
1511 2252 1640 2280 miracula
1659 2253 1712 2278 vir-

99 2296 135 2322 ἐπ’
153 2296 230 2331 αὐτῷ.
244 2297 296 2333 τὴν
311 2297 430 2324 διάνοιαν
451 2297 600 2332 ἐσχηκότες
623 2296 712 2324 ἁλοῖεν
726 2296 770 2329 ἂν,
793 2297 867 2323 εἰδείη

930 2299 979 2325 tuti
987 2298 1136 2327 Beelzebub
1144 2299 1312 2327 ascribentes
1320 2299 1394 2327 ³¹-⁸¹.
1403 2299 1532 2327 Convinci
1548 2299 1629 2326 etiam
1648 2306 1712 2333 pos-

98 2348 133 2372 τις
148 2341 177 2373 ay
189 2342 242 2373 ἀπό
252 2350 284 2376 γε
297 2341 343 2368 τοῦ
355 2341 437 2371 λίθοις
448 2341 593 2377 βεϐλῆσθαι
606 2341 737 2373 πολλάκις
747 2342 812 2377 παρ’
827 2342 867 2368 αὺ-

929 2350 991 2372 sunt
1012 2350 1128 2372 mentem
1140 2345 1198 2380 ejus
1218 2345 1397 2372 interﬁciendi
1421 2345 1547 2379 cupidam
1571 2349 1706 2379 gestasse.

98 2387 145 2413 τῶν
156 2389 198 2414 τὸν
216 2388 406 2424 Ἐμμανουήλ·
424 2387 642 2423 ἀποκομισθῆναι
659 2387 687 2413 δὲ
710 2387 757 2413 καὶ
780 2386 876 2422 μέχρις

99 2434 173 2469 αὐτῆς
189 2435 289 2470 ὀφρύος
305 2434 352 2461 τοῦ
373 2435 461 2470 ὅρους.
477 2434 521 2460 ἵνα
537 2433 795 2469 κατακρημνίζοιτο.
822 2433 876 2460 Καὶ

100 2479 124 2505 οὐ
148 2480 226 2515 μέχρι
248 2480 350 2507 τούτων
372 2480 407 2506 τὰ
434 2480 612 2515 ἐγκλήματα·
636 2478 816 2514 ὲκτετίμηντο
847 2479 876 2506 δὲ

100 2524 151 2551 λίαν
165 2527 210 2552 καὶ
225 2526 256 2552 τὸ
269 2526 363 2561 χρῆμα
376 2526 426 2560 τῆς
447 2525 552 2560 κλοπῆς
562 2533 569 2540 ·
588 2525 802 2559 κατεμισθοῦντο
822 2525 876 2560 γὰρ

101 2569 137 2595 ἐπ’
159 2570 241 2606 αὐτῷ,
268 2571 315 2597 τὸν
330 2571 462 2606 προδότην
487 2570 597 2604 Ἰούδαν,
619 2570 665 2597 τὸν
685 2571 877 2607 αἰσχροκερδῆ,

101 2616 141 2641 καὶ
154 2617 358 2643 κλεπτίστατον.
377 2617 474 2652 Μοιχοὶ
497 2617 525 2643 δὲ
545 2616 639 2652 ὥσπερ
652 2616 726 2648 τινὲς
743 2616 877 2652 ἀλιτήριοι

101 2663 231 2695 γεγονότες
253 2664 277 2689 οἱ
298 2663 438 2699 Φαρισαῖοι
462 2663 512 2698 τῆς
549 2662 682 2690 Ἰουδαίων
706 2663 877 2698 συναγωγῆς,

102 2707 241 2735 ἀπεσόϐουν
256 2708 305 2744 μὲν
320 2708 406 2743 αὐτῆς
419 2708 465 2734 τὸν
479 2707 509 2740 ἐξ
521 2707 636 2743 οὐρανοῦ
655 2708 782 2743 νυμφίον,
799 2716 878 2735 τουτ-

135 2795 155 2810 ¹⁷
174 2795 267 2823 Matth.
283 2802 328 2828 xv,
344 2795 396 2829 24;
411 2795 487 2823 Joan.
504 2803 560 2828 xtv,
574 2795 601 2822 9.
652 2795 674 2811 ⁷³
687 2795 764 2822 Joan.
779 2803 805 2828 ν,
821 2796 866 2822 24.

103 2829 151 2863 24;
165 2830 242 2858 Joau.
264 2838 324 2863 vm,
345 2830 388 2858 48.
426 2831 448 2847 ⁸³
463 2831 530 2858 Luc.
547 2839 585 2863 IV,
600 2831 643 2857 27.
683 2832 704 2846 ⁸⁸
720 2831 786 2858 Luc.
803 2839 839 2862 vt,
853 2831 897 2859 16.

919 2796 941 2812 ⁸ο
961 2795 1038 2822 Joau.
1055 2801 1114 2826 vm.
1129 2794 1180 2826 48;
1205 2793 1298 2821 Matth.
1316 2801 1353 2827 χι,
1368 2794 1411 2821 l9.

931 2390 1050 2419 Probare
1064 2391 1089 2418 id
1106 2392 1169 2418 licet
1187 2399 1220 2418 ex
1236 2399 1278 2424 eo,
1299 2392 1370 2425 quod
1386 2391 1520 2425 lapidibus
1546 2391 1711 2418 Emmanue-

930 2436 980 2463 lom
990 2444 1040 2464 non
1048 2437 1129 2464 semel
1141 2438 1337 2472 appetiverunt;
1348 2438 1418 2464 et‘ad
1429 2437 1600 2471 supercilium
1612 2436 1712 2464 montis

929 2482 1123 2516 perduxerunt,
1153 2487 1182 2509 ut
1209 2483 1269 2509 inde
1297 2483 1460 2516 prmcipitcm
1478 2481 1654 2509 deturbarent
1675 2481 1711 2508 ⁸³.

929 2527 983 2554 Nec
999 2535 1063 2555 vero
1083 2527 1221 2562 hucusque
1249 2532 1353 2554 tantum
1377 2528 1479 2555 scelera
1507 2531 1709 2561 processerunt.

930 2573 1208 2608 Magnoperevquoque
1221 2573 1320 2599 furtum
1336 2574 1521 2604 honorat-unt;
1536 2573 1624 2606 pretio
1637 2572 1712 2599 enim

929 2619 1092 2652 proditorem
1105 2617 1162 2651 ejus
1177 2617 1272 2645 Judam
1290 2619 1480 2646 conduxerunt
1495 2618 1528 2650 “,
1550 2618 1605 2654 66
1625 2619 1713 2652 turpls

929 2665 995 2691 lucri
1021 2664 1127 2691 avidum
1153 2668 1180 2691 et
1201 2663 1412 2691 furacissimuin.
1444 2665 1474 2691 Et
1491 2665 1562 2691 velut
1585 2664 1711 2698 ﬂagitiosi

928 2709 1036 2744 quidam
1052 2708 1149 2736 nuechi
1167 2707 1321 2735 Iudaeorum
1345 2708 1505 2744 Synagogoe,
1531 2708 1659 2736 Pharisaei
1678 2708 1713 2736 ab

1475 2795 1536 2815 n-6,
1553 2795 1646 2823 Matth.
1662 2802 1711 2830 xtl.
