1913 3042
97 122 149 149 117

567 124 839 154 COMMENTARIUS
857 122 889 151 ΙΝ
908 121 1024 150 OSEAM
1047 119 1266 149 ΙίιΟΡΗΕΤΛΜ.

1671 122 1722 152 H8

96 179 216 214 στέρους’
229 179 423 216 ἁλληλοφαγία
431 183 486 219 γὰρ
505 183 622 218 μάλιστα
635 183 711 220 παρὰ
724 185 779 216 τοῖς
800 182 888 218 [χοῦσι

943 179 971 207 Et
985 187 1045 214 qum
1061 179 1140 214 hujus
1155 180 1193 206 rei
1208 178 1310 207 causa?
1329 186 1337 204 ι
1358 177 1392 206 Ut
1407 178 1498 206 nullus
1512 184 1596 213 neque
1606 179 1720 213 judicel,

95 225 252 260 τετίμηται.
281 236 292 252 ι
315 227 452 264 Πενθήσει
478 228 578 261 τοίνυν,
603 229 704 265 φησὶν,
729 229 746 264 ή
773 229 810 264 γῆ
832 229 888 261 τοῖς

95 269 269 298 κατοικοῦσιν
295 271 377 307 ὁμοῦ.
404 283 414 299 ι
440 274 495 300 Καὶ
520 273 561 305 τίς
588 274 605 309 ἡ
629 273 706 300 τοῦδε
733 273 886 309 πρόφασις;

99 325 108 341 ι
124 316 216 348 Ὅπως
233 316 331 352 μηδεὶς
351 318 422 354 μήτε
438 318 592 355 δικάζηται,
618 319 687 355 μήτε
711 318 810 355 ἐλέγχῃ
834 327 887 354 μη-

95 361 159 393 δείς.
179 371 188 387 ι
214 362 327 406 Ἐπειδὴ
342 365 396 400 γὰρ
412 364 485 400 ἀρὰ,
501 365 548 392 καὶ
564 364 672 400 ψεῦδος,
687 365 773 401 κλοπή
793 373 822 391 τε
841 365 888 391 καὶ

98 408 185 441 φόνος,
202 409 251 435 καὶ
264 409 375 445 μοιχεία
391 410 506 445 κέχυται
521 411 568 437 ἐπὶ
583 411 633 446 τῆς
649 411 713 446 γῆς,
723 411 770 437 καὶ
784 410 888 446 αἵματα

97 453 140 487 ἐφ’
154 453 254 488 αἵμασι
268 455 416 490 μίσγουσιν
443 455 572 492 ταύτῃτοι
584 450 722 492 πενθήσεῇ
740 456 787 484 καὶ
802 456 888 491 ἀργή-

98 507 138 524 σει
165 498 263 526 λοιπὸν
285 499 398 535 ψεῦδος,
424 501 470 528 καὶ
496 502 600 537 ἀπάτη,
629 502 678 528 καὶ
709 501 885 536 συκοφαντία.

103 544 322 579 Ἑποιμώζοντες
344 547 398 582 γὰρ
426 548 484 579 τοῖς
500 548 565 583 παρ’
580 547 674 574 ἐλπίδα
690 547 886 583 συμϐεϐηκόσι,

96 590 143 616 καὶ
157 590 208 625 τὴν
221 591 252 616 ὲν
268 591 342 627 χειρὶ
356 591 494 624 κλαίοντες
507 592 715 629 συμφορὰν,καὶ
725 592 773 628 οὐχ
782 592 888 624 ἑκόντες

97 635 244 668 ἀφέξονται
259 636 312 663 τῶν
327 637 455 664 τοιούτων
466 638 721 674 πλημμελημάτων.
737 638 772 665 Τὸ
783 638 837 674 γάρ
847 647 888 665 τοι

96 680 267 717 δικάζεσθαι,
283 683 331 710 καὶ
345 684 478 719 ἐλέγχειν,
491 684 533 720 εἴη
551 685 584 711 ἂν
595 685 688 721 ἕτερον
706 684 791 718 οὐδὲν,
805 684 889 712 καϐά-

97 736 148 763 περ
160 725 282 763 ἐγῷμαι,
298 729 367 765 πλὴν
379 730 420 756 ὅτι
434 729 464 756 τὸ
479 731 652 766 κατηγορεῖν,
669 730 717 757 καὶ
732 730 888 766 καταψηφί-

96 773 190 806 ζεσοαί
213 783 307 808 τινων,
323 776 383 810 ἦτοι
406 775 649 812 ψευδομαρτυρεῖν.
673 777 760 804 Τοῦτό
782 786 822 804 τοι
842 777 890 804 καὶ

96 819 189 855 ἕτερον
213 820 282 856 ἡμῖν
303 821 358 847 τῶν
378 821 464 855 ἁγίων
480 823 646 858 προφητῶν,
661 822 716 849 τῶν
729 822 759 856 ἐξ
773 822 889 858 αἳματος

102 864 213 900 Ἰσραὴλ
232 866 447 901 κατεκεκράγει,
468 857 570 901 λέγων’
591 876 601 894 ι
618 867 652 894 Οἱ
666 877 723 904 μοι,
739 857 830 904 ψυχὴ,
846 867 887 895 ὅτι
905 857 926 885 Β

97 909 238 937 ἀπόλωλεν
265 911 386 947 εὐλαΰὴς
403 912 457 939 ἀπὸ
473 913 524 949 γῆς
544 913 591 940 καὶ
609 914 623 940 ὁ
640 913 780 950 κατορθῶν
794 914 823 941 ἐν
841 914 887 941 ἀν-

96 955 215 992 θρώποις
239 957 290 984 οὐκ
315 958 384 989 ἐστι.
411 958 513 991 πάντες
534 959 575 991 εἰς
597 959 701 995 αἵματα
723 959 887 994 δικάζονται,

95 1003 210 1036 ἕκαστος
227 1004 275 1031 τὸν
298 1003 412 1040 πλησίον
435 1005 516 1032 adeo?)
541 1005 709 1033 ὲκθλίϐουσιν
731 1004 853 1041 ἐκθλιϐῇ.
875 1013 885 1032 ι

101 1049 181 1076 Ἀλλὰ
195 1049 285 1076 ταῦτα
304 1050 459 1086 ξστορικῶς.

129 1095 204 1131 Πρὸς
217 1096 339 1123 διάνοιαν
355 1097 383 1123 δὲ
397 1096 447 1132 τὴν
457 1097 587 1125 ἐσωτάτω
599 1097 644 1124 τὸν
659 1098 708 1133 τῆς
721 1097 888 1133 προφητείας

95 1142 257 1174 εὐθύνοντες
278 1143 356 1178 λόγον
366 1164 373 1175 ,
387 1143 474 1170 ἐκεῖνό
492 1151 592 1179 φαμεν.
614 1144 723 1179 Ἐπειδὴ
739 1144 794 1180 γὰρ
809 1145 839 1171 ὲν
854 1145 888 1181 τῇ

95 1188 147 1214 τῶν
166 1188 306 1215 Ἰουδαίων
319 1190 355 1225 γῇ
368 1209 375 1221 ,
393 1189 476 1225 ἤγουν
493 1190 559 1225 παρ’
573 1189 664 1221 αὐτοῖς
685 1190 820 1222 Ἰουδαίοις
839 1191 889 1217 οὐκ

95 1234 169 1260 ἔστιν
194 1233 322 1270 ἀλήῡεια,
352 1235 413 1261 οὐδὲ
442 1234 525 1266 ἕλεος,
549 1235 609 1262 οὐδὲ
632 1236 780 1270 ἐπίγνωσις
802 1236 887 1263 Θεοῦ·

99 1279 187 1306 ταῦτα
200 1280 231 1307 δὲ
246 1278 318 1308 εἶναί
334 1289 364 1308 τε
386 1281 434 1307 καὶ
449 1281 576 1315 λέγεσθαι
592 1281 637 1308 τὸν
655 1283 829 1319 Ἐμμανουὴλ
848 1284 888 1310 ει-

97 1327 223 1362 ρήκαμεν
233 1335 240 1341 ·
255 1326 415 1362 κεκράτηκε
429 1327 458 1354 δὲ
470 1327 570 1362 μᾶλλον
581 1328 644 1363 ἀρὰ,
661 1329 709 1355 καὶ⁸
723 1328 831 1364 ψεῦδος,
842 1329 889 1356 καὶ

95 1371 242 1406 τετίμηται
257 1371 355 1407 κλοπὴ,
369 1372 416 1398 καὶ
435 1372 538 1407 αἵματα
557 1373 600 1407 ἐφ’
614 1373 711 1408 αἵμασι
729 1373 871 1409 μίσγουσιν
881 1382 888 1389 ·

97 1418 280 1450 ἀπεκτονότες
296 1418 351 1454 γὰρ
363 1418 426 1450 τοὺς
443 1418 596 1454 προφήτας,
608 1419 645 1451 ὠς
660 1419 738 1455 ἔφην,
748 1420 795 1447 καὶ
809 1420 890 1447 αὐτὸν

99 1463 267 1490 ἀπεκτόνασι
281 1463 328 1490 τδν
347 1463 461 1498 Ἰησοῦν.
477 1464 688 1501 Καταπενθήσει
704 1465 797 1492 λοιπὸν
812 1466 829 1501 ἡ
854 1465 890 1501 γῆ

939 233 1025 260 neque
1048 231 1141 261 arguat
1159 226 1314 261 quisquam.
1333 235 1341 250 ι
1364 225 1498 259 Quoniam
1521 225 1594 252 enim
1611 225 1721 253 maledi-

938 277 1022 303 ctum,
1037 275 1063 298 et
1081 272 1262 304 mendacium,
1283 271 1396 305 l'urtunt,
1412 275 1439 298 et
1454 271 1552 304 caedes,
1568 275 1594 298 et
1618 271 1723 299 adulte-

939 317 1008 344 rium
1024 316 1118 344 dili‘usa
1134 322 1196 344 sunt
1209 325 1289 352 super
1308 323 1419 351 terram,
1435 321 1462 344 et
1488 317 1637 352 sanguines
1659 325 1722 345 san-

938 363 1065 397 guinibus
1097 363 1380 391 miscenturzidcirco
1408 363 1519 399 lugebit.
1552 369 1579 390 et
1605 363 1724 391 cessabit

939 407 1066 443 deinceps
1081 409 1261 440 mendacium,
1278 414 1303 436 et
1320 409 1441 442 fallacia,
1456 413 1484 436 et
1499 409 1645 437 calumnia.
1661 409 1725 444 Eju—

939 455 1027 483 lantcs
1049 455 1121 483 enim
1148 462 1229 489 super
1255 455 1296 482 his
1318 463 1378 489 qua:
1401 460 1499 489 praeter
1521 463 1595 491 spem
1614 455 1720 484 accide-

939 505 1011 534 runt,
1026 506 1053 527 et
1075 500 1257 528 calamitatem
1278 505 1438 534 prmsentem
1462 501 1642 535 deplorantes,
1662 501 1724 528 tali-

938 547 988 574 bus
1001 546 1104 574 delictis
1115 546 1197 574 etiam
1211 546 1288 574 inviti
1304 546 1488 574 abstinchunt.
1500 545 1626 574 ludicare
1638 547 1722 579 enim,

938 598 966 621 et
987 600 1100 628 arguere
1113 593 1180 620 nihil
1198 600 1257 620 mea
1275 591 1413 619 sententia
1441 591 1512 618 aliud
1538 591 1620 618 fuerit
1641 600 1722 626 quant

939 646 1080 670 accusare,
1090 643 1117 665 et
1127 638 1288 666 sententiam
1304 636 1374 664 male
1386 636 1458 664 ferre
1470 643 1563 665 contra
1580 638 1722 671 quosdam.

939 685 996 712 sive
1010 684 1107 712 falsum
1129 683 1277 711 testiﬁcari.
1304 683 1360 710 lloc
1377 683 1455 710 nobis
1480 686 1507 709 et
1531 682 1601 709 alius
1618 686 1725 709 saneto-

940 738 1000 758 rttm
1019 730 1212 765 prophetarlun
1235 736 1267 756 ex
1291 728 1426 763 sanguine
1443 727 1724 762 lsraelproclamavit.

939 783 1000 803 cum
1016 775 1084 802 dixit
1099 783 1106 802 z
1124 784 1133 801 ι
1156 773 1199 802 Va:
1220 774 1300 806 mihi,
1315 774 1418 805 anima,
1434 775 1496 808 quia
1517 773 1598 808 periit
1620 772 1725 807 religio-

939 829 985 849 sus
1005 822 1038 849 de
1055 826 1137 854 terra,
1154 826 1182 848 et
1197 820 1242 855 qui
1263 825 1336 847 recte
1355 819 1439 847 faciat
1453 820 1479 847 in
1497 819 1659 851 hominibus,
1672 826 1725 860 ιιιῃι

939 872 999 895 est:
1024 874 1118 894 omnes
1147 866 1173 894 in
1197 867 1344 901 sanguines
1374 865 1515 901 judicant,
1541 865 1726 899 unusquisque

938 913 1091 948 proximum
1108 919 1186 939 suum
1202 912 1331 939 tribulant
1349 911 1520 939 tribulatione
1532 911 1566 938 ".
1584 920 1593 935 ι
1608 911 1659 938 Sed
1669 910 1731 944 haec,

938 959 1046 994 quidem
1064 958 1204 986 historice.

975 1105 1015 1133 Ad
1040 1104 1164 1132 intimum
1183 1109 1264 1137 porro
1285 1109 1395 1130 sensum
1412 1100 1532 1129 vaticinii
1552 1100 1634 1127 verba
1658 1099 1726 1126 diri-

939 1155 1044 1184 gentes,
1063 1148 1129 1176 illud
1147 1147 1274 1175 dieitnus.
1294 1147 1361 1180 Quia
1381 1146 1408 1174 in
1432 1146 1544 1181 regione
1559 1145 1724 1178 Judmorum,

939 1194 997 1222 sive
1020 1194 1092 1228 apud
1108 1193 1181 1228 ipsas
1192 1191 1299 1220 Iudaeos
1323 1199 1375 1219 non
1397 1196 1438 1218 est
1456 1191 1566 1223 veritas,
1581 1198 1631 1218 nec
1645 1189 1727 1217 mise-

942 1239 1072 1272 ricordia,
1085 1247 1135 1268 nec
1150 1240 1264 1268 scientia
1279 1238 1326 1266 Dei
1347 1237 1416 1273 (haec
1433 1242 1522 1264 autem
1546 1243 1608 1264 esse
1630 1240 1658 1263 et
1674 1235 1726 1263 diei

940 1285 1144 1313 Emmanuelem
1163 1284 1340 1319 monuimus),
1355 1283 1522 1318 invaluitqne
1537 1283 1627 1317 potius
1641 1280 1726 1308 ntale-

940 1332 1040 1360 dictum
1061 1336 1089 1359 et
1107 1330 1290 1362 mendacium,
1303 1334 1331 1357 et
1347 1329 1508 1357 studuerunt
1523 1328 1612 1361 furtis,
1627 1331 1654 1355 et
1664 1335 1728 1354 san-

940 1376 1035 1410 guines
1048 1375 1075 1402 in
1092 1374 1270 1410 sanguinibus
1291 1374 1460 1400 miscuerunt
1481 1371 1590 1408 (oecisis
1610 1379 1727 1406 namque

941 1420 1090 1455 prophetis,
1105 1425 1136 1447 ut
1149 1419 1216 1451 diti,
1231 1423 1257 1446 et
1272 1420 1359 1454 ipsum
1379 1418 1470 1446 Jesum
1485 1418 1663 1453 occiderunt).
1675 1417 1728 1443 Lu-

941 1466 1015 1502 gebit
1032 1466 1059 1494 in
1086 1469 1225 1500 posterum
1256 1469 1326 1492 terra
1349 1472 1400 1492 una
1421 1472 1483 1491 cum
1509 1464 1726 1496 habitatoribus,

98 1510 151 1541 τοῖς
173 1509 317 1541 κατοίκοις
339 1510 407 1545 ὁμοῦ
428 1511 488 1543 ταῖς
519 1510 662 1547 Ῥωμαίων
692 1511 889 1548 ὲμπιπραμένη

943 1513 1066 1540 manibus
1089 1512 1276 1540 Romanorum
1301 1512 1421 1538 incensa.
1441 1511 1527 1538 Erunt
1547 1515 1635 1537 autem
1659 1510 1727 1541 ιιιῐτιυ,

99 1555 203 1590 χερσίν.
223 1556 322 1582 Ἔσται
337 1556 475 1589 δὲταῦτα,
493 1556 601 1593 φησὶν,ι
621 1557 681 1584 Ἵνα
696 1559 764 1594 μήτε
779 1558 891 1594 δικάζη-

99 1610 152 1634 ται,
179 1602 251 1638 μήτε
274 1603 378 1638 ἐλέγχῃ
404 1603 506 1639 μηδείς.
527 1612 536 1630 ι
556 1603 645 1640 ’Ὀττερ
670 1604 746 1630 ἐστὶν
767 1603 892 1640 ἐναργῶς

99 1648 301 1684 ἐπαιτιωμένου
316 1650 378 1682 τοὺς
399 1650 553 1684 Ἰουδαίους,
570 1649 608 1682 ὠς
631 1649 830 1686 δικασαμένους
843 1651 891 1678 ἀν-

99 1695 190 1728 οσίως,
201 1695 250 1722 καὶ
267 1696 493 1730 κατελέγξαντας,
507 1696 566 1733 ἦτοι
578 1696 891 1732 ψευδομαρτυρήσαντας

100 1742 147 1768 τοῦ
169 1742 302 1777 Χριστοῦ.
323 1742 357 1770 Οἱ
381 1743 429 1778 μὲν
450 1742 506 1778 γὰρ
530 1742 676 1778 ἡγούμενοι
692 1743 830 1778 προσῆγον
844 1743 892 1768 Πι-

101 1787 194 1822 λάτῳ,
224 1787 398 1822 δικαζόμενοι
427 1796 456 1814 τε
483 1787 531 1814 καὶ
557 1788 775 1824 κατηγοροῦντες
798 1787 892 1815 αὑτοῦ.

101 1833 288 1868 Παρελθόντες
301 1833 329 1860 δέ
344 1842 417 1866 τινες
429 1832 666 1869 κατεμαρτύρουν,
684 1834 765 1869 μόνον
785 1833 813 1861 δὲ
833 1834 893 1870 οὐχὶ

102 1883 147 1908 καὶ
159 1882 284 1917 ἐλέγχειν
305 1881 467 1917 ἀπετόλμων
477 1889 483 1896 ·
499 1881 713 1916 ψευδοεποῦντες
728 1882 752 1908 οξ
768 1881 891 1913 δείλαιοι,

102 1929 168 1967 ποτὲ
192 1929 254 1964 μὲν,
278 1928 320 1954 δτι
343 1927 501 1963 διαστρέφει
526 1927 572 1954 τὸν
595 1927 676 1954 λαόν·
699 1927 763 1954 ποτὲ
787 1927 826 1958 δὲ,
852 1927 893 1954 ὃτι

102 1974 198 2001 τούτου
225 1974 353 2008 λέγοντος
368 1973 538 2008 ἀκηκόαμεν,
561 1972 599 2004 ὼς
616 1972 645 1998 ἐν
666 1972 757 2008 τρισὶν
776 1972 894 2008 ἡμέραις

104 2019 254 2047 καταλύσει
273 2020 319 2046 τὸν
333 2019 397 2046 ναὸν
412 2019 458 2045 τοῦ
474 2018 554 2051 Θεοῦ,
568 2018 615 2044 καὶ
633 2019 726 2054 ἐγερεῖ
746 2017 827 2044 πάλιν
845 2018 893 2045 αὑ-

101 2067 156 2092 τόν.
178 2065 406 2101 ’Δναιρεθήσεται
420 2064 520 2097 τοίνυν,
536 2063 612 2100 φησὶ,
625 2063 698 2099 δίκη,
714 2063 761 2091 καὶ
773 2063 892 2099 ἔλεγχος.

102 2114 160 2149 ἦτοι
189 2111 403 2147 καταμαρτυρία
429 2111 487 2142 ,καὶ
509 2111 598 2146 ψῆφος
622 2110 672 2136 οὐκ
700 2110 813 2146 ἀληθὴς,
845 2110 895 2137 οὐκ

101 2160 178 2190 Erato;
205 2157 350 2194 βασιλέως,
373 2156 433 2183 οὐδὲ
461 2156 590 2192 ἄρχοντος
605 2155 652 2182 τοῦ
667 2154 788 2187 δικάζειν
802 2154 895 2182 εἰωθό-

942 1558 1040 1593 inquit,
1058 1566 1068 1584 ι
1093 1562 1122 1584 ιιι
1144 1564 1232 1591 neque
1251 1556 1366 1591 judicel,
1384 1563 1472 1590 neque
1494 1560 1590 1590 arguat
1608 1555 1677 1581 ullus
1693 1563 1698 1580 :
1717 1564 1726 1579 ι

943 1604 1014 1639 quod
1034 1608 1077 1632 est
1095 1603 1239 1631 manifeste
1255 1609 1385 1630 accusare
1401 1601 1519 1634 Iudaeus,
1534 1606 1563 1627 ut
1578 1601 1622 1635 qui
1646 1600 1727 1635 impie

939 1649 984 1684 jus
997 1649 1135 1681 dixerunt,
1152 1653 1179 1676 et
1192 1649 1399 1683 redarguerunt,
1415 1647 1472 1674 sive
1492 1646 1588 1674 falsum
1608 1645 1729 1673 testium.

943 1696 1017 1723 nium
1031 1695 1058 1722 in
1074 1695 1211 1724 Christum
1228 1694 1408 1729 protulerunt.
1429 1692 1486 1728 68
1503 1691 1642 1726 Principes
1655 1691 1726 1720 enim

943 1741 1112 1769 adduxerunt
1138 1748 1200 1769 eum
1235 1740 1268 1767 ad
1301 1739 1426 1771 Pilatum.
1461 1739 1535 1765 illum
1577 1737 1729 1772 judieantes

943 1793 971 1816 ct
983 1792 1153 1816 accusantes.
1170 1786 1309 1821 Progressi
1324 1785 1419 1813 deinde
1434 1785 1543 1819 quidam
1560 1784 1586 1811 in
1599 1783 1727 1815 medium.

945 1834 1131 1862 testimonium
1150 1838 1245 1861 contra
1262 1832 1350 1867 ipsum
1368 1831 1573 1867 perhibuerunt,
1585 1835 1611 1858 et
1625 1834 1728 1857 tantum

944 1888 998 1908 non
1027 1879 1116 1914 ipsum
1146 1885 1254 1914 quoque
1279 1877 1446 1914 argumentis
1476 1876 1637 1904 convincere
1670 1876 1728 1902 ausi

943 1929 1017 1956 sunt,
1029 1924 1192 1951 mentientes
1203 1923 1306 1954 miseri,
1323 1929 1407 1954 nunc,
1423 1930 1483 1948 eum
1499 1921 1629 1948 seducere
1642 1928 1726 1956 popu-

946 1972 1017 2003 lum;
1032 1977 1113 2001 nunc,
1138 1976 1169 1996 se
1188 1969 1240 1996 hoc
1264 1968 1351 2002 ipsum
1365 1967 1499 1994 dicentem
1513 1967 1659 1998 audivisse.
1681 1967 1730 1993 tri-

945 2019 995 2045 bus
1010 2017 1104 2044 diebus
1119 2015 1247 2048 templum
1267 2014 1312 2040 Dei
1333 2013 1535 2040 destructurnm
1563 2018 1590 2040 et
1611 2012 1726 2040 remdili-

946 2069 1069 2091 ealurum
1080 2062 1115 2089 ⁸⁸.
1129 2061 1252 2089 Tolletur
1270 2060 1362 2095 igitur,
1377 2059 1473 2094 inquit,
1486 2059 1630 2093 iudicium,
1645 2063 1672 2086 et
1684 2067 1728 2086 rc—

946 2108 1102 2144 prehensio,
1120 2108 1177 2135 sive
1204 2106 1350 2134 testimonii
1374 2105 1467 2138 dictio,
1481 2110 1510 2132 et
1525 2105 1658 2132 sententia
1679 2113 1731 2131 non

946 2161 1021 2188 vera,
1036 2161 1098 2181 cum
1122 2160 1175 2180 non
1190 2152 1243 2180 erit
1260 2159 1319 2185 rex,
1335 2158 1424 2185 neque
1438 2150 1577 2186 princeps,
1591 2150 1638 2185 qui
1659 2149 1731 2184 judi<

102 2214 158 2237 τος.
178 2203 327 2240 Ταύτῃτοι,
348 2201 474 2238 καθάπερ
494 2199 612 2237 ἐγῷμαι,
625 2201 672 2228 καὶ
692 2201 706 2227 ὸ
727 2201 890 2237 προφητικὸς

947 2207 1010 2228 care
1025 2199 1108 2227 norit.
1121 2198 1177 2225 liae
1190 2197 1223 2225 de
1235 2203 1328 2230 causa,
1346 2201 1375 2224 ut
1389 2203 1438 2230 ego
1458 2195 1556 2226 sentio.
1570 2195 1652 2222 etiam
1669 2202 1732 2229 prn-

104 2253 171 2287 ἡμῖν
194 2251 276 2284 λόγος
298 2249 354 2281 τοῖς
374 2248 561 2280 ἀϐασιλεύτοις
584 2248 639 2276 τῶν
654 2247 731 2280 ζώων
756 2249 819 2279 τοὺς
842 2247 896 2274 τῶν

110 2298 246 2325 Ἰουδαίων
270 2295 435 2332 παρεικάζει
456 2294 547 2328 λαοὺς,
575 2294 657 2331 θηρσὶ
682 2293 725 2330 δὴ,
740 2294 822 2328 λέγω,
851 2294 897 2320 καὶ

105 2345 242 2381 ἑρπετοῖς,
266 2343 314 2370 καὶ
335 2343 481 2374 πετεινοῖς,
504 2342 551 2369 καὶ
577 2341 692 2377 ἰχθύσιν.
715 2341 792 2369 Οὕτω
817 2341 863 2367 καὶ
882 2342 896 2367 ό

106 2391 242 2426 μακάριος
253 2389 397 2424 προφήτης
419 2387 560 2422 ’Δϐακοὺμ
568 2387 621 2423 ἔφη
632 2396 684 2414 που
696 2387 764 2422 πρὸς
779 2387 823 2414 τὸν
839 2385 894 2413 τῶν

106 2437 173 2462 ὅλων
188 2435 255 2462 Θεόν
265 2442 272 2448 ·
289 2443 299 2460 ι
309 2431 357 2465 Et;
369 2433 396 2459 τί
407 2432 564 2464 ὲπιϐλέπεις
579 2433 627 2460 ἐπὶ
640 2432 894 2468 καταφρονοῦντας;

108 2480 316 2515 Παρασιωπήσῃ
329 2478 359 2506 ὲν
381 2477 420 2513 τῷ
438 2477 598 2504 καταπίνειν
614 2478 700 2513 ἀσεϐῆ
715 2478 760 2504 τὸν
780 2477 896 2508 δίκαιον.

106 2528 150 2554 καὶ
174 2527 301 2562 ποιήσεις
324 2526 390 2558 τοὺς
412 2524 573 2561 ἀνθρώπους
589 2523 626 2556 ὡς
646 2525 708 2556 τοὺς
729 2523 822 2558 ἰχθύας
847 2523 898 2558 τῆς

106 2573 263 2609 θαλάσσης,
283 2573 334 2601 καὶ
361 2573 399 2604 ὡς
425 2573 459 2600 τὰ
483 2571 587 2608 ἑρπετὰ
616 2571 666 2598 οὐκ
690 2571 786 2606 ἔχοντα
817 2569 898 2606 ἡγού-

105 2627 196 2654 μενον.
221 2629 230 2646 ι

145 2665 170 2692 '0
185 2665 220 2693 δὲ
243 2665 323 2698 λαός
335 2673 396 2699 μου
417 2664 457 2697 ὡς
475 2663 706 2698 ἀντιλεγόμενος
720 2661 825 2696 ιερεὺς,
846 2661 897 2689 και

104 2711 270 2746 ἀσθενήσει
293 2709 421 2745 ἡμέρας,
444 2709 493 2736 καὶ
513 2707 676 2741 ἀσθενήσει
703 2708 719 2734 ό
743 2706 897 2741 προφήτης

102 2757 174 2793 μετὰ
189 2756 264 2784 σοῦ.

135 2847 157 2863 ε’
174 2845 258 2874 Μίειι.
278 2852 330 2876 vn,
350 2843 378 2870 2.
417 2843 439 2859 ⁹⁶
457 2843 551 2871 Matth.
567 2849 640 2874 xxvi,
658 2841 767 2876 passim.

947 2247 1073 2282 pheticus
1085 2253 1175 2274 sermo
1185 2243 1340 2273 Judatorum
1356 2243 1483 2278 populum
1495 2242 1656 2270 animalibus
1672 2248 1734 2275 rege

946 2292 1103 2321 carentibus
1113 2294 1262 2325 comparat,
1277 2288 1385 2321 belluis,
1398 2287 1519 2322 inquam,
1538 2291 1566 2314 et
1583 2285 1733 2321 rcptilibus,

946 2343 974 2366 et
987 2336 1154 2369 volneribus,
1172 2341 1200 2364 et
1223 2335 1355 2370 piscibus.
1379 2333 1421 2360 lla
1443 2337 1470 2360 et
1495 2334 1590 2360 beatus
1606 2331 1733 2359 Habacue

946 2383 1132 2412 universitatis
1148 2382 1231 2410 Deum
1247 2381 1403 2416 alloquitur.
1422 2389 1432 2405 ι
1448 2379 1539 2412 Quare
1560 2377 1673 2411 respicis
1686 2385 1733 2404 sn-

948 2437 996 2464 per
1008 2427 1232 2463 contemptores!
1245 2426 1361 2454 Tacebis
1375 2433 1436 2453 cum
1452 2423 1623 2452 devoraverit
1636 2423 1734 2457 impius

947 2474 1061 2508 justum,
1084 2476 1111 2500 et
1136 2472 1219 2500 facies
1239 2472 1363 2500 homines
1390 2471 1468 2507 quasi
1495 2469 1583 2504 pisces
1601 2467 1685 2495 maris
1707 2472 1734 2494 cl

950 2520 1025 2554 quasi
1046 2518 1163 2553 reptilia,
1179 2526 1232 2546 non
1248 2518 1375 2546 habentia
1391 2517 1485 2545 ducem
1505 2515 1542 2538 "-
1560 2524 1570 2542 ι

988 2659 1069 2686 Vens.
1088 2658 1115 2685 4.
1146 2657 1179 2683 At
1204 2657 1314 2692 populus
1339 2665 1411 2683 meus
1443 2656 1521 2692 quasi
1545 2655 1665 2682 sacerdos
1692 2654 1734 2680 rut’

951 2703 1151 2734 contradicitur.
1163 2707 1188 2729 et
1203 2701 1381 2736 inﬁrmabltur
1396 2709 1442 2735 per
1453 2701 1521 2735 dies,
1539 2706 1562 2728 et
1584 2699 1733 2734 inﬁrmabi-

950 2757 994 2778 tur
1004 2750 1130 2785 propheta
1141 2754 1234 2778 tecum.

821 2841 841 2856 θ’
860 2839 961 2868 llabac.
980 2846 998 2872 ι,
1019 2838 1059 2871 15,
1077 2838 1107 2865 Η
