1913 3042
204 138 258 169 119

698 143 726 170 S.
747 139 885 170 CYRILLI
904 142 1137 171 ALEXANDRINI
1157 141 1316 171 ARCIIIEP.

1776 142 1832 171 120

242 200 372 229 XXXVII.
392 201 538 230 Considera
556 202 621 229 mihi
637 203 742 230 beatum
759 204 918 239 orophetam
934 205 979 233 alit

1075 205 1135 234 AZ’.
1147 205 1243 241 Ἀθρει
1258 206 1289 241 δή
1307 213 1351 240 μοι
1366 205 1413 232 τὸν
1430 207 1565 240 μακάριον
1583 204 1724 240 προφήτην
1734 204 1831 238 ἑτερο-

203 247 284 275 modo
300 248 490 283 proierentem,
508 256 570 282 quae
589 248 638 283 ipsi
656 256 671 275 a
692 247 748 276 Deo
772 250 842 277 dicta
868 249 986 279 fuerant.

204 292 334 320 Audierat
356 292 428 320 enim
453 298 546 327 aperte
569 293 628 320 dies
652 293 750 321 multos
770 302 895 323 sessurus
920 295 989 323 iiiios

203 337 295 369 Israel,
313 338 456 365 destitutos
472 345 544 373 rege,
571 339 703 374 principe,
728 339 875 373 sacriﬁcio,
898 341 987 374 altari,

203 384 366 417 sacerdotio,
380 390 407 412 et
423 384 574 412 manifestis
587 383 619 412 ⁵¹.
634 385 670 413 At
684 386 741 420 ipse
757 387 805 413 ine
822 387 987 420 vehementi,

203 430 244 456 his
262 428 350 456 verbis
363 428 521 464 signiﬁcata
536 431 613 466 quasi
631 432 732 459 cursim
749 433 907 466 succedens,
921 440 987 460 con-

202 475 315 502 tractius
339 476 523 510 reprehendit,
554 478 755 512 moderatisquc
775 479 987 506 obscuritatibus

200 528 354 548 scrmonem
371 522 527 550 obumbrat.
545 522 612 550 Nam
636 524 695 550 sine
717 524 894 558 principibus,
914 531 985 559 rege,

201 565 373 595 institutione
387 567 544 604 aliquandiu
560 577 711 602 mansuros,
722 569 859 597 involucro
869 569 985 604 quodam

200 611 338 640 subtiliter
352 613 467 647 indicat,
481 614 643 643 animalibus
656 622 745 649 regem
758 622 811 642 non
826 615 987 643 habentibus

200 666 248 687 eos
260 667 434 695 comparans.
451 661 597 690 Exclusum
622 666 712 690 autem
739 662 772 690 iri
790 662 934 690 sacriﬁciis
959 668 986 690 et

202 704 321 740 iiturgiis
343 706 515 734 sacerdotum
544 707 725 741 subostendit,
740 708 834 736 eodem
849 708 909 736 loco
928 708 986 736 fore

201 751 305 783 dicens.
320 760 374 786 quo
391 754 558 786 sacerdotes,
576 753 675 789 quibus
691 754 898 782 contradicitur.
918 754 986 788 Qui-

202 805 262 824 nam
277 802 370 825 antem
382 798 426 826 isti
442 799 521 826 sunt?
533 799 650 835 autquis
666 805 708 828 est
723 800 850 828 sacerdos
863 801 907 828 cui
921 808 986 828 con-

201 841 365 872 dadicituri
379 844 430 879 Qui
452 845 584 872 maculam
598 849 625 872 ct
640 846 763 872 morbum
780 845 871 874 carnis
888 847 983 880 habet,

200 893 227 916 et
255 889 358 918 idcirco
381 889 488 925 liturgia
510 890 676 919 excluditur.
700 891 755 918 Aut
779 891 850 918 enim
873 896 984 926 propter

199 934 298 967 cruris,
312 938 358 962 aut
376 935 514 963 oculorum
531 936 637 968 vitium,
657 941 703 963 aut
721 936 913 964 comritionem
936 943 984 972 pe-

199 980 250 1013 dis,
263 986 310 1007 aut
330 981 410 1008 aliam
435 981 469 1009 ob
493 989 603 1009 causam
616 982 725 1017 quidam
745 982 832 1010 oilicio
856 983 983 1011 sacerdo-

198 1027 244 1053 tali
271 1028 460 1061 movebantur,
473 1028 650 1062 quantumvis
668 1028 702 1056 de
719 1029 790 1056 Iribu
803 1034 830 1056 et
850 1029 982 1064 sanguine

197 1070 261 1098 Levi
288 1076 390 1099 essent.
415 1072 443 1100 Id
457 1073 527 1107 quod
548 1073 639 1100 divina
657 1073 700 1100 lex
721 1081 769 1108 per
782 1073 893 1109 Moysen
913 1081 981 1109 prae-

196 1118 278 1153 cepit.
298 1117 344 1145 Sic
356 1118 438 1154 igitur
452 1119 514 1151 erit,
530 1119 628 1154 inquit,
643 1119 757 1153 populus
770 1127 857 1147 meus.
875 1119 980 1147 Etenim

195 1172 256 1191 cum
273 1164 308 1192 sit
329 1171 408 1192 sacer
424 1170 534 1199 propter
553 1169 645 1200 patres
744 1169 771 1192 et
790 1165 916 1199 dignatus
935 1172 980 1192 sa-

197 1209 313 1243 criﬁcio,
328 1215 404 1237 exlra
421 1215 543 1237 sanciunt
558 1211 762 1238 tabernaculum
777 1210 891 1243 sedebit,
903 1215 980 1238 extra

195 1255 344 1291 iiturgiam,
360 1261 388 1284 et
400 1257 567 1284 sacerdotes.
583 1256 641 1284 Non
655 1257 727 1284 enim
743 1255 920 1288 sacriﬁcium,
933 1263 980 1283 ne-

199 1309 253 1337 que
267 1303 379 1329 odorem
395 1302 540 1329 suavitatis
553 1302 644 1330 oﬁerel
663 1302 734 1334 Deo;
747 1300 888 1336 mgrotavit
903 1301 976 1328 enim

196 1354 249 1374 non
267 1347 323 1382 jam
340 1347 526 1376 mediocribus
540 1347 710 1374 detrimentis
723 1346 818 1378 animi,
831 1349 858 1373 et
871 1345 980 1372 vitiatus

182 1398 236 1420 est
249 1391 341 1424 corde,
358 1396 386 1419 et
401 1391 499 1419 merito
511 1390 568 1426 jam
598 1389 746 1425 rejectitius
764 1395 845 1424 atque
870 1389 980 1417 odiosus

193 1439 292 1466 evasit.
304 1437 471 1465 Eventurum
488 1441 578 1464 autem
599 1436 736 1469 Israelitis,
754 1440 783 1463 ut
801 1441 829 1463 et
842 1436 979 1472 propheta:

196 1489 314 1518 taceant,
336 1483 486 1512 declaravit
509 1484 552 1511 his
573 1483 662 1510 verbis
679 1491 686 1509 :
706 1490 715 1508 ι
742 1481 776 1510 Et
797 1481 979 1509 inﬁrmabitur

194 1530 327 1567 propheta
344 1535 432 1558 tecum
445 1549 453 1563 ,
476 1538 485 1555 ι
504 1529 650 1557 secundum
674 1527 740 1556 illud
757 1528 860 1563 utique,
873 1527 944 1563 quod
963 1535 978 1554 a

194 1574 249 1602 Deo
263 1574 297 1602 ad
323 1574 431 1601 beatum
453 1573 621 1600 Ezechieiem
642 1573 744 1600 dictum
769 1576 832 1600 est:
849 1580 861 1598 ‹
877 1571 979 1600 ΕιἸίη-

194 1628 274 1656 gnam
292 1624 364 1648 tuam
378 1618 505 1654 aiiigabo,
521 1623 547 1646 et
564 1619 620 1646 eris
637 1624 739 1651 mutus,
756 1623 784 1646 et
796 1625 849 1645 non
860 1618 915 1645 eris
928 1618 980 1646 illis

195 1664 222 1691 in
247 1665 334 1691 virum
363 1663 551 1698 obiurgantem
567 1682 575 1696 ,
603 1663 666 1697 quia
694 1663 791 1691 domus
814 1669 980 1697 exasperans

193 1714 236 1738 cst
252 1710 285 1736 ".
301 1719 312 1736 ο
329 1709 391 1737 Haec
417 1716 499 1744 porro
520 1709 611 1736 omnia
641 1714 752 1743 propter
768 1708 933 1743 impietatem
951 1709 978 1736 in

193 1757 344 1789 Christum,
356 1761 384 1783 et
397 1756 500 1784 scelera
517 1756 543 1783 in
556 1755 702 1790 prophetas
717 1755 858 1792 designata
872 1756 981 1783 contin-

194 1807 268 1838 gent.
292 1801 486 1829 Verumtamen
511 1809 564 1828 non
587 1801 613 1828 in
631 1806 790 1835 perpetuum
813 1801 978 1830 inﬂrmatum

195 1848 228 1876 iri
249 1847 388 1881 lsraelem,
409 1847 457 1875 sed
482 1855 529 1883 per
548 1847 605 1875 dies
631 1847 706 1875 dicit.
734 1847 836 1876 Salutis
856 1849 926 1876 enim
951 1853 981 1877 et

192 1894 378 1924 conversionis
409 1893 444 1921 ad
475 1893 556 1922 ﬁdem
594 1897 700 1929 tempus
737 1893 776 1922 illi
808 1900 977 1923 reservatum

191 1944 244 1968 est.

228 2086 309 2113 Vsus.
327 2086 353 2117 5,
372 2085 399 2113 6.
419 2085 500 2113 Νοοιί
515 2084 658 2112 auimilavi
674 2090 783 2112 mairem
800 2089 882 2113 luant.
905 2085 979 2113 Arsi-

192 2131 299 2158 milauu
311 2135 348 2158 esi
358 2131 470 2166 populus
486 2139 558 2158 meus
571 2130 648 2166 quasi
662 2138 711 2157 non
722 2130 818 2158 habent
828 2131 974 2158 scientiam.

192 2177 261 2209 Quia
275 2177 410 2204 scientiam
436 2177 564 2211 repulisti,
573 2180 597 2202 et
610 2184 656 2210 ego
669 2175 790 2210 repellam
800 2181 835 2208 le,
845 2183 876 2203 ne
890 2184 978 2203 sacer-

1038 251 1149 286 τρόπως
1174 251 1326 286 ἐκφέροντα
1347 250 1382 277 τὰ
1402 250 1470 285 πρὸς
1493 250 1573 277 αὐτὸν
1594 251 1726 285 εἰρημένα
1751 248 1831 284 παρὰ

1039 296 1119 324 Θεοῦ.
1135 297 1254 323 Ἤκουσε
1271 296 1320 332 μὲν
1339 296 1393 331 γὰρ
1406 295 1538 332 ἐναργῶς,
1553 296 1594 323 ὅτι
1607 295 1712 331 ἡμέρας
1726 295 1830 327 πολλὰς

1039 342 1204 378 καθήσονται
1230 343 1255 369 oi
1281 343 1334 370 υίοὶ
1355 341 1483 378 Ἰσραὴλ,
1503 342 1554 369 οὐκ
1576 341 1651 373 δντος
1675 341 1825 376 βασιλέως,

1038 389 1099 416 οὐδὲ
1112 389 1252 424 ἄρχοντος,
1270 389 1320 416 οὐκ
1333 387 1416 424 οὔσης
1432 387 1537 420 θυσίας,
1553 387 1613 414 οὐδὲ
1634 387 1710 418 avre;
1730 386 1827 412 θυσια-

1039 434 1162 469 στηρίου,
1179 433 1241 461 οὔτε
1257 434 1401 470 ίερατείας,
1420 432 1481 460 οὕτε
1497 433 1595 468 δήλων.
1611 433 1785 469 Ὺποτρέχων
1798 432 1826 458 δὲ

1035 472 1133 514 ’ὥσπερ
1142 479 1224 511 αὐτὸς
1234 479 1288 506 τῶν
1303 480 1485 515 ἀκροωμένων
1497 479 1529 506 τὸ
1539 479 1664 514 ἀχάλινον
1676 479 1715 510 εἰς
1727 478 1823 512 ὀργὰς,

1039 524 1248 560 ὑπεσταλμένως
1275 525 1400 560 ἐλέγχει,
1420 525 1467 551 καῖ
1488 524 1656 559 συμμέτροις
1678 522 1825 557 ἁσαφείαις

1037 571 1217 603 κατασκιάζει
1236 571 1282 598 τὸν
1305 570 1393 605 λόγον.
1420 570 1482 597 ὐτι
1508 570 1558 606 μὲν
1582 569 1636 605 γὰρ
1664 567 1824 604 ἡγουμένων

1038 617 1100 652 δίχα
1114 617 1162 644 καὶ
1179 616 1226 643 τοῦ
1240 616 1425 652 βασιλεύοντος
1441 615 1624 643 διατελέσουσι
1637 615 1762 650 καιροὺς,
1778 614 1822 640 καὶ

1036 663 1259 698 ἅπαιδαγώγητοι
1285 661 1420 698 μενοῦσιν,
1444 661 1541 697 ἰσχνῶς
1558 661 1752 692 ὲπαινίττεται,
1769 660 1822 690 τοξ

1037 709 1092 735 τῶν
1105 707 1182 741 ζώων
1197 708 1387 740 ἀϐασιλεύτοις
1403 707 1577 744 παρεικάζων
1592 706 1700 738 αὐτούς.
1717 706 1779 732 ’Ὁτι
1795 704 1823 732 δὲ

1037 755 1086 781 καλ⁹
1109 753 1210 781 θυσιῶν
1242 753 1434 790 ὲξωθήσονται,
1465 754 1512 780 καὶ
1535 752 1707 788 λειτουργίας
1730 750 1822 786 ιερῶν,

1038 800 1198 835 ὑποφαίνει,
1215 800 1312 835 λέγων,
1330 801 1359 827 ὲν
1377 799 1427 835 ῐσῳ
1451 799 1615 834 γεγενῆσθαι
1636 799 1692 830 τοῖς
1707 797 1762 824 τῶν
1785 798 1824 823 Ie-

1039 847 1108 882 ρέων
1120 846 1349 881 ἁντιλεγομένοις.
1363 846 1417 873 Καὶ
1434 845 1505 877 τίνες
1521 845 1554 872 ἂν
1567 843 1622 872 εἷεν
1635 841 1707 872 οὗτοι
1722 843 1821 877 πάλινς

1038 893 1097 928 ῆτοι
1119 892 1161 924 τίς
1181 893 1196 919 ὁ
1212 892 1419 928 ἁντιλεγὸμενος
1441 891 1546 927 ιερεύς;
1579 891 1608 918 '0
1623 890 1720 926 μῶμον
1742 889 1822 924 ἔχων,

1037 938 1084 964 καὶ
1095 936 1267 973 ἀρρώστημα
1283 937 1424 973 σαρκικόν·
1437 937 1565 974 ταύτῃτω
1577 936 1624 963 καὶ
1639 935 1689 970 τῆς
1700 935 1823 970 λειτουρ-

1036 983 1099 1018 γίας
1126 983 1293 1019 εἰργόμενος.
1307 983 1343 1010 Ἥ
1359 983 1414 1019 γὰρ
1433 982 1478 1010 διὰ
1500 982 1611 1014 σκέλους
1636 981 1652 1016 ἢ
1675 981 1823 1016 ὀφθαλμῶν

1036 1029 1180 1065 ἐπήρειαν,
1196 1029 1212 1064 ἢ
1229 1029 1273 1056 διὰ
1286 1029 1442 1065 σύντριμμα
1456 1028 1545 1060 ποδὸς,
1560 1028 1577 1063 ἢ
1593 1027 1659 1055 καθ’
1669 1026 1766 1062 ἑτέραν
1780 1026 1824 1052 αι-

1035 1075 1096 1102 τίαν
1120 1075 1306 1110 ἐξεπέμποντο
1329 1083 1402 1107 τινες
1419 1075 1467 1101 τοῦ
1489 1073 1616 1110 ἱερᾶσθαι
1636 1073 1701 1104 δεῖν,
1732 1071 1822 1099 καίτοι

1034 1120 1175 1155 γεγονότες
1186 1120 1219 1148 ὲκ
1235 1120 1323 1155 φυλῆς
1340 1128 1370 1146 τε
1386 1120 1433 1147 καὶ
1445 1120 1560 1155 αἵματος
1579 1119 1654 1146 Λευῖ.
1670 1119 1822 1153 Κεχρησμ-

1035 1167 1125 1202 ᾠδηκε
1146 1166 1201 1202 γὰρ
1227 1165 1313 1198 οὕτως
1325 1167 1339 1193 ό
1352 1166 1396 1193 διὰ
1418 1166 1540 1197 Μωσέως
1552 1165 1644 1200 νόμος.
1659 1163 1753 1195 Οὕτως
1775 1160 1823 1189 οὖν

1035 1212 1122 1244 ἔσται,
1138 1212 1234 1247 φησὶν,
1243 1213 1257 1238 ό
1267 1211 1331 1243 λαός
1341 1220 1402 1247 μου.
1420 1211 1476 1239 Καὶ
1488 1211 1543 1247 γάρ
1555 1219 1595 1238 τοι
1608 1210 1738 1245 ὑπάρχων
1750 1208 1822 1243 ἱερὸς

1034 1258 1078 1286 διὰ
1093 1259 1156 1290 τοὺς
1175 1258 1308 1294 πατέρας,
1324 1258 1371 1285 καί
1383 1258 1431 1285 τοῦ
1444 1258 1518 1285 θύειν
1530 1256 1689 1293 ἠξιωμένος,
1702 1256 1755 1289 ἔξω
1771 1257 1825 1291 τῆς

1035 1305 1115 1339 ἁγίας
1127 1304 1282 1332 καθεδεῖται
1299 1304 1411 1339 σκηνῆς,
1423 1303 1476 1337 ἔξω
1488 1302 1657 1338 λειτουργίας
1668 1302 1714 1328 καὶ
1728 1301 1820 1336 ἱερῶν.

1034 1352 1071 1378 ὐῦ
1095 1351 1149 1388 γὰρ
1172 1350 1310 1387 προσοίσει
1327 1350 1440 1383 θυσίας,
1456 1349 1517 1376 οὔτε
1535 1349 1588 1385 μὴν
1604 1348 1692 1383 ὀσμὴν
1705 1347 1822 1382 εΰῳδίας

1033 1399 1135 1426 ἀνοίσει
1150 1397 1188 1434 τῷ
1204 1398 1277 1434 Θεῷ·
1299 1397 1514 1434 κατηρρώστησε
1527 1397 1581 1432 γὰρ
1597 1395 1688 1423 οὐκέτι
1702 1395 1821 1430 μετρίως

1033 1444 1082 1480 τὴν
1095 1446 1134 1477 είς
1149 1445 1210 1472 νοῦν
1224 1445 1366 1480 ἐπήρειαν1
1387 1443 1434 1471 καὶ
1448 1442 1672 1478 καταλελώὸηται
1686 1441 1736 1477 τὴν
1751 1450 1819 1477 καρι

1033 1491 1102 1523 δίαν,
1120 1490 1218 1526 γέγονέ
1237 1499 1266 1517 τε
1285 1490 1398 1522 δικαίως
1413 1489 1594 1525 ἀπόπεμπτος
1610 1489 1678 1524 ἤδη,
1702 1488 1750 1514 καὶ
1770 1489 1823 1515 ἁπ-

1033 1537 1197 1574 ηχθημένος.
1213 1538 1275 1565 Ὅτι
1289 1537 1318 1564 δὲ
1331 1539 1388 1570 τοῖς
1405 1535 1436 1570 ἐξ
1455 1536 1564 1573 Ἰσραὴλ
1579 1536 1750 1572 ωμὸήσεται
1772 1536 1820 1562 καὶ

1031 1584 1061 1610 τὸ
1081 1583 1193 1618 σιγῆσαι
1208 1584 1350 1619 προφήτας
1361 1603 1369 1616 ,
1384 1583 1590 1618 διαμεμήνυκεν
1612 1581 1714 1608 εἰπών·
1734 1590 1744 1608 (
1763 1582 1823 1609 Καὶ

1030 1629 1173 1665 ἀσθενήσει
1188 1629 1236 1656 καὶ
1253 1629 1395 1665 προφήτης
1411 1628 1480 1664 μετὰ
1496 1627 1554 1661 σοῦ,
1569 1637 1579 1653 ι
1589 1627 1648 1654 κατ’
1659 1627 1747 1654 ἐκεῖνό
1766 1633 1819 1653 που

1030 1675 1140 1707 πάντως
1156 1675 1185 1701 τὸ
1203 1674 1348 1710 εἰρημένον
1361 1673 1437 1710 παρὰ
1447 1673 1515 1700 Θεοῦ
1539 1672 1608 1708 πρὸς
1621 1672 1667 1699 τὸν
1681 1672 1820 1708 μακάριον

1036 1720 1178 1756 Ἰεζεχιήλ·
1201 1729 1211 1746 ι
1230 1720 1285 1747 Καὶ
1305 1719 1354 1755 τὴν
1375 1719 1502 1753 γλῶσσάν
1530 1727 1577 1745 σου
1600 1719 1739 1753 συνδήσω,
1770 1717 1818 1745 καὶ

1029 1766 1255 1802 ἀποκωφωῦήσῃ.
1277 1765 1324 1792 καὶ
1339 1765 1388 1792 οὐκ
1410 1764 1461 1801 ἔσῃ
1476 1765 1568 1796 αὐτοῖς
1582 1765 1621 1796 είς
1635 1764 1718 1799 ἄνδρα
1739 1763 1820 1790 εὐθύ-

1029 1821 1119 1847 νοντα,
1139 1812 1223 1847 ἠγουν
1244 1811 1402 1847 ἐλέγχοντα,
1423 1811 1465 1838 ὄτι
1488 1809 1561 1842 οἶκος
1587 1809 1817 1845 παραπικραίνων

1029 1858 1097 1885 ἐστί.
1113 1867 1123 1884 ι
1151 1857 1246 1884 Ταῦτα
1270 1857 1299 1884 δὲ
1321 1857 1410 1884 πάντα
1435 1857 1606 1892 συμῦήσεται
1627 1856 1672 1883 διὰ
1703 1855 1753 1892 τὴν
1777 1856 1818 1888 είς

1028 1903 1146 1940 Χριστὸν
1160 1903 1298 1936 ἀσέϐειαν,
1313 1903 1361 1929 καὶ
1373 1903 1407 1929 τὰ
1422 1903 1462 1934 εις
1480 1903 1623 1938 προφήτας
1641 1901 1816 1937 ἐγκλήματα.

1028 1950 1102 1985 Πλὴν
1113 1949 1164 1976 οὐκ
1180 1950 1220 1981 είς
1235 1948 1311 1976 ἅπαν
1327 1947 1487 1984 ἀσθενήσειν
1499 1948 1546 1975 τὸν
1567 1947 1685 1983 Ἰσραὴλ.
1703 1947 1761 1974 ἀλλ’
1777 1947 1816 1978 είς

1028 1995 1134 2032 ἡμέρας
1158 1995 1233 2032 φησι.
1260 1995 1413 2030 Τετήρηται
1435 1995 1488 2030 γὰρ
1512 1994 1586 2030 αὐτῷ
1609 1994 1746 2030 σωτηρίας
1770 1993 1816 2021 καὶ

1029 2042 1197 2078 ἐπιστροφῆς
1210 2041 1259 2077 τῆς
1270 2041 1308 2073 ὡς
1320 2042 1349 2068 ὲν
1362 2041 1453 2068 πίστει
1469 2041 1573 2076 καιρός.

1063 2087 1156 2115 Νυκτὶ
1179 2087 1317 2122 ὡμοίωσα
1340 2086 1398 2120 τὴν
1416 2086 1528 2122 μητέρα
1551 2094 1619 2114 σου.
1643 2085 1783 2121 Ὡμοιώθη
1800 2086 1816 2113 ό

1027 2134 1102 2166 λαός
1111 2142 1170 2168 μου
1184 2133 1224 2166 ὼς
1236 2133 1291 2160 οὐκ
1303 2132 1382 2168 ἔχων
1394 2132 1517 2168 γνῶσιν.
1531 2132 1591 2158 ’Ότι
1603 2132 1643 2158 σὺ
1653 2131 1817 2166 ἐπίγνωσιν

1027 2178 1148 2211 ἀπώσω,
1169 2179 1249 2214 κάγὼ
1265 2179 1422 2213 ἀπώσομαι
1444 2187 1480 2206 σε
1497 2178 1550 2205 τοῦ
1569 2178 1730 2212 ἱερατεύειν
1754 2185 1814 2212 μοι.

190 2224 261 2250 datio
276 2223 396 2258 fungaris
410 2223 484 2249 mihi.
500 2222 533 2249 Et
547 2222 628 2249 oblita
641 2230 668 2250 es
683 2222 746 2257 legis
761 2221 813 2249 Dei
824 2222 874 2256 tui,
893 2227 917 2249 et
929 2230 976 2258 ego

1033 2225 1082 2252 Καὶ
1095 2225 1243 2252 ἐπελάθου
1256 2226 1349 2260 νόμου
1364 2225 1439 2253 Θεοῦ
1453 2233 1522 2257 σου,
1537 2224 1618 2259 κάγὼ
1632 2222 1815 2256 ἐπιλήσομαι
1827 2251 1834 2269 ι

189 2269 330 2296 obliviscar
339 2269 455 2303 ﬁliorum
472 2274 588 2295 tuorum.

225 2314 368 2343 XXXVIII.
385 2315 480 2342 Adhuc
493 2321 583 2342 sermo
599 2312 671 2340 velut
684 2314 717 2340 ad
733 2312 885 2341 Judaaorum
900 2321 976 2341 men-

188 2362 282 2389 dacem
298 2361 448 2395 ctimpiam
473 2359 671 2386 multitudinem
699 2358 833 2394 dirigitur.
862 2358 973 2386 Matrem

188 2408 246 2442 ejus
263 2407 378 2443 appellat
396 2406 577 2441 Synagogam,
600 2405 825 2439 quemadmodum
851 2405 976 2433 videlicet

188 2456 214 2482 in
229 2454 336 2482 Christo
349 2453 556 2487 jusriiicalorum
580 2451 737 2478 Ecclesiam.
765 2451 832 2478 Cum
849 2451 973 2479 obscuri-

189 2507 243 2528 tate
256 2500 338 2535 igitur
353 2503 380 2527 et
402 2498 520 2525 tenebris
545 2504 606 2532 apte
623 2497 773 2525 Iudaeorum
801 2497 971 2533 Synagogam

187 2546 304 2575 confert.
317 2544 433 2572 Proinde
448 2549 473 2571 et
488 2543 703 2578 sapientissimus
726 2543 824 2572 Paulus
841 2545 874 2572 de
889 2552 928 2578 se,
946 2548 974 2572 et

189 2594 216 2620 in
229 2593 280 2619 ﬁde
297 2590 437 2619 iiiustratis
455 2590 605 2618 rectissime
622 2598 629 2616 :
650 2599 659 2616 ι
685 2589 742 2617 Non
760 2597 853 2618 sumus
874 2591 972 2622 noctis,

189 2647 237 2667 nec
251 2638 434 2669 tenebrarum,
455 2637 501 2664 sed
515 2644 608 2664 sumus
626 2636 670 2663 lilii
689 2636 756 2664 lucis
780 2641 807 2664 et
828 2637 880 2664 diei
904 2637 938 2664 ⁸⁵.
959 2646 968 2663 ι

187 2684 290 2712 Similis
307 2688 349 2711 est
363 2691 451 2719 porro,
472 2683 566 2718 inquit,
581 2687 608 2710 et
632 2682 744 2717 populus
764 2690 839 2709 meus
855 2690 907 2710 non
924 2682 972 2709 ha-

186 2730 313 2758 bentibus
333 2730 484 2761 scientiam,
496 2729 620 2763 quamvis
633 2728 690 2763 lege
706 2732 840 2762 pra-eunte
849 2736 880 2756 ac
895 2736 971 2756 mon-

187 2783 291 2805 stranle
307 2778 375 2804 viam
395 2777 479 2804 dives.
498 2775 613 2804 Vocatus
623 2775 695 2802 enim
710 2775 742 2802 ad
757 2775 898 2802 scientiam
913 2776 970 2802 veri

228 2862 248 2879 "
260 2866 328 2894 Osce
345 2873 383 2899 ιιι,
405 2865 426 2892 i.
466 2865 488 2881 ’³
507 2863 605 2892 Ειεειι.
622 2871 662 2895 ιιι,
678 2863 721 2891 50.

760 2863 782 2879 9‘
798 2862 808 2890 l
827 2862 923 2891 Thess.
942 2871 966 2898 v,
982 2865 1007 2893 5.

1025 2271 1138 2298 τέκνων
1156 2278 1226 2298 σου.

1060 2316 1124 2345 ΑΠ’.
1141 2317 1202 2344 Ἔτι
1223 2317 1272 2352 μὲν
1287 2314 1334 2344 οὖν
1346 2317 1360 2343 ό
1375 2316 1453 2351 λόγος
1466 2315 1505 2348 ὡς
1526 2315 1594 2352 πρὸς
1610 2315 1659 2351 τὴν
1675 2314 1728 2342 τῶν
1748 2315 1814 2341 Ἰου-

1024 2360 1106 2389 δαίων
1125 2361 1285 2397 ἀμαρτοεπῆ
1304 2370 1334 2388 τε
1359 2361 1407 2388 καὶ
1424 2361 1535 2388 ἀνοσίαν
1557 2360 1672 2396 πληθύν.
1698 2360 1813 2396 Μητέρα

1025 2415 1057 2441 γε
1083 2407 1136 2442 μὴν
1153 2407 1238 2442 αὐτῆς
1261 2407 1387 2442 ὀνομάζει
1412 2407 1461 2443 τὴν
1484 2407 1659 2441 Συναγωγὴν,
1685 2405 1812 2441 καθάπερ

1025 2453 1122 2488 ἀμέλει
1138 2453 1185 2480 καὶ
1199 2453 1252 2480 τῶν
1273 2453 1303 2480 ὲν
1319 2453 1429 2489 Χριστῷ
1442 2452 1660 2487 δεδικαιωμένων
1681 2451 1731 2485 τὴν
1752 2451 1814 2478 Ἐκ-

1026 2499 1149 2535 κλησίαν.
1164 2500 1310 2536 ’Δφεγγείᾳ
1323 2500 1411 2527 τοίνυν
1437 2500 1484 2526 καὶ
1500 2499 1588 2534 σκότῳ
1602 2498 1763 2534 παρεικάζει
1780 2498 1814 2524 δι-

1026 2546 1111 2578 καίως
1131 2545 1180 2582 τὴν
1196 2546 1249 2573 τῶν
1267 2547 1399 2575 Ἰουδαίων
1416 2547 1589 2582 Συναγωγήν.
1607 2545 1752 2580 Τοιγάρτοι
1767 2544 1814 2571 καὶ

1026 2593 1040 2618 ὸ
1057 2591 1211 2626 σοφώτατος
1236 2593 1340 2625 Παῦλος
1365 2593 1459 2620 ἑαυτοῦ
1481 2601 1511 2619 τε
1531 2592 1612 2628 πέρι,
1637 2591 1684 2618 καὶ
1705 2590 1760 2618 τῶν
1784 2591 1813 2617 ἓν

1025 2637 1115 2665 πίστει
1130 2638 1389 2675 λελαμπρυσμένων,
1406 2638 1435 2668 εὖ
1451 2640 1522 2676 μάλα
1535 2639 1626 2676 φησιν’
1642 2639 1716 2666 «Οὐκ
1729 2638 1812 2673 ἐσμὲν

1024 2685 1129 2717 νυκτὸς,
1145 2685 1204 2712 οὐδὲ
1224 2686 1346 2718 σκότους,
1359 2686 1417 2713 ἀλλ’
1430 2686 1484 2713 υἱοὶ
1499 2686 1587 2721 φωτὸς
1601 2685 1649 2712 καὶ
1661 2684 1780 2720 ἡμέρας.
1799 2692 1809 2710 ι

1024 2730 1116 2757 Ἔοικε
1137 2730 1175 2763 δὲ,
1191 2731 1257 2767 φησὶ
1267 2752 1274 2764 ,
1295 2732 1342 2758 καὶ
1355 2733 1368 2758 ό
1386 2731 1450 2764 λαὸς
1468 2732 1483 2758 ό
1502 2731 1568 2767 ἐμὸς
1583 2732 1638 2763 τοῖς
1653 2731 1704 2758 οὐκ
1720 2730 1811 2766 έχουσι

1024 2777 1135 2812 γνῶσιν,
1158 2779 1247 2806 καίτοι
1266 2778 1316 2814 τὴν
1340 2779 1384 2806 διὰ
1411 2778 1493 2814 νόμου
1527 2777 1722 2813 πεπλουτηκιῖος
1745 2776 1810 2804 me
