1913 3042
75 145 124 173 ﬁl

540 142 818 172 COMMENv'l‘ARIt'S
837 143 869 170 IN
889 142 1005 171 ()SEMI
1028 141 1252 172 PROPIIETAM.

1657 143 1712 173 1‘23

74 203 162 238 ηγίαν.
176 201 324 237 Κέκληται
340 201 396 238 γὰρ
415 202 482 238 πρὸς
499 201 645 236 ἐπίγνωσιν
659 202 706 229 τοῦ
721 202 791 228 κατὰ
807 202 873 237 ὰλή-
888 229 890 233 Α

940 202 984 234 lei,
1003 206 1028 229 et
1043 210 1090 237 per
1104 201 1232 229 miracula
1249 205 1320 228 certa
1337 199 1456 228 illi'ﬁdes
1479 200 1549 228 facta
1573 209 1579 228 :
1599 205 1627 228 et
1645 201 1713 230 nihil

76 249 148 276 θειαν
170 248 249 280 ὖντος
270 247 354 280 Θεοῦ,
383 247 625 283 πεπληροφόρηται
649 246 693 274 διὰ
717 247 873 282 θαυμάτων,

78 292 211 318 ὲλλὲλοιπε
233 291 264 318 δὲ
280 291 424 323 παντελῶς
442 291 518 318 οὐδὲν
542 291 596 318 τῶν
619 292 670 318 ὅσα
687 291 816 326 φωτίζειν
831 288 877 318 οἷά

77 347 107 365 τε
126 338 186 369 τοὺς
207 338 443 373 ἐσκοτισμὲνους,
468 338 514 364 καὶ
531 337 696 371 ἀξιάγαστον
712 338 768 369 τοῖς
791 337 877 372 εὐμα-

79 384 215 418 θεστέροις
231 384 340 411 ἐνιέναι
357 384 459 418 γνῶσιν
472 383 522 410 οὐκ
533 383 668 414 ἀνικάνως
682 383 748 418 ἔχει.
769 382 877 418 Ἐπειδὴ

79 430 106 456 δὲ
121 429 235 462 ἀπώσω,
262 430 343 465 φησὶ,
364 429 414 465 τὴν
437 429 595 463 ἐπίγνωσιν,
611 428 733 455 τουτέστι
749 428 875 464 Χριστὸν,

79 475 110 501 δι’
125 472 164 506 οὗ,
179 475 228 501 καὶ
245 476 275 502 ὲν
287 472 311 509 ᾧ
324 474 452 510 προσιτός
466 482 496 500 τε
511 474 568 509 ἅμα
585 474 633 500 καὶ
659 473 778 508 γνωστὸς
793 474 806 499 ὁ
823 471 890 500 Πα-’

80 520 138 556 ήρ,
156 521 285 556 ὲξωθήσῃ
300 521 392 547 λοιπὸν
410 520 458 546 τοῦ
479 517 549 546 εἶναι
565 519 653 555 ἱερὸς,
666 519 713 546 καὶ
729 518 776 545 τοῦ
793 527 878 554 προσ-

81 567 156 600 άγειν
180 566 279 599 θυσίας
293 586 307 598 ,.
323 566 361 598 ὡς
385 566 509 601 βέὸηλος.
534 566 590 593 Καὶ
613 565 708 601 ἐπειδὴ
728 565 781 592 τῶν
798 564 877 591 θείων

81 613 119 643 είς
134 612 222 648 λήθην
242 611 410 644 κατώλισθες
429 612 529 647 νόμων,
548 612 617 647 μήτε
626 611 662 637 τὰ
673 610 795 642 Μωσέως
816 610 878 645 νοή-

82 666 129 689 σας
158 657 373 693 πνευματικῶς,
394 657 462 692 μήτε
481 658 538 688 τοῖς
556 656 601 683 διὰ
625 654 745 692 Χριστοῦ
768 655 879 682 παιδεύ-

83 712 165 738 μασιν
184 704 277 739 ἰσχνόν
291 713 321 731 τε
338 704 385 730 καὶ
396 703 485 738 εὐφυᾶ
504 703 548 729 τὸν
560 702 622 729 νοῦν
638 702 728 733 ἐνιεὶς,
743 702 783 733 είς
794 700 878 736 λήθην

82 749 159 783 κάγὼ
182 749 239 776 τῶν
256 749 310 776 σῶν
335 749 415 776 οἱονεί
438 757 496 780 πως
520 747 740 783 ὑπενεχθήσομαι
763 747 877 779 τέκνων,

82 798 234 830 τουτέστιν,
256 797 348 824 οὐκέτι
365 798 554 832 μεμνήσομαι,
571 795 616 822 διά
638 804 669 829 γε
684 795 731 822 τοῦ
748 795 795 821 καὶ
819 803 879 829 φει-

925 255 1038 282 prorsns
1055 247 1139 274 del‘uit
1153 246 1284 279 omnium,
1307 253 1474 280 quaecunque
1491 246 1643 273 illuminare
1669 254 1714 274 ve-

926 292 966 320 lut
984 292 1012 319 in
1029 292 1146 319 tenebris
1159 297 1308 324 versantes,
1324 296 1351 318 et
1369 291 1401 318 ad
1420 291 1607 318 admirabilem
1625 291 1714 317 scien-

927 338 991 364 tiam
1014 336 1186 364 inserendam
1203 336 1348 364 suﬂlciunt.
1364 335 1494 369 Quoniam
1511 343 1576 362 Vero
1592 334 1712 369 repnlisti

926 382 1078 416 scientiam,
1102 382 1198 416 inquit,
1216 381 1268 409 hoc
1284 386 1334 412 est,
1352 381 1508 413 Christum,
1518 388 1564 414 per
1581 386 1672 414 quem,
1687 383 1715 405 et

927 428 954 455 in
971 435 1024 463 quo
1051 427 1142 454 accedi
1159 431 1187 454 et
1205 427 1330 461 cognosci
1356 431 1443 461 potest
1467 426 1558 457 Pater,
1585 425 1711 459 repellam

927 481 977 508 ego
993 474 1026 501 de
1041 478 1139 500 θείοιο
1155 477 1192 505 te,
1208 479 1242 498 ne
1258 472 1322 498 mihi
1337 472 1374 498 sis
1388 476 1506 502 sanctus,
1521 476 1546 497 et
1567 478 1600 497 ne
1614 469 1718 497 offeras

928 520 991 546 mihi
1009 519 1182 551 sacriﬁcium,
1197 522 1290 552 utpote
1313 516 1451 552 profanus.
1480 517 1512 543 Et
1533 517 1660 550 quoniam
1685 516 1712 542 in

928 565 1089 593 oblivionem
1101 564 1252 592 divinarum
1266 563 1353 598 legum
1371 562 1461 596 lapsus
1475 568 1512 594 es,
1530 569 1614 596 neque
1633 560 1713 587 intel-

928 611 1017 638 lexisti
1032 610 1147 638 Mosaica
1163 610 1349 646 spiritualit‘er,
1372 616 1459 643 neque
1473 609 1620 635 doctrinam
1635 607 1714 634 Chri-

927 657 963 684 sti
978 660 1072 684 exacte
1088 661 1192 684 etcum
1216 655 1347 683 industria
1370 654 1607 689 comprehendisti;
1633 653 1713 679 etiam

929 710 979 737 ego
993 703 1018 729 in
1029 701 1191 729 oblivionem
1206 706 1312 729 tuorum
1330 701 1384 736 7o
1397 700 1511 727 ﬁliorum
1535 699 1608 726 velut
1628 698 1715 734 prola-

929 748 988 782 bar,
1010 748 1062 775 hoc
1082 753 1132 781 est,
1154 748 1296 775 immemor
1311 753 1367 779 ero,
1394 750 1422 772 ut
1438 753 1485 772 eos
1504 744 1666 779 indulgentia
1688 748 1715 770 et

930 795 1111 823 sollicitudine
1131 794 1235 829 dignari
1251 793 1384 821 desinam.
1399 793 1516 826 Quorum
1533 791 1604 818 enim
1620 790 1714 823 digna-

83 843 144 875 δοῦς
171 845 220 870 καὶ
235 844 376 878 φροντίδος
390 843 493 875 ἀξιοῦν.
506 841 556 869 Ὧν
571 842 624 878 γὰρ
636 841 707 875 ἀξιοῖ
726 840 879 876 μεμνῆσθαι

943 849 975 868 ur
1002 840 1150 874 recordari,
1179 839 1239 867 illos
1266 846 1314 866 sua
1342 837 1506 872 benignitate
1536 836 1721 871 prosequitur..

84 892 168 923 85%;,
192 892 300 923 τούτοις
326 891 383 926 τὴν
405 891 479 917 ἰδίαν-
501 889 633 924 ἀπονέμει
660 887 874 923 φιλανθρωπίαν.

940 887 1032 914 )‘blitus
1044 891 1084 914 est
1098 891 1187 913 autem
1208 890 1236 913 et
1250 884 1328 912 aliter
1343 884 1440 911 divinw
1464 883 1541 916 legis,
1567 885 1595 908 et
1620 880 1722 914 repulit,

90 937 258 965 Ἐπελάθετο
287 937 314 964 δὲ
341 937 389 964 καὶ
415 936 517 972 ἑτέρως
537 935 584 962 τοῦ
609 934 683 960 θείου
706 933 806 968 νόμου,
831 932 876 959 καὶ

84 986 218 1013 ἀπώσατο
241 985 290 1021 τὴν
311 985 458 1019 ἐπίγνωσιν
480 983 708 1018 είδωλολατρήσας
725 981 739 1007 ὁ
758 980 875 1016 Ἰσραήλ.

120 1031 204 1059 Κατὰ
223 1031 256 1058 τὸ
276 1030 394 1065 πλῆθος
410 1029 519 1062 αὐτῶν,
544 1029 638 1061 οὕτως
663 1028 798 1062 ῆμαρτόν
815 1035 876 1061 μοι.

88 1078 149 1112 Τὴν
164 1077 262 1110 δόξαν
277 1076 378 1104 αὐτῶν
390 1077 434 1110 εις
448 1076 568 1110 ἀτιμίαν
580 1075 719 1109 θήσομαι.

122 1167 186 1195 Λϐι.
213 1165 397 1201 Ἦμεράτητος
414 1164 463 1195 μὲν
483 1163 591 1198 ἁπάσης
606 1162 654 1189 καὶ
671 1161 758 1197 πηγὴ,
773 1161 821 1188 καὶ
834 1160 880 1196 γὲἐ

85 1221 171 1244 νεα-ις,
186 1211 235 1238 καὶ
260 1211 423 1245 αὐτόχρημα
436 1209 466 1235 τὸ
480 1207 581 1243 ἀγαθὸν
596 1208 613 1243 ὴ
638 1207 698 1233 θεία
714 1206 744 1233 τέ
760 1207 817 1233 ἐστι
834 1206 881 1232 καὶ

86 1259 245 1294 ἁτώρρητος
267 1257 357 1292 φύσις.
382 1255 455 1291 Πλὴν
468 1255 518 1282 οὐκ
540 1253 656 1281 εῑσάπαν
677 1253 731 1279 τῶν
752 1252 881 1287 πλημμει

87 1303 355 1339 λούντων-ἁνέχεται,
371 1303 427 1334 τοῖς
441 1301 469 1328 δὲ
488 1299 621 1336 ἀχαλίνως
641 1300 680 1331 εἰς
695 1298 773 1325 τοῦτο
796 1298 880 1330 ίοῦσι·,

88 1352 139 1383 τὰς
151 1351 245 1382 αὐτοῖς
260 1348 418 1385 πρεπούσας
432 1347 555 1383 ἐπιφέρει
568 1346 656 1378 δίκας.
672 1344 831 1380 Ἀφικέσθαι
850 1343 883 1379 δὴ

89 1396 136 1425 οὖν
155 1398 196 1429 είς
208 1396 287 1423 τοῦτο
307 1394 471 1429 φαυλότητος
489 1391 685 1428 διισχυρίζεται
702 1391 748 1418 τὸν
764 1389 882 1425 Ἰσραὴλ,

94 1445 131 1476 ὡς
147 1443 242 1470 οὐκέτι
264 1442 312 1477 μὲν
328 1441 421 1475 οἰστὴν
443 1438 569 1474 γενέσθαι
582 1437 631 1473 τὴν
647 1437 784 1468 ἀπόνοιαν,
801 1436 885 1470 ἰσάρι-

94 1490 160 1524 θμον
175 1488 204 1514 δὲ
219 1487 315 1522 ὥσπερ
330 1486 421 1517 αὐτοῖς
447 1485 559 1520 ὁρᾶσθαι
575 1483 624 1519 τὴν
640 1483 788 1518 ἁμαρτίαν.
805 1481 885 1508 Αὐτοὶ

95 1535 144 1571 μὲν
156 1534 211 1570 γὰρ
225 1531 296 1569 ἦσαν
311 1541 319 1557 ι
336 1532 401 1557 ὡσεὶ
411 1530 445 1557 τὰ
458 1528 597 1565 ἄστρατοῦ
605 1527 719 1564 οὐρανοῦ
731 1526 769 1562 τῷ
777 1526 884 1562 πλήθει,
899 1546 920 1575 c

94 1582 141 1609 καὶ
158 1581 199 1610 ὡς
217 1580 234 1614 ἡ
257 1579 348 1613 ἄμμος
367 1578 384 1613 ή
407 1576 482 1612 παρὰ
497 1576 528 1602 τὸ
543 1575 631 1610 χεῖλος
646 1575 696 1609 τῆς
707 1573 855 1608 θαλάσσης,
872 1582 881 1599 ι

95 1629 164 1654 κατὰ
177 1625 209 1652 τδ
223 1622 427 1660 γεγραμμένον.
440 1621 521 1648 Οὐδὲν
537 1620 565 1647 δὲ
578 1619 626 1647 τοῦ
643 1618 761 1654 πλήθους
777 1618 885 1644 ἀποδεῖν

95 1673 147 1708 εφη
159 1672 196 1698 τὰ
206 1669 442 1706 πλημμελήματα.
455 1666 553 1698 Τοῦτο,
562 1663 649 1702 οἶμαι,
658 1665 716 1692 ὲστὶ
730 1665 760 1691 τό
770 1673 791 1690 ἰ
808 1663 887 1690 Κατὰ

95 1720 125 1746 τὸ
143 1717 247 1753 πλῆθος
272 1715 372 1747 αὐτῶν,
386 1714 456 1741 οὕτω
483 1712 607 1750 ἦμαρτόν
628 1720 684 1747 μοι.
702 1720 712 1738 ι
732 1710 841 1745 Ἐπειδὴ
858 1709 887 1736 δὲ

95 1767 136 1799 είς
161 1764 244 1792 τοῦτο
267 1762 434 1790 κατώλισθον
466 1759 622 1796 ἀθλιότητος
644 1767 675 1785 τε
707 1758 755 1785 καὶ
777 1756 889 1783 δυο-6ου-

95 1813 155 1842 λῖις
166 1832 172 1841 ,
185 1811 233 1837 καὶ
251 1809 311 1845 Θεῷ
327 1807 543 1844 προσκρούοντες
561 1806 592 1832 οὑ
602 1803 784 1832 διαλελοίπασι
794 1824 801 1836 ,
818 1803 888 1838 ιΤὴν

96 1859 175 1892 δόξαν
185 1856 276 1884 αὐτῶν
289 1856 329 1888 εἰς
343 1854 457 1889 ἀτιμίαν
470 1851 590 1887 θήσομαι
600 1859 607 1867 ·
623 1860 633 1876 ι
648 1850 798 1882 τουτέστιν,
812 1849 854 1884 ἐφ’
866 1844 888 1881 ᾧ

100 1905 208 1942 μεγάλα
226 1903 337 1939 φρονεῖν
359 1898 521 1935 ἐγνώκασιν,
534 1897 577 1924 ἐπ’
589 1895 664 1931 αὐτῷ
679 1895 711 1931 δὴ
725 1895 812 1930 τούτῳ
826 1902 890 1920 κατ-

99 1939 336 1986 αισχυνθήσονται.
350 1945 413 1977 Πῶς
424 1944 511 1981 ῆτὶνα
522 1942 637 1979 τρόπονς
649 1941 724 1976 Αὐχη
729 1940 821 1976 μάτων
834 1939 888 1974 γὰρ

98 1995 301 2026 ἀποπεσοῦνται
321 1991 439 2019 τῶν-επὶ
466 1989 563 2025 πλήθει
586 1986 675 2023 πολλῷ
685 2006 698 2019 ν.
717 1986 890 2018 δαπανῶντος

99 2042 146 2069 τοῦ
162 2040 284 2075 πολέμου
298 2038 354 2069 τοῖς
370 2035 499 2072 μαχίμοις
515 2032 583 2068 ὁμοῦ
597 2033 644 2059 καὶ
658 2032 708 2066 τὴν
724 2031 807 2075 ᾇλλην
825 2030 892 2056 ᾶπα-

101 2095 150 2115 σαν
159 2074 279 2122 ἡλικίαν.
293 2081 441 2116 Κὲνανδροι
456 2079 511 2114 γὰρ
529 2076 710 2113 ἀπομενοιῗωιν
717 2074 784 2103 οἶκοί
798 2083 827 2102 τε
844 2074 892 2102 καὶ

102 2133 206 2163 πόλεις.
220 2130 277 2157 Καὶ
290 2129 333 2155 ἐπ’
345 2127 418 2162 αὺτῷ
435 2126 464 2152 δὲ
477 2124 569 2161 τούτῳ
580 2123 628 2160 τὴν
645 2122 774 2149 Ἰουδαίαν
789 2122 803 2148 ὁ
824 2129 892 2156 προ-

102 2180 190 2215 φήτης
208 2175 344 2211 Ἱερεμίας
355 2173 474 2209 ὲθρήνει,
486 2171 587 2205 λέγων·
603 2179 612 2195 ι
628 2169 690 2200 Πῶς
701 2167 811 2195 ἐκάθισε
825 2167 893 2202 μόνη

928 933 1081 964 scientiam,
1096 931 1175 958 idolis
1190 931 1238 958 abs
1250 937 1279 958 se
1293 929 1372 957 cultis
1386 927 1480 955 Israel.

964 1022 1046 1050 Vens.
1061 1022 1088 1049 7.
1101 1021 1252 1049 Secundum
1265 1019 1460 1047 multitudinem
1480 1024 1579 1048 eorum,
1597 1015 1634 1042 sic
1656 1022 1716 1050 pec-

929 1073 1051 1096 caverunt
1080 1068 1155 1095 mihi.
1179 1067 1298 1095 Gloriam
1322 1073 1412 1093 eorum
1432 1065 1460 1091 in
1480 1062 1649 1099 ignominiam
1670 1070 1717 1096 po-

930 1123 1001 1143 nam.

964 1159 1082 1187 XXXIX.
1092 1159 1186 1186 Omnis
1192 1154 1404 1184 mansuetudinis
1411 1158 1436 1181 et
1445 1152 1640 1186 fans,etorigo,
1648 1153 1719 1177 etre-

930 1215 994 1234 vera
1003 1207 1101 1234 bonum
1115 1206 1200 1239 ipsum
1214 1203 1303 1230 divina
1313 1206 1339 1228 et
1351 1201 1495 1228 iuel‘l‘abilis
1504 1204 1599 1226 natura
1606 1203 1656 1224 est.
1664 1197 1719 1224 Ve-

932 1257 1081 1280 rumtamen
1100 1255 1241 1286 peccantes
1275 1255 1328 1275 non
1366 1252 1558 1282 usquequaque
1586 1243 1718 1274 sustinet;

932 1299 979 1328 sed
996 1298 1123 1325 ell'renatc
1148 1303 1181 1323 eo
1205 1303 1235 1323 se
1260 1295 1396 1326 dantibus,
1427 1299 1522 1327 pmnas
1548 1289 1721 1317 commeritus

934 1344 1039 1379 inﬂigit.
1057 1342 1114 1369 Huc
1128 1341 1210 1376 igitur
1226 1340 1357 1368 scelerum
1371 1338 1498 1366 lsraelem
1522 1335 1628 1362 venisse
1650 1334 1722 1361 allir-

934 1395 1000 1423 mat,
1018 1394 1048 1416 ut
1066 1388 1184 1415 amentia
1208 1385 1267 1420 ejus
1290 1384 1400 1412 tolerari
1422 1383 1537 1418 amplius
1552 1389 1602 1408 non
1626 1381 1722 1415 possit.

934 1436 1049 1464 Peccata
1080 1439 1169 1461 autem
1199 1439 1341 1460 numerum
1374 1431 1491 1464 capitum
1527 1426 1723 1462 quodammodo

935 1489 1056 1516 mquasse
1074 1480 1167 1508 videri.
1183 1479 1233 1514 Ipsi
1257 1479 1328 1505 enim
1343 1481 1423 1504 erant
1445 1485 1453 1501 ι
1474 1475 1545 1501 velint
1565 1474 1648 1501 stellae
1662 1471 1723 1499 caeli

936 1527 1121 1558 multitudine,
1136 1530 1182 1552 aut
1194 1524 1266 1552 velut
1286 1531 1367 1551 arena
1384 1523 1411 1550 in
1433 1522 1524 1548 littore
1544 1520 1627 1547 maris
1648 1518 1682 1551 ’⁸,
1711 1527 1722 1543 ι

939 1579 969 1602 ιιι
989 1574 1118 1607 scriptum
1135 1575 1200 1599 est:
1223 1579 1238 1599 a
1258 1578 1310 1606 qua
1333 1569 1504 1596 multitudine
1529 1567 1566 1594 ait
1588 1573 1640 1592 non
1668 1565 1724 1591 dis-

939 1626 1052 1653 crepare
1079 1618 1236 1645 delictorum
1257 1615 1374 1650 copiam.
1389 1614 1444 1641 lloc
1461 1617 1512 1644 est.
1530 1613 1636 1646 opinor,
1657 1619 1666 1632 ε
1683 1617 1726 1636 se-

939 1665 1056 1694 cundum
1069 1664 1267 1692 multitudinem
1278 1669 1383 1693 eorum,
1393 1661 1431 1688 sic
1440 1656 1700 1694 peccaveruntmihi.
1714 1664 1730 1681 ι.

940 1711 991 1739 Ubi
1010 1715 1098 1738 autem
1117 1717 1150 1738 eo
1166 1709 1283 1737 miseriae
1302 1707 1475 1740 stultitiaeque
1494 1705 1669 1734 devenerunt,
1698 1707 1727 1728 ut

941 1756 996 1783 Deo
1012 1762 1083 1790 aegre
1099 1754 1188 1782 facere
1203 1761 1254 1780 non
1267 1752 1438 1783 desisterent,
1457 1750 1505 1782 ait,
1521 1759 1531 1775 ‹
1550 1749 1669 1776 Gloriam
1681 1754 1728 1774 eo-

941 1810 1001 1830 rum
1014 1802 1039 1828 in
1055 1800 1229 1836 ignominiam
1243 1807 1351 1834 ponam,
1367 1807 1377 1824 ι
1394 1798 1446 1825 hoc
1462 1801 1512 1829 est,
1527 1799 1636 1830 propter
1657 1793 1728 1828 quod

942 1847 1038 1874 ellbrre
1049 1854 1078 1873 se
1095 1846 1245 1877 voluerunt,
1266 1849 1376 1879 propter
1399 1843 1450 1870 hoc
1472 1843 1558 1876 ipsum
1584 1840 1729 1867 dedecora-

942 1893 1051 1920 buutur.
1066 1891 1184 1924 Qui,aut
1197 1897 1314 1925 quonam
1330 1887 1429 1916 modo?
1445 1886 1575 1913 Amittent
1590 1884 1661 1912 enim
1683 1890 1730 1910 oc-

943 1939 1079 1966 casionem
1096 1935 1227 1972 gloriandi
1244 1934 1276 1961 de
1289 1932 1472 1964 multitudine,
1496 1930 1565 1958 bello
1590 1934 1642 1956 una
1668 1934 1728 1953 cum

943 1983 1118 2013 bellatoribus
1134 1982 1263 2016 reliquam
1283 1985 1389 2014 quoque
1404 1981 1510 2004 {ntalem
1528 1982 1634 2003 omnem
1650 1973 1731 2000 absu-

945 2034 1045 2058 mente.
1069 2028 1167 2055 Vacua:
1191 2031 1307 2059 namque
1321 2022 1477 2051 hominibus
1489 2024 1516 2048 et
1534 2020 1628 2047 domus
1643 2023 1670 2044 et
1685 2024 1730 2043 ur—

945 2077 993 2104 bes
1007 2065 1161 2102 manebunt.
1175 2072 1213 2099 Ac
1231 2074 1341 2106 propter
1358 2069 1409 2096 hoc
1433 2068 1518 2102 ipsum
1543 2065 1671 2100 propheta
1687 2062 1734 2090 le-

946 2121 1044 2149 rcmias
1058 2119 1176 2147 Judaaam
1195 2117 1308 2145 deﬂebat
1323 2116 1365 2143 his
1379 2115 1459 2141 dictis
1477 2122 1483 2140 ι
1506 2122 1516 2138 ι
1535 2111 1674 2145 Quomodo
1691 2117 1732 2136 se-

947 2168 992 2195 det
1004 2166 1060 2194 sola
1076 2166 1172 2193 civitas
1190 2163 1266 2198 plena
1292 2160 1408 2196 populo?
1429 2160 1553 2195 princeps
1579 2156 1740 2192 provincia:

102 2207 120 2262 ἦ
132 2207 213 2255 ἶπόλις
227 2207 252 2258 ἡ.
265 2207 476 2255 πεπληθυσμένη
498 2216 587 2249 λαῶν;
602 2216 722 2251 ἄρχουσα
736 2216 767 2241 ἐν
781 2213 890 2250 χώραις,

947 2221 1005 2241 rum
1020 2212 1088 2239 facta
1102 2215 1145 2238 est
1161 2210 1210 2236 sub
1227 2209 1327 2235 tributo
1344 2207 1377 2233 ’⁸.
1394 2215 1404 2232 ι

104 2272 223 2309 ἐγενήθη
243 2271 283 2302 είς
298 2268 389 2304 φόρον.
399 2276 408 2292 ι

140 2305 198 2347 ιςαὶι
217 2305 320 2352 ἑτέρως
334 2314 363 2340 δέ
375 2321 383 2329 ·
396 2311 455 2347 Θεῷ
469 2308 694 2347 προσκρούοντες,
718 2306 826 2340 ἁπάσης
849 2305 896 2330 εὐ-

106 2364 200 2396 κλείας
212 2362 251 2394 ὡς
265 2349 394 2388 αποτάτω
409 2355 557 2391 κεισόμεθα
569 2353 700 2389 δρῶντες,
716 2351 734 2378 ἃ
743 2350 788 2396 ,μὴ
802 2349 880 2396 θέμις
889 2357 896 2364 ·

107 2412 155 2439 καὶ
170 2394 213 2445 ιφ·
229 2405 270 2439 οἷς
285 2403 460 2441 αἰσχύνεσθαι
475 2401 528 2437 χρὴ
540 2420 547 2433 ,
574 2399 616 2425 ἐπ’
632 2398 723 2428 αὑτοῖς
739 2395 771 2431 δὴ
794 2394 899 2425 τούτοις

109 2457 166 2484 ἐσθ’
180 2439 226 2483 έτε
245 2439 508 2489 μεγαλαυχούμενοι,
529 2446 576 2473 καὶ
589 2443 694 2479 ὑψηλὴν
713 2443 835 2489 αἴροντες
850 2439 899 2475 τὴν

111 2502 197 2539 ὀφρύν
208 2510 215 2517 ·
231 2485 270 2531 di;
281 2485 392 2528 δικαίως
407 2493 534 2528 λέγεσθαι
549 2492 597 2519 καὶ
610 2490 674 2525 περὶ
797 2498 806 2514 (
817 2485 867 2539 Ἶξν
882 2487 898 2521 ἡ

112 2531 174 2581 allia
187 2548 217 2573 ἐν
232 2546 265 2580 τῇ
283 2541 400 2577 αίσχύνῃ
411 2538 510 2566 αὐτῶν.
526 2547 535 2563 ι
558 2535 661 2563 Οὐκοῦν
676 2533 724 2561 καὶ
738 2532 808 2560 κατὰ
824 2531 898 2558 τόνδε

113 2577 157 2620 τὴν
181 2592 244 2619 νοῦν
253 2577 366 2623 ηὲκδέξῃ
393 2585 473 2613 πάλιν
495 2583 526 2609 τὺ
546 2581 700 2618 εἰρημένον,
720 2588 729 2604 ί
748 2578 803 2613 Τὴν
824 2577 903 2610 δόξαν

117 2638 205 2667 αὑτῶν
222 2638 262 2669 εἰς
276 2621 391 2670 ἀτιμίαν
406 2633 550 2667 θήσομαι.)
563 2629 623 2654 ’Ότι
641 2627 694 2662 γὰρ
713 2621 904 2660 παραδίδονταί

116 2694 186 2717 τινες
203 2694 213 2710 ί
234 2684 275 2714 εἱς
288 2681 418 2714 ἀδόκιμον
432 2676 505 2708 νοῦν,
519 2675 606 2701 ποιεῖν
620 2673 654 2699 τὰ
671 2672 708 2707 μὴ
722 2670 902 2705 καθήκοντα,ι

119 2714 267 2762 πῶς-ἔστιν
283 2724 460 2762 ἀμφιϐαλεῖν,
475 2721 522 2748 τοῦ
542 2718 676 2756 μακαρίου
692 2716 798 2744 Παύλου
814 2714 907 2749 σαφῶς

118 2777 273 2813 εἰρηκότος

984 2303 1070 2330 Aliter
1086 2300 1178 2327 etiam.
1194 2299 1278 2326 Deum
1302 2297 1468 2325 oﬂ‘endentes
1495 2295 1529 2322 ab
1551 2293 1624 2322 omni
1652 2292 1734 2327 gloria

949 2348 1105 2382 longissime
1119 2344 1287 2375 recedemus,
1306 2342 1435 2370 facientes
1455 2347 1515 2375 qum
1536 2339 1576 2365 fas
1594 2345 1646 2364 non
1664 2341 1706 2363 cst
1727 2345 1734 2362 :

949 2399 978 2422 et
990 2394 1024 2421 ob
1040 2399 1100 2428 quae
1114 2391 1275 2419 erubescere
1290 2389 1418 2423 oportuit,
1438 2387 1464 2413 in
1484 2386 1518 2413 iis
1535 2385 1599 2419 ipsis
1617 2384 1736 2418 aliquan~

952 2441 986 2467 do
1000 2446 1048 2466 nos
1059 2438 1196 2473 jactantes
1210 2440 1238 2463 et
1261 2433 1436 2469 supercilium
1466 2431 1599 2463 tollentes,
1624 2434 1653 2455 ut
1685 2437 1736 2455 non

952 2485 1051 2519 injuria
1068 2483 1150 2511 etiam
1162 2482 1195 2508 de
1212 2480 1290 2508 nobis
1308 2480 1413 2506 dicatur
1434 2484 1442 2504 :
1468 2486 1478 2502 ι
1507 2476 1626 2509 Quorum
1653 2474 1736 2508 gloria

952 2531 979 2558 in
995 2529 1153 2558 confusione
1179 2527 1298 2562 ipsorum
1325 2525 1358 2551 ’⁷.
1392 2533 1402 2549 ι
1429 2522 1518 2556 Quare
1542 2525 1570 2548 et
1591 2519 1737 2547 secundum

953 2577 1026 2605 hunc
1043 2581 1152 2602 sensum
1168 2573 1238 2607 quod
1257 2571 1357 2598 dictum
1372 2573 1412 2597 est
1434 2568 1559 2602 accipies,
1586 2574 1596 2590 ι
1626 2564 1738 2600 gloriam

955 2629 1049 2650 eorum
1064 2621 1092 2647 in
1108 2618 1281 2654 ignominiam
1302 2622 1409 2650 ponam.
1428 2624 1438 2641 ι
1456 2613 1523 2640 Nam
1538 2611 1668 2647 quosdam
1683 2613 1734 2635 tra-

957 2667 1027 2694 ditos
1045 2675 1053 2691 ι
1072 2666 1097 2691 in
1113 2663 1256 2698 reprobum
1287 2667 1406 2691 sensum,
1420 2663 1449 2685 ut
1466 2657 1586 2684 iacerent
1607 2660 1665 2689 qua:
1687 2659 1739 2679 nou

957 2712 1120 2741 conveniunt
1133 2709 1167 2742 “,
1186 2717 1195 2734 ι
1213 2715 1261 2735 cur
1275 2706 1417 2741 quisquam
1431 2703 1544 2735 dubitet,
1557 2709 1617 2729 cum
1630 2700 1655 2727 id
1669 2698 1740 2726 Pau-

959 2760 1001 2786 lus
1015 2757 1156 2794 perspicue
1169 2753 1329 2783 conﬁrmet?

148 2866 174 2882 ³⁵
190 2864 262 2892 Gen.
281 2868 352 2894 ml,
371 2859 414 2886 Π.
453 2858 474 2873 ’³
495 2857 595 2884 Thrcn.
611 2863 631 2889 ι,
653 2855 677 2881 l.
716 2851 737 2868 ⁰⁷
754 2850 869 2885 Philipp.
887 2858 890 2875 ι

942 2849 983 2877 19.
1022 2848 1043 2864 ⁹⁸
1061 2847 1137 2874 Rom.
1151 2853 1168 2877 ι,
1183 2843 1218 2871 28
