1913 3042
182 104 233 131 125

180 207 361 241 iniquitatibus
372 215 461 234 eorum
477 205 604 239 accipient
623 205 725 232 anilitas
741 213 841 232 eorum.
862 203 896 231 Et
918 203 968 231 erit

181 253 246 279 sicut
259 253 380 288 populus,
393 253 430 279 ita
442 256 466 279 et
482 251 616 279 sacerdos.

217 299 267 333 71
302 298 357 325 XL.
376 297 537 332 Perscriptis
552 297 641 325 causis
651 296 697 323 irae
710 296 736 323 in
752 295 967 328 multitudinem,

180 351 331 371 sermonem
347 343 380 370 ad
394 350 502 370 sacrum
516 343 638 370 ordinem
654 341 791 374 transfert,
804 342 968 369 convenien-

183 394 270 421 ιρι-,ιιι
282 396 331 424 ego
347 389 445 421 sentio,
463 388 487 416 ei
499 389 570 424 quod
588 388 666 415 modo
684 396 698 415 a
714 387 791 415 nobis
803 388 903 414 dictttm
916 391 967 419 est,

183 434 310 469 «gloriam
319 441 410 461 eorum
421 435 446 461 in
456 434 631 470 ignominiam
643 441 751 469 ponam.
759 433 863 460 )Gloria
871 433 968 468 quippe

181 479 332 506 Judteorum
351 479 501 515 Synagogae
512 483 553 507 est
562 484 685 507 sanetum
695 483 720 506 et
732 478 861 506 selectum
872 483 969 513 genus.’

181 522 324 558 Operietur
341 524 433 560 itaque
456 525 616 560 ignominia,
633 524 730 559 inquit,
748 528 774 551 et
794 524 827 550 ad
851 523 968 551 dedecus

181 569 346 598 dcvolvetur.
363 570 421 604 Qua
441 571 474 598 de
489 570 590 598 causa?
606 570 738 602 Quoniam
755 568 884 604 neglectis
907 575 967 603 qua

181 622 214 641 ex
232 615 350 650 ipsorum
376 616 463 644 ollicio
487 620 576 648 erant,
603 616 636 643 ad
663 615 838 643 defectionem
865 615 967 642 seducti

181 666 253 695 sunt,
279 670 365 696 neque
391 670 467 690 suum
492 662 672 697 principatum
699 665 885 690 servaverunt.
910 660 966 688 Non

182 706 301 733 scierunt
329 707 460 734 rationem
490 706 645 734 sacerdotii.
674 705 732 734 Non
759 705 966 739 cogitaverunt,

183 759 194 776 ε
212 752 282 786 quod
295 756 404 786 peccata
419 752 508 787 populi
525 752 576 779 mei
595 752 749 785 comedent,
766 757 792 778 et
804 751 828 778 in
841 751 968 785 iniquita-

184 796 255 825 tibus
269 805 361 824 eorum
382 798 516 832 accipient
541 798 646 824 animas
666 804 769 824 eorum.
799 806 808 823 ι
835 796 966 830 Quoniam

183 850 247 871 vero
260 844 347 870 oratio
365 843 508 877 plurimum
524 843 697 870 obscuritatis
714 842 804 874 habet,
825 849 873 876 age
895 850 966 869 nunc
981 828 1005 858 Β

182 895 231 922 pro
243 888 311 915 virili
324 889 453 920 dicamus,
467 896 520 924 quo
532 893 611 923 pacto
626 895 685 915 eain
698 887 847 922 intelligere
859 888 965 915 deccat.

181 934 279 962 llircus
299 935 332 962 de
347 936 436 969 capris
457 943 504 970 pro
518 940 630 970 peccato
645 933 827 968 mactabatur;
845 934 879 961 ob
898 934 966 962 hanc

181 988 290 1008 causam
304 981 385 1008 etiam
406 980 567 1008 sacriﬁcium
582 980 731 1008 vocabatur
747 986 897 1016 peccatum.
915 980 967 1008 Ve-

182 1034 241 1054 rum
258 1026 400 1054 oﬁ‘erentes
413 1034 493 1062 super
509 1026 594 1054 altare
610 1027 713 1054 hircum
727 1027 760 1059 η,
777 1027 822 1061 qui
838 1034 886 1062 pro
901 1031 967 1054 tetu-

153 1106 156 1109 .
181 1077 246 1106 pore
266 1076 343 1098 erant
363 1071 528 1103 sacerdotes,
552 1070 700 1098 oli'crebant
723 1071 830 1105 quidem
855 1076 916 1098 exta
940 1075 967 1098 et

181 1117 287 1151 adipem
301 1116 320 1148 ¹,
339 1116 443 1151 reliquo
464 1124 498 1144 ex
517 1116 614 1144 divina:
639 1116 707 1151 legis
736 1117 891 1151 praescripto
915 1117 967 1152 ipsi

180 1162 367 1189 vescebantur.
384 1162 477 1196 Itaque
498 1167 625 1196 tanquam
651 1162 785 1189 mediator
807 1162 853 1189 Dei
872 1167 899 1190 et
918 1162 968 1190 ho-

181 1208 284 1235 minum
300 1208 427 1235 sacerdos
443 1208 599 1239 assumitur.
614 1207 763 1242 suseipiens
778 1207 884 1242 quidem
899 1209 967 1236 dona

181 1260 196 1281 a
212 1253 320 1289 populo,
334 1257 361 1281 et
376 1261 438 1281 cum
457 1253 534 1281 altari
550 1254 672 1281 dividens
695 1254 716 1287 ³,
742 1254 813 1282 sicut
837 1256 967 1290 scripttttn

181 1305 233 1332 est,
249 1300 366 1334 seipsum
381 1304 471 1327 autem
495 1300 574 1335 quasi
596 1300 754 1327 sacriﬁcans
776 1307 825 1335 pro
850 1300 968 1334 peccatis

182 1345 287 1380 populi;
312 1346 381 1373 sicut
408 1346 535 1373 nimirum
564 1350 592 1373 et
623 1345 752 1373 Dominus
775 1351 867 1374 uoster
890 1345 969 1374 Jesus

180 1390 315 1418 Christus.
337 1390 406 1418 Vera
432 1395 521 1418 autent
545 1399 587 1418 me
608 1391 708 1423 dicere,
725 1396 821 1418 testem
836 1391 968 1419 adducam

183 1437 267 1472 legem
280 1445 362 1472 super
377 1437 463 1470 hirco,
480 1444 539 1471 quat
554 1437 593 1464 sic
607 1437 686 1464 habet
704 1445 711 1464 :
728 1446 737 1463 t
756 1437 788 1463 Et
800 1437 904 1464 hircum
923 1437 968 1472 qui

181 1490 231 1517 pro
250 1489 359 1517 peccato
371 1490 493 1517 quaerens
505 1483 629 1518 quaesivit
647 1482 762 1517 Moyses,
784 1488 811 1510 et
832 1483 875 1510 hic
893 1490 968 1510 com-

181 1528 277 1556 bustus
290 1527 387 1555 fuerat.
407 1528 438 1555 Et
453 1528 537 1555 iratus
553 1533 594 1555 est
617 1527 722 1563 Moyses
745 1533 838 1556 contra
858 1528 970 1556 Eleazar

182 1580 208 1601 et
224 1574 341 1601 Ithamar
356 1573 425 1601 ﬁlios
440 1575 530 1601 Aaron
544 1574 664 1608 relictos,
682 1574 775 1602 dicens
801 1583 809 1601 :
835 1573 890 1602 Cur
916 1582 970 1602 nott

182 1620 338 1648 comedislis
347 1620 417 1655 quod
435 1628 483 1655 pro
497 1625 608 1655 peccato
633 1621 660 1648 in
685 1620 743 1648 loco
767 1620 880 1648 sancto?
902 1620 970 1654 Quia

182 1667 254 1695 enim
270 1666 368 1694 Sancta
384 1670 540 1694 sanctorum
558 1671 609 1698 est.
631 1667 682 1694 hoc
702 1667 775 1694 dedit
789 1666 864 1694 vobis
896 1675 970 1694 com-

183 1711 273 1746 edere,
283 1712 447 1740 utauferatis
461 1717 602 1747 peccatum
612 1717 708 1744 coetus,
721 1717 749 1740 et
760 1712 911 1748 propitietis
922 1720 970 1748 pro

183 1759 223 1786 cis
240 1766 329 1787 coram
345 1758 457 1786 Domino
469 1758 489 1785 ³.
514 1767 524 1784 ι
548 1758 629 1786 Vides
647 1759 780 1793 quomodo
807 1758 969 1786 mediatorcs

184 1808 276 1840 agunt,
290 1804 335 1839 qui
350 1804 440 1831 divino
453 1803 534 1831 altari
559 1808 658 1836 astant,
678 1811 726 1838 pro
748 1809 858 1839 peccato
880 1803 968 1831 oblata

183 1850 366 1883 eomedentes,
381 1855 407 1877 et
420 1849 580 1878 castissimis
596 1850 798 1884 precibusiram
816 1850 842 1876 in
854 1857 968 1884 peccan-

184 1902 223 1923 tes
238 1897 397 1931 intentatam
418 1896 586 1928 amolieutes,
609 1901 636 1923 et
665 1899 767 1923 tantum
791 1903 843 1923 non
863 1895 969 1922 animas

182 1949 246 1969 suas
262 1950 311 1977 pro
328 1942 445 1977 peccatis
458 1942 546 1977 populi
568 1942 594 1969 in
616 1941 726 1969 odorem
752 1941 894 1968 suavitatis
914 1940 969 1968 Deo

182 1988 380 2017 sacriﬁcantes?
394 1988 469 2016 Sicut
484 1989 547 2016 item
564 1988 670 2016 divinus
691 1988 781 2014 Aaron
799 1987 896 2022 populo
919 1987 968 2014 ab-

183 2035 250 2061 sumi
268 2035 421 2069 incipiente.
439 2033 484 2061 Sic
498 2034 570 2061 enim
593 2034 723 2068 scriptum
749 2037 790 2060 est
809 2040 817 2060 :
837 2041 847 2058 ι
870 2033 968 2060 Thuri-

182 2078 245 2105 bulo
261 2083 369 2113 arrepto
390 2083 416 2106 et
440 2078 565 2113 imposito
585 2078 768 2113 thymiamate,
794 2078 868 2105 stetit
897 2078 969 2104 inter

183 2129 304 2152 mortuos
317 2129 343 2152 et
360 2125 444 2157 vivos,
465 2129 493 2152 et
510 2125 624 2152 cessavit
644 2124 722 2159 plaga
736 2124 758 2151 ⁴.
781 2133 791 2150 ι
807 2123 845 2150 ita
862 2131 969 2158 quoque

677 78 710 129 ἒ.
731 99 867 129 CYRILLI
887 98 1122 128 ALEXANDRINI
1142 99 1304 130 ARCIIIEP.

218 160 297 188 Vens.
313 160 341 194 8,
359 160 384 189 9.
399 159 510 188 Peccata
535 157 624 193 populi
647 158 696 185 mei
719 158 863 192 comedent,
886 162 911 186 et
937 157 1003 188 inA

1757 104 1814 133 124

1058 157 1210 193 Ἀμαρτίας
1235 158 1312 186 λαοῦ
1334 166 1394 193 μου
1422 159 1583 194 φάγονται,
1608 161 1658 188 καί
1683 160 1720 187 ἐν
1743 161 1816 194 ταῖς

1018 203 1147 236 ἀδικίαις
1160 204 1259 230 αὐτῶν
1278 203 1427 237 λήψονται
1442 204 1495 236 τὰς
1510 204 1612 238 ψυχὰς
1627 205 1738 233 αὐτῶν.
1755 204 1816 233 Καὶ

1018 249 1102 277 ἔσται
1118 249 1216 281 καθὼς
1235 250 1252 276 ὀ
1273 249 1359 282 λαὸς,
1377 249 1472 283 οὕτως
1486 250 1535 277 καὶ
1549 252 1566 278 ὁ
1585 252 1690 285 ἱερεύς.

1053 295 1098 322 Μ’.
1115 293 1261 330 Γεγραφὼς
1275 294 1324 326 τὰς
1338 295 1428 327 αἰτίας
1441 296 1489 331 τῆς
1501 297 1539 328 εἰς
1551 296 1581 323 τὸ
1594 296 1695 332 πλῆθος
1709 296 1815 333 ὀργῆς,

1020 339 1195 376 μεταϐιϐάζει
1216 340 1261 366 τὸν
1282 340 1360 374 λόγον
1378 341 1424 367 ἐπὶ
1442 342 1473 368 τὸ
1492 342 1586 377 τάγμα
1600 342 1630 368 τὸ
1648 343 1731 378 ίερὺν,
1757 343 1816 378 ἀρ-

1019 385 1095 419 μόσει
1113 384 1135 410 δ’
1146 384 1188 417 ἂν,
1212 384 1249 416 ὥς
1265 393 1297 418 γε
1313 382 1405 420 οἶμαι,
1423 385 1462 420 τῷ
1477 386 1564 421 λόγῳ,
1587 388 1634 414 καὶ
1655 387 1686 414 τὸ
1706 387 1816 423 ἀρτίως

1018 430 1083 466 ἡμῖν
1103 431 1255 466 εἰρημένον,
1273 440 1282 457 t
1297 431 1352 466 Τὴν
1366 431 1444 464 δόξαν
1458 431 1549 459 αὐτῶν
1571 433 1612 464 είς
1625 433 1741 468 ἀτιμίαν
1759 433 1814 468 θή-

1019 485 1111 512 σομαι.
1124 486 1133 502 ι
1151 477 1220 511 Δόξα
1237 478 1285 513 μὲν
1302 478 1355 513 γὰρ
1371 477 1420 513 τῆς
1437 478 1570 505 Ἰουδαίων
1581 479 1757 514 Συναγωγῆς,
1780 478 1815 506 τὸ

1020 522 1091 558 ἱερόν
1117 523 1146 549 τέ
1167 524 1225 549 ἐστι
1246 524 1293 550 καὶ
1307 524 1456 551 ὰπόλεκτον
1470 525 1557 559 γένος.
1573 525 1813 560 Περισληθήσεται

1018 569 1107 596 τοίνυν
1133 570 1248 605 ἀτιμίᾳ,
1275 570 1360 605 φησὶ,
1385 571 1432 597 καὶ
1463 571 1653 607 μεταχωρήσει
1685 571 1755 606 πρὸς
1780 570 1813 597 τὸ

1017 615 1142 647 ἀκαλλὲς.
1163 617 1218 644 Καὶ
1229 616 1272 644 διὰ
1286 617 1364 644 ποίαν
1383 616 1489 650 αίτίαν;
1502 618 1563 644 Ὀτι
1578 617 1632 644 τῶν
1649 618 1724 652 σφίσι
1741 625 1814 652 πρε-

1018 661 1196 690 πωδεστάτων
1229 662 1449 699 ὀλιγωρήσαντες
1487 663 1704 700 παρεκομίζοντο
1739 663 1813 698 πρὸς

1018 707 1177 737 ἀπόστασιν.
1193 709 1229 735 Οὐ
1253 709 1420 744 τετηρήκασι
1437 709 1486 745 τὴν
1511 710 1617 736 ἑαυτῶν
1637 709 1737 745 ἀρχὴν,
1759 708 1812 735 οὐκ

1017 752 1139 786 ἔγνωσαν
1156 754 1205 789 τῆς
1225 754 1374 790 ἱερωσύνης
1391 754 1437 782 τὸν
1453 755 1628 791 τρόπον,οὺκ
1649 755 1809 789 ὲνενόησαν,

1022 808 1031 824 ι
1045 798 1106 825 Ὅτι
1123 799 1258 835 ἁμαρτίας
1277 799 1341 827 λαοῦ
1357 809 1407 835 μου
1429 800 1571 835 φάγονται,
1587 801 1633 827 καὶ
1647 800 1676 826 ἐν
1690 799 1810 831 ἀδικίαις

1019 844 1109 871 αὐτῶν
1138 845 1269 881 λήψονται
1295 846 1345 878 τὰς
1373 846 1462 881 ψυχὰς
1488 846 1589 873 αὐτῶν.
1605 855 1615 872 ι
1645 845 1756 881 Ἐπειδὴ
1781 845 1810 871 δὲ

1019 889 1147 925 πλείστην
1164 890 1220 926 ἔχει
1233 891 1283 926 τὴν
1297 891 1430 925 ἀσάφειαν
1442 892 1456 919 6
1469 891 1557 926 λόγος,
1575 892 1643 927 φέρε
1656 892 1754 923 πάλιν,
1770 891 1810 923 ὡς

1019 932 1073 966 ἔνι,
1094 933 1216 970 λέγωμεν
1241 935 1281 968 τὸ,
1302 936 1376 968 ὅπως
1399 936 1432 963 ἂν
1445 937 1526 964 αὑτὸν
1550 937 1669 964 νοεῖσθαι
1695 936 1809 972 πρέποι.

1019 979 1141 1015 Χίμαρος
1159 980 1248 1007 τοίνυν
1263 981 1293 1013 ἐξ
1312 982 1398 1016 αἰγῶν
1412 982 1483 1017 ὑπὲρ
1498 982 1635 1018 ἁμαρτίας
1657 981 1808 1016 ἐσφάζετο·

1019 1024 1121 1059 ταύτης
1139 1033 1168 1051 τε
1185 1025 1267 1052 ἕνεκα
1287 1026 1337 1062 τῆς
1356 1027 1446 1059 αίτίας
1470 1028 1592 1054 ἐκαλεῖτο
1617 1028 1662 1055 καὶ
1685 1026 1811 1063 ἁμαρτία

1018 1071 1049 1097 τὺ
1073 1070 1157 1106 θῦμα.
1183 1071 1263 1099 Ἀλλὰ
1292 1073 1476 1108 προσάγοντες
1495 1073 1535 1108 τῷ
1557 1073 1745 1109 θυσιαστηρίῳ
1764 1073 1810 1100 τὸν

1019 1115 1135 1152 χίμαρον
1154 1118 1178 1143 οἱ
1199 1118 1269 1144 κατὰ
1288 1119 1402 1153 καιροὺς
1428 1119 1523 1154 ἱερεῖς,
1544 1119 1675 1155 ἀνέφερον
1705 1119 1755 1154 μὲν
1775 1119 1810 1146 τὰ

1020 1163 1143 1190 ἐνδόσθια
1171 1164 1217 1190 καὶ
1235 1165 1285 1199 τὴν
1308 1165 1443 1200 πιμελὴν,
1456 1165 1550 1201 ἤσθιον
1562 1165 1591 1192 δὲ
1605 1166 1635 1193 τὸ
1649 1166 1744 1193 λοιπὸν
1759 1166 1810 1192 αὐ-

1020 1208 1077 1240 τοὶ,
1098 1208 1177 1235 τοῦτο
1197 1209 1244 1236 τοῦ
1259 1209 1332 1237 θείου
1356 1211 1569 1246 προστάττοντος
1583 1211 1677 1246 νόμου.
1703 1211 1810 1238 Οὐκοῦν

1022 1253 1134 1288 μεσίτης
1148 1254 1161 1280 ὁ
1179 1255 1267 1290 ίερεὺς
1281 1254 1376 1291 ὥσπερ
1392 1256 1460 1284 Θεοῦ
1485 1257 1532 1284 καὶ
1550 1257 1701 1293 ἀνθρώπων
1720 1266 1810 1294 παρα-

1020 1298 1195 1334 λαμϐάνεται,
1217 1301 1360 1336 δεχόμενος
1376 1302 1426 1337 μὲν
1437 1303 1487 1334 τὰς
1504 1303 1579 1339 παρὰ
1598 1303 1651 1330 τῶν
1669 1304 1741 1331 λαῶν
1757 1303 1810 1330 δω-

1022 1346 1169 1381 ροφορίας,
1201 1348 1248 1374 καὶ
1283 1349 1517 1385 συμμεριζόμενος
1542 1350 1581 1385 τῷ
1610 1351 1808 1385 θυσιαστηρίῳ,

1021 1392 1091 1418 καθὰ
1106 1393 1274 1428 γέγραπται,
1296 1395 1390 1422 ἑαυτὸν
1409 1396 1437 1422 δὲ
1454 1395 1548 1432 ὥσπερ
1568 1397 1717 1433 ἱερουργῶν
1738 1398 1809 1433 ὑπὲρ

1020 1436 1074 1462 τῶν
1092 1436 1138 1463 τοῦ
1158 1437 1222 1464 λαοῦ
1236 1439 1491 1476 πλημμελημάτων,
1508 1441 1633 1478 καθάπερ
1648 1442 1746 1477 ἀμέλει
1762 1443 1810 1470 καὶ

1021 1482 1035 1508 ὁ
1050 1482 1150 1518 Κύριος
1172 1484 1250 1519 ἡμῶν
1269 1485 1372 1522 Ἰησοῦς
1385 1489 1398 1514 ό
1415 1488 1543 1523 Χριστός.
1558 1489 1619 1515 Ὀτι
1631 1489 1660 1516 δὲ
1682 1489 1782 1524 ἀληθὲς
1795 1491 1810 1517 ὅ

1022 1536 1106 1563 φημι,
1130 1530 1210 1557 αὑτὸν
1227 1532 1378 1568 παραθήσω
1400 1533 1445 1560 τὸν
1459 1534 1506 1560 ἐπὶ
1520 1534 1560 1570 τῷ
1583 1535 1693 1571 χιμάρῳ
1716 1535 1808 1571 νόμον.

1023 1574 1098 1609 Ἔχει
1121 1575 1150 1601 δὲ
1173 1575 1277 1608 οὕτως·
1297 1586 1307 1602 t
1322 1578 1375 1605 Καὶ
1391 1578 1437 1605 τὸν
1461 1579 1578 1615 χίμαρον
1601 1579 1647 1606 τὸν
1669 1580 1735 1616 περὶ
1760 1581 1810 1615 τῆς

1021 1618 1156 1655 ἁμαρτίας
1180 1620 1269 1655 ζητῶν
1293 1622 1438 1658 ὲξεζήτησε
1463 1624 1580 1657 Μωσῆς,
1597 1624 1611 1649 ὁ
1632 1623 1668 1651 δὲ,
1682 1624 1810 1659 ὲμπεπύ-

1021 1673 1106 1701 ριστο.
1124 1666 1178 1692 Καὶ
1193 1667 1322 1703 ἐθυμώθη
1338 1668 1440 1704 Μωσῆς
1455 1669 1502 1696 ἐπὶ
1517 1669 1657 1705 Ἐλεάζαρ,
1673 1671 1721 1697 καὶ
1740 1670 1811 1697 Ἰθά-

1022 1718 1078 1745 μαρ
1093 1711 1155 1742 τοὺς
1172 1711 1245 1743 υἱοὺς
1265 1711 1368 1747 Ἀαρὼν
1383 1713 1446 1746 τοὺς
1467 1713 1747 1749 καταλελειμμένους,
1764 1713 1809 1740 λέ-

1020 1764 1092 1790 γων·
1106 1755 1182 1783 Διατί
1205 1757 1256 1783 οὐκ
1279 1757 1395 1792 ἐφάγετε
1416 1758 1446 1785 τὸ
1472 1760 1535 1794 περὶ
1555 1759 1606 1793 τῆς
1627 1759 1764 1795 ἁμαρτίας
1782 1760 1810 1786 ἐν

1021 1802 1096 1837 τόπῳ
1121 1802 1206 1838 ἁγίῳ;
1220 1802 1281 1829 Ὀτι
1301 1803 1355 1838 γὰρ
1377 1803 1454 1837 ἅγιον
1470 1805 1555 1838 ἁγίων
1578 1805 1652 1837 ἐστὶ,
1672 1805 1752 1832 τοῦτο
1768 1805 1809 1832 δέ·

1021 1846 1106 1872 δωκεν
1131 1847 1194 1882 ὑμῖν
1213 1848 1322 1881 φαγεῖν,
1346 1847 1389 1873 ἵνα
1408 1848 1526 1883 ἀφέλητε
1543 1848 1592 1884 τὴν
1610 1848 1747 1883 ἁμαρτίαν
1761 1849 1809 1882 τῆς

1022 1892 1196 1927 συναγωγῆς,
1217 1893 1263 1919 καὶ
1278 1892 1438 1928 ὲξιλάσησθε
1457 1893 1521 1928 περὶ
1537 1893 1626 1920 αὐτῶν
1647 1893 1737 1920 ἔναντι
1753 1894 1809 1920 Κυ-

1023 1937 1089 1973 ρίου.
1101 1947 1110 1964 ›
1129 1938 1209 1974 Ὁρᾷς
1228 1939 1301 1970 ὅπως
1316 1939 1487 1974 μεσιτεύουσι
1511 1939 1545 1966 τὰ
1562 1940 1632 1974 ὑπὲρ
1646 1939 1700 1966 τῶν
1723 1940 1809 1976 ἁμαρ-

1021 1983 1086 2010 τιῶν
1095 1983 1229 2015 ἐσθίοντες
1239 1985 1263 2010 οί
1276 1984 1314 2019 τῷ
1325 1984 1389 2020 θείῳ
1400 1984 1584 2021 θυσιαστηρίῳ
1596 1985 1808 2021 παρεστηκότες,

1021 2030 1069 2057 καὶ
1085 2030 1293 2066 καθαρωτάταις
1309 2030 1397 2063 λιταῖς
1412 2031 1461 2065 τὴν
1474 2031 1520 2057 ἐπὶ
1534 2033 1590 2063 τοῖς
1607 2032 1808 2067 ἁμαρτάνουσιν

1019 2076 1328 2112 ὀργὴνκατευνάζοντες,
1346 2077 1393 2104 καὶ
1409 2078 1548 2113 μονονουχὶ
1566 2077 1615 2110 τὰς
1636 2078 1703 2110 ιδίας
1722 2078 1808 2113 ψυχὰς

1020 2121 1091 2156 ὑπὲρ
1112 2121 1165 2148 τῶν
1187 2121 1233 2148 τοῦ
1255 2120 1320 2148 λαοῦ
1339 2121 1582 2158 πλημμελημάτων
1600 2123 1640 2154 εἰς
1654 2123 1743 2159 ὀσμὴν
1765 2123 1808 2149 εὑ-

183 2179 213 2199 se
229 2171 401 2205 interponens
417 2172 514 2199 beatus
528 2171 633 2206 Moyses
646 2170 775 2198 exorabat.
787 2169 882 2201 Deum.
907 2178 968 2197 cum

1022 2167 1103 2198 ωδίας
1129 2167 1319 2202 καθιεροῦντες
1341 2167 1418 2203 ego;
1447 2168 1579 2204 Καθάπερ
1605 2168 1702 2204 ἀμέλει
1727 2169 1775 2195 καὶ
1795 2169 1810 2195 ὁ

183 2217 311 2244 Israelita:
327 2217 352 2244 in
368 2218 474 2246 deserto
491 2217 604 2244 vitulum
624 2216 823 2244 conﬁavissent.
840 2216 893 2251 72
919 2215 966 2243 Sc-

187 2262 276 2296 ipsum
294 2262 365 2289 enim
382 2263 579 2297 quodammodo
593 2261 725 2296 supplicio
744 2261 913 2296 subjiciebat,
925 2269 969 2288 ro-

183 2315 250 2343 gans
261 2313 289 2335 et
300 2308 392 2336 dicens
406 2318 413 2336 :
431 2318 438 2335 ι
458 2308 597 2343 Siquidem
609 2307 721 2335 dimittis
744 2307 808 2341 ipsis
819 2311 969 2342 peccatum,

183 2353 287 2381 rimitte
302 2355 363 2381 :sin
377 2359 477 2387 autem,
493 2354 551 2381 dele
566 2358 649 2381 etme
669 2353 702 2380 de
723 2352 793 2380 libro
814 2353 866 2380 hoc
890 2360 970 2387 quem

182 2399 313 2434 scripsisti
328 2400 348 2426 '.
371 2410 380 2426 ι
396 2400 543 2427 Comedent
558 2399 639 2433 igitur
658 2402 768 2433 peccata
793 2397 883 2433 populi
904 2398 969 2430 mei,

183 2445 235 2473 hoc
246 2449 298 2477 est,
311 2445 444 2473 sacriﬁcia
460 2452 507 2479 pro
525 2444 642 2478 peccatis
659 2446 778 2478 ipsorum
796 2444 895 2471 oblata.
910 2453 919 2469 t
935 2444 969 2471 Et

183 2490 210 2517 in
231 2490 416 2525 iniquitatibus
438 2497 531 2517 eorum
557 2489 661 2524 (utique
688 2488 881 2523 lsraelitarutn,
912 2490 968 2517 sive

183 2535 283 2570 populi)
299 2536 348 2570 ipsi
365 2543 426 2562 suas
443 2535 546 2562 animas
563 2535 704 2569 accipient,
723 2543 731 2560 ι
755 2543 812 2568 pro,
830 2534 883 2562 Deo
899 2534 968 2562 olfe-

167 2605 170 2615 γ
184 2585 253 2607 rent.
270 2581 358 2608 Sumit
369 2580 440 2607 enim
455 2580 543 2606 divina
561 2580 701 2614 Scriptura
717 2588 809 2608 vocem
834 2580 913 2615 hujus
929 2581 968 2608 rei

166 2613 390 2661 {signiﬁcantem
408 2625 532 2652 Oblatutn
555 2613 631 2653 enini
648 2626 711 2657 Deo,
741 2631 767 2654 et.
795 2613 923 2661 paratum.
943 2627 969 2654 in

165 2665 169 2675 ⁵
185 2671 348 2699 sacriﬁcium
363 2671 501 2699 dicebatur
515 2672 611 2707 accipi,
627 2678 653 2700 et
670 2672 788 2705 positum
800 2677 842 2700 est
855 2674 971 2700 voeabu-

185 2716 238 2743 lum
258 2716 320 2743 huic
345 2716 383 2744 rei
410 2718 590 2752 exprimendae
614 2719 747 2753 imprimis
771 2719 917 2752 idoneum,
943 2724 971 2746 ut

221 2806 242 2821 ⁸³
257 2805 340 2835 Levit.
361 2816 399 2842 ιι,
416 2809 456 2837 l5.
495 2810 501 2825 ¹
520 2808 604 2838 chit.
625 2817 664 2842 ιιι,
681 2809 704 2836 5
746 2809 754 2823 ¹
769 2808 778 2836 ι
794 2808 855 2836 Cor.
873 2816 898 2840 χ,
917 2807 958 2834 12.

1022 2806 1089 2834 iuvit.
1106 2815 1132 2839 κ,
1153 2806 1193 2838 16,
1212 2805 1254 2834 l7.

1021 2213 1163 2245 θεσπέσιος
1186 2213 1300 2249 Ἀαρὼν,
1320 2214 1471 2249 ἀρχομένου
1493 2215 1642 2250 θραύεσθαι
1666 2214 1712 2241 τοῦ
1733 2214 1806 2241 λαοῦ.

1020 2259 1174 2294 Γέγραπται
1184 2259 1238 2296 γὰρ
1246 2259 1293 2286 ὡδί
1302 2267 1308 2273 ·
1320 2269 1329 2286 t
1341 2260 1376 2286 Τὸ
1385 2261 1495 2296 πυρεῖον
1505 2261 1639 2297 ἁρπάσας,
1648 2260 1694 2287 καὶ
1706 2260 1808 2292 ἐπιθεὶς

1019 2305 1050 2331 τὸ
1065 2305 1202 2340 θυμίαμα,
1215 2305 1290 2340 ἔστη,
1304 2306 1396 2341 φησὶν,
1407 2307 1458 2333 ἀνὰ
1477 2306 1558 2342 μέσον
1572 2307 1625 2334 τῶν
1642 2301 1809 2341 τεθνηκότων

1020 2353 1068 2378 καὶ
1090 2351 1144 2379 τῶν
1166 2351 1285 2384 ζώντων,
1309 2352 1356 2378 καὶ
1380 2353 1513 2379 ἐκόπασεν
1534 2353 1550 2388 ὴ
1571 2353 1713 2388 θραῦσις.»
1734 2353 1809 2379 υῦτω

1023 2397 1171 2433 μεσιτεύων
1185 2398 1232 2425 καὶ
1247 2398 1261 2425 ὁ
1277 2398 1412 2434 μακάριος
1426 2399 1540 2434 Μωσῆς,
1553 2399 1718 2432 ἐξεδυσώπει
1733 2398 1807 2430 Θεὸν,

1023 2442 1296 2478 μεμοσχοποιηκότων
1311 2443 1380 2469 κατὰ
1393 2443 1441 2478 τὴν
1456 2443 1558 2479 ἔρημον
1574 2444 1628 2470 τῶν
1645 2443 1674 2476 ἐξ
1690 2443 1805 2478 Ἰσραήλ.

1027 2488 1137 2515 Ἑαυτὸν
1149 2488 1202 2523 γὰρ
1215 2488 1308 2524 ὥσπερ
1321 2488 1433 2524 ὺπετίθη
1445 2490 1477 2524 τῇ
1493 2489 1565 2524 δίκῃ.
1587 2489 1754 2524 παρακαλῶν
1779 2497 1807 2514 τε

1022 2534 1069 2561 καὶ
1089 2535 1192 2568 λέγων’
1214 2544 1222 2559 t
1245 2535 1277 2560 Εί
1305 2535 1354 2569 μὲν
1378 2534 1450 2570 ἀφῇς
1474 2535 1565 2566 αὐτοῖς
1588 2535 1636 2570 τὴν
1663 2534 1807 2570 ἁμαρτίαν,

1021 2580 1103 2614 ἇιρες·
1116 2581 1139 2607 εἰ
1152 2581 1179 2606 δὲ
1193 2581 1240 2616 μὴ,
1254 2579 1393 2614 ἑξάλειψον
1409 2580 1479 2615 κάμὲ
1494 2581 1526 2606 ὲκ
1539 2581 1589 2615 τῆς
1604 2580 1694 2614 βίϐλου
1708 2579 1807 2614 ταύτης

1023 2623 1056 2661 ἧς
1077 2625 1208 2661 ἔγραψας.
1231 2636 1240 2652 ι
1257 2627 1392 2660 Φάγονται
1416 2626 1505 2652 τοίνυν
1527 2625 1576 2657 τὰς
1595 2626 1733 2661 ἁμαρτίας
1762 2626 1808 2652 τοῦ

1023 2672 1086 2699 λαοῦ
1106 2681 1168 2707 μου,
1180 2671 1313 2703 τουτέστι,
1332 2672 1366 2698 τὰ
1380 2672 1449 2707 ὑπὲρ
1465 2672 1606 2707 ἁμαρτιῶν
1627 2671 1808 2707 προσκομιζό-

1024 2727 1092 2753 μενα
1107 2718 1223 2753 θύματα.
1237 2727 1245 2744 t
1265 2718 1319 2744 Καὶ
1338 2718 1367 2744 ἐν
1382 2719 1442 2749 ταῖς
1454 2717 1570 2749 ἀδικίαις
1585 2717 1685 2749 αὐτῶν,
1704 2727 1713 2742 ι
1730 2725 1808 2743 τουτ-

1294 2807 1303 2820 ’
1316 2805 1391 2833 Num.
1410 2813 1465 2839 xvr,
1476 2806 1499 2833 7.
1539 2807 1548 2822 '
1564 2806 1647 2834 Exod.
1662 2813 1748 2839 xxxu,
1763 2805 1806 2833 22.
