1913 3042
87 137 131 166 επ

534 133 809 164 COMMENTARIUS
826 133 860 162 IN
879 134 996 162 USEAM
1015 134 1237 164 PROPIIETAM.
1651 139 1685 166 12

86 199 159 229 ἐστιν,
179 195 208 222 έν
230 194 328 231 καιρῷ
346 194 394 230 τῆς
411 194 519 227 ἀδικίας
538 195 644 223 αὐτῶν·
665 196 744 232 δῆλον
764 196 804 228 δὲ.
822 196 864 223 δτι

932 196 996 224 modo
1011 196 1075 224 dixi.
1095 196 1186 232 Itaque
1203 196 1229 223 in
1246 194 1383 228 Numeris,
1403 197 1510 231 quando
1525 197 1567 225 let
1583 198 1615 225 de
1638 206 1703 226 vac-

87 244 132 271 τῶν
152 242 181 275 ἐξ
203 241 330 277 Ἰσραὴλ,
342 242 400 277 ἦτοι
416 241 471 268 τῶν
493 241 579 270 λαῶν’
600 251 610 269 ι
622 243 704 269 Αὐτοὶ
726 242 777 274 τὰς
796 242 864 274 ιδίας

87 290 204 325 λήψονται
227 287 353 327 ψυχὰς)
363 288 424 314 ἀντὶ
440 288 498 320 τοῦ,
516 288 715 323 προσκομιοῦσι
730 288 771 323 τῷ
793 287 864 323 Θεῷ.

89 334 184 368 Δέχεται
201 332 255 367 γὰρ
281 332 332 367 τὴν
359 331 431 364 λέξιν
455 332 472 368 ἡ
496 331 675 364 θεόπνευστος
697 333 803 368 Γραφὴ,
815 332 863 359 τοῦ

88 378 176 405 τοιοῠδε
195 378 378 414 σημαντικήν.
391 378 428 405 Τὺ
445 377 498 414 γὰρ
514 377 554 414 τῷ
570 378 630 414 Θεῷ
646 377 867 414 προσκομιζόμε-

89 433 135 455 νον,
154 424 199 451 καὶ
219 423 401 459 εὺτρεπισθὲν
416 424 457 456 είς
480 423 586 456 θυσίαν,
608 424 715 459 ἐλέγετο
731 424 867 460 λαμϐάνε-

89 472 151 498 σθαι.
170 470 225 497 Καὶ
237 470 255 505 ἡ
270 469 346 503 λέξις
359 470 490 502 τέθειται,
502 470 549 497 τοῦ
566 469 668 498 τοιοῦδε
687 470 804 506 μάλιστα
815 479 865 506 ση-

91 516 207 552 μαντικὴ,
228 516 358 552 καοάπερ
379 516 448 551 έῳην
463 517 576 552 ἀρτίως.
599 516 655 543 Καὶ
680 516 745 551 γοῦν
769 518 797 544 ἐν
811 517 867 548 τοῖς

96 563 227 598 ’Δριθμοῖς,
240 563 286 589 ὅτε
306 563 370 594 τοὺς
390 563 455 597 περὶ
471 562 521 597 τῆς
534 561 678 597 δαμάλεως
692 562 742 597 τῆς
757 562 868 599 πυρρᾶς

91 608 189 643 ὡρίζετο
203 607 314 642 νόμους,
330 608 381 643 ἔφη
398 607 463 639 Θεδς
481 608 550 643 πρὸς
563 607 609 634 τὸν
624 607 790 643 ἱεροφάντην
808 608 869 634 Μω-

93 654 143 679 σέαί
155 662 163 678 ι
179 652 250 688 Αὕτη
265 654 282 688 ἡ
296 652 423 689 διαστολὴ
435 653 483 680 τοῦ
499 654 591 688 νόμον,
607 654 656 680 ὅσα
671 653 800 687 συνέταξε
815 653 870 680 Κύ-

94 707 154 734 ριος,
175 698 275 732 λέγων·
293 698 418 734 Λάλησον
443 700 500 731 τοῖς
521 699 589 730 υῑοίς
613 699 738 735 Ἰσραὴλ,
754 699 802 726 καὶ
819 699 869 725 λα-

93 745 197 771 ϐέτωσαν
208 744 276 780 πρὸς
288 744 321 771 σὲ
332 744 447 780 δάμαλιν
458 745 576 780 πυρρὰν,
587 745 712 781 ἄμωμον.
728 755 737 772 ι
747 745 870 778 Ἀκούεις

93 790 126 823 ab,
135 789 300 821 λαϐέτωσαν;
312 789 436 816 τουτέστι
446 789 715 826 προσκομιζέτωσαν,
721 790 780 825 ἦτοι
787 798 871 825 προσ-

92 835 263 870 αγαγέτωσαν.
285 835 358 871 Περὶ
375 835 404 862 δέ
421 843 453 869 γε
466 835 512 862 τοῦ
535 835 786 871 καθαρισθήσεσθαι
805 835 870 870 μέλ-

915 249 945 269 ca
962 241 1020 268 rufa
1038 241 1186 274 ferebatur,
1204 241 1271 269 dixit
1289 242 1358 269 Deus
1380 242 1415 269 ad
1429 242 1549 278 Moysen,
1565 250 1704 270 sacrorum

916 286 1114 320 interpretem:
1137 295 1147 312 ι
1176 285 1238 313 Haec
1269 286 1407 314 distinctio
1428 287 1506 322 legis,
1539 295 1707 323 quaecunque

916 331 1058 359 constituit
1078 332 1214 366 Dominus,
1240 331 1332 359 dicens
1352 341 1358 359 :
1377 332 1500 367 Loquere
1522 332 1583 360 tiliis
1611 333 1706 366 lsrael,

919 382 946 405 et
963 377 1097 412 accipiant
1111 377 1144 405 ad
1158 385 1187 405 se
1205 385 1313 405 vaccam
1326 378 1425 411 rufam,
1440 378 1641 406 immaculatam
1654 379 1675 405 °.
1693 387 1705 405 ι

918 423 1002 452 Audis
1014 423 1089 455 illud,
1104 423 1257 458 accipiant?
1281 424 1333 451 hoc
1357 428 1409 458 est,
1435 423 1560 456 oiTerant,
1586 425 1643 452 sive
1660 424 1708 452 ad-

918 472 1052 496 moveant.
1070 469 1106 496 De
1123 469 1279 497 mundando
1305 473 1395 496 autem
1415 477 1429 497 a
1452 470 1527 505 lepra
1549 478 1642 499 rursus
1669 471 1707 499 ita

918 515 957 542 ait
974 525 981 544 :
1000 524 1010 541 ‹
1030 515 1190 550 Egredietur
1204 516 1332 543 sacerdos
1348 520 1425 543 extra
1445 521 1545 549 castra.
1568 522 1594 545 et
1608 517 1709 545 videbit

919 563 1054 594 sacerdos,
1072 566 1099 589 et
1111 569 1175 589 ecce
1190 567 1304 589 sanatur
1323 565 1410 589 tactus
1427 561 1506 596 lepra:
1520 570 1535 589 a
1549 563 1663 598 leproso.
1677 563 1709 590 Et

918 607 1023 642 jubebit
1037 607 1174 641 sacerdos,
1186 612 1214 635 et
1227 608 1362 643 accipient
1376 608 1504 635 muudato
1518 608 1585 636 duos
1601 617 1710 643 passer-

919 653 995 680 culos
1011 653 1097 688 vivos,
1112 661 1195 688 puros
1208 654 1231 681 '.
1250 663 1260 680 ι
1281 654 1349 681 Cum
1373 653 1454 688 igitur
1474 653 1554 680 etiam
1572 654 1606 681 de
1619 662 1710 681 sacer-

920 700 1029 728 dOtibus
1045 709 1054 727 t
1073 701 1205 735 accipient
1221 709 1232 728 ι
1248 700 1331 734 dicat,
1350 700 1447 728 merito
1472 699 1637 735 intelligatur
1659 707 1710 727 vox

921 754 979 781 pro,
996 745 1118 774 oﬂ'erent.
1137 746 1166 774 ln
1196 751 1316 781 tempore
1333 746 1610 781 igituriuiquitatum,
1621 753 1709 781 popu-

921 791 939 819 li
957 791 1091 824 videlicet,
1112 792 1163 826 ipsi
1176 791 1319 825 accipient,
1337 791 1388 818 hoc
1401 795 1453 824 est,
1480 789 1595 818 oﬂ’erent
1614 790 1641 816 in
1665 797 1711 819 sa-

921 836 1064 869 criﬁcium,
1079 841 1106 864 et
1123 836 1150 864 in
1166 837 1277 864 odorem
1302 836 1443 864 suavitatis
1463 835 1631 870 spiritualem
1657 834 1712 862 Deo

92 882 169 912 λοντος
192 880 311 916 λεπροῦ,
330 880 411 907 πάλιν
432 878 483 908 ὧδέ
499 888 584 916 φησι·
602 890 611 906 ι
625 881 681 908 Καὶ
701 880 872 914 ἐξελεύσεται

932 883 1028 910 tnimas
1048 891 1121 916 suas,
1140 883 1223 917 probe
1248 883 1376 910 nimirum
1399 886 1601 915 conversantes,
1626 885 1653 908 et
1670 882 1712 908 vi-

93 927 195 964 ὸίερεὺς
215 927 273 961 ἔξω
291 928 342 963 τῆς
357 927 543 963 παρεμϐολῆς,
560 927 607 953 καὶ
623 926 718 961 ὄψεται
736 927 750 953 ὁ
767 926 855 962 ἱερεὺς
866 946 875 960 ,

92 974 131 1001 καὶ
143 974 192 1001 ίδοὺ
203 975 281 1001 ἰᾶται
291 975 308 1010 ἡ
322 973 378 1010 ἁφὴ
389 973 437 1009 τῆς
451 973 555 1009 λέπρας
565 973 619 1000 ἀπὸ
631 972 680 1000 τοῦ
691 972 803 1008 λεπροῦ.
816 973 871 999 Καὶ

93 1021 176 1056 πράξει
193 1022 206 1047 ὁ
223 1020 334 1056 ἱερεὺς,
355 1021 402 1047 καὶ
424 1020 555 1055 λήψονται
579 1019 618 1056 τῷ
642 1019 870 1055 κεκαθαρισμένῳ

92 1067 130 1093 δύο
145 1065 243 1100 ὀρνίθια
271 1065 372 1097 ζῶντα,
387 1065 504 1101 καθαρά.
518 1074 527 1090 ι
544 1065 629 1092 Ὅταν
653 1064 742 1091 τοίνυν
757 1065 805 1091 καὶ
825 1065 871 1091 ἐπὶ

92 1111 137 1138 τῶν
151 1111 239 1147 ἱερέων
262 1111 305 1142 τὸ,
331 1111 483 1146 λήψονται,
496 1110 582 1144 λέγοι,
599 1110 678 1137 νοοῖτ⁸
699 1109 732 1137 ἂν
759 1109 872 1141 εἰκότως

92 1157 144 1184 ἀντὶ
156 1157 211 1190 τοῦ,
221 1158 426 1193 προσοίσονσιν,
438 1157 456 1192 ὴ
473 1157 560 1193 φωνή.
573 1156 618 1184 Ἐν
631 1155 720 1192 καιρῷ
729 1155 874 1192 τοιγαροῦν

92 1199 138 1226 τῶν
148 1201 270 1233 ἀδικιῶν,
283 1200 338 1228 τῶν
350 1200 397 1228 τοῦ
410 1201 475 1228 λαοῦ
491 1201 623 1236 δηλονότι,
637 1200 714 1227 αὐτοὶ
729 1201 873 1236 λήψονται,

92 1247 211 1278 τουτέστι,
224 1247 420 1282 προσοίσουσιν
433 1247 474 1278 είς
487 1246 594 1279 θυσίαν,
610 1247 657 1273 καὶ
671 1246 800 1281 εὐοσμίαν
815 1245 875 1281 Θεῷ

92 1292 135 1328 τὴν
146 1293 336 1329 πνευματικὴν
357 1293 405 1324 τὰς
418 1291 523 1320 ἑαυτῶν
535 1291 636 1327 ψυχὰς,
651 1291 740 1327 ὀρθῶς
754 1291 874 1328 δηλονότι

93 1338 287 1375 πολιτευόμενοι
297 1359 305 1371 ,
327 1339 375 1366 καὶ
391 1338 583 1374 εὐνομωτάτην
604 1338 711 1373 ἔχοντες
728 1338 811 1373 ζωὴν,
828 1338 876 1364 καὶ

93 1385 122 1412 τὰ
134 1387 186 1418 τοῖς
202 1385 309 1421 ἱερεῦσι
331 1385 471 1421 πρέποντα
490 1387 599 1421 φρονεῖν
619 1393 648 1412 τε
668 1385 716 1412 καὶ
740 1384 807 1420 δρᾷν
833 1384 874 1411 δτι

924 933 977 955 tam
990 927 1093 963 legibus
1114 928 1228 955 miriﬁce
1252 932 1462 956 consentaneam
1484 927 1666 960 traducentes,
1685 931 1713 954 et

923 981 982 1008 qua:
996 973 1182 1002 sacerdotibus
1204 974 1300 1001 decora
1319 978 1393 1006 sunt,
1421 973 1551 1007 cogitare,
1577 977 1604 1000 et
1621 972 1711 1000 facere

924 1027 1028 1047 summo
1042 1019 1132 1047 studio
1146 1019 1289 1047 enitentes.
1305 1019 1398 1046 Potest
1413 1018 1484 1046 enim
1500 1018 1559 1045 talis
1574 1019 1710 1053 populum,

924 1066 969 1101 qui
986 1066 1011 1093 in
1028 1065 1156 1093 offensam
1173 1066 1221 1093 Dei
1238 1065 1362 1098 incurrit,
1378 1070 1404 1092 et
1415 1065 1500 1100 legem
1519 1065 1610 1100 inique
1629 1064 1712 1091 viola-

925 1111 974 1144 vit,
989 1110 1016 1138 in
1031 1111 1173 1146 pristinutn
1189 1111 1277 1138 locum
1291 1111 1447 1138 restituere.
1462 1110 1712 1142 Verumenimvero,

926 1157 960 1183 ad
980 1157 1031 1184 hoc
1049 1156 1176 1190 instituti,
1200 1156 1297 1191 inquit,
1315 1163 1369 1183 uua
1386 1163 1447 1183 cum
1470 1155 1529 1183 aliis
1552 1155 1618 1190 lapsi
1640 1159 1713 1182 sunt.

926 1201 1028 1230 idcirco
1037 1202 1098 1237 jure
1119 1202 1252 1230 vacabunt
1276 1209 1365 1234 sacra,
1393 1202 1512 1229 cessabit
1541 1209 1659 1233 sacrum,
1688 1204 1716 1227 et

926 1248 1084 1276 lionorabile
1099 1256 1194 1284 genus,
1221 1257 1231 1274 ι
1257 1249 1309 1276 erit
1330 1248 1444 1282 populus
1463 1251 1494 1275 ut
1514 1247 1642 1275 sacerdos
1668 1255 1676 1273 :
1703 1255 1713 1273 ι

926 1294 993 1321 uiltil
1006 1294 1139 1329 siquidem
1158 1295 1229 1322 inter
1246 1293 1373 1329 populum
1402 1298 1429 1321 et
1445 1293 1612 1321 sacerdotem
1628 1292 1715 1320 dista-

925 1339 975 1366 bit.
992 1339 1080 1375 Atque
1105 1340 1157 1368 boc
1175 1344 1218 1368 est
1240 1340 1367 1373 fortasse,
1393 1348 1402 1366 t
1431 1340 1546 1376 gloriam
1574 1346 1668 1366 eorum
1690 1337 1718 1366 in

927 1385 1104 1420 ignmuinium
1118 1393 1227 1421 ponam.
1243 1395 1253 1412 ι

94 1432 201 1468 μάλιστα
213 1431 451 1464 διεσπουδακότες.
470 1432 572 1463 Ὶκανὺς
602 1431 656 1467 γὰρ
670 1432 684 1457 ὁ
712 1430 833 1462 τοιοῦτος
865 1431 1005 1459 ἀνασῶσαι
1030 1433 1111 1465 λαοὺς
1131 1433 1177 1460 καὶ
1193 1433 1251 1468 Θεῷ
1271 1432 1544 1470 προσκεκρουκότας,
1569 1432 1615 1459 καί
1635 1432 1717 1466 νόμον

93 1479 260 1514 ἠδικηκότας.
275 1478 345 1505 Ἀλλ’
356 1479 380 1504 oi
393 1478 460 1513 πρὸς
469 1477 547 1505 τοῦτο
559 1476 785 1512 παρειλημμένοι,
796 1477 873 1512 φησι,
894 1478 1114 1512 συγκατώλισθον
1142 1481 1198 1511 τοῖς
1227 1479 1327 1512 ἄλλοις.
1339 1477 1473 1515 Ταύτῃτοι
1483 1477 1594 1510 δικαίως
1601 1477 1716 1513 ἀργήσει

93 1526 123 1553 τὰ
144 1526 220 1562 ιερὰ,
245 1524 416 1552 πεπαύσεται
438 1524 469 1551 τὸ
490 1524 561 1559 ἱερὸν
583 1524 630 1551 καὶ
646 1525 735 1560 τίμιον
754 1524 848 1558 γένος·
872 1534 882 1551 ι
901 1525 1026 1553 Ἔσταιό
1051 1526 1114 1559 λαὸς
1133 1526 1171 1558 ὠς
1190 1526 1296 1561 ἱερεύς’
1315 1536 1324 1552 t
1341 1526 1463 1553 κείσεται
1476 1525 1530 1560 γὰρ
1544 1525 1619 1552 οὐδὲν
1634 1524 1674 1551 ἔτι
1689 1525 1724 1551 τδ

95 1573 186 1609 μεταξὺ
203 1572 268 1599 λαοῦ
281 1581 310 1598 τε
332 1572 378 1598 καὶ
396 1571 500 1607 ἱερέως.
522 1571 577 1598 Καὶ
592 1571 671 1597 τοῦτο
690 1568 723 1606 ἦν
739 1570 792 1606 ἄρα
810 1571 850 1604 τὸ,
873 1581 882 1597 ι
897 1572 954 1608 Τὴν
969 1572 1046 1606 δόξαν
1059 1572 1149 1600 αὐτῶν
1165 1574 1204 1605 εἰς
1217 1572 1338 1608 ἀτιμίαν.
1350 1581 1361 1598 ›

123 1620 175 1648 Καὶ
196 1619 354 1654 φάγονται,
370 1617 419 1644 καί
436 1617 471 1644 οὐ
488 1616 532 1651 μὴ
549 1615 777 1651 ἐμπλησθῶσιν·
793 1616 878 1651 ἐπόρ-

966 1618 1047 1646 νειιε.
1066 1618 1109 1645 10.
1123 1617 1156 1644 Et
1173 1617 1317 1650 comedent,
1332 1621 1355 1644 et
1379 1623 1431 1642 non
1447 1613 1642 1648 implebantur;
1662 1613 1718 1648 [or-

93 1675 215 1696 rsvcrar.
234 1664 283 1691 καὶ
298 1664 335 1690 οὐ
349 1662 393 1697 μὴ
409 1661 661 1690 κατευθυνθᾶηγιν.

126 1712 193 1739 MA'.
213 1710 308 1740 Ὁδοὺς
325 1708 386 1743 μὲν,
401 1708 438 1740 ὠς
456 1707 538 1741 έοικε,
553 1707 603 1739 τὰς
617 1708 645 1734 ὲν
661 1707 753 1742 ἔργοις
769 1706 881 1743 πορείας

94 1758 181 1791 λέγει·
211 1754 405 1786 διαϐούλιαηδὲ
420 1752 470 1788 αὖ,
489 1753 525 1780 τὰ
551 1754 584 1781 ὲκ
610 1753 748 1789 λογισμῶν
775 1753 883 1781 ἀτόπων

95 1804 262 1839 πταίσματα.
279 1800 399 1835 ,Ἐπειδὴ
414 1799 513 1831 τοίνυν,
537 1799 621 1835 φησι,
643 1799 808 1836 πεπόρευται
835 1799 884 1834 μὲν

95 1851 140 1876 οὐχ
159 1848 266 1884 ὀρθῶς,
292 1847 343 1882 τῆς
364 1845 470 1877 εὐθείας
498 1844 684 1877 έκνενευκὼς,
705 1845 752 1871 καὶ
777 1844 886 1880 ἁπάσης

95 1895 185 1931 ὥσπερ
200 1893 372 1928 ἀνοσιότητος
385 1892 483 1923 ἐλάσας
494 1891 597 1927 τρίϐον,
614 1890 794 1917 ἐϐουλεύσατο
809 1890 837 1916 δὲ
850 1889 885 1916 τὰ

97 1944 204 1969 πάντων
222 1940 352 1976 αἴσχιστά
377 1948 408 1966 τε
431 1939 477 1966 καὶ
495 1937 683 1970 ὲκτοπώτατα,
699 1937 746 1963 τὸν
767 1935 817 1971 μὲν
832 1935 885 1962 τῶν
906 1960 914 1969 ,

97 1989 160 2016 ὅλων
177 1988 314 2023 ἀτιμάσας
334 1986 411 2017 Θεὸν.
426 1984 572 2016 ἀποκλίνας
594 1983 623 2010 δὲ
639 1983 686 2010 καὶ
700 1981 783 2014 αὐτὸς
799 1982 840 2013 εἰς
855 1980 886 2007 τὸ

96 2033 237 2070 λατρεύειν
260 2031 391 2063 εἰδώλοις,
409 2040 419 2056 ι
441 2029 591 2065 Ἐκδικήσω
611 2028 655 2054 ἐπ’
669 2027 761 2059 αὐτὸν,
783 2035 793 2052 t
809 2033 887 2052 τουτ-

99 2081 164 2112 έστι,
180 2080 231 2114 τὴν
244 2079 301 2110 τοῖς
321 2076 554 2112 πλημμελήμασιν
579 2072 749 2109 ίσοστάθμως
772 2072 887 2107 ἔχουσαν

99 2125 199 2152 ὲποίσω
211 2124 301 2158 δίκην.
316 2123 377 2149 ’Ότι
395 2122 424 2149 δὲ
438 2123 493 2153 τοῖς
508 2119 676 2155 ἀποφοιτῶσι
693 2118 743 2153 τῆς
764 2118 804 2149 εἰς
822 2116 888 2143 Θεὸν

99 2171 208 2206 ἀγάπης
222 2169 254 2196 τὸ
278 2169 307 2196 ἓν
324 2168 406 2195 παντὶ
433 2166 559 2202 γενέσθαι
582 2165 661 2200 κακῷ
675 2164 763 2199 πάντη
786 2171 816 2189 τε
840 2161 889 2189 καὶ

99 2216 205 2247 πάντως
216 2214 398 2250 συμϐήσεται,
412 2212 471 2245 πῶς
484 2212 556 2238 ἐστιν
569 2209 747 2246 ἀμφιϐαλεῖν;
762 2207 822 2234 οὗτε
834 2206 888 2242 γάρ

100 2261 182 2298 ὁρθήν
196 2270 228 2288 τε
245 2261 294 2287 καὶ
310 2259 461 2295 ἀμώμητον
470 2257 586 2284 διελάσει
598 2255 700 2292 τρίϐον,
711 2254 767 2281 οὔτ’
777 2253 810 2280 ἂν
819 2252 889 2287 σοφὰ

932 1665 1014 1692 nicati
1028 1669 1099 1695 sunt.
1111 1668 1136 1691 et
1149 1671 1200 1691 non
1211 1663 1370 1698 dirigentur.

966 1710 1034 1738 XLI.
1052 1711 1114 1738 Vias
1125 1710 1244 1745 quidem,
1256 1713 1285 1736 ut
1298 1710 1419 1742 apparet,
1428 1706 1548 1733 incessus
1558 1712 1583 1731 in
1593 1703 1721 1738 operibus

931 1755 1071 1789 nominat;
1093 1754 1204 1782 consilia
1225 1759 1289 1780 vero
1304 1759 1335 1780 ex
1350 1750 1559 1786 cogitationibus
1570 1747 1720 1776 indecenti-

932 1800 983 1828 hus
1001 1800 1109 1827 delicta.
1122 1798 1255 1832 Quoniam
1269 1797 1359 1832 igitur,
1375 1796 1473 1830 inquit,
1495 1802 1578 1830 prave
1600 1792 1721 1824 incessit,

933 1850 960 1873 et
971 1853 985 1872 a
1001 1850 1074 1872 recto
1087 1845 1181 1872 itinere
1194 1842 1314 1875 deﬂexit,
1329 1847 1356 1869 et
1372 1841 1565 1876 propemodum
1581 1838 1655 1866 omni
1679 1845 1723 1865 se-

934 1891 999 1919 mita
1014 1891 1160 1924 impietatis
1175 1889 1334 1920 ambulavit,
1353 1888 1472 1914 omnium
1493 1885 1546 1921 73
1568 1883 1724 1919 turpissima

934 1940 963 1964 et
976 1943 991 1963 a
1006 1936 1109 1963 ratione
1122 1933 1285 1961 alienissima
1298 1933 1367 1967 apud
1382 1939 1411 1959 se
1425 1931 1530 1962 statuit,
1547 1929 1723 1956 etuuiverso-

935 1989 996 2008 rum
1012 1980 1097 2008 Deum
1110 1979 1284 2014 contempsit,
1306 1983 1334 2005 et
1354 1977 1411 2012 ipse
1429 1982 1535 2011 quoque
1550 1975 1583 2002 ad
1600 1973 1724 2001 servien-

936 2029 998 2055 dum
1013 2027 1092 2054 idolis
1117 2026 1271 2057 declinavit,
1303 2033 1313 2050 ι
1337 2023 1455 2052 ulciscar
1476 2029 1558 2056 super
1582 2021 1681 2055 ipsum,
1712 2027 1722 2045 ι

937 2073 988 2100 boc
1001 2076 1052 2106 est,
1065 2079 1170 2107 pcenam
1182 2071 1331 2099 sceleribus
1347 2070 1554 2105 respondentem
1571 2073 1724 2101 reposcam.

937 2119 1098 2147 Desereutes
1128 2121 1218 2146 autem
1246 2118 1293 2145 Dei
1319 2116 1479 2144 charitatem
1503 2112 1628 2141 omnibus
1649 2110 1727 2137 malis

938 2164 1099 2192 omnimodis
1115 2162 1317 2194 circumveniri,
1342 2160 1408 2188 nulli
1435 2159 1515 2195 plane
1540 2159 1650 2186 dubium
1672 2161 1724 2185 est.

940 2211 993 2239 Nec
1008 2211 1080 2238 enim
1099 2214 1171 2237 recta
1183 2214 1210 2236 et
1226 2208 1361 2242 inculpata
1384 2206 1572 2241 progredictur
1595 2206 1650 2238 via,
1678 2210 1728 2230 nec

939 2257 1076 2292 sapienter
1090 2255 1237 2291 quidquam
1260 2254 1399 2289 cogitabit,
1422 2253 1467 2287 qui
1483 2253 1601 2280 divinam
1619 2250 1727 2286 sapien-

103 2297 277 2344 βουλεύσαιτό
296 2314 375 2338 ποτε,
387 2306 436 2340 τὴν
454 2304 530 2331 θείαν
542 2303 593 2330 οὐκ
607 2302 676 2337 ἔχων
691 2299 878 2336 ἐπικουροῦσιν

941 2303 1007 2330 tiam
1019 2303 1199 2336 virtutemque
1214 2299 1412 2334 opitulatricem
1431 2305 1482 2325 non
1500 2297 1634 2324 habuerit.

101 2354 176 2389 αὺτῷ
194 2352 293 2387 σοφίαν
306 2360 337 2378 τε
351 2351 399 2378 καὶ
417 2350 542 2385 δύναμιν.

136 2399 190 2427 Καὶ
203 2398 362 2433 φάγονται,
375 2395 426 2423 καὶ
448 2396 484 2422 οὺ
498 2393 541 2429 μὴ
555 2390 787 2428 ἐμπλησθῶσιν·
803 2392 891 2424 ἐπόρ-

104 2453 217 2473 νευσαν
233 2444 283 2471 καί
307 2444 344 2471 οὐ
361 2443 404 2477 μὴ
426 2440 680 2469 Μτευθυνθῶσιεν.

136 2491 203 2519 MB’.
231 2490 375 2525 Τετήρηκε
395 2488 476 2515 πάλιν
504 2487 560 2518 τοῖς
583 2486 612 2519 ἐξ
635 2485 750 2521 αἵματος
782 2483 890 2519 Ἰσραὴλ

105 2539 133 2564 τὸ
156 2537 344 2571 κατάλειμμα.
374 2535 436 2561 ’Ότι
458 2534 513 2569 γὰρ
538 2533 588 2559 οὐκ
611 2532 727 2559 είσάπαν
754 2530 893 2566 οἰχήσεται

106 2587 158 2616 τοῖς
180 2583 284 2619 ἱερεῦσι
296 2581 328 2609 τὸ
350 2582 454 2616 χρῆμα,
474 2580 613 2615 διατρανοῖ
631 2577 735 2612 λέγων,
749 2577 792 2603 ὅτι
811 2586 821 2603 ι
840 2575 894 2603 Φά-

107 2638 196 2664 γονται
212 2629 274 2664 μὲν,
289 2627 362 2662 πλὴν
372 2626 403 2653 οὐ
418 2625 455 2661 μὴ
467 2624 671 2661 ἐμπλησθῶσιν.
689 2632 698 2649 ι
709 2621 772 2650 Εἴτε
780 2622 834 2658 γὰρ
845 2622 896 2653 τὰς

110 2676 223 2711 ἀρχαίας
249 2674 361 2704 ὲκείνας
387 2672 434 2698 τοῦ
465 2670 573 2706 Ἰσραὴλ
603 2669 816 2705 μεταναστάσεις
847 2669 894 2695 καὶ

109 2720 296 2756 αἰχμαλωσίας
312 2717 449 2753 ὲννοήσειέ
467 2726 518 2747 τις.
534 2715 588 2743 εἴτε
601 2715 650 2751 τὴν
667 2716 713 2742 ἐπὶ
726 2713 837 2751 Χριστῷ
852 2713 896 2740 διὰ

108 2766 155 2803 τῆς
170 2767 225 2794 τῶν
253 2765 400 2800 Ῥωμαίων
415 2763 504 2799 χειρὸς
518 2763 568 2798 τῆς
591 2762 720 2793 ἰουδαίας
745 2762 894 2796 ἐρήμωσιν.

148 2855 158 2871 ⁸
173 2857 253 2888 Num.
270 2863 327 2889 tux,
342 2853 372 2881 2.
411 2855 419 2870 ⁷
440 2853 525 2883 chit.
543 2861 596 2886 xtv,
612 2853 640 2885 5,
653 2852 680 2883 6.

979 2391 1013 2419 Et
1029 2391 1173 2423 comedent,
1187 2394 1211 2417 et
1227 2397 1278 2416 non
1294 2386 1489 2422 implebantur;
1511 2385 1634 2422 formfatt
1655 2389 1728 2416 sunt,

943 2442 968 2466 et
983 2445 1035 2464 non
1046 2437 1203 2470 dirigentur.

980 2482 1058 2510 XLII.
1076 2481 1171 2507 Adhuc
1187 2478 1317 2514 reliquias
1332 2476 1462 2505 lsraelitis
1485 2474 1644 2502 reservavit.
1668 2473 1730 2505 Non

946 2530 1016 2558 enim
1034 2528 1158 2555 universe
1171 2533 1232 2553 cum
1246 2523 1433 2552 sacerdotibus
1444 2521 1576 2557 perituros
1597 2519 1728 2550 declarat,

947 2584 1008 2604 cum
1025 2574 1099 2606 dicit,
1118 2582 1128 2599 ι
1147 2572 1292 2600 comedent
1308 2570 1428 2606 quidem,
1444 2568 1491 2596 sed
1507 2573 1558 2594 non
1572 2563 1731 2593 saturabuua

947 2626 1000 2651 tur.
1021 2631 1030 2648 ι
1046 2621 1108 2648 Sive
1118 2620 1188 2648 enim
1204 2622 1311 2645 veteres
1324 2617 1382 2643 illas
1396 2614 1504 2642 lsraelis
1517 2609 1731 2644 transmigratio-

948 2676 996 2696 ncs
1011 2671 1038 2694 et
1052 2665 1234 2701 captivitates,
1252 2663 1309 2691 sive
1321 2663 1432 2697 propter
1452 2659 1591 2687 Christum
1610 2662 1657 2690 per
1677 2653 1732 2703 Ro-

949 2721 1044 2742 manos
1063 2712 1159 2739 Judaeae
1180 2710 1281 2737 illatam
1304 2707 1455 2734 vastitatem
1471 2703 1603 2739 quispiam
1630 2705 1732 2732 recogi-

949 2764 998 2793 tet,
1017 2759 1044 2786 in
1061 2756 1181 2792 reliquiis
1206 2754 1330 2784 lsraelem
1348 2753 1445 2788 ipsum,
1466 2755 1493 2778 et
1513 2749 1614 2776 cultum
1639 2752 1653 2772 a
1676 2744 1733 2778 lege
