1913 3042
200 135 252 166 121

201 239 289 267 ductis
304 241 376 268 enim
393 246 456 268 tunc
471 248 520 275 per
535 239 708 267 Salmanasar
729 245 756 268 et
778 240 984 276 Tbeglatphala-

199 292 245 312 sar
258 286 292 312 ad
312 285 437 320 Assyrios
452 290 478 312 et
499 285 601 316 Medos,
620 283 806 313 nihilominus
821 286 910 321 exigui
931 294 983 314 nu-

200 338 288 362 mero,
303 336 329 358 et
344 330 510 365 paucissimi,
526 334 553 358 et
569 337 601 358 ex
615 330 742 358 Israelitis
757 331 853 364 relicti,
866 332 983 366 legitima

199 377 385 403 sacerdotibus
408 374 570 409 oﬁ‘erebant,
592 377 690 409 obviis,
708 381 735 404 et
752 385 811 412 quas
826 378 858 404 ad
876 384 983 403 manum

198 428 274 448 erant
290 429 335 448 eos
351 422 525 454 honorantes.
546 428 573 449 et
591 431 604 449 a
627 423 765 450 consuetis
785 423 859 450 haud
878 424 984 457 penitus

200 466 366 493 Γε-(ιυιιοιιιοε.
389 466 486 493 Eodem
502 468 582 494 modo
594 471 620 495 et
638 468 663 494 in
681 474 817 502 postremo
830 469 910 501 bello,
934 470 983 496 sub

199 512 318 545 Augusto
331 511 449 544 Cu'saie,
466 513 585 547 inquam,
602 514 819 548 populationibus
834 514 983 541 deformata

198 555 316 590 ipsorum
332 558 470 592 provincia
487 559 519 586 ad
542 567 649 587 omnem
668 565 787 590 ventum,
818 567 864 586 seu
890 559 982 587 mundi

198 601 335 635 angulum,
352 610 453 638 perque
469 611 563 631 omnes
581 605 705 639 regiones
727 609 754 631 et
774 605 855 632 urbes
869 605 982 639 dispersi

197 651 259 673 sunt
271 646 292 675 '.
308 647 488 676 Nihilominus
501 649 673 677 mediocriter
687 650 776 676 adhuc
801 655 934 683 sanctum,
957 657 984 678 et

199 692 328 720 soleetum
356 701 442 728 genus
464 700 634 726 venerantes,
662 702 721 729 quae
741 700 864 730 poterant
885 695 983 724 offere-

197 739 274 771 bant.
288 743 315 767 et
331 740 412 767 etiam
425 743 492 773 tum,
506 749 659 776 quanquam
680 742 786 770 abolitis
803 748 923 770 veterum
938 751 981 770 sa-

197 785 360 812 criﬁciorum
378 786 555 819 caeremoniis,
581 794 684 815 morem
713 788 792 815 istum
820 789 981 817 retinebant.

197 830 303 858 Amissa
331 831 430 866 quippe
456 831 635 868 Jerosolytna,
653 833 810 862 sacrificare
831 835 863 862 de
884 841 982 863 caetero

708 138 736 166 S.
757 137 892 166 εῐῑιιιιι
911 136 1144 164 ALEXANDRINI
1166 136 1325 164 ARCIIIEP;

199 193 386 229 pmscriptum
401 195 489 223 adhuc
502 199 691 223 conservatum
709 195 915 223 animadvertat.
930 195 979 222 Ab-

1035 195 1063 220 ὲν
1077 194 1215 229 ludam;
1227 195 1337 230 εὑρήσει
1352 194 1538 230 τετηρημένον
1555 192 1636 220 αὐτόν

1774 132 1827 160 ιτς

1661 201 1687 218 τε
1711 191 1755 218 τὸν
1775 191 1827 218 ἰσ-

1038 240 1117 275 ραὴλ,
1134 240 1180 267 καὶ
1194 240 1243 275 τὴν
1261 239 1332 267 κατὰ
1355 239 1435 275 νόμον
1455 238 1594 274 λατρείαν.
1613 237 1829 273 Ἀποκομισθέν-

1036 285 1160 321 τωνηιγὰρ
1178 285 1208 312 τὸ
1226 285 1351 320 τηνικάδε
1376 284 1421 312 διά
1447 293 1477 311 τε
1497 283 1544 311 τοῦ
1569 283 1754 318 Σαλμανασὰρ
1780 282 1837 348 καὶ1

1036 331 1082 348 n-m'i
1099 331 1315 348 Ωενὶινληὶηκᾶιι
1334 331 1373 348 εἰμι
1394 330 1553 348 ’ΔκκιιηΙΛιιρ
1581 330 1624 348 νηὶ
1643 329 1754 348 ﬁliiﬁlii”.
1779 329 1828 348 ηὖ-

1036 331 1082 357 τοῦ
1099 331 1316 366 Θεγλαφαλασὰρ
1334 331 1373 362 είς
1394 330 1553 366 Ἀσσυρίους
1581 330 1627 356 καὶ
1643 329 1765 364 Μήδους,
1779 329 1828 354 οὐ-

1036 377 1079 403 δὲν
1095 374 1176 412 ἦττον
1201 377 1225 403 οῑ
1241 377 1352 412 βραχεῖς
1372 376 1419 403 καὶ
1433 376 1566 410 ὀλιγοστοὶ
1581 376 1627 402 καὶ
1649 375 1828 410 περιλελειμ-

1039 423 1114 459 μένοι
1130 423 1182 450 τῶν
1200 423 1228 456 ἐξ
1247 422 1364 458 Ἰσραὴλ,
1379 422 1518 456 προσῆγον
1535 423 1593 452 τοῖς
1609 420 1712 456 ἱερεῦσι
1731 420 1768 446 τὰ
1782 429 1828 447 νε-

1037 468 1198 504 νομισμένα,
1209 469 1264 500 τοῖς
1281 468 1351 494 κατὰ
1370 469 1449 502 χεῖρα
1468 467 1602 501 τιμῶντες
1613 475 1620 482 ·
1639 467 1687 493 καὶ
1702 467 1754 492 οὐκ
1771 465 1823 498 ἔξω

1036 514 1089 540 τῶν
1113 515 1141 540 ἐν
1161 514 1216 540 ἔθει
1230 514 1366 548 γινόμενοι
1383 513 1531 544 παντελῶς.
1554 512 1632 539 Κατὰ
1647 513 1692 538 τὸν
1713 512 1772 538 ῐσον
1798 511 1826 538 δὲ

1035 560 1136 595 τρόπον
1153 560 1199 586 καὶ
1217 561 1245 586 ὲν
1265 559 1304 595 τῷ
1317 560 1414 593 λοίσθῳ
1429 560 1550 594 πολέμῳ,
1565 558 1603 593 τῷ
1619 559 1665 585 ἐπὶ
1685 559 1825 594 Καίσαρος

1036 605 1202 640 Αὐγούστου,
1216 606 1298 641 φημὶ,
1317 605 1538 640 καταδῃωθείσης
1554 606 1645 636 αὐτοῖς
1658 605 1708 639 τῆς
1722 604 1826 640 χώρας,

1036 650 1255 686 ἐσκορπίσθησαν
1272 650 1321 684 μὲν
1341 650 1380 681 εἰς
1399 650 1488 676 πάντα
1506 649 1615 684 ἄνεμον,
1635 650 1682 676 καὶ
1697 651 1726 676 ὲν
1749 650 1826 686 πάσῃ

1036 695 1113 730 χώρᾳ
1130 705 1158 722 τε
1176 696 1222 722 καὶ
1245 695 1332 722 πόλει.
1356 695 1430 730 Πλὴν
1447 695 1486 722 ἐτι
1511 696 1630 731 μετρίως
1644 695 1674 722 τὸ
1693 695 1765 730 ἱερὸν
1779 696 1826 721 καὶ

1036 741 1184 767 ἀπόλεκτον
1207 739 1342 776 τιμῶντες
1356 740 1445 775 γένος,
1461 741 1599 776 προσῆγον
1615 740 1649 766 τὰ
1660 741 1731 767 κατὰ
1744 740 1825 767 δύνα-

1038 795 1093 821 μιν.
1109 786 1163 813 Καὶ
1174 786 1242 812 εἰσὶν
1255 787 1283 812 ὲν
1292 785 1397 818 τούτοις
1409 785 1458 818 ἔτι,
1473 786 1560 812 καίτοι
1571 785 1625 812 τῶν
1636 786 1760 812 παλαιῶν
1775 785 1824 812 θυ-

1038 832 1101 858 σιῶν
1123 832 1379 867 ἀνατετραμμένων.
1411 831 1484 864 Ἔξω
1502 831 1557 866 γὰρ
1575 831 1625 866 τῆς
1646 831 1825 866 Ἰερουσαλὴμ

198 877 273 904 nefas
298 882 367 904 erat.
389 887 398 903 ι
420 878 567 906 Comedcnt
585 879 675 914 igitur,
694 879 790 914 inquit,
816 885 842 907 et
861 889 913 908 non
931 881 979 908 im-

1036 877 1158 912 γεγονόσι
1169 878 1200 904 τὺ
1214 877 1287 904 θύειν
1301 877 1341 904 ἔτι
1362 877 1530 911 παράνομον,
1549 885 1563 901 ι
1576 876 1709 910 Φὰγονται
1720 876 1823 907 τοίνυν,

197 921 349 955 plebuntur,
363 932 373 949 ι
389 923 440 950 hoc
455 928 494 950 est
507 931 610 959 pauca,_
621 930 647 952 et
664 925 707 952 vix
728 926 860 960 accipient
881 931 908 954 et
925 934 984 961 qme

197 967 230 993 ad
245 967 396 994 satietatem
419 968 488 995 haud
510 969 654 998 sufficiant.
674 969 788 998 Douetur
810 972 984 1000 nihilominus

197 1012 239 1039 his
254 1013 344 1040 verbis
359 1014 461 1049 antiqui
481 1014 591 1042 honoris
613 1016 719 1043 illorum
738 1017 890 1051 subversio,
912 1026 984 1052 prte-

197 1059 334 1093 Ieritaaque
347 1060 500 1088 securitatis
513 1061 633 1089 amissio.
659 1071 668 1088 ι
695 1062 829 1096 Quoniam
856 1063 982 1091 fornicati

195 1110 269 1137 sunt,
287 1105 384 1140 inquit,
408 1114 460 1133 non
484 1106 644 1142 dirigentur.
678 1117 688 1134 ι
717 1107 885 1143 lmpossibile
911 1110 982 1137 enim

194 1155 247 1182 est,
261 1154 290 1177 ut
304 1151 370 1183 dixi,
385 1151 468 1178 Deum
487 1153 642 1180 deserentes
657 1153 720 1187 (hoc
741 1155 813 1181 enim
833 1155 983 1189 spiritualis

197 1196 339 1226 tornicatio
356 1203 382 1224 et
399 1199 506 1225 nomine
518 1204 545 1226 et
566 1207 595 1226 re
610 1199 660 1226 sibi
678 1199 744 1233 volt)
761 1205 807 1227 aut
823 1201 984 1229 adsaticta-

196 1247 249 1270 tem
261 1243 329 1270 bona
344 1245 512 1278 suppeditata
529 1244 628 1272 habere
637 1254 644 1278 ;
654 1251 722 1273 autc
735 1246 820 1278 caelis,
830 1251 858 1274 et
866 1247 983 1282 desuper

195 1288 322 1316 alimenta
340 1295 525 1324 comportare;
543 1297 590 1318 aut
607 1291 633 1318 in
649 1292 781 1324 consiliis,
796 1293 838 1320 vel
852 1293 879 1320 in
898 1295 983 1321 actio-

195 1336 274 1363 nibus
296 1336 375 1371 dirigi
396 1343 487 1370 posse.
513 1337 584 1364 Dens
607 1338 679 1365 enim
704 1339 824 1366 omnium
850 1339 981 1367 bonorum

196 1386 348 1408 nostrorum
371 1387 545 1410 conservator
561 1388 588 1411 et
604 1387 703 1412 mentis
725 1391 823 1413 nostra:
846 1387 982 1421 guberna-

193 1428 282 1455 culum
299 1433 352 1456 est.

1035 923 1110 957 φησὶ,
1132 922 1176 949 καὶ
1196 923 1225 948 οὐ
1238 922 1275 957 μὴ
1286 921 1473 957 ὲμπλησθῶσι,
1494 930 1502 946 ι
1517 921 1665 951 τουτέστιν.
1680 921 1760 954 ὀλίγα
1774 920 1824 954 λή-

1034 967 1128 1002 ψονται
1142 967 1188 993 καὶ
1204 967 1289 1002 μόλις,
1310 966 1357 992 καὶ
1378 966 1428 992 ὅσα
1444 965 1512 1000 πρὸς
1529 966 1609 1001 κόρον
1631 966 1680 992 οὐχ
1700 965 1822 1000 ἐξαρκεῖ.

1034 1013 1230 1039 Καταδεικνὺει
1247 1012 1274 1038 δὲ
1290 1012 1365 1039 οὐδὲν
1381 1009 1461 1048 ἦττον
1479 1012 1526 1038 καὶ
1541 1012 1619 1048 τοῦτο
1640 1012 1690 1045 τῆς
1705 1011 1823 1046 ἀρχαίας

1034 1058 1123 1085 αὐτῶν
1145 1059 1226 1093 τιμῆς
1241 1057 1290 1093 τὴν
1310 1057 1481 1092 καθαίρεσιν,
1505 1058 1550 1084 καὶ
1567 1057 1617 1092 τῆς
1632 1057 1822 1092 προλαόούσης

1033 1105 1166 1139 εὐθυμίας
1191 1105 1240 1139 τὴν
1267 1104 1414 1138 ἀποϐολήν.
1444 1114 1453 1130 ι
1487 1104 1585 1139 Επειδὴ
1607 1103 1821 1140 πεπορνεύκασι,

1034 1150 1134 1183 φησὶν,
1148 1148 1178 1175 οὺ
1198 1149 1235 1184 μὴ
1258 1148 1484 1175 κατωθυνθώσιν.
1500 1157 1509 1173 ι
1535 1148 1686 1184 ’Λμήχανον
1699 1148 1766 1183 γὰρ,
1784 1148 1822 1180 ὡς

1034 1196 1112 1230 ἔφην,
1139 1195 1202 1227 τοὺς
1221 1195 1425 1230 ἁποφοιτῶντας
1447 1194 1513 1221 Θεοῦ
1540 1195 1629 1229 (τοῦτο
1645 1195 1710 1229 γὰρ,
1732 1192 1821 1229 οἶμαι,

1034 1243 1079 1268 ἐπὶ
1090 1242 1120 1268 τὸ
1133 1241 1184 1276 τῆς
1203 1243 1300 1277 νοητῆς
1315 1241 1442 1277 πορνείας
1459 1241 1544 1276 δνομά
1555 1250 1584 1268 τε
1600 1241 1647 1268 καὶ
1663 1241 1789 1276 χρῆμα),
1803 1241 1819 1277 ἢ

1033 1288 1073 1319 εἰς
1095 1287 1175 1322 κόρον
1190 1286 1261 1322 ἔχειν
1271 1287 1320 1322 τὴν
1334 1287 1388 1313 τῶν
1401 1287 1510 1321 ἀγαθῶν
1521 1287 1663 1322 χορηγίαν,
1676 1287 1761 1321 ἤγουν
1776 1287 1822 1312 δύ-

1033 1333 1130 1360 νασθαι
1153 1333 1202 1364 τὰς
1225 1333 1254 1365 ὲξ
1269 1331 1392 1368 οὐρανῶν
1417 1332 1464 1358 καὶ
1483 1331 1586 1358 ἀνωθεν
1606 1330 1821 1366 συγκομίζεσθαι

1031 1379 1144 1414 τροφὰς,
1157 1379 1173 1414 ἢ
1185 1380 1214 1405 ὲν
1229 1378 1346 1413 βουλαῖς,
1362 1378 1419 1413 ἢέν
1436 1377 1581 1413 πράγμασι
1597 1376 1820 1404 κατευθύνεσθαι.

1032 1427 1098 1458 Θεὸς
1125 1426 1178 1463 γάρ
1206 1427 1279 1452 ἐστιν
1293 1426 1307 1452 ὁ
1324 1424 1424 1455 παντὸς
1449 1424 1514 1459 ἡμῖν
1531 1423 1633 1458 ἀγαθοῦ
1653 1422 1758 1459 Σωτὴρ,
1775 1423 1822 1450 καὶ

1032 1472 1081 1507 τῆς
1091 1471 1173 1507 οὔσης
1185 1472 1213 1498 ὲν
1232 1471 1297 1507 ἡμῖν
1310 1470 1429 1502 διανοίας
1441 1469 1471 1496 τὸ
1486 1469 1625 1504 πηδάλιον.

230 1516 284 1552 74
303 1517 383 1544 Vsus.
405 1517 449 1544 II.
470 1515 540 1550 Quia
565 1518 707 1547 Dominum
730 1520 933 1556 dereliquerunt,
953 1528 979 1550 ut

1067 1519 1146 1545 Διότι
1171 1517 1224 1544 τὸν
1252 1518 1360 1551 Κύριον
1385 1517 1592 1551 ἐγκατέλιπον,
1617 1515 1670 1542 τοῦ
1688 1515 1821 1550 φυλάξαι

195 1562 356 1590 custodirent
371 1563 582 1597 fornicationem,
604 1569 629 1591 et
653 1565 750 1598 vinum,
779 1571 803 1593 et
825 1568 894 1602 quod
928 1569 979 1596 in-

196 1607 299 1634 ebriare
314 1613 406 1642 potest,
420 1609 531 1643 suscepit
545 1617 590 1636 cor
605 1610 693 1643 populi
709 1611 769 1637 mei.

232 1653 321 1680 XLIII.
340 1653 389 1682 Hic
401 1655 512 1689 exponit
529 1662 636 1686 causas,
656 1663 741 1690 quare
753 1664 839 1692 neque
853 1658 980 1687 alimento

196 1699 350 1734 repleantur
375 1701 542 1733 sacerdotes,
573 1708 659 1736 neque
684 1702 798 1736 amplius
819 1704 978 1739 dirigantur.

194 1745 326 1778 Quoniam
341 1746 412 1773 enim
437 1750 464 1773 et
481 1746 529 1781 ipsi
550 1754 564 1773 a
589 1747 702 1775 Domino
719 1748 910 1783 discesserunt,
937 1751 979 1778 in-

193 1793 262 1827 quit,
277 1797 304 1820 et
320 1792 439 1828 magistri
457 1800 517 1820 cum
533 1793 684 1828 discipulis,
701 1802 761 1822 cum
773 1796 886 1823 subditis
898 1805 979 1832 penes

194 1845 261 1872 quos
275 1841 403 1873 potestas,
418 1843 445 1865 et
455 1839 502 1873 qui
518 1839 631 1866 aliorum
644 1841 726 1868 duces
739 1846 816 1868 erant
830 1842 980 1877 praccipites

194 1883 313 1917 fuerunt,
338 1884 440 1912 idcirco
459 1885 576 1912 divinam
603 1886 670 1914 iram
693 1887 764 1922 juste
790 1889 928 1921 subibunt,
952 1895 980 1917 et

192 1936 254 1964 quae
266 1929 325 1956 sine
341 1929 392 1961 ﬁne
416 1935 606 1965 peccaverunt,
626 1939 720 1960 eorum
747 1941 840 1968 poenas
863 1935 980 1962 sustine-
997 1966 1006 1974 ἦ

193 1975 269 2002 bunt.
285 1983 295 2001 ι
314 1975 505 2003 Custodierunt
516 1977 588 2004 enim
605 1977 819 2012 fornicationem,
840 1989 849 2006 ›
866 1981 916 2008 hoc
925 1987 977 2014 est,

192 2022 349 2056 effecerunt,
360 2028 389 2050 ut.
400 2023 498 2058 quibus
512 2029 654 2058 przeemnt,
673 2025 700 2052 in
718 2033 810 2054 errore
822 2033 977 2062 manerent;

192 2069 302 2096 tametsi
316 2069 404 2103 potius
418 2076 479 2096 eum
502 2068 618 2103 abjicere
639 2075 666 2098 et
689 2072 870 2100 exterminare
895 2073 978 2102 debe-

191 2115 267 2142 bant.
289 2113 478 2149 Magistrorum
500 2115 570 2142 enim
586 2115 730 2151 vigilant-ian
742 2122 792 2150 est,
819 2119 940 2147 studiose
962 2128 978 2148 e

192 2161 280 2188 medio
298 2168 436 2188 removere
452 2162 522 2196 quod
544 2162 642 2196 popqu
664 2163 754 2196 obest,
769 2168 796 2191 et
813 2165 884 2198 quod
909 2166 978 2194 Deus

1031 1564 1184 1598 πορνείαν,
1202 1563 1250 1590 καὶ
1268 1561 1361 1597 οἶνον,
1383 1563 1431 1590 καὶ
1448 1563 1588 1598 μέθυσμα
1605 1561 1729 1595 ἐδέξατο
1752 1571 1822 1597 καρ-

1030 1609 1081 1637 δία
1095 1609 1251 1644 λαοῦμου.

1065 1656 1188 1687 ΜΓ’.Τά;
1201 1656 1290 1688 αἰτίας
1302 1655 1396 1683 ἐνθάδε
1408 1655 1537 1691 tta-(161,106
1548 1656 1616 1691 μήτε
1628 1655 1731 1691 τροφῆς
1740 1656 1822 1691 ἐμπί-

1030 1701 1159 1733 πλασθαι,
1178 1702 1247 1737 μήτε
1270 1702 1322 1738 μὴν
1347 1702 1386 1729 ἔτι
1406 1702 1618 1728 κατευθύνεσθαι
1635 1703 1698 1734 τοὺς
1719 1702 1823 1738 ἱερουρ-

1029 1747 1104 1781 γούς.
1126 1747 1234 1783 Ἐπειδὴ
1258 1748 1312 1783 γὰρ
1329 1747 1479 1783 ἁπῲχοντο,
1507 1747 1583 1784 φησὶ,
1602 1748 1648 1775 καὶ
1673 1748 1751 1775 αὐτοὶ
1775 1749 1821 1775 τοῦ

1030 1793 1144 1828 Κυρίου,
1174 1795 1221 1820 καὶ
1251 1793 1452 1820 συναπώλισθον
1480 1795 1537 1825 τοῖς
1565 1794 1772 1830 παιδευομένοις
1797 1795 1821 1821 οι

1030 1839 1182 1871 παιδευταὶ,
1200 1840 1257 1870 τοῖς
1270 1839 1322 1866 ὑπὸ
1339 1840 1417 1875 χεῖρα
1444 1840 1490 1867 καὶ
1514 1839 1636 1872 ἐξουσίαν
1651 1841 1674 1867 oi
1693 1843 1822 1876 καθηγεῖ-

1030 1885 1090 1911 σθαι
1101 1885 1237 1920 λαχόντες,
1257 1885 1385 1920 ταύτῃτοι
1405 1886 1515 1918 δικαίως
1538 1886 1590 1913 ὑπὸ
1618 1886 1692 1913 Θείαν
1714 1887 1821 1914 ἔσονται

1030 1932 1156 1967 μήνισιν,
1174 1932 1220 1958 καὶ
1243 1932 1321 1964 δίκας
1342 1932 1469 1967 ὑφέξουσι
1490 1933 1544 1960 τῶν
1565 1933 1762 1969 ἁκαταλήκτως
1781 1935 1820 1961 δι-

1030 1979 1228 2013 επταισμένων.
1246 1988 1254 2004 ι
1268 1979 1444 2014 Τετηρήκασι
1468 1979 1522 2014 γὰρ
1545 1981 1684 2015 πορνείαν,
1716 1990 1725 2006 ι
1744 1989 1819 2007 τουτ-

1029 2024 1099 2056 έστι,
1121 2024 1255 2056 σώζεσθαι
1281 2024 1490 2060 παρεσκεύασαν
1518 2026 1573 2057 τοῖς
1589 2026 1642 2052 ὑπὸ
1664 2027 1746 2063 χεῖρα
1770 2027 1818 2060 τὴν

1029 2069 1171 2102 πλάνησιν,
1189 2070 1276 2097 καίτοι
1291 2070 1391 2105 μᾶλλον
1409 2071 1494 2106 αὐτὴν
1506 2071 1538 2097 ἐκ
1550 2071 1633 2106 μέσου
1645 2071 1818 2108 διαρρίπτειν

1029 2115 1076 2141 καὶ
1095 2114 1245 2149 ἀφανίζειν¹
1258 2115 1421 2149 ὀφείλοντες.
1443 2116 1616 2144 Διδασκάλων
1646 2117 1701 2153 γὰρ
1726 2118 1816 2152 νῆψις,

1028 2160 1059 2187 τὸ
1085 2161 1166 2192 λαοὺς
1182 2160 1291 2187 ἀδικοῦν
1311 2162 1343 2188 ὲκ
1359 2162 1443 2197 μέσον
1464 2162 1598 2190 ποιεῖσθαι
1622 2162 1667 2190 διὰ
1688 2163 1816 2198 σπουδῆς,

191 2206 257 2240 odit,
271 2207 330 2234 sine
343 2213 418 2234 mera
433 2207 536 2234 tollere.
554 2207 631 2241 Quod
648 2208 670 2235 si
684 2207 773 2236 facere
785 2210 975 2244 abhorrentes,

1032 2207 1074 2232 καὶ
1091 2205 1130 2240 τῷ
1143 2205 1202 2241 θεῷ
1216 2207 1350 2242 στυγητὸν
1368 2207 1502 2243 ἀμελλητὶ
1517 2208 1728 2244 καταστρέφειν.
1744 2209 1775 2235 Εἰ
1790 2209 1818 2236 δὲ

190 2260 302 2281 manere
315 2252 522 2288 quodammodo,
538 2257 566 2280 et
582 2253 691 2280 retineri
705 2261 787 2287 opera
800 2255 901 2282 erroris
913 2263 975 2289 per-

190 2299 319 2332 mittunt,
345 2299 399 2327 imo
425 2302 518 2326 contra
546 2300 635 2334 potius
660 2300 831 2332 conﬁrmant,
859 2305 924 2328 tunc
948 2306 976 2329 et

191 2352 268 2372 mens
283 2352 377 2372 eorum
389 2345 434 2380 qui
448 2345 617 2378 erudiuntur,
634 2349 761 2378 tanquam
779 2345 868 2373 vinum
882 2351 910 2374 et.
936 2348 977 2374 in-

189 2391 389 2419 ebriamentum
401 2391 513 2418 omnino
523 2389 741 2424 suscipiet.Unde
754 2391 837 2424 enim,
853 2397 899 2419 aut
909 2400 976 2428 quo-

190 2437 270 2464 modo
292 2437 440 2472 vigilabunt
464 2437 601 2471 discipuli,
626 2437 778 2471 mentisque
806 2437 915 2465 oculum
940 2440 974 2466 ad

189 2489 253 2510 vere
266 2487 292 2509 et
306 2486 401 2510 natura
419 2482 504 2509 Deum
526 2481 658 2516 aperient,
682 2482 704 2509 si
724 2489 770 2509 eos
793 2482 928 2519 paedagogi
947 2489 974 2511 et

189 2529 397 2557 conducibilium
414 2528 540 2555 doctores
557 2527 644 2554 adhuc
659 2527 693 2554 ad
709 2534 828 2555 errorem
846 2530 975 2558 corrobo-

189 2576 266 2603 rant?
284 2577 317 2602 Ει
328 2575 381 2603 hoc
393 2579 445 2607 est,
465 2574 491 2601 ni
509 2573 597 2604 fallor,
614 2573 685 2607 quod
705 2574 775 2608 apud
800 2574 881 2602 alium
908 2583 972 2610 pro-

188 2621 296 2656 phetam
316 2620 429 2656 legimus
444 2626 452 2646 :
477 2627 487 2644 ι
503 2617 664 2646 Sacerdotes
682 2627 733 2646 non
755 2620 902 2648 dixerunt:
920 2621 971 2650 Ubi

187 2671 228 2694 est
243 2665 391 2694 Dominus?
407 2670 433 2692 et
445 2664 491 2699 qui
505 2664 679 2692 adhzerebant
693 2665 742 2700 legi
758 2673 834 2698 mere.
849 2675 901 2694 non
914 2675 973 2695 cre-

187 2711 314 2740 diderunt
329 2711 356 2737 in
373 2717 426 2744 me,
448 2714 476 2737 et
496 2715 619 2745 pastores
636 2711 716 2746 impie
737 2717 849 2747 egerunt
869 2713 894 2740 in
918 2720 971 2746 me,

186 2762 215 2786 et
231 2757 368 2793 propheta:
379 2757 574 2792 prophetabant
601 2757 663 2785 BaaI
685 2759 713 2793 ’;
740 2768 749 2785 ι
777 2764 805 2787 et
828 2767 934 2788 rursum
963 2769 971 2788 :

224 2846 236 2862 ³
249 2844 331 2873 Zacb.
351 2853 381 2879 ιι,
394 2845 420 2873 6.
458 2844 535 2874 'Jer.
553 2853 583 2880 ιι,
603 2845 629 2874 8.

1026 2252 1059 2288 δὴ
1079 2251 1157 2279 τοῦτο
1180 2252 1246 2288 δρᾷν
1263 2253 1313 2280 οὐκ
1342 2254 1511 2289 ἀνεχόμενοι,
1535 2256 1627 2290 μένειν
1649 2255 1744 2291 ὥσπερ
1771 2256 1818 2283 καὶ

1027 2297 1162 2329 σώζεσθαι
1183 2299 1232 2334 τῆς
1248 2299 1407 2335 πλανήσεως
1423 2299 1492 2336 ἔργα
1514 2300 1703 2337 συγχωροῦσιν
1728 2302 1814 2336 αὐτοὶ,

1028 2344 1128 2379 μᾶλλον
1141 2345 1169 2372 δὲ
1183 2346 1230 2373 καὶ
1251 2347 1414 2374 συνιστῶσιν
1427 2349 1460 2375 ὲκ
1472 2348 1526 2375 τῶν
1543 2349 1683 2381 ἐναντίων,
1697 2350 1728 2376 τὸ
1743 2359 1817 2385 τηνι-

1024 2390 1090 2417 κάδε
1102 2390 1134 2426 δὴ
1152 2391 1262 2423 πάντως
1277 2390 1348 2419 οἶνον
1364 2392 1460 2429 ὥσπερ
1480 2402 1506 2420 τι
1530 2394 1576 2421 καὶ
1593 2394 1722 2429 μέθυσμα
1744 2395 1817 2422 καὶό

1024 2437 1079 2464 τῶν
1090 2437 1356 2473 παιδαγωγουμένων
1374 2439 1526 2471 είσδέξεται
1544 2439 1625 2471 νοῦς,
1643 2440 1730 2467 Πόθεν
1749 2433 1826 2476 γὰρ,ί

1025 2483 1041 2519 ἢ
1062 2483 1121 2516 πῶς
1134 2484 1166 2511 ἂν
1179 2484 1256 2519 ἔσχον
1271 2485 1366 2520 νήφειν
1381 2486 1407 2512 οἱ
1419 2485 1549 2521 μαθηταὶ,
1565 2487 1612 2514 καὶ
1633 2487 1814 2521 διανοιγνύναι

1026 2529 1157 2557 δύνασθαι
1178 2530 1228 2565 τῆς
1244 2530 1365 2563 διανοίας
1379 2531 1426 2558 τὸν
1439 2531 1578 2567 ὀφθαλμὸν
1600 2533 1668 2568 πρὸς
1683 2533 1728 2560 τὸν
1753 2533 1815 2569 ἁλη-

1026 2574 1080 2606 θῶς
1108 2575 1155 2601 καὶ
1181 2575 1259 2609 φύσει
1278 2575 1354 2608 Θεὸν,
1381 2577 1460 2612 εἰπερ
1477 2577 1575 2610 αὐτοὺς
1594 2578 1620 2604 οἱ
1636 2579 1811 2613 παιδαγωγοὶ,

1025 2620 1133 2647 καὶτῶν
1143 2621 1337 2657 συμφερόντων
1348 2623 1493 2658 εἰσηγηταὶ
1503 2624 1551 2650 καὶ
1563 2625 1813 2661 προσεμπαιδεύου-

1026 2675 1068 2694 σιν
1082 2666 1122 2693 ἔτι
1147 2666 1215 2702 πρὸς
1232 2667 1263 2694 τὸ
1286 2668 1437 2695 πλανᾶσθαι
1453 2668 1526 2702 δεῖν;
1543 2670 1596 2696 Καὶ
1617 2670 1704 2703 τοῦτο,
1723 2669 1810 2706 οἶμαι,

1025 2714 1083 2740 ἐστὶ
1094 2713 1125 2740 τὸ
1141 2713 1175 2740 δι’
1195 2714 1289 2750 ἑτέρου
1309 2715 1449 2751 προφήτου
1467 2717 1561 2750 σαφῶς
1583 2717 1739 2753 εἰρημένον·
1755 2727 1764 2743 ι
1781 2718 1810 2745 οι

1027 2760 1108 2795 ἱερεῖς
1121 2760 1170 2787 οὐκ
1183 2758 1272 2787 εἶπαν·
1290 2761 1344 2788 Ποῦ
1356 2761 1413 2788 ἐστι
1427 2761 1545 2797 Κύριος;
1558 2763 1611 2790 Καὶ
1625 2764 1650 2790 oi
1665 2764 1811 2800 ἀντεχόμερ
