1913 3042
163 181 211 212 151

656 181 684 209 S.
703 179 840 209 CYRILLI
860 180 1095 208 ALEXANDRINI
1115 179 1276 208 ARCHIEP.

1746 176 1801 204 13:!

162 239 312 269 ι’[αίνεσθαι
323 240 377 276 γὰρ
390 239 497 272 αὐτοὺς,
511 239 556 266 καὶ
574 239 715 273 ὲνθουσιᾷν
736 238 855 274 ἕφασκὸν
871 247 954 271 τινες,
973 238 1010 270 ὡς
1026 239 1097 265 Οείου
1114 237 1356 273 πεπληρωμένους.
1377 236 1415 263 Οὐ
1432 235 1486 272 γὰρ
1511 235 1610 271 ᾔδεσαν
1632 233 1800 271 ἀκαθάρτων

176 297 202 314 τι
226 287 280 313 τῶν
316 286 477 320 πνευμάτων
501 283 575 317 οἶκος
603 284 700 321 ὥσπερ
722 294 765 316 τις
791 284 838 311 καὶ
860 284 992 319 σπήλαιον
1021 285 1038 320 ὴ
1073 284 1127 310 τῶν
1147 282 1330 318 πλανωμένων
1344 283 1403 308 ἐστὶ
1417 281 1526 317 καρδία.

197 333 278 359 Vnus.
296 332 339 358 15.
355 331 455 363 Spiritu
463 331 647 366 fornicationis
663 332 764 359 seducti
777 335 849 364 sunt,
859 335 883 358 et
895 331 942 366 for-

1037 331 1186 365 Ῑινεύματι
1202 329 1343 364 πορνείας
1356 328 1585 362 ἐπλανήθησαν,
1602 328 1652 355 καὶ
1671 327 1798 360 ἐξεπόρ-

161 379 243 404 mcati
265 382 325 403 sunt
345 385 360 403 a
372 377 426 403 Deo
440 377 568 410 ipsorum.
587 377 673 412 Super
697 378 804 404 vertices
823 378 953 404 montium

161 422 357 454 sacriﬁcabant,
372 421 426 457 76
444 427 467 448 et
484 429 565 456 super
575 422 654 449 colles
673 422 847 449 immolabant
865 423 954 450 subter

160 475 294 502 quercum,
305 472 330 494 et
340 467 478 501 populum,
490 472 514 494 et
524 468 643 495 arborem
656 468 816 502 umbrosam,
833 469 897 505 quia
908 469 954 497 bo-

161 521 223 540 num
236 512 432 540 umbraculum.

196 557 277 586 XLV.
295 558 354 586 Non
367 559 425 586 sine
443 558 556 594 impuris
567 563 595 586 et
612 554 896 595 malignis‘spiritibus
911 564 952 588 ta-

160 604 195 632 lia
212 604 270 632 ﬁeri
295 605 437 640 perspicue
448 605 535 633 docet.
556 605 643 633 Omne
653 606 753 634 etenim
768 614 856 641 genus
867 607 953 634 scele-

159 650 198 678 ris
215 655 242 678 ct
265 651 299 678 ab
315 651 382 686 ipsis
398 651 590 686 proﬁciscitur,
608 655 634 679 et
649 651 715 679 nihil
734 652 951 687 turpissimarum

159 704 251 724 rerum
275 704 328 724 non
358 701 562 730 consectantur,
576 697 622 733 qui
641 705 735 726 eorum
755 698 886 726 voluntati
905 699 953 726 ob-

160 747 311 778 temperare
333 743 520 771 decreverunt.
536 742 626 778 lnquit
645 751 720 779 ergo,
740 753 749 770 (
763 743 873 772 Seducti
889 748 952 772 sunt

158 789 254 824 spiritu
273 789 473 822 fornicationis,
486 799 496 816 ι
514 794 541 818 et
556 798 570 817 a
583 788 639 818 Deo
653 790 810 825 longissime
830 792 950 826 separati

158 839 234 867 sunt,
245 834 393 869 voluptatis
404 839 537 868 amantes,
550 840 577 863 et
589 836 615 862 in
638 836 766 870 operibus
776 836 952 865 idololatricis

158 880 251 907 carnis
264 880 446 908 demulcendaa
460 880 680 908 commoditatem
698 881 884 916 quaeritantes.
899 882 950 909 Sa-

157 925 317 954 criﬁcabant
331 926 413 959 cnim,
427 925 509 953 colles
522 930 549 953 et
566 930 673 954 montes
691 928 912 960 conscendentes,
923 931 951 955 et

157 971 274 998 terrenis
291 971 499 999 celsitudinibus
517 971 655 999 daamonas
674 973 725 1000 sub
740 977 841 1000 terram
857 974 950 1001 detru-

155 1024 203 1044 sos
216 1022 386 1045 venerantes.
409 1016 509 1044 Deinde
532 1017 587 1044 aris
609 1017 659 1045 sub
674 1026 785 1053 quercu,
804 1024 832 1046 et
852 1019 949 1054 populo
965 1013 988 1044 Β

155 1063 491 1097 excitatis,operabantur,
504 1062 641 1099 nymphis,
655 1063 768 1092 forsitan
786 1066 948 1102 hamadrya-

156 1108 235 1135 dibus
256 1107 406 1135 sewndum
428 1107 554 1143 ﬁgmenta
574 1108 742 1143 Graecorum,
759 1111 887 1138 honorem
909 1113 947 1140 is-

155 1157 213 1181 tum
227 1159 376 1182 sacrantes.
392 1153 521 1181 Scribunl
533 1155 605 1183 enim
623 1156 729 1183 illorum
755 1163 840 1191 poene
854 1158 948 1193 praeci-

155 1200 213 1234 pui,
226 1204 254 1227 et
273 1200 383 1234 stirpes,
399 1204 426 1227 et
443 1199 514 1234 ligna
529 1202 614 1229 amari
631 1202 664 1229 ab
686 1201 798 1236 impuris
818 1203 947 1231 daamoni-

155 1246 216 1278 bus,
234 1253 294 1280 quae
314 1245 379 1280 ipsis
395 1245 484 1273 nescio
496 1253 550 1281 quo
565 1248 645 1275 modo
661 1248 792 1283 nymphas
807 1249 948 1277 nominare

155 1291 328 1326 complacuit.
353 1290 446 1318 Visum
465 1291 547 1327 igitur
567 1293 632 1325 illis,
650 1293 748 1328 inquit,
762 1296 860 1322 sectari
885 1303 947 1323 um-

156 1339 230 1369 bras.
246 1342 272 1365 et
296 1337 323 1364 in
346 1338 538 1365 virentissimis
559 1339 673 1367 saltibus
689 1340 793 1368 deliciis
811 1343 946 1375 enervari,

156 1383 351 1418 laudantesque
373 1385 474 1419 dicere,
499 1395 508 1410 ε
521 1385 583 1419 quia
605 1385 703 1413 bonum
724 1387 921 1415 umbraculum.
934 1396 944 1414 ι

155 1429 249 1465 Itaque
262 1437 356 1458 amans
367 1429 516 1465 voluptatis
529 1439 581 1458 non
595 1431 762 1466 poteritesse
780 1439 873 1460 amans
888 1432 945 1461 Dei.

155 1475 350 1504 Testimonium
373 1477 440 1504 feret
464 1477 574 1511 Paulus,
599 1478 692 1505 dicens
719 1479 752 1506 de
772 1478 945 1513 quibusdam,

179 1531 240 1551 esse
262 1523 430 1557 voluptatum
452 1528 589 1551 amatores
610 1524 696 1559 magis
716 1532 796 1559 quam
823 1525 867 1552 Dei
886 1525 918 1552 ".

155 1570 230 1597 Beati
242 1577 306 1604 ergo
320 1570 364 1604 qui
393 1570 472 1597 modo
484 1569 578 1605 lugent
594 1569 627 1603 ",
643 1574 670 1597 ut
684 1570 750 1597 dicit
769 1569 902 1603 Salvator,
920 1575 948 1599 et

155 1616 284 1651 patientia
306 1616 332 1642 in
352 1615 488 1644 laboribus
515 1616 626 1644 utilibus
643 1616 814 1651 suspicienda
836 1624 946 1652 magno-

155 1668 219 1696 pere
234 1668 267 1688 ac
281 1661 417 1696 diligenda
437 1665 489 1689 est.

193 1706 274 1734 Vsus.
291 1706 335 1734 M.
354 1706 497 1741 Propterea
530 1708 732 1743 fornicabmtlur
752 1708 818 1743 ﬁlia:
840 1713 940 1742 vestrm,

155 1757 180 1780 et
192 1761 295 1787 sponsa:
310 1758 400 1780 veslrw
416 1754 621 1780 mmltabuntur.
632 1755 665 1780 Et
681 1763 732 1782 non
746 1755 853 1782 visitabo
867 1762 946 1789 super

154 1798 225 1832 ﬁlias
240 1803 338 1825 uestras
353 1807 412 1825 cum
427 1799 567 1833 fornicata:
582 1800 692 1835 fuerint,
710 1805 735 1827 et
747 1808 824 1834 super
837 1809 946 1833 sponsas

154 1847 263 1875 vestras,
279 1852 336 1870 cum
358 1843 516 1870 adulterata
537 1844 656 1878 fuerint;
676 1846 799 1880 quoniam
818 1845 868 1878 ipsi
886 1853 946 1872 cum

154 1890 333 1917 meretricibus
347 1889 593 1923 commiscebantur,
608 1895 632 1918 et
647 1899 705 1918 cum
724 1891 836 1917 initiatis
855 1891 946 1918 immo-

152 1934 255 1962 labant.

189 1978 359 2014 XLVI.Quia
374 1981 457 2015 enim,
473 1981 570 2016 inquit,
586 1981 714 2009 eximium
730 1983 856 2017 quiddam
868 1982 944 2010 vide-

154 2031 209 2060 tur,
224 2027 273 2054 sub
289 2027 387 2054 arbore
398 2031 425 2054 et
439 2027 541 2054 umbris
554 2028 670 2055 emolliri
691 2033 771 2063 atque
787 2029 908 2060 dissolvi,
918 2033 945 2055 et

153 2072 282 2107 voluptati
300 2072 418 2100 duxistis
429 2074 499 2108 quod
516 2074 580 2101 mihi
599 2074 733 2109 displicet,
750 2075 943 2102 exsecrabilem

152 2118 279 2145 videlicet
299 2119 485 2146 seductionem
508 2124 535 2146 et
556 2121 752 2147 immunditiam
773 2129 780 2147 :
802 2124 943 2155 propterea

153 2163 359 2192 fornicabuntur
378 2165 438 2192 filiae
455 2170 565 2199 vestae;
579 2173 686 2200 sponsm
702 2170 803 2198 autem,
826 2166 877 2193 hoc
888 2171 942 2198 est,

153 2209 269 2237 ﬁliorum
296 2218 412 2244 uxores,
437 2211 568 2238 adulteria
595 2212 799 2246 perpetrabunt.
826 2211 857 2238 Et
880 2218 942 2238 cum

153 2257 210 2283 haec
229 2257 402 2291 contigerint,
419 2258 556 2292 quiescam
578 2262 604 2284 et
618 2265 677 2292 ego,
695 2265 744 2284 nec
759 2257 884 2284 visitabo.
897 2257 942 2285 Vi-

152 2302 229 2329 detur
240 2309 304 2329 saue
321 2309 366 2337 per
380 2303 436 2330 haec
452 2303 543 2330 clades
557 2302 630 2334 belli,
640 2308 663 2329 et
677 2303 845 2329 incommoda
856 2302 942 2337 capti-

151 2349 242 2376 vitatis
252 2349 442 2384 pcccamribus
459 2354 587 2376 eventura
600 2348 792 2382 prmnuntiare.
801 2348 851 2381 Qui
868 2349 939 2375 enim
956 2365 978 2394 Β

150 2394 233 2422 semel
266 2394 334 2422 alios
357 2398 545 2429 expugnarunt
577 2395 770 2428 vit-eruntque,
795 2394 822 2420 in
847 2399 940 2427 captos

149 2441 304 2472 consulunt,
317 2445 346 2467 ut
360 2440 444 2474 lubet,
462 2440 515 2475 77
537 2444 670 2473 potestate
687 2440 848 2474 impotenter
866 2445 941 2467 uten-

150 2491 201 2519 tes,
212 2491 240 2513 et
255 2486 357 2521 impetu
375 2485 554 2520 incastigabili
578 2485 687 2519 quidvis
703 2485 811 2512 tandem
831 2486 881 2513 sibi
897 2485 941 2521 ju-

147 2532 266 2560 cundum
291 2532 491 2567 aggredientes,
509 2535 537 2558 et
552 2537 641 2565 neque
663 2531 728 2566 legis
743 2533 872 2559 rationem
890 2532 940 2559 du-

148 2582 250 2608 centes,
276 2583 365 2611 neque
390 2576 455 2610 quid
480 2580 693 2603 consentaneum
715 2580 762 2602 aut
785 2576 884 2604 decens
904 2577 941 2605 sit

147 2623 267 2658 cogitare
283 2623 466 2655 sustinentes;
480 2621 552 2649 velut
566 2622 682 2649 indurati
698 2627 831 2657 autem,el
848 2624 938 2651 animo

146 2676 278 2702 perquam
304 2673 403 2701 truces,
419 2675 533 2703 parcere
552 2668 659 2696 miseris
680 2670 845 2697 omnimodis
861 2669 938 2697 dedi-

145 2718 276 2748 gnantur.
299 2712 414 2741 Liberos
437 2713 521 2748 igitur
539 2714 662 2742 hostibus
687 2715 720 2742 ad
743 2715 935 2743 contumeliam

143 2765 171 2786 et
184 2759 341 2794 spurcitiem
353 2758 539 2789 fornicationis
557 2761 710 2796 expositum
731 2761 763 2788 iri
777 2761 878 2796 liquido
893 2760 935 2788 in-

145 2806 227 2832 dicat.
858 2805 872 2815 “

185 2892 204 2908 (³
219 2893 238 2920 ιι
253 2892 320 2922 Tim.
339 2903 381 2929 ιιι,
401 2895 427 2923 εί.
468 2896 488 2912 ⁸⁵
503 2895 598 2923 Matth.
618 2902 643 2929 ν,
659 2895 688 2924 ὅ.

1002 383 1118 403 νευσαν
1134 375 1192 402 ἀπὸ
1206 374 1260 402 τοῦ
1278 374 1353 401 Θεοῦ
1370 373 1479 401 αὐτῶν.
1496 373 1562 400 Ἐπί
1583 372 1636 406 τὰς
1660 373 1798 406 κορυφὰς

1002 420 1062 448 τῶν
1077 421 1169 455 ὀρέων
1182 420 1349 452 ἐθυσίαζον,
1361 420 1408 447 καὶ
1419 419 1469 446 ἐπὶ
1482 418 1551 451 τοὺς
1563 417 1698 450 ,βουνοὺς
1706 417 1794 444 ἔθυον

1002 467 1140 495 ὑποκάτω
1168 467 1270 501 δρυὸς,
1295 467 1345 494 καὶ
1365 466 1490 500 λεύκης,
1514 464 1564 492 καὶ
1589 464 1716 498 δένδρου
1740 470 1794 489 συ-

1002 513 1189 546 σκιάζοντας,
1203 512 1249 540 ὅτι
1270 513 1342 540 καλε
1348 521 1368 540 ν
1380 512 1491 547 σκέπη.

1037 560 1105 587 ΜΕ¹.
1125 560 1186 586 Ὅτι
1197 559 1235 595 μὴ
1246 559 1306 594 δίχα
1317 559 1480 594 πνευμάτων
1495 559 1549 585 τῶν
1564 557 1730 593 ἀκαθάρτων
1750 557 1796 583 καὶ

1003 606 1130 643 πονηρῶν
1142 607 1177 634 τὰ
1187 607 1276 634 τοιάδε
1285 606 1447 642 πράττεται,
1455 605 1576 632 διδάσκει
1587 603 1691 639 σαφῶς.
1702 604 1796 630 Ἀπαν

1001 652 1056 688 γὰρ
1071 652 1141 685 εἶδος
1161 652 1337 688 φαυλότητος,
1362 651 1428 688 παρ’
1443 651 1556 678 ἐκείνων
1578 650 1648 679 ἐστί.
1667 650 1723 677 Καὶ
1739 650 1796 676 τῶν

1002 698 1149 734 αἰσχίστων
1176 699 1252 726 οὐδὲν
1274 697 1484 733 ἀνεπιτήδευτον
1503 698 1559 728 τοῖς
1583 695 1618 723 τὰ
1634 696 1728 726 αὐτοῖς
1753 695 1796 722 ὁο-

1001 745 1103 773 κοῦντα
1116 745 1238 781 πληροῦν
1249 745 1409 782 ᾑρημένοις.
1431 754 1440 770 ι
1458 743 1648 778 Πεπλάνηνται
1665 752 1675 769 ι
1691 741 1794 774 τοίνυν,

1002 791 1085 826 φησὶ,
1115 800 1126 817 ‹
1146 791 1283 826 πνεύματι
1318 790 1447 826 πορνείας
1463 809 1471 822 ,
1489 799 1498 817 ι
1525 789 1573 816 καὶ
1597 789 1636 822 ὡς
1663 788 1794 817 ἀποτάτω

1000 837 1127 872 γεγόνασι
1156 837 1202 864 τοῦ
1229 836 1307 864 Θεοῦ.
1327 836 1465 872 Φιλήδονοί
1485 844 1515 862 τε
1538 836 1719 870 ὑπάρχοντες,
1745 834 1795 861 καὶ

1001 883 1180 919 φιλοσαρκίας
1204 883 1333 918 ἀφορμὴν
1355 882 1390 909 τὰ
1414 882 1464 917 τῆς
1490 881 1696 918 εἰδωλολατρίας
1722 881 1794 917 ἔργα.

1001 929 1168 964 ποιούμενοι.
1184 928 1281 956 Ἕθυον
1289 930 1353 964 γὰρ,
1362 928 1473 964 βουνούς
1484 937 1513 956 τε
1527 928 1574 955 καὶ
1586 927 1636 964 ὅρη
1650 927 1794 963 καταλαμ-

1000 974 1137 1007 ϐάνοντες,
1167 974 1215 1002 καὶ
1238 975 1343 1010 γηῖνοις
1369 974 1498 1010 ὐψώμασι
1522 974 1552 1001 τὸ
1568 974 1623 1001 τῶν
1644 974 1794 1009 δαιμονίων

1000 1021 1185 1059 χαμαιῤῥιφὲς
1207 1021 1416 1058 θεραπεύοντες.
1438 1019 1504 1048 Εἶτα
1529 1021 1638 1057 βωμοὺς
1661 1020 1794 1047 ὑποκάτω

999 1067 1079 1104 δρυὸς
1104 1067 1151 1094 καὶ
1176 1067 1275 1103 λεύκης
1297 1067 1460 1103 ἐγείροντες,
1490 1067 1630 1103 προσῆγον
1655 1066 1791 1098 σπονδὰς,

999 1114 1128 1149 νύμφαις,
1147 1113 1219 1149 τάχα
1235 1115 1286 1140 που
1301 1115 1361 1145 ταῖς
1376 1114 1541 1149 ἁμαδρυάσι,
1561 1113 1632 1140 κατὰ
1646 1113 1709 1144 τοὺς
1730 1112 1792 1139 Ἐλ-

999 1159 1086 1195 λήνων
1102 1159 1213 1195 μύθους,
1228 1159 1310 1195 τιμὰς
1323 1159 1543 1195 ἀποπέμποντες.
1556 1159 1625 1186 Φασὶ
1635 1159 1689 1195 γὰρ
1697 1160 1722 1185 oi
1736 1158 1792 1185 τῶν

1004 1203 1139 1240 Ἐλλήνων
1146 1205 1258 1240 ποιηταὶ
1273 1205 1320 1232 καὶ
1330 1205 1452 1239 λογάδες,
1470 1205 1517 1232 καὶ
1526 1204 1627 1240 φυτῶν,
1641 1204 1689 1231 καὶ
1705 1204 1791 1237 ξύλων

1000 1250 1066 1286 ὲρᾷν
1079 1250 1142 1282 τοὺς
1153 1251 1324 1287 ἀκαθάρτους
1332 1251 1471 1287 δαίμονας,
1480 1252 1498 1278 ἃ
1513 1251 1623 1286 νύμφας
1636 1251 1790 1286 ὠνόμαζον,

999 1295 1069 1321 κατὰ
1076 1295 1202 1328 τὺαὺτοῖς
1212 1297 1262 1323 οὐκ
1275 1295 1323 1323 οἷδ’
1332 1297 1406 1329 ὅπως
1413 1297 1518 1324 δοκοῦν.
1527 1297 1628 1324 Ἐδόκει
1637 1297 1728 1324 τοίνυν
1742 1297 1791 1323 αὺ-

998 1342 1054 1372 τοῖς
1068 1341 1258 1376 ἀποδέχεσθαι,
1269 1343 1344 1378 φησὶ,
1355 1342 1403 1375 τὰς
1419 1343 1507 1376 σκιάς,
1518 1342 1566 1370 καὶ
1583 1343 1637 1370 ὑπὸ
1646 1344 1701 1375 τοῖς
1709 1343 1792 1370 εὐαν-

999 1386 1137 1420 θεστάτοις
1154 1388 1321 1424 Θρύπτεσθαι
1340 1388 1471 1425 δρυμοῖς’
1490 1390 1613 1417 ἐπαινεῖν
1627 1397 1658 1416 τε
1684 1390 1733 1416 καὶ
1746 1389 1791 1416 λέ-

998 1442 1057 1468 γειν
1066 1443 1074 1450 ·
1092 1444 1100 1460 ι
1107 1435 1167 1461 Ὅτι
1179 1434 1261 1462 καλὸν
1270 1435 1369 1470 σκέπη.
1376 1444 1386 1462 ›
1397 1435 1502 1463 Οὐκοῦν
1510 1435 1680 1471 ὁφιλήδονος,
1698 1437 1746 1462 οὐκ
1756 1435 1792 1463 ἂν

998 1481 1101 1516 γένοιτο
1118 1481 1165 1508 καὶ
1183 1482 1316 1517 φιλόθεος.
1331 1482 1387 1509 Καὶ
1402 1483 1574 1519 μαρτυρήσει
1590 1483 1677 1518 λέγων
1690 1485 1704 1511 ὁ
1717 1484 1790 1511 Παῦ-

997 1527 1042 1559 λος
1058 1527 1122 1563 περί
1138 1537 1230 1561 τινων,
1247 1528 1289 1555 ὃτι
1303 1528 1440 1564 φιλήδονοι
1466 1529 1567 1564 μᾶλλόν
1586 1531 1666 1563 εἰσιν,
1680 1531 1697 1567 ἢ
1713 1530 1790 1565 φιλό-

997 1573 1064 1600 θεοι.
1080 1574 1219 1610 Μακάριοι
1233 1574 1266 1611 δὴ
1281 1572 1328 1601 οὖν
1340 1575 1365 1602 ol
1379 1575 1541 1608 πενθοῦντες
1554 1575 1611 1608 νῦν,
1625 1576 1696 1604 καθά
1707 1584 1789 1612 φησιν

996 1621 1011 1648 ό
1030 1621 1136 1656 Σωτὴρ,
1150 1621 1236 1648 καὶτὸ
1250 1621 1389 1657 τληπαθὲς
1404 1622 1443 1654 είς
1459 1622 1557 1655 πόνους
1567 1623 1630 1655 τοὺς
1638 1623 1789 1658 ὲπωφελείς

996 1668 1089 1704 τιμᾷν,
1106 1668 1147 1694 ὄτι
1166 1667 1282 1703 μάλιστα
1294 1669 1341 1696 καὶ
1354 1669 1475 1705 ἀγαπᾷν.

1031 1714 1084 1741 Διὰ
1098 1713 1186 1741 τοῦτο
1202 1714 1464 1749 ὲκπορνεύσουσιν
1479 1714 1510 1741 a1
1524 1714 1683 1749 θυγατέρες
1693 1714 1787 1749 ὑμῶν,

996 1761 1046 1788 καὶ
1061 1762 1091 1788 αὶ
1107 1760 1315 1796 νϋμφαιύμῶν
1324 1760 1534 1796 μοιχεύσουσι.
1549 1761 1603 1788 Καὶ
1618 1762 1653 1788 οὐ
1665 1760 1710 1797 μὴ
1723 1761 1788 1789 ἐπι-

995 1807 1149 1842 σκέψομαι
1164 1806 1213 1833 ὲπὶ
1229 1807 1283 1840 τὰς
1299 1806 1464 1842 θυγατέρας
1477 1806 1562 1842 ὑμῶν
1575 1806 1649 1835 ὅταν
1661 1807 1788 1842 πορνεύ-

996 1861 1082 1884 σωσι,
1093 1854 1142 1881 καὶ
1155 1853 1205 1881 ἐπὶ
1214 1853 1268 1886 τὰς
1274 1853 1392 1888 νύμφας
1406 1853 1485 1888 ὑμῶν
1500 1853 1574 1881 ὅταν
1582 1855 1785 1889 μοιχεύσωσι⁸

995 1899 1041 1927 ὅτι
1056 1899 1141 1927 αὐτοὶ
1154 1900 1230 1934 μετὰ
1244 1899 1304 1926 τῶν
1317 1898 1437 1934 πορνῶν
1455 1900 1713 1935 συναγεφύροντο,
1737 1900 1787 1927 και

993 1945 1068 1981 μετὰ
1079 1945 1138 1981 τῶν
1153 1946 1376 1980 τετελεσμένων
1391 1946 1492 1972 ἔθυον.

1030 1980 1107 2015 rtq'.
1129 1981 1239 2016 Ἐπειδὴ
1257 1984 1322 2016 γὰρ,
1338 1982 1430 2015 φησιν,
1447 1981 1612 2016 άξιάγαστον
1629 1981 1695 2017 ὑμῖν
1714 1980 1786 2010 εἶναι

994 2025 1106 2053 δοκεῖτὸ
1117 2026 1169 2052 ὑπὸ
1186 2026 1261 2061 φυτῷ
1279 2025 1447 2061 θρύπτεσθαι
1459 2026 1506 2052 καὶ
1520 2027 1611 2058 σκιαῖς
1626 2027 1673 2054 καὶ
1687 2027 1785 2063 ἡδονὴν

994 2072 1142 2107 πεποίησθε
1152 2072 1182 2098 τὸ
1190 2071 1291 2097 λυποῦν
1299 2071 1361 2106 ἐμὲ,
1369 2071 1418 2107 τὴν
1431 2071 1568 2107 ἐπάρατον
1582 2071 1703 2108 δηλονότι
1719 2074 1785 2101 πλά-

994 2117 1108 2152 νην,καὶ
1116 2116 1297 2151 ἀκαθαρσίαν
1313 2116 1442 2152 ταύτῃτοι
1453 2117 1632 2153 πορνεύσουσι
1642 2118 1692 2154 μὲν
1707 2119 1784 2155 ὑμῶν

994 2165 1021 2191 al
1032 2163 1191 2200 θυγατέρες·
1205 2164 1233 2189 al.
1247 2163 1274 2189 δὲ
1282 2162 1579 2198 νύμφαι,τουτέστιν,αἱ
1586 2164 1641 2191 τῶν
1654 2164 1721 2191 υἱῶν
1732 2174 1783 2199 γα-

994 2208 1085 2244 μεταὶ,
1100 2207 1335 2245 μοιχευθήσονται.
1350 2208 1410 2235 Κᾶν
1423 2209 1447 2235 εἰ
1462 2207 1548 2236 ταῦτα
1558 2209 1676 2244 γένοιτο,
1689 2211 1781 2246 φησὶν,

991 2254 1124 2289 ἡρεμήσω
1142 2253 1230 2288 κάγὼ,
1251 2254 1298 2280 καὶ
1311 2253 1361 2280 οὐκ
1374 2254 1570 2290 ἐπισκέψομαι.
1592 2255 1685 2283 ’Ἑοικε
1698 2256 1726 2282 δὲ
1738 2257 1782 2283 διὰ

991 2300 1094 2327 τούτων
1106 2300 1141 2327 τὰ
1149 2302 1181 2326 ἐκ
1194 2299 1241 2327 τοῦ
1254 2300 1370 2336 πολέμου
1384 2301 1631 2336 προκαταγγέλλειν
1646 2303 1716 2330 κατὰ
1727 2303 1781 2330 τῶν

993 2347 1193 2384 ἡμαρτηκότων
1206 2347 1324 2382 ἐσόμενα
1341 2347 1437 2382 βλάϐη,
1454 2348 1500 2374 καὶ
1515 2348 1550 2375 τὰ
1565 2350 1623 2381 ταῖς
1640 2349 1780 2384 αἰχμαλω-

994 2394 1064 2425 σίαις
1079 2393 1208 2428 ἑπόμενα.
1221 2392 1252 2419 Οἱ
1265 2392 1318 2428 γὰρ
1329 2392 1400 2425 ἅπαξ
1412 2392 1527 2425 ἑλόντες,
1539 2394 1586 2420 καὶ
1596 2395 1778 2429 νενικηκότες,

990 2440 1155 2474 πράττουσιν
1166 2439 1206 2471 είς
1218 2439 1281 2470 τοὺς
1293 2438 1406 2471 ἁλόντας
1423 2439 1453 2465 τὸ
1469 2438 1574 2472 δοκοῦν,
1589 2440 1724 2475 άχαλίνως
1736 2441 1779 2475 ὲξς

989 2486 1093 2516 θυσίαις
1102 2485 1248 2520 χρώμενοι,
1258 2486 1306 2512 καὶ
1311 2485 1523 2520 ἀνεπιπλήκτοις
1534 2486 1632 2521 ὁρμαῖς
1642 2487 1710 2522 πρὸς
1725 2489 1778 2515 πᾶν

988 2531 1077 2558 ὁτιοῦν
1096 2531 1151 2558 τῶν
1165 2531 1257 2563 αὐτοῖς
1282 2531 1344 2558 καθ’
1361 2530 1458 2567 ἡδονὴν
1471 2531 1624 2568 ἐρχόμενοι,
1649 2535 1697 2559 καὶ
1717 2532 1778 2559 οὔτε

989 2576 1070 2612 νόμον
1086 2575 1316 2611 ὑπολογιζόμενοι,
1326 2575 1388 2602 οὔτε
1399 2575 1429 2602 τὺ
1441 2576 1514 2608 εἰκὸς
1530 2576 1547 2612 ἢ
1563 2577 1668 2611 πρέπον
1678 2576 1777 2603 ἐννοεῖν

988 2622 1155 2658 ἀνεχόμενοι,
1171 2621 1376 2657 ἀπεσκληκότες
1398 2621 1427 2648 δὲ
1445 2621 1548 2658 ὥσπερ,
1565 2622 1613 2649 καὶ¹
1634 2623 1701 2649 πολὺ
1723 2623 1778 2657 βλέι

989 2676 1073 2695 ποντα
1088 2668 1156 2703 πρὸς
1168 2669 1304 2703 ἀνήμερον
1322 2669 1429 2704 ἔχοντες
1443 2667 1516 2701 νοῦν,
1529 2668 1658 2703 οὐδεμιᾶς
1672 2668 1777 2701 ἀξιοῦσι

988 2714 1094 2749 φειδοῦς
1104 2714 1167 2746 τοὺς
1181 2713 1282 2746 ἀθλίως
1299 2714 1483 2750 πεπραχότας.
1500 2715 1561 2741 Ὅτι
1571 2715 1661 2742 τοίνυν
1672 2715 1778 2750 προκεί-

988 2769 1080 2788 σονται
1102 2762 1158 2793 τοῖς
1172 2760 1279 2796 ἐχθροῖς
1294 2760 1334 2792 είς
1348 2760 1427 2796 ὕϐριν
1442 2761 1488 2787 καὶ
1501 2760 1695 2797 αἰσχρουργίαν
1723 2762 1776 2788 τῶν

987 2807 1210 2844 πεποριευκότων
1224 2807 1258 2834 τὰ
1272 2806 1366 2834 παιδία
1390 2808 1621 2844 καταμεμήνυκεν
1641 2807 1775 2843 ἐναργῶς.
