1913 3042
98 171 146 200 133

568 174 845 203 COMMENTARIUS
865 173 897 201 ΙΝ
917 174 1031 202 OSEAM
1052 154 1275 202 PROPHETASI.

1683 170 1732 204 LV.

131 231 164 258 Ei.
175 229 201 257 δὲ
216 230 231 256 δ
261 238 306 262 τις
320 231 424 265 Eleae;
442 232 487 259 καὶ
498 232 558 258 καθ’
574 233 667 269 ἕτερον
679 234 770 269 νοήσει
782 234 893 269 τρόπον.

983 233 1033 266 Qui
1046 233 1125 266 volet,
1137 233 1221 261 etiam
1236 233 1289 261 alio
1304 239 1384 261 sensu
1400 232 1488 260 locum
1505 232 1578 260 hunc
1591 231 1732 268 intelliget.

103 275 317 303 Ἐπισκέπτεται
345 278 398 312 μὲν
424 277 477 313 γὰρ
501 278 515 304 ὁ
535 278 589 304 τῶν
606 278 674 305 ὅλων
689 279 765 310 Θεὸς,
788 278 835 310 οὓς
861 279 894 306 ἂν

100 322 220 357 ξίιύλοιτο
233 322 320 357 τιμᾷν
349 331 382 349 τε
398 323 446 350 καὶ
460 323 580 359 ἀγαπᾷν.
601 323 660 350 Κᾶν
674 325 713 356 εἰς
729 324 759 351 τὸ
775 324 894 359 ῥᾴθυμον

99 371 140 405 {in
151 369 423 404 παρενηνεγμένους,
432 370 478 396 καὶ
492 370 555 405 δρᾷ»
571 370 712 402 ἐθέλοντας
725 371 743 397 ἃ
758 371 795 406 μὴ
806 370 892 405 θέμις,

98 415 213 450 ἐπιτιμᾷ
243 415 424 451 συμμέτρως,
455 415 650 452 παλινδρομεῖν
673 416 828 444 ἀναπείθων
848 417 895 443 ἐπὶ

98 462 126 487 τὸ
155 461 280 496 ἄμεινον.
312 462 458 498 Τοιγάρτοι
490 462 571 498 φησὶν
597 463 611 489 ὁ
633 462 774 494 θεσπέσιος
789 462 895 495 Παῦλος

98 508 157 538 τοῖς
179 507 221 538 είς
236 507 383 543 εὐδόκιμον
399 507 578 543 κεκλημένοις
598 507 685 543 ζωήν·
704 517 714 534 «
727 509 759 536 Ei
772 508 894 536 παιδείαν

98 552 267 587 ὑπομένετε,
286 552 325 584 ὡς
339 554 408 585 υἱοῖς
430 553 494 588 ύμῖν
511 553 694 588 προσφέρεται
715 555 729 580 ἢ
749 554 825 585 Θεός.
847 553 895 585 Τίς

96 599 153 634 τὰρ
166 599 243 624 ἐστιν
260 598 328 630 υίδς,
345 598 375 626 ὃν
390 599 421 625 οὐ
438 599 558 625 παιδεύει
569 600 676 635 πατήρ;
691 609 700 625 ι
725 600 754 626 'O
767 599 794 626 δέ
806 608 836 633 γε
852 608 895 626 σο·

96 643 228 678 φὼτατος
256 644 463 680 Παροιμιαστὴς
486 645 701 681 διαμαρτύρεται
721 645 767 672 καί
799 653 892 680 φησιν’

100 701 110 716 ι
128 692 179 716 Ὃν
202 690 260 726 γὰρ
284 692 379 726 ἀγαπᾷ
411 690 522 726 Κύριος,
543 691 683 718 παιδεύει·
714 693 842 727 μαστιγοῖ
866 691 894 718 δὲ

96 736 191 762 πάντα
207 735 278 767 υἱὸν,
292 736 322 762 ὃν
335 736 525 771 παραδέχεται.
538 746 547 763 ι
573 737 677 764 Οὐκοῦν
699 737 746 768 οὓς
760 737 893 771 παιδεύει,

96 781 146 808 καὶ
160 782 314 813 ἐποπτείας
328 781 408 813 ἀξιοῖ,
423 781 461 812 ὡς
480 782 598 816 ἀγαθοὺς
619 782 666 809 καὶ
687 782 892 818 ὴγαπημένους.

103 827 212 862 Ἐφορᾷ
233 826 264 853 δὲ
289 827 416 861 οὐδαμῶς
433 827 497 859 τοὺς
513 827 615 862 σφόδρα
628 827 893 863 προσχεκρουκὸτας,

100 873 249 908 μονονουχὶ
265 873 294 899 δὲ
313 873 409 906 λέγων·
426 881 436 898 «
451 873 507 900 Οὐκ
519 871 577 900 οἶδα
593 874 675 908 ὑμᾶς.
687 883 696 900 ι
718 883 727 900 «
745 873 895 908 Ὀφθαλμοὶ

944 277 1042 305 Visitat
1069 279 1140 305 enim
1167 279 1352 306 universorum
1379 279 1449 306 Deus
1468 285 1535 313 quos
1557 278 1693 306 honorare
1705 283 1734 305 et

945 323 1055 357 diligere
1074 323 1197 350 voluerit.
1215 324 1270 351 Etsi
1287 325 1319 351 ad
1341 324 1475 360 ignaviam
1499 324 1620 352 detortos
1636 324 1734 351 viderit

945 369 1113 404 nefandaque
1139 369 1288 403 molientes,
1304 370 1400 398 leniter
1425 371 1571 405 increpitos
1585 371 1617 398 ad
1631 370 1733 398 saluta-

945 416 985 443 ria
1011 415 1100 443 denuo
1122 415 1247 450 impellit.
1265 416 1382 444 Proinde
1404 417 1511 444 divinus
1521 417 1618 445 Paulus
1632 417 1666 444 ad
1686 425 1733 444 eos

944 461 990 496 qui
1003 462 1036 488 ad
1048 461 1130 489 vitam
1144 462 1304 490 laudabilem
1320 463 1408 490 vocati
1423 468 1485 491 sunt
1497 463 1731 497 :«Sidisciplinam

944 507 1093 540 sustinetis,
1127 512 1254 543 tanquam
1271 507 1334 536 ﬁliis
1349 509 1424 536 vobis
1435 508 1515 537 oﬂ'ert
1529 517 1558 537 se
1568 510 1648 537 Deus.
1666 509 1732 542 Quis

944 553 1016 580 enim
1034 552 1115 586 ﬁlius,
1127 560 1206 588 quem
1234 560 1286 580 non
1310 554 1422 588 corrigit
1438 560 1514 588 pater
1529 555 1573 581 “1'
1588 563 1598 580 ν
1614 555 1731 582 Attesta-
1751 568 1761 577 κ

945 602 990 626 tur
1004 600 1073 626 idem
1088 599 1303 634 sapientissimus
1320 599 1522 632 Parmmiastes,
1542 600 1641 633 «Quem
1658 602 1728 628 enitn

945 642 1030 676 diligit
1047 641 1187 675 Dominus,
1199 643 1313 678 castigat
1325 653 1332 677 ;
1345 643 1463 679 ﬂagellat
1475 650 1563 671 autem
1582 653 1687 672 omnem
1704 647 1732 672 ii-

945 687 1010 714 lium
1026 695 1106 722 quern
1126 688 1223 724 recipit
1235 689 1268 716 ".
1282 698 1292 715 ›
1310 689 1400 723 Quare
1423 698 1490 724 quos
1513 691 1636 726 castigat,
1649 691 1730 718 etiam

945 734 1099 762 visitatione
1122 739 1152 762 ut
1162 735 1248 764 bonos
1272 741 1299 764 et
1313 736 1425 765 dilectos
1448 738 1617 773 dignatur.A
1635 739 1732 772 quibus

945 785 1034 806 autent
1051 785 1094 808 est
1115 781 1244 816 majorem
1260 782 1286 809 in
1305 783 1413 810 modum
1434 782 1560 816 oﬂ'ensus,
1583 791 1630 811 eos
1645 784 1732 811 neuti-

945 833 1025 859 quam
1044 827 1150 862 aspicit,
1159 832 1263 855 tanturn
1275 835 1328 855 non
1342 829 1444 860 dicens,
1462 829 1535 856 «Non
1549 829 1612 857 novi
1626 829 1729 857 t'os".»

946 870 1012 898 Nam
1027 877 1056 898 ut
1069 873 1199 908 scriptum
1214 879 1266 907 est,
1278 874 1367 902 «Oculi
1383 876 1485 902 Domini
1496 883 1577 910 super
1589 875 1728 909 jnstos‘h

97 907 155 954 γὰρ
179 917 299 954 Κυρίου,
317 918 363 944 ἐπὶ
379 918 508 951 δικαίους,
523 928 532 944 ›
547 907 619 945 καθά
643 907 806 955 γέγραπται.
825 907 893 946 Ούκ-

947 917 1027 951 Ergo,
1051 918 1074 944 si
1091 920 1274 953 peccaverint,
1291 920 1389 954 inquit,
1407 929 1459 948 non
1480 921 1603 953 visitabo,
1617 921 1667 948 hoc
1679 927 1732 954 est,

98 965 146 991 οῦν
175 964 230 991 κᾶν
255 964 458 1000 πλημμελῶσι,
483 965 583 1000 φησὶν,
616 965 666 992 οὐκ
690 965 893 1000 ἐπισκέψομαι,

100 1009 256 1042 τουτέστιν,
279 1011 310 1036 οὑ
330 1010 458 1045 φροντιῶ,
478 1011 528 1037 οὐκ
551 1010 707 1046 ἐπιστρέψω
727 1011 795 1047 πρὸς
810 1012 893 1047 ἐμαυ-

100 1055 157 1088 τὸν,
172 1056 283 1088 οΰδενὺς
294 1056 386 1088 ἀξίους
396 1057 545 1092 ἡγήσομαι.
556 1056 606 1083 Διὰ
620 1057 699 1083 ποίαν
718 1057 823 1090 αἱτίαν;
840 1057 895 1084 Καὶ

100 1102 157 1138 γὰρ
176 1102 258 1137 ὑμεῖς
270 1102 358 1134 αὐτοὶ,
373 1103 465 1138 φησὶν,
481 1104 504 1129 oi.
517 1103 546 1129 ὲν
559 1102 634 1135 τάξει
648 1103 784 1138 πατέρων,
801 1104 895 1130 τοσοῦ-

100 1157 146 1175 τον
159 1148 337 1183 ἀφεστήκατε
359 1148 407 1175 τοῦ
421 1148 507 1175 θέλειν
530 1149 660 1184 ἐπιτιμᾷν
681 1150 785 1181 ἑαυτοῖς
804 1158 833 1176 τε
848 1149 895 1177 καὶ

99 1196 158 1226 τοῖς
180 1195 210 1228 ἐξ
231 1194 320 1230 ὑμῶν,
349 1195 401 1222 κᾶν
425 1195 450 1222 εί
472 1197 528 1227 τοῖς
555 1197 680 1231 ἐσχάτοις
708 1197 896 1232 μεταποιοῖντο

102 1241 284 1276 φαυλότητος,
306 1241 344 1272 ὡς
359 1242 594 1277 συναναφύρεσθαι
615 1242 737 1277 πόρναις.
762 1241 895 1268 Συντεθύ-

102 1297 168 1314 κατε
182 1289 238 1323 γὰρ
250 1290 308 1319 τοῖς
319 1288 532 1323 τετελεσμένοις.
550 1289 656 1323 Πόρνας
668 1288 695 1315 δέ
709 1297 790 1323 φησιν
805 1287 896 1320 ίδικῶς

102 1334 151 1364 τὰς
167 1333 216 1360 τοῦ
233 1333 396 1369 Βεελφεγὼρ
416 1335 527 1370 ἱερείας.
546 1334 706 1370 Βεελφεγὼρ
725 1334 753 1361 δέ
776 1335 860 1366 ἐστιν,
881 1335 895 1361 ὁ

103 1379 272 1414 καλούμενος
286 1380 421 1414 Πρίαπος.
433 1381 464 1407 Al
475 1380 503 1406 δὲ
513 1379 543 1406 τὸ
552 1380 638 1412 οὕτως
651 1380 763 1416 αἰσχρὸν
774 1380 895 1414 τιμῶσαι

104 1425 262 1460 βδέλυγμα,
284 1426 382 1462 πόρναι
408 1426 500 1453 λοιπον
524 1426 758 1461 ὁμολογουμένως.
781 1426 896 1452 Τετελε-

104 1471 219 1505 σμένους
251 1471 281 1498 δὲ
306 1472 434 1507 ὀνομάζει
460 1472 543 1499 πάλιν
565 1472 628 1504 τοὺς
654 1471 819 1507 ῑερομύστας
846 1471 894 1499 τοῦ

104 1516 278 1552 Βεελῳεγὼρ,
290 1517 386 1553 ἄνδρες
398 1517 427 1544 δὲ
441 1514 512 1553 ἦσαν
524 1525 532 1534 ·
548 1514 619 1544 εἶναι
635 1517 685 1553 μὲν
698 1517 726 1544 δὲ
739 1517 788 1544 οὐκ
803 1518 896 1553 ἀνεχό-

106 1574 179 1602 μενοι
200 1564 276 1591 τοῦθ’
291 1565 360 1600 ὅπερ
375 1564 438 1596 εἰσὶ,
457 1564 675 1599 μεταφοιτῶντες
691 1563 720 1591 δὲ
741 1563 840 1599 μᾶλλον
855 1565 895 1597 είς

103 1612 232 1648 φρόνημα
260 1610 292 1637 τὸ
321 1610 508 1646 θηλυπρεπὲς,
533 1610 623 1644 λόγοις
647 1618 678 1636 τε
712 1610 759 1637 καὶ
783 1610 895 1646 τρόποις

102 1657 218 1689 ἀνοσίως
245 1655 470 1692 μαλακιζόμενοι.
490 1655 641 1691 Θηλυδρίας
673 1655 702 1682 δὲ
723 1655 770 1682 καὶ
790 1655 894 1691 μαλθά-

103 1712 192 1735 κωνας
217 1703 283 1733 τοὺς
303 1701 440 1733 τοιούτους
465 1700 633 1729 ἀποκαλοῦσι
655 1709 738 1734 τινες,
764 1701 789 1727 οῖ
808 1710 897 1734 γυναι-

104 1751 191 1782 κείαις
207 1750 360 1783 ὀλολυγαῖς,
373 1749 420 1775 καὶ
432 1748 582 1783 κυμϐάλοις
594 1747 740 1783 χρώμενοι,
757 1747 896 1782 περιθέον-

102 1797 146 1829 τες
159 1805 238 1828 τινας
253 1796 335 1832 δᾷδας
347 1797 369 1807 "
382 1795 571 1831 μυπαγωγείν
583 1793 770 1829 ὑπεκρίνοντο,
785 1793 834 1829 τῆς
848 1793 895 1820 τοῦ

103 1842 266 1879 Βεελφεγὼρ
283 1841 414 1877 αἰσχύνης
425 1841 591 1877 πληροῦντες
607 1840 641 1867 τὰ
655 1840 778 1874 παίγνια.
797 1839 895 1866 Ἔθυον

945 971 999 991 non
1018 964 1083 992 mihi
1102 972 1174 992 curer:
1186 964 1249 997 erit,
1268 973 1322 993 non
1339 971 1482 993 convertar
1495 967 1528 994 ad
1548 974 1605 999 eos,
1621 967 1734 1001 vilipen-

946 1010 1007 1038 dam
1021 1010 1093 1038 illos.
1110 1010 1196 1043 Quam
1216 1012 1250 1038 ob
1274 1012 1402 1038 causam?
1416 1012 1520 1040 Etenim
1547 1020 1593 1039 vos
1614 1012 1674 1047 ipsi,
1691 1013 1732 1038 in-

945 1056 1014 1090 quit,
1032 1056 1077 1091 qui
1093 1056 1119 1083 in
1134 1064 1247 1084 numero
1263 1062 1291 1084 et
1304 1057 1399 1084 ordine
1415 1063 1520 1092 patrum
1532 1057 1608 1090 estis,
1628 1062 1731 1085 tantum

945 1105 1022 1132 abest
1035 1109 1064 1132 ut
1079 1104 1232 1140 hnjttsmodi
1247 1105 1273 1131 in
1291 1105 1366 1132 vobis
1383 1105 1448 1140 ipsis
1462 1104 1609 1139 liberisque
1623 1106 1730 1138 vestris,

946 1149 1072 1184 quamvis
1094 1153 1219 1177 extreme
1242 1149 1297 1176 sint
1316 1149 1440 1183 improbi,
1455 1149 1651 1184 reprehendere
1666 1150 1732 1176 veli-

947 1195 992 1228 tis,
1013 1199 1042 1222 ιιι
1058 1203 1118 1222 eum
1140 1195 1328 1222 meretricibus
1347 1195 1589 1222 eonnniscearnini.
1611 1194 1733 1222 hnmola-

945 1246 994 1269 stts
1008 1242 1079 1268 enim
1094 1248 1154 1268 cum
1169 1241 1293 1268 initiatis.
1310 1240 1465 1268 Meretrices
1478 1242 1583 1276 proprie
1595 1241 1732 1269 sacrificas

947 1288 1110 1323 Beelphegor
1118 1288 1249 1315 nominat.
1259 1287 1309 1315 Est
1320 1291 1409 1315 autem
1423 1287 1588 1322 Bcclphegor
1599 1288 1643 1322 qui
1660 1295 1730 1315 nun-

946 1337 1062 1367 cupatur
1088 1332 1211 1367 Priapus.
1231 1331 1297 1359 Tam
1327 1333 1520 1360 exsecrabilem
1541 1333 1732 1368 turpitudinetn

944 1379 1074 1412 colentes,
1091 1383 1272 1414 congruenter
1290 1379 1448 1407 meretrices
1471 1378 1589 1406 fuerunt.
1609 1379 1731 1406 initiatos

945 1431 1026 1459 porro
1040 1430 1119 1452 vocat
1133 1424 1313 1460 bieromystas
1323 1423 1501 1459 Beelphegor,
1514 1424 1558 1459 qui
1577 1432 1629 1452 non
1647 1425 1731 1451 susti-

946 1474 1113 1498 nerentesse
1124 1469 1197 1505 quod
1216 1474 1310 1503 erant;
1326 1471 1374 1497 sed
1389 1471 1477 1504 potius
1497 1470 1523 1497 in
1542 1470 1646 1498 animos
1671 1477 1731 1497 ntu-

945 1516 1044 1544 liebres
1061 1516 1257 1551 immigrarent,
1266 1516 1357 1544 verbis
1368 1520 1394 1543 et
1407 1516 1527 1544 moribus
1536 1516 1638 1544 nefarie
1647 1517 1732 1544 emol-

947 1562 997 1596 liti,
1014 1570 1082 1598 quos
1095 1563 1215 1590 nonnulli
1236 1561 1406 1590 effeminatos
1428 1568 1455 1590 et
1470 1563 1564 1590 molles
1578 1563 1729 1598 appellant;

947 1608 992 1643 qui
1005 1615 1067 1635 eum
1082 1607 1208 1636 femineis
1222 1607 1366 1636 ululatibus
1378 1613 1405 1636 et
1421 1608 1549 1644 cymbalis
1568 1610 1733 1636 circumcur-

946 1658 1049 1686 santes,
1062 1654 1132 1681 inter
1142 1654 1216 1682 {aees
1231 1661 1308 1682 sacra
1320 1655 1417 1682 docere
1425 1655 1597 1687 simulabant,
1609 1655 1731 1689 pudenda

944 1698 1109 1734 Bi-elpltegor
1119 1699 1222 1727 ludicra
1232 1700 1373 1728 obeuntes.
1383 1699 1663 1736 Sacriﬁcubantigitur
1672 1710 1732 1729 eum

945 1746 1069 1779 initiatis,
1085 1746 1183 1781 inquit,
1202 1746 1253 1773 hoc
1268 1750 1320 1779 est,
1339 1746 1436 1774 initiati
1457 1752 1535 1774 erant
1550 1747 1657 1774 illorum
1676 1755 1733 1782 my-

944 1793 1047 1826 steriis,
1061 1796 1089 1820 et
1101 1800 1161 1820 cum
1177 1793 1245 1820 adeo
1257 1793 1393 1828 corruptis
1401 1793 1555 1821 hominibus
1568 1793 1734 1829 Beelpbegor

944 1838 1076 1866 sacrificia
1090 1837 1261 1865 factitabant.

103 1891 202 1925 τοίνυν,
229 1889 310 1926 φησὶ,
338 1888 407 1925 μετά
436 1887 491 1914 τῶν
518 1885 727 1922 τετελεσμένων,
759 1886 892 1920 τουτέστι,
917 1885 1056 1922 μεμύηντο
1076 1884 1113 1912 τὰ
1134 1884 1257 1918 ἐκείνων,
1273 1885 1320 1912 καὶ
1342 1885 1410 1920 ὁμοῦ
1421 1886 1477 1918 τοῖς
1496 1885 1567 1912 οὓτω
1579 1886 1733 1922 κατεφθαρ-

104 1939 194 1975 μένοις
208 1936 348 1972 προσῆγον
363 1934 457 1966 θυσίας
470 1933 509 1969 τῷ
523 1933 694 1968 Βεελφεγώρ.

136 1984 189 2012 Kal
221 1984 240 2010 ὁ
267 1982 344 2015 λαὸς
377 1982 395 2008 ὀ
426 1979 542 2008 συνιὼν
576 1979 782 2006 συνεπλέκετο
823 1978 894 2017 μετὴ

102 2030 226 2065 πόρνης.

136 2077 202 2104 MZ’.
216 2073 406 2110 Μετακομίζει
418 2072 464 2099 τδν
474 2072 553 2107 λόγον
567 2071 614 2099 ἐπὶ
627 2071 674 2098 τὸν
689 2069 800 2103 Ἰούδαν,
816 2079 892 2097 τουτ-

102 2121 170 2153 ιστι,
196 2121 255 2151 τοῖς
271 2119 305 2145 ἐκ
328 2118 415 2153 φυλῆς
443 2116 531 2143 Ἰούδα
556 2115 605 2142 καὶ
627 2115 765 2150 Βενιαμὶν,
783 2114 808 2141 οῖ
835 2114 884 2149 τὴν

107 2165 286 2203 Ἰερουσαλὴμ
309 2163 447 2195 οἰκοῦντες
471 2162 522 2194 ἔτι,
557 2162 603 2189 καὶ
628 2161 660 2188 τὸ
687 2161 757 2187 Θεῖον
787 2160 895 2196 ἔχοντες

102 2212 298 2247 θυσιαστήριον
319 2209 504 2246 (συνειστήκει
522 2208 577 2244 γὰρ
591 2209 606 2234 ὁ
618 2207 692 2242 ναὸς)
702 2227 709 2239 ,
724 2206 759 2234 τὰ
773 2205 896 2237 Μωσέως

983 1977 1039 2013 78
1057 1975 1091 2004 Et
1112 1976 1223 2013 populus
1247 1975 1293 2004 ille
1316 1975 1462 2012 intelligens
1479 1976 1630 2004 adluerebat
1651 1985 1732 2004 mere-

947 2023 1016 2050 m'ci.

982 2068 1086 2097 XLVII.
1102 2067 1260 2096 Sermonem
1280 2068 1313 2096 ad
1329 2067 1424 2096 Judam
1439 2068 1552 2101 derivat,
1571 2069 1623 2097 hoc
1636 2075 1686 2102 est,
1699 2070 1731 2096 ad

946 2115 1049 2142 tribum
1063 2113 1131 2141 Juda
1148 2117 1175 2141 et
1190 2113 1341 2148 Benjamin,
1355 2113 1400 2148 qui
1421 2113 1509 2141 adhuc
1519 2113 1667 2142 Jerusalem
1685 2117 1732 2142 lia-

945 2160 1080 2191 bitantes,
1103 2163 1130 2187 et
1151 2163 1354 2187 sacrosanctum
1376 2159 1462 2187 altare
1479 2160 1611 2188 habentes
1632 2161 1733 2197 (stabat

945 2206 1016 2233 enim
1035 2205 1175 2241 templum)
1188 2205 1288 2241 Moysis
1304 2211 1438 2241 praecepta
1451 2213 1571 2240 servare,
1591 2212 1618 2234 et
1631 2208 1731 2235 intelli-

102 2260 259 2295 ἐντάλματα
285 2257 377 2293 τηρεῖν
400 2255 529 2290 ἔφασκον,
551 2254 599 2281 καὶ
620 2252 670 2288 τὴν
691 2252 735 2279 διὰ
749 2252 796 2278 τοῦ
812 2252 893 2287 νόμου

946 2253 1061 2286 gentiam
1071 2251 1137 2287 legis
1147 2252 1247 2279 habere
1262 2259 1292 2279 se
1306 2252 1511 2287 proﬁtebantur.
1527 2251 1627 2280 Verum
1640 2261 1667 2281 et
1683 2255 1731 2288 ipsi

103 2307 209 2333 σύνεσιν
244 2304 328 2339 ἔχειν.
359 2301 440 2328 Ἀλλὰ
468 2300 515 2327 καὶ
540 2299 618 2326 αὐτοὶ
642 2297 836 2334 λελατρεύκασι
858 2298 892 2333 τῇ

108 2351 255 2386 Ἀστάρτη,
281 2346 496 2384 προσοχθίσματι
519 2344 663 2372 Σιδωνίων.
690 2343 840 2379 Ἀστάρτην
864 2342 892 2369 δὲ

104 2394 170 2423 εἶναί
187 2404 256 2431 φασι
268 2394 317 2429 τὴν
335 2393 401 2428 παρ’
415 2392 554 2426 Ἕλλησιν,
572 2391 622 2417 οὐκ
633 2387 681 2417 οἷδ’
694 2390 776 2421 ὅπως,
791 2388 890 2423 ὀνομα-

103 2442 218 2477 (opimi;
238 2439 407 2475 Ἀφροδίτην.
424 2438 544 2472 Ἕστηκε
563 2436 591 2463 δὲ
607 2436 637 2463 τὺ
651 2435 763 2470 ἄγαλμα
777 2434 890 2469 γυμνὸν,

103 2489 147 2515 καὶ
161 2489 199 2520 ὡς
215 2488 246 2514 ὲν
259 2487 324 2513 εῖδει
337 2485 449 2520 πόρνης,
465 2482 638 2519 αίσχημόνως
648 2481 824 2516 ἀπογυμνοῦν
836 2480 892 2511 τοῖς

106 2534 231 2560 ἁτάντων
260 2530 411 2566 ὀφθαλμοῖς
430 2529 476 2556 καὶ
501 2528 536 2555 τὰ
559 2527 669 2554 ἄποπτα
689 2525 737 2553 τοῦ
766 2525 892 2560 σώματος

107 2581 182 2615 μέρη.
205 2577 312 2605 Οὐκοῦν
337 2576 368 2603 οὐ
390 2575 479 2611 μόνος,
504 2573 596 2610 φησὶν,
624 2573 639 2599 ό
661 2571 780 2608 Ἰσραὴλ,
803 2570 892 2597 καίτοι

106 2626 231 2661 πλείστην
256 2625 324 2659 ὅσην
351 2622 478 2649 ἀϐουλίαν
503 2619 665 2654 νενοσηκὼς,
696 2616 894 2653 συνανεφύρετο

107 2670 225 2706 πόρναις,
237 2669 285 2696 καὶ
296 2667 369 2703 μετά
379 2666 432 2693 τῶν
441 2664 639 2700 τετελεσμένων
651 2663 738 2690 ἔθυεν·
747 2661 815 2689 ἀλλὰ
826 2671 835 2687 «
847 2661 895 2688 καὶ

107 2716 181 2747 αὐτὸς
199 2717 214 2742 ὁ
231 2714 296 2747 λαὸς
313 2714 328 2741 ὁ
350 2711 459 2744 συνιὼν,
479 2721 489 2739 ›
507 2711 656 2743 τουτέστιν,
671 2710 685 2736 ὁ
699 2708 750 2744 τὴν
764 2709 795 2734 ὲκ
811 2707 894 2742 νόμου

108 2762 208 2789 σύνεσιν
235 2761 276 2788 ἔτι
305 2758 403 2791 σώζειν
418 2757 639 2794 ὑποκρινόμενος,
658 2765 667 2781 «
683 2753 895 2781 συνανεπλέκετο

108 2807 195 2843 πόρνῃ.
211 2816 221 2833 ι
239 2804 487 2841 Προσκεκυνήκασι
500 2801 610 2838 γὰρ,ὼς
621 2800 699 2836 ἔφην,
708 2798 893 2836 τῇἈστάρτῃ.

945 2297 1045 2325 divinis
1060 2297 1208 2325 honoribus
1227 2298 1367 2332 Astarten,
1384 2298 1541 2326 scandalum
1557 2299 1731 2327 Sidonionnn

945 2343 1097 2370 coluerunt.
1113 2343 1239 2371 Astarten
1255 2348 1344 2371 autem
1356 2351 1417 2372 esse
1432 2345 1508 2372 aiunt
1527 2347 1598 2381 apud
1612 2346 1732 2377 Graecos,

945 2388 1036 2415 nescio
1062 2396 1162 2423 quare,
1185 2388 1351 2424 Aphroditen
1370 2388 1525 2423 (Venerem)
1555 2390 1731 2417 nominatam.

945 2431 1039 2460 Stabat
1054 2432 1154 2459 nudum
1167 2432 1443 2466 simulaerum,lorma
1457 2433 1549 2467 scorti,
1563 2438 1654 2468 partes
1673 2435 1732 2462 illas

945 2478 1066 2512 corporis
1078 2478 1111 2505 ab
1124 2482 1234 2511 aspectu
1250 2478 1429 2506 removendas
1443 2479 1553 2506 minime
1573 2483 1657 2506 tectas
1671 2487 1728 2506 om-

944 2522 1018 2549 nium
1039 2521 1124 2549 octtlis
1152 2523 1266 2557 turpiter
1297 2523 1437 2551 exhibens.
1465 2523 1644 2556 Quamobrem
1678 2531 1730 2550 non

946 2567 1030 2594 solum
1044 2566 1246 2601 lsrael,inquit,
1267 2568 1390 2601 quamvis
1405 2568 1497 2596 morbo
1517 2569 1642 2596 amentiae
1665 2569 1731 2595 alin.-

948 2618 1008 2641 ctus
1021 2613 1149 2646 maxime,
1164 2619 1224 2640 cum
1240 2613 1428 2641 meretricibus
1440 2614 1613 2645 miscebatur,
1629 2619 1656 2640 et
1669 2620 1730 2640 cum

946 2659 1059 2686 initiatis
1080 2658 1266 2692 sacriﬁcabat;
1287 2659 1334 2686 sed
1353 2668 1362 2684 «
1375 2663 1403 2686 et
1425 2660 1482 2693 ipse
1502 2660 1615 2694 populus
1630 2659 1729 2687 intelli—

945 2711 1020 2739 gens,
1034 2714 1043 2730 ι
1058 2704 1109 2731 hoc
1122 2708 1173 2736 est,
1190 2703 1236 2738 qui
1252 2703 1421 2737 prudentiam
1439 2704 1553 2739 legalem
1568 2704 1657 2731 adhuc
1676 2711 1732 2738 pra:

946 2758 975 2777 se
987 2750 1107 2783 ferebat,
1133 2748 1293 2776 «meretrici
1326 2748 1511 2776 adhaerebam
1544 2750 1731 2777 Adoraverunt

946 2795 1143 2828 enim,utdixi,
1155 2795 1292 2823 Astarten.
1311 2793 1438 2822 Salomon
1452 2796 1524 2822 enim
1542 2794 1692 2823 libidinosae
1703 2799 1731 2821 et

137 2893 156 2910 "
173 2893 256 2922 Hebr.
272 2900 325 2925 ιιι,
343 2891 371 2918 7.
412 2891 430 2906 ⁸⁷
445 2889 523 2919 Prov.
539 2897 579 2924 nt,
598 2889 640 2917 l2.
681 2889 701 2905 ¹⁸
716 2887 810 2916 Matth.
830 2894 877 2919 vn,

985 2887 1005 2901 ιε’
1023 2885 1093 2913 Psal.
1113 2892 1209 2918 xxxnt,
1228 2885 1271 2912 16.
