1913 3042
181 149 236 178 135

671 145 704 172 ‘S.
724 144 865 172 LYRILLI
886 143 1118 172 ALEXANIIRINI
1139 143 1299 172 ARCIIIEP.

1763 143 1816 171 136

181 211 329 247 peregrinze
345 209 567 244 mulierivgratum
580 205 695 241 faciens,
707 207 846 235 delubrum
862 208 886 234 ei
899 214 964 234 con-

1027 205 1146 241 Ξολομὼν
1158 205 1212 241 γὰρ
1228 206 1296 241 αὐτῇ
1311 205 1422 242 τέμενος
1443 205 1618 240 ἀνεδείματο,
1631 203 1765 239 μαχλὼσῃ
1785 212 1815 230 τε

183 257 282 284 struxit
292 256 326 283 ‘°.

218 302 299 329 Vsus.
322 301 365 327 l5.
381 299 418 325 Tu
431 302 529 328 autent.
545 296 641 330 Israel,
657 305 689 324 ne
707 297 822 332 ignores,
837 302 861 324 et
882 296 966 330 Iuda,

182 355 213 374 ne
227 345 412 380 ingrediantt'ni
431 344 458 371 in
478 342 602 378 Galgala,
619 348 642 369 et
657 351 688 369 ne
709 343 856 369 ascendutt’a
872 343 899 368 in
919 343 968 369 do-

184 400 254 419 mum
270 390 428 426 iniquitatis,
443 393 468 416 et
482 396 512 416 ne
522 389 618 424 juretis
637 389 761 416 viventem
775 387 931 415 Dominum.

217 480 331 508 XLVIII.
343 480 403 508 Dixi
419 480 474 515 iam
491 479 580 512 toties,
595 479 687 506 decem
703 477 788 505 tribus
805 478 832 504 in
846 476 968 504 Samaria

182 535 197 554 a
222 526 359 562 prophetis
385 525 518 553 nominari
539 523 638 557 Israel;
652 523 747 551 ludam
769 530 844 555 vero,
855 528 882 550 et
901 530 969 549 nou-

183 580 320 608 nunquam
337 571 488 606 Beniamin,
499 571 565 598 duas
582 570 668 597 tribus
684 570 709 596 in
725 567 969 600 JerusalemJudat

185 622 248 652 puta
261 623 286 644 et
298 617 446 651 Beniamin.
456 615 587 650 Loquitur
598 615 624 641 in
639 621 759 649 pratseus
772 613 805 641 de
826 613 967 646 ambobus,

184 669 211 692 et
230 663 370 697 utriusque
389 661 567 688 multitudinis
591 661 714 688 morbum
743 659 874 693 increpat.
901 658 970 686 Vide

185 710 257 737 enim
270 709 404 744 quomodo
419 707 544 735 Israelem
561 710 732 741 utperquam
749 705 920 739 insipientem
943 708 970 732 et

186 755 285 783 mentis
299 755 415 789 inapem,
431 758 459 781 et
480 757 623 788 eapropter
633 752 713 779 etiam
734 751 899 778 desertorem
915 750 971 777 fac-

186 806 242 828 tum
266 802 401 836 vituperet
414 809 420 827 :
433 800 565 834 siquidem
588 797 749 833 insipientia:
769 797 870 824 crimen
891 804 970 831 repu-

188 849 239 875 tari
259 854 363 881 atquum
388 851 441 878 est,
468 845 582 872 cultibus
607 843 739 871 idolorum
769 842 971 878 frequentandis

1018 251 1065 278 καὶ
1076 251 1217 286 ἀλλοφύλῳ
1230 251 1339 285 γυναικὶ
1355 251 1389 278 τὰ
1404 250 1589 287 κεχαρισμένα
1608 249 1734 284 πληρῶν.

1053 297 1095 324 Σὺ
1106 297 1149 329 δὲ,
1159 297 1288 331 Ἰσραὴλ,
1297 297 1338 331 μὴ
1352 296 1464 331 ἀγνόει,
1474 296 1523 322 καὶ
1531 295 1639 327 Ἰούδα,
1650 295 1694 329 μὴ
1708 295 1816 320 siam)-

1014 344 1141 378 ρεὺεσθε
1169 344 1213 375 είς
1239 343 1392 377 Γάλγαλα,
1421 343 1470 369 καὶ
1502 341 1545 376 μὴ
1567 341 1746 368 ἀναϐαίνετε
1772 341 1818 371 εἱς

1018 388 1074 415 τὸν
1097 387 1182 415 οἷκον
1204 387 1258 422 τῆς
1281 387 1408 420 ἀδικίας,
1427 387 1481 414 ,καὶ
1504 386 1547 422 μὴ
1570 387 1695 420 ὀμνύετε
1722 384 1817 415 ζῶντα

1019 434 1140 467 Κύριον.

1055 480 1125 506 MH’.
1138 479 1227 514 Ἐφην
1240 479 1291 514 ήδη
1308 479 1477 511 πλειστάκις,
1501 479 1541 505 ὅτι
1555 479 1605 510 τὰς
1620 478 1672 514 μὲν
1683 478 1750 504 δέκα
1764 486 1816 511 φυ-

1020 524 1080 556 λὰς,
1099 524 1148 556 τὰς
1163 525 1193 551 ὲν
1208 526 1241 560 τῇ
1265 525 1416 560 Σαμαρείᾳ,
1445 525 1498 551 τῶν
1516 524 1664 560 προφητῶν
1692 526 1716 550 ot
1742 524 1817 557 λόγοι

1021 570 1147 598 καλοῦσιν
1175 571 1295 607 Ἰσραήλ·
1313 571 1413 597 Ἰούδαν
1429 579 1460 605 γε
1478 571 1531 606 μὴν
1552 571 1599 597 καὶ
1615 571 1745 605 Βενιαμὶν
1761 570 1816 596 ἔσθ’

1020 617 1064 644 ὅτε
1085 616 1134 649 τὰς
1159 617 1189 644 ὲν
1214 618 1270 648 τοῖς
1291 617 1485 652 Ἰεροσολύμοις
1508 616 1555 643 δύο
1570 617 1666 651 φυλὰς,
1690 620 1748 655 τὴν
1768 616 1816 643 τοῦ

1027 662 1121 695 Ἰούδα,
1138 663 1220 698 φημὶ,
1233 662 1281 689 καὶ
1304 663 1351 689 τοῦ
1369 661 1505 697 Βενιαμίν.
1529 662 1626 696 Γέγονε
1644 663 1734 688 τοίνυν
1751 661 1816 698 περὶ

1022 707 1122 743 ἀμφοῖν
1141 709 1180 739 είς
1197 708 1226 734 τὸ
1243 707 1329 744 παρὸν
1339 709 1353 734 δ
1367 708 1455 742 λόγος,
1470 708 1517 734 καὶ
1530 708 1579 743 τὴν
1597 709 1732 743 ἑκατέρας
1748 708 1815 743 πλή-

1023 753 1085 785 θύος
1097 753 1241 788 ὰπελέγχει
1255 753 1339 780 νόσον.
1356 753 1410 780 Θέα
1423 753 1477 788 γὰρ
1488 754 1561 785 ὅπως
1574 755 1754 787 κατονειδίζει
1769 755 1814 781 τὸν

1029 798 1144 835 Ἰσραὴλ,
1173 799 1211 831 ὡς
1233 800 1361 827 ἀσύνετον
1389 800 1498 836 κομιδῇ,
1528 800 1575 827 καὶ
1601 800 1814 836 ὀλιγογνώμονα,

1023 845 1154 881 ταύτῃτοι
1172 846 1302 880 γεγονότα
1314 846 1362 873 καὶ
1381 846 1547 881 ἀποστάτην.
1564 847 1650 882 Εἴπερ
1669 847 1814 879 ἀσυνεσίας

186 893 326 923 delectari.
340 896 366 918 et
380 899 394 918 ιι
408 890 541 917 charitate
553 889 580 916 in
594 888 676 915 Deum
688 888 820 922 separari.
834 886 972 922 Signiﬁcat

1027 888 1150 924 ἔγκλημα
1173 890 1251 915 νοοῖτ⁷
1268 889 1301 916 ἂν
1328 890 1452 923 εἰκότως,
1473 890 1504 917 τὸ
1524 892 1585 922 ταῖς
1615 891 1668 917 τῶν
1695 891 1816 918 εἰδώλων

185 947 250 974 ergo
270 939 321 966 Itoc
340 937 408 969 loco,
426 945 436 962 ι
450 943 482 963 ne
508 936 648 969 ignores,»
666 941 700 961 ne
720 933 757 961 sis
779 932 880 965 fatuus,
905 940 972 960 neve

185 990 306 1012 extrema
324 981 476 1017 insipientia
495 980 598 1015 plenus.
621 978 762 1006 Pudel'acit
781 978 879 1006 deinde
895 978 972 1005 habi-

187 1034 273 1058 tantes
286 1027 445 1060 Jerusalem,
464 1033 559 1060 nempe
571 1025 681 1058 Judam,
695 1029 726 1052 ut
738 1024 923 1052 simulatorem
946 1027 973 1051 et

185 1075 266 1110 impie
280 1074 438 1109 iniuriosum
448 1091 455 1105 ,
471 1072 542 1107 quod
555 1071 686 1099 ambobus
700 1071 823 1104 incedat;
840 1071 893 1098 imo
901 1071 972 1106 quod

186 1121 317 1149 ambobus
330 1119 474 1154 poplitibus
496 1118 574 1153 iuxta
594 1118 705 1144 verbum
720 1117 857 1152 prophetae
872 1116 972 1144 claudi-

187 1171 230 1194 cet
242 1167 275 1192 ’³.
292 1164 424 1200 Fingebat
439 1164 511 1191 enim
525 1163 644 1190 studium
659 1167 685 1191 et
697 1169 818 1190 amorem
834 1162 973 1197 religionis

187 1222 250 1250 erga
259 1213 353 1245 Deum,
367 1217 394 1240 et
408 1209 541 1239 sacriﬁcia
554 1210 657 1245 legibus
672 1209 792 1236 instituta
803 1207 971 1240 celebrabat,

188 1261 234 1289 sed
247 1259 401 1293 neutiquam
424 1257 512 1285 adhuc
525 1257 558 1283 ad
576 1256 713 1283 daemones
734 1255 806 1289 ipsos
821 1254 973 1281 adorandos

188 1312 334 1341 properare
354 1303 503 1335 desinebat,
523 1301 577 1337 79
599 1302 648 1329 etsi
670 1301 694 1328 id
716 1307 769 1328 non
789 1300 856 1327 adeo
873 1299 971 1334 palam,

188 1359 281 1379 verum
299 1349 403 1378 occulte
421 1352 447 1376 et
465 1348 590 1375 latenter.
612 1347 703 1380 Quare
721 1346 817 1374 beatus
842 1346 973 1381 propheta

189 1397 314 1425 Ezechiel
331 1395 471 1431 perfodere
493 1394 622 1429 parietem
641 1393 733 1427 jussus
753 1396 811 1425 est;
830 1399 883 1426 quo
903 1391 974 1418 facto

188 1443 256 1471 vidit
269 1442 357 1470 omnia
375 1441 445 1468 idola
459 1439 539 1467 Israel
554 1439 659 1474 depicta
675 1438 700 1464 in
720 1438 875 1472 parietibus.
895 1437 926 1464 Et
940 1436 973 1464 ad

189 1491 275 1525 ipsutn
300 1489 485 1516 universorum
503 1486 574 1512 Deus
591 1493 597 1511 :
620 1493 629 1510 ι
643 1483 759 1516 Vidisti,
780 1483 816 1510 lili
839 1483 972 1516 hominis,

189 1536 254 1572 quid
267 1536 389 1563 seniores
398 1534 493 1560 domus
506 1531 588 1559 Israel
602 1531 703 1558 faciant
715 1529 778 1557 hic?
790 1530 973 1564 unusquisque

190 1589 283 1609 eorum
296 1581 323 1608 in
336 1578 461 1608 cubiculo
468 1577 627 1606 abscondito
639 1584 743 1604 eorum.
755 1575 822 1609 Quia
838 1575 973 1609 dixerunt,

190 1627 340 1662 Dereliquit
354 1625 492 1658 Dominus,
504 1631 556 1651 non
573 1624 638 1650 vidit
657 1622 784 1650 Dominus
799 1626 898 1649 terram
915 1623 948 1648 “.
962 1631 971 1647 ι

191 1675 236 1702 Ait
262 1674 327 1701 item
350 1672 490 1708 propheta,
512 1677 541 1698 se
562 1669 699 1704 aspexisse
724 1667 849 1695 mulieres
868 1675 975 1702 quoque

191 1720 316 1747 sedentes
342 1723 368 1745 et
384 1717 541 1752 plangentes
568 1714 732 1744 Thammuz.
751 1713 796 1748 qui
818 1712 973 1740 Gnecorum

191 1765 279 1800 lingua
297 1768 338 1790 est
348 1763 460 1790 Adonis.
468 1761 594 1796 Perspice
606 1760 697 1795 igitur,
710 1767 764 1794 quo
775 1765 863 1794 pacto,
877 1766 974 1794 quatu-

190 1811 231 1838 vis
251 1809 370 1837 divinum
386 1807 514 1842 templum
533 1805 715 1833 venerabundi
735 1804 852 1837 obirent,
869 1808 897 1831 et
917 1804 975 1831 eul-

191 1860 246 1883 tum
260 1855 379 1882 divinum
393 1853 541 1881 secundum
560 1851 646 1886 legem
663 1851 714 1878 sibi
732 1851 870 1885 proprium
890 1855 917 1877 et
933 1857 975 1884 pe-

190 1902 317 1929 culiarem
337 1907 397 1929 esse
417 1898 586 1929 simularent,
608 1897 784 1925 nihilominus
807 1895 975 1924 clandeStine

190 1947 305 1975 cultibus
323 1945 447 1973 absurdis
462 1948 490 1972 et
503 1942 651 1974 diabolicis,
667 1947 695 1970 et
710 1942 764 1970 Deo
778 1941 872 1969 invisis
887 1949 916 1969 se
934 1942 976 1968 di-

190 1992 327 2019 videbant.
356 1990 487 2023 Quoeirca
511 1997 519 2014 t
534 1988 573 2015 Tu
590 1987 681 2019 Israel,
698 1996 707 2013 ι
724 1987 770 2021 qui
798 1987 908 2014 omnino
928 1987 975 2014 dor

191 2038 289 2066 ﬂexisti
304 2046 311 2064 :
324 2036 357 2063 de
372 2037 414 2063 via
429 2043 437 2060 ι
453 2041 486 2062 ne
501 2035 618 2069 ignores,
635 2042 644 2058 ι
660 2032 756 2066 inquit.
773 2031 800 2058 Id
810 2031 976 2063 est,abstine

192 2084 227 2110 ab
250 2081 405 2116 imperitia;
422 2079 521 2106 desiste
535 2079 569 2105 ab
590 2078 641 2105 hac
656 2082 709 2104 tam
731 2084 802 2104 vana
822 2081 848 2103 et
863 2075 975 2110 profana

193 2129 352 2160 voluntate;
373 2126 486 2153 admitte
507 2124 678 2159 prudentiam
702 2123 753 2158 legi
774 2128 802 2150 et
825 2122 974 2157 proiiltelis,

192 2175 250 2203 sive
269 2173 378 2200 Christo
397 2177 424 2199 et
438 2171 583 2206 Evangelia
605 2174 824 2198 consentaneam.
842 2177 851 2194 ι
866 2167 974 2194 EtJuda

193 2227 227 2248 ne
250 2218 419 2254 ingredimini
434 2219 459 2244 in
473 2217 593 2252 Galgala,
612 2221 640 2243 et
656 2215 682 2242 in
703 2215 809 2242 domum
826 2214 976 2248 iniquitatis

193 2273 227 2293 ne
248 2265 402 2296 ascendite,
427 2268 454 2291 et
474 2270 507 2290 ne
523 2251 614 2298 iurate
637 2261 770 2288 viventem
795 2259 948 2286 Dominum.
964 2268 973 2284 ι
992 2251 1014 2278 1)

193 2310 268 2338 Haud
284 2310 355 2337 enim
377 2310 503 2336 decouum
518 2313 559 2335 est
571 2314 620 2342 per
634 2305 715 2334 Deutn
736 2305 838 2339 iurare,
850 2310 930 2338 atque
952 2305 978 2330 in

193 2357 284 2392 lingua
304 2356 405 2383 habere
425 2354 560 2381 viventem
584 2352 740 2383 Dominum,
759 2355 786 2378 et
805 2350 912 2378 interitu
933 2351 978 2376 atl-

193 2402 294 2430 dictutn
309 2409 367 2429 esse
379 2400 457 2428 idolis
474 2405 501 2428 et
513 2399 612 2426 vitulos
628 2397 762 2425 inanimes
777 2397 900 2424 adorare.
908 2396 979 2424 Con-

192 2449 280 2476 stituit
296 2448 394 2482 quippe
407 2445 550 2473 Jeroboam
563 2452 646 2472 unum
662 2444 689 2470 in
706 2442 808 2474 Betbel,
819 2443 932 2470 alterum
948 2443 974 2469 in

193 2495 249 2522 Dan
266 2494 298 2520 “.
316 2493 372 2520 Non
392 2492 456 2519 sinit
468 2492 548 2525 igitur
559 2490 685 2525 pietatem
697 2497 762 2524 erga
775 2489 858 2517 Deum
875 2489 976 2524 tingere

193 2549 240 2576 per
257 2538 501 2574 pronuntiationem
528 2535 644 2562 nominis
659 2535 776 2568 Domini,
789 2538 817 2563 et
839 2534 975 2561 nihilomi-

193 2595 243 2614 nus
259 2587 291 2612 ad
305 2583 469 2612 idololatrias
479 2589 539 2608 cum
552 2581 654 2608 ratione
664 2585 814 2616 pugnantes
821 2580 933 2613 auferri,
947 2580 973 2606 in

192 2632 313 2666 Galgala,
333 2634 360 2657 et
383 2629 408 2655 in
425 2629 534 2655 domum
551 2627 700 2661 iniquitatis
718 2626 906 2655 ascendentes.
920 2627 974 2653 Do-

194 2686 266 2705 mum
284 2675 435 2709 iniquitatis
451 2679 529 2701 vocat
542 2673 641 2700 Bethel.
656 2673 760 2707 Quare?
770 2673 890 2700 redditur
902 2673 974 2701 euint

194 2721 286 2749 Betltel
303 2721 400 2747 Domus
418 2719 477 2747 Dei.
497 2719 549 2747 Sed
563 2720 657 2746 domus
677 2719 739 2746 idoli
760 2718 832 2746 facta
852 2722 903 2750 est,
915 2725 974 2744 cum

194 2767 280 2801 aliqua
297 2766 393 2800 iniuria
403 2771 430 2794 et
444 2767 481 2794 rei
501 2770 530 2794 et
545 2765 731 2801 cognominis:
747 2764 843 2791 domus
859 2770 976 2797 natnque

1023 934 1162 970 λατρείαις
1177 934 1357 969 προσκεῖσθαι
1371 935 1469 969 φιλεῖν,
1484 935 1531 962 καὶ
1545 935 1595 970 τῆς
1611 937 1651 967 είς
1665 936 1733 963 Θεὸν
1749 937 1816 971 ἀγά-

1024 987 1078 1014 πης
1090 979 1472 1015 ἀπονοσφίζεσοαι.Σημαίνει
1484 980 1516 1016 δὴ
1532 978 1578 1007 οὖν
1594 980 1687 1007 ἐνθάδε
1702 982 1744 1014 τὸ,
1758 992 1767 1007 ι
1779 982 1815 1017 μὴ

1023 1026 1140 1060 ἀγνόει,ι
1151 1025 1192 1058 τὸ,
1204 1027 1241 1061 μὴ
1252 1026 1297 1052 ἔσο
1309 1026 1410 1062 μωρὸς,
1421 1027 1487 1062 μηδὲ
1495 1027 1544 1062 τῆς
1560 1029 1599 1059 είς
1610 1027 1686 1063 λῆξιν
1696 1028 1815 1063 ἡκούσης

1022 1071 1167 1104 ἀσυνεσίας
1179 1072 1315 1107 ἔμπλεως.
1339 1072 1481 1108 Ἐντρέπει
1502 1072 1531 1100 δὲ
1549 1073 1628 1100 πάλιν
1651 1073 1699 1100 καὶ
1712 1073 1776 1104 τοὺς
1787 1074 1815 1099 ὲν

1023 1118 1079 1149 τοῖς
1094 1118 1301 1153 Ἰεροσολύμοις,
1317 1118 1440 1145 τουτέστι
1455 1118 1501 1145 τὸν
1521 1118 1629 1150 Ἰούδαν,
1647 1119 1685 1150 ὼς
1702 1119 1815 1154 ὑποκρι-

1024 1163 1084 1198 τὴν,
1102 1164 1149 1190 καὶ
1162 1163 1275 1196 ἀνοσίως
1293 1164 1447 1200 ὑϐρίζοντα,
1473 1164 1518 1191 διά
1532 1173 1564 1199 γε
1581 1165 1628 1192 τιιῦ
1653 1164 1756 1200 βαίνειν
1773 1164 1815 1191 ἐπ’

1023 1209 1117 1244 ἄμφω,
1148 1209 1248 1244 μᾶλλον
1273 1209 1301 1236 δὲ
1332 1210 1460 1244 χωλεύειν
1487 1211 1531 1237 ἐπ’
1557 1211 1728 1246 ἀμφοτέραις
1757 1211 1814 1242 ταῖς

1025 1255 1138 1290 ίγνύαις,
1153 1256 1223 1282 κατὰ
1241 1256 1289 1288 τὴν
1305 1255 1351 1283 τοῦ
1367 1258 1507 1292 προφήτου
1524 1257 1626 1292 φωνήν.
1653 1257 1815 1284 Ἐπλάττετο

1025 1303 1074 1338 μὲν
1095 1303 1148 1338 γὰρ
1170 1302 1337 1338 ἐπιτηδεύειν
1359 1312 1388 1330 τε
1413 1303 1460 1330 καὶ
1483 1304 1592 1338 ἀγαπᾷν
1613 1303 1662 1339 τὴν
1683 1305 1723 1335 είς
1749 1303 1814 1331 Θεὸν

1025 1348 1176 1381 εὐσέϐειαν,
1191 1349 1238 1375 καὶ
1253 1348 1302 1380 τὰς
1318 1349 1390 1376 κατὰ
1403 1349 1484 1384 νόμον
1499 1349 1594 1381 Θυσίας
1611 1350 1712 1376 ἐτέλει·
1728 1349 1814 1385 ἀπήλ-

1024 1394 1106 1421 λακτο
1131 1395 1160 1421 δὲ
1185 1395 1310 1431 οὐδαμῶς
1330 1395 1377 1422 τοῦ
1399 1395 1446 1422 καὶ
1463 1395 1554 1426 αὐτοῖς
1577 1396 1736 1430 ἐπείγεσθαι
1759 1398 1815 1428 τοῖς

1023 1439 1170 1474 δαιμονίοις
1199 1441 1372 1475 προσκυνεῖν,
1395 1441 1419 1466 εί
1442 1441 1489 1467 καὶ
1513 1440 1550 1476 μὴ
1572 1440 1630 1467 λίαν
1652 1441 1813 1475 ἀναφανδὸν,

1024 1486 1082 1513 ἀλλ’
1102 1484 1149 1512 οὖν
1171 1486 1370 1522 κεκρυμμένως
1389 1486 1436 1513 καὶ
1453 1486 1616 1522 λεληθότως.
1638 1487 1692 1513 Καὶ
1713 1487 1778 1521 γοῦν
1801 1489 1815 1514 ὀ

1027 1532 1160 1567 μακάριος
1173 1532 1314 1567 προφήτης
1341 1531 1469 1568 Ίεζεχιὴλ
1486 1532 1608 1568 ὀρύττειν
1630 1533 1659 1559 ὲν
1678 1533 1717 1568 τῷ
1734 1533 1816 1568 τοίχῳ

987 1575 1008 1604 C
1026 1577 1231 1613 προσετάττετο.
1251 1575 1316 1604 Εἶτα
1332 1578 1458 1605 τεθέαται
1473 1579 1563 1605 πάντα
1581 1578 1614 1605 τά
1628 1579 1723 1605 εἴδωλα
1740 1579 1814 1606 οἴκου

1031 1621 1141 1658 Ἰσραὴλ
1157 1622 1383 1658 διαγεγραμμένα
1404 1623 1450 1650 ἐπὶ
1470 1624 1525 1651 τῶν
1546 1624 1652 1659 τοίχων.
1672 1625 1728 1652 Καὶ
1747 1626 1815 1661 πρὸς

1025 1668 1106 1694 αὑτὸν
1117 1669 1131 1694 ὁ
1151 1669 1205 1695 τῶν
1221 1669 1289 1695 ὅλων
1302 1668 1367 1700 Θεός
1379 1677 1386 1684 ·
1406 1678 1416 1694 ι
1435 1669 1585 1706 Ἑώρακας,
1602 1671 1642 1696 υἱὲ
1658 1670 1814 1706 ἀνθρώπου,

1024 1714 1043 1741 ἃ.
1053 1713 1077 1740 οί
1089 1713 1267 1749 πρεσϐύτεροι
1277 1715 1351 1741 οῐκου
1365 1714 1472 1750 Ἰσραὴλ
1484 1715 1605 1742 ποιοῦσιν
1619 1713 1668 1742 ὦδε
1680 1724 1687 1748 ;
1702 1716 1815 1748 ἕκαστος

1025 1761 1055 1787 ὲν
1069 1759 1107 1794 τῷ
1123 1759 1229 1787 κοιτῶνι
1240 1760 1278 1795 τῷ
1289 1760 1401 1796 κρυπτῷ
1415 1761 1513 1788 αὐτῶν.
1523 1761 1594 1787 Aid-ct
1606 1759 1698 1788 εἶπαν·
1717 1763 1816 1796 Ἐγκα-

1024 1805 1165 1832 ταλέλοιπε
1196 1805 1307 1840 Κύριος,
1339 1805 1389 1831 οὐκ
1415 1807 1502 1842 ἐφορᾷ
1532 1806 1634 1841 Κύριος
1653 1806 1702 1842 τὴν
1728 1807 1812 1841 γῆν.)

1026 1851 1175 1878 Τεθεᾶσθαι
1194 1852 1223 1878 δέ
1245 1860 1327 1887 φησιν
1340 1852 1354 1878 ὁ
1372 1853 1513 1888 προφήτης
1532 1853 1579 1879 καὶ
1597 1855 1728 1886 γυναῖκας
1748 1853 1814 1880 καο-

1026 1896 1139 1932 ημένας,
1152 1897 1198 1924 καὶ
1210 1897 1361 1932 Θρηνούσας
1374 1897 1418 1924 τὸν
1425 1897 1568 1933 Θαμμοὺζ,
1577 1899 1606 1930 ὃς
1617 1899 1690 1924 ἐστιν
1703 1898 1815 1931 meum;

1025 1945 1058 1978 τῇ
1083 1944 1217 1979 Ἐλλήνων
1232 1946 1317 1980 φωνῇ.
1335 1944 1430 1980 Ἀθρει
1447 1945 1479 1980 δὴ
1492 1943 1549 1978 οὖν,
1564 1946 1636 1977 ὅπως
1660 1945 1750 1971 καίτοι
1771 1945 1814 1971 τὸν

1026 1989 1096 2016 θεῖον
1108 1991 1286 2025 περιέποντες
1299 1991 1373 2023 ναὺν,
1386 1991 1432 2017 καὶ
1445 1991 1494 2026 τῆς
1507 1991 1578 2018 κατὰ
1589 1992 1671 2027 νόμον
1687 1991 1814 2026 λατρείας

1027 2036 1233 2069 μεταποιεῖσθαι
1250 2036 1489 2072 προσποιούμενοι,
1504 2037 1653 2073 λεληθότως
1666 2046 1731 2064 κατε
1737 2037 1813 2073 μερί-

1026 2079 1102 2112 ζοντο
1120 2081 1188 2116 πρὸς
1204 2082 1330 2117 λατρείας
1355 2084 1404 2115 τὰς
1426 2083 1587 2115 ἀλλοκότους
1607 2083 1653 2109 καὶ¹
1669 2082 1813 2118 δαιμονιώ-

1025 2126 1090 2158 δεις,
1123 2126 1169 2152 καὶ
1196 2126 1255 2162 Θεῷ
1281 2129 1531 2164 κατεστυγημένας.
1556 2128 1749 2156 ΟὐκοῦνοιΣὺ
1768 2128 1814 2164 μὲν

1032 2170 1171 2206 Ἰσραὴλ,ι
1199 2172 1351 2207 ὀλοτρόπως
1374 2173 1556 2206 ὲκκεκλικὼς,
1581 2182 1590 2199 ι
1606 2173 1644 2208 μὴ
1658 2173 1782 2208 μάγνόει,
1803 2182 1811 2198 ι

1027 2217 1104 2251 φησὶ,
1118 2217 1255 2244 τουτέστιν
1268 2218 1387 2253 ἀπόσχου
1405 2220 1454 2254 τῆς
1469 2219 1597 2254 ἀμαθίας,
1612 2219 1752 2255 κατάληγε
1768 2219 1815 2254 τῆς

1028 2261 1114 2292 οὕτως
1139 2263 1241 2294 εἰκαίας
1264 2264 1310 2290 καὶ
1334 2264 1445 2299 βεϐήλου
1465 2264 1588 2299 γνώμης,
1609 2264 1684 2297 δέξαι
1709 2263 1815 2290 σύνεσιν

1028 2308 1077 2343 τὴν
1091 2308 1135 2335 διὰ
1144 2309 1225 2344 νόμου
1244 2310 1291 2336 καὶ¹
1313 2311 1475 2346 προφητῶν,
1494 2311 1554 2346 ἦτοι
1575 2310 1624 2346 τὴν
1637 2311 1681 2336 διὰ
1695 2308 1813 2346 Χριστοῦ

1028 2354 1074 2380 καὶ
1095 2355 1284 2389 εὐαγγελικήν.
1307 2356 1382 2382 (Καὶ
1399 2356 1494 2388 Ἰούδα,
1512 2356 1549 2392 μὴ
1569 2356 1762 2392 είσπορεύεσθε
1777 2357 1815 2388 εἰς

1028 2400 1163 2433 Γάλγαλα,
1175 2401 1221 2427 καὶ
1231 2401 1271 2432 εἰς
1278 2401 1323 2427 τὸν
1333 2400 1406 2428 οἷκον
1416 2402 1464 2437 τῆς
1477 2402 1583 2433 ἀδικίας
1596 2402 1632 2437 μὴ
1645 2401 1813 2433 ἀναδαίνετε,

1027 2447 1074 2473 καὶ
1093 2446 1130 2482 μὴ
1149 2446 1261 2481 ὀμνύετε
1277 2447 1365 2479 ζῶντα
1382 2447 1483 2484 Κύριον
1497 2467 1505 2475 .
1516 2457 1525 2473 ι
1547 2448 1602 2474 Καὶ
1614 2447 1668 2483 γάρ
1688 2448 1747 2474 ἐστι
1764 2447 1815 2473 τῶν

1028 2492 1147 2524 ἀτόπων,
1160 2493 1251 2528 ὅρκιον
1269 2493 1319 2528 μὲν
1331 2494 1466 2520 ποιεῖσθαι
1477 2494 1553 2525 Θεὸν,
1569 2493 1615 2520 καὶ
1631 2494 1677 2519 ἐπὶ
1693 2493 1815 2527 γλώττης

1029 2537 1100 2572 ἔχειν
1122 2537 1168 2564 τὸν
1191 2538 1280 2570 ζῶντα
1301 2538 1421 2574 Κύριον,
1445 2539 1622 2574 προσκεῖσθαι
1653 2538 1681 2564 δὲ
1705 2537 1744 2573 τῷ
1771 2538 1812 2564 καὶ

1028 2582 1147 2614 εἰδώλοις
1161 2583 1208 2609 καὶ
1227 2583 1340 2618 ἀψύχοις
1352 2583 1499 2618 δαμάλεσιν
1521 2583 1627 2611 ἑλέσθαι
1643 2585 1799 2620 προσκυνε”ν

1035 2627 1164 2655 ’Λπέθετο
1183 2629 1236 2664 γὰρ
1259 2629 1410 2664 Ἰεροῦοὰμ,
1426 2630 1475 2665 τὴν
1490 2630 1553 2665 μίαν
1571 2631 1612 2662 είς
1632 2630 1735 2664 Βαιθὴλ
1746 2650 1753 2661 .
1770 2639 1800 2658 :1

1027 2673 1074 2709 τὴν
1092 2673 1187 2709 ἑτέραν
1204 2675 1244 2706 εἰς
1257 2675 1320 2701 Δάν.
1346 2675 1401 2701 Οὐκ
1416 2676 1449 2710 ἐᾷ
1464 2675 1609 2711 τοιγαροῦν
1622 2675 1768 2711 ὐποκρίνεσ
1793 2684 1799 2701 ι

1030 2721 1079 2754 μὲν
1092 2720 1140 2755 τὴν
1158 2721 1197 2752 εἰς
1213 2721 1280 2748 Θεὸν
1293 2721 1444 2753 εὐσέϐειαν,
1461 2722 1505 2748 διὰ
1520 2722 1567 2748 τοῦ
1579 2721 1623 2748 τὸν
1640 2721 1743 2756 Κύριον
1757 2720 1803 2746 ὀνο

1030 2764 1137 2800 μάζειν,
1156 2765 1386 2801 κατακομίζεσθαι
1400 2766 1429 2793 δὲ
1449 2767 1517 2802 πρὸς
1535 2766 1665 2798 ἐκτύπους
1687 2765 1811 2801 ψευδολκ-

229 2855 253 2872 "
268 2855 300 2883 III
317 2855 382 2891 Reg.
399 2864 436 2890 ιιι,
451 2855 476 2883 5.
515 2857 536 2872 “
554 2856 584 2883 lII
598 2856 665 2889 Reg.
680 2861 757 2886 xvm,
772 2851 818 2879 Si.
857 2853 878 2868 "
892 2852 972 2880 Ezccl‘

1027 2863 1052 2887 ιι,
1071 2856 1110 2882 Ν.
1149 2856 1171 2871 ³³
1193 2855 1225 2883 III
1245 2855 1310 2890 Reg.
1328 2863 1375 2888 xu,
1392 2855 1437 2883 ΞΩ.
