1913 3042
193 128 245 157 ιω

689 126 718 154 S.
736 125 874 154 CYBILLI
894 125 1129 155 ALEXANDRINI
1148 125 1309 155 ARCIIIEP.

1771 133 1826 162 μθ

190 186 301 222 pictatis
314 192 378 222 erga
394 186 477 214 Deum
494 185 626 214 ratlonem
642 191 694 212 non
709 185 849 220 vulgarem
865 185 974 219 directe.

1028 184 1075 212 τοῦ
1088 185 1183 220 νόμον,
1200 184 1246 211 καὶ
1261 183 1311 219 τὴν
1327 185 1367 216 εἰς
1389 183 1456 212 Θιιὸν
1468 185 1607 214 εὐσέϐειαν
1620 187 1671 215 οὐκ
1684 188 1715 215 ἓν
1729 189 1824 225 μικρῷ

190 238 253 258 eum
269 230 373 259 interea
395 232 464 258 clam
481 238 497 256 ιι
514 230 632 258 colendis
650 229 802 256 damnum
823 230 978 259 simulacris

191 277 264 304 haud
277 277 447 305 abhorreret.
459 276 511 312 ει
525 276 605 310 Ergo,
622 276 693 310 quod
707 276 880 311 sequebatur,
899 286 910 303 ι
919 277 978 305 ido-

191 323 279 351 lorum
307 323 442 358 particeps
470 322 557 349 factus
580 326 623 349 est
651 322 796 357 Ephruim,
813 332 823 349 ι
850 323 901 350 hoc
919 328 977 356 est,

187 368 293 402 lsrael;
313 368 353 396 sic
375 368 447 395 enim
470 367 626 395 nominatur
645 375 660 395 a
679 368 750 396 tribu
771 374 832 403 quae
857 369 928 404 apud
948 377 980 396 sc

193 421 282 441 rerum
297 413 458 448 potiebatur,
472 412 639 447 Jeroboami,
660 414 784 449 inquam,
800 415 833 442 de
846 419 939 442 monte
950 419 979 443 et

190 459 263 486 tribu
286 459 416 493 Ephraim
435 460 555 488 oriundi.
580 460 613 488 Et
631 461 860 496 quemadmodum
880 461 977 490 Iudam

188 507 268 532 vocat
291 510 352 531 eam
368 512 428 539 qua:
449 509 508 532 erat
527 505 732 541 Hierosolymis.
749 507 871 541 regnanti
897 506 976 535 tribui

188 548 394 583 appellationem
411 557 488 578 suam
507 557 637 584 servans;
660 551 700 579 sic
715 556 742 579 et
761 551 788 579 in
811 551 897 580 Israel
915 560 977 580 cum

187 594 308 621 nominat
333 594 473 630 Ephraim,
498 603 511 623 a
539 596 621 630 tribu,
648 604 731 632 penes
762 605 843 632 quam
865 605 976 633 regnum

182 644 257 674 erat,
277 641 410 669 nominat.
443 641 582 677 Particeps
616 642 698 678 igitur
722 642 810 671 iactus
826 647 870 671 ost
892 643 977 671 idolo-

187 692 252 713 rum
277 685 416 720 Ephraim,
441 687 537 722 inquit.
573 687 704 716 Adoravit
727 688 800 716 enim
834 687 978 724 ,θυμιδ-

186 737 248 757 rum
269 738 380 764 numen,
408 731 536 758 nimirum
561 731 651 767 Apim,
672 733 729 760 sive
748 732 873 767 vitulum,
895 740 976 768 quem

186 776 226 804 illi
249 783 298 811 pro
318 776 374 804 Deo
402 777 536 804 colebant.
560 777 623 805 Fuit
646 778 821 806 nihilominus
843 779 977 815 particeps

187 821 333 857 impietatis
351 825 379 849 et
394 829 507 849 summe
521 822 664 850 dementiae
677 822 905 855 Chanameornm,
929 823 975 859 qui

1029 231 1165 259 ποιεῖσθαι
1190 231 1272 266 λόγῳ,
1288 231 1480 260 διανινευκότα
1501 233 1530 259 δι
1556 233 1706 270 λεληθότως
1723 235 1770 262 ἐπὶ
1791 235 1825 262 τὸ

1029 277 1128 314 χρῆναι
1145 277 1230 312 τιμᾷν
1240 276 1274 303 τὰ
1287 276 1342 302 τῶν
1355 275 1500 311 δαιμονίων
1525 277 1682 312 ἰνδάλματα.
1703 278 1823 310 οὐκοῦν,

1032 332 1042 347 ι
1055 321 1164 356 Γέγονε,
1179 331 1188 348 ι
1208 321 1300 357 φησὶν,
1319 321 1541 357 ὁμολογουμένως
1554 332 1563 347 ι
1574 323 1686 359 μέτοχος
1702 324 1824 351 εἰδώλων

1028 367 1161 404 Ἐφραῒμ,
1175 377 1186 393 ι
1215 367 1364 400 τουτέστιν,
1393 368 1408 394 ὸ
1437 368 1557 404 Ἰσραήλ.
1594 370 1758 405 Ὠνὸμασται
1793 370 1824 397 δὲ

1028 413 1114 445 οὕτως
1130 413 1185 440 ἀπὸ
1197 413 1248 448 τῆς
1256 414 1322 448 παρ’
1335 413 1409 448 αὺτῷ
1419 414 1573 450 κρατούσης
1585 415 1683 451 φυλῆς,
1695 417 1768 452 φημὶ
1776 416 1822 451 δὴ,

1026 459 1076 494 τῆς
1098 457 1145 485 τοῦ
1175 457 1324 494 Ἱεροϐοάμ·
1354 456 1389 494 ἦν
1414 459 1468 495 γὰρ
1496 460 1524 494 ἐξ
1548 460 1628 496 ὅρους
1658 462 1705 488 καὶ
1732 461 1823 497 φυλῆς

1035 504 1167 539 Ἐφραῖμ.
1192 505 1247 531 Καὶ
1262 504 1356 540 ὥσπερ
1374 505 1475 532 Ἰούδαν
1488 505 1537 542 τὴν
1552 506 1582 534 ὲν
1595 507 1651 539 τοῖς
1672 507 1823 543 Ἱεροσολύ-

1029 558 1090 585 μοις
1111 549 1255 583 ἀποκαλεῖ,
1283 552 1316 586 τῇ
1344 550 1526 588 ϐασιλευούσῃ
1547 552 1618 588 φυλῇ
1645 553 1696 589 τὴν
1723 553 1822 588 κλῆσιν

1027 595 1198 631 τετηρηκὼς,
1212 595 1299 628 οὕτως
1310 596 1357 623 καὶ
1369 597 1415 623 ἐπὶ
1424 596 1472 624 τοῦ
1489 597 1608 633 Ἰσραὴλ,
1620 598 1683 626 ὅταν
1698 597 1823 635 ὀνομάζῃ

1027 641 1073 671 τὸν
1094 640 1225 677 “Εφραῖμ,
1246 641 1301 668 ἀπὸ
1315 642 1364 677 τῆς
1378 641 1573 678 βασιλευούσης
1592 644 1678 679 φυλῆς
1701 646 1820 671 ποιεῖται

1026 686 1076 722 τὴν
1091 684 1250 721 ὀνομασίαν.
1271 687 1393 722 Μετέσχε
1412 686 1445 722 δὴ
1455 685 1502 714 οὖν
1522 687 1536 714 ὁ
1552 687 1671 724 Ἐφραίμ
1690 688 1821 722 unum,

1027 731 1105 766 φησί.
1121 731 1332 767 Προσκεκύνηκε
1354 731 1408 767 γὰρ
1422 732 1462 767 τῷ
1483 732 1639 766 Αἰγυπτίων
1654 733 1821 769 σεδάσματι,

1030 778 1113 809 Ἀπις
1125 777 1154 804 δὲ
1167 774 1211 812 ἦν,
1226 778 1285 813 ἦτοι
1294 777 1408 814 δάμαλις
1417 778 1448 805 τὸ
1459 778 1572 806 ἐκείνων
1585 779 1677 812 σέϐας.
1693 780 1820 816 Μετὲσχε

1027 823 1056 851 δὲ
1069 823 1145 851 οὐδὲν
1159 821 1242 859 ἦττον
1263 823 1310 850 καὶ
1324 823 1375 859 τῆς
1389 824 1443 851 τῶν
1458 825 1621 853 Χαναναίων
1642 826 1820 862 ἀνοσιότητος

188 871 243 894 tam
268 872 347 902 turpe
373 866 484 899 idolum,
499 866 666 904 Beelphegor
694 868 810 900 scilicet,
835 869 924 896 colere
945 873 972 896 et

1027 869 1071 897 καὶ
1080 869 1200 906 ἀμέτρου
1208 870 1429 906 φρενοόλαὸιίας,
1439 871 1464 898 οἳ
1475 871 1507 898 τδ
1514 872 1625 908 αἰσχρὸν
1637 870 1725 904 οὕτως
1739 872 1819 899 εἴδω-

187 912 300 940 adorare
321 912 474 940 voluerunt.
490 913 590 940 Verum
616 913 668 941 hoc
686 913 756 941 facto
777 913 906 949 Ephraim
929 914 976 941 im-

182 957 275 997 posuit
295 957 347 985 sibi
373 957 510 984 scandala.
525 956 675 992 ,Opiferum
699 958 772 986 enim
799 962 826 986 et
853 958 975 986 datorem

186 1004 269 1032 Deum
283 1003 405 1030 violavit.
424 1011 434 1029 ι
451 1003 538 1038 Elegit
552 1002 733 1038 Chanonaos,
752 1012 761 1029 ι
779 1011 839 1039 pro,
856 1004 975 1039 ipsorum

186 1050 396 1078 consuetudines
415 1054 442 1077 et
467 1050 535 1078 ritus
553 1049 685 1078 electione
705 1054 733 1077 et
759 1051 908 1078 imitatione
933 1051 976 1078 di-

185 1089 251 1132 gnos
267 1097 380 1124 censuit.
398 1096 482 1123 Erant
508 1096 534 1124 hi
557 1096 677 1124 conﬁnes
698 1092 873 1128 Iudaeorum,
889 1097 976 1124 homi-

185 1150 235 1171 nes
257 1142 384 1170 scelerati
406 1147 434 1170 et
453 1141 614 1171 idololstm.
635 1141 746 1178 Insuper
770 1151 780 1167 ι
794 1141 976 1170 Fornicantes

185 1189 311 1217 .ornicati
333 1193 407 1219 sunt,
422 1197 433 1214 ι
451 1187 599 1221 Israelita,
625 1187 685 1216 sine
715 1187 816 1222 dubio,
844 1188 907 1223 quia
930 1187 978 1215 im-

186 1235 325 1262 moderate
342 1239 369 1261 et
382 1234 461 1270 plane
476 1233 699 1262 inconvenienter
712 1232 883 1262 fornicationi
894 1253 902 1267 ,
919 1233 975 1268 spi-

186 1281 278 1309 rituali
304 1281 424 1315 scilicet,
447 1281 619 1313 studuerunt,
645 1284 673 1307 et
692 1280 824 1315 sacrilega
840 1279 976 1315 apostasia

185 1335 234 1356 sua
266 1328 299 1354 ad
325 1327 521 1362 turpitudinem
548 1327 756 1355 descenderunt.
786 1335 796 1351 ι
819 1326 977 1354 Dilescrunt

189 1381 254 1401 vero
267 1374 350 1400 etiam
366 1373 540 1408 ignominiam
557 1380 589 1399 ex
609 1373 762 1400 fremitibus
776 1380 882 1404 eorum,
900 1381 908 1398 ι
925 1372 976 1399 hoc

184 1422 237 1451 est,
262 1425 296 1446 ex
320 1418 415 1454 grandi
438 1417 510 1445 fastu
531 1421 559 1445 et
577 1416 721 1451 iactantia,
748 1421 858 1452 propter
880 1416 975 1449 Deum,

185 1470 212 1493 et
241 1464 354 1500 gloriam
381 1471 463 1498 quam
486 1463 520 1491 ab
541 1463 599 1498 ipso
617 1463 768 1497 capiebant.
785 1463 878 1497 Itaque
902 1469 976 1490 com-

185 1510 287 1544 pressis
302 1509 443 1544 spiritibus
455 1508 578 1543 pristinis
594 1507 719 1535 inhonori
731 1512 758 1535 et
769 1507 881 1541 abiecti.
894 1508 975 1536 misc-

1028 915 1075 942 λον
1089 915 1232 951 περιέπειν
1246 924 1276 942 τε
1290 916 1337 943 καὶ
1350 917 1513 952 προσκυνεῖν
1523 917 1726 951 ἐγνώκασι,τδν
1741 917 1821 944 Βεελ-

1026 960 1131 996 φεγὼρ,
1152 960 1232 988 Ἀλλὰ
1247 960 1325 987 τοῦτο
1339 961 1475 996 δεδρακὼς
1497 962 1512 989 ό
1533 962 1663 999 Ἐφρατμ,
1681 961 1821 999 «Ἔθηκεν

1026 1004 1116 1040 ἑαυτῷ
1131 1004 1293 1032 σκάνδαλα.»
1306 1006 1514 1042 Προσκέκρουκε
1523 1007 1577 1042 γὰρ
1597 1007 1636 1043 τῷ
1647 1007 1696 1035 καὶ
1711 1009 1820 1044 ἐπαμύ-

1026 1058 1110 1083 νοντι,
1125 1050 1173 1077 καὶ
1187 1050 1330 1083 διασώζειν
1343 1051 1485 1087 δυναμένῳ
1493 1052 1562 1088 Θεῷ.
1575 1063 1583 1079 ι
1595 1053 1720 1090 ᾝρέτισε
1728 1055 1820 1082 Χανα-

1026 1095 1128 1128 ναίους,
1143 1105 1153 1121 ι
1170 1095 1231 1122 ἀντὶ
1246 1097 1305 1127 τοῦ.
1323 1097 1425 1132 Αἰρετὰ
1440 1098 1487 1124 καὶ
1500 1097 1651 1135 ἀξιόληπτα
1669 1100 1819 1136 πεποίηται

1025 1140 1061 1167 τὰ
1084 1141 1246 1169 Χαναναίων
1262 1141 1330 1178 ἐθηε
1351 1143 1446 1179 ὅμοροι
1467 1144 1495 1171 δὲ
1514 1142 1586 1172 οὗτοι
1606 1144 1657 1181 τῆς
1682 1145 1820 1173 Ἰουδαίων

1026 1185 1128 1222 χώρας,
1147 1187 1288 1219 δυσσεϐεῖς
1307 1189 1355 1215 καὶ
1368 1189 1568 1225 εἰδωλολάτραι.
1585 1191 1641 1218 Καὶ
1657 1191 1727 1228 πρός
1740 1201 1773 1226 γε
1787 1192 1818 1228 δὴ

1025 1232 1141 1265 τούτοις,
1157 1243 1166 1259 ι
1180 1233 1362 1269 Πορνεύοντες
1373 1235 1572 1271 ὲξεπόρνευσαν
1587 1247 1596 1263 ι
1609 1238 1634 1264 οἱ
1647 1237 1677 1272 ἐξ
1696 1239 1816 1274 Ἰσραήλ.

1026 1277 1111 1313 Δῆλον
1128 1277 1169 1310 δὲ,
1187 1278 1227 1306 ὃτι
1241 1279 1286 1306 διά
1303 1289 1343 1308 τοι
1360 1281 1390 1307 τὸ
1403 1281 1473 1317 πίρα
1488 1281 1599 1317 μέτρου,
1619 1283 1727 1311 καὶτοῦ
1744 1284 1817 1311 είκό-

1025 1333 1079 1356 τως
1092 1324 1220 1352 ἐπέκεινα
1232 1326 1282 1361 τὴν
1296 1326 1394 1362 νοητὴν
1415 1327 1588 1363 ἐπιτηδεῦσαι
1611 1329 1750 1365 πορνείαν,
1772 1331 1819 1357 καὶ

1026 1371 1066 1403 εἰς
1084 1370 1160 1406 λῆξιν
1179 1372 1357 1408 αῑσχρότητος
1380 1373 1430 1407 τῆς
1451 1374 1618 1406 ἀποστασῐας
1633 1375 1727 1408 αὐτοῖς
1740 1376 1818 1412 ἔρχε-

1027 1415 1089 1442 σθαι
1100 1416 1135 1442 τὰ
1149 1416 1320 1452 ἐγκλήματα.
1338 1427 1346 1443 ι
1359 1417 1535 1454 Ἣγαπήκασι
1545 1419 1573 1446 δὲ
1589 1420 1636 1447 καὶ
1647 1420 1697 1456 τὴν
1705 1421 1817 1456 ἀτιμίαν

1026 1460 1058 1487 ἐκ
1071 1460 1257 1496 φρυαγμάτων
1271 1460 1371 1493 αὐτῶν,
1384 1470 1393 1487 ι
1408 1462 1559 1495 τουτέστιν,
1574 1463 1603 1496 ἐξ
1614 1463 1724 1499 ὑψηλῶν
1733 1465 1818 1500 αὺχηυ

1027 1505 1131 1540 μάτων,
1148 1505 1220 1540 ἇπερ
1231 1502 1314 1540 εἶχον,
1331 1506 1379 1532 ἐπὶ
1389 1506 1448 1542 Θεῷ
1461 1507 1508 1533 καὶ
1518 1506 1582 1544 δόξῃ
1595 1509 1628 1543 τῇ
1641 1507 1707 1544 παρ’
1721 1507 1816 1536 αὐτοῦ.

186 1555 330 1589 τοὺίιθεζει
348 1554 469 1584 omnium
498 1554 612 1589 pedibus
629 1554 735 1589 protriti
761 1560 855 1581 revera
881 1560 974 1581 evase-

1027 1550 1129 1577 Οὐκοῦν
1153 1551 1245 1586 ἄτιμοι
1268 1551 1315 1578 καὶ
1334 1552 1560 1588 κατερριμμένοι,
1580 1553 1686 1589 οἰκτροὶ
1701 1554 1750 1581 καὶ
1766 1562 1816 1581 πε-

185 1607 257 1630 runt.
276 1601 335 1630 Non
357 1601 429 1629 enim
451 1601 485 1628 de
506 1605 606 1628 cetero
623 1600 790 1628 vocabuntur
813 1599 908 1633 liberi;
925 1600 973 1627 sed

182 1647 277 1683 potius
295 1648 322 1675 in
343 1647 536 1676 contumeliam
563 1653 591 1675 et
614 1646 789 1682 ignominiam
813 1645 921 1678 vadem,
948 1649 975 1672 et

186 1694 239 1722 sub
251 1694 368 1722 dominis
384 1693 507 1729 tyrannis
518 1698 609 1721 erunt.
628 1690 728 1720 Verum
746 1691 810 1719 licet
825 1691 868 1719 his
884 1691 973 1719 omni-

185 1739 237 1768 bus
254 1739 333 1767 simul
354 1739 530 1767 stolidissime
546 1738 690 1766 multitudo
705 1738 833 1773 Ephraim
853 1738 974 1773 subjecta

182 1785 232 1817 sit,
254 1789 344 1813 tamen
365 1783 494 1817 lu,Juda,
517 1783 554 1811 illi
576 1782 651 1811 fuisti
668 1782 749 1810 veluti
768 1782 877 1818 quidam
897 1783 975 1810 turbo

187 1830 283 1866 spiritu
311 1831 337 1857 in
374 1830 424 1858 alis
451 1829 578 1858 volucris.
607 1828 712 1856 Norunt
734 1836 830 1857 omnes
857 1828 975 1856 volatilia

186 1882 266 1905 vento
297 1876 448 1905 vehementi
479 1882 511 1903 ea
539 1875 711 1911 impellente,
737 1878 766 1903 et
793 1878 900 1902 tantum
921 1881 974 1902 non

179 1928 311 1958 cogente,
325 1922 421 1958 procul
434 1921 517 1950 dubio
532 1921 626 1949 volare
641 1920 771 1949 celerius.
797 1919 870 1954 Ergo
886 1919 974 1954 prola-

184 1976 250 2004 psus
271 1973 314 1997 est
335 1960 429 2002 Israel,
445 1967 607 2003 deﬂexitque
622 1967 659 1995 ad
676 1966 826 2002 apostasia.
851 1964 892 1993 Tn
911 1973 975 1993 vero

186 2014 260 2042 fuisti
278 2014 304 2042 ei
330 2022 339 2040 I
357 2014 436 2042 turbo
459 2013 570 2048 spiritus
588 2014 616 2040 in
646 2012 707 2040 alis.
726 2021 736 2038 ι
754 2011 909 2045 Quomodo,
929 2015 976 2038 aut

185 2067 239 2095 qna
254 2059 380 2088 ratione?
395 2059 541 2094 Postquam
558 2058 631 2086 cnim
651 2058 718 2085 vidit
739 2062 776 2090 te,
794 2057 840 2092 qui
857 2064 932 2084 esses
948 2057 974 2084 in

181 2104 247 2139 'Iege
262 2104 414 2137 institutus,
433 2104 554 2131 divinum
568 2102 696 2136 templum
714 2102 823 2130 asaiduo
841 2101 974 2135 trivisses,

186 2158 264 2179 sacra
287 2151 392 2186 legibus
411 2151 539 2179 mndata
556 2150 718 2186 poregisscs,
732 2149 788 2184 jam
806 2148 922 2176 inertem
943 2155 976 2175 ac

180 2197 313 2232 supinum
341 2197 494 2232 iisdemque
519 2197 639 2232 peccatis
663 2195 812 2230 illigatum,
841 2193 974 2221 maturius

1024 1607 1097 1633 πατη
1102 1599 1176 1633 μένοι
1184 1599 1327 1633 γεγόνασιν
1339 1599 1458 1635 ἀληθῶς,
1466 1599 1521 1627 τῶν
1534 1601 1657 1636 ἀρχαίων
1672 1602 1818 1637 φρυαγμά-

1024 1653 1078 1672 των
1091 1644 1333 1680 ἀπολισθήσαντες·
1351 1646 1530 1680 κεκλήσονται
1549 1647 1754 1683 γὰρὲλεύθεροι
1768 1648 1818 1683 μὲν

1024 1690 1134 1717 οὐκέτι·
1155 1690 1308 1726 βαδιοῦνται
1321 1691 1348 1718 δὲ
1365 1691 1465 1727 μᾶλλον
1480 1693 1519 1725 εις
1535 1692 1613 1728 ῦὸριν
1630 1694 1677 1720 καὶ
1694 1694 1817 1729 ἀτιμίαν,

1025 1736 1072 1762 καὶ
1089 1736 1141 1763 ὑπὸ
1151 1738 1260 1772 πικροῖς
1277 1736 1382 1765 ἔσονται
1392 1737 1547 1770 δεσπόταις.
1565 1738 1635 1765 Ἀλλ’
1651 1739 1676 1765 εί
1694 1739 1742 1766 καὶ
1757 1739 1818 1766 τού-

1024 1789 1080 1814 τοις
1093 1782 1191 1815 suam,
1206 1783 1300 1817 φησὶν,
1315 1783 1331 1819 ἡ
1347 1784 1498 1821 ἀνουσιάτη
1515 1784 1562 1811 τοῦ
1579 1784 1698 1821 Ἐφραῒμ
1714 1785 1817 1821 ὑπηνὲ-

1025 1827 1078 1862 χθη
1096 1827 1210 1863 πληθύς·
1226 1827 1294 1863 ἀλλ’,
1306 1825 1328 1855 ὣ
1349 1828 1445 1864 Ἰούδα,
1456 1830 1488 1856 σὺ
1503 1829 1616 1864 γέγονας
1635 1830 1704 1866 αὐτῇ
1718 1827 1764 1858 οἷά
1776 1840 1817 1863 τις

1026 1871 1181 1907 πνεύματος
1198 1873 1348 1908 συστροψὴ,
1368 1873 1397 1900 ἐν
1410 1873 1523 1909 πτέρυξι
1539 1874 1673 1902 πετεινοῦ.
1691 1874 1772 1902 Ἐστι
1788 1875 1816 1901 δὲ

1025 1917 1107 1943 παντί
1121 1926 1171 1944 που
1183 1917 1272 1953 δῆλον,
1280 1919 1321 1945 ὅτι
1334 1918 1423 1954 πάντη
1439 1928 1469 1946 τε
1491 1920 1536 1946 καὶ
1548 1919 1656 1952 πάντως
1667 1920 1702 1947 τὰ
1714 1919 1816 1947 διιπτὰ-

1027 1969 1106 1996 μενα,
1124 1961 1280 1997 πνεύματος
1300 1962 1369 1989 αὐτὰ
1380 1963 1583 2000 προσωθοῡντος
1602 1964 1700 1999 βιαίου,
1723 1974 1816 2001 μονον-

1027 2008 1087 2042 ουχὶ
1109 2007 1156 2034 καὶ
1178 2008 1434 2042 ἐπαναγκάξοντος,
1463 2009 1595 2045 ὀξυτέραν
1616 2011 1677 2037 τότε
1699 2013 1816 2038 ποιεῖται

1024 2052 1074 2088 τὴν
1087 2053 1195 2088 πτῆσιν.
1209 2053 1314 2080 Οὐκοῦν
1329 2054 1457 2087 ἐξώκειλε
1474 2055 1524 2090 μὲν
1547 2057 1562 2082 ό
1589 2057 1695 2092 Ἰσραὴλ
1717 2058 1816 2085 ἀπονε-

1026 2098 1128 2130 νευκὼς
1145 2099 1185 2131 είς
1203 2099 1363 2134 ἀπόστασιν.
1380 2101 1415 2128 Σὺ
1425 2101 1453 2128 δὲ
1463 2102 1577 2136 γέγονας
1591 2102 1665 2138 αὐτῷ
1683 2113 1692 2129 ι
1702 2104 1815 2140 Συστρο-

1027 2145 1064 2180 φὴ
1083 2145 1237 2180 πνεύματος
1254 2146 1283 2173 ἐν
1297 2147 1357 2178 ταῖς
1380 2148 1521 2183 πτέρυξι.)
1542 2148 1613 2180 Πῶς,
1636 2149 1653 2185 ἢ
1673 2150 1734 2176 τίνα
1754 2151 1815 2186 τρό-

1028 2199 1098 2224 πον;
1120 2191 1231 2227 Ἐπειδὴ
1255 2193 1314 2227 γὰρ
1334 2193 1363 2219 σὲ
1388 2194 1513 2220 τεθέαται
1530 2194 1576 2221 τὶν
1594 2195 1631 2230 τῷ
1645 2195 1720 2232 νόμῳ
1739 2196 1816 2223 παιδ-
1858 2193 1863 2196 ’

185 2227 308 2270 descivit.
327 2227 528 2270 Verumtamen
542 2241 569 2269 in
589 2227 719 2272 dedecus:
745 2244 772 2268 ct
788 2239 929 2274 pudorem,
946 2243 973 2266 ct

1027 2237 1218 2272 αγωγούμενον
1229 2257 1236 2271 ,
1249 2238 1295 2265 τὸν
1307 2238 1370 2273 θείῳ
1392 2239 1594 2275 προσιζήσαντα
1615 2227 1683 2275 ναῷ,
1703 2227 1752 2267 ita!
1766 2240 1814 2272 τὰς

176 2287 348 2322 ignominiam
363 2295 440 2316 suam
455 2287 574 2315 inveniet
590 2287 686 2314 altaria
701 2293 762 2313 sua.

1027 2283 1096 2310 κατὰ
1113 2283 1194 2318 νόμον
1213 2283 1343 2312 τελοῦντα
1365 2284 1475 2317 θυσίας,
1494 2284 1683 2320 ῥᾳθυμοῦντα,
1699 2287 1746 2313 καὶ
1760 2287 1815 2317 τοῖς

186 2334 253 2365 ἴσοις
264 2333 497 2369 πλημμελήμασιν
510 2332 675 2367 ἐνεχόμενον,
706 2331 835 2367 ὀξυτέραν
863 2330 1010 2366 ἐποιήσατο
1027 2329 1076 2364 τὴν
1110 2329 1278 2364 ἁποδρομήν.
1315 2329 1387 2365 Πλὴν
1418 2330 1456 2361 εἰς
1493 2330 1623 2365 αἰσχύνην
1655 2331 1813 2367 εὑρήσουσι,

184 2381 232 2409 καὶ
254 2381 389 2416 ἐντροπῆς
411 2380 458 2407 καὶ
476 2379 588 2414 ἀτιμίας
610 2378 728 2414 πρόξενα
743 2378 778 2405 τὰ
791 2378 970 2413 θυσιαστήρια
989 2376 1087 2405 αὐτῶν.

219 2427 275 2463 sa
291 2426 383 2461 Itaque
397 2426 524 2460 quoniam
545 2426 590 2460 qui
604 2425 728 2452 videmur
740 2429 825 2458 stare,
836 2425 869 2452 ad
889 2425 973 2452 hone‘

187 2476 257 2499 stam
275 2471 358 2499 vitam
388 2475 415 2498 et
428 2470 493 2497 nulli
511 2468 714 2504 reprehensioni
727 2468 832 2497 aliinem
849 2468 972 2504 obligati,

187 2524 282 2552 segnes
301 2520 329 2544 et
346 2515 434 2551 ignavi
456 2515 483 2542 in
503 2515 555 2542 hoc
578 2514 744 2546 invenimur;
768 2513 836 2548 imo,
847 2513 973 2541 similiter

188 2567 217 2597 nt
233 2562 288 2596 alii,
311 2561 359 2589 Dei
376 2559 572 2595 beneplacitum
600 2560 748 2595 aspernati,
773 2567 826 2587 non
842 2559 928 2588 solum
943 2559 971 2586 in

188 2615 238 2635 nos
251 2608 323 2642 ipsos
338 2606 422 2640 iniqui
437 2606 549 2638 erimus,
562 2605 609 2633 sed
629 2613 681 2633 una
698 2606 839 2634 nobiscum
857 2605 970 2641 perditis

187 2655 269 2682 etlam
290 2653 361 2686 aliis,
384 2652 480 2687 duplex
505 2652 666 2687 supplicium
681 2652 884 2680 sustinebimus.
903 2650 970 2678 Nam

187 2707 249 2728 eum
268 2699 388 2728 seductis
410 2703 437 2726 et
460 2698 580 2733 improbe
603 2698 755 2726 viventibus
774 2698 808 2724 ad
826 2697 970 2731 imaginem

185 2747 216 2781 et
231 2743 345 2772 formam
363 2745 470 2772 virtutis
495 2744 625 2779 propositi
648 2750 708 2770 esse
730 2742 902 2772 debebamus,
922 2748 968 2767 oc-

188 2791 262 2820 casio
273 2790 390 2818 scandali
408 2790 471 2817 facti
489 2797 594 2817 sumus.
614 2788 682 2821 Quid
708 2788 739 2814 ad
758 2788 812 2815 haec
827 2787 970 2814 Christus?

191 2846 202 2863 ι
223 2836 273 2870 Qui
287 2836 509 2865 scandalizavcril
525 2843 606 2863 unum
622 2835 654 2862 de
668 2834 771 2869 pusillis
789 2834 859 2866 istis,
878 2834 922 2867 qui
945 2833 970 2860 in

1062 2424 1178 2456 Οὐκοῦν,
1189 2424 1252 2450 ὅταν
1267 2423 1291 2448 οἱ
1305 2422 1447 2455 δοκοῦντες
1465 2423 1587 2455 ἑστάναι,
1603 2424 1694 2456 καλῶς
1711 2433 1741 2452 τε
1767 2425 1814 2452 καὶ

1025 2470 1233 2506 ἀνεπιπλήκτως
1246 2469 1398 2504 ὀφείλοντες
1409 2469 1573 2506 ζῇν,νωθροί
1585 2479 1613 2496 τε
1635 2470 1680 2497 καὶ
1697 2471 1812 2506 ρᾴθυμοι

1025 2515 1090 2550 περὶ
1106 2515 1184 2542 τοῦτο
1211 2515 1405 2550 εὑρισκόμεθα·
1424 2515 1525 2550 μᾶλλον
1541 2515 1569 2542 δὲ
1583 2516 1630 2542 καὶ
1644 2516 1673 2543 ἐν
1693 2516 1743 2552 ἴσῳ
1759 2518 1812 2548 τοῖς

1024 2560 1114 2592 ἄλλοις
1127 2561 1232 2587 ἀθετεῖν
1259 2561 1389 2596 ᾑρημένοι
1412 2561 1442 2587 τὸ
1472 2561 1585 2588 ἁνδάνον
1599 2561 1637 2596 τῷ
1662 2561 1732 2598 Θεῷ,
1753 2563 1812 2597 οὐχὶ

1026 2605 1122 2640 μόνους
1139 2607 1251 2636 ἑαυτοὺς
1263 2605 1437 2640 ἀδικήσομεν,
1465 2604 1702 2641 προσαπολλύντες
1721 2607 1750 2634 δὲ
1767 2607 1812 2634 καὶ

1024 2651 1146 2685 ἑτέρους,
1161 2650 1257 2685 διπλῆν
1269 2649 1458 2686 ὑπομενοῦμεν
1472 2651 1522 2686 τὴν
1550 2651 1669 2679 κόλασιν.
1685 2651 1750 2679 Δέον
1760 2652 1811 2687 γὰρ

1026 2695 1184 2730 προκεῖσθαι
1192 2696 1247 2727 τοῖς
1263 2695 1492 2731 πεπλανημένοις,
1501 2697 1546 2722 καὶ
1559 2696 1608 2731 ζῇν
1616 2696 1665 2723 οὐκ
1676 2696 1811 2729 ἐθέλουσιν

1025 2740 1120 2775 ὀρθῶς,
1135 2741 1174 2772 εις
1188 2742 1279 2767 εἰκόνα
1290 2741 1336 2767 καὶ
1348 2740 1520 2769 ὑποτύπωσιν
1536 2742 1645 2777 ἀρετῆς,
1663 2743 1711 2769 καὶ
1729 2751 1810 2770 σκαν-

1024 2786 1102 2812 δάλου
1122 2787 1272 2822 γεγόναμεν
1285 2787 1407 2822 ἀφορμή.
1440 2786 1472 2813 Τί
1484 2785 1531 2813 οὖν
1545 2787 1559 2813 ὁ
1575 2787 1710 2823 Χριστός;
1735 2796 1744 2814 ι
1764 2789 1809 2820 ’ος

1026 2833 1072 2859 ἐὰν
1081 2833 1243 2869 σκανδαλίσῃ
1254 2833 1301 2859 Eva
1310 2832 1363 2858 τῶν
1371 2832 1477 2868 μικρῶν
1491 2832 1594 2860 τούτων
1606 2833 1661 2861 τῶν
1670 2833 1808 2861 πιστευόν-
