1913 3042
127 217 176 246 H5

603 228 869 257 ZOMMENTARIUS
890 230 921 257 IN
943 231 1058 258 OSEAM
1076 233 1296 263 ΡΒΟΡΠΕΤΑΜ.

1713 243 1762 271 ίιὶϐ

129 277 217 333 αὐτοῖς
234 283 387 316 συμφορᾶς
405 287 592 321 προμνήστρια
609 288 720 322 γέγονεν
740 289 871 324 ὸμολογου
876 290 920 325 μέ-

976 291 1075 318 tionem
1106 293 1264 327 importasse
1281 295 1332 323 illis
1358 297 1520 332 impietatem
1535 303 1561 326 et
1583 299 1707 333 iniuriam
1735 304 1760 328 in

131 324 218 371 νιοςή
241 326 283 357 εις
302 327 373 355 om
401 331 512 358 ἀσέϐειὰ
538 341 568 358 τε
594 334 640 360 καὶ
668 334 756 370 ὕϐρις,
778 324 924 371 δεδίδαχεν,

134 370 226 418 εἰπὼν,
243 372 284 408 μὴ
301 374 335 401 ἂν
348 376 450 412 ἑτέρως
463 379 554 411 αὐτοῖς
576 380 606 407 τὸ
631 381 681 416 τῆς
699 381 841 414 ἀσθενείας
856 370 927 418 συμ-

134 416 263 451 ῦήσεσθαι
277 420 377 454 πάθος,
392 422 450 448 ἀλλ’
463 423 479 458 ἢ
496 425 585 459 μόνον,
602 426 642 452 ὅτι
654 436 662 452 ι
679 427 884 462 Ἀσθενήσουσιν
893 416 925 455 εν

135 465 192 494 ταῖς
219 463 342 497 ἀδικίαις
374 467 474 496 αὐτῶν.
503 479 511 495 ι
539 471 681 507 Χρήσιμογ
710 471 756 499 οὖν
786 473 840 509 ἄρα
877 474 924 501 καὶ

134 509 352 556 ⁴ιιξιέιλιρέοηιατόν
376 514 483 549 ἀληθῶς
499 517 514 551 ἡ
531 517 570 548 εἰς
594 517 660 544 Θεὸν
689 519 821 552 εὐσέϐεια,
838 520 872 547 δι’
890 518 923 556 ἦς

135 553 165 579 ἂν
181 553 288 588 γένοιτο
302 557 349 584 καὶ
365 558 396 584 τὸ
408 559 492 586 ὲονῶν
505 561 632 589 δύνασθαι
644 565 761 598 κρατεῖν,
774 565 820 591 καὶ
836 553 924 593 πάνέα

137 598 238 632 ίτλύειν
256 603 408 637 κατορθοῦν
421 605 549 638 εὐκόλως.
562 608 616 634 Καὶ
627 609 766 644 ἀληθεύων
777 611 896 645 ἔφασκεν
911 614 924 639 ὁ

135 645 241 680 Σωτὴρ,
257 647 299 674 ὅτι
316 657 324 673 ι
343 650 435 685 Χωρῖς
449 651 516 686 ἐμοῦ
534 653 564 679 οὐ
579 653 693 681 δύνασθε
709 656 798 683 οὐδέν.
821 666 830 683 t
849 657 924 685 Ψάλ-

134 691 296 738 λειᾉδέλπου
323 695 370 722 καὶ
391 697 406 722 ὁ
433 698 604 735 Δαδὶδ,ὀρθὰ
633 703 740 736 φρονεῖν
768 703 921 738 ᾑρημένος,

137 745 146 761 ι
165 736 254 771 ’ἰσχύς
267 746 318 772 μου
330 740 377 766 καὶ
392 740 506 776 ὖμνησίς
519 751 570 778 μου
581 743 594 769 ὁ
609 745 719 780 Κύριος.
735 755 744 772 ν

167 781 248 809 Μετὰ
263 784 419 817 προϐάτων
440 787 488 813 καί
501 788 628 822 μόσχων
644 791 853 824 πορεύσονται,
869 793 922 820 τοῦ

134 826 296 861 ἐκζητῆσιιι
322 830 376 857 τὸν
403 832 523 866 Κύριον,
539 833 587 860 καί
612 835 655 869 μὴ
669 835 797 869 εὕρωσιν·
812 838 920 864 αὐτόν·

134 871 177 898 ὅτι
190 872 348 904 ἐξέκλινεν
361 876 413 903 ἀπ’
427 877 536 912 αὐτῶν,
555 879 598 905 ὅτι
622 881 676 906 τὸν
691 881 802 915 Κύριον
819 883 923 917 ἐγκατ-

133 917 251 962 sita/or"
275 919 320 947 ὅτι
334 921 425 949 τέκνα
436 923 579 958 ἀλλότρια
591 925 798 961 ἐγεννήθησαν
809 927 921 962 αὐτοῖς.

978 337 1059 363 Deum
1080 337 1171 365 docuit
1199 347 1260 367 cum
1280 341 1356 375 dixit,
1384 351 1436 370 non
1462 344 1541 371 aliter
1568 345 1635 379 ipsis
1662 345 1760 372 tnalum

977 382 1140 411 inﬁrmitatis
1158 390 1328 419 eventurum,
1345 389 1394 417 nisi
1407 389 1469 424 quia
1480 398 1489 415 ι
1510 391 1759 424 inﬁrmabunturiu

976 428 1162 463 iniquitatibus
1182 431 1263 457 suis.)
1281 431 1356 460 Utilis
1370 435 1460 469 igitur,
1476 441 1502 463 et
1520 444 1563 464 res
1576 437 1697 472 profecto
1713 436 1761 464 Iio-

976 473 1049 500 noris
1065 474 1220 508 plenissima
1234 476 1320 510 pietas
1334 484 1395 513 erga
1413 479 1506 513 Deum,
1522 482 1599 516 cujus
1612 490 1662 516 ope
1677 483 1758 510 etiam

975 518 1068 546 lmstes
1083 520 1196 554 domari,
1217 526 1243 548 et
1256 522 1346 549 omnia
1364 523 1420 550 ﬁeri
1436 533 1494 552 eum
1509 526 1587 554 laude
1606 533 1687 563 atque
1704 529 1758 555 vir-

978 569 1033 592 tute
1052 565 1131 593 facile
1153 572 1261 602 queant,
1276 575 1307 594 ac
1330 575 1409 596 Verus
1426 575 1467 597 est
1487 570 1609 600 Salvator
1626 581 1686 601 cum
1713 574 1755 600 di-

975 609 1032 636 cit:
1048 619 1057 636 ‹
1078 610 1142 638 Sine
1164 619 1206 639 tne
1223 612 1288 639 nihil
1304 614 1417 647 potestis
1431 614 1519 643 facere
1536 617 1585 644 “.t
1614 617 1708 645 Psallit’
1731 624 1759 645 et

975 651 1059 680 David
1091 655 1188 682 alicubi
1206 663 1239 683 ex
1265 664 1328 685 vero
1357 665 1456 686 sensu:
1473 670 1481 685 ‹
1500 659 1639 688 Fortitudo
1651 667 1677 689 ct
1703 663 1759 690 laus

975 705 1033 725 mea
1055 698 1182 728 Dominus
1191 701 1222 728 ⁸⁷.
1231 711 1239 727 ι
1726 701 1730 705 θ

1008 786 1062 822 85
1080 787 1162 817 Vens.
1183 790 1209 823 (ἰ,
1227 791 1253 819 7.
1269 791 1335 820 Cum
1352 794 1441 820 ovibus
1469 799 1494 821 et
1520 795 1608 822 vitulis
1634 795 1715 828 ibunt,
1732 802 1758 823 ut

973 839 1091 866 queram
1115 835 1266 870 Dominum,
1278 843 1301 865 et
1329 847 1381 865 non
1406 840 1532 867 int-eniam
1544 849 1623 873 eum;
1644 841 1759 868 declina-

974 878 1009 904 vit
1035 880 1103 906 enim
1128 881 1160 907 ab
1186 882 1250 913 illis,
1273 884 1334 918 quia
1365 884 1504 912 Dominum
1532 886 1700 921 reliquerunt,
1733 892 1758 914 el

973 922 1023 956 ﬁlii
1036 924 1117 951 alieni
1139 927 1194 953 nati
1211 933 1283 956 sum.
1296 929 1374 956 Nunc
1399 931 1531 959 devoravit
1545 940 1587 959 eos
1610 932 1711 968 rubigo,
1733 938 1772 962 et.

132 961 197 988 Νῦν
209 964 410 999 καταφάγεται
432 967 543 1000 αὐτοὺς
564 969 583 1002 ἡ
609 969 732 1005 ἑρυσίϐη
745 992 752 1003 ,
785 971 833 998 καὶ
853 973 923 1006 τοὺς
939 973 959 1000 Β
972 974 1054 996 εονιεε
1077 979 1176 998 eorum-

132 1006 268 1041 κλήρους
286 1009 394 1038 αὐτῶν.

167 1052 232 1080 NE'.
253 1054 366 1090 Ἀληθὲς
391 1057 489 1092 ὁρᾶται
516 1059 559 1086 διὰ
587 1062 774 1097 πραγμάτων,
793 1063 832 1090 ὅτι
852 1064 924 1091 καθά

132 1105 216 1132 φησιν
230 1098 400 1133 ὀθεσπέσιος
426 1103 543 1138 Παῦλος,
563 1105 693 1133 ἀδύνατον
720 1106 789 1143 αἷμα
811 1108 919 1144 ταύρων

132 1143 180 1170 καὶ
192 1145 304 1180 τράγων
321 1147 431 1181 ἀφελεῖν
457 1149 605 1185 ἁμαρτίας,
623 1153 671 1179 καὶ
689 1152 761 1180 ἔστιν
776 1143 923 1188 ἀπρόσιτος

130 1189 176 1215 διὰ
188 1191 275 1225 νόμου
291 1192 367 1224 Θεός.
383 1193 475 1229 Νόμον
495 1195 522 1222 δέ
537 1205 618 1231 φημι,
634 1198 682 1232 τὴν
697 1199 768 1225 κατὰ
780 1200 862 1234 νόμον
875 1200 923 1226 λα-

131 1235 238 1269 τρείαν,
260 1236 311 1272 τὴν
329 1237 363 1264 δι’
390 1239 513 1273 αἱμάτων
533 1241 581 1268 καὶ
612 1242 722 1271 θυσιῶν.
747 1244 850 1272 Οὐκοῦν
870 1244 922 1271 κᾶν

131 1281 299 1315 προσάγοιεν
312 1282 337 1309 οἱ
353 1282 382 1315 ἐξ
405 1284 510 1319 Ἰσραὴλ
537 1285 572 1312 τὰ
598 1288 780 1323 νενομισμένα
797 1289 920 1325 θύματα,

130 1326 187 1352 τῶν
203 1327 322 1359 ἀνοσίως
349 1329 441 1362 αὐτοῖς
465 1331 655 1367 ὲπταισμένων
687 1334 854 1367 ἐξαιτοῦντες
874 1336 922 1372 τὴν

131 1374 240 1408 ἄφεσιν,
259 1375 342 1411 ἤγουν
358 1376 408 1411 τὴν
434 1378 501 1413 πρὸς
513 1378 558 1406 τὸν
572 1380 640 1407 Θεὸν
655 1380 800 1416 ζητοῦντες
815 1384 922 1410 οἰκείω-

132 1428 184 1452 etv,
202 1420 254 1447 οὐκ
270 1421 303 1448 ἂν
318 1422 462 1456 ὲςρίκοιντο,
484 1424 576 1459 φησὶν,
594 1425 648 1452 οὐδ’
663 1426 697 1453 ἂν
709 1427 867 1460 ἑξανύσειαν
890 1430 922 1456 τὸ

133 1466 272 1501 εὑρίσκειν
299 1467 428 1495 δύνασθαι
455 1469 501 1496 τὸν
518 1470 594 1502 Θεὸν,
613 1471 670 1498 ἀλλ’
684 1473 738 1499 οὐδ’
758 1473 790 1500 ἂν
817 1474 922 1508 γένοιτο

132 1511 263 1545 προσιτδς
274 1513 332 1545 τοῖς
342 1511 413 1540 οὕτω
428 1515 686 1549 μεταγινώσκουσιν.
698 1518 860 1554 Εὑρίσκεται
868 1520 922 1557 γὰρ

131 1557 175 1583 δια
191 1558 279 1593 μόνης
303 1559 354 1594 τῆς
374 1560 404 1586 ὲν
428 1561 537 1597 Χριστῷ
551 1561 633 1598 ζωῆς,
654 1560 688 1599 ἦς
711 1565 744 1591 ἂν
758 1567 842 1592 νοοῖτο
857 1575 923 1602 προ-

131 1602 241 1637 εισϐολὴ
254 1602 285 1629 τὸ
306 1603 382 1639 ῥῆμα
400 1606 450 1640 τῆς
464 1606 591 1638 πίστεως,
605 1609 653 1634 καὶ
664 1609 775 1644 προσέτι
792 1611 878 1646 τούτῳ
892 1611 922 1638 τὸ

1009 1061 1062 1089 LV.
1077 1062 1131 1090 Res
1141 1063 1199 1098 ipsa
1214 1066 1370 1100 comprobat
1387 1067 1458 1102 quod
1473 1068 1581 1096 divinus
1597 1068 1694 1096 Paulus
1709 1070 1756 1102 ait,

974 1107 1130 1143 sanguinem
1153 1113 1290 1137 taurorum
1311 1116 1357 1138 aut
1374 1112 1510 1140 hircorum
1526 1113 1633 1140 abolere
1647 1118 1757 1148 peccata

974 1161 1025 1181 non
1048 1151 1127 1188 posse
1139 1154 1171 1188 ³⁸,
1187 1160 1214 1182 et
1229 1162 1276 1190 per
1294 1156 1377 1190 legem
1396 1164 1534 1185 accessum
1554 1158 1587 1185 ad
1604 1159 1687 1185 Deum
1703 1167 1756 1186 non

974 1200 1049 1232 dari,
1073 1200 1157 1235 legem
1175 1206 1262 1228 autem
1286 1203 1346 1230 dico
1370 1203 1472 1230 cultum
1497 1204 1643 1231 secundum
1659 1204 1755 1238 legem.

973 1251 1021 1278 per
1051 1246 1195 1279 sanguines
1215 1251 1242 1273 et
1268 1247 1412 1274 sacriﬁcia.
1432 1247 1535 1283 Itaque,
1551 1248 1612 1276 licet
1644 1248 1758 1277 oﬁ'eraut

973 1289 1099 1318 Israelita:
1117 1291 1219 1320 hostias
1236 1291 1376 1326 legitimas,
1394 1292 1523 1320 scelerate
1545 1293 1676 1321 factorum
1698 1302 1758 1321 suo-

973 1344 1032 1364 rum
1053 1337 1274 1365 condonationem
1301 1343 1422 1372 petentes
1435 1360 1442 1371 ,
1460 1339 1517 1367 sive
1543 1340 1757 1375 coniunctionem

973 1389 1033 1410 eum
1059 1383 1113 1410 Deo
1132 1389 1158 1410 et
1180 1384 1326 1411 amicitiam
1349 1391 1511 1419 quaerentes,
1526 1394 1578 1413 non
1602 1394 1660 1414 eam
1682 1394 1756 1414 asse-

973 1433 1104 1462 quentur,
1119 1429 1219 1465 inquit,
1242 1437 1326 1465 neque
1355 1431 1495 1466 proﬁcient
1523 1432 1555 1459 ad
1578 1432 1660 1459 Deum
1685 1433 1758 1460 inve-

973 1474 1111 1506 niendum,
1130 1482 1217 1510 neque
1241 1476 1285 1502 tali
1310 1477 1389 1503 modo
1405 1476 1598 1511 paenitentibus
1610 1477 1699 1505 aditus
1724 1478 1757 1503 ad

972 1529 1033 1549 eum
1048 1522 1159 1557 patebit.
1181 1522 1232 1549 Per
1254 1523 1339 1550 solam
1364 1523 1463 1558 quippe
1494 1524 1576 1551 vitam
1600 1524 1626 1550 in
1649 1523 1758 1551 Christo

973 1569 1117 1600 invenitur.
1145 1569 1222 1603 cuius
1256 1569 1372 1604 prmvius
1398 1570 1536 1604 ingressus
1551 1570 1643 1597 haberi
1670 1574 1758 1604 potest

973 1614 1082 1640 verbum
1099 1613 1171 1648 ﬁdei,
1196 1618 1298 1641 etcum
1319 1621 1351 1642 eo
1375 1615 1493 1642 salutare
1513 1616 1657 1650 baptisma.
1684 1615 1758 1642 fami-

133 1648 266 1684 σωτήριον
283 1649 437 1686 βάπτισμα,
453 1653 503 1687 τὴν
520 1654 549 1680 ἐν
577 1654 712 1690 πνεύματι
726 1656 793 1692 πρὸς
804 1657 870 1684 Θεὸν
881 1659 920 1684 ol-

974 1659 1065 1687 liarem
1082 1668 1143 1688 cum
1160 1661 1214 1688 Deo
1232 1661 1449 1695 coniunctionem
1466 1662 1492 1688 in
1513 1662 1614 1696 Spiritu
1629 1661 1756 1689 eiﬁeiens.

132 1694 242 1721 κείωσιν
264 1695 422 1730 προξενοῦν.
438 1698 551 1733 Οὐκοῦν,
562 1700 612 1727 οὐκ
628 1700 661 1727 ἂν
674 1700 750 1737 εὕροι
761 1702 805 1729 τὸν
820 1702 922 1738 Κύριον

132 1737 147 1763 ὸ
172 1738 283 1774 Ἰσραὴλ
304 1740 349 1767 διὰ
374 1749 407 1775 γε
433 1743 484 1777 τῆς
504 1744 575 1770 κατά
597 1745 679 1778 νόμον
698 1746 834 1782 λατρείας.
862 1737 922 1775 Ἑκ-

132 1783 241 1810 κέκλικε
254 1785 309 1820 γὰρ
322 1786 369 1813 ἀπ’
381 1788 480 1820 αὐτῶν,
492 1789 533 1816 ὃτι
548 1790 595 1816 καὶ
606 1791 682 1818 αὐτοὶ
697 1793 920 1823 καταλελοίπασιν

132 1828 221 1862 αὐτὸν,
233 1830 429 1866 ἀποπηδῶντες
449 1834 575 1861 τοσοῦτον
585 1855 593 1866 ,
615 1836 653 1869 ὡς
668 1837 715 1864 καὶ
729 1838 831 1865 τέκνων
843 1833 921 1867 ἀλλο-

132 1873 215 1908 τρίων
239 1875 369 1909 γενέσθαι
398 1878 525 1914 πατέρες.
556 1890 565 1906 ι
587 1881 725 1918 Ἀλλότρια
754 1884 783 1910 δὲ
808 1885 892 1913 τέκνα
908 1896 918 1912 ι

132 1920 207 1954 φησὶ,
221 1921 256 1947 τὰ
268 1918 326 1948 οἷον
338 1924 371 1949 ἐκ
391 1924 507 1960 μήτρας,
521 1926 567 1952 καὶ
583 1927 612 1959 ἐξ
625 1928 715 1955 αὐτῶν
731 1929 784 1956 τῶν
794 1932 920 1967 σπαργά-

133 1972 198 1997 νων,
213 1967 276 1998 ταῖς
303 1967 358 1994 τῶν
384 1968 500 1997 εἰδώλων
521 1971 687 2008 ἀνακείμενα
711 1974 811 2010 δόξαις,
835 1984 920 2012 προσ-

132 2010 255 2046 αγόντὼν
264 2014 336 2049 τάχα
349 2024 401 2042 που
415 2018 471 2048 τοῖς
483 2017 630 2053 δαιμονίοις
640 2020 673 2047 τά
685 2010 864 2058 χαριστήρια..
873 2025 921 2051 καὶ

131 2058 178 2089 τὰς
191 2060 240 2086 ἐπὶ
252 2062 313 2092 ταῖς
320 2062 397 2088 ὠδῖσι
412 2063 515 2098 Θυσίας,
524 2065 579 2092 τῶν
587 2066 920 2104 γεγεν[ν]ηκότων.Τέκνα

131 2105 217 2133 τοίνυν
231 2107 372 2143 ἀλλότρια,
387 2110 421 2137 τὰ
439 2111 475 2146 μὴ
489 2113 517 2138 ὲν
538 2113 597 2148 Θεῷ
611 2122 616 2128 ·
632 2113 649 2149 ἣ
670 2115 731 2141 καθ’
752 2115 844 2152 ἕτερον
858 2117 921 2152 τρό-

131 2160 189 2185 πον,
200 2153 236 2180 τὰ
252 2154 284 2180 ὲκ
300 2156 437 2188 γυναικῶν
464 2157 624 2192 ἀλλογενῶν.
647 2161 845 2196 Ἐπεμίγνυντο
865 2163 920 2199 γὰρ

130 2197 339 2233 ἀπερισκέπτως
350 2203 374 2228 οί
388 2202 417 2235 ἐξ
432 2204 540 2240 Ἰσραὴλ
553 2206 613 2237 ταῖς
627 2205 680 2233 τῶν
691 2207 776 2235 ἐθνῶν
787 2197 920 2245 Θυγατρά-

131 2252 180 2276 σιν,
198 2245 460 2283 είδωλολατρούσαις
480 2250 530 2283 ἔτι,
547 2251 634 2278 καίτοι
655 2252 701 2279 τοῦ
723 2254 805 2289 νόμου
828 2254 920 2290 λέγον-

129 2297 173 2321 τος
192 2291 319 2326 ἐναργῶς
333 2293 374 2325 τὸ,
389 2294 426 2329 μὴ
440 2294 494 2321 δεῖν
518 2297 700 2324 συνάπτεσθαι
716 2299 842 2334 γαμικῶς
860 2301 917 2332 τοῖς

128 2335 295 2370 ἀλλογενέσι.
319 2339 400 2375 ιΤὴν
429 2340 565 2378 θυγατέρα
592 2351 638 2370 σου
666 2344 735 2380 γὰρ,
767 2346 866 2381 φησὶν,
888 2347 917 2373 οὺ

127 2381 224 2414 δώσεις
240 2384 280 2419 τῷ
296 2385 347 2420 υίῷ
358 2386 452 2418 αὐτοῦ,
479 2388 527 2415 καὶ
553 2389 603 2425 τὴν
627 2390 766 2426 θυγατέρα
787 2391 870 2419 αὑτοῦ
887 2393 918 2419 οὐ

127 2425 198 2463 λήψῃ
213 2428 254 2463 τῷ
273 2429 325 2464 υἱῷ
341 2439 388 2457 σου
401 2437 409 2444 ·
430 2432 571 2470 ἀποστήσῃ
589 2434 643 2470 γὰρ
655 2435 700 2462 τὸν
724 2425 781 2463 υἱόν
805 2445 853 2463 σου
869 2438 918 2465 ἀπ’

127 2473 204 2520 ἐμοῦ,
213 2475 263 2501 καὶ
271 2476 415 2511 πορευθεὶς
423 2478 566 2515 λατρεύσει
582 2480 652 2513 θεοῖς
665 2482 794 2517 ἑτέροις.)
810 2484 918 2520 Ἐπειδὴ

126 2519 212 2546 ταῦτα
222 2520 380 2557 δεδράκασι,
398 2533 407 2548 ι
419 2525 614 2560 Καταφάγεται
628 2527 726 2560 αὐτοὺς
768 2529 893 2566 ὲρυσίόη.

128 2566 260 2602 Σημαίνει
285 2567 314 2595 δὲ
340 2570 422 2596 πάλιν
446 2572 652 2607 αἰνιγματωδῶς
681 2574 725 2601 διὰ
745 2575 840 2602 τούτου
868 2577 918 2611 τὴν

129 2611 261 2648 ἐσομένην
275 2614 368 2646 αὐτοῖς
387 2615 507 2642 κάκωσίν
531 2626 561 2644 τε
588 2619 635 2645 καὶ
651 2618 751 2655 βλάϐην
762 2621 794 2647 ὲκ
808 2622 858 2656 τῆς
871 2621 918 2648 τοῦ

129 2656 248 2692 πολέμου
263 2659 429 2694 προσϐολῆς,
443 2661 492 2687 οὐκ
506 2662 640 2695 ἀνικάνως
655 2665 769 2700 ἐχούσης
786 2666 918 2702 ἐρυσίϐης

127 2701 203 2733 δίκην
230 2704 365 2738 ἀφανίσαι
388 2705 482 2738 δεινῶς
506 2709 603 2741 αὐτούς
624 2718 653 2736 τε
684 2711 732 2737 καὶ
759 2711 792 2738 τὰ
812 2712 916 2739 αὐτῶν

127 2747 206 2774 τοῦτο
219 2749 275 2784 γὰρ
294 2750 320 2776 οἱ
347 2750 453 2786 κλῆροι.
470 2753 530 2780 Ὀτι
551 2754 580 2781 δὲ
597 2755 634 2790 μὴ
649 2757 689 2787 εἰς
702 2757 846 2792 ὑπέρθεσιν
872 2759 919 2784 καὶ

129 2796 272 2832 ἀνακωχὴν
288 2798 303 2824 ὸ
325 2798 456 2833 πόλεμος,
480 2800 538 2827 ἀλλ’
560 2801 642 2833 εὐθὺς
665 2802 711 2828 καὶ
743 2803 917 2835 καταπόδας,

129 2843 376 2879 πεπληροφόρηκεν
394 2844 489 2872 εἰπών·
521 2855 531 2872 ι
545 2847 602 2873 Νῦν
618 2848 806 2883 καταφάγεται
819 2849 919 2880 αὐτοὺς

160 2936 182 2954 ²⁶
193 2935 275 2967 Joan.
291 2945 338 2971 xv,
358 2938 384 2964 ὅ.

973 1705 1061 1739 Quare
1079 1706 1162 1733 Israel
1187 1706 1328 1734 Dominum
1351 1715 1399 1741 per
1415 1707 1481 1742 legis
1502 1707 1678 1735 etrremonias
1704 1715 1758 1734 non

972 1753 1110 1780 inveniet:
1127 1753 1271 1780 declinavit
1293 1753 1364 1780 enim
1382 1753 1416 1780 ab
1429 1753 1503 1788 ipsis,
1525 1754 1650 1788 quoniam
1671 1758 1697 1781 et
1709 1753 1758 1787 ipsi

971 1798 1168 1834 dereliquerunt
1182 1807 1256 1832 eum,
1277 1806 1361 1834 usque
1374 1800 1440 1826 adeo
1460 1799 1625 1831 resilientes,
1637 1804 1666 1826 ut.
1681 1804 1707 1826 et
1726 1799 1757 1825 ii-

971 1843 1068 1871 Iiorum
1091 1844 1239 1871 alienorum
1259 1849 1350 1878 patres
1374 1845 1478 1872 ﬁerent.
1507 1854 1516 1871 ι
1537 1845 1643 1872 Alieuos
1661 1844 1729 1871 ﬁlios
1747 1854 1756 1870 ι

972 1889 1102 1922 nominat,
1115 1890 1160 1923 qui
1181 1890 1258 1924 quasi
1278 1897 1311 1916 ex
1338 1894 1414 1916 utero
1438 1894 1465 1917 et
1478 1890 1511 1917 ab
1529 1890 1594 1924 ipsis
1620 1889 1758 1916 cunabulis

971 1934 1054 1961 cultui
1079 1935 1209 1962 idolorum
1236 1935 1335 1962 addicti
1364 1941 1444 1968 sunt,
1471 1935 1626 1970 parentibus
1647 1935 1756 1963 forsitan

971 1985 1017 2006 eos
1046 1980 1210 2007 daemonibus
1232 1988 1280 2016 pro
1307 1988 1418 2008 munere
1444 1981 1608 2015 gratiarum,
1625 1983 1693 2008 etin
1711 1989 1757 2007 sa—

973 2024 1104 2052 criﬁcium
1123 2033 1172 2060 pro
1186 2025 1254 2053 felici
1278 2031 1355 2061 partu
1369 2026 1478 2053 obtento
1501 2025 1690 2058 oITerentibus;
1710 2030 1757 2051 aut

971 2069 1068 2102 aliter,
1089 2071 1133 2104 qui
1161 2071 1216 2097 nati
1250 2076 1312 2098 sunt
1342 2078 1373 2097 ex
1403 2070 1558 2098 mulieribus
1586 2071 1754 2105 alienigenis.

970 2115 1044 2142 Citra
1068 2115 1151 2142 ullum
1173 2117 1271 2151 quippe
1290 2116 1419 2151 pudorem
1442 2117 1488 2151 qui
1507 2116 1540 2144 de
1560 2116 1640 2144 Israel
1666 2121 1756 2146 erant,

971 2171 1030 2191 cttm
1064 2164 1182 2199 gentium
1215 2164 1321 2192 ﬁliabus
1348 2165 1496 2192 etiamnum
1514 2163 1585 2191 idola
1607 2163 1758 2190 colentibus

971 2215 1083 2242 corpora
1107 2208 1282 2243 copulabant,
1299 2208 1404 2236 tametsi
1420 2208 1461 2235 iex
1476 2208 1629 2242 huiusmodi
1651 2208 1758 2242 nuptias

970 2261 1097 2288 expresse
1110 2259 1224 2282 vetaret.
1243 2254 1287 2281 Ait
1302 2254 1372 2282 enim
1387 2263 1394 2281 :
1412 2265 1421 2280 ‹
1439 2254 1534 2281 Filiam
1552 2259 1624 2281 tuam
1643 2261 1695 2280 non
1709 2254 1757 2280 da-

971 2299 1013 2327 bis
1038 2300 1092 2327 ﬁlio
1111 2300 1178 2334 cius,
1193 2306 1220 2327 et
1237 2301 1318 2328 ﬁliam
1335 2302 1393 2337 eius
1406 2310 1458 2329 non
1477 2301 1592 2335 accipies
1616 2300 1668 2327 ﬁlio
1690 2304 1754 2326 tuo:

971 2349 1074 2372 avertct
1085 2346 1155 2373 enim
1179 2346 1260 2373 ﬁlium
1287 2351 1362 2374 tuum
1380 2355 1395 2374 a
1411 2355 1453 2374 me
1466 2369 1472 2381 ,
1491 2352 1518 2374 et
1534 2346 1632 2373 vadens
1658 2345 1757 2372 serviet

971 2391 1022 2418 diis
1039 2392 1133 2419 alienis
1148 2392 1181 2418 δὴ
1194 2401 1203 2418 ›
1218 2392 1350 2425 Quoniam
1365 2398 1454 2420 autem
1470 2393 1526 2420 haec
1539 2392 1671 2423 iecerunt,
1684 2400 1693 2416 ‹
1714 2392 1758 2417 dc-

968 2438 1075 2464 vorabit
1093 2445 1139 2465 eos
1155 2438 1275 2473 rubigo.»
1297 2438 1348 2465 Per
1361 2439 1430 2473 quod
1443 2443 1472 2465 ut
1484 2439 1510 2465 in
1522 2437 1664 2472 mnigmate
1678 2437 1757 2471 sigtti<

971 2483 1042 2515 ﬁcat,
1059 2491 1138 2517 quam
1165 2483 1335 2511 amictionem
1356 2480 1539 2518 damnumque
1562 2483 1677 2510 subituri
1702 2482 1757 2509 siut

970 2536 1002 2555 ex
1020 2530 1197 2564 impressione
1226 2530 1328 2563 hostili,
1351 2530 1429 2564 cuius
1452 2537 1504 2556 non
1529 2529 1681 2556 minor‘vis
1705 2529 1758 2556 erit

972 2582 1052 2609 quam
1074 2575 1204 2610 rubiginis
1219 2575 1251 2602 ad
1270 2576 1353 2609 ipsos,
1368 2580 1395 2602 et
1419 2583 1478 2610 qua:
1503 2576 1623 2610 ipsorum
1635 2580 1698 2603 sunt
1710 2574 1757 2603 mi-

971 2628 1031 2649 sere
1044 2621 1219 2656 disperdcnda
1233 2630 1239 2647 :
1256 2621 1306 2648 hoc
1323 2622 1393 2648 cnim
1409 2627 1471 2648 sunt
1489 2622 1566 2653 cleri,
1582 2622 1638 2648 sive
1650 2627 1748 2650 sortes.

972 2667 1047 2701 Quod
1070 2675 1131 2694 vero
1153 2668 1251 2695 bellum
1273 2667 1340 2694 citra
1368 2667 1636 2701 procrastinationem
1663 2672 1690 2694 et
1713 2669 1755 2694 iu-

972 2714 1065 2741 ducias
1089 2713 1114 2741 in
1138 2714 1249 2748 vestigio
1274 2715 1324 2746 sit,
1351 2717 1425 2741 certo
1449 2713 1561 2745 astruit,
1583 2720 1643 2739 cum
1671 2713 1751 2740 dicit:

974 2767 982 2784 ι
1001 2758 1076 2785 Nune
1095 2759 1216 2786 comedet
1231 2765 1277 2785 eos
1297 2759 1399 2793 rubigo.
1415 2767 1424 2784 ι
1456 2757 1567 2785 Perinde
1582 2765 1613 2784 ac
1627 2758 1647 2784 si
1661 2758 1731 2785 dicat
1745 2766 1754 2784 :

976 2804 1061 2831 Verba
1077 2813 1134 2832 mea
1165 2805 1281 2832 tristium
1304 2804 1468 2839 experientia
1497 2807 1652 2838 sequentur.
1671 2810 1754 2837 prope

971 2855 1032 2876 sunt
1049 2848 1156 2883 iam,et
1175 2854 1237 2878 ante
1256 2849 1326 2877 lores
1347 2856 1482 2877 mrumuze.
1495 2848 1550 2883 86
1567 2848 1687 2876 Restabit
1704 2848 1753 2881 igi-

426 2938 446 2954 ”
464 2938 522 2967 Psal
551 2948 632 2973 CXVII,
653 2941 692 2968 Ii.
733 2942 753 2957 ³⁷⁸
772 2941 852 2968 llebr.
867 2949 905 2974 ix,
926 2940 965 2967 12.
1006 2942 1026 2957 π*
1046 2941 1119 2969 Deut.
1138 2945 1185 2975 tm,
1207 2940 1233 2973 5,
1249 2941 1273 2967 4.
