1913 3042
185 163 233 190 l’il

678 162 704 187 Si
725 160 861 188 CYllllsLl
882 159 1116 188 ALEXANDRINI
1138 162 1295 192 ARCHIEI’.

1758 171 1810 198 κθ

184 223 219 248 sit
251 221 339 248 anima
373 228 430 248 mea
461 225 522 255 post
545 220 638 247 tc“.u
661 219 796 253 Suscipiet
832 219 915 249 enim.
943 226 960 245 ci

1021 221 1108 247 ἐκεῖνο
1124 222 1198 257 βοᾷν,
1219 232 1228 248 ι
1250 223 1416 259 Ἐκκολλήοη
1432 226 1447 259 ἡ
1463 225 1535 260 ψυχή
1553 235 1604 260 μου
1621 227 1709 254 ὀπίσω
1723 237 1783 255 σου.
1797 238 1806 253 ι

185 271 307 300 prompte
327 265 500 300 opitulabitur
514 265 623 291 dextera
644 264 844 298 Omnipolentis
871 272 886 292 e
916 271 966 298 qua

183 319 264 339 nemo
286 311 371 346 rapiet
385 310 417 342 “,
435 314 462 337 ut
484 309 608 337 Salvator
624 314 745 338 testatur.

219 398 300 423 Vens.
316 396 359 423 10.
375 395 451 422 Facti
468 401 528 423 sunt
552 396 679 430 principes
697 396 769 423 Juda
791 397 858 423 velut
881 401 966 424 tram-

182 449 302 477 ponerues
322 444 447 470 terminos
458 463 468 476 ,
485 451 562 477 super
579 450 621 470 eos
634 443 767 476 e/fundam
779 443 845 469 sicut
871 450 966 476 «quam

181 488 306 521 impetum
330 496 425 516 meum.

215 531 292 559 LVII.
329 532 386 560 Hoc
405 537 449 559 est
475 532 620 567 (quamvis
643 531 694 560 sub
716 531 873 566 involucro)
894 531 965 566 quod

179 577 295 610 dicebat,
312 587 322 605 ι
336 579 443 606 excedit
463 582 551 605 mente
567 578 716 613 Benjamin.
736 587 745 604 ι
762 577 870 604 Similes
893 577 963 603 enim

180 625 298 656 fuerunt,
315 624 410 658 inquit,
443 624 571 651 terminos
600 622 837 655 transferentibus,
852 626 879 649 et
899 621 963 649 olim

178 671 288 698 deﬁnita
307 670 456 705 transgredi
486 669 648 697 volentibus.
665 669 715 702 Qui
740 669 811 696 enim
838 668 886 696 soli
908 668 964 695 Deo

178 717 377 748 convenientia,
395 716 502 750 ipsique
512 716 573 750 jure
600 716 705 749 dicata,
725 715 896 746 cbaritatem,
922 715 962 741 iu-

177 770 271 797 quam,
299 763 446 794 honorem,
462 761 645 789 adorationem
666 760 726 788 aliis
748 761 879 794 tribuunt,
900 760 963 794 quia

177 808 248 834 forte
263 807 358 839 solem.
369 813 414 834 aut
427 807 527 840 lunam,
540 811 567 834 et
580 811 652 835 astra
665 807 791 842 precibus
804 807 961 839 sollicitant,

178 852 244 879 nihil
257 860 350 880 revera
363 853 465 880 faciunt
478 853 549 880 aliud
576 860 656 887 quam
671 852 743 887 quod
768 852 880 879 omnino
905 856 961 879 tero

1026 267 1211 303 ’Λντιλήψεται
1226 269 1280 303 γὰρ
1295 270 1354 296 τότε
1370 271 1416 296 καὶ
1431 268 1613 306 ἐπικουρήσει
1625 273 1776 308 προθύμως
1792 275 1809 308 ἡ

1017 311 1093 345 δεξιὰ
1111 312 1157 338 τοῦ
1174 313 1262 340 πάντα
1279 314 1415 348 ἰσχύοντος
1426 334 1433 345 ,
1457 315 1504 350 ἀφ’
1524 313 1558 351 ἦς
1575 317 1662 348 οὐδεὶς
1685 318 1808 353 ἁρπάσει

1018 357 1088 384 κατὰ
1101 358 1149 392 τὴν
1166 358 1212 384 τοῦ
1223 359 1348 395 Σωτῆρος
1362 361 1464 395 φωνήν.

1059 403 1214 437 Ἐγένοντο
1229 405 1255 431 oi
1269 405 1412 439 ἄρχοντες
1427 406 1524 434 Ἰούδα
1538 407 1578 440 ὡς
1600 408 1810 442 μετατιθέντες

1017 449 1089 483 ὅρια,
1107 449 1153 477 εντ’
1175 450 1285 484 αὐτοὺς
1299 451 1392 486 ἐκχεῶ
1406 452 1445 485 ὡς
1461 453 1537 487 ὕδωρ
1553 453 1586 480 τὸ
1606 453 1724 489 ὅρμημὰ
1735 463 1808 488 μοι’.

1041 535 1102 564 NZ'.
1111 536 1194 563 Τοῦτό
1202 537 1275 563 ἐστιν
1285 538 1489 573 αἰνιγματωδῶς
1496 539 1536 566 τὸ’
1546 539 1656 575 Ἐξέο-τη
1666 541 1807 575 Βενιαμίν.

1016 581 1147 615 Γεγόνασι
1159 582 1213 618 γὰρ
1230 584 1258 610 ὲν
1275 583 1335 618 ἴσῳ,
1350 584 1427 619 φησὶ,
1448 586 1505 616 τοῖς
1533 586 1714 620 μετατιοεῑσιν
1733 587 1807 622 ὅρια,

1016 628 1062 654 καὶ
1078 628 1252 663 ὑπερϐαίνειν
1271 629 1391 656 ὲοελουσι
1414 630 1448 657 τὰ
1474 631 1558 658 πάλαι
1572 631 1751 668 διωρισμένα.
1776 633 1809 659 Ui

1016 673 1069 708 γὰρ
1084 673 1117 700 τὰ
1134 674 1208 709 μόνῳ
1225 674 1365 710 πρέποντα
1391 675 1430 711 τῷ
1445 676 1515 711 Θεῷ,
1535 678 1581 704 καὶ
1604 678 1678 713 αὑτῷ
1694 679 1809 710 δικαίως

1015 718 1227 754 ἀνατεθειμένα,
1247 719 1297 754 τὴν
1318 720 1428 756 ἀγάπην
1441 721 1469 747 δὲ
1485 722 1568 756 λέγω,
1583 723 1632 758 τὴν
1648 723 1742 759 τιμὴν,
1758 723 1809 760 τὴν

1015 763 1198 798 προσκύνησιν
1227 764 1402 799 μεθιστάντες
1422 767 1462 798 εἰς
1487 767 1607 802 ἐτέρους,
1636 767 1680 795 διά
1702 777 1735 801 γε
1758 769 1807 795 τοῦ

1015 811 1176 844 προσκυνεῖν
1200 809 1267 845 ἡλίῳ
1283 811 1363 846 τυχὸν
1373 831 1380 842 ,
1396 812 1480 846 ἤγουν
1497 812 1598 849 σελήνῃ
1610 814 1657 840 καὶ
1678 813 1806 850 ἄστροις,

1015 853 1100 889 δρῷεν
1127 854 1160 881 ἂν
1179 855 1272 890 ἕτερον
1284 856 1370 887 οὐδὲν,
1387 857 1457 883 κατὰ.
1477 866 1509 891 γε
1530 858 1561 884 τὸ
1586 859 1674 890 εἰκὸς,
1689 860 1705 894 ἢ
1720 860 1761 886 ὅτι
1773 861 1807 895 δὴ

179 898 268 925 minos
285 902 399 925 mutant.
411 897 507 925 Judam
523 898 689 930 antem,sive
703 897 840 932 Beniamin
853 897 960 932 gloriam

1018 899 1127 932 πάντως
1144 901 1302 934 μεθιστᾶσιν
1319 902 1390 936 ὅρια.
1408 901 1470 929 Ὀτι
1484 903 1511 929 δὲ
1531 903 1579 939 τὴν
1591 891 1749 938 πρέπουσαν
1767 891 1808 940 si;

177 943 233 970 Deo
259 944 375 971 debitam
407 944 478 976 soli,
497 948 524 971 et
543 943 630 975 lume.
647 948 674 971 et
705 944 786 971 astris
812 944 964 978 dicavisse,

176 996 210 1016 ex
226 995 259 1016 eo
273 989 358 1016 claret
381 989 450 1024 quod
467 989 500 1016 ad
520 989 664 1017 lere-niam
684 990 844 1024 prophetam
855 990 893 1016 ait
913 989 965 1017 Do-

175 1035 284 1062 minus:
299 1043 309 1061 ι
322 1036 362 1071 θη
374 1043 426 1062 non
435 1035 509 1063 vides
520 1035 585 1070 quid
597 1035 638 1063 isti
658 1035 758 1062 iaciunt
771 1035 798 1062 in
813 1035 966 1062 civitatibus

175 1079 243 1108 Juda
259 1086 286 1108 et
309 1082 334 1108 in
362 1082 413 1108 viis
434 1081 605 1109 Jerusalem?
628 1081 688 1108 Filii
712 1089 807 1109 eorum
836 1081 965 1116 colligunt

175 1127 260 1162 ligna,
287 1132 314 1154 et
330 1132 419 1162 patres
433 1135 528 1156 eorum
545 1128 711 1155 succendunt
735 1127 835 1162 ignem,
851 1132 879 1155 et
906 1135 964 1155 mu-

175 1173 256 1200 lieres
276 1180 370 1201 eorum
386 1175 561 1202 commiscent
586 1173 776 1208 similaginem,
805 1178 834 1200 ut
865 1174 965 1201 faciant

175 1219 313 1253 placentas
334 1220 435 1247 militiae
448 1220 527 1252 coeli;
543 1223 570 1246 et
588 1219 741 1247 libaverunt
761 1219 888 1246 libamina
912 1219 964 1246 diis

175 1265 282 1299 alienis,
300 1270 329 1293 ut
346 1266 380 1293 ad
404 1266 571 1293 iracundiam
602 1268 748 1300 pravocent
774 1272 818 1292 me
832 1265 882 1291 “.i
898 1264 964 1292 'l‘er-

175 1311 263 1338 minos
278 1311 368 1346 itaque
389 1315 529 1339 moverunt
544 1311 677 1346 principes
694 1310 780 1338 tribus
804 1311 861 1346 89
882 1310 962 1342 Juda,

174 1357 225 1384 hoc
247 1363 299 1389 est,
314 1364 438 1392 suprema
467 1362 494 1384 et
513 1357 584 1392 regia
606 1356 827 1384 circumﬂuentes
855 1356 939 1391 g10ria
952 1375 961 1389 ,

174 1411 242 1438 quos
257 1403 352 1439 vulgus
370 1408 493 1431 errantes
517 1408 547 1430 ut
568 1402 733 1437 exemplaria
760 1403 836 1437 sequi
865 1409 963 1430 conve-

174 1450 275 1478 niebat.
298 1451 395 1478 Verum
411 1460 421 1476 ι
450 1450 537 1478 lnslar
558 1457 636 1485 aqua}
665 1457 726 1476 cum
751 1449 851 1483 impetu
872 1447 963 1476 effqu

174 1497 310 1524 effundam
333 1498 360 1524 in
380 1503 427 1524 eos
455 1497 594 1531 impetum,
615 1503 662 1523 seu
695 1495 812 1522 furorem
837 1502 959 1523 meum.)

174 1543 348 1572 Calamitatcs
371 1543 504 1576 siquidem
519 1549 534 1569 a
554 1541 610 1568 Deo
634 1541 703 1568 irato
733 1541 864 1576 impositae
883 1549 961 1576 pror-
975 1560 996 1589 ο

175 1597 221 1617 sus
242 1596 292 1616 nec
308 1588 372 1616 ferri
397 1587 570 1622 tolerarique,
589 1593 638 1613 nec
656 1585 746 1621 repelli
763 1590 878 1620 queunt,
892 1593 961 1620 quo-

174 1636 254 1664 modo
270 1635 398 1663 nimirum
417 1641 466 1661 nec
485 1641 553 1668 aqua
579 1632 661 1660 multa
679 1632 793 1660 ubertim
815 1631 899 1660 cﬂusa
916 1640 959 1660 re-

173 1681 266 1716 primi.

210 1770 291 1796 Vsus.
315 1768 344 1794 ll
360 1788 366 1799 ,
392 1767 434 1794 l2.
457 1767 589 1801 Oppressit
619 1766 745 1802 Ephreim
779 1767 959 1794 aduersarium

173 1822 261 1846 suum,
277 1818 301 1840 et
314 1813 474 1840 consult-avi!
490 1813 633 1848 judicium,
652 1813 713 1847 quia
725 1813 802 1847 coepit
818 1812 890 1839 obire
904 1817 961 1846 post

172 1868 250 1887 una.
264 1859 298 1885 Et
322 1867 368 1893 ego
388 1859 464 1893 quasi
491 1859 657 1887 conturbatio
679 1858 817 1892 Ephraim,
840 1863 864 1885 et
885 1859 961 1893 quasi

172 1905 295 1933 stimulus
308 1905 400 1944 domui
414 1904 497 1932 Iuda.

207 1996 298 2024 LVlll.
313 1997 434 2030 Quonam
461 1996 540 2023 modo
554 1995 693 2029 Benjamin
711 1999 802 2022 mente
827 1994 960 2021 alienatus

172 2044 216 2074 sit,
232 2043 303 2070 haud
318 2042 434 2069 obscure
448 2041 606 2068 declaravit.
626 2040 698 2067 Dixit
712 2041 784 2068 enim
804 2040 889 2068 laetos
901 2047 961 2068 esse

174 2089 310 2123 principes
326 2087 408 2120 Juda,
430 2092 458 2114 ut
476 2087 523 2122 qui
539 2087 669 2114 terminos
683 2086 856 2114 transferunt.
888 2086 960 2120 Quo-

172 2134 252 2162 modo
267 2137 357 2160 autem
380 2138 406 2160 et
430 2132 560 2167 Ephraim
581 2132 774 2160 desolationem
800 2140 897 2167 passus
913 2133 959 2166 sit,

172 2179 299 2213 deinceps
305 2179 416 2214 exponit
429 2178 534 2206 ctaddit
542 2187 565 2206 ι(
575 2177 714 2212 Oppressit
724 2177 852 2212 prraim
864 2178 960 2206 adver-

1015 945 1075 980 Θεῷ
1091 945 1180 978 δόξαν,
1196 946 1330 982 ἡλίῳ,καὶ
1347 947 1460 984 σελήνῃ,
1476 949 1524 976 καὶ
1542 949 1651 985 ἄστροις
1666 950 1779 977 ἁνατὲοε
1786 961 1808 977 ι-

1016 1000 1062 1018 κεν
1075 992 1090 1018 ὁ
1111 991 1219 1023 Ἰούδας,
1235 993 1318 1027 ἤγουν
1338 993 1351 1019 6
1368 994 1508 1029 Βενιαμὶν,
1535 995 1629 1030 σαφῶς
1652 995 1685 1023 ἃν
1702 997 1799 1026 νοοῖτο,

1016 1037 1084 1072 πρὸς
1104 1036 1148 1063 τὸν
1164 1038 1304 1073 προφήτην
1324 1038 1462 1074 Ἰερεμίαν
1478 1039 1604 1074 λέγοντος
1629 1041 1697 1068 Θεοῦ
1712 1049 1719 1056 ·
1740 1051 1749 1068 ι
1769 1043 1806 1069 ἹΙ

1014 1083 1064 1118 οὔχ
1075 1083 1141 1118 ὁρᾷς
1156 1084 1169 1110 ὃ
1184 1092 1209 1110 τι
1222 1081 1296 1111 οὗτοι
1307 1085 1429 1111 ποιοῦσιν
1452 1086 1481 1112 ὲν
1493 1087 1554 1118 ταῖς
1575 1087 1685 1113 πόλεσιν
1709 1087 1806 1121 Ἰούδα,

1015 1129 1062 1155 καὶ
1075 1129 1104 1156 ὲν
1116 1130 1175 1160 ταῖς
1186 1128 1256 1161 ὁδοῖς
1276 1130 1468 1166 Ἰερουσαλήμ;
1488 1132 1520 1158 Οἱ
1536 1132 1588 1158 υίοὶ
1604 1132 1694 1159 αὐτῶν
1711 1132 1807 1158 συλλέ-

1014 1181 1091 1208 γουσι
1105 1173 1186 1207 ξύλα,
1196 1175 1243 1201 καὶ
1253 1176 1276 1202 οἱ
1291 1175 1408 1211 πατέρες
1420 1176 1508 1204 αὐτῶν
1520 1177 1626 1204 καίουσι
1635 1177 1702 1213 πῦρ,
1714 1178 1761 1205 καί
1779 1179 1807 1204 αἱ

1014 1220 1141 1254 γυναῖκες
1152 1220 1242 1247 αὐτῶν
1261 1222 1383 1257 τρίϐουσι
1396 1223 1482 1254 σταὶς,
1493 1223 1541 1249 τοῦ
1552 1224 1662 1260 ποιῆσαι
1679 1225 1806 1259 χαυῶνας

1013 1267 1047 1301 τῇ
1082 1267 1197 1302 στρατιᾷ
1222 1267 1270 1294 τοῦ
1300 1268 1426 1304 οὐρανοῦ,
1454 1269 1500 1296 καὶ
1532 1269 1661 1297 ἔσπεισαν
1689 1272 1806 1303 σπονδὰς

1014 1311 1084 1343 θεοῖς
1111 1311 1278 1346 ἀλλοτρίοις,
1302 1313 1345 1339 ἵνα
1367 1313 1556 1348 παροργίσωσὶ
1578 1323 1621 1348 με.
1639 1324 1648 1340 ι
1666 1315 1750 1350 ’Όρια
1774 1308 1806 1350 δῆ

1012 1355 1059 1385 οὖν
1075 1358 1299 1393 μετατεθείκασιν
1320 1360 1344 1385 oi
1369 1359 1398 1393 es
1418 1359 1503 1386 Ἰούδα
1530 1360 1615 1395 φυλῆς
1640 1360 1804 1395 ἡγούμενοι,

1013 1403 1161 1435 τουτέστιν,
1189 1404 1214 1430 οἱ
1239 1404 1287 1439 τὴν
1303 1405 1431 1432 ἀνωτάτω
1467 1405 1512 1432 καὶ
1533 1405 1654 1440 βασιλίδα
1681 1407 1804 1442 περικεί-

1014 1457 1089 1484 μενοι
1101 1449 1189 1482 δόξαν,
1203 1446 1244 1481 οἷς
1257 1448 1291 1486 ἦν
1313 1450 1387 1482 εἰκὸς
1411 1451 1616 1478 κατακολουθεῖν
1632 1452 1740 1479 ἑλέσθαι
1758 1461 1804 1479 πε-

1013 1495 1197 1531 πλανημένοις
1209 1496 1259 1532 τὴν
1283 1496 1413 1531 ἀγελαίαν
1437 1497 1551 1532 πληθύν.
1572 1497 1641 1524 Ἀλλ’
1657 1506 1666 1523 ι
1688 1498 1804 1530 ’Υδατος

1012 1540 1090 1576 δίκην
1120 1540 1323 1576 ραγδαιοτάτου,
1354 1541 1446 1577 φησὶν,
1476 1542 1519 1568 ἐπ’
1540 1541 1638 1573 αὐτοὺς
1660 1543 1750 1577 ἐκχεῶ
1773 1543 1804 1569 τὸ

1014 1586 1128 1621 ὅρμημα
1155 1595 1217 1622 μου.
1233 1596 1242 1613 ι
1270 1586 1402 1613 Δύσοιστα
1425 1587 1497 1622 γὰρ,
1520 1587 1566 1614 καὶ
1593 1588 1736 1622 ἀφόρητα,
1756 1588 1803 1614 καὶ

1013 1632 1237 1666 ἀνανταγώνιστα
1252 1632 1391 1664 παντελῶς
1407 1633 1440 1659 τὰ
1458 1635 1490 1659 ἐκ
1505 1633 1579 1665 Θείας
1595 1633 1690 1668 ὀργῆς.
1710 1633 1803 1660 Καοάο

1013 1685 1068 1712 περ
1087 1677 1184 1712 ἀμέλει
1211 1678 1258 1704 καὶ
1285 1678 1381 1712 χρῆμα
1406 1677 1570 1713 δυσάντητον
1593 1678 1610 1712 ἡ
1634 1677 1719 1712 πολλὴ
1755 1677 1802 1705 καὶ

1012 1721 1175 1757 ἀμφιλαφὴς
1188 1722 1242 1749 τῶν
1255 1723 1358 1749 ὑδάτων
1374 1723 1453 1758 φορά.

1047 1768 1335 1796 Κατεδυνάστευσεν
1354 1769 1477 1804 Ἐφραῒμ
1497 1769 1551 1796 τὸν
1572 1768 1726 1796 ἀντίδικον
1746 1770 1800 1796 αὑ-

1012 1814 1076 1847 τοῦ,
1091 1814 1141 1841 καὶ
1164 1814 1353 1848 κατεπάτησε
1372 1814 1406 1841 τὸ
1423 1815 1532 1850 κρῖμα,
1549 1814 1593 1841 ὅτι
1612 1814 1724 1849 ἤρξατο
1747 1822 1799 1842 πο.

1008 1860 1149 1894 ρεύεσθαι
1174 1861 1270 1887 ὀπίσω
1294 1860 1353 1887 τῶν
1373 1861 1516 1895 ματαίων.
1537 1860 1591 1888 Καὶ
1613 1860 1670 1895 ἐγὼ
1692 1860 1801 1895 ἔσομαι

1011 1907 1051 1940 ὡς
1071 1907 1186 1942 ταραχὴ
1201 1906 1242 1939 τῷ
1266 1906 1399 1942 Ἐφραῖμ,
1420 1906 1468 1934 καὶ
1483 1907 1524 1941 ὡς
1535 1906 1660 1941 κέντρον
1674 1905 1714 1939 τῷ
1729 1907 1800 1938 οἴκῳ

1019 1953 1124 1980 Ἰούδα.

1046 1999 1112 2026 NH‘.
1124 1998 1191 2025 Τίνα
1206 1998 1255 2033 μὲν
1267 1999 1366 2034 τρόπον
1381 1998 1475 2034 ἐξέστη
1491 1998 1628 2034 Βενιαμὶν,
1641 1998 1799 2033 ἀποδέδειχε

1012 2043 1116 2078 σαφῶς,
1141 2044 1213 2078 Ἔφη
1233 2043 1287 2079 γὰρ
1300 2063 1307 2075 ,
1332 2045 1373 2071 ὅτι
1399 2044 1542 2078 γεγόνασιν
1559 2044 1692 2079 ἄρχοντες
1713 2044 1800 2071 Ἰούδα

1010 2089 1048 2121 ὡς
1063 2088 1251 2121 μετατιοέντες
1265 2090 1336 2124 ὅρια.
1349 2089 1411 2121 Πῶς
1425 2089 1453 2116 δὲ
1468 2089 1516 2116 καὶ
1533 2089 1652 2125 Ἐφραῖμ
1668 2090 1709 2120 εἰς
1729 2089 1799 2124 ἀφα-

1011 2135 1106 2169 νισμὸν
1118 2135 1224 2168 ἐγένετο
1233 2155 1240 2165 ,
1258 2134 1429 2170 διερμηνεύει
1442 2134 1533 2166 πάλιν,
1546 2134 1667 2161 ἐπειπών
1680 2143 1686 2149 ·
1701 2144 1709 2160 ι
1721 2133 1794 2161 Κατ-

1012 2181 1205 2208 εδυνάστευσεν
1224 2181 1343 2216 Ἐφραῖμ
1371 2181 1417 2208 τὸν
1446 2181 1580 2208 ἀντίδικον
1594 2180 1687 2208 αὐτοῦ.
1715 2190 1725 2207 ι
1744 2181 1799 2207 Καὶ

171 2225 274 2252 sarium
289 2231 378 2252 suum.
395 2233 405 2250 ι
423 2223 455 2251 Ει
470 2223 595 2251 videntur
607 2225 678 2251 velut
695 2231 754 2251 cum
766 2224 919 2250 urbanilate
929 2222 960 2250 ad

1016 2225 1088 2253 δοκεῖ
1101 2233 1160 2256 πως
1174 2226 1203 2252 ὲν
1218 2225 1278 2260 ἤθει
1296 2224 1461 2260 πεποιῆσθαι
1483 2225 1542 2252 νυνὶ
1562 2224 1630 2260 πρὸς
1640 2224 1715 2259 ἡμᾶς
1729 2224 1743 2250 6
1756 2224 1799 2250 λό-

171 2277 221 2298 nus
237 2270 320 2298 verba
338 2270 407 2296 fieri.
424 2269 552 2303 Quaenam
578 2269 660 2304 igitur
674 2270 813 2297 accusatio
826 2270 861 2296 sit
875 2269 959 2296 tribus

172 2316 311 2351 Ephraim,
323 2320 369 2343 aut
384 2315 418 2343 de
431 2323 484 2350 quo
503 2315 659 2343 adversario
671 2315 792 2343 divinum
817 2314 957 2342 oraculum

172 2361 296 2396 loquatur
337 2367 416 2395 quem
444 2359 608 2395 oppresserit
634 2359 779 2394 Ephraim,
811 2359 958 2393 explanare

170 2410 300 2441 quantum
317 2406 343 2433 in
366 2413 409 2433 me
425 2411 466 2434 est
481 2406 611 2434 conabor.
626 2405 752 2433 'l‘ribules
766 2405 838 2432 enim
849 2403 918 2431 Juda
931 2408 958 2431 et

170 2452 311 2486 Beniamin
328 2452 520 2480 reverebantur
535 2451 702 2487 aliquantum
719 2451 793 2485 leges
815 2449 956 2482 Mosaicas,

170 2504 197 2525 et
210 2498 298 2525 adhuc
308 2505 401 2526 earum
415 2498 547 2526 rationem
563 2497 709 2529 ducebant,
721 2496 875 2530 dabantque
898 2499 957 2522 stu—

171 2544 246 2571 diose
269 2551 377 2578 operam
397 2543 518 2577 justitiae.
536 2542 593 2570 Non
611 2543 683 2570 enim
701 2547 794 2568 omnes
807 2539 954 2567 declinare.

170 2593 253 2623 runt;
268 2590 405 2618 sederant
427 2598 479 2618 non
506 2589 584 2624 pauci
613 2587 765 2622 transfugas
785 2587 955 2622 deplorantes

171 2635 404 2669 nelamentantes,
415 2640 442 2662 et
465 2635 584 2662 dolorem
607 2633 698 2660 animo
716 2639 769 2659 non
793 2631 956 2660 mediocrem

170 2681 368 2716 concipientes,
400 2688 460 2708 cum
486 2679 594 2714 quidam
623 2678 750 2713 despecto
773 2677 956 2705 universitatis

171 2727 226 2754 Deo
244 2735 333 2754 mores
365 2726 546 2754 idololatricos
575 2725 741 2752 inveherent.
764 2723 832 2751 llinc
862 2724 956 2751 beatus

170 2773 304 2806 Ezechiel,
322 2773 417 2800 missos
434 2772 470 2799 ait
487 2777 579 2799 contra
599 2771 747 2798 Jerusalem
767 2777 828 2798 cum
852 2768 956 2796 securi-

207 2835 228 2851 "
243 2840 311 2868 ΡδιιΙ.
334 2848 399 2871 Lm,
416 2841 439 2866 ί).
481 2840 501 2856 ⁸³
521 2840 591 2868 inn,
611 2848 636 2871 ς,
655 2839 698 2867 ξῖ8,

1010 2278 1068 2304 γος.
1094 2270 1173 2297 Ποῖον
1197 2267 1244 2297 οὖν
1267 2269 1321 2305 ἄρα
1336 2270 1365 2296 τὸ
1388 2270 1582 2305 κατηγόρημα,
1603 2269 1633 2295 τὸ
1657 2269 1690 2295 ὲκ
1713 2268 1799 2303 φυλῆς

1018 2315 1153 2352 Ἐφραῖμ,
1169 2316 1186 2351 ἦ
1206 2317 1281 2343 ποῖον
1298 2316 1433 2343 ἀντίδικον
1454 2315 1484 2342 τὸ
1506 2315 1578 2342 θεῖον
1594 2315 1659 2350 ἡμῖν
1690 2323 1799 2349 χρησμ-

1009 2361 1106 2396 ᾠδημά
1121 2369 1199 2397 φησι.
1213 2361 1242 2388 δν
1257 2361 1502 2388 κατεδυνάστευσεν
1512 2362 1526 2388 ό
1547 2359 1676 2396 Ἐφραῒμ,
1687 2359 1800 2386 διειπεῖν

1009 2407 1047 2438 ὡς
1060 2407 1100 2434 ἔνι
1115 2407 1291 2442 πειράσομαι.
1307 2407 1338 2434 Ol
1354 2407 1403 2442 μὲν
1422 2407 1476 2442 γὰρ
1490 2408 1522 2434 ὲκ
1537 2407 1624 2442 φυλῆς
1647 2406 1732 2433 Ἰούδα
1755 2406 1800 2433 καὶ

1011 2452 1150 2488 Βενιαμὶν,
1166 2453 1233 2480 αίδώ
1247 2462 1308 2479 τινα
1322 2454 1369 2480 καὶ
1385 2453 1464 2486 λόγον
1486 2453 1526 2480 ἔτι
1546 2453 1600 2480 τῶν
1611 2453 1654 2480 διὰ
1678 2453 1799 2484 Μωσέως

1012 2497 1154 2525 ἐποιοῦντο
1180 2498 1289 2534 νόμων,
1317 2498 1478 2534 ὲπετήδευόν
1498 2507 1528 2525 τε
1549 2498 1599 2533 τὴν
1615 2498 1796 2532 δικαιοσύνην.

1011 2542 1049 2569 Οὐ
1068 2543 1121 2578 γὰρ
1140 2543 1240 2574 πάντες
1252 2543 1455 2575 ὲκκεκλίκασιν,
1473 2543 1531 2570 ἀλλ’
1548 2541 1618 2578 ἦσαν
1638 2543 1688 2569 οὐκ
1705 2542 1798 2577 εὐαρί-

1011 2588 1108 2624 θμητοι
1133 2588 1272 2620 κλαίοντές
1285 2597 1314 2616 τε
1330 2589 1377 2615 καὶ
1393 2589 1585 2624 ὀλοφυρόμενοι
1600 2588 1648 2624 τὴν
1659 2587 1714 2615 τῶν
1732 2589 1797 2614 πλα-

1011 2634 1140 2668 νωμένων
1154 2634 1318 2668 ἀπόστασιν,
1332 2635 1380 2661 καὶ
1390 2634 1611 2669 δυσχεραίνοντες
1625 2634 1655 2660 οὐ
1668 2634 1796 2669 μετρίως,

1011 2678 1072 2705 ἐπεί
1083 2687 1125 2707 τοι
1139 2679 1184 2706 τὸν
1198 2680 1252 2705 τῶν
1270 2679 1338 2706 ὅλων
1349 2678 1526 2714 ἀτιμάζοντες
1540 2679 1685 2713 (king-toi);
1700 2681 1749 2714 τῆς
1761 2681 1798 2705 εί-

1010 2723 1189 2758 δωλολατρίας
1209 2724 1280 2757 τινὲς
1297 2725 1460 2760 ἐπετήδευον
1473 2725 1600 2760 τρόπους.
1617 2725 1673 2751 Καὶ
1697 2725 1763 2758 γοῦν
1784 2725 1798 2751 6

1013 2771 1146 2807 μακάριός
1173 2780 1238 2806 φησι
1267 2771 1409 2807 προφήτης
1430 2770 1574 2807 Ὶεζεχιήλ·
1591 2771 1797 2798 ’Λπεστέλλοντο

740 2839 760 2854 ""
779 2838 829 2865 lci.
847 2845 892 2870 Vn,
911 2837 950 2870 l7,
969 2837 1006 2864 18.
