1913 3042
71 191 114 221 156
535 196 808 226 COMMENTARIUS
827 197 858 224 IN
879 197 996 226 OSEA‘M
1017 200 1243 231 I‘ROPIIETAM.

1650 202 1701 230 {5|

77 253 116 288 μὲν
130 260 199 283 τινες
219 254 295 279 κατὰ
312 252 366 289 τῆς
387 255 574 290 Ἰερουοαλὴμ,
598 257 723 288 πελέκεις
739 258 859 293 ἠρμένοι,

916 260 984 292 bus;
1000 261 1107 287 audisse
1123 266 1211 288 autem
1232 261 1314 288 Deum
1329 263 1404 289 clare
1421 262 1568 295 dicentem,
1591 263 1702 296 praecin-

76 297 163 333 ἡιουόν
174 306 205 324 τε
222 298 324 332 σαφῶς
341 299 411 326 Θεοῦ
435 300 568 334 λέγοντος,
585 300 699 328 ἕπεσθαι
717 303 765 338 μὲν
785 302 861 338 δεῐ[ν]

78 344 111 379 τῷ
121 343 163 370 τὸν
175 344 282 380 ποδήρη
294 344 480 381 διεζωσμένῳ,
491 345 629 380 φείδεσθαι
635 347 662 373 δὲ
671 348 807 382 μηδενός.ι
820 347 864 375 Εἶ-

76 391 114 417 δον
127 389 190 425 γὰρ,
211 390 292 424 φησι,
314 391 362 417 καὶ
384 391 438 418 ἰδοὺ
459 391 487 424 ἒξ
501 391 596 427 ἄνδρες
618 393 732 428 ἤρχοντο
749 394 792 421 διὰ
811 395 861 428 τῆς

76 435 157 471 πύλης
169 436 218 470 τῆς
234 435 393 472 βλεπούσης
405 437 473 472 πρὸς
481 438 592 474 βορρᾶν,
605 439 651 465 καὶ
663 439 770 475 ἑκάστῳ
780 439 864 472 πέλυξ

73 482 99 507 ἐν
124 482 156 516 τῇ
180 482 256 516 χειρὶ
272 482 369 514 αὑτοῦ,
396 483 443 509 καὶ
464 480 525 509 εἷπε
553 483 594 518 τῷ
615 484 703 519 ἀνδρὶ,
731 485 807 520 φησὶ,
825 486 863 521 τῷ

72 526 217 562 ἐζωσμένῳ
232 528 279 554 τὸν
306 528 412 564 ποδήρη
424 538 430 543 ·
447 529 538 555 Δίελθε
555 529 642 565 μέσην
661 530 711 565 τὴν
728 531 863 566 Ἰερουσα-

70 571 134 606 λὴμ,
150 572 199 598 καὶ
209 572 256 604 δὸς
267 572 299 598 τὸ
315 574 429 608 σημεῖον
449 574 496 601 ἐπὶ
509 574 542 601 τὰ
557 575 671 610 μέτωπα
687 575 741 603 τῶν
759 576 864 612 ἀνδρῶν

69 618 339 651 καταπεναζόντων,
367 620 414 646 καὶ
443 621 672 656 κατοδυνωμένων
694 622 741 648 ἐπὶ
762 623 864 654 πάσαις

68 665 128 695 ταῖς
145 664 267 696 ἀδικίαις
290 666 350 696 ταῖς
369 666 526 701 γινομέναις
552 667 581 694 ὲν
605 667 681 702 μέσῳ
696 668 792 704 αὐτῆς.
809 669 864 696 Καὶ

66 710 174 741 τούτοις
188 709 267 737 εἶπεν
279 711 425 743 ἀκούοντός
449 721 511 747 μου·
530 713 682 748 Πορεύεσθε
696 715 737 745 είς
749 715 800 750 τὴν
815 715 863 741 πό-

66 755 109 781 λιν
125 756 217 782 ὀπίσω
232 756 326 788 αὐτοϋ,
338 757 387 784 καὶ
402 758 528 792 κόπτετε,
545 759 592 786 καὶ
608 760 645 794 μὴ
659 759 782 794 φείδεσθε
794 768 801 774 ·
816 761 863 787 καὶ

67 801 271 838 πρεσϐύτερον,
300 803 347 830 καὶ
370 804 510 830 νεανίσκον
524 825 531 837 ,
549 805 643 840 νήπια,
667 805 714 832 καὶ
731 807 863 839 γυναῖκας

66 848 251 875 ἀποκτείνατε
279 849 320 881 εἰς
341 849 488 884 ὲξάλειψιν.
516 851 576 877 Ἐπὶ
592 851 621 877 δὲ
641 851 746 883 πάντας
761 853 802 886 ἐφ’
814 852 861 884 οὓς

67 893 126 919 Em
151 893 184 919 τὸ
210 895 326 928 σημεῖον
353 895 390 929 μὴ
405 895 543 930 ὲγγίσητε.
564 906 574 922 ι
598 896 718 928 ’Λκούεις
735 898 775 924 ὅτι
796 906 863 924 XM»

66 927 254 972 επμαίνοντδ
265 946 338 970 τινες
466 927 552 974 δίκης,
564 941 612 967 καὶ
623 927 718 975 Θυμοῦί,
730 941 777 968 καὶ
791 942 866 968 ἁπά-
878 927 900 957 Β

68 991 118 1016 σης
139 982 219 1016 ὅντες
241 984 342 1025 αἰτίας,
359 985 402 1012 διά
414 994 455 1012 τοι
469 985 500 1012 τὸ
515 986 622 1012 ἑλέσθαι
636 988 745 1022 φρονεῖν
759 988 862 1023 ὀρθῶς,

67 1030 114 1055 καὶ
131 1029 189 1065 μὴν
210 1030 258 1056 καὶ
276 1030 351 1065 βιοῦν
372 1031 510 1067 ἐννόμως,
528 1033 574 1059 καὶ
592 1033 767 1069 δικαιοσύνης
781 1034 864 1061 ἅπτει

70 1074 132 1100 σθαι
143 1094 151 1106 ,
168 1074 217 1101 καὶ
233 1075 285 1109 τῆς
303 1075 342 1107 εἰς
361 1076 427 1102 Θεδν
438 1077 549 1112 ἀγάπης
563 1078 772 1114 ἀνεπιπλήκτως
788 1080 862 1115 ἐρᾷν.

74 1121 117 1146 Ἐν
126 1120 155 1146 δέ
164 1128 197 1154 γε
208 1121 241 1156 τῇ
254 1121 397 1157 Σαμαρείᾳ
408 1122 561 1158 ἇλοτρόπως
570 1123 712 1155 ἐξώκειλεν
720 1125 733 1150 ὀ
746 1125 862 1161 Ἰσραὴλ,

69 1166 134 1197 οὐδ’,
151 1167 215 1192 ὅσον
229 1167 328 1200 εἰπεῖν,
344 1167 394 1193 κᾶν
407 1167 472 1201 γοῦν
487 1169 594 1203 μνήμης
604 1170 674 1204 τάχα
688 1179 738 1196 που
751 1170 784 1197 τὰ
797 1172 863 1198 Μω-

67 1212 136 1243 σέως
151 1211 254 1245 ἀξιῶν,
270 1213 426 1248 μαχομένην
438 1214 466 1239 δὲ
480 1213 575 1250 ὥσπερ
593 1215 641 1241 καὶ
660 1216 700 1247 εἰς
723 1215 797 1242 ἅπαν
815 1217 863 1244 αὺ-

67 1259 122 1288 τοῖς
136 1258 372 1293 ἀντιτεταγμένην
384 1259 528 1294 ἐπετήδευε
542 1259 625 1295 ζωὴν,
652 1261 690 1292 ὼς
705 1262 752 1288 καὶ
766 1262 863 1298 ἐχθρὸν

68 1303 193 1337 ἡγεῖσθαι
212 1303 258 1330 τὸν
283 1303 331 1330 τοῦ
359 1303 426 1331 Θεοῦ
445 1305 526 1339 νόμον
539 1313 545 1320 ·
561 1306 622 1332 ὅσον
638 1306 699 1341 ἥκει
713 1307 814 1341 εἰπεῖν,
826 1307 864 1339 ὡς

70 1348 135 1384 μηδὲ
148 1349 251 1376 εἰδέναι
265 1349 353 1376 θέλειν
367 1350 459 1382 αὑτὸν,
471 1351 615 1386 ἀτιμάζειν
628 1351 655 1378 δὲ
669 1352 715 1379 τὸν
725 1353 863 1388 παιδαγω‹

68 1394 124 1427 γὸν,
139 1394 230 1420 καίτοι
256 1394 355 1427 σώζειν
376 1395 474 1427 εἰδότα,
487 1396 534 1422 καὶ
558 1397 737 1432 ἀποκομίζειν
747 1395 776 1425 εὖ
791 1399 863 1433 μάλα

69 1440 215 1475 δυνάμενον
244 1441 286 1472 είς
307 1441 372 1476 εὺθῆ
399 1450 428 1468 τε
456 1442 503 1468 καὶ
527 1443 742 1470 ἀκατάσκωπτον
778 1444 860 1480 ζωήν.

70 1487 156 1514 Τοῦτο
183 1487 288 1518 τοίνυν,
315 1487 353 1519 ὡς
371 1487 467 1519 ἔοικεν,
488 1488 502 1515 ὁ
525 1489 694 1524 προφητικέις
715 1489 863 1517 αἰνίττεται

68 1531 154 1566 λόγος,
171 1532 325 1567 Πεποίηται
341 1532 369 1559 δὲ
397 1533 455 1567 μετ’
469 1533 565 1568 ἤθους,
585 1534 623 1564 ὡς
647 1533 725 1568 ἔφην.
743 1543 751 1560 ι
772 1535 861 1562 Κατε-

73 1577 233 1604 ὗυνάστευςε
264 1578 335 1612 γὰρ,
359 1578 456 1612 φησιν.
480 1579 494 1605 ὁ
515 1578 634 1614 Ἑφραῖμ
657 1579 702 1606 τὸν
728 1580 860 1607 ἀντίδικον

72 1623 160 1657 αὑτοῦ,
179 1633 188 1648 ι
212 1623 272 1650 ἀντὶ
287 1623 344 1655 τοῦ,
358 1623 444 1658 Νίκην
458 1624 660 1659 ἐκτοπωτάτην,
683 1626 729 1652 καὶ
746 1625 856 1662 ὀλέθρου

72 1669 197 1703 πρόξενον
211 1668 355 1704 νενίκηκεν
372 1669 387 1694 ὁ
408 1669 544 1704 Ἐφραῒμ,
560 1670 807 1698 κατεδυνάστευσεν
823 1672 860 1703 ὡς

71 1715 131 1741 ἴδιον
159 1715 278 1750 ἐχθρὸν,
299 1715 438 1746 τουτέστι,
460 1715 585 1748 νενίκηκε
617 1716 734 1749 γενικῶς
762 1716 795 1743 ὃν
811 1726 860 1752 με-

72 1758 166 1793 μίσηκε
178 1759 274 1794 νόμον.
291 1758 400 1794 Ἐπειδὴ
415 1759 443 1785 δέ
459 1760 531 1786 ἐστιν
541 1760 661 1795 ἁμυδρὸς
672 1761 686 1786 ὁ
703 1760 791 1796 λόγος,
806 1763 862 1789 ἑτέ-

71 1813 120 1839 pm;
133 1803 200 1830 αὐτὸ
216 1804 365 1840 διατρανοῖ,
381 1804 484 1839 λέγων·
504 1814 512 1831 ι
526 1806 707 1842 Κατεπάτησε
735 1809 832 1843 κρῖμα,
848 1818 856 1833 ι

69 1849 216 1880 τουτέστιν,
233 1849 265 1875 οὺ
286 1849 467 1884 πεφρόντικεν
482 1849 550 1881 ὅλως
564 1850 614 1884 τῆς
629 1849 657 1876 ὲν
672 1851 746 1886 νόμω
763 1851 861 1878 δικαιο-

69 1894 159 1929 σύνης.
190 1894 247 1920 ’Δεὶ
262 1894 316 1929 γάρ
337 1903 395 1926 πως
409 1895 440 1921 τὺ
455 1895 705 1930 καταπατούμενον,
719 1897 748 1922 ἐν
763 1897 861 1932 ἀτιμίᾳ

68 1942 175 1973 νοεῖται,
198 1940 246 1966 καὶ
266 1939 371 1971 οὐδενὸς
394 1940 466 1972 ἄξιον
482 1941 678 1975 καταφωρᾱται
696 1941 786 1975 λόγου.
806 1942 860 1968 Καὶ

67 1986 130 2020 γοῦν
149 1987 164 2012 ὁ
182 1986 285 2020 Κύριος
314 1985 392 2020 ἡμῶν
413 1985 517 2020 Ἰησοῦς
541 1986 669 2021 Χριττδς,
698 1995 708 2011 ‹
726 1986 815 2013 Καλὸν
829 1987 860 2013 τὸ

67 2032 142 2063 ἃλας,
173 2031 274 2066 φησίν·
295 2032 341 2057 ἐὰν
358 2031 387 2057 δὲ
406 2031 436 2057 τὺ
455 2031 521 2063 ἃλας
543 2031 681 2067 μωρανθῇ,
693 2032 721 2058 ὲν
733 2032 784 2058 τίνι
802 2033 860 2059 άλι-

68 2077 213 2113 σοήςεται;
231 2077 277 2108 Εἰς
294 2076 369 2103 οὐδὲν
383 2076 526 2111 ίοχύειέτι,
537 2078 561 2103 εἰ
578 2078 614 2112 μὴ
627 2077 779 2113 [βεβληθὲν
795 2078 857 2111 ἔξω,

70 2122 289 2149 ηταπατεῖςθαι
311 2121 363 2148 ὑπὸ
385 2121 438 2148 τῶν
464 2121 627 2156 ἀνθρώπων.
647 2132 656 2148 ι
673 2123 757 2149 Ὅταν
770 2123 859 2151 τοίνυν

68 2170 151 2204 κρῖμα
167 2168 249 2204 λέγῃ,
261 2169 368 2203 νοήσεις
381 2168 425 2194 τὸν
436 2168 527 2203 νόμον.
539 2168 616 2195 Οὕτω
630 2169 676 2194 καὶ
685 2170 699 2195 ὁ
716 2168 859 2201 θεσπέσιος

67 2214 147 2240 Δαϐιδ
158 2213 302 2248 ὀνομάζων
319 2213 410 2244 αὐτὸν,
428 2213 564 2246 ἀντιφωνεῖ
578 2213 645 2249 πρὸς
661 2213 727 2240 Θεὸν
737 2222 743 2230 ·
761 2223 771 2238 ι
791 2215 858 2249 Κρῖ·

68 2268 104 2293 μα
125 2260 173 2286 κειὶ
193 2258 368 2293 δικαιοσύνην
387 2259 415 2285 ὲν
433 2259 530 2285 Ἰακὼϐ
549 2259 581 2285 σὺ
606 2259 746 2294 ἐποίησας.
767 2269 776 2285 ›
790 2259 857 2286 Θεοῦ

67 2306 118 2340 γὰρ
134 2307 149 2332 ὁ
165 2305 260 2340 νόμος,
272 2305 318 2331 x11
332 2304 355 2330 εξ
379 2303 498 2331 λαλεῖται
518 2305 552 2331 δι’
568 2305 701 2339 ἀγγέλων.
724 2305 804 2332 Ἀλλὰ
818 2306 860 2337 τίς

68 2343 312 2386 summe-.05,
330 2350 377 2376 καὶ
396 2350 491 2385 ἐχθρὸν
517 2349 669 2385 ἡγήσασθαι
691 2349 737 2376 τὸν
757 2350 837 2384 νόμον
849 2369 857 2383 ,

69 2396 112 2422 καὶ
129 2395 326 2430 καταπατῆσαι
341 2395 372 2421 τὺ
387 2396 482 2431 κρῖμα,
497 2395 637 2431 παρέδειξε
662 2396 753 2427 πάλιν,
778 2396 858 2427 εὐθὺς

68 2441 157 2474 εἰπὼν,
169 2451 179 2467 ι
187 2441 249 2468 Ὅτι
263 2440 366 2476 ἢρξατο
380 2440 696 2476 πορεύεώαιόπίσωτῶν
707 2441 837 2476 ματαίων.
846 2449 855 2467 ι

74 2487 152 2522 Ἀρχὴ
165 2487 217 2521 τῆς
233 2486 340 2513 τοιᾶσδε
353 2485 443 2515 νόσου.
458 2486 535 2520 φησὶ,
560 2486 591 2512 τὸ
605 2487 687 2521 τιμᾷν
701 2486 810 2512 ἑλέσθαι
824 2486 859 2512 τὰ

73 2532 177 2566 pinu,
192 2532 242 2558 καὶ
257 2531 471 2558 κατακολουθεῖν
489 2531 618 2563 εἰδώλοις.
641 2532 793 2567 ’Λμήχανον
807 2531 861 2568 γὰρ

76 2577 99 2602 ἐν
111 2577 200 2613 ταυτῷ
213 2577 261 2604 καὶ
275 2577 335 2612 Θεῷ
351 2577 480 2604 δύνασθαι
511 2577 730 2608 κατακολουθεῖν,
745 2577 793 2603 καὶ
802 2578 860 2609 τοῖς

76 2625 203 2658 πονηροῖς,
223 2624 271 2651 καὶ
294 2623 462 2657 ἀκαθάρτοις
491 2622 637 2655 πνεύμασι.
655 2623 704 2649 Διὰ
721 2622 799 2648 τοῦτο
812 2622 859 2648 καὶ

76 2668 234 2701 ὁθεσπέσιος
252 2668 357 2703 γράφει
384 2668 487 2699 Παῦλος
497 2676 504 2682 ·
526 2677 535 2693 ι
555 2668 591 2694 Οὐ
606 2667 718 2694 δύνασθε
730 2668 858 2703 ποτήριον

77 2714 113 2739 m5
139 2715 240 2748 Κυρίου
263 2713 366 2745 πίνειν,
391 2714 437 2739 καὶ
461 2714 589 2748 ποτήριον
612 2713 769 2747 δαιμονίων.
794 2722 803 2738 ›
819 2713 856 2739 Οὐ

76 2757 175 2786 δύνασθε
197 2759 342 2796 τραπέζης
355 2759 459 2794 Κυρίου
485 2759 618 2794 μετέχειν,
642 2759 690 2784 καὶ
716 2758 856 2793 τραπέζης

77 2803 214 2840 δαιμονίων.
230 2806 411 2840 Μονότροπος
427 2805 479 2840 γὰρ
492 2805 506 2830 6
517 2804 654 2839 θεοφιλὴς,
668 2803 852 2838 ἀλλοπρόσαλ-

105 2897 224 2934 “Eucti.
244 2914 283 2938 l.\',
304 2905 365 2931 ενδ.
408 2904 426 2918 ιτ
449 2903 540 2931 Matth.
561 2912 586 2936 ν,
609 2904 638 2931 l3

687 2903 744 2919 ηδ’
762 2903 832 2930 l‘sal.
851 2911 940 2933 ιιι-ιιι,
962 2903 981 2929 i.

915 311 986 332 ctum
1002 306 1027 332 in
1049 311 1122 333 veste
1138 306 1212 333 talari
1233 311 1421 341 sequerentur,
1439 313 1634 342 parcerentque
1656 315 1700 335 ne-

915 352 991 378 mini.
1010 352 1096 386 lnquit
1120 352 1213 380 enim:
1233 362 1242 378 ι
1260 352 1329 386 Vidi,
1344 359 1371 381 et
1391 361 1454 381 ecce
1469 361 1515 381 ses
1537 355 1589 381 viri
1610 355 1701 381 venie-

916 398 979 424 bant
992 405 1039 432 per
1051 402 1155 432 portam
1170 398 1354 432 respicientem
1373 400 1405 425 ad
1422 399 1621 433 aquilonem.et
1641 399 1702 426 uni-

915 445 1012 478 cuique
1030 443 1136 471 securis
1159 444 1184 470 in
1209 451 1288 470 manu
1308 451 1367 471 sua.
1389 445 1419 471 Et
1435 445 1501 472 dixit
1527 445 1586 472 viro
1606 445 1702 472 vestito

914 488 1014 515 vestitu
1032 488 1128 515 talari:
1148 487 1245 516 Transi
1262 495 1309 523 per
1323 489 1438 516 mediam
1451 489 1611 521 Jerusalem,
1629 494 1656 517 et
1668 490 1700 516 da

913 533 1020 567 signum
1038 539 1120 567 super
1138 532 1240 560 frontes
1256 533 1374 560 virorum
1390 535 1554 568 gementium
1566 540 1594 561 et
1608 535 1702 562 dolen-

915 578 980 605 tium
993 585 1073 613 super
1088 578 1194 606 cunctis
1209 577 1394 612 iniquitatibus
1408 586 1468 613 qum
1484 579 1552 606 ﬁunt
1571 579 1597 606 in
1614 580 1702 606 medio

913 631 1018 651 eorum.
1036 624 1070 652 Et
1081 624 1150 652 dixit
1165 624 1229 657 illis,
1244 624 1369 651 audiente
1388 630 1450 651 mc:
1469 623 1507 651 ite
1520 624 1547 651 in
1566 625 1702 651 civitatem
1718 633 1722 638 ~

914 675 974 707 post
996 678 1069 703 etun,
1083 674 1110 698 et
1129 671 1272 705 percutite,
1288 675 1315 698 et
1326 677 1378 697 non
1403 670 1532 704 parcatis,
1548 675 1575 696 et
1598 677 1701 701 senem,

913 721 941 743 et
960 716 1096 749 juvenem,
1114 721 1142 743 et
1164 715 1293 748 infantes,
1309 720 1335 742 et
1358 715 1486 742 mulieres
1507 714 1653 742 interﬁcite
1670 715 1703 742 ad

913 762 1093 795 deletionetn;
1116 768 1199 796 super
1223 768 1318 788 outnes
1339 765 1441 792 autem,
1465 767 1548 794 Super
1571 767 1638 795 quos
1663 765 1704 786 est

913 807 1031 841 signum,
1045 814 1079 834 ne
1089 806 1309 842 appropinquans
1325 805 1358 832 ⁸ο.
1379 815 1388 831 ι
1409 805 1494 833 Audis
1508 806 1628 840 signatos
1643 813 1704 832 esse

913 853 1055 887 quosdam.
1066 856 1095 879 ut
1109 851 1143 878 ab
1159 851 1272 883 ultione,
1288 855 1316 878 et
1333 851 1384 882 ira,
1396 855 1424 877 et
1438 858 1452 878 a
1465 850 1543 885 culpa
1558 851 1702 881 immunes.

914 898 976 932 quia
999 897 1122 925 videiicet
1146 901 1219 924 recte
1245 904 1351 930 sapere,
1372 901 1454 930 atque
1479 895 1560 923 etiam
1580 903 1612 922 ex
1637 895 1704 928 legi-

915 944 964 971 bus
987 943 1085 976 vivere,
1100 947 1127 970 et
1150 942 1282 977 justitiam
1301 941 1466 976 colere,90
1488 945 1514 967 et
1532 941 1703 967 dilectionem

913 996 976 1023 erga
1000 989 1083 1016 Deum
1105 988 1239 1015 sinceram
1262 987 1363 1014 habere
1384 986 1533 1014 voluerunt.
1560 986 1587 1013 In
1607 985 1702 1012 Sama-

914 1035 953 1061 ria
970 1042 1034 1062 vero
1047 1033 1211 1061 omnimodis
1230 1033 1256 1060 in
1270 1032 1400 1060 offensam
1415 1032 1527 1059 incurrit
1541 1031 1632 1063 Israel,
1647 1031 1703 1057 for-

914 1079 993 1107 tassis
1016 1086 1065 1106 nec
1079 1079 1203 1113 dignatus
1224 1076 1377 1104 meminisse
1394 1076 1519 1106 lilosaica.
1533 1075 1606 1102 velut
1624 1082 1702 1108 repu-

913 1129 1049 1160 gnantem,
1064 1129 1092 1152 et
1107 1125 1233 1151 universe
1243 1123 1296 1150 illis
1320 1123 1508 1150 adversantem
1538 1127 1703 1156 persequens

915 1172 1007 1204 vitam,
1024 1175 1052 1197 ut
1072 1171 1162 1198 etiam
1181 1170 1226 1197 Dei
1254 1170 1340 1204 legem
1358 1169 1493 1196 inimicam
1517 1167 1700 1194 arbitraretur

913 1217 1123 1251 quodammodo,
1141 1221 1169 1244 et
1183 1223 1243 1243 eam
1267 1222 1317 1242 nec
1341 1221 1421 1242 nosse
1436 1213 1527 1247 vellet,
1546 1216 1702 1248 spernerct~

913 1270 966 1297 que
983 1263 1171 1297 pedagogum,
1189 1261 1314 1296 quamvis
1342 1267 1469 1292 servare,
1486 1264 1515 1286 et
1541 1259 1575 1286 ad
1598 1263 1700 1285 rectam

913 1306 1033 1342 nullique
1042 1307 1182 1334 calumnia:
1196 1305 1339 1333 obnoxiam
1355 1305 1437 1332 vitam
1451 1304 1551 1338 optime
1568 1304 1703 1331 adducere

913 1357 1016 1387 posset.
1033 1353 1090 1379 Hoc
1107 1352 1199 1386 igitur,
1212 1357 1241 1379 ut
1257 1352 1373 1384 videtur,
1386 1350 1539 1385 prophetica
1557 1350 1640 1376 verba
1661 1349 1702 1376 iu-

913 1398 1031 1426 sinuant.
1047 1397 1152 1425 Habent
1165 1402 1254 1425 autem
1271 1397 1454 1429 festivitatem,
1470 1404 1516 1424 seu
1530 1396 1656 1429 ironiam,
1674 1400 1702 1423 ut

913 1444 979 1472 dixi.
1010 1444 1056 1471 Ait
1075 1445 1158 1477 cuitu,
1174 1444 1332 1479 «Oppressit
1360 1444 1495 1480 Ephraim_
1513 1442 1624 1469 adversa
1632 1442 1701 1469 rium

913 1497 1003 1521 suum,
1021 1498 1030 1515 ι
1049 1497 1108 1524 pro,
1126 1489 1237 1515 victoria
1266 1488 1433 1526 turpissima,
1447 1492 1475 1514 et
1498 1486 1610 1513 exitiosa
1637 1485 1703 1511 vicit

912 1535 1051 1570 Ephraim.
1077 1534 1215 1570 Oppressit
1235 1538 1264 1562 ut
1282 1535 1385 1562 hostem
1405 1541 1495 1567 suum,
1509 1532 1560 1559 hoc
1577 1531 1703 1563 cst,vicit

913 1589 1041 1616 generose
1060 1581 1143 1616 lcgctn
1159 1588 1237 1615 quam
1254 1580 1357 1607 oderat.
1381 1579 1447 1612 Quia
1469 1586 1532 1606 vero
1547 1578 1634 1605 oratio
1663 1582 1702 1605 te-

912 1626 982 1652 ctior
998 1630 1050 1658 est,
1069 1626 1145 1652 aliter
1163 1625 1247 1660 ipsam
1262 1625 1390 1657 declarat,
1403 1625 1496 1652 dicens
1510 1632 1516 1650 :
1535 1634 1543 1648 ι
1556 1622 1701 1650 Couculea-

911 1671 1102 1707 vitjudicium,
1119 1681 1128 1697 ι
1149 1671 1199 1698 hoc
1214 1676 1266 1703 est,
1294 1670 1426 1704 justitiam
1441 1669 1498 1704 lege
1513 1668 1698 1703 prmseriptam

912 1717 986 1744 nullo
1002 1717 1081 1745 modo
1096 1718 1216 1750 curavit;
1230 1724 1336 1751 semper
1352 1715 1424 1742 enim
1440 1715 1510 1750 quod
1526 1714 1700 1741 conculcatur

911 1763 1073 1798 dcspicabilc
1099 1764 1280 1798 cognoscitur.
1298 1761 1426 1796 nullaque
1449 1761 1629 1788 :estimatione
1656 1759 1698 1786 di-

911 1816 991 1843 gnum
1013 1807 1233 1842 deprehenditur.
1251 1806 1341 1840 Quare
1362 1806 1492 1833 Dominus
1516 1810 1608 1832 noster
1623 1804 1701 1832 Jcsus
1736 1798 1739 1800 ’

910 1852 1044 1886 Christus,
1054 1862 1063 1878 ι
1079 1851 1179 1878 Bonum
1190 1856 1228 1879 est
1236 1851 1285 1883 sal,
1296 1861 1305 1877 ι
1318 1851 1422 1884 inquit;
1440 1860 1449 1876 ι
1462 1850 1483 1877 si
1495 1849 1630 1877 autetusal
1639 1857 1701 1876 eva-

911 1898 1010 1930 nuerit,
1025 1898 1051 1924 in
1067 1903 1121 1931 quo
1136 1896 1267 1923 salictur?
1282 1895 1322 1922 Ad
1334 1895 1446 1922 nihilum
1464 1895 1536 1920 valet
1552 1894 1631 1926 ultra,
1647 1893 1699 1920 nisi

911 1946 940 1970 ut
953 1943 1074 1969 mittatur
1087 1941 1170 1974 foras,
1183 1946 1210 1969 et
1226 1941 1400 1969 conculcetur
1413 1941 1446 1967 ab
1460 1940 1615 1967 hominibus
1629 1940 1664 1965 ⁵⁷.
1686 1947 1696 1964 ι

910 1989 994 2023 igitur
1009 1988 1199 2022 perjudicium
1226 1987 1344 2021 iutellige
1366 1987 1460 2020 legem.
1478 1986 1516 2012 lta
1548 1990 1575 2013 et
1592 1986 1699 2012 divinus

911 2034 1006 2066 David,
1024 2040 1082 2059 eam
1099 2032 1251 2071 nominans,
1267 2032 1348 2059 Deum
1364 2029 1480 2058 aﬂatur:
1499 2039 1508 2056 ι
1526 2030 1661 2058 iudicium
1673 2034 1701 2057 et

907 2079 1038 2115 justitiam
1052 2079 1078 2106 in
1088 2078 1171 2106 .lacob
1197 2083 1223 2104 tu
1238 2077 1325 2105 fecisti
1336 2077 1407 2104 ""9.
1421 2086 1431 2102 ι
1443 2077 1489 2103 Dei
1501 2077 1571 2104 enim
1588 2081 1629 2104 est
1645 2077 1699 2109 lex,

909 2125 1008 2153 dictata
1019 2131 1067 2160 per
1078 2123 1194 2158 angelos.
1210 2122 1310 2150 Verum
1319 2123 1457 2150 enimvero
1468 2129 1526 2157 qua:
1541 2129 1622 2149 causa
1638 2122 1695 2149 fue-

909 2172 956 2204 rit,
975 2172 1059 2205 legem
1087 2178 1135 2205 pro
1161 2171 1237 2197 hoste
1251 2169 1377 2203 ducendi,
1394 2173 1421 2196 et
1435 2168 1566 2203 judicium
1585 2168 1699 2195 conciti»-

909 2216 1002 2248 candi,
1021 2223 1082 2243 mox
1098 2215 1226 2249 deinceps
1242 2214 1359 2241 ostendit
1371 2214 1413 2240 his
1427 2213 1527 2246 verbis,
1543 2222 1552 2238 ‹
1568 2213 1630 2247 quia
1642 2220 1700 2240 cu:-

873 2273 897 2303 ι)
911 2262 950 2295 pit
967 2261 1043 2288 abire
1060 2265 1119 2296 post
1133 2267 1213 2287 vana.
1226 2269 1234 2285 I
1254 2259 1419 2294 Principium
1447 2258 1526 2292 hujus
1548 2258 1646 2291 morbi,
1660 2258 1700 2285 iu-

911 2307 981 2342 quit,
996 2307 1101 2334 dedisse
1116 2313 1144 2334 se
1157 2306 1234 2333 vanis
1251 2304 1426 2336 honorandis.
1451 2309 1477 2331 et
1500 2308 1621 2331 secutum
1639 2311 1699 2331 esse

912 2353 991 2380 idola.
1007 2351 1077 2379 Fieri
1092 2352 1162 2378 enim
1175 2359 1226 2378 non
1242 2355 1331 2385 potest
1357 2354 1385 2376 ut
1401 2350 1427 2376 in
1442 2349 1535 2376 eodem
1560 2354 1587 2376 et
1614 2349 1698 2376 Deum

911 2403 938 2425 et
952 2405 1067 2433 nequam
1085 2402 1165 2432 atque
1179 2397 1333 2423 immundos
1348 2395 1460 2430 spiritus
1477 2395 1610 2429 sequaris.
1627 2395 1699 2427 Quo-

911 2443 983 2470 circa
1000 2448 1027 2470 et
1051 2443 1157 2469 divinus
1171 2442 1290 2468 Paulus:
1307 2449 1316 2466 ι
1330 2439 1387 2467 Non
1407 2439 1526 2474 putealis,
1546 2440 1641 2473 inquit,
1658 2439 1698 2466 bi-

911 2489 975 2516 bere
990 2488 1100 2516 calicem
1128 2487 1231 2514 Dumiui
1252 2491 1280 2514 ct
1300 2486 1409 2513 calicem
1431 2485 1668 2512 dmmoninrum“.
1686 2495 1695 2511 ι

914 2534 1033 2561 Moribus
1045 2533 1143 2568 quippe
1153 2531 1296 2559 uniformis
1309 2536 1351 2558 est
1365 2531 1410 2566 qtti
1426 2530 1513 2565 diligit
1526 2531 1607 2557 Deum
1621 2539 1627 2562 ;
1644 2538 1697 2556 mu-

915 2579 1003 2606 tabilis
1028 2583 1127 2611 autem,
1142 2582 1170 2604 et
1197 2576 1338 2608 fluctuans,
1353 2580 1380 2602 et
1395 2581 1510 2610 utroque
1525 2582 1632 2602 versum
1656 2575 1697 2601 ire

910 2631 1009 2658 gnarus
1025 2625 1179 2653 subversor,
1192 2627 1218 2649 et
1237 2622 1314 2649 facile
1331 2621 1431 2648 vadens
1442 2629 1494 2656 quo
1517 2629 1576 2648 sors
1591 2620 1694 2647 tulerit.

912 2679 921 2694 ‹
936 2670 1028 2703 itaque
1045 2668 1108 2695 facti
1125 2673 1195 2699 sunt,
1214 2667 1314 2701 inquit,
1333 2667 1470 2701 principes
1483 2665 1549 2693 Juda
1566 2671 1594 2691 ut
1607 2671 1696 2692 trans.

909 2719 1038 2749 ponentes
1067 2713 1205 2740 terminos.
1218 2712 1358 2746 Oppressit
1371 2719 1434 2739 vero
1451 2716 1478 2739 et
1496 2711 1622 2745 Ephraiui
1648 2712 1696 2737 ad-

906 2761 1054 2788 versarium
1069 2763 1192 2790 snum,et
1206 2758 1375 2785 conculcavit
1386 2757 1524 2791 judicium.
1536 2757 1587 2783 Ero
1601 2761 1693 2783 autem

907 2807 932 2833 iu
946 2811 1080 2840 posterum
1094 2805 1171 2839 quasi
1184 2803 1356 2832 conturbatio
1370 2803 1542 2837 Ephraim,et
1553 2801 1630 2837 quasi
1646 2801 1694 2828 διὶ-

1023 2904 1044 2917 ⁵⁰
1058 2902 1066 2928 l
1079 2902 1140 2929 Cur.
1156 2909 1181 2932 .\',
1199 2901 1242 2927 20.
