1913 3042
228 109 279 138 167

723 110 752 137 S.
773 110 907 138 CYllILLI
927 110 1163 138 ALEXANDRINI
1181 110 1342 138 ARCIHEI’.

1805 112 1858 139 l68

226 174 311 199 esset.
330 164 387 196 Non
403 169 475 197 enim
489 169 674 197 tantummodo
691 168 883 196 sceleratorum
901 169 1012 204 prophe-

1073 170 1182 201 Ὶούδας.
1196 170 1233 196 Οὐ
1245 169 1299 204 γὰρ
1313 169 1392 203 μόνον
1407 169 1456 205 τὴν
1471 169 1525 196 τῶν
1539 169 1653 210 ἀνοσίων
1667 170 1862 207 ψευδοπωφη-

227 222 314 243 tarum
331 216 528 243 multitudinem
542 214 701 247 detotomlit,
719 214 798 249 digna
814 215 839 241 in
857 215 918 242 illos
929 219 1016 242 morte.

226 262 389 289 constituta:
408 261 454 288 sed
472 261 552 288 etiam
561 260 736 298 temporibus
750 261 807 288 suis
818 261 905 295 ipsum
918 261 1014 288 Filium

228 308 301 336 misit
319 307 388 335 Deus
405 312 431 334 et
449 307 539 338 Pater,
558 306 603 341 qui
627 307 760 341 sanguine
782 307 928 335 Israelitico
951 315 1014 341 pro-

226 358 333 388 gnatus,
350 361 403 388 pra:
417 352 478 380 aliis
500 353 597 379 bonam
619 352 677 387 ejus
700 354 866 381 voluntatem
883 353 1016 387 pateface-

227 397 477 432 ret,judiciumque
501 394 662 426 declararet.
686 398 803 426 Proinde
827 399 933 426 dicebat
950 398 1015 425 illud

225 451 272 476 per
284 451 315 469 os
327 442 485 470 Davidicum
505 454 510 470 :
533 452 541 469 ι
562 443 617 478 Ego
634 445 797 471 constitutus
820 452 879 471 sum
910 451 955 471 rex
981 444 1015 471 ab

224 496 256 515 eo
273 496 353 519 super
379 489 445 516 Sion
468 494 586 516 montem
610 494 733 517 sanctum
761 489 831 524 ejus,
852 489 1016 517 annuntians

224 539 386 568 prmccptum
412 535 516 562 Domini
540 536 574 562 ".
602 544 611 560 ι
639 536 670 562 Ει
695 543 742 570 per
765 536 893 569 seipsum,
920 536 1015 563 similis

225 579 309 607 nostri
319 579 416 610 factus,
433 580 515 612 idest.
529 581 609 607 homo
637 590 646 605 ι
657 579 679 607 Α
701 581 802 615 meipso
811 589 862 607 non
872 580 967 616 loquor
976 580 1015 614 ";

224 626 271 653 sed
289 626 335 659 qui
352 626 425 653 misit
440 633 482 653 me
495 625 588 657 Pater,
613 626 672 661 ipse
693 627 830 653 mandavit
857 627 921 653 mihi
951 626 1015 661 quid

225 671 322 702 dicant,
337 675 364 698 et
375 671 439 706 quid
451 671 547 706 loquar
563 671 595 698 ⁷⁸.
615 681 625 697 ι
644 671 733 706 lnquit
745 679 820 707 ergo,
837 681 846 697 ι
862 672 1016 707 egredietur

222 717 352 751 judicium
368 725 454 744 meum
470 722 498 744 ut
515 718 571 750 lux,
590 728 599 744 ι
618 719 669 746 hoc
688 723 740 751 est,
753 727 806 746 non
827 719 1016 755 terrigmatibus

225 763 384 790 obumbrata
402 763 524 791 voluntas
540 772 610 797 mea,
626 766 673 792 sed
694 765 765 792 nude
788 770 815 792 et
836 771 929 800 aperte
955 773 1015 792 om-

226 809 300 836 nium
316 809 452 837 mentibus
476 810 627 838 inhaerebit.
652 809 720 837 Olim
743 815 834 837 autem
855 816 1015 846 praesentem

1067 215 1122 241 τῶν
1131 215 1262 251 ἀπέκειρε
1274 215 1388 249 πληθὺν,
1400 215 1446 241 τὸν
1458 215 1548 246 αὐτοῖς
1560 215 1698 250 πρέποντα
1710 216 1861 251 καθαρίσας

1068 260 1193 293 θάνατον,
1217 260 1286 287 ἀλλὰ
1302 261 1350 287 καὶ
1371 260 1453 288 αἰτὺν
1472 260 1544 288 κατὰ
1560 261 1671 296 καιροὺς
1689 261 1798 297 ἔπεμψε
1816 263 1862 289 τὸν

1068 305 1132 332 Υίὸν
1152 306 1167 332 6
1184 306 1250 337 Θεὸς
1271 306 1318 332 καὶ
1344 306 1448 341 Πατὴρ.
1477 307 1661 342 σαφηνιοῦντα
1685 308 1734 335 καὶ
1752 309 1807 344 πρό
1827 317 1861 338 γε

1066 350 1120 377 τῶν
1136 350 1224 378 ἀλλων
1238 352 1294 383 τοῖς
1308 351 1338 384 ἐξ
1354 352 1470 387 αἵματος
1493 352 1600 388 Ἰσραὴλ
1614 354 1645 380 τὸ
1656 352 1757 387 ἀγαθὸν
1776 353 1861 380 αὐτοῦ

1066 396 1183 431 θέλημα,
1206 397 1253 423 καὶ
1277 397 1391 433 ἐναργὲς
1415 397 1589 424 καθιστῶντα
1604 398 1635 425 τὸ
1654 400 1742 435 κρῖμα
1764 399 1860 427 αὑτοῦ.

1067 443 1211 478 Τοιγάρτοι
1222 443 1377 478 καὶζὲφασκε
1396 444 1431 470 τὰ
1450 443 1514 480 [διὰ]
1536 444 1585 479 μὲν
1602 445 1693 480 φωνῆς
1705 445 1859 472 τοῦΔασίδ·

1070 496 1079 513 ι
1103 488 1174 521 Ἐγὼ
1184 488 1212 515 δὲ
1230 489 1400 524 κατεστάθην
1420 489 1546 524 βασιλεὺς
1559 489 1605 516 ὑπ’
1618 490 1714 523 αὑτοῦ,
1727 491 1776 517 ἐπὶ
1791 491 1861 518 Σιὼν

1067 533 1129 568 ὅρος
1143 534 1173 560 τὸ
1184 534 1262 568 ἅγιον
1273 534 1370 567 αὐτοῦ,
1387 535 1552 569 διαγγέλλων
1566 535 1596 562 τὸ
1619 537 1784 573 πρόσταγμα
1803 538 1861 564 Κυ-

1068 579 1159 614 ρίουιι
1175 580 1276 612 Ἀὐτὸς
1290 580 1319 607 δὲ
1342 581 1375 607 δι’
1401 580 1499 608 ἑαυτοῦ
1523 581 1668 617 γενόμενος
1689 582 1751 609 καθ’
1773 583 1859 617 ἡμᾶς,

1065 626 1218 659 τουτέστιν,
1234 626 1379 662 ἄνθρωπος
1390 646 1397 660 ,
1420 636 1430 653 ι
1441 627 1502 654 Ἀπ’
1513 625 1678 662 ὲμαυτοῦ“οὺ
1696 628 1769 655 λαλῶ
1779 637 1786 643 ·
1801 629 1860 655 ἀλλ’

1066 672 1081 698 6
1106 671 1218 707 πέμψας
1242 681 1276 707 με
1297 672 1401 708 Πατὴρ,
1425 672 1507 704 αὑτός
1530 681 1575 708 μοι
1598 674 1708 709 ἐντολὴν
1725 674 1812 701 ἔδωκε
1835 674 1861 700 τί

1067 717 1154 749 srmo,
1181 717 1228 743 καὶ
1256 718 1283 744 τί
1305 716 1422 752 λαλήσω.
1437 727 1447 743 ι
1462 733 1501 740 -η
1517 727 1527 743 ι
1543 717 1727 751 Ἑξελεύσεται
1750 719 1782 755 δὴ
1812 718 1861 746 οἷν

1066 762 1096 789 τὸ
1124 763 1212 797 κρῖμα
1241 771 1309 798 μου,
1332 762 1433 798 φησιν,
1449 763 1488 793 ὡς
1508 763 1596 797 φῶς,ι
1618 764 1772 798 τουτέστιν,
1803 765 1860 791 οὐκ

1068 809 1213 844 αἰνίγμασι
1225 808 1458 844 κατεσκιασμένον
1481 809 1511 835 τὸ
1533 808 1638 844 θέλημα
1653 809 1684 836 τὸ
1698 809 1774 845 ἐμὸν,
1790 810 1860 837 ἀλλὰ

227 855 429 882 Emtuanuelem
455 855 581 883 seductos
603 863 655 882 non
682 855 715 882 ad
742 855 841 891 legales
871 856 1012 892 religiones

1069 853 1180 888 γυμνῶς
1216 853 1264 879 καὶ
1296 853 1444 888 ἀκρὺτιτως
1469 854 1530 885 ταῖς
1561 854 1689 881 ἀπάντων
1722 855 1860 886 διανοίαις

227 906 434 933 revocaturum;
459 908 508 928 nec
528 909 586 935 qua:
603 901 629 928 in
649 901 741 936 ﬁguris
757 903 847 929 adhuc
864 907 890 930 et
913 902 1014 929 umbris

226 947 418 981 contingebant
433 947 565 974 honorare
582 955 740 979 suasurum;
759 948 853 982 potius
866 953 955 975 autem
979 948 1013 975 ad

225 992 388 1025 aequitatem,
406 992 606 1026 benignitatem,
622 994 847 1026 misericordiam,
865 999 894 1021 et
916 994 950 1021 ad
970 1001 1014 1021 ve-

226 1045 282 1064 ram
300 1037 464 1072 minimeque
487 1038 603 1065 fucatam
627 1039 672 1066 Dci
694 1039 860 1075 agnitionem
884 1039 1014 1067 deductu-

226 1091 296 1115 rum,
313 1091 424 1118 scopum
443 1084 526 1117 hunc,
543 1085 664 1118 inquam,
686 1085 782 1120 judicii
805 1085 915 1120 planum
938 1085 1013 1118 facit,

225 1133 252 1157 et
266 1130 312 1162 ait,
333 1140 342 1156 ι
360 1130 428 1163 Quia
449 1131 662 1159 misericordiam
686 1132 757 1164 volo,
779 1138 806 1159 et
835 1140 887 1159 non
907 1131 1014 1160 sacriﬁ-

225 1176 307 1210 cium,
325 1182 352 1204 et
366 1177 506 1205 scientiam
524 1178 571 1205 Dei
595 1179 681 1213 magis
701 1186 782 1213 quant
811 1178 978 1208 holocausta.
1002 1188 1012 1206 ι

225 1221 293 1254 Quid
313 1222 384 1249 enim
401 1222 507 1249 dicebat
526 1222 670 1250 Salvator?
695 1231 704 1248 ι
732 1222 826 1250 Omnia
846 1224 926 1258 igitur
939 1230 1014 1257 quae-

225 1275 329 1302 cunque
344 1267 425 1294 vultis
438 1272 467 1294 ut
490 1267 591 1295 faciant
614 1268 691 1296 vobis
714 1269 845 1302 homines,
867 1269 960 1296 eadem
988 1274 1015 1296 ct

225 1320 272 1339 vos
288 1313 339 1340 illis
353 1313 432 1340 facile
447 1313 571 1340 similiter
587 1314 620 1340 ".
651 1322 661 1340 υ
681 1313 766 1341 Tenet
787 1318 874 1340 autem
896 1321 949 1340 nou
968 1321 1014 1349 po-

225 1365 341 1386 stremas
356 1359 427 1394 apud
448 1359 543 1391 Deum,
564 1359 610 1394 qui
630 1359 789 1386 charitatem
816 1363 936 1387 exercet.
956 1368 965 1385 ι
985 1359 1013 1386 In

226 1405 287 1437 hoc,
306 1404 406 1439 inquit,
419 1409 583 1438 cognoscent
597 1411 703 1435 omnes,
727 1404 798 1439 quod
816 1404 938 1438 discipuli
961 1404 1013 1432 mei

225 1451 301 1483 estis,
317 1450 339 1477 si
364 1450 537 1477 dilectionem
563 1450 712 1477 habueritis
733 1450 765 1476 ad
797 1450 911 1478 invicem
937 1451 971 1477 ⁸⁰.
1002 1459 1010 1476 ι

223 1493 283 1521 1am
307 1494 383 1520 illum
407 1495 440 1521 ad
458 1501 487 1521 se
507 1495 660 1521 adeuntium
686 1495 791 1521 animos
813 1495 846 1522 ad
870 1495 1011 1522 scientiam

1066 898 1233 931 ἐγκείσεται.
1249 898 1310 924 Ὅτι
1325 898 1353 924 δὲ
1368 898 1518 933 ἀφιγμένος
1540 898 1610 925 κατὰ
1626 900 1740 935 καιροὺς
1753 901 1768 927 ὁ
1792 901 1860 935 Ἐμ-

1066 943 1197 978 μανουὴλ,
1221 943 1272 969 οὐκ
1295 943 1343 969 ἐπὶ
1366 943 1483 979 νομικὴν
1508 944 1626 979 μετοίσει
1645 944 1774 980 λατρείαν
1796 946 1861 978 τοὺς

1065 988 1300 1024 πεπλανημένους,
1330 989 1392 1016 οὔτε
1416 990 1469 1025 μὴν
1498 990 1533 1017 τὰ
1560 991 1589 1017 ὲν
1616 990 1711 1024 τύποις
1740 991 1781 1018 ἔτι
1811 991 1861 1019 καὶ

1066 1037 1156 1067 σκιαῖς
1184 1036 1325 1062 ἀναπείσει
1350 1036 1443 1071 τιμᾷν,
1469 1037 1616 1071 ἀποκομιεί
1641 1037 1670 1064 δὲ
1696 1037 1797 1072 μᾶλλον
1819 1039 1861 1070 εἰς

1065 1081 1226 1114 ἐπιείκειαν,
1250 1082 1297 1108 καὶ
1313 1082 1495 1117 χρηστότητα,
1518 1082 1564 1109 καὶ
1579 1082 1791 1118 εὐσπλαγχνίαν,
1812 1085 1861 1110 καὶ

1065 1126 1104 1157 είς
1125 1126 1236 1161 ἀγάπην
1256 1126 1305 1161 τὴν
1327 1126 1396 1161 πρὸς
1414 1126 1554 1162 ἀλλήλους,
1570 1128 1617 1154 καὶ
1635 1128 1675 1159 εἰς
1695 1128 1783 1164 ἀληθῆ
1811 1129 1861 1156 καὶ

1065 1172 1282 1207 ἀπαραλόγιστον
1299 1172 1448 1206 ἐπίγνωσιν
1470 1173 1516 1199 τοῦ
1539 1173 1618 1205 Θεοῦ,
1636 1174 1708 1209 σαφῆ
1726 1182 1775 1201 του
1795 1175 1860 1210 κρί-

1068 1226 1153 1252 ματος
1169 1217 1296 1244 ἀποτελεῖ
1316 1217 1362 1244 τὸν
1375 1218 1487 1249 σκοπὸν,
1505 1219 1552 1245 καί
1571 1227 1664 1254 φησιν,
1684 1229 1693 1245 ι
1704 1219 1766 1245 Ὅτι
1783 1219 1860 1252 ἕλεος

1068 1263 1151 1295 θέλω,
1168 1263 1216 1290 καὶ
1229 1263 1260 1290 οὐ
1276 1263 1372 1290 ουσίαν
1395 1265 1442 1290 καὶ
1460 1264 1608 1298 ἐπίγνωσιν
1622 1265 1698 1296 Θεοῦ,
1714 1265 1730 1300 ἦ
1749 1265 1862 1293 ὁλοκαυ-

1064 1310 1187 1344 τώματα.
1202 1319 1210 1335 ι
1236 1309 1269 1335 Τί
1291 1309 1346 1345 γὰρ
1360 1309 1480 1344 ἔφασκεν
1502 1310 1517 1336 6
1533 1311 1647 1346 Σωτήρ;
1673 1311 1786 1338 ιΠάντα
1812 1310 1861 1338 οὖν

1064 1355 1113 1382 ὅσα
1127 1355 1174 1382 ἐὰν
1191 1350 1286 1391 θέλητε
1304 1356 1347 1382 ἵνα
1363 1356 1478 1382 ποιῶσιν
1499 1356 1563 1391 ὑμῖν
1578 1357 1603 1382 οι
1618 1356 1769 1391 ἄνθρωποι,
1788 1357 1861 1383 οὕτω

1064 1402 1111 1428 καὶ
1123 1402 1201 1436 ὑμεῖς
1214 1403 1316 1428 ποιεῖτε
1328 1402 1421 1434 αὐτοῖς
1439 1403 1550 1437 ὁμοίοις.
1564 1411 1574 1427 ι
1588 1403 1689 1438 Χρῆμα
1701 1403 1729 1429 δὲ
1747 1403 1790 1429 ὅτι
1807 1403 1861 1436 μά-

1064 1447 1141 1473 λιστα
1154 1447 1230 1483 παρὰ
1245 1447 1304 1483 Θεῷ
1318 1448 1408 1483 τίμιον
1423 1448 1473 1483 τὴν
1484 1448 1594 1482 ἀγάπην
1613 1449 1779 1480 ἐπιδεικνὺς,
1793 1457 1805 1475 ι
1815 1449 1860 1475 Ἐν

1064 1492 1151 1527 τούτῳ
1173 1495 1322 1527 γνώσονται
1347 1493 1459 1525 πάντες,
1485 1494 1563 1528 φησὶ,
1584 1494 1624 1520 ὅτι
1650 1494 1713 1529 ἐμοὶ
1738 1495 1860 1529 μαθηταί

224 1541 281 1567 veri
297 1540 344 1567 Dei
357 1540 494 1572 eduxisse,
517 1548 570 1575 quo
598 1545 675 1575 pacto
699 1540 815 1567 dubitari
838 1541 942 1575 potest?
963 1540 1012 1568 Se-

1069 1539 1137 1570 ὲπε,
1155 1539 1202 1565 ἐὰν
1220 1539 1331 1574 ἀγάπην
1347 1539 1428 1575 ἔχητε
1441 1540 1481 1571 εἰς
1499 1539 1641 1575 ἀλλήλους.
1653 1528 1672 1565 »7
1682 1528 1745 1567 ’Ότι
1761 1540 1791 1567 δὲ
1805 1528 1861 1568 τῶν

226 1585 313 1621 ipsum
329 1587 401 1613 enim
420 1587 497 1613 nobis
517 1594 565 1621 pro
582 1587 696 1621 imagine
716 1587 850 1614 Genitoris
864 1587 1013 1621 proposuit,

225 1639 286 1659 cum
304 1631 372 1658 dixit
386 1631 508 1666 Philippo
523 1639 651 1666 germano
667 1631 816 1666 discipulo:
832 1641 841 1657 ι
863 1631 920 1658 Non
948 1640 1015 1659 crc—

226 1678 265 1705 dis
292 1678 355 1711 quia
373 1684 423 1712 ego
442 1678 469 1705 in
486 1677 577 1710 Patre,
591 1676 648 1712 99
662 1682 689 1704 ct
702 1676 782 1704 Pater
799 1678 824 1704 in
838 1685 882 1705 me
899 1677 957 1705 est?
968 1678 1014 1713 qui

225 1724 292 1750 vidit
310 1723 441 1756 nte,\vidit
456 1728 484 1750 et
499 1723 606 1751 Patrem
621 1723 654 1749 “.
669 1723 724 1758 Ego
738 1728 764 1749 et
777 1723 858 1751 Pater
871 1731 952 1751 unum
969 1731 1015 1751 su-

225 1777 285 1797 mus
310 1770 342 1796 “.
371 1779 381 1795 ›
397 1769 474 1802 Quod
488 1769 510 1796 si
527 1770 587 1804 quis
601 1774 628 1796 et
644 1769 731 1804 ipsum
757 1769 855 1797 Filium
880 1769 1014 1797 afﬁrmare

227 1816 341 1842 voluerit
353 1815 441 1843 Patris
462 1815 675 1842 misericordiam
690 1822 761 1847 esse,
786 1816 858 1843 omni
880 1816 1014 1843 sacriﬁcio

227 1866 254 1887 et
271 1861 431 1888 holocausto
456 1860 585 1895 majorem
606 1864 678 1886 recte
702 1859 854 1887 aﬁirmabit.
874 1860 919 1886 Sic
941 1860 1012 1886 cuius

224 1914 238 1933 ιι
255 1905 344 1932 divina
359 1904 499 1939 Scriptura
513 1908 624 1938 vocatus
638 1909 691 1931 est.
707 1904 767 1938 Ipse
779 1904 851 1931 enim
868 1903 965 1931 alicubi
979 1905 1013 1931 de

225 1951 283 1986 ipso
298 1947 368 1978 Deus
384 1955 411 1977 et
426 1950 505 1977 Pater
521 1950 598 1978 nobis
613 1950 677 1977 dicit
693 1958 700 1977 :
716 1958 725 1975 ι
741 1950 944 1984 Appropinquat
958 1950 1012 1976 cito

222 1996 325 2031 justitia
343 2004 413 2029 mea,
433 2001 461 2023 et
474 1995 658 2024 misericordia
681 2003 740 2023 mea
757 1999 785 2022 ut
804 1995 934 2022 reveletur
947 1996 979 2022 ⁸³.
999 2005 1009 2021 ι

226 2043 259 2069 Et
278 2042 409 2076 Propheta
427 2042 460 2069 ad
483 2042 557 2069 illum
574 2050 581 2068 :
606 2052 615 2069 ι
641 2043 758 2070 Ostende
785 2042 873 2074 nobis,
889 2043 1010 2074 Domine,

225 2088 436 2115 misericordiam
450 2093 533 2122 tuam,
542 2094 569 2116 et
577 2089 694 2117 salutare
708 2094 781 2115 tuum
790 2089 821 2115 da
832 2089 909 2115 nobis
919 2088 1008 2115 “95.:

228 2133 296 2160 Vcre
309 2134 379 2161 enim
394 2135 579 2162 misericordia
596 2143 610 2162 a
626 2135 707 2162 Patre
719 2139 760 2162 est
772 2135 906 2165 Christus,
918 2139 1011 2168 utpote

225 2181 270 2214 qui
288 2180 354 2207 tollit
371 2187 489 2215 peccata,
519 2186 547 2209 et
571 2182 684 2209 crimina
701 2181 823 2211 dimittit,
854 2185 882 2207 et
897 2180 947 2207 ﬁde
965 2180 1009 2215 ju-
1027 2196 1048 2223 ι)

225 2226 334 2259 stiﬁcat,
351 2231 377 2253 et
394 2228 514 2261 perditos
530 2227 557 2255 in
574 2226 717 2261 pristinum
731 2225 825 2253 salutis
844 2230 944 2252 statum
968 2232 1010 2251 re-

225 2272 321 2305 stituit,
339 2277 365 2300 et
379 2280 393 2300 a
406 2278 494 2301 morte
509 2273 623 2300 invictos
640 2272 736 2304 reddit,
751 2277 777 2299 et
792 2272 918 2306 quidnam
933 2278 1010 2305 egre-

225 2319 308 2353 gium,
322 2324 348 2346 ct
362 2319 387 2345 iu
399 2320 493 2353 primis
507 2318 639 2347 laudabile
652 2318 730 2345 nobis
744 2325 795 2345 non
812 2317 909 2344 donat?
920 2316 1010 2349 Quare

225 2364 320 2391 melior
336 2368 376 2391 cst
394 2364 526 2391 sacriﬁcio
541 2369 568 2391 et
590 2364 752 2391 holocaustis
770 2364 882 2390 scicntia
902 2364 958 2394 Dei,
981 2367 1009 2390 ut

225 2410 251 2436 in
266 2410 373 2437 Christo
387 2410 517 2443 perfecta.
545 2409 726 2443 Cognovimus
749 2410 820 2436 enim
849 2417 896 2443 per
922 2409 1006 2443 ipsum

224 2461 251 2482 et
268 2456 293 2482 in
310 2457 367 2489 ipso
382 2455 535 2486 l‘atrcut,et
547 2455 738 2488 jtlstiﬁcatioue
750 2456 775 2482 in
792 2456 843 2482 ﬁde
854 2455 1006 2490 locupletati

224 2509 325 2529 sumus.

1066 1585 1231 1621 προσιόντων
1242 1585 1287 1613 τὸν
1308 1585 1371 1613 νοῦν
1385 1586 1529 1620 ἀνεκόμιζε
1553 1586 1622 1621 πρὸς
1639 1586 1791 1620 ἐπίγνωσιν
1811 1587 1860 1614 τοῦ

1065 1632 1135 1659 κατὰ
1155 1631 1284 1666 ἀλήθειαν
1309 1632 1385 1662 ὄντος
1402 1632 1481 1664 Θεοῦ,
1507 1632 1565 1664 πῶς
1584 1632 1617 1659 ἂν
1636 1633 1682 1659 καὶ
1708 1633 1858 1661 ἐνδοιάσειὲ

1063 1686 1120 1709 τις;
1142 1678 1253 1704 Ἑαυτὸν
1265 1679 1318 1713 γὰρ
1331 1680 1394 1713 ἡμῖν
1411 1679 1450 1710 εἰς
1463 1679 1554 1707 εἰκόνα
1576 1679 1622 1705 τοῦ
1638 1679 1860 1715 γεγενῘν]ηκότος

1063 1724 1222 1760 παρετίθει,
1256 1724 1342 1758 λέγων
1366 1724 1404 1759 τῷ
1435 1724 1540 1760 γνησίῳ
1570 1725 1676 1761 μαθητῇ
1708 1726 1860 1760 (Φίλιππος

1063 1768 1140 1801 οὗτος
1156 1769 1200 1806 ἦν)
1215 1780 1221 1786 ·
1239 1780 1247 1796 ι
1260 1771 1297 1797 Οὐ
1308 1771 1457 1802 πιστεύεις,
1474 1771 1514 1797 ὅτι
1525 1771 1580 1805 ἐγὼ
1591 1771 1619 1797 ἐν
1632 1770 1671 1806 τῷ
1683 1771 1860 1806 Πατρὶ,καὶό

1063 1817 1158 1852 Πατὴρ
1191 1818 1219 1843 ἐν
1248 1817 1307 1851 ἐμοί
1342 1818 1429 1846 ἑστινς
1461 1818 1475 1843 ὁ
1502 1818 1631 1852 ἑωρακὼς
1665 1817 1725 1852 ἐμὲ,
1750 1817 1859 1853 ἑώρακε

1062 1863 1107 1889 τὸν
1122 1863 1238 1898 Πατέρα.
1258 1863 1327 1897 Ἐγὼ
1347 1864 1394 1889 καὶ
1409 1863 1422 1888 ὀ
1438 1862 1532 1898 Πατὴρ
1545 1863 1573 1889 ἓν
1594 1863 1687 1897 ἐσμεν.
1702 1871 1711 1888 ι
1731 1862 1763 1889 El
1780 1863 1809 1889 δὲ
1827 1863 1858 1898 δή

1062 1917 1103 1940 τις
1118 1909 1204 1935 ἕλοιτο
1222 1909 1268 1935 καὶ
1288 1909 1369 1935 αὑτὸν
1385 1908 1452 1934 εἶναι
1470 1909 1560 1942 λέγειν
1576 1908 1621 1934 τὸν
1641 1909 1704 1935 Υίὸν
1730 1909 1762 1935 τὸ
1784 1909 1859 1941 ἔλεος

1062 1955 1109 1981 τοῦ
1128 1956 1243 1991 Πατρὸς,
1259 1955 1290 1981 τὸ
1309 1955 1379 1990 ὑπὲρ
1392 1955 1487 1981 θυσίαν
1502 1955 1548 1980 καὶ
1565 1954 1758 1989 όλοκαύτωμα,
1795 1963 1858 1982 συν-

1062 2002 1121 2035 ήσει
1142 2001 1243 2032 καλῶς.
1278 2000 1415 2035 Κέκληται
1446 2000 1500 2035 γὰρ
1535 1999 1621 2031 οὕτως
1650 2001 1727 2036 παρά
1757 2008 1792 2035 γε
1824 2002 1857 2036 τῇ

1063 2048 1233 2082 θεοπνεύστῳ
1254 2048 1360 2083 Γραφῇ.
1383 2047 1468 2078 Αὐτὸς
1496 2047 1545 2081 μὲν
1563 2047 1616 2082 γὰρ
1638 2046 1689 2082 ἔφη
1713 2055 1766 2073 που
1792 2047 1857 2082 περὶ

1062 2092 1144 2119 αὐτοῦ
1163 2093 1231 2127 πρὸς
1246 2094 1319 2127 ἡμᾶς
1332 2094 1345 2118 6
1360 2092 1426 2124 Θεὸς
1437 2092 1483 2119 καὶ
1500 2093 1604 2127 Πατήρ·
1623 2102 1632 2118 ι
1649 2092 1774 2126 Ἐγγίζει
1787 2094 1857 2128 ταχὺ

1062 2139 1078 2172 η
1093 2136 1249 2171 δικαιοσύνη
1278 2145 1327 2170 μου
1345 2136 1391 2163 καὶ
1404 2136 1433 2163 τὸ
1446 2137 1519 2168 ἔλεός
1534 2145 1583 2171 μου
1598 2137 1855 2171 ἀποκαλυφθῆναι.»

1063 2181 1093 2207 Οἱ
1107 2181 1136 2207 δέ
1151 2189 1183 2214 γε
1195 2180 1334 2215 προφῆται
1356 2180 1424 2215 πρὸς
1446 2181 1542 2207 αὐτόν’
1566 2190 1576 2207 ι
1590 2181 1680 2214 Δεῖξον
1699 2183 1780 2216 ημῖν,
1798 2181 1857 2208 Κύ-

1064 2236 1114 2262 ριε,
1129 2227 1159 2253 τὸ
1175 2226 1250 2258 ἔλεός
1269 2235 1326 2259 τοι),
1345 2227 1435 2253 καὶτὸ
1448 2227 1580 2263 σοηήριόν
1596 2236 1642 2253 σου
1659 2227 1732 2263 δῴης
1752 2229 1830 2263 ἡμῖν.
1845 2237 1854 2253 ι

1064 2273 1157 2304 Ἔλεος
1172 2272 1226 2308 γὰρ
1242 2271 1349 2307 ἀληθῶς
1363 2271 1393 2298 τὸ
1410 2274 1486 2307 παρά
1503 2273 1610 2308 Πατρδς
1632 2273 1647 2300 6
1661 2274 1792 2308 Χριστὸς,
1819 2274 1857 2304 ὡς

1061 2317 1186 2353 ἀφαιρῶν
1213 2318 1367 2352 ἁμαρτὲας,
1392 2318 1429 2349 ὡς
1461 2318 1546 2350 ἀνιεὶς
1578 2318 1779 2354 ἐγκλημάτων,
1810 2320 1857 2346 καὶ

1060 2362 1174 2390 δικαιῶν
1189 2364 1222 2398 τῇ
1237 2363 1339 2395 πίστει,
1356 2362 1402 2389 καὶ
1420 2362 1570 2395 ἀνασώζων
1588 2364 1651 2395 τοὺς
1665 2363 1854 2395 ἀπολωλότας,

1060 2410 1107 2435 καὶ
1127 2409 1242 2435 θανάτου
1255 2408 1411 2443 κρείττονας
1427 2408 1595 2442 ἀποφαίνων,
1617 2410 1663 2435 καὶ
1683 2409 1711 2435 τί
1722 2409 1780 2445 γὰρ
1796 2410 1856 2444 οὐχὶ

1059 2455 1114 2481 τῶν
1128 2454 1276 2487 παγκάλων
1289 2454 1459 2489 δωρούμενος
1472 2464 1478 2487 ;
1493 2456 1598 2482 Οὐκοῦν
1610 2457 1731 2491 ἀμείνων
1746 2457 1854 2488 θυσίας,

1061 2501 1108 2527 καὶ
1130 2500 1363 2534 ὁλοκαυτωμάτων
1380 2502 1395 2535 ἡ
1415 2501 1482 2527 Θεοῦ
1498 2502 1610 2535 γνῶσις,
1631 2503 1669 2534 ὡς
1691 2504 1721 2529 ἐν
1742 2503 1855 2537 Χριστῷ

223 2547 382 2582 τελουμένη.
413 2545 588 2580 Ἐγνὼκαμεν
606 2545 661 2580 γὰρ
682 2545 714 2572 δι’
735 2546 819 2573 αὑτοῦ
842 2555 871 2573 τε
897 2546 944 2573 καὶ
972 2547 1002 2573 ἐν
1039 2547 1113 2581 αὐτῷ
1136 2545 1182 2572 τὸν
1211 2545 1338 2580 Πατέρα,
1368 2546 1414 2572 καὶ
1456 2546 1507 2581 τὴν
1536 2548 1565 2573 ἐν
1591 2547 1682 2573 πίστει
1710 2548 1856 2576 δικαίωσιν

224 2591 461 2625 πεπλουτήκαμεν.

260 2647 341 2673 Vens.
364 2647 389 2673 7.
408 2647 463 2681 Ipsi
482 2653 568 2674 autent
585 2652 644 2674 sunt
669 2654 696 2675 ut
724 2649 800 2676 homo
827 2649 1005 2684 pra’varicmzs

225 2698 417 2720 testamentum.

258 2808 281 2825 τε
298 2806 366 2834 Psal.
379 2815 407 2838 ιι,
425 2807 451 2834 6.
490 2807 511 2822 ⁷⁷
521 2806 599 2835 Joan.
616 2815 671 2838 xtv.
688 2807 732 2833 10.
769 2807 790 2821 ⁷⁸
807 2806 885 2833 Juan.
903 2807 1005 2837 “1,49.

265 2842 304 2868 l0.
343 2842 364 2856 δ’
379 2842 455 2868 .loan.
472 2851 497 2868 κ.
513 2843 556 2868 '50.
599 2843 621 2857 ⁸³
641 2845 689 2868 lsa.
708 2850 760 2868 ιιι.
779 2843 801 2867 l.
842 2843 862 2857 ἰλ
878 2843 899 2856 ί*
916 2842 988 2868 Ρδιιί.
1007 2850 1012 2868 l

1069 2811 1073 2824 ν
1092 2808 1185 2868 albaIth.
1204 2815 1254 2839 vit,
1274 2807 1314 2835 l2.
1353 2807 1376 2824 "°
1393 2807 1473 2836 Joan.
1486 2816 1546 2841 xm,
1561 2809 1606 2837 ὣ.

1073 2851 1096 2868 v.
1120 2844 1135 2867 ’.

857 2844 899 2857 ‘5'"
916 2844 988 2869 l‘sal.
1007 2850 1096 2875 txmv,
1110 2844 1135 2868 δ,

224 2843 250 2875 9,
265 2842 304 2868 l0.
343 2842 364 2856 δ’
379 2842 455 2869 .loan.
472 2851 497 2875 κ,
513 2843 556 2869 '50.
599 2843 621 2857 ⁸³
641 2845 689 2869 lsa.
708 2850 760 2874 ιιι,
779 2843 801 2867 l.

1097 2647 1185 2674 Αὐτοὶ
1205 2646 1237 2673 δέ
1254 2648 1332 2673 εἰσιν
1352 2647 1393 2679 ὡς
1408 2648 1563 2681 ἄνθρωπος
1578 2650 1772 2683 παραϐαίνων
1792 2652 1854 2679 δια-

1063 2694 1168 2728 θήκην.

1658 2810 1679 2825 ⁸¹
1698 2810 1780 2839 30211.
1799 2818 1852 2844 nv,
