1913 3042
76 145 122 174 I69

544 145 816 175 COMMENTARIUS
836 144 868 173 IN
888 144 1002 174 OSEAM
1023 146 1244 175 PIlOI’HETAM.

1654 150 1704 177 I70

107 206 172 240 squ
194 205 375 240 Πανταχόθεν
399 206 474 241 ἡμᾶς
492 207 731 242 πολυπραγμονεῖν
749 204 778 233 εὖ
795 206 863 242 μάλα

956 207 1047 236 LXVI.
1071 208 1255 244 Undecumque
1281 216 1328 236 uos
1351 208 1452 244 optimo
1475 208 1588 236 consilio
1611 216 1704 236 verum

77 254 106 280 τδ
120 252 214 286 ἀληθὲς
229 253 445 287 σπουδάζοντας,
473 253 520 280 καὶ
535 253 582 279 νῦν
600 255 687 280 εἰπεῖν
705 254 866 288 ἀναγκαῖον,

78 301 115 331 ὡς
127 299 209 335 ήκαθ¹
217 298 365 334 Ἑϐραίους
373 299 476 330 ἔκδυσις
485 299 544 326 ἀντὶ
554 299 611 330 τοῦ,
628 309 637 325 ι
652 299 689 331 ὡς
697 299 848 335 ἄνθρωπος,
856 308 865 325 ι

77 347 116 378 ὡς
131 345 218 380 Ἀδὰμ
236 345 333 380 εῐρηκε
359 345 536 381 παραϐαίνων
557 345 701 382 διαθήκην,
726 347 769 373 ἵνα
784 347 868 372 νοοῖτο

78 391 164 418 τοιάδε
187 400 231 423 τις
253 391 309 418 τῶν
329 391 359 425 ἐξ
380 392 487 428 Ἰσραὴλ
503 393 518 428 ή
534 393 700 428 παράόασις,
723 392 803 419 ὁποία
821 392 868 427 γέ-

78 445 153 471 γονεν
166 438 195 463 ὲν
209 437 308 472 Ἀδάμ.
322 437 413 465 Μετὸν
427 438 480 473 γὰρ
491 439 587 473 ἐκείνῳ
602 439 648 465 καὶ
662 438 711 474 τὴν
723 438 792 474 πρὸς
801 438 867 465 Θεὸν

75 484 213 510 οἱκείωσιν
229 484 312 519 ἔχειν,
332 484 380 511 καὶ
392 485 419 510 ὲν
432 484 570 520 ἀφθαρσίᾳ
584 485 727 517 διατελεῖν,
745 484 792 511 καὶ
807 486 866 516 ταῖς

76 529 122 556 τοῦ
139 530 309 565 παραδείσου
325 532 443 566 τρυφαῖς
458 530 665 566 ἐναϐρύνεσθαι,
691 530 866 566 κατημέλησε

76 575 126 610 τῆς
149 575 226 607 Θείας
246 576 368 611 ἐντολῆς,
394 575 453 603 εἶτα
475 576 611 603 διόλλυται
635 576 681 602 ἐπὶ
701 575 735 602 τὰ
757 576 866 611 αἰσχίω,

78 624 131 650 τῶν
144 623 269 658 ἀρχαίων
282 623 422 658 ἀδοκήτως
429 623 621 658 ἐστερημένος.
636 621 714 649 Οὕτω
730 622 777 649 καὶ
790 622 867 649 αὐτοὶ

77 670 159 705 (φημὶ
177 669 206 695 δὲ
221 668 254 703 δὴ
270 668 362 701 πάλιν,
379 669 403 694 oi
417 668 446 701 ἐξ
464 668 580 704 Ἰσραὴλ)
597 668 697 703 εὐμενῆ
722 669 768 695 καὶ
791 668 867 702 φίλον

77 716 119 741 τὸν
135 715 191 741 τῶν
215 714 285 741 ὅλων
308 714 415 748 ἔχοντες
432 714 507 746 Θεὸν,
523 713 654 746 σώζοντα,
667 713 714 740 καὶ
733 721 868 749 προεστη-

77 761 153 791 κότα,
172 760 222 786 καὶ
238 760 402 795 προτιθέντα
422 759 452 786 τὸ
473 759 546 791 ἔλεος
573 759 676 791 αὐτοῖς,
699 758 737 790 ὡς
753 759 868 794 νεφέλην

77 805 212 841 πρωῖνὴν,
230 805 277 833 καὶ
292 805 331 837 ὡς
345 805 440 841 δρόσον
457 805 586 841 ὀρθρινὴν
609 804 806 840 πορευομένην,
825 804 869 837 ἐξ·

78 853 179 887 ἀγοντα
193 852 224 879 δὲ
235 852 282 879 καὶ
298 851 337 884 ὡς
351 852 409 887 φῶς
427 851 457 878 τὸ
470 851 556 887 κρίμα
573 850 667 883 αὐτοῦ,
686 850 733 877 καὶ
750 851 782 886 τῇ
797 849 869 877 κατὰ

77 899 160 934 νόμον
181 898 369 933 στεφανοῦντα
385 898 507 933 λατρεία,
524 897 640 933 ρᾴθυμοι
654 897 782 931 γεγόνασι
803 897 867 932 περὶ

78 945 108 972 τὸ
119 946 214 979 σφισὶν
228 945 321 976 αὐτοῖς
335 945 493 978 ἀναγκαῖον,
510 943 558 970 καὶ
574 943 709 978 χρήσιμον
719 943 758 974 εἰς
770 942 868 978 εὑημε-

79 990 139 1025 γίαν
164 990 215 1016 καὶ
234 989 323 1023 δόξαν,
350 989 396 1016 καὶ
413 988 671 1023 καταπεφρονήκασι
687 987 735 1014 τοῦ
758 988 867 1014 πάντων

78 1035 245 1071 κρατοῦντος
262 1034 342 1061 Θεοῦ’
367 1034 455 1061 καίτοι
474 1034 601 1068 λέγοντος
616 1033 737 1069 ἐναργῶς
757 1033 801 1060 διὰ
819 1033 866 1059 τοῦ

77 1081 220 1115 πανσόφου
238 1081 374 1112 Μωσέως,
390 1089 400 1106 ι
417 1080 453 1107 Οὐ
475 1080 596 1115 ποιήσεις
619 1079 725 1114 σεαυτῷ
746 1079 865 1110 εἴδωλον,

77 1128 136 1154 ιύδὲ
156 1127 260 1159 παντὸς
278 1127 415 1162 ὁμοίωμα,
431 1126 480 1153 ὅσα
496 1127 525 1152 ὲν
543 1125 583 1161 τῷ
605 1125 712 1160 οὐρανῷ
729 1124 795 1156 ἀνω,
820 1124 867 1150 καὶ

77 1175 127 1201 ἶσα
141 1174 171 1201 ἐν
185 1175 220 1209 τῇ
233 1175 269 1208 γῇ
287 1173 375 1205 κάτω,
391 1173 438 1199 καὶ
452 1173 502 1199 ὅσα
517 1172 546 1198 ἐν
561 1173 617 1203 τοῖς
630 1171 722 1198 ὕδασιν
737 1170 866 1197 ὑποκάτω

75 1220 124 1255 τῆς
137 1220 200 1255 γῆς.
215 1229 224 1245 ι
248 1219 304 1246 Καὶ
317 1218 411 1245 πάλιν·
431 1228 439 1243 ι
456 1218 512 1244 Οὐκ
527 1218 632 1244 ἔσονταί
647 1225 687 1244 σοι
705 1216 761 1243 θεοὶ
775 1216 866 1250 ἕτεροι

74 1265 146 1301 πλὴν
169 1264 248 1301 ἐμοῦ.
266 1274 275 1290 ι
300 1264 408 1299 Ἐπειδὴ
428 1263 456 1290 δὲ
480 1264 509 1290 ἐν
527 1264 576 1298 ἴσῳ
598 1262 638 1298 τῷ
657 1262 768 1298 πρώτῳ,
787 1271 866 1289 τουτ-

75 1312 145 1343 έστι,
169 1311 210 1346 τῷ
237 1310 334 1346 Ἀδὰμ,
362 1309 532 1345 παρώλισθον
557 1310 596 1341 είς
617 1309 796 1340 ἀποστασίαν,
816 1309 864 1336 καὶ

74 1358 152 1385 αὐτοὶ
170 1357 204 1393 δὴ
221 1357 330 1388 πάντως
346 1356 399 1388 ἔξω
422 1354 569 1383 πεσοῦνται
591 1355 638 1382 τοῦ
654 1355 863 1392 κατευφραίνειν

74 1404 192 1435 εἰδότος
211 1402 424 1438 παραϐεϐήκασι
440 1401 495 1438 γὰρ
509 1401 652 1437 διαθήκην.

109 1450 141 1476 El
151 1450 180 1476 δὲ
196 1449 228 1484 δὴ
246 1449 332 1475 νοοῖτο
348 1447 560 1483 μυστικώτερον,
575 1447 612 1478 ὠς
629 1447 675 1473 ἐπὶ
690 1446 820 1482 Χριστοῦ,
834 1446 864 1472 τὸ

884 876 905 903 Β

920 254 1074 289 diligentius
1095 255 1222 290 indagare
1249 260 1390 290 conantes,
1407 263 1479 283 nunc
1501 263 1607 290 quoque
1628 256 1705 284 fateri

919 304 1035 334 oportet,
1054 301 1198 328 editionem
1213 301 1387 329 Hebraeorum
1408 309 1457 336 pro
1484 311 1493 327 ι
1523 306 1551 328 nt
1576 302 1667 335 homo,
1695 311 1704 328 ι

919 347 1030 380 habere,
1046 357 1054 373 I
1076 352 1104 374 ut
1118 347 1203 374 Adam
1226 348 1426 382 transgrediens
1443 353 1550 383 pactum
1568 357 1573 374 :
1595 357 1604 374 ι
1622 352 1651 376 ιιι
1665 353 1707 374 ta-

919 393 951 421 lis
981 394 1164 421 lsraelitarnm
1194 394 1374 428 transgressio
1403 394 1586 428 intelligatur,
1619 394 1704 428 qualis

917 440 1013 467 Adami
1037 440 1096 468 fuit.
1118 439 1183 468 Nam
1203 448 1263 467 cum
1277 441 1315 468 illi
1332 441 1426 468 liceret
1441 448 1501 467 cum
1520 441 1573 468 Deo
1594 441 1702 475 conjun-

918 491 991 514 ctnm
1017 487 1249 522 innnortalemque
1282 488 1373 515 vivere
1399 491 1427 515 et
1451 487 1570 522 paradisi
1602 487 1705 516 deliciis

918 532 1058 562 illustrari,
1076 533 1194 560 divinum
1219 533 1373 559 mandatum
1400 532 1648 567 neglexitzdeinde
1672 539 1704 559 ao

919 577 1067 612 indigniora
1094 578 1244 611 pessumiit,
1260 577 1397 613 primaevrs
1412 577 1560 605 hon0ribus
1572 581 1598 604 et
1618 576 1706 604 excel-

918 621 1007 650 lentiis
1031 627 1129 657 praeter
1152 623 1381 657 exspectationem
1406 622 1545 656 spoliatus.
1574 621 1707 650 Similiter

918 673 945 695 et
960 668 1010 703 ipsi
1025 669 1163 702 Israelita},
1181 669 1300 703 inquam.
1317 668 1461 703 benignum
1478 672 1504 694 et
1520 667 1634 694 amicum
1647 667 1708 693 uni-

919 721 1057 742 versorum
1073 715 1153 742 Deum
1173 715 1312 747 habentes,
1337 719 1503 742 servat0rem
1525 719 1551 742 et
1579 718 1706 743 tutorem.

919 765 946 787 et
972 761 1017 794 qui
1039 765 1215 795 proposuerat
1237 760 1276 787 eis
1305 759 1531 791 misericordiam,
1555 763 1583 785 et
1607 757 1707 784 nubem

921 805 1089 838 matutinam,
1105 810 1132 832 et
1148 812 1175 832 ut
1189 812 1277 833 rorem
1291 805 1450 833 matutinum
1460 807 1706 838 pertransettnlem,

918 855 946 877 et.
962 844 1119 879 educentem
1134 851 1265 886 judicium
1282 858 1360 879 suum
1378 851 1455 886 quasi
1471 851 1568 880 lucem,
1587 854 1613 876 et
1628 849 1707 876 latria

919 896 1069 923 secundum
1083 897 1168 931 legem
1183 905 1230 925 eos
1243 898 1474 930 cohonestantem,
1493 897 1519 924 in
1535 895 1642 931 negotio
1656 893 1707 922 sibi

918 943 1082 976 necessario,
1099 947 1124 970 et
1142 943 1174 970 ad
1189 943 1294 971 felicem
1318 948 1417 971 statum
1443 948 1470 970 et
1495 942 1608 977 gloriam
1636 941 1706 973 utili,

918 989 1046 1016 socordes
1058 994 1211 1023 evaserunt,
1226 994 1253 1017 et
1274 990 1483 1024 omnipotentem
1506 989 1589 1015 Deum
1616 987 1706 1015 ﬂocci-

918 1035 1079 1068 penderunt,
1108 1043 1263 1071 quanquam
1287 1035 1489 1070 sapientissimo
1513 1034 1603 1069 Moyse
1624 1033 1706 1061 claris

919 1080 1008 1108 verbis
1021 1081 1129 1108 dicente
1145 1090 1152 1108 :
1171 1090 1181 1107 ι
1198 1080 1255 1108 Non
1271 1080 1354 1109 {acies
1374 1081 1420 1108 tibi
1437 1080 1548 1112 idolum,
1567 1085 1617 1107 nec
1631 1079 1708 1107 simi~~

918 1125 1056 1154 litudinem
1082 1127 1172 1159 ullius,
1191 1132 1358 1161 qumcunque
1384 1126 1409 1153 in
1436 1126 1505 1154 ccelo
1531 1133 1650 1159 sursum,
1678 1129 1704 1152 ct

918 1179 1085 1206 quaecunque
1097 1173 1124 1200 in
1137 1177 1208 1200 terra
1224 1172 1348 1200 deorsum
1360 1171 1393 1198 ⁸⁸.
1412 1181 1421 1198 ι
1437 1171 1577 1199 Etiternm
1593 1181 1600 1199 :
1619 1180 1628 1197 ι
1644 1171 1702 1197 Non

917 1219 1099 1248 erunttibidii
1115 1218 1158 1245 alii
1176 1223 1275 1253 praeter
1303 1225 1345 1246 me
1370 1218 1403 1245 ⁸⁷.
1421 1227 1430 1244 ι
1458 1216 1590 1251 Quoniam
1615 1221 1703 1244 autem

917 1270 993 1298 aeque
1010 1268 1040 1290 ιιι
1053 1264 1167 1298 primus,
1181 1264 1231 1292 hoc
1250 1268 1301 1296 est,
1319 1264 1404 1291 Adam
1427 1263 1453 1290 in
1480 1262 1647 1297 apostasiam.
1664 1261 1704 1288 in-

917 1307 1050 1342 ciderunt,
1065 1309 1114 1343 ipsi
1130 1315 1237 1344 quoque
1254 1309 1364 1336 omnino
1387 1309 1421 1336 ab
1438 1315 1470 1336 eo
1494 1306 1539 1343 qui
1567 1306 1705 1334 laetillcarn

917 1354 992 1382 novit
1003 1354 1192 1383 destituentur.
1206 1354 1378 1391 Transgressi
1395 1360 1458 1383 sunt
1471 1354 1543 1383 enim
1559 1359 1703 1382 testamen-

918 1406 984 1428 tum.
1105 1430 1117 1440 ί,

953 1447 1031 1484 ιοο
1053 1448 1128 1482 Quod
1155 1448 1178 1476 si
1204 1449 1342 1476 oraculum
1373 1447 1587 1484 μυστικώτερον,
1613 1451 1643 1474 ut
1671 1446 1704 1473 de

74 1495 278 1532 χρησμῲδημα,
299 1494 382 1521 πάλιν
403 1494 491 1520 ἐκεῖνο
516 1493 644 1529 ὲρυῦμεν,
671 1492 779 1527 ἐμφανῆ
809 1492 863 1519 τῶν

916 1494 1033 1527 Christo,
1048 1495 1220 1529 intelligatur,
1237 1502 1341 1522 rursum
1353 1494 1384 1522 ad
1397 1493 1559 1522 sententiam
1571 1493 1702 1520 dictorum

73 1542 230 1578 λεγομένων
245 1541 424 1572 καθιστάντες
440 1540 484 1567 τὸν
501 1539 575 1566 νοῦν·
596 1538 738 1574 Ἔπεμψεν
755 1538 788 1565 ὲκ
806 1537 861 1564 τῶν

916 1541 1086 1576 aperiendam
1104 1541 1167 1569 illud
1184 1542 1325 1569 dicemus:
1341 1540 1414 1569 Misit
1435 1541 1469 1569 de
1483 1541 1553 1568 caelo
1580 1540 1650 1567 Deus
1678 1544 1704 1566 ct.

75 1588 197 1624 ιύρανῶν
230 1588 245 1614 ὁ
268 1587 336 1618 Θεὺς
362 1586 408 1613 καὶ
433 1585 527 1620 Πατὴρ
556 1585 601 1612 τὸν
625 1583 688 1611 Υἱδν
713 1582 864 1618 φωτιοῦντα

74 1635 134 1666 τοὺς
146 1634 177 1667 ἐξ
190 1632 312 1668 Ἰσραὴλ,
327 1632 374 1658 καὶ
386 1631 502 1666 φανερὸν
517 1630 721 1664 καταστήσοντα
732 1629 762 1655 τὸ
776 1628 862 1664 κρίμα

73 1679 167 1713 αὐτοῦ,
183 1679 232 1706 καὶ
245 1679 287 1705 ἵνα
307 1677 456 1711 καταλῆξαι
473 1676 522 1710 μὲν
539 1675 675 1711 ἀναπείσῃ
699 1674 798 1701 θυσιῶν
815 1674 864 1710 ἀρ-

72 1725 167 1760 )αιων,
190 1724 239 1750 καὶ
252 1723 485 1757 ὁλοκαυτωμάτων
498 1721 552 1748 τῶν
568 1721 638 1748 κατὰ
652 1722 747 1755 νόμον·
763 1720 863 1755 ἐλεήσῃ

72 1772 99 1798 ἑὲ
114 1770 227 1807 μᾶλλον,
243 1769 358 1796 δικαιῶν
373 1769 404 1803 τῇ
420 1768 520 1800 πίστει,
540 1767 587 1794 καὶ
599 1766 703 1802 καλέσῃ
719 1767 786 1802 πρὸς
801 1766 862 1792 ἐπί-

72 1826 171 1852 γνωσιν
200 1816 249 1843 τοῦ
272 1815 344 1842 κατά
369 1814 499 1849 ἀλήθειαν
521 1813 596 1844 ὄντος
616 1812 694 1840 Θεοῦ.
715 1813 754 1838 Δι’
779 1810 861 1838 αὑτοῦ

72 1864 124 1900 γὰρ
152 1864 200 1890 καὶ
215 1863 246 1889 ὲν
259 1861 334 1896 αὐτῷ
350 1860 501 1895 τεθεάμεθα
517 1859 561 1886 τὸν
587 1858 706 1894 Πατέρα,
725 1859 771 1884 καὶ
785 1858 863 1893 ἐσχή-

72 1919 158 1945 καμεν
174 1909 226 1944 τὴν
243 1907 437 1943 προσαγωγὴν,
449 1906 486 1938 ὦς
503 1914 554 1932 που
574 1906 621 1932 καὶ
642 1905 762 1940 Γράμμα
779 1903 861 1939 φησὶν

72 1956 150 1991 ἱερόν.
168 1954 254 1982 Ἀλλὰ
271 1953 415 1988 γεγόνασιν
430 1953 455 1979 οἱ
470 1952 498 1986 ἐξ
512 1951 618 1988 Ἰσραὴλ
637 1959 646 1976 ι
667 1951 704 1982 ὡς
720 1950 862 1986 ἄνθρωπος

71 2002 251 2038 παραΰαίνων
267 2001 410 2037 διαθήκην.
429 2010 438 2026 )
461 2000 517 2026 Καὶ
529 2000 555 2026 τί
568 2000 600 2035 δὴ
614 1999 693 2026 τοῦτό
708 2000 791 2031 ἐστιν,
806 1997 861 2034 ὲρῶ

72 2049 158 2080 πάλιν,
167 2049 245 2080 ὅπως
258 2048 292 2074 ἂν
303 2047 435 2082 δύνωμαι.
446 2046 506 2073 ’Ότι
520 2045 565 2080 ὑφ’
580 2045 673 2080 ἑτέρου
685 2044 861 2081 γραφομένην

71 2095 249 2130 παραὸαίνων
273 2094 418 2128 διαθήκην,
432 2093 448 2128 ἢ
465 2092 494 2119 οὐ
510 2092 650 2127 πρόσεισιν
665 2091 745 2123 αὐτὸς
758 2091 796 2126 τῷ
814 2091 860 2117 ἐκ·

70 2141 212 2175 νεμηθέντι
228 2140 324 2175 κλήρῳ
332 2139 407 2174 παρὰ
420 2138 466 2166 τοῦ
478 2138 650 2174 γεγραφότος
668 2136 763 2173 αὑτήν·
776 2138 860 2173 ἤγουν

69 2187 177 2223 ἑτέρους
193 2186 249 2212 τῶν
263 2183 496 2221 ἐγγεγραμμένων
508 2184 561 2210 τῶν
572 2184 663 2215 αὐτοῖς
676 2183 859 2218 ὀφειλομένων

914 1586 995 1614 Pater
1011 1587 1120 1620 Filium,
1136 1587 1350 1615 illuminaturum
1367 1587 1435 1615 ﬁlios
1455 1586 1537 1615 Israel
1551 1592 1577 1614 et
1591 1587 1702 1613 manil'e-

914 1635 1049 1659 staturum
1075 1632 1206 1667 judicium
1232 1632 1301 1667 ejus,
1324 1637 1350 1660 et
1375 1637 1404 1659 ut
1427 1632 1537 1667 antiqua
1568 1631 1700 1658 sacriﬁcia

914 1683 996 1713 atque
1020 1677 1175 1705 holocausta
1208 1678 1300 1713 legalia
1328 1678 1452 1713 abrogari
1473 1682 1589 1711 curaret,
1617 1680 1702 1713 mag's

915 1729 1004 1750 autem
1021 1723 1233 1751 misericordiam
1257 1729 1391 1759 erogaret,
1416 1723 1468 1751 ﬁde
1489 1724 1651 1758 justiﬁeans,
1676 1730 1704 1751 et

914 1770 946 1796 ad
962 1770 1125 1804 agnitionem
1143 1770 1197 1797 veri
1212 1770 1257 1797 Del
1272 1775 1388 1797 vocaret.
1406 1769 1459 1797 Per
1473 1771 1561 1805 ipsum
1581 1771 1663 1802 enim,
1676 1774 1703 1797 et

914 1816 940 1843 in
950 1817 1008 1850 ipso
1018 1816 1132 1842 vidimus
1142 1815 1259 1848 Patrem,
1271 1821 1298 1843 et
1309 1824 1446 1843 accessum
1460 1816 1549 1851 adepti
1563 1824 1657 1843 sumus
1667 1817 1700 1845 ⁸³.

913 1866 942 1888 ut
955 1862 1051 1889 alicubi
1070 1867 1111 1888 est
1134 1863 1159 1889 in
1176 1862 1259 1889 sacris
1277 1862 1397 1889 Litteris.
1415 1861 1548 1889 Catterum
1573 1861 1701 1889 Israelita,

913 1908 976 1935 facti
995 1913 1057 1935 sunt
1072 1917 1080 1933 I
1097 1913 1125 1935 ut
1147 1907 1226 1934 homo
1246 1904 1425 1943 praevaricans
1449 1912 1652 1934 testamentum.
1688 1917 1697 1933 ι

915 1954 970 1982 Hoc
988 1954 1051 1989 quid
1070 1954 1115 1987 sit,
1135 1954 1221 1980 dicam
1245 1959 1274 1980 ιιι
1298 1958 1401 1987 potero.
1426 1953 1467 1981 Ab
1494 1954 1546 1981 alio
1569 1955 1699 1988 scriptum

915 2006 1105 2028 testamentum
1119 2000 1336 2034 transgrediens;
1352 2006 1397 2027 aut
1412 2001 1443 2026 ad
1457 2000 1627 2027 distributam
1641 2008 1700 2027 sor-

914 2052 967 2074 tem
983 2054 998 2074 a
1012 2046 1149 2074 conditore
1168 2045 1321 2073 testamenti
1343 2053 1396 2073 non
1414 2046 1534 2079 accedit,
1561 2051 1607 2073 aut
1635 2047 1702 2073 alios

912 2097 987 2119 certe
1004 2096 1164 2119 testamento
1179 2092 1335 2126 inscriptos,
1361 2091 1460 2118 debitis
1480 2091 1599 2126 ipsorum
1623 2090 1702 2118 bonis

913 2135 1028 2164 fraudat.
1048 2135 1112 2163 Tale
1135 2137 1261 2172 quiddam
1279 2137 1474 2165 commiserunt
1494 2135 1591 2169 Judtei,
1623 2137 1703 2171 idque

912 2182 938 2209 in
953 2183 1070 2210 Christo.
1087 2183 1137 2216 Qui
1151 2183 1275 2210 tandem?
1293 2183 1361 2210 Dens
1380 2183 1451 2209 enim
1477 2187 1502 2210 et
1526 2182 1607 2210 Pater
1632 2183 1701 2210 velut

69 2233 226 2267 ἀποστερεῖ.
247 2231 376 2257 Τοιοῦτόν
395 2239 422 2257 τι
446 2229 620 2265 πεπράχασιν
648 2230 786 2261 Ἰουδαῖοι,
813 2230 859 2255 καὶ

916 2229 1078 2263 splendidam
1103 2229 1247 2263 quamdam
1270 2233 1297 2257 et.
1325 2229 1489 2264 peculiarem
1516 2228 1698 2256 haereditatcm
1720 2224 1727 2257 ξ

68 2278 145 2304 τοῦτο
159 2277 207 2303 ἐπὶ
226 2275 349 2311 Χριστῷ.
366 2275 439 2309 Πῶς,
461 2275 478 2310 ἢ
493 2277 553 2302 τίνα
570 2276 684 2311 τρόπον;
705 2277 719 2302 ὁ
737 2275 787 2310 μὲν
806 2276 860 2310 γὰρ

69 2323 131 2355 Θεὸς
156 2323 205 2350 καὶ
224 2323 320 2358 Πατὴρ
337 2321 438 2357 κλῆρον
460 2321 555 2357 ὥσπερ
580 2321 641 2348 τινὰ
669 2321 796 2357 λαμπρὸν
814 2321 861 2348 καὶ

68 2369 207 2405 ἐξαίρετον
222 2369 272 2404 τὴν
295 2369 365 2395 κατὰ
382 2368 428 2395 τοῦ
443 2368 535 2400 ἔθνους
556 2367 703 2403 ἡγεμονίαν
718 2368 859 2404 ἐχαρίζετο

67 2414 103 2449 τῷ
119 2413 188 2449 Υἱῷ.
203 2414 377 2448 Διακὲκραγε
391 2412 462 2449 γὰρ,
480 2414 518 2445 ὼς
532 2413 610 2448 ἔφην,
630 2422 640 2438 ‹
663 2412 733 2447 Ἐγὼ
751 2413 778 2439 δὲ
794 2421 859 2439 κατ-

68 2461 184 2495 εστάθην
199 2461 329 2495 βασιλεὺς
343 2461 389 2487 ὑπ’
403 2459 495 2493 αὐτοῦ,
519 2461 564 2487 ἐπὶ
577 2459 645 2486 Σιὼν
659 2459 721 2495 ὅρος
734 2460 764 2486 τὸ
779 2460 857 2494 ἃγιον

67 2507 146 2533 αὑτοῦ
157 2514 165 2522 ·
184 2516 194 2532 ι
212 2506 260 2532 καὶ
273 2506 374 2533 δέδωκε
392 2505 430 2542 τῷ
447 2505 504 2541 Υίῴ
520 2506 566 2533 τὸν
586 2506 680 2542 νοητὸν
697 2505 855 2541 ἀμπελῶνα,

65 2553 197 2584 τουτέστι,
225 2553 270 2579 τὸν
300 2552 443 2588 Ἰσραήλ(
467 2552 496 2579 Ὀ
511 2552 565 2588 γὰρ
592 2552 723 2587 ἁμπελὼν
753 2551 856 2586 Κυρίου

65 2598 196 2624 Σαϐϐαὼο
208 2618 215 2630 ,
238 2609 248 2624 ι
266 2599 338 2625 κατὰ
355 2598 385 2624 τὸ
403 2598 605 2634 γεγραμμένον,
623 2607 630 2623 ι
648 2597 790 2632 ἄνθρωπος
809 2596 856 2622 τοῦ

71 2645 168 2676 Ἰούδα,
197 2645 338 2679 νεόφυτον,
355 2645 545 2680 ἠγαπημένον.
568 2655 577 2670 ι
603 2644 683 2676 Ἀλλ’,
709 2643 745 2675 ὥς
775 2651 856 2678 φησιν

63 2691 77 2716 ὀ
96 2692 230 2726 μακάριος
256 2690 454 2726 εὐαγγελιστὴς
474 2690 614 2725 Ἰωάννης’
643 2699 652 2714 ι
670 2690 716 2720 Εἰς
741 2690 775 2715 τὰ
803 2688 856 2714 ἴδια

61 2733 139 2772 ἦλθε,
157 2738 202 2763 καὶ
217 2738 242 2764 οἱ
265 2737 326 2764 ἴδιοι
352 2737 432 2763 αὐτὸν
448 2737 478 2763 οὐ
494 2736 657 2772 παρέλαϐον.
675 2746 684 2762 ι
707 2735 855 2771 Ἐκϐεϐλή-

96 2829 213 2865 "Exod.
231 2838 279 2862 xx,
295 2830 323 2857 4.
365 2829 386 2845 ⁸⁷
403 2829 466 2856 ibid.
478 2830 504 2856 5.
542 2830 565 2846 ⁸⁸
585 2829 684 2865 Ephes.
705 2837 735 2862 tt,
749 2829 793 2856 IS.
831 2828 854 2845 κ’

916 2827 944 2854 ιι.
961 2834 994 2861 ιι,
1009 2826 1034 2853 6.
1073 2827 1095 2842 ⁸ο
1111 2824 1164 2853 Isa.
1184 2831 1211 2858 v,
1231 2825 1257 2852 l.
1295 2823 1317 2840 “
1330 2823 1410 2851 Joan.
1427 2831 1447 2855 ι,
1465 2822 1507 2850 ll.

64 2872 123 2896 ut,
143 2864 185 2891 58.

177 2911 320 2943 ΡΑτιιοιι.
347 2910 407 2940 Gn.
429 2910 528 2941 LXXI.

913 2274 1091 2310 principatum
1106 2275 1194 2310 gentis
1210 2274 1236 2301 ei
1253 2275 1372 2302 donavit.
1388 2274 1556 2301 Exclamavit
1571 2275 1653 2307 enim,
1674 2280 1699 2302 ut
1718 2276 1723 2306 ἴ

911 2321 965 2347 dixi
982 2328 988 2347 :
1008 2329 1017 2346 ι
1038 2320 1094 2356 Ego
1108 2324 1198 2348 autem
1215 2321 1379 2348 constitutus
1395 2329 1455 2348 sum
1472 2329 1518 2347 rex
1531 2321 1564 2348 ab
1577 2328 1609 2348 eo
1621 2328 1699 2355 super

911 2369 974 2395 Hion
990 2372 1107 2395 montem
1124 2371 1246 2394 sanctum
1261 2368 1319 2401 ejus
1332 2367 1364 2399 κν,
1392 2376 1401 2391 ›
1427 2367 1554 2401 deditque
1572 2365 1642 2393 Filio
1664 2366 1703 2392 ri-

911 2420 1000 2444 ncam,
1018 2420 1078 2447 qua
1102 2417 1192 2440 mente
1217 2412 1376 2447 percipitur,
1405 2412 1456 2438 hoc
1482 2416 1535 2443 est.
1561 2411 1699 2438 Israelctn.

915 2469 922 2484 ι
945 2459 1026 2486 Vinea
1042 2457 1113 2485 enim
1129 2459 1234 2485 Domini
1253 2458 1385 2488 Sabaoth,
1410 2466 1419 2483 ι
1444 2462 1473 2483 ιιι
1488 2456 1618 2490 scriptum
1647 2461 1700 2487 est,

914 2514 923 2530 ι
946 2506 1024 2532 Ιιοιιιο
1041 2503 1120 2535 .Iuda,
1141 2503 1243 2531 novella
1265 2503 1405 2537 plantatio,
1425 2502 1523 2529 dilecta
1542 2502 1575 2529 νο.
1601 2511 1610 2528 ι
1633 2501 1699 2533 Sed,

912 2556 940 2577 ut
956 2554 997 2577 est
1018 2549 1087 2583 apud
1113 2549 1220 2576 beatum
1244 2548 1436 2581 evangelistam
1461 2547 1604 2580 Joannem,
1632 2556 1641 2572 ι
1670 2547 1699 2573 In

911 2597 1018 2631 propria
1036 2595 1119 2628 venit,
1133 2600 1159 2622 et
1176 2594 1216 2622 sui
1230 2601 1290 2620 eum
1305 2601 1356 2620 non
1373 2597 1532 2627 receperunt
1551 2593 1585 2619 ⁹¹.
1615 2601 1625 2618 ι
1647 2592 1700 2618 Ex-

912 2646 951 2668 tra
968 2645 1073 2675 portam
1094 2639 1164 2666 enim
1185 2639 1322 2673 ejecerunt
1344 2645 1417 2669 eum,
1443 2642 1470 2665 et
1493 2641 1579 2663 morte
1601 2635 1698 2663 multa-

910 2692 984 2720 runt.
997 2688 1136 2714 dicentes:
1157 2695 1166 2712 ‹
1183 2685 1232 2713 Hic
1245 2690 1286 2713 est
1302 2685 1406 2717 haeres;
1431 2684 1529 2716 venite,
1541 2683 1693 2711 occidamta

909 2741 982 2768 eum,
997 2738 1024 2761 et
1038 2733 1198 2761 habebimus
1212 2731 1395 2759 htereditatem
1411 2731 1469 2765 ejus
1484 2730 1516 2756 ν’.
1529 2739 1538 2755 ι
1550 2729 1696 2757 Considera

1559 2820 1581 2837 ’ί
1596 2818 1695 2847 Matth.

1499 2903 1517 2935 6
