  <div class='ocr_page' id='page_1' title='image "/cluster/home/n/w/nwhite01/storage/ocr_20150623/71/njp.32101077772745/093.png"; bbox 0 0 1913 3042; ppageno 0'>
   <div class='ocr_carea' id='block_1_1' title="bbox 219 155 1331 186">
    <p class='ocr_par' dir='ltr' id='par_1_1' title="bbox 219 155 1331 186">
     <span class='ocr_line' id='line_1_1' title="bbox 219 155 1331 186; baseline 0 0"><span class='ocrx_word' id='word_1_1' title='bbox 219 159 263 186; x_wconf 75' lang='grc' dir='ltr'>Γί</span> <span class='ocrx_word' id='word_1_2' title='bbox 711 157 739 184; x_wconf 91' lang='lat' dir='ltr'><strong>S.</strong></span> <span class='ocrx_word' id='word_1_3' title='bbox 759 156 896 183; x_wconf 74' lang='lat' dir='ltr'><strong>CYRILLI</strong></span> <span class='ocrx_word' id='word_1_4' title='bbox 918 155 1151 183; x_wconf 71' lang='lat' dir='ltr'><strong>ALEXANDRiNI</strong></span> <span class='ocrx_word' id='word_1_5' title='bbox 1173 156 1331 185; x_wconf 81' lang='lat' dir='ltr'><strong>ARCIIIEP.</strong></span> 
     </span>
    </p>
   </div>
   <div class='ocr_carea' id='block_1_2' title="bbox 1803 156 1853 183">
    <p class='ocr_par' dir='ltr' id='par_1_2' title="bbox 1803 156 1853 183">
     <span class='ocr_line' id='line_1_2' title="bbox 1803 156 1853 183; baseline 0 0"><span class='ocrx_word' id='word_1_6' title='bbox 1803 156 1853 183; x_wconf 71' lang='grc' dir='ltr'><strong>ΓΞ</strong></span> 
     </span>
    </p>
   </div>
   <div class='ocr_carea' id='block_1_3' title="bbox 218 214 1007 253">
    <p class='ocr_par' dir='ltr' id='par_1_3' title="bbox 218 215 1007 253">
     <span class='ocr_line' id='line_1_3' title="bbox 218 215 1007 253; baseline -0.004 -7"><span class='ocrx_word' id='word_1_7' title='bbox 218 220 298 253; x_wconf 57' lang='lat' dir='ltr'><strong>igitur</strong></span> <span class='ocrx_word' id='word_1_8' title='bbox 311 217 535 253; x_wconf 81' lang='lat' dir='ltr'><strong>quemadmodum</strong></span> <span class='ocrx_word' id='word_1_9' title='bbox 548 215 611 242; x_wconf 79' lang='lat' dir='ltr'><strong>facti</strong></span> <span class='ocrx_word' id='word_1_10' title='bbox 624 215 688 247; x_wconf 84' lang='lat' dir='ltr'><strong>sint,</strong></span> <span class='ocrx_word' id='word_1_11' title='bbox 703 224 712 240; x_wconf 86' lang='grc'><strong>‹</strong></span> <span class='ocrx_word' id='word_1_12' title='bbox 730 220 758 242; x_wconf 94' lang='lat' dir='ltr'><strong>ut</strong></span> <span class='ocrx_word' id='word_1_13' title='bbox 780 216 859 242; x_wconf 92' lang='lat' dir='ltr'><strong>homo</strong></span> <span class='ocrx_word' id='word_1_14' title='bbox 876 220 1007 251; x_wconf 77' lang='lat' dir='ltr'><strong>transgre-</strong></span> 
     </span>
    </p>
   </div>
   <div class='ocr_carea' id='block_1_4' title="bbox 1066 214 1854 253">
    <p class='ocr_par' dir='ltr' id='par_1_4' title="bbox 1066 214 1854 251">
     <span class='ocr_line' id='line_1_4' title="bbox 1066 214 1854 251; baseline -0.003 -9"><span class='ocrx_word' id='word_1_15' title='bbox 1066 225 1121 242; x_wconf 75' lang='grc' dir='ltr'>(οισι</span> <span class='ocrx_word' id='word_1_16' title='bbox 1139 215 1193 251; x_wconf 78' lang='grc' dir='ltr'>γὰρ</span> <span class='ocrx_word' id='word_1_17' title='bbox 1214 215 1266 247; x_wconf 79' lang='grc' dir='ltr'>ἔξω</span> <span class='ocrx_word' id='word_1_18' title='bbox 1287 215 1336 250; x_wconf 82' lang='grc' dir='ltr'>τῆς</span> <span class='ocrx_word' id='word_1_19' title='bbox 1361 216 1459 250; x_wconf 80' lang='grc' dir='ltr'><strong>πύλης,</strong></span> <span class='ocrx_word' id='word_1_20' title='bbox 1485 214 1531 241; x_wconf 73' lang='grc' dir='ltr'>καὶ</span> <span class='ocrx_word' id='word_1_21' title='bbox 1553 214 1854 249; x_wconf 70' lang='grc' dir='ltr'>θανάτῳπαρέδοσαν,</span> 
     </span>
    </p>
   </div>
   <div class='ocr_carea' id='block_1_5' title="bbox 216 261 1006 296">
    <p class='ocr_par' dir='ltr' id='par_1_5' title="bbox 216 261 1006 296">
     <span class='ocr_line' id='line_1_5' title="bbox 216 261 1006 296; baseline -0.001 -7"><span class='ocrx_word' id='word_1_22' title='bbox 216 265 293 291; x_wconf 78' lang='lat' dir='ltr'><strong>dicns</strong></span> <span class='ocrx_word' id='word_1_23' title='bbox 311 267 512 290; x_wconf 83' lang='lat' dir='ltr'><strong>testamentum.</strong></span> <span class='ocrx_word' id='word_1_24' title='bbox 536 270 545 286; x_wconf 83' lang='grc' dir='ltr'><strong>ι</strong></span> <span class='ocrx_word' id='word_1_25' title='bbox 570 261 725 295; x_wconf 74' lang='lat' dir='ltr'><strong>Cognovisti</strong></span> <span class='ocrx_word' id='word_1_26' title='bbox 751 261 901 288; x_wconf 60' lang='lat' dir='ltr'><strong>haeredem?</strong></span> <span class='ocrx_word' id='word_1_27' title='bbox 927 262 1006 296; x_wconf 73' lang='lat' dir='ltr'><strong>igitur</strong></span> 
     </span>
    </p>
   </div>
   <div class='ocr_carea' id='block_1_6' title="bbox 217 306 1006 341">
    <p class='ocr_par' dir='ltr' id='par_1_6' title="bbox 217 306 1006 341">
     <span class='ocr_line' id='line_1_6' title="bbox 217 306 1006 341; baseline -0.001 -6"><span class='ocrx_word' id='word_1_28' title='bbox 217 309 400 336; x_wconf 70' lang='lat' dir='ltr'><strong>hmreditatem</strong></span> <span class='ocrx_word' id='word_1_29' title='bbox 416 307 452 333; x_wconf 94' lang='lat' dir='ltr'>illi</span> <span class='ocrx_word' id='word_1_30' title='bbox 469 306 626 332; x_wconf 85' lang='lat' dir='ltr'><strong>attributam</strong></span> <span class='ocrx_word' id='word_1_31' title='bbox 643 306 733 333; x_wconf 81' lang='lat' dir='ltr'><strong>redde.</strong></span> <span class='ocrx_word' id='word_1_32' title='bbox 754 306 928 341; x_wconf 75' lang='lat' dir='ltr'><strong>Transgressi</strong></span> <span class='ocrx_word' id='word_1_33' title='bbox 944 313 1006 334; x_wconf 87' lang='lat' dir='ltr'><strong>sunt</strong></span> 
     </span>
    </p>
   </div>
   <div class='ocr_carea' id='block_1_7' title="bbox 215 351 1007 389">
    <p class='ocr_par' dir='ltr' id='par_1_7' title="bbox 215 351 1007 389">
     <span class='ocr_line' id='line_1_7' title="bbox 215 351 1007 389; baseline 0 -8"><span class='ocrx_word' id='word_1_34' title='bbox 215 351 279 389; x_wconf 73' lang='lat' dir='ltr'><strong>ergo</strong></span> <span class='ocrx_word' id='word_1_35' title='bbox 313 357 500 380; x_wconf 86' lang='lat' dir='ltr'><strong>testamentum</strong></span> <span class='ocrx_word' id='word_1_36' title='bbox 529 351 627 384; x_wconf 84' lang='lat' dir='ltr'><strong>Patris,</strong></span> <span class='ocrx_word' id='word_1_37' title='bbox 648 358 777 386; x_wconf 86' lang='lat' dir='ltr'><strong>quantum</strong></span> <span class='ocrx_word' id='word_1_38' title='bbox 810 353 837 379; x_wconf 91' lang='lat' dir='ltr'><strong>in</strong></span> <span class='ocrx_word' id='word_1_39' title='bbox 867 353 932 388; x_wconf 82' lang='lat' dir='ltr'>ipsis</span> <span class='ocrx_word' id='word_1_40' title='bbox 957 353 1007 381; x_wconf 79' lang='lat' dir='ltr'><strong>fuit</strong></span> 
     </span>
    </p>
   </div>
   <div class='ocr_carea' id='block_1_8' title="bbox 217 398 1005 434">
    <p class='ocr_par' dir='ltr' id='par_1_8' title="bbox 217 398 1005 434">
     <span class='ocr_line' id='line_1_8' title="bbox 217 398 1005 434; baseline 0 -8"><span class='ocrx_word' id='word_1_41' title='bbox 217 399 348 426; x_wconf 80' lang='lat' dir='ltr'><strong>haeredem</strong></span> <span class='ocrx_word' id='word_1_42' title='bbox 365 398 583 426; x_wconf 67' lang='lat' dir='ltr'><strong>exhaeredantes.</strong></span> <span class='ocrx_word' id='word_1_43' title='bbox 600 398 652 425; x_wconf 86' lang='lat' dir='ltr'><strong>Sed</strong></span> <span class='ocrx_word' id='word_1_44' title='bbox 667 406 755 433; x_wconf 91' lang='lat' dir='ltr'><strong>neque</strong></span> <span class='ocrx_word' id='word_1_45' title='bbox 772 399 821 433; x_wconf 85' lang='lat' dir='ltr'>ipsi</span> <span class='ocrx_word' id='word_1_46' title='bbox 838 400 869 427; x_wconf 84' lang='lat' dir='ltr'><strong>ad</strong></span> <span class='ocrx_word' id='word_1_47' title='bbox 892 400 1005 434; x_wconf 72' lang='lat' dir='ltr'><strong>gratiam</strong></span> 
     </span>
    </p>
   </div>
   <div class='ocr_carea' id='block_1_9' title="bbox 215 444 1005 478">
    <p class='ocr_par' dir='ltr' id='par_1_9' title="bbox 215 444 1005 478">
     <span class='ocr_line' id='line_1_9' title="bbox 215 444 1005 478; baseline 0.001 -7"><span class='ocrx_word' id='word_1_48' title='bbox 215 449 395 476; x_wconf 86' lang='lat' dir='ltr'><strong>accesserunt,</strong></span> <span class='ocrx_word' id='word_1_49' title='bbox 411 444 520 478; x_wconf 80' lang='lat' dir='ltr'><strong>quando</strong></span> <span class='ocrx_word' id='word_1_50' title='bbox 543 451 701 472; x_wconf 82' lang='lat' dir='ltr'><strong>concessam</strong></span> <span class='ocrx_word' id='word_1_51' title='bbox 717 445 767 472; x_wconf 87' lang='lat' dir='ltr'>sibi</span> <span class='ocrx_word' id='word_1_52' title='bbox 791 452 805 471; x_wconf 79' lang='grc' dir='ltr'><strong>ιι</strong></span> <span class='ocrx_word' id='word_1_53' title='bbox 826 444 882 472; x_wconf 86' lang='lat' dir='ltr'><strong>Deo</strong></span> <span class='ocrx_word' id='word_1_54' title='bbox 904 449 1005 473; x_wconf 86' lang='lat' dir='ltr'><strong>sortem</strong></span> 
     </span>
    </p>
   </div>
   <div class='ocr_carea' id='block_1_10' title="bbox 214 490 1004 525">
    <p class='ocr_par' dir='ltr' id='par_1_10' title="bbox 214 490 1004 525">
     <span class='ocr_line' id='line_1_10' title="bbox 214 490 1004 525; baseline 0.001 -8"><span class='ocrx_word' id='word_1_55' title='bbox 214 497 267 517; x_wconf 91' lang='lat' dir='ltr'><strong>non</strong></span> <span class='ocrx_word' id='word_1_56' title='bbox 282 490 457 516; x_wconf 84' lang='lat' dir='ltr'><strong>admiserunt.</strong></span> <span class='ocrx_word' id='word_1_57' title='bbox 485 490 530 516; x_wconf 84' lang='lat' dir='ltr'><strong>Ait</strong></span> <span class='ocrx_word' id='word_1_58' title='bbox 557 490 629 517; x_wconf 78' lang='lat' dir='ltr'><strong>enim</strong></span> <span class='ocrx_word' id='word_1_59' title='bbox 654 498 703 524; x_wconf 86' lang='lat' dir='ltr'><strong>per</strong></span> <span class='ocrx_word' id='word_1_60' title='bbox 720 490 878 525; x_wconf 83' lang='lat' dir='ltr'><strong>prophetam</strong></span> <span class='ocrx_word' id='word_1_61' title='bbox 903 490 973 518; x_wconf 88' lang='lat' dir='ltr'><strong>Deus</strong></span> <span class='ocrx_word' id='word_1_62' title='bbox 998 500 1004 518; x_wconf 93' lang='lat'>:</span> 
     </span>
    </p>
   </div>
   <div class='ocr_carea' id='block_1_11' title="bbox 217 534 1006 569">
    <p class='ocr_par' dir='ltr' id='par_1_11' title="bbox 217 534 1006 569">
     <span class='ocr_line' id='line_1_11' title="bbox 217 534 1006 569; baseline 0.003 -7"><span class='ocrx_word' id='word_1_63' title='bbox 217 545 226 562; x_wconf 75' lang='grc' dir='ltr'><strong>ε</strong></span> <span class='ocrx_word' id='word_1_64' title='bbox 244 534 313 563; x_wconf 88' lang='lat' dir='ltr'><strong>Ecce</strong></span> <span class='ocrx_word' id='word_1_65' title='bbox 326 534 383 563; x_wconf 90' lang='lat' dir='ltr'><strong>dies</strong></span> <span class='ocrx_word' id='word_1_66' title='bbox 399 535 521 569; x_wconf 79' lang='lat' dir='ltr'><strong>venient,</strong></span> <span class='ocrx_word' id='word_1_67' title='bbox 540 536 606 563; x_wconf 83' lang='lat' dir='ltr'><strong>dicit</strong></span> <span class='ocrx_word' id='word_1_68' title='bbox 623 536 764 569; x_wconf 84' lang='lat' dir='ltr'><strong>Dominus,</strong></span> <span class='ocrx_word' id='word_1_69' title='bbox 779 537 1006 566; x_wconf 83' lang='lat' dir='ltr'><strong>etconsummabo</strong></span> 
     </span>
    </p>
   </div>
   <div class='ocr_carea' id='block_1_12' title="bbox 214 580 1004 617">
    <p class='ocr_par' dir='ltr' id='par_1_12' title="bbox 214 580 1004 617">
     <span class='ocr_line' id='line_1_12' title="bbox 214 580 1004 617; baseline 0.001 -9"><span class='ocrx_word' id='word_1_70' title='bbox 214 589 295 617; x_wconf 84' lang='lat' dir='ltr'><strong>super</strong></span> <span class='ocrx_word' id='word_1_71' title='bbox 315 581 407 614; x_wconf 84' lang='lat' dir='ltr'><strong>Israel,</strong></span> <span class='ocrx_word' id='word_1_72' title='bbox 430 585 456 609; x_wconf 89' lang='lat' dir='ltr'><strong>et</strong></span> <span class='ocrx_word' id='word_1_73' title='bbox 477 589 558 616; x_wconf 83' lang='lat' dir='ltr'><strong>super</strong></span> <span class='ocrx_word' id='word_1_74' title='bbox 583 581 694 609; x_wconf 90' lang='lat' dir='ltr'><strong>domum</strong></span> <span class='ocrx_word' id='word_1_75' title='bbox 721 580 788 609; x_wconf 84' lang='lat' dir='ltr'><strong>Juda</strong></span> <span class='ocrx_word' id='word_1_76' title='bbox 814 586 1004 610; x_wconf 82' lang='lat' dir='ltr'><strong>testamentum</strong></span> 
     </span>
    </p>
   </div>
   <div class='ocr_carea' id='block_1_13' title="bbox 213 627 1004 662">
    <p class='ocr_par' dir='ltr' id='par_1_13' title="bbox 213 627 1004 662">
     <span class='ocr_line' id='line_1_13' title="bbox 213 627 1004 662; baseline 0.003 -8"><span class='ocrx_word' id='word_1_77' title='bbox 213 634 324 660; x_wconf 88' lang='lat' dir='ltr'><strong>novum,</strong></span> <span class='ocrx_word' id='word_1_78' title='bbox 343 634 395 654; x_wconf 88' lang='lat' dir='ltr'><strong>non</strong></span> <span class='ocrx_word' id='word_1_79' title='bbox 417 627 563 655; x_wconf 86' lang='lat' dir='ltr'><strong>secundum</strong></span> <span class='ocrx_word' id='word_1_80' title='bbox 579 631 770 655; x_wconf 82' lang='lat' dir='ltr'><strong>testamentum</strong></span> <span class='ocrx_word' id='word_1_81' title='bbox 791 628 861 662; x_wconf 88' lang='lat' dir='ltr'><strong>quod</strong></span> <span class='ocrx_word' id='word_1_82' title='bbox 885 628 1004 662; x_wconf 84' lang='lat' dir='ltr'><strong>disposui</strong></span> 
     </span>
    </p>
   </div>
   <div class='ocr_carea' id='block_1_14' title="bbox 213 673 1004 708">
    <p class='ocr_par' dir='ltr' id='par_1_14' title="bbox 213 673 1004 708">
     <span class='ocr_line' id='line_1_14' title="bbox 213 673 1004 708; baseline 0.001 -8"><span class='ocrx_word' id='word_1_83' title='bbox 213 673 335 707; x_wconf 88' lang='lat' dir='ltr'><strong>patribus</strong></span> <span class='ocrx_word' id='word_1_84' title='bbox 359 680 452 701; x_wconf 87' lang='lat' dir='ltr'><strong>eorum</strong></span> <span class='ocrx_word' id='word_1_85' title='bbox 471 674 497 700; x_wconf 92' lang='lat' dir='ltr'><strong>in</strong></span> <span class='ocrx_word' id='word_1_86' title='bbox 514 674 558 701; x_wconf 91' lang='lat' dir='ltr'><strong>die</strong></span> <span class='ocrx_word' id='word_1_87' title='bbox 581 674 608 700; x_wconf 93' lang='lat' dir='ltr'><strong>in</strong></span> <span class='ocrx_word' id='word_1_88' title='bbox 631 681 682 708; x_wconf 91' lang='lat' dir='ltr'><strong>qua</strong></span> <span class='ocrx_word' id='word_1_89' title='bbox 710 675 871 708; x_wconf 78' lang='lat' dir='ltr'><strong>apprehendi</strong></span> <span class='ocrx_word' id='word_1_90' title='bbox 896 682 1004 701; x_wconf 90' lang='lat' dir='ltr'><strong>manum</strong></span> 
     </span>
    </p>
   </div>
   <div class='ocr_carea' id='block_1_15' title="bbox 213 718 1004 754">
    <p class='ocr_par' dir='ltr' id='par_1_15' title="bbox 213 718 1004 754">
     <span class='ocr_line' id='line_1_15' title="bbox 213 718 1004 754; baseline 0.001 -8"><span class='ocrx_word' id='word_1_91' title='bbox 213 726 318 751; x_wconf 82' lang='lat' dir='ltr'><strong>eorum,</strong></span> <span class='ocrx_word' id='word_1_92' title='bbox 334 724 362 746; x_wconf 91' lang='lat' dir='ltr'><strong>ut</strong></span> <span class='ocrx_word' id='word_1_93' title='bbox 377 720 517 747; x_wconf 84' lang='lat' dir='ltr'><strong>educerem</strong></span> <span class='ocrx_word' id='word_1_94' title='bbox 532 726 579 746; x_wconf 88' lang='lat' dir='ltr'><strong>eos</strong></span> <span class='ocrx_word' id='word_1_95' title='bbox 596 720 629 746; x_wconf 88' lang='lat' dir='ltr'><strong>de</strong></span> <span class='ocrx_word' id='word_1_96' title='bbox 640 725 711 747; x_wconf 83' lang='lat' dir='ltr'><strong>terra</strong></span> <span class='ocrx_word' id='word_1_97' title='bbox 724 718 833 754; x_wconf 71' lang='lat' dir='ltr'><strong>Egypti</strong></span> <span class='ocrx_word' id='word_1_98' title='bbox 848 719 880 746; x_wconf 79' lang='lat'><strong>&quot;.</strong></span> <span class='ocrx_word' id='word_1_99' title='bbox 902 728 911 745; x_wconf 78' lang='grc' dir='ltr'><strong>ι</strong></span> <span class='ocrx_word' id='word_1_100' title='bbox 929 719 1004 752; x_wconf 88' lang='lat' dir='ltr'><strong>Quod</strong></span> 
     </span>
    </p>
   </div>
   <div class='ocr_carea' id='block_1_16' title="bbox 214 764 1005 800">
    <p class='ocr_par' dir='ltr' id='par_1_16' title="bbox 214 764 1005 800">
     <span class='ocr_line' id='line_1_16' title="bbox 214 764 1005 800; baseline 0.001 -9"><span class='ocrx_word' id='word_1_101' title='bbox 214 765 236 792; x_wconf 89' lang='lat' dir='ltr'><strong>si</strong></span> <span class='ocrx_word' id='word_1_102' title='bbox 255 772 315 791; x_wconf 87' lang='lat' dir='ltr'><strong>cum</strong></span> <span class='ocrx_word' id='word_1_103' title='bbox 332 764 423 799; x_wconf 83' lang='lat' dir='ltr'><strong>priore</strong></span> <span class='ocrx_word' id='word_1_104' title='bbox 436 769 599 792; x_wconf 87' lang='lat' dir='ltr'><strong>testamento</strong></span> <span class='ocrx_word' id='word_1_105' title='bbox 617 771 716 791; x_wconf 86' lang='lat' dir='ltr'><strong>novum</strong></span> <span class='ocrx_word' id='word_1_106' title='bbox 740 764 904 797; x_wconf 84' lang='lat' dir='ltr'><strong>conferatur,</strong></span> <span class='ocrx_word' id='word_1_107' title='bbox 927 766 1005 800; x_wconf 79' lang='lat' dir='ltr'><strong>longe</strong></span> 
     </span>
    </p>
   </div>
   <div class='ocr_carea' id='block_1_17' title="bbox 214 809 1005 845">
    <p class='ocr_par' dir='ltr' id='par_1_17' title="bbox 214 809 1005 845">
     <span class='ocr_line' id='line_1_17' title="bbox 214 809 1005 845; baseline 0.001 -9"><span class='ocrx_word' id='word_1_108' title='bbox 214 810 331 836; x_wconf 80' lang='lat' dir='ltr'><strong>maxima</strong></span> <span class='ocrx_word' id='word_1_109' title='bbox 356 810 550 844; x_wconf 85' lang='lat' dir='ltr'><strong>promissorum</strong></span> <span class='ocrx_word' id='word_1_110' title='bbox 569 810 700 837; x_wconf 89' lang='lat' dir='ltr'><strong>bonorum</strong></span> <span class='ocrx_word' id='word_1_111' title='bbox 730 809 880 837; x_wconf 75' lang='lat' dir='ltr'><strong>dilIerentia</strong></span> <span class='ocrx_word' id='word_1_112' title='bbox 901 811 1005 845; x_wconf 86' lang='lat' dir='ltr'><strong>perspi-</strong></span> 
     </span>
    </p>
   </div>
   <div class='ocr_carea' id='block_1_18' title="bbox 213 854 1004 890">
    <p class='ocr_par' dir='ltr' id='par_1_18' title="bbox 213 854 1004 890">
     <span class='ocr_line' id='line_1_18' title="bbox 213 854 1004 890; baseline 0 -8"><span class='ocrx_word' id='word_1_113' title='bbox 213 855 309 882; x_wconf 86' lang='lat' dir='ltr'><strong>cietur.</strong></span> <span class='ocrx_word' id='word_1_114' title='bbox 330 855 386 882; x_wconf 90' lang='lat' dir='ltr'><strong>Illic</strong></span> <span class='ocrx_word' id='word_1_115' title='bbox 406 855 479 883; x_wconf 91' lang='lat' dir='ltr'><strong>enim</strong></span> <span class='ocrx_word' id='word_1_116' title='bbox 500 855 731 888; x_wconf 68' lang='lat' dir='ltr'><strong>Amorrhaorum.</strong></span> <span class='ocrx_word' id='word_1_117' title='bbox 750 854 953 890; x_wconf 72' lang='lat' dir='ltr'><strong>Gergesteorum</strong></span> <span class='ocrx_word' id='word_1_118' title='bbox 977 859 1004 883; x_wconf 90' lang='lat' dir='ltr'><strong>et</strong></span> 
     </span>
    </p>
   </div>
   <div class='ocr_carea' id='block_1_19' title="bbox 1058 259 1854 296">
    <p class='ocr_par' dir='ltr' id='par_1_19' title="bbox 1058 259 1854 296">
     <span class='ocr_line' id='line_1_19' title="bbox 1058 259 1854 296; baseline -0.001 -7"><span class='ocrx_word' id='word_1_119' title='bbox 1058 263 1191 296; x_wconf 71' lang='grc' dir='ltr'>λέγοντες,</span> <span class='ocrx_word' id='word_1_120' title='bbox 1217 271 1225 287; x_wconf 76' lang='grc' dir='ltr'>ί</span> <span class='ocrx_word' id='word_1_121' title='bbox 1243 259 1328 293; x_wconf 77' lang='grc' dir='ltr'>Οῦτός</span> <span class='ocrx_word' id='word_1_122' title='bbox 1351 263 1424 289; x_wconf 74' lang='grc' dir='ltr'>ἐστιν</span> <span class='ocrx_word' id='word_1_123' title='bbox 1449 263 1462 288; x_wconf 82' lang='grc' dir='ltr'>ὁ</span> <span class='ocrx_word' id='word_1_124' title='bbox 1480 261 1658 296; x_wconf 81' lang='grc' dir='ltr'><strong>κληρονόμος,</strong></span> <span class='ocrx_word' id='word_1_125' title='bbox 1682 260 1761 287; x_wconf 83' lang='grc' dir='ltr'>δεῦτε</span> <span class='ocrx_word' id='word_1_126' title='bbox 1784 261 1854 288; x_wconf 81' lang='grc' dir='ltr'>ἀπο-</span> 
     </span>
    </p>
   </div>
   <div class='ocr_carea' id='block_1_20' title="bbox 1058 307 1851 344">
    <p class='ocr_par' dir='ltr' id='par_1_20' title="bbox 1058 307 1851 344">
     <span class='ocr_line' id='line_1_20' title="bbox 1058 307 1851 344; baseline -0.003 -9"><span class='ocrx_word' id='word_1_127' title='bbox 1058 309 1206 344; x_wconf 79' lang='grc' dir='ltr'><strong>κτείνωμεν</strong></span> <span class='ocrx_word' id='word_1_128' title='bbox 1229 308 1320 340; x_wconf 78' lang='grc' dir='ltr'>αὑτὸν,</span> <span class='ocrx_word' id='word_1_129' title='bbox 1342 309 1389 335; x_wconf 84' lang='grc' dir='ltr'><strong>καὶ</strong></span> <span class='ocrx_word' id='word_1_130' title='bbox 1415 307 1523 343; x_wconf 85' lang='grc' dir='ltr'>σχῶμεν</span> <span class='ocrx_word' id='word_1_131' title='bbox 1545 307 1594 342; x_wconf 81' lang='grc' dir='ltr'>τὴν</span> <span class='ocrx_word' id='word_1_132' title='bbox 1617 307 1816 342; x_wconf 83' lang='grc' dir='ltr'>κληρονομίαν.</span> <span class='ocrx_word' id='word_1_133' title='bbox 1841 317 1851 333; x_wconf 74' lang='grc' dir='ltr'><strong>ι</strong></span> 
     </span>
    </p>
   </div>
   <div class='ocr_carea' id='block_1_21' title="bbox 1059 351 1854 388">
    <p class='ocr_par' dir='ltr' id='par_1_21' title="bbox 1059 351 1854 388">
     <span class='ocr_line' id='line_1_21' title="bbox 1059 351 1854 388; baseline -0.003 -8"><span class='ocrx_word' id='word_1_134' title='bbox 1059 353 1154 388; x_wconf 79' lang='grc' dir='ltr'>Ἀθρει</span> <span class='ocrx_word' id='word_1_135' title='bbox 1171 353 1202 388; x_wconf 82' lang='grc' dir='ltr'>δὴ</span> <span class='ocrx_word' id='word_1_136' title='bbox 1214 351 1261 379; x_wconf 79' lang='grc' dir='ltr'>οὖν</span> <span class='ocrx_word' id='word_1_137' title='bbox 1275 353 1349 384; x_wconf 82' lang='grc' dir='ltr'>ὅπως</span> <span class='ocrx_word' id='word_1_138' title='bbox 1363 352 1505 387; x_wconf 88' lang='grc' dir='ltr'>γεγόνασιν</span> <span class='ocrx_word' id='word_1_139' title='bbox 1519 361 1527 378; x_wconf 74' lang='grc' dir='ltr'><strong>ι</strong></span> <span class='ocrx_word' id='word_1_140' title='bbox 1541 352 1579 383; x_wconf 79' lang='grc' dir='ltr'>ὡς</span> <span class='ocrx_word' id='word_1_141' title='bbox 1602 352 1747 387; x_wconf 77' lang='grc' dir='ltr'>ἄνθρωπος</span> <span class='ocrx_word' id='word_1_142' title='bbox 1762 361 1854 388; x_wconf 84' lang='grc' dir='ltr'>παρα-</span> 
     </span>
    </p>
   </div>
   <div class='ocr_carea' id='block_1_22' title="bbox 1057 397 1853 434">
    <p class='ocr_par' dir='ltr' id='par_1_22' title="bbox 1057 397 1853 434">
     <span class='ocr_line' id='line_1_22' title="bbox 1057 397 1853 434; baseline -0.003 -8"><span class='ocrx_word' id='word_1_143' title='bbox 1057 399 1156 426; x_wconf 80' lang='grc' dir='ltr'>ϐαίνων</span> <span class='ocrx_word' id='word_1_144' title='bbox 1170 399 1314 434; x_wconf 81' lang='grc' dir='ltr'><strong>διαθήκην.</strong></span> <span class='ocrx_word' id='word_1_145' title='bbox 1334 408 1342 424; x_wconf 89' lang='grc' dir='ltr'><strong>ι</strong></span> <span class='ocrx_word' id='word_1_146' title='bbox 1361 398 1498 432; x_wconf 82' lang='grc' dir='ltr'>Ἐπέγνως</span> <span class='ocrx_word' id='word_1_147' title='bbox 1512 398 1557 424; x_wconf 78' lang='grc' dir='ltr'><strong>τὸν</strong></span> <span class='ocrx_word' id='word_1_148' title='bbox 1572 397 1759 432; x_wconf 80' lang='grc' dir='ltr'>κληρονόμον;</span> <span class='ocrx_word' id='word_1_149' title='bbox 1778 398 1853 424; x_wconf 76' lang='grc' dir='ltr'><strong>Οὐκ-</strong></span> 
     </span>
    </p>
   </div>
   <div class='ocr_carea' id='block_1_23' title="bbox 1058 442 1854 480">
    <p class='ocr_par' dir='ltr' id='par_1_23' title="bbox 1058 442 1854 480">
     <span class='ocr_line' id='line_1_23' title="bbox 1058 442 1854 480; baseline -0.004 -9"><span class='ocrx_word' id='word_1_150' title='bbox 1058 444 1106 471; x_wconf 88' lang='grc' dir='ltr'><strong>οῦν</strong></span> <span class='ocrx_word' id='word_1_151' title='bbox 1118 445 1217 477; x_wconf 85' lang='grc' dir='ltr'>ἀπόδος</span> <span class='ocrx_word' id='word_1_152' title='bbox 1228 444 1275 472; x_wconf 80' lang='grc' dir='ltr'>τὸν</span> <span class='ocrx_word' id='word_1_153' title='bbox 1286 444 1470 480; x_wconf 81' lang='grc' dir='ltr'>ὲκνεμηθέντα</span> <span class='ocrx_word' id='word_1_154' title='bbox 1482 443 1582 479; x_wconf 84' lang='grc' dir='ltr'>κλῆρον</span> <span class='ocrx_word' id='word_1_155' title='bbox 1591 442 1675 477; x_wconf 76' lang='grc' dir='ltr'>αὐτῷ.</span> <span class='ocrx_word' id='word_1_156' title='bbox 1689 442 1854 478; x_wconf 75' lang='grc' dir='ltr'><strong>Παραῦεὒή-</strong></span> 
     </span>
    </p>
   </div>
   <div class='ocr_carea' id='block_1_24' title="bbox 1056 487 1852 525">
    <p class='ocr_par' dir='ltr' id='par_1_24' title="bbox 1056 487 1852 525">
     <span class='ocr_line' id='line_1_24' title="bbox 1056 487 1852 525; baseline -0.004 -9"><span class='ocrx_word' id='word_1_157' title='bbox 1056 498 1121 516; x_wconf 82' lang='grc' dir='ltr'>κασι</span> <span class='ocrx_word' id='word_1_158' title='bbox 1135 489 1223 516; x_wconf 82' lang='grc' dir='ltr'>τοίνυν</span> <span class='ocrx_word' id='word_1_159' title='bbox 1251 488 1298 525; x_wconf 83' lang='grc' dir='ltr'>τήν</span> <span class='ocrx_word' id='word_1_160' title='bbox 1319 488 1453 524; x_wconf 84' lang='grc' dir='ltr'><strong>διαθήκην</strong></span> <span class='ocrx_word' id='word_1_161' title='bbox 1470 488 1518 514; x_wconf 84' lang='grc' dir='ltr'><strong>τοῦ</strong></span> <span class='ocrx_word' id='word_1_162' title='bbox 1540 487 1656 524; x_wconf 79' lang='grc' dir='ltr'>Πατρὺς,</span> <span class='ocrx_word' id='word_1_163' title='bbox 1677 487 1711 514; x_wconf 81' lang='grc' dir='ltr'>τὸ</span> <span class='ocrx_word' id='word_1_164' title='bbox 1727 487 1791 513; x_wconf 86' lang='grc' dir='ltr'>ὅσον</span> <span class='ocrx_word' id='word_1_165' title='bbox 1808 487 1852 521; x_wconf 79' lang='grc' dir='ltr'><strong>ιφ·</strong></span> 
     </span>
    </p>
   </div>
   <div class='ocr_carea' id='block_1_25' title="bbox 1056 532 1852 570">
    <p class='ocr_par' dir='ltr' id='par_1_25' title="bbox 1056 532 1852 570">
     <span class='ocr_line' id='line_1_25' title="bbox 1056 532 1852 570; baseline -0.003 -9"><span class='ocrx_word' id='word_1_166' title='bbox 1056 535 1174 567; x_wconf 79' lang='grc' dir='ltr'><strong>ἑαυτοῖς,</strong></span> <span class='ocrx_word' id='word_1_167' title='bbox 1202 534 1416 570; x_wconf 80' lang='grc' dir='ltr'><strong>ἀποστεροῦντες</strong></span> <span class='ocrx_word' id='word_1_168' title='bbox 1434 533 1479 560; x_wconf 82' lang='grc' dir='ltr'><strong>τὸν</strong></span> <span class='ocrx_word' id='word_1_169' title='bbox 1504 533 1684 569; x_wconf 83' lang='grc' dir='ltr'><strong>κληρονόμον,</strong></span> <span class='ocrx_word' id='word_1_170' title='bbox 1705 532 1766 560; x_wconf 75' lang='grc' dir='ltr'>ἀλλ’</span> <span class='ocrx_word' id='word_1_171' title='bbox 1789 533 1852 560; x_wconf 74' lang='grc' dir='ltr'>οὐδὲ</span> 
     </span>
    </p>
   </div>
   <div class='ocr_carea' id='block_1_26' title="bbox 1056 579 1850 617">
    <p class='ocr_par' dir='ltr' id='par_1_26' title="bbox 1056 579 1850 617">
     <span class='ocr_line' id='line_1_26' title="bbox 1056 579 1850 617; baseline -0.001 -10"><span class='ocrx_word' id='word_1_172' title='bbox 1056 581 1133 608; x_wconf 81' lang='grc' dir='ltr'>αὐτοὶ</span> <span class='ocrx_word' id='word_1_173' title='bbox 1153 581 1306 617; x_wconf 85' lang='grc' dir='ltr'>προσῆλθον</span> <span class='ocrx_word' id='word_1_174' title='bbox 1321 582 1354 616; x_wconf 82' lang='grc' dir='ltr'>τῇ</span> <span class='ocrx_word' id='word_1_175' title='bbox 1369 581 1472 616; x_wconf 84' lang='grc' dir='ltr'>χάριτι,</span> <span class='ocrx_word' id='word_1_176' title='bbox 1489 580 1521 606; x_wconf 86' lang='grc' dir='ltr'><strong>οὐ</strong></span> <span class='ocrx_word' id='word_1_177' title='bbox 1537 581 1726 615; x_wconf 72' lang='grc' dir='ltr'>προσήκαντδς</span> <span class='ocrx_word' id='word_1_178' title='bbox 1740 579 1787 606; x_wconf 77' lang='grc' dir='ltr'><strong>τὸν</strong></span> <span class='ocrx_word' id='word_1_179' title='bbox 1806 579 1850 606; x_wconf 82' lang='grc' dir='ltr'>δο-</span> 
     </span>
    </p>
   </div>
   <div class='ocr_carea' id='block_1_27' title="bbox 1061 624 1854 662">
    <p class='ocr_par' dir='ltr' id='par_1_27' title="bbox 1061 624 1854 662">
     <span class='ocr_line' id='line_1_27' title="bbox 1061 624 1854 662; baseline -0.004 -8"><span class='ocrx_word' id='word_1_180' title='bbox 1061 627 1142 654; x_wconf 80' lang='grc' dir='ltr'>θέντα</span> <span class='ocrx_word' id='word_1_181' title='bbox 1160 627 1253 658; x_wconf 85' lang='grc' dir='ltr'>αὺτοῖς</span> <span class='ocrx_word' id='word_1_182' title='bbox 1271 626 1348 662; x_wconf 85' lang='grc' dir='ltr'>παρὰ</span> <span class='ocrx_word' id='word_1_183' title='bbox 1362 625 1409 653; x_wconf 78' lang='grc' dir='ltr'><strong>τοῦ</strong></span> <span class='ocrx_word' id='word_1_184' title='bbox 1424 625 1492 652; x_wconf 84' lang='grc' dir='ltr'>Θεοῦ</span> <span class='ocrx_word' id='word_1_185' title='bbox 1509 625 1620 661; x_wconf 84' lang='grc' dir='ltr'>κλῆρον.</span> <span class='ocrx_word' id='word_1_186' title='bbox 1638 625 1711 660; x_wconf 85' lang='grc' dir='ltr'><strong>Ἐφη</strong></span> <span class='ocrx_word' id='word_1_187' title='bbox 1728 625 1779 660; x_wconf 70' lang='grc' dir='ltr'>μὲν</span> <span class='ocrx_word' id='word_1_188' title='bbox 1797 624 1854 660; x_wconf 83' lang='grc' dir='ltr'>γὰρ</span> 
     </span>
    </p>
   </div>
   <div class='ocr_carea' id='block_1_28' title="bbox 1055 671 1852 707">
    <p class='ocr_par' dir='ltr' id='par_1_28' title="bbox 1055 671 1852 707">
     <span class='ocr_line' id='line_1_28' title="bbox 1055 671 1852 707; baseline -0.004 -8"><span class='ocrx_word' id='word_1_189' title='bbox 1055 672 1098 699; x_wconf 86' lang='grc' dir='ltr'>διὰ</span> <span class='ocrx_word' id='word_1_190' title='bbox 1124 672 1170 698; x_wconf 89' lang='grc' dir='ltr'><strong>τοῦ</strong></span> <span class='ocrx_word' id='word_1_191' title='bbox 1198 673 1339 707; x_wconf 81' lang='grc' dir='ltr'>προφήτου</span> <span class='ocrx_word' id='word_1_192' title='bbox 1360 671 1443 703; x_wconf 71' lang='grc' dir='ltr'>Θεὸς·</span> <span class='ocrx_word' id='word_1_193' title='bbox 1470 681 1479 697; x_wconf 73' lang='grc' dir='ltr'><strong>ε</strong></span> <span class='ocrx_word' id='word_1_194' title='bbox 1506 671 1569 698; x_wconf 76' lang='grc' dir='ltr'>Ἰδοὺ</span> <span class='ocrx_word' id='word_1_195' title='bbox 1589 671 1692 706; x_wconf 78' lang='grc' dir='ltr'><strong>ἡμέραι</strong></span> <span class='ocrx_word' id='word_1_196' title='bbox 1713 671 1852 706; x_wconf 81' lang='grc' dir='ltr'>ἔρχονται,</span> 
     </span>
    </p>
   </div>
   <div class='ocr_carea' id='block_1_29' title="bbox 1055 715 1854 753">
    <p class='ocr_par' dir='ltr' id='par_1_29' title="bbox 1055 715 1854 753">
     <span class='ocr_line' id='line_1_29' title="bbox 1055 715 1854 753; baseline -0.003 -9"><span class='ocrx_word' id='word_1_197' title='bbox 1055 718 1247 753; x_wconf 82' lang='grc' dir='ltr'>λέγειΚύριος,</span> <span class='ocrx_word' id='word_1_198' title='bbox 1260 718 1307 745; x_wconf 71' lang='grc' dir='ltr'><strong>καὶ</strong></span> <span class='ocrx_word' id='word_1_199' title='bbox 1317 717 1468 744; x_wconf 80' lang='grc' dir='ltr'><strong>συντελέσω</strong></span> <span class='ocrx_word' id='word_1_200' title='bbox 1479 717 1525 744; x_wconf 71' lang='grc' dir='ltr'><strong>ἐπὶ</strong></span> <span class='ocrx_word' id='word_1_201' title='bbox 1536 717 1581 743; x_wconf 80' lang='grc' dir='ltr'><strong>τὸν</strong></span> <span class='ocrx_word' id='word_1_202' title='bbox 1592 715 1666 743; x_wconf 75' lang='grc' dir='ltr'>οἷκον</span> <span class='ocrx_word' id='word_1_203' title='bbox 1679 717 1790 752; x_wconf 83' lang='grc' dir='ltr'>Ἰσραὴλ</span> <span class='ocrx_word' id='word_1_204' title='bbox 1805 716 1854 742; x_wconf 79' lang='grc' dir='ltr'>καὶ</span> 
     </span>
    </p>
   </div>
   <div class='ocr_carea' id='block_1_30' title="bbox 1055 762 1853 799">
    <p class='ocr_par' dir='ltr' id='par_1_30' title="bbox 1055 762 1853 799">
     <span class='ocr_line' id='line_1_30' title="bbox 1055 762 1853 799; baseline -0.003 -9"><span class='ocrx_word' id='word_1_205' title='bbox 1055 764 1101 790; x_wconf 75' lang='grc' dir='ltr'>ἐπὶ</span> <span class='ocrx_word' id='word_1_206' title='bbox 1124 764 1171 790; x_wconf 84' lang='grc' dir='ltr'>τὸν</span> <span class='ocrx_word' id='word_1_207' title='bbox 1191 762 1265 791; x_wconf 76' lang='grc' dir='ltr'>οἷκον</span> <span class='ocrx_word' id='word_1_208' title='bbox 1284 763 1367 791; x_wconf 84' lang='grc' dir='ltr'><strong>Ἰούδα</strong></span> <span class='ocrx_word' id='word_1_209' title='bbox 1386 764 1519 799; x_wconf 75' lang='grc' dir='ltr'><strong>διαθήκην</strong></span> <span class='ocrx_word' id='word_1_210' title='bbox 1535 763 1646 797; x_wconf 71' lang='grc' dir='ltr'>καινὴν,</span> <span class='ocrx_word' id='word_1_211' title='bbox 1661 763 1691 789; x_wconf 78' lang='grc' dir='ltr'><strong>οὐ</strong></span> <span class='ocrx_word' id='word_1_212' title='bbox 1712 763 1784 790; x_wconf 81' lang='grc' dir='ltr'>κατὰ</span> <span class='ocrx_word' id='word_1_213' title='bbox 1800 762 1853 798; x_wconf 84' lang='grc' dir='ltr'>τὴν</span> 
     </span>
    </p>
   </div>
   <div class='ocr_carea' id='block_1_31' title="bbox 1055 807 1854 846">
    <p class='ocr_par' dir='ltr' id='par_1_31' title="bbox 1055 807 1854 846">
     <span class='ocr_line' id='line_1_31' title="bbox 1055 807 1854 846; baseline 0 -11"><span class='ocrx_word' id='word_1_214' title='bbox 1055 809 1185 845; x_wconf 81' lang='grc' dir='ltr'>διαθήκην</span> <span class='ocrx_word' id='word_1_215' title='bbox 1200 810 1232 845; x_wconf 84' lang='grc' dir='ltr'><strong>ήν</strong></span> <span class='ocrx_word' id='word_1_216' title='bbox 1247 809 1378 846; x_wconf 82' lang='grc' dir='ltr'><strong>διεθέμην</strong></span> <span class='ocrx_word' id='word_1_217' title='bbox 1391 811 1446 841; x_wconf 89' lang='grc' dir='ltr'>τοίς</span> <span class='ocrx_word' id='word_1_218' title='bbox 1462 809 1598 844; x_wconf 81' lang='grc' dir='ltr'><strong>πατράσιν</strong></span> <span class='ocrx_word' id='word_1_219' title='bbox 1609 807 1700 836; x_wconf 71' lang='grc' dir='ltr'>αὐτῶν</span> <span class='ocrx_word' id='word_1_220' title='bbox 1713 809 1743 835; x_wconf 85' lang='grc' dir='ltr'><strong>ὲν</strong></span> <span class='ocrx_word' id='word_1_221' title='bbox 1757 808 1854 844; x_wconf 69' lang='grc' dir='ltr'>ἡμέρᾳ</span> 
     </span>
    </p>
   </div>
   <div class='ocr_carea' id='block_1_32' title="bbox 1055 853 1852 890">
    <p class='ocr_par' dir='ltr' id='par_1_32' title="bbox 1055 853 1852 890">
     <span class='ocr_line' id='line_1_32' title="bbox 1055 853 1852 890; baseline -0.003 -9"><span class='ocrx_word' id='word_1_222' title='bbox 1055 854 1253 890; x_wconf 74' lang='grc' dir='ltr'>ἐπιλαϐομένου</span> <span class='ocrx_word' id='word_1_223' title='bbox 1267 863 1319 890; x_wconf 90' lang='grc' dir='ltr'><strong>μου</strong></span> <span class='ocrx_word' id='word_1_224' title='bbox 1334 855 1384 890; x_wconf 83' lang='grc' dir='ltr'><strong>τῆς</strong></span> <span class='ocrx_word' id='word_1_225' title='bbox 1399 855 1492 890; x_wconf 82' lang='grc' dir='ltr'>χειρὸς</span> <span class='ocrx_word' id='word_1_226' title='bbox 1515 854 1617 886; x_wconf 74' lang='grc' dir='ltr'>αὐτῶν,</span> <span class='ocrx_word' id='word_1_227' title='bbox 1632 854 1780 888; x_wconf 74' lang='grc' dir='ltr'>ἐξαγαγεῖν</span> <span class='ocrx_word' id='word_1_228' title='bbox 1799 853 1852 880; x_wconf 83' lang='grc' dir='ltr'><strong>αὐ-</strong></span> 
     </span>
    </p>
   </div>
   <div class='ocr_carea' id='block_1_33' title="bbox 213 897 1007 936">
    <p class='ocr_par' dir='ltr' id='par_1_33' title="bbox 213 899 1006 936">
     <span class='ocr_line' id='line_1_33' title="bbox 213 899 1006 936; baseline 0 -8"><span class='ocrx_word' id='word_1_229' title='bbox 213 900 365 933; x_wconf 83' lang='lat' dir='ltr'><strong>Evaeorum,</strong></span> <span class='ocrx_word' id='word_1_230' title='bbox 386 901 461 936; x_wconf 76' lang='lat'><strong>10],</strong></span> <span class='ocrx_word' id='word_1_231' title='bbox 479 906 506 928; x_wconf 93' lang='lat' dir='ltr'><strong>et</strong></span> <span class='ocrx_word' id='word_1_232' title='bbox 518 899 702 928; x_wconf 65' lang='lat' dir='ltr'><strong>Jebusteorum</strong></span> <span class='ocrx_word' id='word_1_233' title='bbox 717 903 790 928; x_wconf 87' lang='lat' dir='ltr'><strong>terra</strong></span> <span class='ocrx_word' id='word_1_234' title='bbox 812 901 877 936; x_wconf 87' lang='lat' dir='ltr'><strong>ipsis</strong></span> <span class='ocrx_word' id='word_1_235' title='bbox 889 901 1006 936; x_wconf 90' lang='lat' dir='ltr'><strong>promis-</strong></span> 
     </span>
    </p>
   </div>
   <div class='ocr_carea' id='block_1_34' title="bbox 1066 897 1854 936">
    <p class='ocr_par' dir='ltr' id='par_1_34' title="bbox 1066 899 1854 936">
     <span class='ocr_line' id='line_1_34' title="bbox 1066 899 1854 936; baseline -0.001 -10"><span class='ocrx_word' id='word_1_236' title='bbox 1066 901 1121 931; x_wconf 71' lang='grc' dir='ltr'>τοὺς</span> <span class='ocrx_word' id='word_1_237' title='bbox 1133 900 1165 927; x_wconf 73' lang='grc' dir='ltr'><strong>ὲκ</strong></span> <span class='ocrx_word' id='word_1_238' title='bbox 1182 901 1233 935; x_wconf 85' lang='grc' dir='ltr'>γῆς</span> <span class='ocrx_word' id='word_1_239' title='bbox 1247 901 1396 934; x_wconf 75' lang='grc' dir='ltr'>Αἰγύπτου.</span> <span class='ocrx_word' id='word_1_240' title='bbox 1417 910 1426 926; x_wconf 86' lang='grc' dir='ltr'><strong>ι</strong></span> <span class='ocrx_word' id='word_1_241' title='bbox 1452 901 1483 927; x_wconf 86' lang='grc' dir='ltr'>Εί</span> <span class='ocrx_word' id='word_1_242' title='bbox 1496 900 1525 927; x_wconf 79' lang='grc' dir='ltr'><strong>δὲ</strong></span> <span class='ocrx_word' id='word_1_243' title='bbox 1542 900 1574 936; x_wconf 84' lang='grc' dir='ltr'><strong>δὴ</strong></span> <span class='ocrx_word' id='word_1_244' title='bbox 1593 899 1769 935; x_wconf 72' lang='grc' dir='ltr'>δοκιμάζοιτο</span> <span class='ocrx_word' id='word_1_245' title='bbox 1781 899 1854 934; x_wconf 77' lang='grc' dir='ltr'>πρὸς</span> 
     </span>
    </p>
   </div>
   <div class='ocr_carea' id='block_1_35' title="bbox 213 945 1005 980">
    <p class='ocr_par' dir='ltr' id='par_1_35' title="bbox 213 945 1005 980">
     <span class='ocr_line' id='line_1_35' title="bbox 213 945 1005 980; baseline 0 -7"><span class='ocrx_word' id='word_1_246' title='bbox 213 954 242 973; x_wconf 77' lang='lat' dir='ltr'><strong>sa</strong></span> <span class='ocrx_word' id='word_1_247' title='bbox 264 950 316 974; x_wconf 89' lang='lat' dir='ltr'><strong>est.</strong></span> <span class='ocrx_word' id='word_1_248' title='bbox 342 945 446 973; x_wconf 85' lang='lat' dir='ltr'><strong>Novum</strong></span> <span class='ocrx_word' id='word_1_249' title='bbox 473 952 562 973; x_wconf 90' lang='lat' dir='ltr'><strong>autem</strong></span> <span class='ocrx_word' id='word_1_250' title='bbox 588 950 790 978; x_wconf 84' lang='lat' dir='ltr'><strong>testamentum,</strong></span> <span class='ocrx_word' id='word_1_251' title='bbox 810 947 862 974; x_wconf 90' lang='lat' dir='ltr'><strong>hoc</strong></span> <span class='ocrx_word' id='word_1_252' title='bbox 882 950 934 978; x_wconf 82' lang='lat' dir='ltr'><strong>est,</strong></span> <span class='ocrx_word' id='word_1_253' title='bbox 957 953 1005 980; x_wconf 85' lang='lat' dir='ltr'><strong>per</strong></span> 
     </span>
    </p>
   </div>
   <div class='ocr_carea' id='block_1_36' title="bbox 212 992 1003 1027">
    <p class='ocr_par' dir='ltr' id='par_1_36' title="bbox 212 992 1003 1027">
     <span class='ocr_line' id='line_1_36' title="bbox 212 992 1003 1027; baseline -0.003 -7"><span class='ocrx_word' id='word_1_254' title='bbox 212 993 349 1020; x_wconf 82' lang='lat' dir='ltr'><strong>Christum</strong></span> <span class='ocrx_word' id='word_1_255' title='bbox 369 997 463 1019; x_wconf 86' lang='lat' dir='ltr'><strong>sancta</strong></span> <span class='ocrx_word' id='word_1_256' title='bbox 479 997 507 1019; x_wconf 89' lang='lat' dir='ltr'><strong>et</strong></span> <span class='ocrx_word' id='word_1_257' title='bbox 522 992 657 1024; x_wconf 90' lang='lat' dir='ltr'><strong>instituta,</strong></span> <span class='ocrx_word' id='word_1_258' title='bbox 674 1001 722 1027; x_wconf 86' lang='lat' dir='ltr'><strong>per</strong></span> <span class='ocrx_word' id='word_1_259' title='bbox 737 993 816 1020; x_wconf 84' lang='lat' dir='ltr'><strong>[idem</strong></span> <span class='ocrx_word' id='word_1_260' title='bbox 834 993 866 1019; x_wconf 93' lang='lat' dir='ltr'><strong>ad</strong></span> <span class='ocrx_word' id='word_1_261' title='bbox 882 992 1003 1027; x_wconf 82' lang='lat' dir='ltr'><strong>adoptio-</strong></span> 
     </span>
    </p>
   </div>
   <div class='ocr_carea' id='block_1_37' title="bbox 212 1038 1003 1073">
    <p class='ocr_par' dir='ltr' id='par_1_37' title="bbox 212 1038 1003 1073">
     <span class='ocr_line' id='line_1_37' title="bbox 212 1038 1003 1073; baseline -0.003 -7"><span class='ocrx_word' id='word_1_262' title='bbox 212 1047 274 1066; x_wconf 86' lang='lat' dir='ltr'><strong>nem</strong></span> <span class='ocrx_word' id='word_1_263' title='bbox 292 1039 420 1071; x_wconf 79' lang='lat' dir='ltr'><strong>ftliorum,</strong></span> <span class='ocrx_word' id='word_1_264' title='bbox 442 1038 475 1065; x_wconf 87' lang='lat' dir='ltr'><strong>ad</strong></span> <span class='ocrx_word' id='word_1_265' title='bbox 495 1038 738 1073; x_wconf 87' lang='lat' dir='ltr'><strong>incorruptionem,</strong></span> <span class='ocrx_word' id='word_1_266' title='bbox 755 1039 788 1065; x_wconf 88' lang='lat' dir='ltr'><strong>ad</strong></span> <span class='ocrx_word' id='word_1_267' title='bbox 805 1039 886 1065; x_wconf 87' lang='lat' dir='ltr'><strong>vitam</strong></span> <span class='ocrx_word' id='word_1_268' title='bbox 903 1038 1003 1073; x_wconf 88' lang='lat' dir='ltr'><strong>sempi-</strong></span> 
     </span>
    </p>
   </div>
   <div class='ocr_carea' id='block_1_38' title="bbox 212 1083 1003 1119">
    <p class='ocr_par' dir='ltr' id='par_1_38' title="bbox 212 1083 1003 1119">
     <span class='ocr_line' id='line_1_38' title="bbox 212 1083 1003 1119; baseline -0.001 -8"><span class='ocrx_word' id='word_1_269' title='bbox 212 1090 329 1117; x_wconf 88' lang='lat' dir='ltr'><strong>ternam,</strong></span> <span class='ocrx_word' id='word_1_270' title='bbox 354 1084 387 1111; x_wconf 88' lang='lat' dir='ltr'><strong>ad</strong></span> <span class='ocrx_word' id='word_1_271' title='bbox 418 1085 634 1112; x_wconf 92' lang='lat' dir='ltr'><strong>communionem</strong></span> <span class='ocrx_word' id='word_1_272' title='bbox 657 1084 703 1112; x_wconf 86' lang='lat' dir='ltr'><strong>Dei</strong></span> <span class='ocrx_word' id='word_1_273' title='bbox 731 1091 778 1119; x_wconf 87' lang='lat' dir='ltr'><strong>per</strong></span> <span class='ocrx_word' id='word_1_274' title='bbox 800 1083 941 1119; x_wconf 85' lang='lat' dir='ltr'><strong>Spiritum,</strong></span> <span class='ocrx_word' id='word_1_275' title='bbox 970 1083 1003 1111; x_wconf 88' lang='lat' dir='ltr'><strong>ad</strong></span> 
     </span>
    </p>
   </div>
   <div class='ocr_carea' id='block_1_39' title="bbox 213 1129 1005 1165">
    <p class='ocr_par' dir='ltr' id='par_1_39' title="bbox 213 1129 1005 1165">
     <span class='ocr_line' id='line_1_39' title="bbox 213 1129 1005 1165; baseline 0.001 -9"><span class='ocrx_word' id='word_1_276' title='bbox 213 1138 325 1165; x_wconf 75' lang='lat' dir='ltr'><strong>regnum</strong></span> <span class='ocrx_word' id='word_1_277' title='bbox 340 1130 470 1158; x_wconf 82' lang='lat' dir='ltr'><strong>caelorum</strong></span> <span class='ocrx_word' id='word_1_278' title='bbox 494 1131 637 1158; x_wconf 87' lang='lat' dir='ltr'><strong>vocabant.</strong></span> <span class='ocrx_word' id='word_1_279' title='bbox 661 1130 760 1157; x_wconf 84' lang='lat' dir='ltr'><strong>Verum</strong></span> <span class='ocrx_word' id='word_1_280' title='bbox 782 1129 819 1157; x_wconf 91' lang='lat' dir='ltr'>illi</span> <span class='ocrx_word' id='word_1_281' title='bbox 840 1135 939 1157; x_wconf 86' lang='lat' dir='ltr'><strong>sortem</strong></span> <span class='ocrx_word' id='word_1_282' title='bbox 957 1137 1005 1164; x_wconf 87' lang='lat' dir='ltr'><strong>per</strong></span> 
     </span>
    </p>
   </div>
   <div class='ocr_carea' id='block_1_40' title="bbox 213 1174 1005 1209">
    <p class='ocr_par' dir='ltr' id='par_1_40' title="bbox 213 1174 1005 1209">
     <span class='ocr_line' id='line_1_40' title="bbox 213 1174 1005 1209; baseline 0 -7"><span class='ocrx_word' id='word_1_283' title='bbox 213 1174 311 1202; x_wconf 78' lang='lat' dir='ltr'><strong>Filium</strong></span> <span class='ocrx_word' id='word_1_284' title='bbox 329 1182 342 1201; x_wconf 86' lang='lat' dir='ltr'><strong>a</strong></span> <span class='ocrx_word' id='word_1_285' title='bbox 356 1174 410 1202; x_wconf 84' lang='lat' dir='ltr'><strong>Deo</strong></span> <span class='ocrx_word' id='word_1_286' title='bbox 421 1179 449 1201; x_wconf 89' lang='lat' dir='ltr'><strong>et</strong></span> <span class='ocrx_word' id='word_1_287' title='bbox 466 1174 547 1202; x_wconf 80' lang='lat' dir='ltr'><strong>Patre</strong></span> <span class='ocrx_word' id='word_1_288' title='bbox 567 1174 632 1209; x_wconf 90' lang='lat' dir='ltr'><strong>ipsis</strong></span> <span class='ocrx_word' id='word_1_289' title='bbox 651 1175 777 1202; x_wconf 88' lang='lat' dir='ltr'><strong>tributam</strong></span> <span class='ocrx_word' id='word_1_290' title='bbox 796 1175 896 1202; x_wconf 87' lang='lat' dir='ltr'><strong>habere</strong></span> <span class='ocrx_word' id='word_1_291' title='bbox 913 1175 1005 1202; x_wconf 87' lang='lat' dir='ltr'><strong>nolue-</strong></span> 
     </span>
    </p>
   </div>
   <div class='ocr_carea' id='block_1_41' title="bbox 214 1219 1005 1254">
    <p class='ocr_par' dir='ltr' id='par_1_41' title="bbox 214 1219 1005 1254">
     <span class='ocr_line' id='line_1_41' title="bbox 214 1219 1005 1254; baseline 0 -9"><span class='ocrx_word' id='word_1_292' title='bbox 214 1225 286 1246; x_wconf 87' lang='lat' dir='ltr'><strong>runt.</strong></span> <span class='ocrx_word' id='word_1_293' title='bbox 301 1219 455 1246; x_wconf 86' lang='lat' dir='ltr'><strong>Secundum</strong></span> <span class='ocrx_word' id='word_1_294' title='bbox 471 1223 616 1254; x_wconf 83' lang='lat' dir='ltr'><strong>utrumque</strong></span> <span class='ocrx_word' id='word_1_295' title='bbox 630 1219 712 1253; x_wconf 78' lang='lat' dir='ltr'><strong>igitur</strong></span> <span class='ocrx_word' id='word_1_296' title='bbox 726 1219 900 1246; x_wconf 84' lang='lat' dir='ltr'><strong>irritaverunt</strong></span> <span class='ocrx_word' id='word_1_297' title='bbox 911 1219 1005 1251; x_wconf 91' lang='lat' dir='ltr'><strong>Deum,</strong></span> 
     </span>
    </p>
   </div>
   <div class='ocr_carea' id='block_1_42' title="bbox 213 1264 1006 1300">
    <p class='ocr_par' dir='ltr' id='par_1_42' title="bbox 213 1264 1006 1300">
     <span class='ocr_line' id='line_1_42' title="bbox 213 1264 1006 1300; baseline -0.003 -8"><span class='ocrx_word' id='word_1_298' title='bbox 213 1271 239 1292; x_wconf 82' lang='lat' dir='ltr'><strong>ct</strong></span> <span class='ocrx_word' id='word_1_299' title='bbox 255 1265 485 1300; x_wconf 77' lang='lat' dir='ltr'><strong>transgredientes</strong></span> <span class='ocrx_word' id='word_1_300' title='bbox 497 1269 700 1296; x_wconf 79' lang='lat' dir='ltr'><strong>testamentum,</strong></span> <span class='ocrx_word' id='word_1_301' title='bbox 716 1269 743 1292; x_wconf 88' lang='lat' dir='ltr'><strong>et</strong></span> <span class='ocrx_word' id='word_1_302' title='bbox 760 1264 906 1297; x_wconf 77' lang='lat' dir='ltr'><strong>lueredcm,</strong></span> <span class='ocrx_word' id='word_1_303' title='bbox 923 1269 952 1291; x_wconf 91' lang='lat' dir='ltr'><strong>ut</strong></span> <span class='ocrx_word' id='word_1_304' title='bbox 965 1264 1006 1291; x_wconf 94' lang='lat' dir='ltr'><strong>di-</strong></span> 
     </span>
    </p>
   </div>
   <div class='ocr_carea' id='block_1_43' title="bbox 213 1310 1007 1346">
    <p class='ocr_par' dir='ltr' id='par_1_43' title="bbox 213 1310 1007 1346">
     <span class='ocr_line' id='line_1_43' title="bbox 213 1310 1007 1346; baseline 0 -8"><span class='ocrx_word' id='word_1_305' title='bbox 213 1312 318 1343; x_wconf 73' lang='lat' dir='ltr'><strong>cebam,</strong></span> <span class='ocrx_word' id='word_1_306' title='bbox 333 1316 463 1346; x_wconf 89' lang='lat' dir='ltr'><strong>quantum</strong></span> <span class='ocrx_word' id='word_1_307' title='bbox 479 1311 504 1338; x_wconf 92' lang='lat' dir='ltr'><strong>in</strong></span> <span class='ocrx_word' id='word_1_308' title='bbox 520 1311 584 1345; x_wconf 82' lang='lat' dir='ltr'><strong>ipsis</strong></span> <span class='ocrx_word' id='word_1_309' title='bbox 597 1311 654 1343; x_wconf 80' lang='lat' dir='ltr'><strong>fuit,</strong></span> <span class='ocrx_word' id='word_1_310' title='bbox 667 1311 728 1338; x_wconf 87' lang='lat' dir='ltr'><strong>data</strong></span> <span class='ocrx_word' id='word_1_311' title='bbox 747 1310 771 1338; x_wconf 90' lang='lat' dir='ltr'><strong>ei</strong></span> <span class='ocrx_word' id='word_1_312' title='bbox 794 1318 807 1338; x_wconf 92' lang='lat' dir='ltr'><strong>a</strong></span> <span class='ocrx_word' id='word_1_313' title='bbox 826 1310 904 1338; x_wconf 85' lang='lat' dir='ltr'><strong>Patre</strong></span> <span class='ocrx_word' id='word_1_314' title='bbox 922 1311 1007 1338; x_wconf 67' lang='lat' dir='ltr'><strong>haere-</strong></span> 
     </span>
    </p>
   </div>
   <div class='ocr_carea' id='block_1_44' title="bbox 214 1356 1006 1392">
    <p class='ocr_par' dir='ltr' id='par_1_44' title="bbox 214 1356 1006 1392">
     <span class='ocr_line' id='line_1_44' title="bbox 214 1356 1006 1392; baseline 0.004 -10"><span class='ocrx_word' id='word_1_315' title='bbox 214 1358 298 1384; x_wconf 79' lang='lat' dir='ltr'><strong>ditate</strong></span> <span class='ocrx_word' id='word_1_316' title='bbox 313 1356 489 1392; x_wconf 80' lang='lat' dir='ltr'><strong>expellentes,</strong></span> <span class='ocrx_word' id='word_1_317' title='bbox 509 1357 615 1392; x_wconf 80' lang='lat' dir='ltr'><strong>ipsique</strong></span> <span class='ocrx_word' id='word_1_318' title='bbox 637 1364 652 1384; x_wconf 89' lang='lat' dir='ltr'><strong>a</strong></span> <span class='ocrx_word' id='word_1_319' title='bbox 681 1356 811 1384; x_wconf 64' lang='lat' dir='ltr'><strong>Deo‘sibi</strong></span> <span class='ocrx_word' id='word_1_320' title='bbox 843 1356 869 1383; x_wconf 92' lang='lat' dir='ltr'>in</span> <span class='ocrx_word' id='word_1_321' title='bbox 896 1356 1006 1385; x_wconf 86' lang='lat' dir='ltr'><strong>Christo</strong></span> 
     </span>
    </p>
   </div>
   <div class='ocr_carea' id='block_1_45' title="bbox 216 1403 506 1430">
    <p class='ocr_par' dir='ltr' id='par_1_45' title="bbox 216 1403 506 1430">
     <span class='ocr_line' id='line_1_45' title="bbox 216 1403 506 1430; baseline 0.007 -2"><span class='ocrx_word' id='word_1_322' title='bbox 216 1403 322 1430; x_wconf 86' lang='lat' dir='ltr'><strong>donatis</strong></span> <span class='ocrx_word' id='word_1_323' title='bbox 337 1403 506 1430; x_wconf 72' lang='lat' dir='ltr'><strong>excidentes.</strong></span> 
     </span>
    </p>
   </div>
   <div class='ocr_carea' id='block_1_46' title="bbox 1057 944 1853 981">
    <p class='ocr_par' dir='ltr' id='par_1_46' title="bbox 1057 944 1853 981">
     <span class='ocr_line' id='line_1_46' title="bbox 1057 944 1853 981; baseline 0 -9"><span class='ocrx_word' id='word_1_324' title='bbox 1057 944 1107 980; x_wconf 87' lang='grc' dir='ltr'><strong>τὴν</strong></span> <span class='ocrx_word' id='word_1_325' title='bbox 1121 944 1233 981; x_wconf 86' lang='grc' dir='ltr'>πρώτην</span> <span class='ocrx_word' id='word_1_326' title='bbox 1250 946 1266 980; x_wconf 88' lang='grc' dir='ltr'>ὴ</span> <span class='ocrx_word' id='word_1_327' title='bbox 1282 945 1339 978; x_wconf 85' lang='grc' dir='ltr'>νέα,</span> <span class='ocrx_word' id='word_1_328' title='bbox 1359 945 1471 981; x_wconf 82' lang='grc' dir='ltr'>πλείστη</span> <span class='ocrx_word' id='word_1_329' title='bbox 1483 954 1525 977; x_wconf 91' lang='grc' dir='ltr'><strong>τις</strong></span> <span class='ocrx_word' id='word_1_330' title='bbox 1539 946 1589 981; x_wconf 82' lang='grc' dir='ltr'><strong>ὅση</strong></span> <span class='ocrx_word' id='word_1_331' title='bbox 1603 945 1658 972; x_wconf 88' lang='grc' dir='ltr'>τῶν</span> <span class='ocrx_word' id='word_1_332' title='bbox 1676 946 1728 981; x_wconf 83' lang='grc' dir='ltr'><strong>έπη</strong></span> <span class='ocrx_word' id='word_1_333' title='bbox 1734 945 1853 980; x_wconf 85' lang='grc' dir='ltr'>γγελμέ-</span> 
     </span>
    </p>
   </div>
   <div class='ocr_carea' id='block_1_47' title="bbox 1057 990 1853 1027">
    <p class='ocr_par' dir='ltr' id='par_1_47' title="bbox 1057 990 1853 1027">
     <span class='ocr_line' id='line_1_47' title="bbox 1057 990 1853 1027; baseline 0.001 -11"><span class='ocrx_word' id='word_1_334' title='bbox 1057 999 1110 1017; x_wconf 88' lang='grc' dir='ltr'>νων</span> <span class='ocrx_word' id='word_1_335' title='bbox 1128 992 1144 1026; x_wconf 84' lang='grc' dir='ltr'><strong>ὴ</strong></span> <span class='ocrx_word' id='word_1_336' title='bbox 1159 990 1276 1027; x_wconf 86' lang='grc' dir='ltr'>διαφορὰ</span> <span class='ocrx_word' id='word_1_337' title='bbox 1295 991 1468 1027; x_wconf 82' lang='grc' dir='ltr'>νοηθήσεται.</span> <span class='ocrx_word' id='word_1_338' title='bbox 1488 992 1562 1018; x_wconf 84' lang='grc' dir='ltr'>Ἐκεῖ</span> <span class='ocrx_word' id='word_1_339' title='bbox 1585 991 1634 1027; x_wconf 77' lang='grc' dir='ltr'>μὲν</span> <span class='ocrx_word' id='word_1_340' title='bbox 1658 991 1714 1027; x_wconf 87' lang='grc' dir='ltr'>γὰρ</span> <span class='ocrx_word' id='word_1_341' title='bbox 1727 991 1778 1027; x_wconf 80' lang='grc' dir='ltr'><strong>τὴν</strong></span> <span class='ocrx_word' id='word_1_342' title='bbox 1795 991 1853 1017; x_wconf 85' lang='grc' dir='ltr'><strong>τῶν</strong></span> 
     </span>
    </p>
   </div>
   <div class='ocr_carea' id='block_1_48' title="bbox 1063 1036 1851 1072">
    <p class='ocr_par' dir='ltr' id='par_1_48' title="bbox 1063 1036 1851 1072">
     <span class='ocr_line' id='line_1_48' title="bbox 1063 1036 1851 1072; baseline 0 -10"><span class='ocrx_word' id='word_1_343' title='bbox 1063 1036 1245 1072; x_wconf 77' lang='grc' dir='ltr'>Ἀμορραίων,</span> <span class='ocrx_word' id='word_1_344' title='bbox 1271 1037 1319 1064; x_wconf 77' lang='grc' dir='ltr'>καὶ</span> <span class='ocrx_word' id='word_1_345' title='bbox 1340 1037 1522 1072; x_wconf 84' lang='grc' dir='ltr'>Γεργεσαίων,</span> <span class='ocrx_word' id='word_1_346' title='bbox 1548 1037 1594 1064; x_wconf 80' lang='grc' dir='ltr'>καὶ</span> <span class='ocrx_word' id='word_1_347' title='bbox 1617 1037 1724 1063; x_wconf 75' lang='grc' dir='ltr'>Εὐαίων</span> <span class='ocrx_word' id='word_1_348' title='bbox 1744 1037 1851 1067; x_wconf 80' lang='grc' dir='ltr'>αὐτοῖς,</span> 
     </span>
    </p>
   </div>
   <div class='ocr_carea' id='block_1_49' title="bbox 1057 1082 1851 1118">
    <p class='ocr_par' dir='ltr' id='par_1_49' title="bbox 1057 1082 1851 1118">
     <span class='ocr_line' id='line_1_49' title="bbox 1057 1082 1851 1118; baseline 0 -10"><span class='ocrx_word' id='word_1_349' title='bbox 1057 1082 1103 1108; x_wconf 75' lang='grc' dir='ltr'><strong>καὶ</strong></span> <span class='ocrx_word' id='word_1_350' title='bbox 1116 1082 1169 1117; x_wconf 85' lang='grc' dir='ltr'><strong>μὴν</strong></span> <span class='ocrx_word' id='word_1_351' title='bbox 1184 1083 1231 1109; x_wconf 83' lang='grc' dir='ltr'>καὶ</span> <span class='ocrx_word' id='word_1_352' title='bbox 1253 1083 1422 1110; x_wconf 74' lang='grc' dir='ltr'>Ὶεῦουσαίων</span> <span class='ocrx_word' id='word_1_353' title='bbox 1435 1083 1588 1118; x_wconf 82' lang='grc' dir='ltr'>ὲπήγγελτο</span> <span class='ocrx_word' id='word_1_354' title='bbox 1604 1083 1657 1115; x_wconf 82' lang='grc' dir='ltr'>γῆν</span> <span class='ocrx_word' id='word_1_355' title='bbox 1667 1091 1673 1097; x_wconf 86' lang='grc'><em>’</em></span> <span class='ocrx_word' id='word_1_356' title='bbox 1688 1084 1704 1118; x_wconf 86' lang='grc' dir='ltr'>ή</span> <span class='ocrx_word' id='word_1_357' title='bbox 1718 1082 1746 1108; x_wconf 81' lang='grc' dir='ltr'><strong>δὲ</strong></span> <span class='ocrx_word' id='word_1_358' title='bbox 1760 1083 1851 1117; x_wconf 78' lang='grc' dir='ltr'>Καινὴ</span> 
     </span>
    </p>
   </div>
   <div class='ocr_carea' id='block_1_50' title="bbox 1057 1127 1852 1165">
    <p class='ocr_par' dir='ltr' id='par_1_50' title="bbox 1057 1127 1852 1165">
     <span class='ocr_line' id='line_1_50' title="bbox 1057 1127 1852 1165; baseline 0.003 -12"><span class='ocrx_word' id='word_1_359' title='bbox 1057 1127 1190 1163; x_wconf 79' lang='grc' dir='ltr'>Διαθήκη,</span> <span class='ocrx_word' id='word_1_360' title='bbox 1204 1129 1339 1161; x_wconf 79' lang='grc' dir='ltr'><strong>τουτέστι,</strong></span> <span class='ocrx_word' id='word_1_361' title='bbox 1359 1129 1393 1155; x_wconf 83' lang='grc' dir='ltr'>τὰ</span> <span class='ocrx_word' id='word_1_362' title='bbox 1407 1129 1452 1156; x_wconf 78' lang='grc' dir='ltr'>διὰ</span> <span class='ocrx_word' id='word_1_363' title='bbox 1465 1128 1583 1165; x_wconf 81' lang='grc' dir='ltr'>Χριστοῦ</span> <span class='ocrx_word' id='word_1_364' title='bbox 1602 1129 1789 1163; x_wconf 75' lang='grc' dir='ltr'>θεσπίσματα,</span> <span class='ocrx_word' id='word_1_365' title='bbox 1807 1129 1852 1155; x_wconf 77' lang='grc' dir='ltr'><strong>διὰ</strong></span> 
     </span>
    </p>
   </div>
   <div class='ocr_carea' id='block_1_51' title="bbox 1059 1173 1851 1210">
    <p class='ocr_par' dir='ltr' id='par_1_51' title="bbox 1059 1173 1851 1210">
     <span class='ocr_line' id='line_1_51' title="bbox 1059 1173 1851 1210; baseline 0 -10"><span class='ocrx_word' id='word_1_366' title='bbox 1059 1173 1178 1206; x_wconf 75' lang='grc' dir='ltr'>πίστεως</span> <span class='ocrx_word' id='word_1_367' title='bbox 1194 1175 1308 1202; x_wconf 75' lang='grc' dir='ltr'>ἐκάλουν</span> <span class='ocrx_word' id='word_1_368' title='bbox 1319 1176 1360 1207; x_wconf 86' lang='grc' dir='ltr'><strong>είς</strong></span> <span class='ocrx_word' id='word_1_369' title='bbox 1373 1175 1510 1202; x_wconf 73' lang='grc' dir='ltr'>υἱοθεσίαν</span> <span class='ocrx_word' id='word_1_370' title='bbox 1526 1175 1605 1208; x_wconf 82' lang='grc' dir='ltr'>Θεοῦ,</span> <span class='ocrx_word' id='word_1_371' title='bbox 1623 1176 1663 1207; x_wconf 74' lang='grc' dir='ltr'><strong>εἰς</strong></span> <span class='ocrx_word' id='word_1_372' title='bbox 1682 1175 1851 1210; x_wconf 77' lang='grc' dir='ltr'>ἀφθαρσίαν,</span> 
     </span>
    </p>
   </div>
   <div class='ocr_carea' id='block_1_52' title="bbox 1059 1219 1853 1256">
    <p class='ocr_par' dir='ltr' id='par_1_52' title="bbox 1059 1219 1853 1256">
     <span class='ocr_line' id='line_1_52' title="bbox 1059 1219 1853 1256; baseline 0 -10"><span class='ocrx_word' id='word_1_373' title='bbox 1059 1221 1100 1251; x_wconf 84' lang='grc' dir='ltr'><strong>είς</strong></span> <span class='ocrx_word' id='word_1_374' title='bbox 1117 1220 1258 1255; x_wconf 85' lang='grc' dir='ltr'>ἀμήρυτον</span> <span class='ocrx_word' id='word_1_375' title='bbox 1277 1220 1360 1254; x_wconf 78' lang='grc' dir='ltr'>ζωὴν,</span> <span class='ocrx_word' id='word_1_376' title='bbox 1378 1221 1418 1252; x_wconf 84' lang='grc' dir='ltr'><strong>είς</strong></span> <span class='ocrx_word' id='word_1_377' title='bbox 1432 1220 1541 1255; x_wconf 78' lang='grc' dir='ltr'><strong>μέθεξιν</strong></span> <span class='ocrx_word' id='word_1_378' title='bbox 1554 1220 1634 1253; x_wconf 83' lang='grc' dir='ltr'>Θεοῦ,</span> <span class='ocrx_word' id='word_1_379' title='bbox 1650 1221 1699 1256; x_wconf 87' lang='grc' dir='ltr'>τὴν</span> <span class='ocrx_word' id='word_1_380' title='bbox 1713 1220 1758 1246; x_wconf 76' lang='grc' dir='ltr'>διὰ</span> <span class='ocrx_word' id='word_1_381' title='bbox 1770 1219 1853 1246; x_wconf 82' lang='grc' dir='ltr'><strong>[Ινεύ-</strong></span> 
     </span>
    </p>
   </div>
   <div class='ocr_carea' id='block_1_53' title="bbox 1061 1265 1853 1301">
    <p class='ocr_par' dir='ltr' id='par_1_53' title="bbox 1061 1265 1853 1301">
     <span class='ocr_line' id='line_1_53' title="bbox 1061 1265 1853 1301; baseline 0 -10"><span class='ocrx_word' id='word_1_382' title='bbox 1061 1274 1157 1300; x_wconf 85' lang='grc' dir='ltr'>ματος,</span> <span class='ocrx_word' id='word_1_383' title='bbox 1179 1266 1219 1297; x_wconf 81' lang='grc' dir='ltr'><strong>είς</strong></span> <span class='ocrx_word' id='word_1_384' title='bbox 1236 1265 1373 1300; x_wconf 85' lang='grc' dir='ltr'>βασιλείαν</span> <span class='ocrx_word' id='word_1_385' title='bbox 1395 1266 1527 1301; x_wconf 81' lang='grc' dir='ltr'>οὐρανῶν.</span> <span class='ocrx_word' id='word_1_386' title='bbox 1547 1266 1616 1293; x_wconf 84' lang='grc' dir='ltr'>Ἀλλ’</span> <span class='ocrx_word' id='word_1_387' title='bbox 1640 1267 1690 1292; x_wconf 75' lang='grc' dir='ltr'><strong>οὐκ</strong></span> <span class='ocrx_word' id='word_1_388' title='bbox 1713 1265 1853 1301; x_wconf 72' lang='grc' dir='ltr'><strong>ἠθέλησαν</strong></span> 
     </span>
    </p>
   </div>
   <div class='ocr_carea' id='block_1_54' title="bbox 1059 1311 1853 1348">
    <p class='ocr_par' dir='ltr' id='par_1_54' title="bbox 1059 1311 1853 1348">
     <span class='ocr_line' id='line_1_54' title="bbox 1059 1311 1853 1348; baseline 0 -11"><span class='ocrx_word' id='word_1_389' title='bbox 1059 1311 1130 1346; x_wconf 76' lang='grc' dir='ltr'>ἔχειν</span> <span class='ocrx_word' id='word_1_390' title='bbox 1143 1311 1188 1337; x_wconf 78' lang='grc' dir='ltr'>τὸν</span> <span class='ocrx_word' id='word_1_391' title='bbox 1201 1311 1387 1346; x_wconf 81' lang='grc' dir='ltr'>ὲκνεμηθέντα</span> <span class='ocrx_word' id='word_1_392' title='bbox 1403 1312 1503 1348; x_wconf 86' lang='grc' dir='ltr'>κλῆρον</span> <span class='ocrx_word' id='word_1_393' title='bbox 1521 1312 1612 1344; x_wconf 77' lang='grc' dir='ltr'>αὐτοῖς</span> <span class='ocrx_word' id='word_1_394' title='bbox 1631 1312 1665 1338; x_wconf 83' lang='grc' dir='ltr'><strong>δι’</strong></span> <span class='ocrx_word' id='word_1_395' title='bbox 1682 1311 1761 1343; x_wconf 80' lang='grc' dir='ltr'>Υίοῦ,</span> <span class='ocrx_word' id='word_1_396' title='bbox 1776 1312 1853 1346; x_wconf 73' lang='grc' dir='ltr'>παρὰ</span> 
     </span>
    </p>
   </div>
   <div class='ocr_carea' id='block_1_55' title="bbox 1058 1356 1852 1394">
    <p class='ocr_par' dir='ltr' id='par_1_55' title="bbox 1058 1356 1852 1394">
     <span class='ocr_line' id='line_1_55' title="bbox 1058 1356 1852 1394; baseline 0.001 -11"><span class='ocrx_word' id='word_1_397' title='bbox 1058 1357 1104 1383; x_wconf 88' lang='grc' dir='ltr'><strong>τοῦ</strong></span> <span class='ocrx_word' id='word_1_398' title='bbox 1119 1357 1186 1384; x_wconf 87' lang='grc' dir='ltr'>Θεοῦ</span> <span class='ocrx_word' id='word_1_399' title='bbox 1198 1359 1244 1384; x_wconf 73' lang='grc' dir='ltr'>καὶ</span> <span class='ocrx_word' id='word_1_400' title='bbox 1259 1358 1374 1393; x_wconf 83' lang='grc' dir='ltr'>Πατρός.</span> <span class='ocrx_word' id='word_1_401' title='bbox 1392 1358 1458 1385; x_wconf 83' lang='grc' dir='ltr'><strong>Κατ’</strong></span> <span class='ocrx_word' id='word_1_402' title='bbox 1472 1358 1557 1393; x_wconf 76' lang='grc' dir='ltr'>ἄμφω</span> <span class='ocrx_word' id='word_1_403' title='bbox 1565 1358 1598 1394; x_wconf 85' lang='grc' dir='ltr'><strong>δὴ</strong></span> <span class='ocrx_word' id='word_1_404' title='bbox 1613 1356 1659 1385; x_wconf 80' lang='grc' dir='ltr'><strong>οὖν</strong></span> <span class='ocrx_word' id='word_1_405' title='bbox 1674 1358 1852 1393; x_wconf 83' lang='grc' dir='ltr'>λελυπήκασι</span> 
     </span>
    </p>
   </div>
   <div class='ocr_carea' id='block_1_56' title="bbox 1059 1403 1852 1440">
    <p class='ocr_par' dir='ltr' id='par_1_56' title="bbox 1059 1403 1852 1440">
     <span class='ocr_line' id='line_1_56' title="bbox 1059 1403 1852 1440; baseline 0 -11"><span class='ocrx_word' id='word_1_406' title='bbox 1059 1403 1274 1439; x_wconf 76' lang='grc' dir='ltr'>παραϐαίνοντες</span> <span class='ocrx_word' id='word_1_407' title='bbox 1291 1405 1341 1440; x_wconf 81' lang='grc' dir='ltr'>τὴν</span> <span class='ocrx_word' id='word_1_408' title='bbox 1364 1404 1507 1440; x_wconf 80' lang='grc' dir='ltr'>διαθήκην,</span> <span class='ocrx_word' id='word_1_409' title='bbox 1532 1405 1644 1432; x_wconf 75' lang='grc' dir='ltr'>καὶτὸν</span> <span class='ocrx_word' id='word_1_410' title='bbox 1668 1404 1852 1439; x_wconf 80' lang='grc' dir='ltr'>κληρονόμον,</span> 
     </span>
    </p>
   </div>
   <div class='ocr_carea' id='block_1_57' title="bbox 214 1447 1854 1486">
    <p class='ocr_par' dir='ltr' id='par_1_57' title="bbox 214 1447 1854 1486">
     <span class='ocr_line' id='line_1_57' title="bbox 214 1447 1854 1486; baseline 0 -10"><span class='ocrx_word' id='word_1_411' title='bbox 214 1449 252 1481; x_wconf 82' lang='grc' dir='ltr'>ὡς</span> <span class='ocrx_word' id='word_1_412' title='bbox 266 1449 343 1485; x_wconf 74' lang='grc' dir='ltr'>ἔφην,</span> <span class='ocrx_word' id='word_1_413' title='bbox 355 1447 385 1474; x_wconf 82' lang='grc' dir='ltr'><strong>τὸ</strong></span> <span class='ocrx_word' id='word_1_414' title='bbox 397 1449 459 1475; x_wconf 78' lang='grc' dir='ltr'>ὅσον</span> <span class='ocrx_word' id='word_1_415' title='bbox 473 1449 516 1483; x_wconf 76' lang='grc' dir='ltr'><strong>ἐφ’</strong></span> <span class='ocrx_word' id='word_1_416' title='bbox 530 1450 634 1481; x_wconf 78' lang='grc' dir='ltr'>ἑαυτοῖς</span> <span class='ocrx_word' id='word_1_417' title='bbox 647 1449 695 1475; x_wconf 89' lang='grc' dir='ltr'><strong>τοῦ</strong></span> <span class='ocrx_word' id='word_1_418' title='bbox 714 1449 836 1481; x_wconf 81' lang='grc' dir='ltr'>δοθέντος</span> <span class='ocrx_word' id='word_1_419' title='bbox 864 1449 938 1484; x_wconf 78' lang='grc' dir='ltr'><strong>αὺτῷ</strong></span> <span class='ocrx_word' id='word_1_420' title='bbox 966 1449 1042 1485; x_wconf 79' lang='grc' dir='ltr'>παρὰ</span> <span class='ocrx_word' id='word_1_421' title='bbox 1060 1449 1107 1475; x_wconf 85' lang='grc' dir='ltr'><strong>τοῦ</strong></span> <span class='ocrx_word' id='word_1_422' title='bbox 1136 1450 1242 1486; x_wconf 80' lang='grc' dir='ltr'>Πατρὸς</span> <span class='ocrx_word' id='word_1_423' title='bbox 1275 1450 1426 1483; x_wconf 81' lang='grc' dir='ltr'>ἐξώσαντες</span> <span class='ocrx_word' id='word_1_424' title='bbox 1451 1450 1563 1486; x_wconf 75' lang='grc' dir='ltr'>κλήρου,</span> <span class='ocrx_word' id='word_1_425' title='bbox 1589 1450 1800 1482; x_wconf 75' lang='grc' dir='ltr'>ἐκπεπτωκότες</span> <span class='ocrx_word' id='word_1_426' title='bbox 1824 1450 1854 1476; x_wconf 77' lang='grc' dir='ltr'><strong>δὲ</strong></span> 
     </span>
    </p>
   </div>
   <div class='ocr_carea' id='block_1_58' title="bbox 216 1494 1619 1531">
    <p class='ocr_par' dir='ltr' id='par_1_58' title="bbox 216 1494 1619 1531">
     <span class='ocr_line' id='line_1_58' title="bbox 216 1494 1619 1531; baseline 0.001 -9"><span class='ocrx_word' id='word_1_427' title='bbox 216 1497 262 1523; x_wconf 73' lang='grc' dir='ltr'>καὶ</span> <span class='ocrx_word' id='word_1_428' title='bbox 277 1496 353 1522; x_wconf 77' lang='grc' dir='ltr'>αὐτοὶ</span> <span class='ocrx_word' id='word_1_429' title='bbox 379 1494 433 1522; x_wconf 82' lang='grc' dir='ltr'><strong>τῶν</strong></span> <span class='ocrx_word' id='word_1_430' title='bbox 457 1494 532 1530; x_wconf 84' lang='grc' dir='ltr'>παρὰ</span> <span class='ocrx_word' id='word_1_431' title='bbox 553 1495 619 1521; x_wconf 85' lang='grc' dir='ltr'>Θεοῦ</span> <span class='ocrx_word' id='word_1_432' title='bbox 640 1494 833 1530; x_wconf 86' lang='grc' dir='ltr'>δεδωρημένων</span> <span class='ocrx_word' id='word_1_433' title='bbox 849 1496 939 1527; x_wconf 84' lang='grc' dir='ltr'>αὐτοῖς</span> <span class='ocrx_word' id='word_1_434' title='bbox 958 1496 987 1522; x_wconf 83' lang='grc' dir='ltr'><strong>ὲν</strong></span> <span class='ocrx_word' id='word_1_435' title='bbox 1004 1495 1123 1531; x_wconf 83' lang='grc' dir='ltr'>Χριστῷ.</span> <span class='ocrx_word' id='word_1_436' title='bbox 1616 1502 1619 1505; x_wconf 72' lang='grc'><em>“</em></span> 
     </span>
    </p>
   </div>
   <div class='ocr_carea' id='block_1_59' title="bbox 260 1541 1045 1578">
    <p class='ocr_par' dir='ltr' id='par_1_59' title="bbox 260 1541 1045 1578">
     <span class='ocr_line' id='line_1_59' title="bbox 260 1541 1045 1578; baseline 0.001 -9"><span class='ocrx_word' id='word_1_437' title='bbox 260 1542 341 1570; x_wconf 77' lang='lat' dir='ltr'><strong>Vens.</strong></span> <span class='ocrx_word' id='word_1_438' title='bbox 357 1542 384 1569; x_wconf 90' lang='lat'>8.</span> <span class='ocrx_word' id='word_1_439' title='bbox 409 1541 451 1569; x_wconf 77' lang='lat' dir='ltr'><strong>Ibi</strong></span> <span class='ocrx_word' id='word_1_440' title='bbox 473 1542 625 1576; x_wconf 72' lang='lat' dir='ltr'><strong>contempsit</strong></span> <span class='ocrx_word' id='word_1_441' title='bbox 646 1550 686 1568; x_wconf 79' lang='lat' dir='ltr'><strong>me</strong></span> <span class='ocrx_word' id='word_1_442' title='bbox 710 1542 826 1575; x_wconf 79' lang='lat' dir='ltr'><strong>Cataad,</strong></span> <span class='ocrx_word' id='word_1_443' title='bbox 847 1543 939 1570; x_wconf 77' lang='lat' dir='ltr'><strong>civitas</strong></span> <span class='ocrx_word' id='word_1_444' title='bbox 952 1551 1009 1578; x_wconf 76' lang='lat' dir='ltr'><strong>qua:</strong></span> <span class='ocrx_word' id='word_1_445' title='bbox 1024 1546 1045 1574; x_wconf 87' lang='lat' dir='ltr'><strong>C</strong></span> 
     </span>
    </p>
   </div>
   <div class='ocr_carea' id='block_1_60' title="bbox 217 1588 1010 1624">
    <p class='ocr_par' dir='ltr' id='par_1_60' title="bbox 217 1588 1010 1624">
     <span class='ocr_line' id='line_1_60' title="bbox 217 1588 1010 1624; baseline -0.001 -9"><span class='ocrx_word' id='word_1_446' title='bbox 217 1597 343 1624; x_wconf 81' lang='lat' dir='ltr'><strong>operatur</strong></span> <span class='ocrx_word' id='word_1_447' title='bbox 357 1597 435 1620; x_wconf 80' lang='lat' dir='ltr'><strong>vana,</strong></span> <span class='ocrx_word' id='word_1_448' title='bbox 462 1588 621 1615; x_wconf 66' lang='lat' dir='ltr'><strong>conturbant</strong></span> <span class='ocrx_word' id='word_1_449' title='bbox 638 1596 747 1622; x_wconf 80' lang='lat' dir='ltr'><strong>aquam,</strong></span> <span class='ocrx_word' id='word_1_450' title='bbox 764 1594 787 1615; x_wconf 83' lang='lat' dir='ltr'><strong>et</strong></span> <span class='ocrx_word' id='word_1_451' title='bbox 810 1588 939 1622; x_wconf 77' lang='lat' dir='ltr'><strong>fortitudo</strong></span> <span class='ocrx_word' id='word_1_452' title='bbox 963 1593 1010 1615; x_wconf 75' lang='lat' dir='ltr'><strong>tua</strong></span> 
     </span>
    </p>
   </div>
   <div class='ocr_carea' id='block_1_61' title="bbox 217 1636 384 1666">
    <p class='ocr_par' dir='ltr' id='par_1_61' title="bbox 217 1636 384 1666">
     <span class='ocr_line' id='line_1_61' title="bbox 217 1636 384 1666; baseline -0.006 -5"><span class='ocrx_word' id='word_1_453' title='bbox 217 1636 265 1661; x_wconf 71' lang='lat' dir='ltr'><strong>tiri</strong></span> <span class='ocrx_word' id='word_1_454' title='bbox 280 1636 384 1666; x_wconf 74' lang='lat' dir='ltr'><strong>piraiw.</strong></span> 
     </span>
    </p>
   </div>
   <div class='ocr_carea' id='block_1_62' title="bbox 253 1680 1009 1716">
    <p class='ocr_par' dir='ltr' id='par_1_62' title="bbox 253 1680 1009 1716">
     <span class='ocr_line' id='line_1_62' title="bbox 253 1680 1009 1716; baseline -0.003 -8"><span class='ocrx_word' id='word_1_455' title='bbox 253 1681 357 1708; x_wconf 78' lang='lat' dir='ltr'><strong>LXV”.</strong></span> <span class='ocrx_word' id='word_1_456' title='bbox 378 1681 539 1716; x_wconf 74' lang='lat' dir='ltr'><strong>Regreditur</strong></span> <span class='ocrx_word' id='word_1_457' title='bbox 555 1680 588 1707; x_wconf 87' lang='lat' dir='ltr'><strong>ad</strong></span> <span class='ocrx_word' id='word_1_458' title='bbox 605 1680 755 1707; x_wconf 87' lang='lat' dir='ltr'><strong>enarranda</strong></span> <span class='ocrx_word' id='word_1_459' title='bbox 770 1681 885 1711; x_wconf 78' lang='lat' dir='ltr'><strong>scelera.</strong></span> <span class='ocrx_word' id='word_1_460' title='bbox 899 1685 1009 1715; x_wconf 88' lang='lat' dir='ltr'><strong>propter</strong></span> 
     </span>
    </p>
   </div>
   <div class='ocr_carea' id='block_1_63' title="bbox 218 1725 1009 1761">
    <p class='ocr_par' dir='ltr' id='par_1_63' title="bbox 218 1725 1009 1761">
     <span class='ocr_line' id='line_1_63' title="bbox 218 1725 1009 1761; baseline -0.001 -8"><span class='ocrx_word' id='word_1_461' title='bbox 218 1734 278 1761; x_wconf 55' lang='lat' dir='ltr'><strong>qua</strong></span> <span class='ocrx_word' id='word_1_462' title='bbox 305 1727 374 1760; x_wconf 85' lang='lat' dir='ltr'><strong>apud</strong></span> <span class='ocrx_word' id='word_1_463' title='bbox 399 1734 446 1754; x_wconf 87' lang='lat' dir='ltr'><strong>eos</strong></span> <span class='ocrx_word' id='word_1_464' title='bbox 471 1725 584 1753; x_wconf 84' lang='lat' dir='ltr'><strong>scelesta</strong></span> <span class='ocrx_word' id='word_1_465' title='bbox 610 1726 905 1760; x_wconf 87' lang='lat' dir='ltr'><strong>pscudoprophetarum</strong></span> <span class='ocrx_word' id='word_1_466' title='bbox 933 1727 1009 1753; x_wconf 89' lang='lat' dir='ltr'><strong>turba</strong></span> 
     </span>
    </p>
   </div>
   <div class='ocr_carea' id='block_1_64' title="bbox 216 1771 1010 1807">
    <p class='ocr_par' dir='ltr' id='par_1_64' title="bbox 216 1771 1010 1807">
     <span class='ocr_line' id='line_1_64' title="bbox 216 1771 1010 1807; baseline 0.001 -9"><span class='ocrx_word' id='word_1_467' title='bbox 216 1772 277 1807; x_wconf 89' lang='lat' dir='ltr'><strong>jure</strong></span> <span class='ocrx_word' id='word_1_468' title='bbox 300 1772 429 1799; x_wconf 86' lang='lat' dir='ltr'><strong>trucidata</strong></span> <span class='ocrx_word' id='word_1_469' title='bbox 458 1776 509 1798; x_wconf 91' lang='lat' dir='ltr'><strong>est.</strong></span> <span class='ocrx_word' id='word_1_470' title='bbox 533 1771 568 1798; x_wconf 87' lang='lat' dir='ltr'><strong>lbi</strong></span> <span class='ocrx_word' id='word_1_471' title='bbox 591 1772 674 1803; x_wconf 87' lang='lat' dir='ltr'><strong>enim,</strong></span> <span class='ocrx_word' id='word_1_472' title='bbox 704 1771 789 1806; x_wconf 87' lang='lat' dir='ltr'><strong>inquit</strong></span> <span class='ocrx_word' id='word_1_473' title='bbox 807 1773 870 1807; x_wconf 88' lang='lat' dir='ltr'><strong>(hoc</strong></span> <span class='ocrx_word' id='word_1_474' title='bbox 888 1777 939 1804; x_wconf 81' lang='lat' dir='ltr'><strong>est,</strong></span> <span class='ocrx_word' id='word_1_475' title='bbox 965 1772 1010 1799; x_wconf 93' lang='lat' dir='ltr'><strong>illo</strong></span> 
     </span>
    </p>
   </div>
   <div class='ocr_carea' id='block_1_65' title="bbox 220 1817 1008 1852">
    <p class='ocr_par' dir='ltr' id='par_1_65' title="bbox 220 1817 1008 1852">
     <span class='ocr_line' id='line_1_65' title="bbox 220 1817 1008 1852; baseline -0.004 -7"><span class='ocrx_word' id='word_1_476' title='bbox 220 1825 351 1852; x_wconf 87' lang='lat' dir='ltr'><strong>tempore,</strong></span> <span class='ocrx_word' id='word_1_477' title='bbox 369 1826 422 1852; x_wconf 91' lang='lat' dir='ltr'><strong>quo</strong></span> <span class='ocrx_word' id='word_1_478' title='bbox 444 1818 589 1845; x_wconf 82' lang='lat' dir='ltr'><strong>declinavit</strong></span> <span class='ocrx_word' id='word_1_479' title='bbox 603 1817 697 1850; x_wconf 79' lang='lat' dir='ltr'><strong>Israel,</strong></span> <span class='ocrx_word' id='word_1_480' title='bbox 721 1823 749 1845; x_wconf 86' lang='lat' dir='ltr'><strong>et</strong></span> <span class='ocrx_word' id='word_1_481' title='bbox 773 1818 799 1844; x_wconf 93' lang='lat' dir='ltr'><strong>in</strong></span> <span class='ocrx_word' id='word_1_482' title='bbox 823 1825 884 1845; x_wconf 89' lang='lat' dir='ltr'><strong>eum</strong></span> <span class='ocrx_word' id='word_1_483' title='bbox 909 1821 1008 1844; x_wconf 87' lang='lat' dir='ltr'><strong>statum</strong></span> 
     </span>
    </p>
   </div>
   <div class='ocr_carea' id='block_1_66' title="bbox 219 1862 1010 1895">
    <p class='ocr_par' dir='ltr' id='par_1_66' title="bbox 219 1862 1010 1895">
     <span class='ocr_line' id='line_1_66' title="bbox 219 1862 1010 1895; baseline -0.005 -3"><span class='ocrx_word' id='word_1_484' title='bbox 219 1865 337 1895; x_wconf 71' lang='lat' dir='ltr'><strong>devenit.</strong></span> <span class='ocrx_word' id='word_1_485' title='bbox 359 1869 388 1892; x_wconf 92' lang='lat' dir='ltr'><strong>ut</strong></span> <span class='ocrx_word' id='word_1_486' title='bbox 411 1865 494 1892; x_wconf 87' lang='lat' dir='ltr'><strong>etiam</strong></span> <span class='ocrx_word' id='word_1_487' title='bbox 519 1864 655 1891; x_wconf 74' lang='lat' dir='ltr'><strong>daemones</strong></span> <span class='ocrx_word' id='word_1_488' title='bbox 674 1864 790 1891; x_wconf 88' lang='lat' dir='ltr'><strong>adorare</strong></span> <span class='ocrx_word' id='word_1_489' title='bbox 815 1870 867 1890; x_wconf 87' lang='lat' dir='ltr'><strong>non</strong></span> <span class='ocrx_word' id='word_1_490' title='bbox 886 1862 1010 1889; x_wconf 81' lang='lat' dir='ltr'><strong>reformi-</strong></span> 
     </span>
    </p>
   </div>
   <div class='ocr_carea' id='block_1_67' title="bbox 218 1907 1008 1941">
    <p class='ocr_par' dir='ltr' id='par_1_67' title="bbox 218 1907 1008 1941">
     <span class='ocr_line' id='line_1_67' title="bbox 218 1907 1008 1941; baseline -0.005 -4"><span class='ocrx_word' id='word_1_491' title='bbox 218 1912 304 1941; x_wconf 69' lang='lat' dir='ltr'><strong>daret,</strong></span> <span class='ocrx_word' id='word_1_492' title='bbox 325 1911 376 1937; x_wconf 89' lang='lat' dir='ltr'><strong>hoc</strong></span> <span class='ocrx_word' id='word_1_493' title='bbox 389 1910 459 1937; x_wconf 88' lang='lat' dir='ltr'><strong>enim</strong></span> <span class='ocrx_word' id='word_1_494' title='bbox 471 1910 522 1936; x_wconf 84' lang='lat' dir='ltr'><strong>sibi</strong></span> <span class='ocrx_word' id='word_1_495' title='bbox 539 1909 594 1936; x_wconf 84' lang='lat' dir='ltr'><strong>vult</strong></span> <span class='ocrx_word' id='word_1_496' title='bbox 607 1908 682 1941; x_wconf 92' lang='lat' dir='ltr'><strong>illud,</strong></span> <span class='ocrx_word' id='word_1_497' title='bbox 702 1918 712 1934; x_wconf 69' lang='grc' dir='ltr'>α</span> <span class='ocrx_word' id='word_1_498' title='bbox 729 1909 776 1941; x_wconf 93' lang='lat' dir='ltr'><strong>ibi,</strong></span> <span class='ocrx_word' id='word_1_499' title='bbox 795 1918 804 1935; x_wconf 76' lang='grc' dir='ltr'><strong>ι</strong></span> <span class='ocrx_word' id='word_1_500' title='bbox 824 1910 845 1936; x_wconf 90' lang='lat' dir='ltr'><strong>si</strong></span> <span class='ocrx_word' id='word_1_501' title='bbox 862 1907 1008 1936; x_wconf 78' lang='lat' dir='ltr'><strong>secundum</strong></span> 
     </span>
    </p>
   </div>
   <div class='ocr_carea' id='block_1_68' title="bbox 220 1953 1010 1989">
    <p class='ocr_par' dir='ltr' id='par_1_68' title="bbox 220 1953 1010 1989">
     <span class='ocr_line' id='line_1_68' title="bbox 220 1953 1010 1989; baseline -0.001 -8"><span class='ocrx_word' id='word_1_502' title='bbox 220 1963 275 1982; x_wconf 81' lang='lat' dir='ltr'><strong>rem</strong></span> <span class='ocrx_word' id='word_1_503' title='bbox 288 1961 316 1982; x_wconf 87' lang='lat' dir='ltr'><strong>ct</strong></span> <span class='ocrx_word' id='word_1_504' title='bbox 333 1955 477 1986; x_wconf 75' lang='lat' dir='ltr'><strong>actionem,</strong></span> <span class='ocrx_word' id='word_1_505' title='bbox 491 1963 542 1982; x_wconf 89' lang='lat' dir='ltr'><strong>non</strong></span> <span class='ocrx_word' id='word_1_506' title='bbox 560 1955 707 1982; x_wconf 86' lang='lat' dir='ltr'><strong>secundum</strong></span> <span class='ocrx_word' id='word_1_507' title='bbox 723 1956 810 1981; x_wconf 93' lang='lat' dir='ltr'><strong>locum</strong></span> <span class='ocrx_word' id='word_1_508' title='bbox 825 1955 913 1989; x_wconf 88' lang='lat' dir='ltr'><strong>potius</strong></span> <span class='ocrx_word' id='word_1_509' title='bbox 931 1953 1010 1980; x_wconf 85' lang='lat' dir='ltr'><strong>intel-</strong></span> 
     </span>
    </p>
   </div>
   <div class='ocr_carea' id='block_1_69' title="bbox 219 1999 1008 2036">
    <p class='ocr_par' dir='ltr' id='par_1_69' title="bbox 219 1999 1008 2036">
     <span class='ocr_line' id='line_1_69' title="bbox 219 1999 1008 2036; baseline -0.003 -8"><span class='ocrx_word' id='word_1_510' title='bbox 219 2003 340 2036; x_wconf 74' lang='lat' dir='ltr'><strong>ligatur),</strong></span> <span class='ocrx_word' id='word_1_511' title='bbox 357 2001 531 2028; x_wconf 73' lang='lat' dir='ltr'><strong>vehementer</strong></span> <span class='ocrx_word' id='word_1_512' title='bbox 543 2001 704 2035; x_wconf 85' lang='lat' dir='ltr'><strong>contempsit</strong></span> <span class='ocrx_word' id='word_1_513' title='bbox 719 2008 761 2028; x_wconf 87' lang='lat' dir='ltr'><strong>me</strong></span> <span class='ocrx_word' id='word_1_514' title='bbox 777 2000 888 2028; x_wconf 81' lang='lat' dir='ltr'><strong>Galaad.</strong></span> <span class='ocrx_word' id='word_1_515' title='bbox 904 1999 1008 2026; x_wconf 77' lang='lat' dir='ltr'><strong>Nomen</strong></span> 
     </span>
    </p>
   </div>
   <div class='ocr_carea' id='block_1_70' title="bbox 219 2045 1008 2080">
    <p class='ocr_par' dir='ltr' id='par_1_70' title="bbox 219 2045 1008 2080">
     <span class='ocr_line' id='line_1_70' title="bbox 219 2045 1008 2080; baseline -0.003 -7"><span class='ocrx_word' id='word_1_516' title='bbox 219 2047 292 2074; x_wconf 87' lang='lat' dir='ltr'><strong>urbis</strong></span> <span class='ocrx_word' id='word_1_517' title='bbox 306 2052 348 2074; x_wconf 85' lang='lat' dir='ltr'><strong>est</strong></span> <span class='ocrx_word' id='word_1_518' title='bbox 369 2052 443 2073; x_wconf 86' lang='lat' dir='ltr'><strong>trans</strong></span> <span class='ocrx_word' id='word_1_519' title='bbox 464 2045 622 2079; x_wconf 83' lang='lat' dir='ltr'><strong>Jonlanem,</strong></span> <span class='ocrx_word' id='word_1_520' title='bbox 639 2053 698 2080; x_wconf 71' lang='lat' dir='ltr'><strong>qua:</strong></span> <span class='ocrx_word' id='word_1_521' title='bbox 720 2045 797 2080; x_wconf 84' lang='lat' dir='ltr'><strong>juxta</strong></span> <span class='ocrx_word' id='word_1_522' title='bbox 822 2047 1008 2080; x_wconf 75' lang='lat' dir='ltr'><strong>prtescriptum</strong></span> 
     </span>
    </p>
   </div>
   <div class='ocr_carea' id='block_1_71' title="bbox 220 2091 1009 2128">
    <p class='ocr_par' dir='ltr' id='par_1_71' title="bbox 220 2091 1009 2128">
     <span class='ocr_line' id='line_1_71' title="bbox 220 2091 1009 2128; baseline -0.001 -9"><span class='ocrx_word' id='word_1_523' title='bbox 220 2093 320 2128; x_wconf 76' lang='lat' dir='ltr'><strong>Moysis</strong></span> <span class='ocrx_word' id='word_1_524' title='bbox 337 2093 418 2119; x_wconf 73' lang='lat' dir='ltr'><strong>cessit</strong></span> <span class='ocrx_word' id='word_1_525' title='bbox 437 2091 538 2118; x_wconf 81' lang='lat' dir='ltr'><strong>Levitis</strong></span> <span class='ocrx_word' id='word_1_526' title='bbox 554 2092 589 2118; x_wconf 76' lang='grc'><strong>³⁵.</strong></span> <span class='ocrx_word' id='word_1_527' title='bbox 609 2092 673 2118; x_wconf 83' lang='lat' dir='ltr'><strong>Erat</strong></span> <span class='ocrx_word' id='word_1_528' title='bbox 694 2091 785 2125; x_wconf 80' lang='lat' dir='ltr'><strong>itaque</strong></span> <span class='ocrx_word' id='word_1_529' title='bbox 800 2093 970 2118; x_wconf 76' lang='lat' dir='ltr'><strong>sacerdotum</strong></span> <span class='ocrx_word' id='word_1_530' title='bbox 983 2096 1009 2118; x_wconf 82' lang='lat' dir='ltr'><strong>et</strong></span> 
     </span>
    </p>
   </div>
   <div class='ocr_carea' id='block_1_72' title="bbox 220 2136 1008 2172">
    <p class='ocr_par' dir='ltr' id='par_1_72' title="bbox 220 2136 1008 2172">
     <span class='ocr_line' id='line_1_72' title="bbox 220 2136 1008 2172; baseline -0.003 -7"><span class='ocrx_word' id='word_1_531' title='bbox 220 2138 376 2166; x_wconf 87' lang='lat' dir='ltr'><strong>Levitarum</strong></span> <span class='ocrx_word' id='word_1_532' title='bbox 404 2138 509 2164; x_wconf 81' lang='lat' dir='ltr'><strong>civitas.</strong></span> <span class='ocrx_word' id='word_1_533' title='bbox 530 2137 582 2164; x_wconf 83' lang='lat' dir='ltr'><strong>Sed</strong></span> <span class='ocrx_word' id='word_1_534' title='bbox 599 2137 646 2172; x_wconf 87' lang='lat' dir='ltr'><strong>qui</strong></span> <span class='ocrx_word' id='word_1_535' title='bbox 671 2136 739 2163; x_wconf 85' lang='lat' dir='ltr'><strong>alios</strong></span> <span class='ocrx_word' id='word_1_536' title='bbox 759 2137 792 2162; x_wconf 85' lang='lat' dir='ltr'><strong>ab</strong></span> <span class='ocrx_word' id='word_1_537' title='bbox 814 2144 908 2163; x_wconf 88' lang='lat' dir='ltr'><strong>errore</strong></span> <span class='ocrx_word' id='word_1_538' title='bbox 928 2137 1008 2163; x_wconf 83' lang='lat' dir='ltr'><strong>debe-</strong></span> 
     </span>
    </p>
   </div>
   <div class='ocr_carea' id='block_1_73' title="bbox 220 2182 1008 2217">
    <p class='ocr_par' dir='ltr' id='par_1_73' title="bbox 220 2182 1008 2217">
     <span class='ocr_line' id='line_1_73' title="bbox 220 2182 1008 2217; baseline -0.005 -5"><span class='ocrx_word' id='word_1_539' title='bbox 220 2186 284 2213; x_wconf 79' lang='lat' dir='ltr'><strong>bant</strong></span> <span class='ocrx_word' id='word_1_540' title='bbox 301 2190 433 2217; x_wconf 76' lang='lat' dir='ltr'><strong>avertere,</strong></span> <span class='ocrx_word' id='word_1_541' title='bbox 451 2189 478 2211; x_wconf 92' lang='lat' dir='ltr'><strong>et</strong></span> <span class='ocrx_word' id='word_1_542' title='bbox 491 2183 523 2210; x_wconf 87' lang='lat' dir='ltr'><strong>ad</strong></span> <span class='ocrx_word' id='word_1_543' title='bbox 541 2184 683 2210; x_wconf 77' lang='lat' dir='ltr'><strong>veritatem</strong></span> <span class='ocrx_word' id='word_1_544' title='bbox 699 2182 938 2217; x_wconf 79' lang='lat' dir='ltr'><strong>cognitionemque</strong></span> <span class='ocrx_word' id='word_1_545' title='bbox 954 2183 1008 2209; x_wconf 90' lang='lat' dir='ltr'><strong>uti-</strong></span> 
     </span>
    </p>
   </div>
   <div class='ocr_carea' id='block_1_74' title="bbox 1104 1543 1855 1579">
    <p class='ocr_par' dir='ltr' id='par_1_74' title="bbox 1104 1543 1855 1579">
     <span class='ocr_line' id='line_1_74' title="bbox 1104 1543 1855 1579; baseline -0.001 -9"><span class='ocrx_word' id='word_1_546' title='bbox 1104 1544 1180 1571; x_wconf 80' lang='grc' dir='ltr'><strong>Ἐκεῒ</strong></span> <span class='ocrx_word' id='word_1_547' title='bbox 1189 1544 1399 1579; x_wconf 68' lang='grc' dir='ltr'>κατεφρόνησέ</span> <span class='ocrx_word' id='word_1_548' title='bbox 1414 1553 1474 1579; x_wconf 85' lang='grc' dir='ltr'><strong>μου</strong></span> <span class='ocrx_word' id='word_1_549' title='bbox 1489 1544 1624 1576; x_wconf 76' lang='grc' dir='ltr'>Γαλαὰδ,</span> <span class='ocrx_word' id='word_1_550' title='bbox 1636 1544 1726 1576; x_wconf 75' lang='grc' dir='ltr'>πόλις</span> <span class='ocrx_word' id='word_1_551' title='bbox 1739 1543 1855 1577; x_wconf 73' lang='grc' dir='ltr'>ἐργαζο-</span> 
     </span>
    </p>
   </div>
   <div class='ocr_carea' id='block_1_75' title="bbox 1059 1587 1854 1623">
    <p class='ocr_par' dir='ltr' id='par_1_75' title="bbox 1059 1587 1854 1623">
     <span class='ocr_line' id='line_1_75' title="bbox 1059 1587 1854 1623; baseline 0 -8"><span class='ocrx_word' id='word_1_552' title='bbox 1059 1587 1136 1622; x_wconf 74' lang='grc' dir='ltr'>μένη</span> <span class='ocrx_word' id='word_1_553' title='bbox 1152 1589 1271 1623; x_wconf 81' lang='grc' dir='ltr'>μάταια,</span> <span class='ocrx_word' id='word_1_554' title='bbox 1289 1589 1487 1623; x_wconf 68' lang='lat' dir='ltr'><strong>raptimraan</strong></span> <span class='ocrx_word' id='word_1_555' title='bbox 1498 1589 1584 1623; x_wconf 82' lang='grc' dir='ltr'>ὕδωρ,</span> <span class='ocrx_word' id='word_1_556' title='bbox 1595 1588 1643 1615; x_wconf 77' lang='grc' dir='ltr'><strong>καί</strong></span> <span class='ocrx_word' id='word_1_557' title='bbox 1654 1588 1672 1621; x_wconf 79' lang='grc' dir='ltr'><strong><em>ἡ</em></strong></span> <span class='ocrx_word' id='word_1_558' title='bbox 1689 1589 1782 1622; x_wconf 76' lang='grc' dir='ltr'>ἰσχύς</span> <span class='ocrx_word' id='word_1_559' title='bbox 1795 1597 1854 1615; x_wconf 84' lang='grc' dir='ltr'><strong>σου</strong></span> 
     </span>
    </p>
   </div>
   <div class='ocr_carea' id='block_1_76' title="bbox 1061 1634 1338 1668">
    <p class='ocr_par' dir='ltr' id='par_1_76' title="bbox 1061 1634 1338 1668">
     <span class='ocr_line' id='line_1_76' title="bbox 1061 1634 1338 1668; baseline 0 -7"><span class='ocrx_word' id='word_1_560' title='bbox 1061 1634 1171 1668; x_wconf 80' lang='grc' dir='ltr'>ἀνδρὸς</span> <span class='ocrx_word' id='word_1_561' title='bbox 1189 1635 1338 1668; x_wconf 75' lang='grc' dir='ltr'>πειρατοῦ.</span> 
     </span>
    </p>
   </div>
   <div class='ocr_carea' id='block_1_77' title="bbox 1096 1679 1855 1715">
    <p class='ocr_par' dir='ltr' id='par_1_77' title="bbox 1096 1679 1855 1715">
     <span class='ocr_line' id='line_1_77' title="bbox 1096 1679 1855 1715; baseline -0.003 -7"><span class='ocrx_word' id='word_1_562' title='bbox 1096 1681 1153 1708; x_wconf 85' lang='grc' dir='ltr'><strong>ΞΖ’.</strong></span> <span class='ocrx_word' id='word_1_563' title='bbox 1174 1682 1312 1708; x_wconf 76' lang='grc' dir='ltr'>Ἐπὰνεισι</span> <span class='ocrx_word' id='word_1_564' title='bbox 1327 1681 1407 1708; x_wconf 83' lang='grc' dir='ltr'>πάλιν</span> <span class='ocrx_word' id='word_1_565' title='bbox 1423 1681 1437 1707; x_wconf 80' lang='grc' dir='ltr'><strong>ὁ</strong></span> <span class='ocrx_word' id='word_1_566' title='bbox 1453 1681 1531 1714; x_wconf 80' lang='grc' dir='ltr'>λόγος</span> <span class='ocrx_word' id='word_1_567' title='bbox 1545 1682 1585 1712; x_wconf 77' lang='grc' dir='ltr'><strong>είς</strong></span> <span class='ocrx_word' id='word_1_568' title='bbox 1602 1680 1742 1715; x_wconf 81' lang='grc' dir='ltr'>ἀφήγησιν</span> <span class='ocrx_word' id='word_1_569' title='bbox 1755 1679 1855 1714; x_wconf 79' lang='grc' dir='ltr'>ἐγκλη-</span> 
     </span>
    </p>
   </div>
   <div class='ocr_carea' id='block_1_78' title="bbox 1063 1725 1856 1763">
    <p class='ocr_par' dir='ltr' id='par_1_78' title="bbox 1063 1725 1856 1763">
     <span class='ocr_line' id='line_1_78' title="bbox 1063 1725 1856 1763; baseline -0.006 -8"><span class='ocrx_word' id='word_1_570' title='bbox 1063 1729 1165 1763; x_wconf 82' lang='grc' dir='ltr'>μάτων,</span> <span class='ocrx_word' id='word_1_571' title='bbox 1189 1728 1232 1762; x_wconf 74' lang='grc' dir='ltr'><strong>ἐφ¹</strong></span> <span class='ocrx_word' id='word_1_572' title='bbox 1252 1726 1291 1759; x_wconf 74' lang='grc' dir='ltr'>οἷς</span> <span class='ocrx_word' id='word_1_573' title='bbox 1309 1728 1420 1758; x_wconf 75' lang='grc' dir='ltr'>εἰκότως</span> <span class='ocrx_word' id='word_1_574' title='bbox 1446 1726 1580 1762; x_wconf 79' lang='grc' dir='ltr'>ἀνῄρηται</span> <span class='ocrx_word' id='word_1_575' title='bbox 1600 1725 1654 1752; x_wconf 83' lang='grc' dir='ltr'><strong>τῶν</strong></span> <span class='ocrx_word' id='word_1_576' title='bbox 1678 1725 1747 1760; x_wconf 80' lang='grc' dir='ltr'>παρ’</span> <span class='ocrx_word' id='word_1_577' title='bbox 1763 1725 1856 1755; x_wconf 61' lang='grc' dir='ltr'>αὐτοῖς</span> 
     </span>
    </p>
   </div>
   <div class='ocr_carea' id='block_1_79' title="bbox 1061 1771 1854 1809">
    <p class='ocr_par' dir='ltr' id='par_1_79' title="bbox 1061 1771 1854 1809">
     <span class='ocr_line' id='line_1_79' title="bbox 1061 1771 1854 1809; baseline -0.006 -9"><span class='ocrx_word' id='word_1_578' title='bbox 1061 1773 1291 1809; x_wconf 77' lang='grc' dir='ltr'>ψευδοπροφητῶν</span> <span class='ocrx_word' id='word_1_579' title='bbox 1316 1774 1332 1808; x_wconf 83' lang='grc' dir='ltr'>ἡ</span> <span class='ocrx_word' id='word_1_580' title='bbox 1349 1773 1443 1799; x_wconf 79' lang='grc' dir='ltr'>ἀνοσία</span> <span class='ocrx_word' id='word_1_581' title='bbox 1464 1771 1578 1806; x_wconf 82' lang='grc' dir='ltr'>πληθύς.</span> <span class='ocrx_word' id='word_1_582' title='bbox 1599 1771 1672 1797; x_wconf 85' lang='grc' dir='ltr'><strong>Ἑκεῖ</strong></span> <span class='ocrx_word' id='word_1_583' title='bbox 1691 1771 1756 1805; x_wconf 81' lang='grc' dir='ltr'>γὰρ,</span> <span class='ocrx_word' id='word_1_584' title='bbox 1776 1771 1854 1804; x_wconf 67' lang='grc' dir='ltr'>φησι,</span> 
     </span>
    </p>
   </div>
   <div class='ocr_carea' id='block_1_80' title="bbox 1060 1817 1856 1853">
    <p class='ocr_par' dir='ltr' id='par_1_80' title="bbox 1060 1817 1856 1853">
     <span class='ocr_line' id='line_1_80' title="bbox 1060 1817 1856 1853; baseline -0.005 -7"><span class='ocrx_word' id='word_1_585' title='bbox 1060 1820 1196 1852; x_wconf 77' lang='grc' dir='ltr'>τουτέστι,</span> <span class='ocrx_word' id='word_1_586' title='bbox 1215 1819 1275 1846; x_wconf 83' lang='grc' dir='ltr'>κατ’</span> <span class='ocrx_word' id='word_1_587' title='bbox 1293 1820 1382 1845; x_wconf 78' lang='grc' dir='ltr'>έκεῖνο</span> <span class='ocrx_word' id='word_1_588' title='bbox 1395 1818 1443 1844; x_wconf 86' lang='grc' dir='ltr'><strong>τοῦ</strong></span> <span class='ocrx_word' id='word_1_589' title='bbox 1459 1818 1567 1853; x_wconf 85' lang='grc' dir='ltr'>καιροῦ,</span> <span class='ocrx_word' id='word_1_590' title='bbox 1581 1817 1641 1844; x_wconf 88' lang='grc' dir='ltr'>καθ’</span> <span class='ocrx_word' id='word_1_591' title='bbox 1655 1817 1685 1843; x_wconf 88' lang='grc' dir='ltr'>ὃν</span> <span class='ocrx_word' id='word_1_592' title='bbox 1699 1817 1828 1844; x_wconf 76' lang='grc' dir='ltr'>κέκλικεν</span> <span class='ocrx_word' id='word_1_593' title='bbox 1843 1818 1856 1842; x_wconf 76' lang='grc' dir='ltr'><strong>ὁ</strong></span> 
     </span>
    </p>
   </div>
   <div class='ocr_carea' id='block_1_81' title="bbox 1067 1863 1855 1900">
    <p class='ocr_par' dir='ltr' id='par_1_81' title="bbox 1067 1863 1855 1900">
     <span class='ocr_line' id='line_1_81' title="bbox 1067 1863 1855 1900; baseline -0.003 -9"><span class='ocrx_word' id='word_1_594' title='bbox 1067 1865 1186 1900; x_wconf 82' lang='grc' dir='ltr'>Ἰσραὴλ,</span> <span class='ocrx_word' id='word_1_595' title='bbox 1202 1865 1250 1892; x_wconf 74' lang='grc' dir='ltr'><strong>καὶ</strong></span> <span class='ocrx_word' id='word_1_596' title='bbox 1264 1866 1292 1892; x_wconf 77' lang='grc' dir='ltr'><strong>ὲν</strong></span> <span class='ocrx_word' id='word_1_597' title='bbox 1311 1865 1344 1900; x_wconf 79' lang='grc' dir='ltr'><strong>τῇ</strong></span> <span class='ocrx_word' id='word_1_598' title='bbox 1357 1864 1446 1899; x_wconf 86' lang='grc' dir='ltr'>τοιᾷδε</span> <span class='ocrx_word' id='word_1_599' title='bbox 1462 1864 1628 1890; x_wconf 81' lang='grc' dir='ltr'>καταστάσει</span> <span class='ocrx_word' id='word_1_600' title='bbox 1643 1864 1766 1897; x_wconf 86' lang='grc' dir='ltr'>γέγονεν,</span> <span class='ocrx_word' id='word_1_601' title='bbox 1785 1863 1855 1890; x_wconf 80' lang='grc' dir='ltr'>ὥστε</span> 
     </span>
    </p>
   </div>
   <div class='ocr_carea' id='block_1_82' title="bbox 1061 1909 1855 1946">
    <p class='ocr_par' dir='ltr' id='par_1_82' title="bbox 1061 1909 1855 1946">
     <span class='ocr_line' id='line_1_82' title="bbox 1061 1909 1855 1946; baseline -0.005 -8"><span class='ocrx_word' id='word_1_602' title='bbox 1061 1911 1108 1938; x_wconf 77' lang='grc' dir='ltr'><strong>καὶ</strong></span> <span class='ocrx_word' id='word_1_603' title='bbox 1131 1911 1238 1938; x_wconf 77' lang='grc' dir='ltr'>ἑλέσθαι</span> <span class='ocrx_word' id='word_1_604' title='bbox 1262 1910 1412 1946; x_wconf 81' lang='grc' dir='ltr'>δαιμονίοις</span> <span class='ocrx_word' id='word_1_605' title='bbox 1433 1910 1596 1945; x_wconf 85' lang='grc' dir='ltr'>προσκυνεῖν</span> <span class='ocrx_word' id='word_1_606' title='bbox 1619 1909 1708 1944; x_wconf 82' lang='grc' dir='ltr'>(τοῦτο</span> <span class='ocrx_word' id='word_1_607' title='bbox 1723 1909 1779 1944; x_wconf 82' lang='grc' dir='ltr'><strong>γάρ</strong></span> <span class='ocrx_word' id='word_1_608' title='bbox 1797 1909 1855 1934; x_wconf 74' lang='grc' dir='ltr'>ἐστι</span> 
     </span>
    </p>
   </div>
   <div class='ocr_carea' id='block_1_83' title="bbox 1060 1954 1855 1992">
    <p class='ocr_par' dir='ltr' id='par_1_83' title="bbox 1060 1954 1855 1992">
     <span class='ocr_line' id='line_1_83' title="bbox 1060 1954 1855 1992; baseline -0.004 -9"><span class='ocrx_word' id='word_1_609' title='bbox 1060 1957 1100 1990; x_wconf 78' lang='grc' dir='ltr'>τὸ,</span> <span class='ocrx_word' id='word_1_610' title='bbox 1117 1967 1125 1983; x_wconf 75' lang='grc' dir='ltr'><strong>ε</strong></span> <span class='ocrx_word' id='word_1_611' title='bbox 1146 1958 1213 1989; x_wconf 78' lang='grc' dir='ltr'>ἐκεῖ,</span> <span class='ocrx_word' id='word_1_612' title='bbox 1231 1967 1240 1983; x_wconf 83' lang='grc' dir='ltr'><strong>ι</strong></span> <span class='ocrx_word' id='word_1_613' title='bbox 1272 1955 1474 1992; x_wconf 80' lang='grc' dir='ltr'>πραγματικῶς</span> <span class='ocrx_word' id='word_1_614' title='bbox 1494 1955 1649 1990; x_wconf 86' lang='grc' dir='ltr'>νοούμενον,</span> <span class='ocrx_word' id='word_1_615' title='bbox 1674 1954 1722 1981; x_wconf 76' lang='grc' dir='ltr'><strong>καὶ</strong></span> <span class='ocrx_word' id='word_1_616' title='bbox 1745 1955 1807 1989; x_wconf 75' lang='grc' dir='ltr'>οὐχὶ</span> <span class='ocrx_word' id='word_1_617' title='bbox 1823 1954 1855 1989; x_wconf 80' lang='grc' dir='ltr'>δὴ</span> 
     </span>
    </p>
   </div>
   <div class='ocr_carea' id='block_1_84' title="bbox 1062 1999 1854 2039">
    <p class='ocr_par' dir='ltr' id='par_1_84' title="bbox 1062 1999 1854 2039">
     <span class='ocr_line' id='line_1_84' title="bbox 1062 1999 1854 2039; baseline -0.005 -10"><span class='ocrx_word' id='word_1_618' title='bbox 1062 2003 1162 2039; x_wconf 79' lang='grc' dir='ltr'>μᾶλλον</span> <span class='ocrx_word' id='word_1_619' title='bbox 1186 2002 1334 2035; x_wconf 78' lang='grc' dir='ltr'>τοπικῶς),</span> <span class='ocrx_word' id='word_1_620' title='bbox 1352 2001 1456 2037; x_wconf 81' lang='grc' dir='ltr'>σφόδρα</span> <span class='ocrx_word' id='word_1_621' title='bbox 1486 2009 1537 2036; x_wconf 88' lang='grc' dir='ltr'><strong>μου</strong></span> <span class='ocrx_word' id='word_1_622' title='bbox 1561 1999 1810 2034; x_wconf 80' lang='grc' dir='ltr'>καταπεφρόνηκεν</span> <span class='ocrx_word' id='word_1_623' title='bbox 1838 2001 1854 2034; x_wconf 84' lang='grc' dir='ltr'>ἡ</span> 
     </span>
    </p>
   </div>
   <div class='ocr_carea' id='block_1_85' title="bbox 1060 2045 1854 2081">
    <p class='ocr_par' dir='ltr' id='par_1_85' title="bbox 1060 2045 1854 2081">
     <span class='ocr_line' id='line_1_85' title="bbox 1060 2045 1854 2081; baseline -0.004 -8"><span class='ocrx_word' id='word_1_624' title='bbox 1060 2048 1174 2075; x_wconf 78' lang='grc' dir='ltr'>Γαλαὰδ.</span> <span class='ocrx_word' id='word_1_625' title='bbox 1197 2047 1277 2078; x_wconf 84' lang='grc' dir='ltr'>Πόλις</span> <span class='ocrx_word' id='word_1_626' title='bbox 1290 2047 1318 2073; x_wconf 83' lang='grc' dir='ltr'><strong>δὲ</strong></span> <span class='ocrx_word' id='word_1_627' title='bbox 1333 2046 1402 2081; x_wconf 80' lang='grc' dir='ltr'>αὕτη</span> <span class='ocrx_word' id='word_1_628' title='bbox 1427 2046 1476 2081; x_wconf 91' lang='grc' dir='ltr'><strong>μία</strong></span> <span class='ocrx_word' id='word_1_629' title='bbox 1495 2045 1550 2072; x_wconf 85' lang='grc' dir='ltr'>τῶν</span> <span class='ocrx_word' id='word_1_630' title='bbox 1569 2045 1702 2080; x_wconf 82' lang='grc' dir='ltr'>Ἰορδάνου</span> <span class='ocrx_word' id='word_1_631' title='bbox 1719 2045 1854 2079; x_wconf 73' lang='grc' dir='ltr'>ναμάτων</span> 
     </span>
    </p>
   </div>
   <div class='ocr_carea' id='block_1_86' title="bbox 1060 2090 1856 2127">
    <p class='ocr_par' dir='ltr' id='par_1_86' title="bbox 1060 2090 1856 2127">
     <span class='ocr_line' id='line_1_86' title="bbox 1060 2090 1856 2127; baseline -0.005 -8"><span class='ocrx_word' id='word_1_632' title='bbox 1060 2093 1204 2125; x_wconf 75' lang='grc' dir='ltr'>ἐπέκεινα,</span> <span class='ocrx_word' id='word_1_633' title='bbox 1228 2094 1245 2127; x_wconf 92' lang='grc' dir='ltr'>ή</span> <span class='ocrx_word' id='word_1_634' title='bbox 1267 2092 1314 2118; x_wconf 76' lang='grc' dir='ltr'><strong>καὶ</strong></span> <span class='ocrx_word' id='word_1_635' title='bbox 1337 2091 1519 2126; x_wconf 82' lang='grc' dir='ltr'>ὲκνεμηθεῖσα</span> <span class='ocrx_word' id='word_1_636' title='bbox 1544 2091 1600 2122; x_wconf 82' lang='grc' dir='ltr'>τοῖς</span> <span class='ocrx_word' id='word_1_637' title='bbox 1622 2090 1760 2121; x_wconf 77' lang='grc' dir='ltr'>Λευΐταις,</span> <span class='ocrx_word' id='word_1_638' title='bbox 1786 2090 1856 2116; x_wconf 74' lang='grc' dir='ltr'><strong>κατὰ</strong></span> 
     </span>
    </p>
   </div>
   <div class='ocr_carea' id='block_1_87' title="bbox 1060 2134 1857 2172">
    <p class='ocr_par' dir='ltr' id='par_1_87' title="bbox 1060 2134 1857 2172">
     <span class='ocr_line' id='line_1_87' title="bbox 1060 2134 1857 2172; baseline -0.004 -8"><span class='ocrx_word' id='word_1_639' title='bbox 1060 2138 1104 2164; x_wconf 79' lang='grc' dir='ltr'>τὸν</span> <span class='ocrx_word' id='word_1_640' title='bbox 1128 2138 1250 2170; x_wconf 81' lang='grc' dir='ltr'>Μωσέως</span> <span class='ocrx_word' id='word_1_641' title='bbox 1278 2138 1368 2172; x_wconf 85' lang='grc' dir='ltr'>νόμον.</span> <span class='ocrx_word' id='word_1_642' title='bbox 1397 2135 1452 2163; x_wconf 86' lang='grc' dir='ltr'><strong>Ἦν</strong></span> <span class='ocrx_word' id='word_1_643' title='bbox 1468 2134 1515 2163; x_wconf 83' lang='grc' dir='ltr'><strong>οὖν</strong></span> <span class='ocrx_word' id='word_1_644' title='bbox 1544 2135 1639 2171; x_wconf 78' lang='grc' dir='ltr'>ἱερέων</span> <span class='ocrx_word' id='word_1_645' title='bbox 1663 2135 1710 2162; x_wconf 77' lang='grc' dir='ltr'><strong>καὶ</strong></span> <span class='ocrx_word' id='word_1_646' title='bbox 1734 2135 1857 2162; x_wconf 82' lang='grc' dir='ltr'>Λευῖτῶν</span> 
     </span>
    </p>
   </div>
   <div class='ocr_carea' id='block_1_88' title="bbox 1061 2181 1857 2217">
    <p class='ocr_par' dir='ltr' id='par_1_88' title="bbox 1061 2181 1857 2217">
     <span class='ocr_line' id='line_1_88' title="bbox 1061 2181 1857 2217; baseline -0.005 -6"><span class='ocrx_word' id='word_1_647' title='bbox 1061 2184 1148 2216; x_wconf 85' lang='grc' dir='ltr'>πόλις.</span> <span class='ocrx_word' id='word_1_648' title='bbox 1169 2183 1239 2210; x_wconf 79' lang='grc' dir='ltr'>Ἀλλ’</span> <span class='ocrx_word' id='word_1_649' title='bbox 1263 2184 1288 2210; x_wconf 81' lang='grc' dir='ltr'>οἱ</span> <span class='ocrx_word' id='word_1_650' title='bbox 1302 2184 1364 2215; x_wconf 78' lang='grc' dir='ltr'>τοὺς</span> <span class='ocrx_word' id='word_1_651' title='bbox 1381 2183 1476 2215; x_wconf 83' lang='grc' dir='ltr'>ἄλλους</span> <span class='ocrx_word' id='word_1_652' title='bbox 1498 2182 1651 2217; x_wconf 79' lang='grc' dir='ltr'>ὀφείλοντες</span> <span class='ocrx_word' id='word_1_653' title='bbox 1673 2181 1857 2217; x_wconf 78' lang='grc' dir='ltr'>ἀποκομίζειν</span> 
     </span>
    </p>
   </div>
   <div class='ocr_carea' id='block_1_89' title="bbox 221 2228 1007 2265">
    <p class='ocr_par' dir='ltr' id='par_1_89' title="bbox 221 2228 1007 2262">
     <span class='ocr_line' id='line_1_89' title="bbox 221 2228 1007 2262; baseline -0.004 -5"><span class='ocrx_word' id='word_1_654' title='bbox 221 2231 285 2257; x_wconf 84' lang='lat' dir='ltr'><strong>lium</strong></span> <span class='ocrx_word' id='word_1_655' title='bbox 304 2230 423 2262; x_wconf 85' lang='lat' dir='ltr'><strong>erudire,</strong></span> <span class='ocrx_word' id='word_1_656' title='bbox 442 2239 450 2254; x_wconf 75' lang='grc' dir='ltr'>ι</span> <span class='ocrx_word' id='word_1_657' title='bbox 468 2229 537 2256; x_wconf 84' lang='lat' dir='ltr'><strong>labia</strong></span> <span class='ocrx_word' id='word_1_658' title='bbox 554 2229 624 2255; x_wconf 86' lang='lat' dir='ltr'><strong>enim</strong></span> <span class='ocrx_word' id='word_1_659' title='bbox 640 2228 790 2256; x_wconf 86' lang='lat' dir='ltr'><strong>sacerdotis</strong></span> <span class='ocrx_word' id='word_1_660' title='bbox 803 2229 956 2256; x_wconf 80' lang='lat' dir='ltr'><strong>custodierit</strong></span> <span class='ocrx_word' id='word_1_661' title='bbox 969 2229 1007 2262; x_wconf 89' lang='lat' dir='ltr'><strong>ju-</strong></span> 
     </span>
    </p>
   </div>
   <div class='ocr_carea' id='block_1_90' title="bbox 1066 2228 1857 2265">
    <p class='ocr_par' dir='ltr' id='par_1_90' title="bbox 1066 2228 1857 2265">
     <span class='ocr_line' id='line_1_90' title="bbox 1066 2228 1857 2265; baseline -0.004 -9"><span class='ocrx_word' id='word_1_662' title='bbox 1066 2231 1110 2265; x_wconf 79' lang='grc' dir='ltr'>τῆς</span> <span class='ocrx_word' id='word_1_663' title='bbox 1127 2230 1241 2265; x_wconf 72' lang='grc' dir='ltr'>πλάνης,</span> <span class='ocrx_word' id='word_1_664' title='bbox 1266 2231 1313 2256; x_wconf 82' lang='grc' dir='ltr'>καὶ</span> <span class='ocrx_word' id='word_1_665' title='bbox 1327 2230 1512 2264; x_wconf 86' lang='grc' dir='ltr'>παιδαγωγεῖν</span> <span class='ocrx_word' id='word_1_666' title='bbox 1527 2229 1567 2260; x_wconf 85' lang='grc' dir='ltr'><strong>είς</strong></span> <span class='ocrx_word' id='word_1_667' title='bbox 1586 2228 1729 2263; x_wconf 84' lang='grc' dir='ltr'>ἀλήθειαν,</span> <span class='ocrx_word' id='word_1_668' title='bbox 1750 2228 1798 2254; x_wconf 71' lang='grc' dir='ltr'><strong>καὶ</strong></span> <span class='ocrx_word' id='word_1_669' title='bbox 1817 2228 1857 2259; x_wconf 81' lang='grc' dir='ltr'>εἰς</span> 
     </span>
    </p>
   </div>
   <div class='ocr_carea' id='block_1_91' title="bbox 220 2274 1008 2310">
    <p class='ocr_par' dir='ltr' id='par_1_91' title="bbox 220 2274 1008 2310">
     <span class='ocr_line' id='line_1_91' title="bbox 220 2274 1008 2310; baseline -0.004 -6"><span class='ocrx_word' id='word_1_670' title='bbox 220 2277 330 2310; x_wconf 83' lang='lat' dir='ltr'><strong>dicium,</strong></span> <span class='ocrx_word' id='word_1_671' title='bbox 352 2281 379 2303; x_wconf 90' lang='lat' dir='ltr'><strong>et</strong></span> <span class='ocrx_word' id='word_1_672' title='bbox 399 2277 485 2310; x_wconf 79' lang='lat' dir='ltr'><strong>legem</strong></span> <span class='ocrx_word' id='word_1_673' title='bbox 510 2274 651 2308; x_wconf 86' lang='lat' dir='ltr'><strong>requirent</strong></span> <span class='ocrx_word' id='word_1_674' title='bbox 674 2281 707 2300; x_wconf 84' lang='lat' dir='ltr'><strong>ex</strong></span> <span class='ocrx_word' id='word_1_675' title='bbox 734 2281 782 2301; x_wconf 84' lang='lat' dir='ltr'><strong>ore</strong></span> <span class='ocrx_word' id='word_1_676' title='bbox 806 2274 910 2308; x_wconf 82' lang='lat' dir='ltr'><strong>ejus&quot;,</strong></span> <span class='ocrx_word' id='word_1_677' title='bbox 926 2284 936 2300; x_wconf 77' lang='grc' dir='ltr'><strong>ι</strong></span> <span class='ocrx_word' id='word_1_678' title='bbox 958 2274 1008 2309; x_wconf 74' lang='lat' dir='ltr'><strong>ipsi</strong></span> 
     </span>
    </p>
   </div>
   <div class='ocr_carea' id='block_1_92' title="bbox 222 2319 1008 2356">
    <p class='ocr_par' dir='ltr' id='par_1_92' title="bbox 222 2319 1008 2356">
     <span class='ocr_line' id='line_1_92' title="bbox 222 2319 1008 2356; baseline -0.003 -6"><span class='ocrx_word' id='word_1_679' title='bbox 222 2324 292 2350; x_wconf 82' lang='lat' dir='ltr'><strong>idola</strong></span> <span class='ocrx_word' id='word_1_680' title='bbox 312 2323 520 2350; x_wconf 76' lang='lat' dir='ltr'><strong>introduxerunt</strong></span> <span class='ocrx_word' id='word_1_681' title='bbox 540 2325 567 2347; x_wconf 83' lang='lat' dir='ltr'><strong>ct</strong></span> <span class='ocrx_word' id='word_1_682' title='bbox 585 2327 653 2346; x_wconf 79' lang='lat' dir='ltr'><strong>vana</strong></span> <span class='ocrx_word' id='word_1_683' title='bbox 670 2320 792 2347; x_wconf 83' lang='lat' dir='ltr'><strong>fabricati</strong></span> <span class='ocrx_word' id='word_1_684' title='bbox 816 2325 887 2348; x_wconf 81' lang='lat' dir='ltr'><strong>sunt.</strong></span> <span class='ocrx_word' id='word_1_685' title='bbox 907 2330 916 2346; x_wconf 73' lang='grc' dir='ltr'>ι</span> <span class='ocrx_word' id='word_1_686' title='bbox 937 2319 1008 2356; x_wconf 87' lang='lat' dir='ltr'><strong>Ope-</strong></span> 
     </span>
    </p>
   </div>
   <div class='ocr_carea' id='block_1_93' title="bbox 223 2366 1007 2398">
    <p class='ocr_par' dir='ltr' id='par_1_93' title="bbox 223 2366 1007 2398">
     <span class='ocr_line' id='line_1_93' title="bbox 223 2366 1007 2398; baseline -0.003 -2"><span class='ocrx_word' id='word_1_687' title='bbox 223 2370 273 2396; x_wconf 85' lang='lat' dir='ltr'><strong>rati</strong></span> <span class='ocrx_word' id='word_1_688' title='bbox 293 2374 355 2396; x_wconf 88' lang='lat' dir='ltr'><strong>sttnt</strong></span> <span class='ocrx_word' id='word_1_689' title='bbox 377 2368 448 2394; x_wconf 87' lang='lat' dir='ltr'><strong>enim</strong></span> <span class='ocrx_word' id='word_1_690' title='bbox 474 2373 553 2397; x_wconf 84' lang='lat' dir='ltr'><strong>vana,</strong></span> <span class='ocrx_word' id='word_1_691' title='bbox 575 2375 585 2391; x_wconf 81' lang='grc' dir='ltr'><strong>ι</strong></span> <span class='ocrx_word' id='word_1_692' title='bbox 603 2366 655 2392; x_wconf 90' lang='lat' dir='ltr'><strong>hoc</strong></span> <span class='ocrx_word' id='word_1_693' title='bbox 670 2371 723 2398; x_wconf 80' lang='lat' dir='ltr'><strong>est.</strong></span> <span class='ocrx_word' id='word_1_694' title='bbox 739 2366 821 2393; x_wconf 86' lang='lat' dir='ltr'><strong>idola.</strong></span> <span class='ocrx_word' id='word_1_695' title='bbox 842 2376 850 2392; x_wconf 78' lang='grc' dir='ltr'><strong>ι</strong></span> <span class='ocrx_word' id='word_1_696' title='bbox 868 2366 1007 2394; x_wconf 78' lang='lat' dir='ltr'><strong>Turbave-</strong></span> 
     </span>
    </p>
   </div>
   <div class='ocr_carea' id='block_1_94' title="bbox 222 2412 1009 2447">
    <p class='ocr_par' dir='ltr' id='par_1_94' title="bbox 222 2412 1009 2447">
     <span class='ocr_line' id='line_1_94' title="bbox 222 2412 1009 2447; baseline -0.001 -6"><span class='ocrx_word' id='word_1_697' title='bbox 222 2420 286 2442; x_wconf 85' lang='lat' dir='ltr'><strong>runt</strong></span> <span class='ocrx_word' id='word_1_698' title='bbox 304 2414 388 2441; x_wconf 80' lang='lat' dir='ltr'><strong>etiam</strong></span> <span class='ocrx_word' id='word_1_699' title='bbox 407 2420 503 2447; x_wconf 89' lang='lat' dir='ltr'><strong>aquam</strong></span> <span class='ocrx_word' id='word_1_700' title='bbox 517 2433 523 2445; x_wconf 94' lang='grc'><strong>,</strong></span> <span class='ocrx_word' id='word_1_701' title='bbox 545 2422 554 2437; x_wconf 74' lang='grc' dir='ltr'><strong>ι</strong></span> <span class='ocrx_word' id='word_1_702' title='bbox 579 2412 604 2438; x_wconf 91' lang='lat' dir='ltr'><strong>id</strong></span> <span class='ocrx_word' id='word_1_703' title='bbox 626 2417 667 2438; x_wconf 85' lang='lat' dir='ltr'><strong>est</strong></span> <span class='ocrx_word' id='word_1_704' title='bbox 681 2430 688 2443; x_wconf 89' lang='lat'><strong>,</strong></span> <span class='ocrx_word' id='word_1_705' title='bbox 713 2412 879 2440; x_wconf 82' lang='lat' dir='ltr'><strong>confusionis</strong></span> <span class='ocrx_word' id='word_1_706' title='bbox 901 2413 1009 2440; x_wconf 83' lang='lat' dir='ltr'><strong>occasio</strong></span> 
     </span>
    </p>
   </div>
   <div class='ocr_carea' id='block_1_95' title="bbox 221 2456 1009 2494">
    <p class='ocr_par' dir='ltr' id='par_1_95' title="bbox 221 2456 1009 2494">
     <span class='ocr_line' id='line_1_95' title="bbox 221 2456 1009 2494; baseline 0.001 -9"><span class='ocrx_word' id='word_1_707' title='bbox 221 2460 343 2494; x_wconf 80' lang='lat' dir='ltr'><strong>populari</strong></span> <span class='ocrx_word' id='word_1_708' title='bbox 361 2457 526 2485; x_wconf 86' lang='lat' dir='ltr'><strong>multitudini</strong></span> <span class='ocrx_word' id='word_1_709' title='bbox 544 2456 662 2483; x_wconf 83' lang='lat' dir='ltr'><strong>fuerunt.</strong></span> <span class='ocrx_word' id='word_1_710' title='bbox 681 2456 738 2484; x_wconf 89' lang='lat' dir='ltr'><strong>Mos</strong></span> <span class='ocrx_word' id='word_1_711' title='bbox 750 2458 820 2484; x_wconf 84' lang='lat' dir='ltr'><strong>enim</strong></span> <span class='ocrx_word' id='word_1_712' title='bbox 836 2466 920 2486; x_wconf 67' lang='lat' dir='ltr'><strong>sacra:</strong></span> <span class='ocrx_word' id='word_1_713' title='bbox 935 2457 1009 2486; x_wconf 86' lang='lat' dir='ltr'><strong>Scri-</strong></span> 
     </span>
    </p>
   </div>
   <div class='ocr_carea' id='block_1_96' title="bbox 222 2502 1009 2539">
    <p class='ocr_par' dir='ltr' id='par_1_96' title="bbox 222 2502 1009 2539">
     <span class='ocr_line' id='line_1_96' title="bbox 222 2502 1009 2539; baseline 0 -7"><span class='ocrx_word' id='word_1_714' title='bbox 222 2511 307 2539; x_wconf 75' lang='lat' dir='ltr'><strong>ptura:</strong></span> <span class='ocrx_word' id='word_1_715' title='bbox 319 2509 370 2536; x_wconf 79' lang='lat' dir='ltr'><strong>est.</strong></span> <span class='ocrx_word' id='word_1_716' title='bbox 381 2504 550 2531; x_wconf 86' lang='lat' dir='ltr'><strong>innumeram</strong></span> <span class='ocrx_word' id='word_1_717' title='bbox 564 2502 704 2530; x_wconf 87' lang='lat' dir='ltr'><strong>hominum</strong></span> <span class='ocrx_word' id='word_1_718' title='bbox 720 2503 918 2532; x_wconf 85' lang='lat' dir='ltr'><strong>multitudinem</strong></span> <span class='ocrx_word' id='word_1_719' title='bbox 933 2512 1009 2539; x_wconf 62' lang='lat' dir='ltr'><strong>aqua</strong></span> 
     </span>
    </p>
   </div>
   <div class='ocr_carea' id='block_1_97' title="bbox 223 2550 1008 2586">
    <p class='ocr_par' dir='ltr' id='par_1_97' title="bbox 223 2550 1008 2586">
     <span class='ocr_line' id='line_1_97' title="bbox 223 2550 1008 2586; baseline -0.003 -7"><span class='ocrx_word' id='word_1_720' title='bbox 223 2552 387 2583; x_wconf 78' lang='lat' dir='ltr'><strong>assimilare,</strong></span> <span class='ocrx_word' id='word_1_721' title='bbox 406 2550 470 2577; x_wconf 88' lang='lat' dir='ltr'><strong>inde</strong></span> <span class='ocrx_word' id='word_1_722' title='bbox 487 2558 548 2577; x_wconf 89' lang='lat' dir='ltr'><strong>cum</strong></span> <span class='ocrx_word' id='word_1_723' title='bbox 566 2555 659 2578; x_wconf 87' lang='lat' dir='ltr'><strong>essent</strong></span> <span class='ocrx_word' id='word_1_724' title='bbox 676 2550 904 2585; x_wconf 61' lang='lat' dir='ltr'><strong>frequentissima:</strong></span> <span class='ocrx_word' id='word_1_725' title='bbox 919 2551 1008 2586; x_wconf 81' lang='lat' dir='ltr'><strong>Baby—</strong></span> 
     </span>
    </p>
   </div>
   <div class='ocr_carea' id='block_1_98' title="bbox 223 2595 1009 2631">
    <p class='ocr_par' dir='ltr' id='par_1_98' title="bbox 223 2595 1009 2631">
     <span class='ocr_line' id='line_1_98' title="bbox 223 2595 1009 2631; baseline 0 -7"><span class='ocrx_word' id='word_1_726' title='bbox 223 2598 264 2624; x_wconf 84' lang='lat' dir='ltr'><strong>lon</strong></span> <span class='ocrx_word' id='word_1_727' title='bbox 279 2602 306 2624; x_wconf 91' lang='lat' dir='ltr'><strong>et</strong></span> <span class='ocrx_word' id='word_1_728' title='bbox 320 2595 517 2628; x_wconf 51' lang='lat' dir='ltr'><strong>Niniveusicut</strong></span> <span class='ocrx_word' id='word_1_729' title='bbox 531 2596 918 2631; x_wconf 64' lang='lat' dir='ltr'><strong>piscina,»inquit,«aquarum</strong></span> <span class='ocrx_word' id='word_1_730' title='bbox 933 2604 1009 2631; x_wconf 76' lang='lat' dir='ltr'><strong>aqua:</strong></span> 
     </span>
    </p>
   </div>
   <div class='ocr_carea' id='block_1_99' title="bbox 223 2641 1008 2677">
    <p class='ocr_par' dir='ltr' id='par_1_99' title="bbox 223 2641 1008 2677">
     <span class='ocr_line' id='line_1_99' title="bbox 223 2641 1008 2677; baseline 0 -8"><span class='ocrx_word' id='word_1_731' title='bbox 223 2643 280 2676; x_wconf 78' lang='lat' dir='ltr'><strong>ejus</strong></span> <span class='ocrx_word' id='word_1_732' title='bbox 294 2641 329 2669; x_wconf 78' lang='lat'><strong>’°.</strong></span> <span class='ocrx_word' id='word_1_733' title='bbox 348 2650 357 2666; x_wconf 80' lang='grc' dir='ltr'><strong>ι</strong></span> <span class='ocrx_word' id='word_1_734' title='bbox 381 2641 456 2674; x_wconf 78' lang='lat' dir='ltr'><strong>Quod</strong></span> <span class='ocrx_word' id='word_1_735' title='bbox 479 2642 548 2669; x_wconf 85' lang='lat' dir='ltr'><strong>idem</strong></span> <span class='ocrx_word' id='word_1_736' title='bbox 567 2646 609 2670; x_wconf 89' lang='lat' dir='ltr'><strong>est</strong></span> <span class='ocrx_word' id='word_1_737' title='bbox 634 2650 666 2670; x_wconf 85' lang='lat' dir='ltr'><strong>ac</strong></span> <span class='ocrx_word' id='word_1_738' title='bbox 687 2643 708 2670; x_wconf 91' lang='lat' dir='ltr'><strong>si</strong></span> <span class='ocrx_word' id='word_1_739' title='bbox 725 2642 837 2675; x_wconf 88' lang='lat' dir='ltr'><strong>diceret,</strong></span> <span class='ocrx_word' id='word_1_740' title='bbox 855 2646 883 2669; x_wconf 90' lang='lat' dir='ltr'><strong>ut</strong></span> <span class='ocrx_word' id='word_1_741' title='bbox 902 2642 1008 2677; x_wconf 78' lang='lat' dir='ltr'><strong>piscina</strong></span> 
     </span>
    </p>
   </div>
   <div class='ocr_carea' id='block_1_100' title="bbox 223 2688 1007 2724">
    <p class='ocr_par' dir='ltr' id='par_1_100' title="bbox 223 2688 1007 2724">
     <span class='ocr_line' id='line_1_100' title="bbox 223 2688 1007 2724; baseline 0 -10"><span class='ocrx_word' id='word_1_742' title='bbox 223 2690 301 2723; x_wconf 85' lang='lat' dir='ltr'><strong>plena</strong></span> <span class='ocrx_word' id='word_1_743' title='bbox 315 2692 357 2715; x_wconf 89' lang='lat' dir='ltr'><strong>est</strong></span> <span class='ocrx_word' id='word_1_744' title='bbox 374 2688 462 2723; x_wconf 84' lang='lat' dir='ltr'><strong>aquis,</strong></span> <span class='ocrx_word' id='word_1_745' title='bbox 480 2688 515 2715; x_wconf 89' lang='lat' dir='ltr'><strong>ita</strong></span> <span class='ocrx_word' id='word_1_746' title='bbox 537 2688 681 2716; x_wconf 88' lang='lat' dir='ltr'><strong>multitudo</strong></span> <span class='ocrx_word' id='word_1_747' title='bbox 695 2689 763 2724; x_wconf 91' lang='lat' dir='ltr'><strong>ejus.</strong></span> <span class='ocrx_word' id='word_1_748' title='bbox 781 2688 833 2715; x_wconf 86' lang='lat' dir='ltr'><strong>Aut</strong></span> <span class='ocrx_word' id='word_1_749' title='bbox 850 2688 902 2715; x_wconf 92' lang='lat' dir='ltr'><strong>alio</strong></span> <span class='ocrx_word' id='word_1_750' title='bbox 918 2689 1007 2720; x_wconf 90' lang='lat' dir='ltr'><strong>modo,</strong></span> 
     </span>
    </p>
   </div>
   <div class='ocr_carea' id='block_1_101' title="bbox 223 2734 1008 2769">
    <p class='ocr_par' dir='ltr' id='par_1_101' title="bbox 223 2734 1008 2769">
     <span class='ocr_line' id='line_1_101' title="bbox 223 2734 1008 2769; baseline 0 -9"><span class='ocrx_word' id='word_1_751' title='bbox 223 2735 398 2761; x_wconf 79' lang='lat' dir='ltr'><strong>turbaverant</strong></span> <span class='ocrx_word' id='word_1_752' title='bbox 411 2735 605 2769; x_wconf 87' lang='lat' dir='ltr'><strong>aquam.quasi</strong></span> <span class='ocrx_word' id='word_1_753' title='bbox 621 2735 754 2762; x_wconf 84' lang='lat' dir='ltr'><strong>turbidam</strong></span> <span class='ocrx_word' id='word_1_754' title='bbox 769 2741 795 2762; x_wconf 88' lang='lat' dir='ltr'><strong>et</strong></span> <span class='ocrx_word' id='word_1_755' title='bbox 807 2741 946 2762; x_wconf 58' lang='lat' dir='ltr'><strong>caenosam</strong></span> <span class='ocrx_word' id='word_1_756' title='bbox 960 2734 1008 2760; x_wconf 89' lang='lat' dir='ltr'><strong>do-</strong></span> 
     </span>
    </p>
   </div>
   <div class='ocr_carea' id='block_1_102' title="bbox 225 2780 1008 2816">
    <p class='ocr_par' dir='ltr' id='par_1_102' title="bbox 225 2780 1008 2816">
     <span class='ocr_line' id='line_1_102' title="bbox 225 2780 1008 2816; baseline 0.003 -10"><span class='ocrx_word' id='word_1_757' title='bbox 225 2780 337 2807; x_wconf 85' lang='lat' dir='ltr'><strong>ctrinam</strong></span> <span class='ocrx_word' id='word_1_758' title='bbox 360 2788 390 2808; x_wconf 90' lang='lat' dir='ltr'><strong>se</strong></span> <span class='ocrx_word' id='word_1_759' title='bbox 406 2780 628 2808; x_wconf 84' lang='lat' dir='ltr'><strong>convenientibus</strong></span> <span class='ocrx_word' id='word_1_760' title='bbox 643 2785 835 2816; x_wconf 85' lang='lat' dir='ltr'><strong>proponentes,</strong></span> <span class='ocrx_word' id='word_1_761' title='bbox 853 2785 880 2807; x_wconf 86' lang='lat' dir='ltr'><strong>et</strong></span> <span class='ocrx_word' id='word_1_762' title='bbox 903 2781 1008 2815; x_wconf 86' lang='lat' dir='ltr'><strong>simpli-</strong></span> 
     </span>
    </p>
   </div>
   <div class='ocr_carea' id='block_1_103' title="bbox 257 2868 614 2902">
    <p class='ocr_par' dir='ltr' id='par_1_103' title="bbox 257 2868 614 2902">
     <span class='ocr_line' id='line_1_103' title="bbox 257 2868 614 2902; baseline -0.003 -5"><span class='ocrx_word' id='word_1_763' title='bbox 257 2869 280 2885; x_wconf 81' lang='lat'><strong>&quot;</strong></span> <span class='ocrx_word' id='word_1_764' title='bbox 297 2869 395 2897; x_wconf 84' lang='lat' dir='ltr'><strong>Jerem.</strong></span> <span class='ocrx_word' id='word_1_765' title='bbox 413 2877 489 2902; x_wconf 65' lang='lat' dir='ltr'><strong>xxxx,</strong></span> <span class='ocrx_word' id='word_1_766' title='bbox 502 2869 548 2902; x_wconf 75' lang='lat' dir='ltr'><strong>5t,</strong></span> <span class='ocrx_word' id='word_1_767' title='bbox 568 2868 614 2896; x_wconf 70' lang='lat'><strong>32.</strong></span> 
     </span>
    </p>
   </div>
   <div class='ocr_carea' id='block_1_104' title="bbox 661 2866 1271 2900">
    <p class='ocr_par' dir='ltr' id='par_1_104' title="bbox 661 2866 1271 2900">
     <span class='ocr_line' id='line_1_104' title="bbox 661 2866 1271 2900; baseline -0.005 -6"><span class='ocrx_word' id='word_1_768' title='bbox 661 2868 685 2884; x_wconf 57' lang='grc' dir='ltr'><strong>θ’</strong></span> <span class='ocrx_word' id='word_1_769' title='bbox 713 2867 791 2894; x_wconf 83' lang='grc' dir='ltr'>Νιιιιι.</span> <span class='ocrx_word' id='word_1_770' title='bbox 811 2867 955 2900; x_wconf 73' lang='lat' dir='ltr'><strong>xxxu,29.</strong></span> <span class='ocrx_word' id='word_1_771' title='bbox 994 2867 1016 2883; x_wconf 77' lang='grc'><strong><em>’⁵</em></strong></span> <span class='ocrx_word' id='word_1_772' title='bbox 1038 2867 1153 2895; x_wconf 74' lang='lat' dir='ltr'><strong>Malach.</strong></span> <span class='ocrx_word' id='word_1_773' title='bbox 1190 2875 1219 2899; x_wconf 90' lang='grc' dir='ltr'><strong>ιι,</strong></span> <span class='ocrx_word' id='word_1_774' title='bbox 1245 2866 1271 2899; x_wconf 80' lang='grc'>7,</span> 
     </span>
    </p>
   </div>
   <div class='ocr_carea' id='block_1_105' title="bbox 1062 2274 1855 2311">
    <p class='ocr_par' dir='ltr' id='par_1_105' title="bbox 1062 2274 1855 2311">
     <span class='ocr_line' id='line_1_105' title="bbox 1062 2274 1855 2311; baseline -0.004 -9"><span class='ocrx_word' id='word_1_775' title='bbox 1062 2275 1111 2310; x_wconf 85' lang='grc' dir='ltr'><strong>τὴν</strong></span> <span class='ocrx_word' id='word_1_776' title='bbox 1121 2275 1168 2301; x_wconf 87' lang='grc' dir='ltr'><strong>τοῦ</strong></span> <span class='ocrx_word' id='word_1_777' title='bbox 1183 2276 1367 2311; x_wconf 74' lang='grc' dir='ltr'>συμφέροντος</span> <span class='ocrx_word' id='word_1_778' title='bbox 1379 2275 1428 2310; x_wconf 82' lang='grc' dir='ltr'>τὴν</span> <span class='ocrx_word' id='word_1_779' title='bbox 1439 2275 1539 2309; x_wconf 82' lang='grc' dir='ltr'>γνῶσιν</span> <span class='ocrx_word' id='word_1_780' title='bbox 1547 2274 1570 2310; x_wconf 71' lang='grc' dir='ltr'>(Ι</span> <span class='ocrx_word' id='word_1_781' title='bbox 1582 2274 1665 2308; x_wconf 85' lang='grc' dir='ltr'>Χείλη</span> <span class='ocrx_word' id='word_1_782' title='bbox 1676 2274 1732 2309; x_wconf 80' lang='grc' dir='ltr'>γὰρ</span> <span class='ocrx_word' id='word_1_783' title='bbox 1747 2274 1855 2309; x_wconf 76' lang='grc' dir='ltr'>ἱερέως,</span> 
     </span>
    </p>
   </div>
   <div class='ocr_carea' id='block_1_106' title="bbox 1063 2320 1856 2356">
    <p class='ocr_par' dir='ltr' id='par_1_106' title="bbox 1063 2320 1856 2356">
     <span class='ocr_line' id='line_1_106' title="bbox 1063 2320 1856 2356; baseline -0.004 -8"><span class='ocrx_word' id='word_1_784' title='bbox 1063 2322 1141 2356; x_wconf 66' lang='grc' dir='ltr'>φησι,</span> <span class='ocrx_word' id='word_1_785' title='bbox 1159 2322 1305 2355; x_wconf 74' lang='grc' dir='ltr'>φυλάξεται</span> <span class='ocrx_word' id='word_1_786' title='bbox 1323 2322 1424 2356; x_wconf 87' lang='grc' dir='ltr'>κρίσιν,</span> <span class='ocrx_word' id='word_1_787' title='bbox 1439 2320 1486 2347; x_wconf 71' lang='grc' dir='ltr'>καὶ</span> <span class='ocrx_word' id='word_1_788' title='bbox 1501 2321 1582 2355; x_wconf 88' lang='grc' dir='ltr'>νόμον</span> <span class='ocrx_word' id='word_1_789' title='bbox 1599 2320 1800 2355; x_wconf 75' lang='grc' dir='ltr'>έκζητήσουσιν</span> <span class='ocrx_word' id='word_1_790' title='bbox 1824 2320 1856 2345; x_wconf 80' lang='grc' dir='ltr'>ὲκ</span> 
     </span>
    </p>
   </div>
   <div class='ocr_carea' id='block_1_107' title="bbox 1063 2365 1858 2403">
    <p class='ocr_par' dir='ltr' id='par_1_107' title="bbox 1063 2365 1858 2403">
     <span class='ocr_line' id='line_1_107' title="bbox 1063 2365 1858 2403; baseline -0.003 -9"><span class='ocrx_word' id='word_1_791' title='bbox 1063 2369 1194 2403; x_wconf 80' lang='grc' dir='ltr'>στόματος</span> <span class='ocrx_word' id='word_1_792' title='bbox 1211 2367 1337 2401; x_wconf 70' lang='grc' dir='ltr'>αὐτοῦι),</span> <span class='ocrx_word' id='word_1_793' title='bbox 1355 2367 1501 2400; x_wconf 83' lang='grc' dir='ltr'>γεγόνασιν</span> <span class='ocrx_word' id='word_1_794' title='bbox 1517 2366 1593 2392; x_wconf 76' lang='grc' dir='ltr'>αὐτοὶ</span> <span class='ocrx_word' id='word_1_795' title='bbox 1608 2365 1662 2392; x_wconf 78' lang='grc' dir='ltr'><strong>τῶν</strong></span> <span class='ocrx_word' id='word_1_796' title='bbox 1675 2365 1796 2391; x_wconf 76' lang='grc' dir='ltr'>εἰδώλων</span> <span class='ocrx_word' id='word_1_797' title='bbox 1812 2366 1858 2392; x_wconf 84' lang='grc' dir='ltr'>εὐ-</span> 
     </span>
    </p>
   </div>
   <div class='ocr_carea' id='block_1_108' title="bbox 1063 2411 1857 2448">
    <p class='ocr_par' dir='ltr' id='par_1_108' title="bbox 1063 2411 1857 2448">
     <span class='ocr_line' id='line_1_108' title="bbox 1063 2411 1857 2448; baseline -0.005 -8"><span class='ocrx_word' id='word_1_798' title='bbox 1063 2414 1149 2448; x_wconf 62' lang='lat' dir='ltr'><strong>parat,</strong></span> <span class='ocrx_word' id='word_1_799' title='bbox 1165 2414 1212 2439; x_wconf 79' lang='grc' dir='ltr'><strong>καὶ</strong></span> <span class='ocrx_word' id='word_1_800' title='bbox 1225 2413 1279 2439; x_wconf 85' lang='grc' dir='ltr'><strong>τῶν</strong></span> <span class='ocrx_word' id='word_1_801' title='bbox 1297 2413 1420 2448; x_wconf 86' lang='grc' dir='ltr'>ματαίων</span> <span class='ocrx_word' id='word_1_802' title='bbox 1436 2413 1460 2438; x_wconf 92' lang='grc' dir='ltr'><strong>οί</strong></span> <span class='ocrx_word' id='word_1_803' title='bbox 1475 2411 1643 2447; x_wconf 86' lang='grc' dir='ltr'>τεχνουργοί.</span> <span class='ocrx_word' id='word_1_804' title='bbox 1661 2420 1670 2436; x_wconf 85' lang='grc'><strong>(</strong></span> <span class='ocrx_word' id='word_1_805' title='bbox 1686 2411 1857 2446; x_wconf 77' lang='grc' dir='ltr'>Εἰργάζοντο</span> 
     </span>
    </p>
   </div>
   <div class='ocr_carea' id='block_1_109' title="bbox 1063 2456 1858 2494">
    <p class='ocr_par' dir='ltr' id='par_1_109' title="bbox 1063 2456 1858 2494">
     <span class='ocr_line' id='line_1_109' title="bbox 1063 2456 1858 2494; baseline -0.005 -7"><span class='ocrx_word' id='word_1_806' title='bbox 1063 2459 1116 2494; x_wconf 84' lang='grc' dir='ltr'>γὰρ</span> <span class='ocrx_word' id='word_1_807' title='bbox 1132 2459 1245 2494; x_wconf 83' lang='grc' dir='ltr'>μάταια,</span> <span class='ocrx_word' id='word_1_808' title='bbox 1268 2468 1277 2485; x_wconf 80' lang='grc' dir='ltr'><strong>ι</strong></span> <span class='ocrx_word' id='word_1_809' title='bbox 1294 2458 1428 2489; x_wconf 78' lang='grc' dir='ltr'>τουτέστι,</span> <span class='ocrx_word' id='word_1_810' title='bbox 1443 2457 1476 2483; x_wconf 79' lang='grc' dir='ltr'>τὰ</span> <span class='ocrx_word' id='word_1_811' title='bbox 1495 2456 1603 2484; x_wconf 81' lang='grc' dir='ltr'>εἴδωλα.</span> <span class='ocrx_word' id='word_1_812' title='bbox 1625 2465 1634 2481; x_wconf 71' lang='grc' dir='ltr'>α</span> <span class='ocrx_word' id='word_1_813' title='bbox 1647 2456 1816 2491; x_wconf 85' lang='grc' dir='ltr'>Ἐτάραττον</span> <span class='ocrx_word' id='word_1_814' title='bbox 1829 2456 1858 2483; x_wconf 70' lang='grc' dir='ltr'>δὲ</span> 
     </span>
    </p>
   </div>
   <div class='ocr_carea' id='block_1_110' title="bbox 1063 2501 1856 2540">
    <p class='ocr_par' dir='ltr' id='par_1_110' title="bbox 1063 2501 1856 2540">
     <span class='ocr_line' id='line_1_110' title="bbox 1063 2501 1856 2540; baseline -0.004 -9"><span class='ocrx_word' id='word_1_815' title='bbox 1063 2506 1109 2532; x_wconf 79' lang='grc' dir='ltr'>καὶ</span> <span class='ocrx_word' id='word_1_816' title='bbox 1129 2505 1212 2540; x_wconf 77' lang='grc' dir='ltr'>ὕδωρ,</span> <span class='ocrx_word' id='word_1_817' title='bbox 1232 2515 1240 2530; x_wconf 85' lang='grc' dir='ltr'><strong>ι</strong></span> <span class='ocrx_word' id='word_1_818' title='bbox 1257 2504 1392 2535; x_wconf 76' lang='grc' dir='ltr'>τουτέστι,</span> <span class='ocrx_word' id='word_1_819' title='bbox 1412 2503 1570 2538; x_wconf 77' lang='grc' dir='ltr'>συγχύσεως</span> <span class='ocrx_word' id='word_1_820' title='bbox 1583 2501 1694 2538; x_wconf 84' lang='grc' dir='ltr'>ἀφορμὴ</span> <span class='ocrx_word' id='word_1_821' title='bbox 1715 2503 1773 2533; x_wconf 88' lang='grc' dir='ltr'>τοῖς</span> <span class='ocrx_word' id='word_1_822' title='bbox 1788 2503 1856 2536; x_wconf 83' lang='grc' dir='ltr'>ἁγε-</span> 
     </span>
    </p>
   </div>
   <div class='ocr_carea' id='block_1_111' title="bbox 1063 2547 1855 2585">
    <p class='ocr_par' dir='ltr' id='par_1_111' title="bbox 1063 2547 1855 2585">
     <span class='ocr_line' id='line_1_111' title="bbox 1063 2547 1855 2585; baseline -0.006 -8"><span class='ocrx_word' id='word_1_823' title='bbox 1063 2551 1149 2583; x_wconf 86' lang='grc' dir='ltr'>λαίοις</span> <span class='ocrx_word' id='word_1_824' title='bbox 1172 2550 1325 2585; x_wconf 85' lang='grc' dir='ltr'>γεγόνασιν.</span> <span class='ocrx_word' id='word_1_825' title='bbox 1339 2550 1436 2576; x_wconf 85' lang='grc' dir='ltr'>’Ύδατι</span> <span class='ocrx_word' id='word_1_826' title='bbox 1464 2549 1518 2585; x_wconf 87' lang='grc' dir='ltr'>γὰρ</span> <span class='ocrx_word' id='word_1_827' title='bbox 1537 2548 1717 2585; x_wconf 80' lang='grc' dir='ltr'>παρεικάζειν</span> <span class='ocrx_word' id='word_1_828' title='bbox 1741 2547 1804 2578; x_wconf 77' lang='grc' dir='ltr'>ἔθος</span> <span class='ocrx_word' id='word_1_829' title='bbox 1823 2548 1855 2582; x_wconf 83' lang='grc' dir='ltr'>τῇ</span> 
     </span>
    </p>
   </div>
   <div class='ocr_carea' id='block_1_112' title="bbox 1063 2592 1854 2632">
    <p class='ocr_par' dir='ltr' id='par_1_112' title="bbox 1063 2592 1854 2632">
     <span class='ocr_line' id='line_1_112' title="bbox 1063 2592 1854 2632; baseline -0.006 -9"><span class='ocrx_word' id='word_1_830' title='bbox 1063 2598 1131 2632; x_wconf 73' lang='grc' dir='ltr'>ἁγίᾳ</span> <span class='ocrx_word' id='word_1_831' title='bbox 1145 2597 1241 2632; x_wconf 60' lang='grc' dir='ltr'>Γραφῇ</span> <span class='ocrx_word' id='word_1_832' title='bbox 1261 2596 1310 2631; x_wconf 74' lang='grc' dir='ltr'>τὴν</span> <span class='ocrx_word' id='word_1_833' title='bbox 1325 2595 1479 2631; x_wconf 83' lang='grc' dir='ltr'>ἀμέτρητον</span> <span class='ocrx_word' id='word_1_834' title='bbox 1497 2594 1551 2620; x_wconf 87' lang='grc' dir='ltr'>τῶν</span> <span class='ocrx_word' id='word_1_835' title='bbox 1569 2593 1720 2628; x_wconf 85' lang='grc' dir='ltr'>ἀνθρώπων</span> <span class='ocrx_word' id='word_1_836' title='bbox 1738 2592 1854 2628; x_wconf 80' lang='grc' dir='ltr'>πληθύν.</span> 
     </span>
    </p>
   </div>
   <div class='ocr_carea' id='block_1_113' title="bbox 1063 2637 1858 2677">
    <p class='ocr_par' dir='ltr' id='par_1_113' title="bbox 1063 2637 1858 2677">
     <span class='ocr_line' id='line_1_113' title="bbox 1063 2637 1858 2677; baseline -0.009 -8"><span class='ocrx_word' id='word_1_837' title='bbox 1063 2643 1119 2669; x_wconf 79' lang='grc' dir='ltr'>Καὶ</span> <span class='ocrx_word' id='word_1_838' title='bbox 1133 2642 1198 2676; x_wconf 80' lang='grc' dir='ltr'>γοῦν</span> <span class='ocrx_word' id='word_1_839' title='bbox 1213 2641 1433 2677; x_wconf 84' lang='grc' dir='ltr'>πολυανδρούσης</span> <span class='ocrx_word' id='word_1_840' title='bbox 1449 2640 1518 2674; x_wconf 79' lang='grc' dir='ltr'>ἄγαν</span> <span class='ocrx_word' id='word_1_841' title='bbox 1531 2639 1579 2674; x_wconf 83' lang='grc' dir='ltr'><strong>τῆς</strong></span> <span class='ocrx_word' id='word_1_842' title='bbox 1596 2637 1790 2669; x_wconf 77' lang='grc' dir='ltr'>Βαϐυλωνίων,</span> <span class='ocrx_word' id='word_1_843' title='bbox 1812 2637 1858 2663; x_wconf 83' lang='grc' dir='ltr'>καὶ</span> 
     </span>
    </p>
   </div>
   <div class='ocr_carea' id='block_1_114' title="bbox 1061 2679 1858 2724">
    <p class='ocr_par' dir='ltr' id='par_1_114' title="bbox 1061 2679 1858 2724">
     <span class='ocr_line' id='line_1_114' title="bbox 1061 2679 1858 2724; baseline -0.008 -9"><span class='ocrx_word' id='word_1_844' title='bbox 1061 2688 1168 2719; x_wconf 82' lang='grc' dir='ltr'>Νινευῖ,</span> <span class='ocrx_word' id='word_1_845' title='bbox 1190 2688 1267 2724; x_wconf 74' lang='grc' dir='ltr'>φησὶ,</span> <span class='ocrx_word' id='word_1_846' title='bbox 1299 2697 1308 2713; x_wconf 75' lang='grc' dir='ltr'>ι</span> <span class='ocrx_word' id='word_1_847' title='bbox 1334 2688 1371 2719; x_wconf 83' lang='grc' dir='ltr'>ὡς</span> <span class='ocrx_word' id='word_1_848' title='bbox 1398 2679 1576 2722; x_wconf 74' lang='grc' dir='ltr'>κολυμϐήθρα</span> <span class='ocrx_word' id='word_1_849' title='bbox 1601 2684 1696 2715; x_wconf 81' lang='grc' dir='ltr'>ὓδατος</span> <span class='ocrx_word' id='word_1_850' title='bbox 1714 2683 1750 2710; x_wconf 87' lang='grc' dir='ltr'>τὰ</span> <span class='ocrx_word' id='word_1_851' title='bbox 1773 2683 1858 2710; x_wconf 76' lang='grc' dir='ltr'>ὕδατα</span> 
     </span>
    </p>
   </div>
   <div class='ocr_carea' id='block_1_115' title="bbox 1064 2729 1856 2769">
    <p class='ocr_par' dir='ltr' id='par_1_115' title="bbox 1064 2729 1856 2769">
     <span class='ocr_line' id='line_1_115' title="bbox 1064 2729 1856 2769; baseline -0.005 -9"><span class='ocrx_word' id='word_1_852' title='bbox 1064 2735 1161 2769; x_wconf 78' lang='grc' dir='ltr'>αὐτῆς,</span> <span class='ocrx_word' id='word_1_853' title='bbox 1181 2743 1189 2758; x_wconf 83' lang='grc' dir='ltr'>ι</span> <span class='ocrx_word' id='word_1_854' title='bbox 1212 2735 1273 2761; x_wconf 78' lang='grc' dir='ltr'>ἀντὶ</span> <span class='ocrx_word' id='word_1_855' title='bbox 1289 2733 1347 2765; x_wconf 89' lang='grc' dir='ltr'>τοῦ,</span> <span class='ocrx_word' id='word_1_856' title='bbox 1364 2733 1402 2764; x_wconf 87' lang='grc' dir='ltr'>ὡς</span> <span class='ocrx_word' id='word_1_857' title='bbox 1417 2731 1595 2767; x_wconf 77' lang='grc' dir='ltr'>κολυμϐήθρα</span> <span class='ocrx_word' id='word_1_858' title='bbox 1612 2730 1722 2766; x_wconf 82' lang='grc' dir='ltr'>πλήρης</span> <span class='ocrx_word' id='word_1_859' title='bbox 1738 2729 1856 2761; x_wconf 74' lang='grc' dir='ltr'>ὑδάτων.</span> 
     </span>
    </p>
   </div>
   <div class='ocr_carea' id='block_1_116' title="bbox 1061 2775 1856 2815">
    <p class='ocr_par' dir='ltr' id='par_1_116' title="bbox 1061 2775 1856 2815">
     <span class='ocr_line' id='line_1_116' title="bbox 1061 2775 1856 2815; baseline -0.006 -9"><span class='ocrx_word' id='word_1_860' title='bbox 1061 2780 1131 2807; x_wconf 70' lang='grc' dir='ltr'>οὕτω</span> <span class='ocrx_word' id='word_1_861' title='bbox 1147 2780 1177 2806; x_wconf 85' lang='grc' dir='ltr'><strong>τὸ</strong></span> <span class='ocrx_word' id='word_1_862' title='bbox 1205 2780 1305 2815; x_wconf 82' lang='grc' dir='ltr'>πλῆθος</span> <span class='ocrx_word' id='word_1_863' title='bbox 1332 2779 1425 2813; x_wconf 75' lang='grc' dir='ltr'>αὐτῆς.</span> <span class='ocrx_word' id='word_1_864' title='bbox 1451 2778 1497 2810; x_wconf 86' lang='grc' dir='ltr'>Ἦ,</span> <span class='ocrx_word' id='word_1_865' title='bbox 1527 2777 1587 2804; x_wconf 82' lang='grc' dir='ltr'>καθ’</span> <span class='ocrx_word' id='word_1_866' title='bbox 1616 2776 1711 2812; x_wconf 71' lang='grc' dir='ltr'>ἕτερον</span> <span class='ocrx_word' id='word_1_867' title='bbox 1740 2775 1856 2811; x_wconf 81' lang='grc' dir='ltr'>τρόπον,</span> 
     </span>
    </p>
   </div>
   <div class='ocr_carea' id='block_1_117' title="bbox 1309 2865 1546 2898">
    <p class='ocr_par' dir='ltr' id='par_1_117' title="bbox 1309 2865 1546 2898">
     <span class='ocr_line' id='line_1_117' title="bbox 1309 2865 1546 2898; baseline -0.004 -7"><span class='ocrx_word' id='word_1_868' title='bbox 1309 2866 1331 2881; x_wconf 84' lang='lat'>&quot;</span> <span class='ocrx_word' id='word_1_869' title='bbox 1348 2865 1454 2892; x_wconf 74' lang='lat' dir='ltr'><strong>Nahum</strong></span> <span class='ocrx_word' id='word_1_870' title='bbox 1472 2873 1502 2898; x_wconf 89' lang='grc' dir='ltr'>ιι,</span> <span class='ocrx_word' id='word_1_871' title='bbox 1520 2865 1546 2892; x_wconf 80' lang='lat'><strong>8.</strong></span> 
     </span>
    </p>
   </div>
  </div>
