1913 3042
126 143 176 172 173
586 143 862 173 COMMENTARIUS
881 144 913 172 IN

935 144 1022 174 OSEA
1028 144 1050 173 Μ
1072 145 1292 174 PROPIIETAM.
1698 149 1749 177 174

123 203 272 239 ἐτάραττον
303 202 387 238 ὕδωρ.
421 203 608 238 τεθολωμένην
639 203 733 238 ὥσπερ
768 204 830 230 τινὰ
865 204 912 230 καὶ

968 205 1033 232 cium
1049 209 1154 232 mentes
1177 204 1370 232 incrassantes.
1391 204 1529 232 Doeebant
1543 204 1615 232 enim
1637 206 1751 236 a-lorarc

122 249 215 282 ίλιώδη
240 247 416 275 διδασκαλίαν
439 249 495 280 τοῖς
517 248 661 285 προσιοῦσι
686 249 840 285 προθέντες,
867 250 913 276 καὶ

125 294 166 321 τὸν
181 293 238 320 τῶν
258 293 461 329 ἁκεραιοτέρων
486 294 649 329 παχύνοντες
667 295 739 323 νοῦν.
761 294 913 321 Ἐδίδαοκον

125 340 175 375 γὰρ
192 338 292 367 εἴδωλα
305 341 480 375 προσκυνεῖν.
497 340 552 368 Καὶ
573 339 639 374 γοῦν
657 340 702 367 διὰ
725 340 818 375 φωνῆς
834 339 914 372 Ἰεζε-

122 385 183 421 χιὴλ
196 385 295 422 ᾐτιᾶτο
318 385 400 413 πάλιν
414 386 513 417 αὐτοὺς
526 386 541 412 ὁ
557 385 611 412 τῶν
623 386 692 412 ὅλων
711 385 793 418 Θεὸς,
809 386 856 413 καὶ
876 385 914 418 ὡς

122 431 191 466 πρὸς
208 431 317 465 κριοὺς,
334 431 382 458 καὶ
404 431 454 466 τῆς
469 431 571 466 ἀγέλης
594 432 753 468 καθηγητὰς
772 432 914 469 προσεφώ-

122 483 173 507 νει,
190 475 279 510 λέγων
290 483 297 490 ·
321 484 331 500 t
348 476 404 504 Καὶ
419 476 498 511 ὑμεῖς
515 476 650 514 πρόϐατα,
671 477 733 504 τάδε
756 476 830 511 λέγει
854 477 914 505 Κύ-

123 529 194 557 ριος*
218 521 284 548 ’ἰδοὺ
312 522 368 556 ἐγὼ
389 522 520 558 διαχρίνω
545 522 681 558 ἀναμέσον
705 523 842 559 προϐάτου
867 524 914 551 καὶ

123 567 276 603 προϐάτου,
294 568 343 595 καὶ
362 567 458 603 κριῶν,
479 567 526 595 καὶ
542 568 662 604 τράγων.
681 569 736 596 Καὶ
751 569 800 604 οὐχ
823 569 914 597 ἰκανὸν

122 614 199 649 ὑμῖν,
214 613 255 641 ὅτι
276 613 326 650 τὴν
340 614 427 650 καλὴν
442 615 528 650 νομὴν
552 615 692 650 ὲνέμεσθε.
712 616 767 643 Καὶ
782 616 817 643 τὰ
831 616 914 643 κατά-

122 659 205 686 λοιπα
218 660 270 695 τῆς
281 661 368 695 νομῆς
380 662 560 688 κατεπατεῖτε
576 662 632 694 τοῖς
645 661 711 688 ποσὶ
724 661 812 697 ὑμῶν,
825 662 872 689 καὶ
884 662 915 688 τὸ

86 703 88 705 ’
123 703 298 739 καθεστηκὸς
313 703 386 740 ὕδωρ
404 703 522 736 ὲπίνετε,
538 705 586 731 καὶ
607 705 638 732 τὺ
651 704 744 732 λοιπὸν
765 707 822 738 τοῖς
836 706 915 733 ποσὶν

122 749 201 785 ὑμῶν
213 749 390 785 ἑταράσσετε,
405 750 453 778 κα)⁸
466 749 501 778 τὰ
513 750 638 786 πρόϐατά
649 759 700 787 μου
714 751 748 779 τὰ
764 752 836 787 πατή
841 760 915 786 ματα

123 795 177 821 τῶν
194 795 286 822 ποδῶν
305 794 383 830 ὑμῶν
417 794 564 830 ἐνέμοντο,
592 795 641 822 καὶ
662 794 692 821 τὸ
711 795 915 830 τεταραγμένον

124 840 197 876 ὕδωρ
210 840 264 867 ὑπὸ
281 841 335 868 τῶν
349 840 439 868 ποδῶν
453 840 531 876 ὑμῶν
546 840 845 876 ἔπι.νον.ιΝομομαθεῖς
859 841 914 876 γὰρ

122 888 199 919 ὅντες
215 888 241 914 οἱ
254 888 284 921 ἐξ
297 887 412 923 αἵματος
432 887 509 919 Aeni,
525 887 573 914 καὶ
595 886 741 922 καλλίστην
764 886 859 922 ὥσπερ
873 896 915 914 νο-

124 933 189 970 μὴν,
213 933 313 960 λεπτόν
332 942 364 960 τε
387 933 434 961 καὶ
458 932 554 965 διειδὲς
576 932 683 968 ἔχοντες
699 931 788 968 ὕδωρ,
805 933 855 968 τὴν
871 933 915 960 διὰ

123 978 247 1010 Μωσέως
263 978 402 1006 παίδευσιν
428 978 479 1006 οὐκ
501 977 637 1009 άνικάνως
656 977 770 1012 ἔχουσαν
788 977 915 1012 ποδηγεῖν

123 1025 163 1056 εις
180 1024 321 1060 ἀλήθειαν,
348 1024 517 1052 κατεπάτουν
541 1023 640 1059 τρόπον
661 1022 722 1050 τινὰ
744 1023 794 1059 τὴν
817 1023 921 1058 votui-ﬁ,

123 1070 323 1104 συνετάραττον
349 1069 378 1097 δὲ
401 1068 448 1097 καὶ
472 1068 502 1096 τὸ
525 1068 608 1104 ὕδωρ,
624 1068 740 1104 παχεῖάν
761 1076 836 1101 τινα,
869 1069 916 1094 καὶ

125 1115 229 1150 ίλιώδη,
255 1116 302 1143 καὶ
319 1114 438 1150 γεώδους
459 1114 630 1150 ἀκαθαρσίας
653 1113 778 1149 ἔμπλεων
800 1122 916 1150 παρατι-

121 1161 218 1194 θέντες
237 1161 423 1193 διδασκαλίαν,
438 1162 496 1193 τοῖς
510 1161 538 1187 ὲν
558 1160 633 1193 τάξει
646 1160 789 1196 προϐάτων
803 1160 913 1187 ἀκολου-

122 1207 216 1234 θοῦσιν
230 1207 324 1239 αὐτοῖς
338 1207 377 1239 ὡς
395 1207 491 1242 κριοῖς.
511 1204 705 1240 Ἐγκαλοῦνται
720 1205 809 1232 τοίνυν
823 1205 847 1232 οἱ
864 1206 914 1240 τῆς

123 1252 231 1280 Γαλαὰδ
267 1253 374 1280 πολῖται
413 1252 461 1279 καὶ
490 1252 645 1287 οἰκήτορες,
668 1251 707 1283 ὡς
735 1250 913 1287 ταράττοντες

122 1299 208 1335 ὓδωρ,
226 1298 383 1334 ἐλέγχονται
406 1298 436 1325 δὲ
459 1298 506 1325 καὶ
532 1298 571 1330 ὡς
594 1297 670 1332 ἰσχὺν
692 1296 800 1332 ἔχοντες
816 1296 914 1332 ἀνδρὸς

122 1347 212 1382 σαφὲς
225 1346 446 1381 καταστήσομεν,
463 1344 498 1372 τὰ
510 1343 609 1378 ἐφεξῆς
623 1343 832 1378 ἑρμηνεύοντες.

158 1393 316 1427 Ἕκρυψαν
333 1391 421 1426 ἱερεῖς
443 1391 526 1424 ὁδὸν,
546 1390 719 1425 ἐφόνευσαν
738 1390 855 1424 Σίκιμα,
869 1389 915 1416 ὅτι

120 1441 254 1475 ἀνομίαν
272 1439 423 1473 ἐποίησαν
443 1438 478 1465 ἐν
492 1437 534 1471 τῷ
556 1437 629 1470 οἴκῳ
644 1436 698 1464 τοῦ
717 1435 846 1470 Ἰσραήλ.
863 1434 913 1463 Εἴ-

121 1487 179 1514 δον
191 1485 323 1521 φρικώδη
338 1484 411 1516 ἐκεῖ,
420 1484 563 1519 πορνείαν
577 1483 630 1511 τοῦ
646 1483 777 1518 Ἑφραῒμ,
788 1482 913 1517 ἐμιάνθη

129 1531 251 1565 Ἰσραὴλ
263 1530 314 1557 καὶ
334 1529 441 1557 Ἰούδα.

157 1576 222 1604 ΞΗ¹.
243 1575 378 1611 Ἱστοριῶν
392 1574 448 1602 ἔσθ’
463 1575 508 1602 ὅτε
530 1575 611 1602 τινῶν
629 1575 644 1602 ὀ
667 1573 722 1601 τῶν
744 1573 830 1608 ἁγίων
850 1582 913 1609 προ-

123 1622 219 1657 (ξητῶν
239 1621 421 1656 διαμέμνηται
440 1619 533 1654 λόγος,
550 1619 582 1652 ἃς
597 1619 678 1655 εἴπερ
690 1627 731 1650 τις
746 1618 833 1645 ’ἐλοιτο
850 1627 915 1646 σιω-

126 1669 192 1703 πᾷν,
213 1667 268 1694 οὐδ’
282 1667 316 1695 ἂν
340 1666 449 1694 δύναιτο
464 1666 624 1702 διατρανοῦν
638 1665 692 1692 τῶν
704 1665 857 1701 εἰρημένων
870 1663 916 1691 τὸν

123 1713 198 1741 νοῦν.
221 1714 282 1749 Χρὴ
306 1712 450 1748 τοιγαροῦν
470 1713 549 1739 δκνου
583 1711 633 1747 μὲν
662 1709 732 1738 εἶναι
759 1710 915 1746 κρείττονας

125 1761 190 1791 τοὺς
203 1759 240 1786 τὰ
256 1759 345 1786 τοιάδε
366 1758 459 1794 σαφῶς
479 1757 667 1794 διερμηνεύειν
680 1757 832 1788 ἐθέλοντας,
846 1764 915 1783 παν-

123 1805 239 1841 ταχόθεν
259 1805 288 1831 δὲ
312 1806 368 1836 τοῖς
389 1804 574 1840 ἀκροωμένοις
593 1803 623 1830 τὸ
638 1802 734 1829 τελοῦν
760 1803 800 1834 είς
823 1802 916 1838 ὄνησιν

122 1849 322 1885 ἐξεργάζεσθαι
339 1849 436 1883 φιλεῖν.
452 1849 587 1886 Ταύτῃτοι
606 1848 653 1875 καὶ
666 1847 714 1875 νῦν
728 1847 774 1875 ἐπί
786 1856 813 1874 τι
826 1847 915 1874 τοιοῦ-
939 1875 941 1877 _

122 1904 169 1922 τον
180 1896 294 1931 ἥξομεν.
306 1895 407 1931 Σίκιμα
416 1895 503 1921 τοίνυν
518 1894 630 1929 πολίχνη
645 1894 687 1926 τίς
703 1894 777 1920 ἐστιν
787 1893 916 1920 ἐπέκεινα

123 1942 177 1968 τῶν
193 1942 328 1977 Ἰορδάνου
355 1941 483 1976 ναμάτων
502 1949 532 1967 τε
554 1941 601 1967 καὶ
622 1941 722 1975 ὅμορος
743 1941 777 1975 τῇ
798 1938 914 1971 Γαλαὰδ,

123 1988 157 2022 ῆν
171 1989 230 2019 τοῖς
253 1987 283 2021 ἐξ
303 1986 419 2022 αἵματος
432 1986 480 2013 τοῦ
505 1985 572 2013 Aeni
593 1985 714 2013 δεδόσθαι
737 1984 914 2020 προείπομεν,

121 2033 298 2068 διανέμοντος
311 2033 361 2068 τῆς
371 2031 538 2066 ἐπαγγελίας
549 2030 597 2066 τὴν
607 2031 658 2067 γῆν
665 2029 753 2066 Ἰησοῦ
764 2030 810 2057 τοῦ
823 2029 913 2064 Ναυῆ.

123 2079 288 2114 Συμϐέϐηκε
311 2079 412 2109 τοίνυν.
434 2078 532 2113 ἑορτῆς
547 2076 631 2112 οὔσης
656 2076 748 2111 ἁγίας,
772 2076 822 2111 τῆς
844 2074 915 2101 κατὰ

123 2126 206 2161 νόμον
234 2124 434 2159 σκηνοπηγίας,
454 2123 535 2159 φημὶ,
558 2124 603 2150 ὅτε
622 2123 727 2154 πάντας
742 2120 914 2156 πανταχόθεν

122 2171 282 2200 ἀναϐαίνειν
298 2168 332 2206 ῆν
351 2170 412 2202 ἔθος
433 2170 473 2202 εἰς
493 2169 684 2205 Ἰεροσόλυμα,
708 2168 754 2195 καὶ
769 2168 849 2194 τοῦτο
867 2166 914 2194 τοῦ

123 2218 205 2253 νόμου
231 2216 375 2253 τηρεῖσθαι
400 2215 614 2252 προστάττοντος
625 2236 632 2246 ,
647 2214 702 2242 τῶν
723 2214 777 2241 ἀπὸ
793 2213 914 2249 Σικίμων

124 2264 209 2296 τινάς,
228 2263 246 2299 ἢ
262 2261 491 2297 κατανυχθέντας,
507 2261 554 2289 καὶ
571 2262 619 2288 ἐπὶ
630 2263 664 2297 τῇ
682 2259 813 2296 πλανήσει
828 2269 914 2296 μετα-

119 2310 318 2344 γινώσκοντας,
334 2309 417 2344 ἠγουν
433 2308 480 2335 καὶ
495 2308 534 2339 είς
546 2307 626 2343 νῆψιν
641 2306 826 2342 κεκλημένους
838 2305 914 2340 παρὰ

119 2355 202 2387 Θεοῦ,
228 2355 322 2382 λοιπὸν
343 2354 471 2389 ὲθελῆσαι
490 2355 547 2385 τοῖς
570 2353 652 2385 θείοις
668 2354 791 2380 ὑπείκειν
810 2353 912 2389 νόμοις,

120 2403 167 2429 καὶ
182 2401 321 2436 ἀναϐῆναι
346 2401 438 2436 ζητεῖν
458 2401 498 2432 είς
517 2399 703 2436 Ἰεροσόλυμα,
721 2399 865 2434 βούλεσθαί
883 2407 913 2425 τε

120 2448 216 2479 θυσίας
232 2447 394 2482 προσάγειν,
410 2448 457 2473 καὶ
471 2445 521 2481 τὴν
537 2445 609 2473 κατὰ
622 2445 721 2481 νόμους
735 2445 832 2481 ἑορτὴν
842 2446 911 2472 ἀπο-

119 2494 263 2530 περαίνειν
291 2493 359 2519 ἐκεῖ.
382 2492 469 2519 Τοῦτο
487 2491 516 2518 δὲ
539 2489 574 2527 ἦν
595 2491 666 2527 ἀρχή
685 2499 727 2522 τις
744 2490 838 2526 ὥσπερ
853 2491 913 2517 ἑπι-

120 2540 253 2575 στροφῆς.
268 2537 316 2565 καὶ
327 2537 375 2564 τοῦ
392 2536 561 2572 καταλήγειν
573 2535 620 2563 τοῦ
633 2535 812 2571 προσκεῖσθαι
823 2535 912 2562 θέλειν

119 2586 177 2618 ταῖς
203 2584 260 2611 τῶν
286 2583 406 2611 εἰδώλων
422 2582 570 2619 λατρείαις.
592 2582 652 2610 Ἵνα
668 2581 723 2617 γὰρ
748 2581 785 2617 μὴ
811 2581 912 2609 θυσιῶν

118 2631 199 2658 ἕνεκά
214 2639 245 2657 τε
268 2630 317 2657 καὶ
333 2629 436 2665 ἑορτῶν
450 2628 504 2655 τῶν
527 2629 598 2656 κατὰ
617 2628 699 2663 νόμον
726 2628 911 2655 ἀναϐαίνωσιν

116 2678 149 2704 ἐκ
168 2678 220 2713 τῆς
240 2676 402 2712 Σαμαρείας
423 2675 464 2707 είς
488 2675 661 2711 Ἱεροσόλυμα
684 2673 738 2701 τῶν
753 2674 783 2706 ἐξ
803 2675 912 2710 Ἰσραήλ

115 2730 197 2754 τινες,
212 2722 353 2752 τουτέστι,
376 2720 430 2747 τῶν
445 2720 510 2747 δέκα
530 2719 632 2754 φυλῶν,
653 2716 713 2746 εἶτα
734 2719 804 2746 κατὰ
822 2719 910 2754 βραχὺ

117 2768 279 2802 μεταθοῖντο
298 2767 367 2802 πρὸς
380 2765 410 2793 τὺ
424 2766 453 2792 ὲν
468 2767 576 2801 ἀρχαῖς,
591 2766 637 2792 καὶ
655 2765 707 2791 ὑπό
717 2774 749 2799 γε
760 2766 809 2801 τὴν
826 2765 911 2792 Ἰούδα

149 2859 172 2876 "
186 2859 291 2887 Ezech.
311 2864 405 2890 xxxiv,
431 2856 522 2884 l7-l9.
561 2856 583 2872 '3
597 2855 684 2884 Judir'.
699 2863 736 2888 tx,
749 2855 792 2883 26.

965 248 1043 275 idola.
1058 248 1146 282 Quare
1162 257 1209 284 per
1224 248 1393 277 Ezechielem
1405 249 1593 277 universorum
1609 250 1679 279 Deus
1691 260 1739 279 rur

964 301 1024 321 sum
1038 300 1085 320 eos
1101 299 1210 322 accusat
1231 299 1259 322 et
1275 294 1356 322 veluti
1378 294 1490 328 arietes,
1503 299 1532 322 et
1554 296 1645 331 gregis
1667 296 1751 325 duces

965 339 1036 366 hunc
1048 340 1073 365 in
1092 340 1200 366 modum
1214 347 1260 368 eos
1271 340 1415 375 compellat
1429 349 1436 368 :
1454 350 1463 366 ε
1484 341 1518 369 Ει
1531 349 1578 369 vos
1595 349 1659 370 oves
1673 350 1750 375 mete,

965 385 1022 412 inec
1036 385 1101 412 dicit
1117 385 1247 412 Dominus
1260 395 1267 412 :
1284 386 1352 413 Ecce
1366 394 1414 421 ego
1425 386 1580 421 dijudicabo
1591 387 1662 417 inter
1674 396 1752 416 ovem

964 435 991 456 et
1003 437 1091 462 ovem,
1101 430 1203 458 arietes
1214 431 1292 466 102
1305 435 1332 458 et
1346 432 1445 460 hircos.
1467 432 1498 461 Et
1512 441 1564 461 non
1583 434 1650 462 satis
1664 435 1752 468 vobis.

964 476 1027 510 quia
1041 476 1141 503 bonum
1156 481 1262 510 pastum
1280 477 1444 511 pasceltatis.
1460 478 1494 505 Et
1516 479 1642 514 reliquias
1659 487 1753 515 pastus

965 521 1050 548 vestri
1066 520 1270 549 conculcabatis
1284 521 1399 556 pedibus
1414 523 1525 556 vestris,
1542 530 1568 552 et
1581 526 1752 558 purissimam

965 573 1064 599 aquam
1079 565 1226 598 bibebatis,
1242 571 1271 594 et
1285 566 1418 602 reliquum
1438 569 1538 595 vestris
1561 569 1675 604 pedibus
1695 576 1754 598 tur-

964 610 1090 643 babatis;
1104 616 1131 638 et
1140 619 1204 639 oves
1218 618 1285 640 mea:
1296 613 1520 641 conculcamenta
1536 615 1632 648 pedum
1648 614 1754 643 vestro-

965 665 1024 684 rum
1043 658 1236 691 pascebantur.
1261 662 1289 686 et
1318 659 1456 686 turbatam
1488 667 1585 694 aquam
1604 668 1619 686 a
1640 661 1756 695 pedibus

965 703 1066 730 vestris
1079 703 1209 730 bibebant
1224 703 1258 730 ".
1277 712 1287 730 ι
1306 703 1419 733 Oriundi
1435 705 1508 732 enim
1521 705 1554 732 de
1576 705 1657 734 domo
1677 707 1755 739 Leri.

965 755 1027 775 cum
1046 753 1140 775 essent
1156 748 1316 784 legisperiti,
1338 748 1523 783 haberentque
1537 749 1612 777 velut
1631 750 1758 784 pulcher-

967 791 1035 818 rima
1053 799 1163 826 pascua,
1182 797 1346 828 tenuemque
1361 799 1387 820 et
1404 793 1566 828 pellucidam
1581 802 1679 829 aquam
1695 803 1758 823 eru-

966 837 1096 865 ditionem
1125 837 1282 872 Mosaieam,
1308 846 1369 874 qua:
1392 840 1425 866 ad
1451 840 1638 869 deducendum
1661 848 1710 869 eos
1728 842 1756 869 in

932 879 953 907 Β
966 883 1035 910 viam
1047 883 1172 912 veritatis
1185 884 1332 916 sulﬁceret,
1344 885 1543 914 conculcabant
1557 886 1757 921 quodammodo

967 936 1079 963 pascua,
1105 934 1132 957 et
1157 937 1254 964 aquam
1286 930 1497 964 conturbabant,
1521 938 1643 959 crassam
1662 939 1758 967 quam-

967 974 1029 1002 dam
1048 979 1075 1002 et
1089 974 1225 1007 limosum,
1249 979 1278 1001 et
1302 979 1416 1002 terrena:
1441 976 1515 1003 fmcis
1528 976 1635 1011 plenam
1657 978 1759 1005 doctri-

968 1027 1031 1047 nam
1057 1021 1228 1054 exhibentes,
1257 1021 1330 1056 ipsos
1349 1025 1476 1056 tauquam
1502 1029 1567 1050 oves
1591 1023 1691 1050 arietes
1712 1031 1758 1051 se-

967 1068 1124 1103 quentibus.
1141 1067 1350 1103 Bedarguunlur
1365 1068 1457 1103 itaque
1471 1068 1546 1096 cives
1559 1073 1586 1096 et
1597 1068 1693 1096 incola:
1704 1069 1759 1097 Ga-

969 1113 1031 1142 laad
1054 1118 1084 1141 ut
1106 1114 1247 1142 turbantes
1269 1122 1388 1149 aquam;
1410 1120 1437 1142 et
1461 1115 1709 1150 reprehenduntur,
1725 1120 1756 1142 ut

968 1159 1156 1187 fortitudinem
1171 1167 1220 1186 seu
1243 1159 1325 1186 robur
1341 1159 1473 1188 habentes
1484 1160 1538 1187 viri
1555 1161 1660 1195 piratae.
1680 1161 1756 1194 Quod

965 1213 1019 1240 quo
1037 1209 1116 1241 pacto
1137 1205 1215 1234 nobis
1237 1205 1444 1241 intelligendum
1459 1206 1505 1240 sit,
1521 1207 1662 1242 sequentia
1675 1207 1760 1234 inter-

965 1255 1103 1286 pretantes
1119 1251 1327 1280 declarabimus.

933 1296 1072 1333 πειρατοῦ.
1098 1297 1160 1329 Πῶς
1180 1297 1202 1324 δ’
1214 1297 1247 1324 ἂν
1275 1297 1323 1324 καὶ
1341 1297 1419 1325 τοῦτο
1429 1297 1502 1334 ἡμᾶς
1514 1298 1633 1325 συνιέναι
1647 1297 1757 1334 πρέποι,

1004 1388 1087 1416 Vens.
1101 1388 1127 1422 9,
1144 1388 1187 1415 10.
1205 1388 1402 1417 Αῡεεοηάεηιηι
1415 1389 1564 1418 sacerdote:
1581 1391 1660 1425 viam,
1675 1393 1757 1420 inter-

966 1435 1083 1469 fecerunt
1100 1433 1227 1467 Sicltima,
1242 1434 1306 1469 quia
1321 1434 1488 1469 iniquitatem
1503 1435 1620 1470 fecerunt
1638 1437 1665 1464 in
1681 1439 1758 1465 doma

967 1480 1062 1508 Israel.
1083 1479 1145 1507 γΜί
1171 1470 1308 1513 horribilia
1327 1480 1374 1513 ibi,
1392 1480 1593 1516 fornicationem
1610 1481 1758 1517 Ephraim:

968 1525 1166 1551 contaminatus
1179 1529 1218 1551 est
1239 1523 1336 1556 Israel,
1351 1529 1374 1552 et
1385 1524 1484 1553 ludat.

1002 1569 1117 1598 LXVlll.
1148 1570 1346 1605 Nonnunquam
1367 1571 1543 1599 historiarum
1577 1574 1756 1607 quarumdam

968 1615 1093 1642 meminit
1108 1615 1283 1650 propheticus
1298 1623 1399 1650 sermo,
1415 1623 1482 1651 quas
1497 1617 1519 1644 si
1539 1619 1602 1653 quis
1618 1621 1758 1653 prmterirc

968 1661 1095 1694 voluerit,
1118 1663 1263 1690 verborum
1289 1664 1488 1699 propositorum
1507 1667 1670 1693 sententiam
1692 1676 1758 1695 enu-

967 1707 1057 1735 cleare
1072 1715 1125 1735 nou
1147 1709 1242 1744 possit.
1257 1708 1390 1743 Quocirca
1408 1710 1470 1738 talia
1487 1718 1624 1746 exponere
1645 1713 1757 1747 cupien-

968 1758 1021 1787 tes,
1036 1754 1179 1789 segnitiem
1196 1755 1231 1782 ab
1253 1762 1282 1783 se
1303 1760 1447 1785 amoveant
1461 1762 1578 1792 oportet,
1598 1763 1625 1786 et
1645 1760 1717 1794 quod
1732 1761 1758 1787 iu

968 1807 1024 1827 rem
1045 1801 1212 1828 audientium
1236 1801 1283 1833 sit,
1302 1802 1373 1829 unde
1393 1802 1464 1830 unde
1487 1803 1579 1831 labore
1593 1812 1642 1831 suo
1660 1813 1760 1840 reprae-

967 1849 1086 1873 sentem.
1102 1845 1173 1873 Hinc
1186 1851 1213 1874 et
1234 1848 1314 1874 modo
1329 1848 1362 1875 ad
1379 1848 1430 1876 tale
1444 1849 1573 1882 quiddam
1588 1850 1757 1878 delabuntur.

968 1891 1089 1920 Sichima
1107 1892 1189 1928 igitur
1209 1893 1368 1928 oppidulum
1395 1899 1438 1921 est
1454 1899 1529 1923 trans
1546 1895 1645 1922 ﬂuenta
1660 1896 1759 1924 Jordn-

968 1938 1009 1965 uis
1024 1938 1057 1970 ’⁸,
1078 1938 1206 1970 vicinum,
1229 1944 1255 1966 et
1275 1939 1381 1967 contine
1400 1939 1512 1971 Galaad,
1529 1949 1610 1976 quam
1627 1942 1689 1969 Levi
1710 1951 1758 1977 po-

967 1983 1048 2012 steris
1070 1984 1234 2019 assignatam
1255 1993 1336 2021 supra
1361 1985 1489 2020 diximus,
1514 1985 1577 2014 Jesu
1605 1987 1660 2016 tilio
1684 1988 1757 2016 Nave

969 2035 1069 2058 terram
1103 2031 1293 2065 promissionis
1321 2032 1511 2066 disperticnte.
1547 2032 1669 2068 Contigit
1692 2041 1758 2069 ergo

966 2085 1027 2104 cutn
1047 2077 1106 2105 dies
1121 2081 1231 2105 sanctus
1246 2082 1274 2104 et
1289 2077 1372 2105 festus
1395 2083 1522 2114 ageretur
1538 2087 1571 2106 ex
1593 2080 1758 2108 auetoritate

967 2123 1043 2158 legis,
1067 2122 1245 2158 Scenopegia,
1257 2123 1378 2158 inquam,
1392 2125 1500 2158 quando
1515 2132 1548 2152 ex
1566 2133 1644 2155 more
1656 2134 1751 2153 omnes

968 2169 1149 2204 undequaque
1185 2168 1400 2205 Hierosolymam
1439 2170 1496 2205 lege
1535 2171 1576 2198 sic
1613 2173 1758 2199 mandante

932 2210 951 2236 D
967 2215 1161 2246 ascendebant,
1182 2214 1313 2249 quosdam
1335 2215 1368 2242 de
1394 2215 1544 2244 Sicbimitis
1565 2220 1613 2244 attt
1630 2225 1759 2252 compun-

968 2266 1038 2293 ctos,
1062 2266 1090 2288 et
1111 2268 1192 2295 super
1215 2261 1373 2288 seductioue
1396 2269 1444 2288 sua
1467 2263 1641 2297 puenitentes,
1664 2270 1706 2290 aut
1724 2264 1757 2290 ad

967 2316 1061 2335 sanam
1077 2314 1194 2335 mentem
1211 2316 1226 2335 a
1244 2307 1300 2335 Deo
1312 2313 1423 2336 vocatos
1441 2310 1555 2343 posthac
1574 2310 1643 2338 velle
1657 2311 1757 2338 dit-iui;

968 2354 1073 2389 legibus
1112 2353 1253 2388 obsequi,
1288 2354 1497 2389 desiderareque
1537 2355 1753 2392 Hierosolymam

968 2401 1127 2432 ascendere,
1141 2405 1168 2427 et
1181 2400 1350 2432 sacriﬁcare,
1366 2399 1520 2433 festumque
1540 2409 1555 2428 a
1574 2401 1633 2436 lege
1648 2403 1757 2429 manda-

968 2450 1027 2473 tum
1050 2446 1136 2473 obire.
1160 2446 1249 2480 Atque
1270 2445 1322 2473 hoc
1345 2446 1531 2473 conversionis
1544 2451 1572 2474 ot
1595 2448 1756 2476 cessationis

966 2500 981 2518 a
998 2491 1070 2519 cultu
1087 2491 1233 2524 idolorum,
1248 2491 1291 2518 cui
1307 2498 1337 2519 se
1361 2491 1536 2526 devoverant,
1559 2492 1630 2520 velut
1657 2494 1758 2528 priuci«

966 2537 1039 2570 pium
1056 2541 1125 2566 erat.
1152 2537 1191 2565 Ne
1213 2538 1285 2565 enim
1306 2537 1502 2565 sacriﬁciorum
1529 2541 1556 2565 et
1578 2538 1639 2566 festi
1661 2545 1755 2569 causa,

967 2588 994 2609 ut
1011 2583 1054 2610 lex
1071 2583 1257 2618 praecipiebat,
1275 2583 1353 2619 103
1368 2591 1382 2611 e
1395 2583 1519 2611 Samaria
1541 2583 1756 2619 Hierosolymam

966 2633 1090 2662 peterent
1103 2636 1137 2656 ex
1154 2628 1253 2656 lsraele
1267 2629 1388 2663 quidam,
1412 2629 1462 2657 hoc
1480 2633 1532 2662 est,
1547 2636 1580 2656 ex
1601 2630 1694 2656 decem
1709 2630 1754 2656 tri-

966 2674 1063 2708 bubus,
1085 2683 1117 2703 ac
1131 2675 1230 2703 deinde
1243 2676 1374 2711 paulatim
1391 2676 1424 2703 ad
1439 2683 1531 2704 mores
1549 2675 1675 2710 antiquos
1695 2676 1756 2703 reli-

965 2721 1126 2757 gionemque
1143 2722 1276 2755 redirent,
1296 2727 1323 2750 et
1337 2723 1387 2750 sub
1407 2729 1492 2757 regno
1507 2721 1576 2750 Juda
1593 2725 1695 2755 essent,
1708 2729 1756 2749 ex-

965 2767 1094 2802 cogitavit
1123 2767 1200 2796 initio
1221 2768 1320 2796 vitulos
1345 2775 1445 2796 aureos
1475 2768 1631 2799 Jerohoam,
1656 2767 1756 2802 quibus
