1913 3042
176 136 227 164 175

667 137 695 163 S.
716 135 851 164 (Σλὶἱὶἱυὶιὶ
874 135 1106 164 ALEXANDRINI
1128 137 1286 166 AﬂClllEl’.

1750 138 1799 165 I76

173 197 294 224 sancitas
321 196 426 232 legibus
446 195 618 223 acrimonias
643 196 772 223 adhibere
790 196 880 231 jussit,
902 198 945 232 glo

1013 198 1132 232 γένοιντο
1148 198 1297 232 βασιλείαν,
1315 198 1460 232 ἐπενόησεν
1481 198 1508 224 ἐν
1527 197 1623 233 ἀρχαῖς
1639 198 1689 230 τὰς
1708 198 1797 232 δαμά-

173 243 240 269 riam
257 242 313 270 Deo
326 243 488 270 destinatam
506 241 562 268 suis
573 240 690 269 inventis
702 242 785 269 miser
797 243 956 277 decernens,

173 293 200 315 ut
218 288 270 316 sibi
284 295 394 323 regnum
408 293 485 314 suum
504 290 561 313 tuto
577 287 738 321 possideret,
754 293 781 316 et
805 289 874 316 Deus
895 297 957 324 pri»

172 334 238 368 priis
259 333 331 360 velut
347 331 529 360 fraudaretur.
547 332 619 368 Ergo
643 334 791 361 ascendere
809 334 959 370 Hierosoly-

171 387 240 406 mam
256 379 413 406 Sichitnitas
430 378 574 406 nonnullos
590 387 743 414 aggressos,
763 379 844 408 vicini
866 389 880 408 e
902 381 957 409 Ga-

170 426 229 452 laad
244 425 269 452 id
284 423 374 451 facere
393 424 590 458 prohibebant;
606 433 772 460 quanquam,
791 432 820 454 ut
844 427 910 460 dixi,
926 428 958 455 de

170 471 241 497 tribu
255 469 320 496 Levi
341 474 443 502 essent,
458 478 471 496 a
495 470 555 506 lege
577 471 611 498 ad
632 472 766 499 sacriﬁcia
788 474 905 500 curanda
932 479 958 501 et

169 515 314 543 factitanda
330 516 483 543 constituti.
498 516 630 550 Quoniam
655 522 745 545 autem
774 520 957 553 operabantur

151 582 157 591 ,
168 568 235 587 vana
249 561 321 595 (cum
336 561 452 589 artiﬁcio
467 562 539 589 enim
561 562 632 590 idola
647 563 863 600 fabricabantur)
879 565 955 599 quasi

168 613 212 633 ars
236 606 317 640 paulo
333 611 395 640 post
423 606 448 632 in
466 606 580 633 nihilum
605 607 671 641 ipsis
686 614 812 636 recasura
835 608 914 642 foret,
932 609 954 635 si

167 652 201 678 de
221 656 321 679 cmtero
338 651 419 679 Israel
441 651 574 679 idolorum
589 653 691 680 cultum
714 659 895 687 aversaretur,
915 655 954 681 ira

167 698 410 725 exacerbabantur.
429 697 460 724 Et
477 698 540 732 quia
556 698 647 726 verbis
667 707 721 727 non
747 700 953 734 persuadebunt,

167 743 200 770 ad
225 743 306 777 itnpia
325 742 437 770 consilia
458 748 485 769 et
505 742 575 770 facta
599 743 810 773 descendebant.
833 745 955 773 Colloca-

167 789 233 816 bant
244 788 316 816 enim
337 787 469 822 quosdam
486 787 512 814 in
532 788 622 816 medio
637 790 742 824 itinere,
758 791 802 825 qui
819 791 953 818 latronum

167 842 242 862 more
270 838 460 869 grassarentur
475 854 483 866 ,
504 839 531 861 et
554 834 712 863 Sichimitas
736 836 951 872 Hierosolymam

167 881 232 916 ipsis
254 882 345 909 invitis
361 883 507 911 ascendere
528 883 704 910 instituentes
726 888 887 911 mactarent.
901 883 951 917 Qui
969 874 989 901 Β

166 931 254 953 autem
272 927 354 955 salvis
380 928 540 963 corporibus
555 936 648 956 eorum
672 936 769 956 manus
783 928 950 963 effugissent,

165 973 287 1000 destituti
302 974 354 1006 his,
369 982 428 1008 qua:
444 974 476 1002 ad
490 974 654 1002 sacriﬁcium
677 976 867 1009 apportabant,
884 975 953 1002 ditii-

165 1019 252 1046 rulter
267 1019 293 1046 in
311 1020 427 1054 patriam
442 1020 578 1048 redibant.
594 1019 779 1055 Reprehendit
794 1021 877 1056 igitur
890 1021 951 1048 uni-

166 1072 307 1093 versorum
322 1065 392 1093 Deus
405 1065 573 1099 Galaaditas,
591 1067 661 1101 quod
679 1073 740 1093 cum
754 1071 782 1094 ut
795 1066 905 1099 Leritae,
926 1071 954 1094 et

163 1112 357 1145 sacerdotium,
372 1116 399 1140 et
415 1112 475 1139 aliis
490 1112 627 1148 praeeundi
651 1112 767 1140 oﬁicium
790 1113 892 1146 sortiti,
908 1119 952 1140 se-

163 1158 253 1185 dm-tis
283 1159 354 1185 viam
388 1159 496 1194 pietatis
527 1158 702 1194 conspicuam
726 1166 757 1186 ac
779 1158 951 1186 manifestam

165 1203 280 1230 reddere
294 1204 436 1237 deberent,
453 1204 504 1238 ipsi
520 1209 616 1233 contra
629 1210 689 1230 eam
705 1203 883 1237 occultarent,
898 1211 950 1230 non

163 1249 283 1276 sinentes
303 1255 377 1277 recte
393 1257 488 1285 sapere
502 1253 549 1277 aut
568 1254 665 1285 suopte
681 1249 805 1282 consilio,
818 1254 866 1277 aut
878 1255 951 1277 certe

163 1303 281 1330 superna
297 1296 382 1331 gratia
404 1301 593 1331 compunctos,
622 1298 656 1324 ad
681 1304 750 1324 onus
775 1297 951 1325 daemoniacae

162 1340 332 1374 deceptionis
345 1340 475 1376 deinceps
491 1342 694 1369 excutiendum.
709 1341 839 1377 Altergo,
858 1351 867 1368 ι
887 1343 949 1369 abs-

166 1387 318 1413 conderunt
358 1387 516 1414 sacerdotes
540 1387 611 1415 viam
640 1387 758 1414 Domini.
779 1397 788 1413 ι
808 1387 865 1415 Hoc
886 1387 950 1415 item

161 1437 214 1465 est,
234 1432 305 1466 quod
332 1432 366 1460 ab
391 1432 445 1459 alio
469 1433 599 1467 propheta
628 1432 688 1460 aliis
714 1432 806 1460 verbis
829 1433 949 1461 dicitur:

163 1487 174 1503 ι
195 1477 357 1505 Sacerdotes
382 1485 434 1505 non
458 1478 594 1510 dixerunt,
614 1476 666 1505 Ubi
689 1482 731 1506 est
753 1478 901 1505 Dominus?
924 1483 951 1506 et

160 1523 321 1558 proﬁtentes
335 1523 421 1559 legem
437 1525 598 1552 nesciebant
612 1531 656 1551 me
668 1543 676 1558 ,
691 1528 718 1551 et
731 1528 854 1560 pastores
869 1524 950 1558 impie

1010 242 1066 273 λεις
1082 242 1232 278 ’ἱεροϐοὶμ
1247 242 1293 268 καὶ
1308 241 1428 276 πληροῦν
1448 242 1572 268 ἐκέλευεν
1592 243 1635 268 ἐπ’
1654 243 1751 274 αὑταῖς
1763 243 1797 268 τὰ

1010 288 1203 323 νενομισμένα,
1230 288 1279 323 τὴν
1303 287 1341 322 τῷ
1368 287 1427 322 Θεῷ
1455 288 1613 324 πρέπουσαν
1634 288 1713 321 δόξαν
1742 290 1796 320 τοῖς

1011 334 1085 365 ἰδίοις
1101 334 1249 369 εὑρέμασιν
1271 335 1399 361 ἀνάπτων
1420 335 1434 361 ό
1453 334 1583 366 δείλαιοςο
1607 334 1640 361 ἵν’
1665 335 1722 369 ἔχοι
1749 335 1797 370 μὲν

1009 379 1088 411 αὐτὸς
1101 379 1131 406 τδ
1148 380 1300 415 βασιλεύειν
1316 381 1453 415 ἀσφαλῶς,
1467 381 1646 416 ἀποστεροῖτο
1661 381 1690 407 δέ
1700 381 1796 416 ὥσπερ

1008 425 1060 451 τῶν
1076 425 1147 452 ἱδίων
1164 426 1238 457 Θεός.
1262 426 1366 453 Οὐκοῦν
1383 427 1540 454 ἀναὸαίνειν
1562 427 1604 459 εἰς
1621 427 1797 462 Ἰεροσόλυμα

1007 470 1060 498 τῶν
1084 471 1138 498 ἀπὸ
1160 471 1280 506 Σικίμων
1317 472 1477 508 ἐπεχείρουν
1501 472 1583 505 τινὲς,
1613 472 1746 507 ἀπεῖργον
1769 472 1797 498 δὲ

1006 517 1085 544 τοῦτο
1110 517 1175 553 δρᾷν
1200 518 1223 544 οἱ
1250 518 1305 545 ἀπὸ
1333 518 1384 554 τῆς
1406 519 1526 553 γείτονος
1547 518 1664 551 Γαλαὰδ,
1694 518 1796 547 καίτοι.

1007 563 1131 599 καθάπερ
1150 563 1228 599 ἔφην,
1244 563 1274 596 ἐξ
1287 564 1402 599 αἵματος
1420 563 1496 596 ὄντες
1521 564 1675 596 Λευῖτικοῦ,
1699 571 1797 597 τεταγ-

1008 608 1082 642 μένοι
1105 608 1176 635 κατά
1200 609 1245 635 τὸν
1267 611 1348 644 νόμον
1370 610 1409 641 εἱς
1433 609 1598 645 ἱερουργίαν.
1623 608 1732 644 Ἐπειδὴ
1767 608 1796 634 δὲ

1006 653 1163 689 εἰργάζοντο
1173 654 1206 681 τὰ
1220 655 1321 690 μάταια
1328 655 1495 690 (τεχνουργοὶ
1507 655 1561 691 γὰρ
1570 653 1640 690 ἦσαν
1655 653 1793 687 εἰδώλων),

1006 700 1044 731 ὡς
1057 701 1118 727 ὅσον
1134 700 1239 728 οὐδέπω
1265 701 1313 736 τῆς
1331 701 1428 736 τέχνης
1442 701 1533 732 αὐτοῖς
1553 699 1734 735 οἱχησομένης
1755 699 1794 729 εἰς

1005 744 1036 771 τὸ
1056 746 1149 780 μηδὲν,
1164 747 1188 772 εἱ
1209 747 1368 781 παραιτοῖτο
1384 745 1476 772 λοιπὸν
1491 745 1608 777 εἰδώλοις
1622 743 1766 780 λατρεύειν
1779 743 1794 769 ὁ

1012 790 1128 825 Ἰσραὴλ,
1154 791 1397 826 κατεπικραίνοντο
1421 790 1488 825 πρὸς
1509 790 1602 825 ὀργάς.
1630 790 1674 821 Ὠς
1696 789 1724 815 δὲ
1742 788 1793 814 οὐκ

1006 837 1113 864 ἔπειθον
1131 837 1230 871 λόγοις,
1255 837 1299 863 ἐπ’
1321 837 1443 869 ἀνοσίους
1463 834 1543 872 ἦλθον
1567 836 1667 871 βουλάς
1689 844 1718 861 τε
1745 834 1792 861 καὶ

1004 883 1128 918 πράξεις.
1149 883 1357 918 Παρεσκεύαζον
1379 883 1432 918 γάρ
1452 890 1527 913 τινας
1549 881 1619 908 κατὰ
1643 881 1728 915 μέσην
1742 880 1792 915 τὴν

1003 929 1062 956 ὁδὸν
1071 929 1231 964 λῃστρικαῖς
1245 929 1348 962 ἐφόδοις
1363 928 1523 964 κεχρῆσθαι,
1536 927 1583 954 καὶ
1595 927 1679 962 φονᾷν
1688 925 1792 960 ἀγρίως

1003 975 1074 1001 κατά
1090 974 1250 1009 Σικιμιτῶν,
1266 976 1289 1001 εἱ
1309 975 1466 1001 ἀναὸαίνειν
1483 974 1584 1000 ἐλοιντο
1597 972 1675 1008 παρὰ
1693 972 1724 998 τὸ
1743 971 1792 998 αὑ-

1003 1010 1060 1050 τοῖς
1074 1018 1168 1046 δοκοῦν
1191 1020 1230 1051 εἱς
1249 1020 1433 1055 Ἱεροσόλυμα.
1450 1019 1505 1045 Καὶ
1528 1018 1648 1044 πλεῖστοι
1666 1017 1715 1052 μὲν
1733 1017 1792 1043 ὅσοι

1003 1065 1171 1092 διολώλασιν.
1197 1066 1229 1091 Ui
1258 1065 1286 1092 δὲ
1308 1066 1376 1097 ὅλως
1400 1065 1642 1100 ἀνασεσωσμένοι,
1669 1065 1716 1091 καὶ
1739 1064 1791 1099 τῆς

1002 1111 1115 1138 ἐκείνων
1130 1110 1221 1146 χειρὸς
1237 1111 1406 1146 ἀποδραμείν
1434 1111 1608 1146 ἰσχύσαντες,
1625 1110 1722 1146 ἔρημοι
1742 1118 1791 1144 γε-

1002 1158 1110 1192 γονότες
1138 1155 1175 1184 ὧν
1197 1157 1359 1192 ἐπεφέροντο
1382 1156 1449 1192 πρὸς
1472 1156 1578 1190 θυσίαν,
1601 1156 1792 1191 ἀνεκομίζοντο

1003 1203 1079 1239 μόλις
1095 1203 1134 1235 εἱς
1147 1203 1196 1238 τὴν
1210 1202 1326 1229 ἑαυτῶν.
1347 1202 1473 1237 Ἐγκαλεί
1495 1202 1583 1229 τοίνυν
1599 1203 1656 1234 τοῖς
1675 1201 1729 1228 ἀπὸ
1741 1202 1793 1236 τῆς

1003 1250 1108 1276 Γαλαὰδ
1122 1251 1135 1276 ὁ
1145 1249 1198 1277 τῶν
1210 1249 1277 1276 ὅλων
1289 1249 1438 1284 Δεσπότης,
1450 1249 1490 1276 ὅτι
1506 1249 1593 1276 καίτοι
1604 1248 1704 1283 μᾶλλον
1714 1247 1791 1281 ὀφεί-

1002 1295 1092 1326 λοντες
1107 1295 1144 1326 ὡς
1163 1294 1286 1327 Λευῖται,
1309 1296 1356 1321 καὶ
1371 1294 1518 1330 ἱερουργοὶ,
1538 1293 1584 1320 καὶ
1604 1293 1632 1320 τὸ
1659 1292 1792 1327 καθηγεῖ-

1003 1341 1065 1368 σθαι
1087 1340 1141 1368 τῶν
1158 1341 1245 1368 ἄλλων
1261 1340 1400 1376 λαχόντες,
1423 1340 1494 1367 κατὰ
1518 1339 1563 1366 τὸν
1585 1338 1667 1374 νόμον
1687 1338 1793 1373 ἐναργῆ

1001 1389 1058 1419 τοῖς
1081 1387 1299 1422 πεπλανημένοις
1320 1386 1369 1422 τὴν
1388 1386 1439 1421 τῆς
1466 1385 1607 1417 εὐσεόείας
1631 1385 1793 1420 ἀποφαίνειν

1001 1434 1070 1467 ὁδὸν,
1089 1434 1122 1460 ἐκ
1137 1433 1192 1460 τῶν
1204 1433 1332 1460 ἐναντίων
1346 1433 1394 1460 καὶ
1405 1431 1584 1467 κρύπτουσιν,
1600 1431 1667 1468 ὀρθὰ
1683 1433 1793 1467 φρονεῖν

1001 1479 1052 1505 οὐκ
1065 1478 1164 1509 ἐῶντες
1182 1477 1246 1509 τοὺς
1266 1477 1295 1510 ἐξ
1311 1477 1379 1508 ἱδὶας
1395 1477 1502 1512 βουλῆς,
1519 1477 1603 1512 ἥγουν
1620 1477 1667 1503 καὶ
1687 1477 1719 1503 ἐκ
1737 1476 1790 1511 τῆς

1002 1524 1105 1551 ἀνωθεν
1123 1523 1264 1560 εὐμενείας
1289 1523 1543 1558 κατανενυγμένους
1566 1524 1605 1554 εἱς
1629 1522 1659 1549 τὸ
1682 1522 1792 1550 ἑλέσθαι

161 1569 276 1604 agebant
289 1569 316 1596 in
336 1576 379 1596 me
396 1569 429 1596 ".
450 1578 460 1596 ι
480 1569 571 1604 Neque
585 1576 652 1596 vero
667 1569 712 1597 hic
734 1569 837 1597 scelera
853 1568 948 1596 Galae-

1002 1569 1093 1596 λοιπδν
1112 1570 1162 1605 τὴν
1182 1568 1236 1595 τῶν
1262 1569 1408 1604 δαιμονίων
1424 1568 1658 1604 ἀποφορτίσασθαι
1675 1568 1790 1602 πλάνην.

160 1615 277 1642 ditarum
302 1616 474 1650 quieverunt.
497 1615 565 1642 Nam
590 1619 773 1650 praeterquam
789 1616 860 1650 quod
877 1615 947 1642 viam

161 1661 266 1689 Domini
290 1661 500 1693 absconderent,
520 1661 602 1688 etiam
631 1660 786 1688 Sichimitas
803 1668 850 1696 per
867 1660 949 1687 latro-

160 1708 261 1734 cinium
283 1711 423 1741 raptantes
438 1707 645 1734 interticicbant.
660 1707 842 1740 Quamobrem
867 1711 895 1734 et
912 1707 948 1734 ita

159 1753 260 1780 Galaad
278 1753 476 1787 alloquebatur,
498 1762 508 1778 r
530 1752 566 1780 Et
584 1753 714 1781 fortitudo
732 1758 775 1780 tua
793 1757 820 1780 ut
840 1753 889 1780 viri
908 1753 949 1787 pi-

160 1805 236 1826 I‘Hlai.
260 1808 269 1824 ι

1004 1623 1014 1641 ι
1031 1615 1173 1650 Ἐκρυψαν
1191 1624 1200 1640 ι
1216 1615 1317 1647 τοίνυν,
1332 1614 1425 1649 φησὶν,
1444 1623 1454 1640 ι
1474 1615 1557 1649 ἱερεῖς
1572 1613 1630 1640 ὁδὸν
1647 1613 1763 1648 Κυρίου.
1779 1622 1788 1638 ι

1002 1661 1087 1688 Τοῦτο
1109 1660 1190 1687 πάλιν
1212 1661 1285 1687 ἐστὶν
1308 1661 1408 1695 ἑτέρως
1434 1660 1464 1686 τὸ
1484 1660 1517 1686 δι’
1537 1659 1630 1694 ἐτέρου
1649 1661 1789 1695 προφήτου

1002 1707 1095 1741 σαφῶς
1115 1707 1275 1742 εἱρημένον·
1294 1715 1303 1732 ι
1321 1707 1352 1733 Οἱ
1373 1707 1454 1741 ἱερεῖς
1475 1707 1524 1733 οὐκ
1548 1704 1637 1732 εἶπανι
1653 1705 1709 1733 Ποῦ
1732 1706 1790 1731 ἐστι

1000 1755 1120 1790 Κύριος;
1135 1754 1182 1780 καὶ
1197 1755 1221 1780 οἱ
1237 1754 1410 1788 ἀντεχόμενοι
1425 1753 1472 1779 τοῦ
1488 1753 1570 1788 νόμου
1582 1752 1631 1779 οὐκ
1641 1751 1791 1786 ἠπίσταντό

1000 1808 1044 1834 με,
1061 1800 1108 1826 καὶ
1121 1799 1146 1825 οἱ
1161 1798 1289 1834 ποιμένες
1306 1798 1420 1832 ἠσέϐουν
1440 1798 1479 1829 εἱς
1495 1797 1554 1832 ἐμέ.
1571 1807 1580 1823 ι
1605 1796 1676 1823 Ἀλλ’
1691 1796 1722 1822 οὐ
1740 1795 1790 1830 μέν

159 1854 205 1880 χρι
218 1845 314 1872 τούτου
328 1844 382 1872 τῶν
394 1844 567 1872 Γαλααδιτῶν
578 1844 612 1872 τὰ
627 1846 793 1881 γεννήματα.
805 1845 878 1881 Πρὸς
890 1845 944 1882 γὰρ
963 1844 1003 1880 τῷ
1025 1845 1127 1880 κρύψαι
1146 1844 1196 1879 τὴν
1228 1843 1285 1870 ὁδὸν
1301 1843 1404 1878 Κυρίου
1421 1844 1468 1869 καὶ
1494 1843 1659 1870 ἀπεκτόνασι
1677 1841 1788 1876 Σίκιμα,

161 1893 255 1929 χερσὶν
269 1893 452 1934 ὑποφέροντες
474 1894 644 1930 λῃστρικαῖς.
660 1894 709 1920 Διὰ
733 1895 787 1929 γὰρ
807 1894 886 1921 τοῦτο
906 1894 953 1921 καὶ
972 1893 1076 1929 ἔφασκε
1113 1893 1180 1929 πρὸς
1197 1892 1315 1925 Γαλαὰδ,
1333 1902 1341 1918 ι
1360 1892 1415 1920 Καὶ
1433 1893 1449 1928 ἡ
1481 1892 1556 1927 ἱσχύς
1576 1900 1624 1918 σου
1641 1891 1679 1922 ὡς
1694 1890 1789 1925 ἀνδρὸς

157 1949 297 1977 πειρατου.
320 1949 329 1966 ι

192 1987 318 2020 Perspice
341 1991 430 2014 autem
447 1987 581 2019 quomodo
603 1986 819 2014 recordationem
843 1986 941 2013 veteris

157 2031 277 2059 historia:
296 2032 366 2060 Deus
390 2032 468 2059 nobis
487 2037 609 2065 renovat,
629 2037 805 2065 veterumque
831 2031 944 2058 delicto-

156 2085 216 2105 rum
239 2077 303 2104 Levi
318 2077 450 2105 meminit.
472 2076 547 2110 Quod
572 2077 643 2110 dico,
661 2082 703 2104 est
726 2076 858 2112 ejusmodi
885 2083 945 2103 rur-

155 2130 226 2149 sum.
245 2122 312 2149 Dina
334 2121 430 2154 Jacob,
456 2122 512 2149 sive
536 2122 644 2149 lsraelis
669 2122 722 2148 (ilia
745 2122 888 2156 (mutatum
904 2125 945 2147 est

155 2169 226 2195 enim
242 2168 278 2195 illi
296 2175 392 2195 nomen
407 2167 490 2195 Jacob
503 2169 528 2195 in
547 2168 626 2203 ιοιε,
642 2167 724 2195 lsrael
737 2167 765 2202 ι)
780 2174 888 2202 egressa
904 2171 944 2194 est

154 2215 298 2250 aliquando
312 2222 327 2242 e
343 2215 459 2242 tentorio
476 2215 571 2249 patris,
582 2215 653 2249 quod
668 2214 736 2241 ﬁlias
751 2214 940 2248 indigenarum
959 2226 979 2253 ο

155 2262 245 2288 ridere
260 2265 381 2295 cuperet.
396 2261 462 2287 Erat
482 2268 564 2295 porro
586 2261 612 2287 in
630 2260 766 2287 Sichimis.
782 2259 850 2286 'l‘mn
875 2267 940 2286 con-

153 2313 246 2342 specta
273 2307 372 2342 puella,
388 2307 499 2334 Emmor
523 2306 594 2334 ﬁlius
621 2306 728 2333 Sichem
746 2306 778 2332 de
795 2305 942 2340 improviso

153 2360 335 2387 compressam
349 2351 507 2388 virginitate
524 2351 608 2378 exuit.
622 2351 648 2378 ld
664 2351 834 2385 iniquissime
849 2351 940 2378 fcren-

154 2404 194 2426 tcs
217 2398 427 2426 adolescentulaa
451 2397 549 2424 fratres
575 2397 640 2424 Levi
659 2401 686 2424 et
703 2397 824 2428 Simeon,
851 2398 939 2425 dolum

153 2449 274 2472 struunt.
293 2443 452 2471 Sichimitas
465 2443 607 2477 inducunt,
624 2443 661 2468 uti
678 2450 707 2469 se
723 2443 878 2470 circumcidi
894 2451 940 2478 pa-

153 2491 266 2517 tiantur.
287 2490 346 2522 Quo
368 2489 451 2520 facto,
467 2488 556 2515 adhuc
579 2495 594 2515 e
619 2489 730 2516 vulnere
754 2490 835 2516 etiam
859 2495 940 2524 atque

152 2536 233 2563 etiam
249 2536 475 2567 vehementerque
488 2532 619 2565 dolentes,
633 2534 665 2560 ad
686 2541 767 2560 ιιιιιιιιι
787 2533 938 2568 omnesju-

152 2581 263 2617 gulam,
290 2579 354 2606 illud
389 2577 480 2613 patri,
510 2577 684 2611 impotentem
707 2585 799 2605 cormn
832 2579 938 2605 iracun-

152 2627 223 2653 diam
256 2623 397 2658 castiganti
437 2623 641 2657 respondentes,
679 2633 688 2648 ‹
716 2623 784 2651 Num
805 2629 935 2658 tanquam

152 2675 243 2699 scorto
259 2675 369 2697 utentur
395 2677 490 2697 sorore
512 2669 624 2696 nostra?
641 2678 650 2695 ι
668 2669 829 2704 llujusntodi
851 2670 937 2697 histo-

152 2718 220 2743 riam
231 2723 301 2743 nunc
317 2716 342 2743 in
359 2716 517 2743 memoriam
534 2715 611 2742 nobis
626 2715 732 2751 redigit,
748 2724 808 2743 cutn
821 2716 936 2751 quadam

152 2763 316 2794 urbanitate,
340 2770 371 2790 ac
391 2761 609 2790 dissimulatione
633 2762 734 2795 dicens,
758 2771 767 2787 ι
792 2761 938 2789 lntcrfcce-

183 2843 204 2857 ⁸³
223 2851 278 2880 lor.
294 2861 324 2887 tt,
339 2852 365 2880 8.
407 2854 496 2889 "Gen.
511 2851 651 2885 xxxn,28.

1030 1982 1101 2017 Ὅρα
1123 1981 1151 2008 δέ
1173 1982 1248 2012 ὅπως
1266 1982 1306 2012 εἱς
1328 1981 1480 2016 ἀνάμνησιν
1506 1980 1555 2015 τῆς
1574 1980 1689 2015 ἀρχαίας
1714 1981 1788 2016 ἡμᾶς

995 2027 1115 2062 ἱστορίας
1136 2027 1269 2062 ἀποφέρει
1293 2026 1369 2059 Θεὸς,
1394 2027 1440 2053 καὶ
1458 2026 1581 2053 παλαιῶν
1605 2026 1788 2061 ἐγκλημάτων

994 2073 1177 2108 διαμέμνηται
1191 2073 1238 2099 τοῦ
1258 2073 1334 2100 Λευΐ.
1354 2073 1433 2099 Ἔστι
1449 2072 1477 2099 δὲ
1494 2073 1508 2099 ὃ
1532 2081 1603 2107 φημι
1620 2073 1742 2099 τοιοῦτόν
1762 2082 1787 2099 τι

995 2117 1086 2144 πάλιν.
1103 2117 1167 2144 Δίνα
1184 2117 1233 2151 μὲν
1249 2116 1303 2152 γὰρ
1318 2116 1392 2152 ήτοῦ
1414 2116 1523 2148 Ἰακὼϐ,
1538 2117 1598 2152 ἦτοι
1613 2117 1660 2143 τοῦ
1679 2118 1789 2152 Ἰσραὴλ

995 2162 1121 2198 θυγάτηρ
1136 2162 1358 2197 (μετωνόμασται
1373 2162 1427 2198 γὰρ
1445 2162 1541 2189 Ἰακὼό
1559 2163 1598 2194 εἰς
1616 2163 1645 2189 τὺ
1667 2163 1787 2198 Ἰσραὴλ)

995 2209 1088 2246 ἐξῆλθέ
1103 2217 1165 2235 ποτε
1178 2209 1226 2244 τῆς
1245 2209 1291 2235 τοῦ
1305 2210 1408 2245 πατρὸς
1428 2210 1542 2244 σκηνῆς·
1559 2209 1718 2245 ἐπεθύμησε
1733 2212 1788 2246 γὰρ

996 2257 1059 2283 ἰδεῖν
1078 2256 1126 2288 τὰς
1145 2256 1200 2282 τῶν
1219 2256 1359 2291 ἐγχωρίων
1386 2255 1548 2290 θυγατέρας.
1573 2254 1626 2282 Ἦν
1643 2256 1671 2282 δὲ
1690 2257 1719 2283 ἐν
1741 2258 1787 2283 Σι-

995 2302 1093 2337 κίμοις.
1116 2300 1180 2328 Εἶτα
1201 2301 1249 2336 τὴν
1270 2301 1403 2336 παρθένον
1424 2301 1511 2336 εὑρὼν
1530 2301 1645 2337 Ἑμμὼρ
1663 2303 1677 2328 ὁ
1695 2303 1788 2337 Συχὲμ

994 2349 1067 2380 υἱὸς,
1090 2349 1228 2383 ἀδοκήτως
1261 2347 1450 2379 κατεϐιάζετο·
1479 2348 1691 2383 διεπαρθένευσε
1719 2350 1785 2384 γάρ.

994 2394 1227 2429 Δεδυσφορηκότες
1242 2393 1332 2420 τοίνυν
1350 2393 1418 2428 πρὸς
1439 2393 1518 2420 τοῦτο
1534 2393 1593 2420 λίαν
1611 2394 1636 2420 οἱ
1652 2394 1702 2428 τῆς
1722 2395 1787 2421 νεά-

995 2441 1064 2472 νιδος
1087 2441 1210 2474 ἀδελφοὶ,
1232 2440 1297 2466 Λευῒ
1319 2448 1348 2466 τε
1363 2440 1410 2466 καὶ
1425 2440 1541 2475 Σιμεὼν,
1557 2440 1630 2466 δόλον
1644 2440 1784 2476 ἁρτύουςι.

995 2487 1209 2522 Περιτέμνεσθαι
1225 2487 1279 2521 γὰρ
1298 2486 1439 2513 ἀνέπειθον
1454 2487 1518 2517 τοὺς
1531 2486 1585 2513 ἀπὸ
1601 2487 1734 2521 Σικίμων.
1749 2486 1787 2513 (ID

992 2531 1024 2567 δὴ
1046 2532 1196 2566 γεγονότος,
1211 2531 1360 2566 ἀλγοῦντας
1382 2531 1422 2557 ἐτι
1449 2532 1495 2558 καὶ
1514 2533 1574 2563 ταῖς
1589 2531 1698 2562 ὀδύναις
1715 2541 1785 2558 νενι-

993 2580 1129 2614 κημένους
1151 2579 1235 2614 ἄρδην
1250 2579 1442 2611 ἀπεκτόνασιν,
1459 2579 1548 2604 ἐκεῖνο
1562 2578 1689 2612 λέγοντες
1703 2579 1773 2612 ἐγκπι

991 2625 1080 2651 λοῦντι
1098 2625 1137 2660 τῷ
1157 2625 1240 2659 πατρὶ
1253 2625 1283 2650 τὸ
1296 2624 1422 2659 ἀχάλινον
1439 2625 1479 2655 εἱς
1493 2623 1593 2658 ὀργάς·
1608 2633 1617 2648 ι
1635 2623 1787 2649 ’Λλλ’.ὼσεὶ

991 2671 1077 2705 πόρνῃ
1100 2671 1245 2705 χρήσονται
1265 2671 1298 2704 τῇ
1320 2669 1419 2703 ἀδελφῇ
1444 2667 1539 2702 ἡμῶν;
1553 2677 1562 2693 ι
1583 2667 1639 2702 Τῆς
1656 2667 1787 2700 τοιαύτης

992 2717 1111 2752 ἱστορίας
1130 2717 1203 2751 ἡμᾶς
1228 2717 1267 2746 εἰς
1290 2715 1442 2749 ἀνάμνησιν
1469 2713 1602 2748 ἀποφέρει
1628 2712 1688 2743 νῦν,
1718 2713 1787 2747 μετά

992 2771 1062 2793 τινος
1076 2762 1156 2797 ﬁlios;
1169 2762 1264 2796 λέγων,
1283 2771 1291 2786 ι
1312 2761 1474 2795 Ἐφόνευσαν
1489 2760 1600 2794 Σίκιμα,
1615 2760 1656 2786 ὅτι
1669 2759 1787 2794 ἀνομίαν
