1913 3042
105 178 154 207 l‘l'I

571 176 846 206 COMMENTARIUS
865 176 898 205 IN
917 176 1034 206 OSEAM
1055 177 1278 206 PROPIIETAM.

1691 174 1743 203 I78

107 235 235 271 ἐποίησαν
252 234 283 261 ὲν
300 235 341 271 τῷ
355 236 422 271 οῐκῳ
440 234 555 271 Ἰσραήλ.
568 245 577 261 ι
598 236 692 269 Τοῦτο,
711 237 804 271 φησὶν,
822 237 904 270 ὲγκα-
921 267 922 272 η

976 243 1019 264 unt
1037 237 1167 270 Sichima,
1189 238 1251 272 quia
1278 236 1448 271 iniquitatem
1471 234 1593 262 fecerunt
1615 232 1641 260 in
1665 232 1744 258 domo

111 282 219 314 λοῦντες
239 282 317 315 τότε,
344 283 387 309 ὅτι
412 282 675 318 πεπλημμελήκασιν
698 283 738 314 εἰς
763 282 808 309 τὸν
833 280 906 309 οἶκον

117 327 226 360 Ἰακὼϐ,
247 328 310 363 ἢτοι
335 328 384 354 τοῦ
409 327 533 364 Ἰσραὴλ,
554 328 835 363 διαπαρθενεύσαντες
859 328 908 364 τὴν

112 373 230 405 νεάνιδα,
251 372 382 410 ταύτῃτοι
406 373 451 399 καὶ
472 374 552 408 ἡμεῖς
577 373 767 408 ἀπεκτόναμεν
793 373 905 409 Σίκιμα.

117 420 197 447 Ἀλλὰ
212 418 260 446 νῦν
276 418 482 450 ἐϐουλεύσαντο,
497 419 588 453 φησὶν,
603 419 768 454 ἐπιστρέψαι
781 419 850 454 πρὸς
863 419 907 446 τὸν

112 466 187 497 θεὸν,
202 465 348 500 ἀγαπῆσαι
363 464 397 490 τὰ
416 465 445 490 ὲν
460 465 545 500 νόμῳ,
562 464 705 500 πληρῶσαι
728 464 835 498 θυσίας,
849 465 909 491 ὲπι-

111 511 198 537 τελεῖν
213 510 320 546 ἑορτὰς,
336 509 518 545 ἀποφοιτῆσαι
535 510 627 536 λοιπὸν
638 510 693 537 τῶν
707 511 756 545 τῆς
767 510 909 537 εἰδωλολα-

112 555 204 591 τρείας
217 555 368 591 λογισμῶν.
382 555 415 581 Τί
428 552 474 581 οὖν
491 556 515 581 οἱ
528 554 657 588 Aeni-rat;
675 565 683 581 ι
697 555 839 591 Ἔκρυψαν
861 555 909 590 τὴν

115 601 175 628 ὁδὸν
199 601 317 636 Κυρίου,
338 601 486 635 ἐφόνευσαν
507 602 617 636 Σίκιμα.
632 611 641 627 ›
657 602 693 628 Ἦ
708 602 778 637 τάχα
793 601 840 628 καὶ
863 601 910 628 νῦν

114 647 243 681 ἐγκαλεῖν
258 647 376 682 ἔχουσιν,
396 647 436 673 ὅτι
461 647 576 682 ἀνομίαν
591 647 722 681 ἐποίησαν
745 648 774 673 ὲν
789 646 827 682 τῷ
843 646 910 682 οἴκῳ

121 693 247 730 Ἰσραήλ;
273 693 342 720 Ποία
359 693 408 720 καὶ
430 692 477 720 νῦν
502 692 617 727 ὑϐρίσθη
640 694 746 725 νεᾶνις;
768 693 807 724 είς
831 692 910 718 ποίαν

115 739 196 766 Δίναν
226 737 397 773 ὲξήμαρτον;
421 738 484 764 ποῖα
508 737 656 773 Σικιμιτῶν
681 738 715 764 τὰ
733 738 909 773 ἐγκλήματα;

116 784 170 811 τῶν
194 783 384 818 τετιμηκότων
406 783 484 815 θεὸν,
505 783 559 810 τῶν
581 783 765 818 ὴγαπηκότων
789 783 824 809 τὰ
843 783 910 819 ὀρθὰ

116 830 211 856 λοιπὸν
226 829 334 856 ἑλέσθαι
351 829 470 864 φρονεῖν,
487 829 532 855 καὶ
546 828 740 864 ἀποπεραίνειν
753 828 911 862 ἐπείγεσθαι

116 875 150 900 τὰ
171 875 200 900 ἐν
220 874 306 910 νόμῳ.
325 883 335 900 ί
350 874 489 909 Τεθέαμαι
505 883 514 900 ι
529 874 630 905 τοίνυν,
644 874 727 908 φησὶ,
751 882 760 899 t
776 874 911 910 φρικωδε-

958 283 1039 312 Israel
1056 284 1076 311 ¹.
1095 293 1104 309 ι
1122 283 1188 317 IIoc,
1215 283 1312 317 inquit,
1328 282 1490 317 objicientcs
1506 284 1569 306 tunc
1583 287 1590 311 ;
1606 277 1667 313 quia
1682 285 1745 310 pec-

958 334 1087 356 caverunt
1102 329 1128 355 in
1144 329 1251 355 domum
1263 328 1358 360 Jacob,
1381 327 1438 355 sive
1459 325 1552 357 Israel,
1570 323 1658 359 puella
1679 329 1746 350 cou—

958 379 1093 409 stuprata,
1119 374 1222 401 idcirco
1244 379 1271 401 et.
1295 381 1344 401 nos
1368 373 1488 401 Sicltima
1511 370 1671 399 occidimus.
1693 367 1747 394 Sed

959 429 1030 449 nunc
1043 425 1207 451 statuerunt,
1221 420 1318 454 inquit,
1335 419 1454 447 converti
1469 418 1502 445 ad
1523 418 1618 448 Deum,
1636 415 1747 449 diligere

959 468 1056 503 legem,
1069 466 1224 499 persolvere
1235 465 1379 498 sacriﬁcia,
1393 470 1522 499 peragere
1534 463 1593 490 dies
1607 461 1703 491 festos,
1719 458 1746 485 in

961 515 1078 541 futurum
1094 521 1108 540 a
1123 511 1334 547 cogitationibus
1349 509 1530 544 superstitiosi
1550 509 1662 536 deorum
1684 505 1744 533 eul-

961 564 1003 586 tus
1024 558 1172 585 discedere.
1199 556 1268 590 Quid
1292 555 1324 582 ad
1348 555 1405 582 haec
1423 554 1565 581 Levitaa‘M
1590 551 1748 580 Absconde-

962 609 1023 632 runt
1048 603 1119 631 viam
1147 601 1273 633 Domini,
1295 600 1492 628 interfecerunt.
1518 598 1650 626 Sichima.
1671 606 1679 622 ι
1706 596 1749 622 An

961 649 1076 676 fortasse
1098 649 1179 675 etiam
1205 654 1275 674 nunc
1298 653 1345 673 eos
1371 651 1501 673 accusare
1526 647 1650 678 possunt,
1677 642 1749 676 quod

962 694 1132 730 iniquitatem
1160 691 1275 720 fecerint
1304 692 1331 718 iu
1364 692 1443 719 domo
1465 689 1568 717 Israel?
1589 688 1653 720 Quae
1677 687 1749 714 enim

961 739 1050 775 puella
1067 743 1095 766 et
1119 745 1190 765 nunc
1206 737 1341 772 injuriose
1357 740 1472 763 tractata
1493 734 1553 761 est?
1569 733 1594 760 in
1611 739 1691 766 quam
1708 731 1752 758 Di-

963 793 1023 812 nam
1035 788 1216 818 peccaverunt
1225 784 1370 818 Murenam
1382 781 1588 809 Sichimitarum
1606 776 1750 805 facinora?

963 831 1011 864 Qui
1022 830 1103 857 Deum
1115 831 1293 862 honorarunt,
1303 829 1348 863 qui
1359 828 1391 855 de
1400 827 1505 861 reliquo
1521 829 1625 852 mutare
1635 828 1752 850 utentem

964 884 1060 911 magna
1077 876 1215 902 voluntate
1229 876 1419 906 decreverunt,
1437 878 1463 900 et
1491 871 1610 899 studiose
1626 873 1754 904 praestare

119 920 222 955 στατην
245 919 296 954 τὴν
324 920 386 946 ἐκεῖ
414 918 542 955 πορνείαν
570 918 616 946 τοῦ
642 919 772 954 Ἐφραῖμ.
788 928 797 944 ι
820 920 913 946 Κατα-

976 930 1023 957 [uae
1051 921 1155 956 legibus
1187 920 1286 948 divinis
1312 919 1520 954 praecipiuntur.
1546 916 1636 950 Inquit
1662 914 1753 948 igitur,

119 965 236 1000 πλατείη
257 965 312 1000 γὰρ
326 965 425 997 ᾶνκτις,
447 964 494 990 καὶ
510 964 612 1000 σφόδρα
634 965 759 996 εἰκότως,
781 964 915 991 τοσούτων

119 1011 191 1046 ὁρῶν
207 1010 388 1043 ἁπονενευκθις
403 1011 452 1045 τῆς
468 1011 509 1042 εἰς
524 1010 590 1036 Θεὸν
603 1011 713 1046 ἀγάπης
726 1010 757 1037 τὸ
770 1010 842 1046 ἱερὸν
869 1011 917 1038 καὶ

119 1058 271 1084 ἀπόλεκτον
291 1057 379 1090 γένος,
394 1056 431 1089 ὡς
452 1056 490 1092 μὴ
508 1057 587 1090 μόνον
609 1057 707 1088 αὐτοὺς
730 1056 783 1083 τῶν
799 1055 916 1083 εἰδώλων

120 1105 237 1139 εὑρετὰς
259 1104 385 1138 γενέσθαι
407 1105 463 1136 τοῖς
483 1103 592 1136 ἄλλοις,
608 1103 675 1130 ἀλλὰ
695 1104 741 1131 καὶ
758 1103 917 1130 διακωλύειν

121 1150 241 1182 αὐτοὺς,
259 1150 283 1175 ει
304 1150 414 1185 ἀγαπᾷν
429 1149 531 1176 ἕλοιντο
550 1150 583 1176 τὰ
603 1149 650 1176 τοῦ
670 1149 749 1178 Θεοῦ.
769 1150 920 1184 «Καταμε-

122 1195 235 1230 μίανται
257 1195 355 1226 τοίνυν,
372 1204 381 1220 ι
408 1195 499 1230 φησὶν,
527 1205 535 1221 ι
558 1195 666 1231 Ἰσραὴλ
698 1196 746 1222 καὶ
775 1195 885 1227 Ἰούδας.
908 1205 917 1221 ι

122 1242 205 1268 Ὥστε
225 1242 273 1269 καὶ
289 1242 316 1268 εῐ
330 1251 356 1268 τι
374 1242 483 1269 πάθοιεν
502 1241 556 1268 τῶν
575 1242 817 1278 προσδοκωμένων,
838 1243 920 1277 ἐγκα-

121 1288 204 1315 λείτω
225 1288 320 1324 μηδεὶς
336 1287 534 1322 ἀγανακτοῦντι
549 1287 619 1322 Θεῷ.

160 1378 270 1411 Ἀρχου
290 1376 403 1412 τρυγᾶν
426 1376 543 1410 σεαυτῷ
558 1377 593 1404 ἐν
609 1377 649 1410 τῷ
672 1377 862 1412 ἐπιστρέφειν
883 1387 922 1413 με

123 1422 182 1455 τὴν
195 1423 406 1456 αἰχμαλωσίαν
424 1423 477 1450 τοῦ
491 1423 568 1450 λαοῦ
578 1432 648 1458 μου,
669 1423 704 1450 ἐν
725 1423 765 1456 τῷ
779 1424 923 1451 Ζάσασθιιί

123 1477 159 1502 με
174 1467 230 1494 τὸν
249 1467 380 1502 Ἰσραήλ.

160 1513 221 1539 ΞΘ’.
242 1513 322 1540 Ἔστι
342 1513 423 1543 πάλιν
433 1514 446 1539 6
461 1513 541 1548 λόγος
558 1514 627 1550 πρὸς
639 1514 685 1541 τὸν
701 1515 750 1550 τῆς
765 1514 871 1541 Γαλαὰδ
886 1515 924 1541 oi-

125 1560 242 1594 κήτορα.
260 1558 386 1585 Διδάσκει
404 1558 442 1592 δὲ,
455 1559 496 1586 ὃτι
516 1559 588 1594 Ἐγὼ
604 1560 654 1595 μὲν
669 1559 796 1596 ἠρξάμην
806 1560 843 1592 ὡς
859 1560 924 1592 Θεὸς

127 1605 218 1631 ἰᾶσθαι
238 1613 269 1630 τε
283 1605 341 1638 ,καὶ
365 1605 541 1641 ἐπιστρέφειν
570 1606 616 1632 τὸν
640 1606 761 1641 Ἰσραήλ.
785 1606 841 1632 Καὶ
859 1606 924 1640 γοῦν
938 1613 959 1641 ι)

127 1650 285 1686 ἐπεθύμουν
304 1650 444 1686 Σικιμῖται
459 1651 548 1677 λοιποὶ
569 1651 717 1686 ὑποφέρειν
740 1651 799 1686 Θεῷ
813 1651 858 1678 τὸν
878 1651 925 1678 αὑ-

128 1696 204 1731 χένα,
219 1695 268 1721 xui.
280 1695 368 1722 τελεῖν
382 1695 490 1730 ἑορτὰς,
505 1696 556 1727 τὰς
573 1696 623 1731 μὲν
639 1696 688 1722 τοῦ
707 1695 849 1731 Ὶεροόοὰμ
864 1696 928 1722 οὐκ·

129 1742 180 1774 έτι,
192 1740 244 1773 τὰς
257 1740 330 1768 κατὰ
342 1741 424 1776 νόμον
437 1740 465 1767 δὲ
482 1741 593 1776 μᾶλλον,
606 1742 653 1768 καὶ
666 1741 717 1776 τῆς
730 1741 780 1768 οὐκ
794 1738 843 1767 οἷδ’
853 1741 928 1772 ὅπως

129 1785 322 1821 ἐξηυρημένης
341 1786 449 1820 ἀπάτης
470 1785 649 1822 ἀποδραμεῖν.
675 1786 712 1813 Σὺ
729 1785 757 1812 δὲ
775 1786 888 1818 αὐτοὺς,
905 1782 928 1812 ὦ

130 1831 295 1864 Γαλααδῐτα,
317 1832 459 1867 μονονουχὶ
473 1832 520 1859 καὶ
533 1832 699 1868 ἀπέκειρας,
722 1832 781 1868 ἦτοι
796 1832 928 1868 τετρύγη-

131 1886 191 1910 κας,
207 1877 257 1904 καὶ
278 1876 395 1904 πλοῦτον
409 1877 502 1904 ἄδικον
516 1878 637 1914 ἐποιήσω
658 1878 692 1905 τὰ
711 1878 765 1905 ἀπὸ
790 1878 927 1914 λῃστείας.

137 1924 289 1959 Ἐπιφωνεῖ
310 1923 339 1950 δὲ
363 1923 444 1951 πάλιν
471 1924 500 1951 ὲν
521 1924 581 1960 ἤθει
606 1924 647 1957 τὺ,
670 1933 679 1950 ι
696 1925 798 1960 Ἀρχου
826 1925 930 1960 τρυγᾷν

134 1969 277 2005 σεαυτῷ,ι
304 1970 446 2005 μονονουχὶ
472 1969 592 1996 τοιοῦτόν
615 1978 641 1996 τι
664 1969 761 2004 λέγων,
787 1969 886 2005 μᾶλλον
902 1969 930 1996 δὲ

133 2016 183 2042 κᾶν
205 2017 231 2042 ει
254 2016 293 2051 μὴ
309 2015 393 2050 λέγοι,
408 2016 515 2048 λεπτῶς
536 2016 725 2052 ὑπεμφαίνων,
740 2017 780 2043 ὅτι
798 2016 885 2051 Κάγὼ
900 2016 931 2043 σὲ

134 2063 285 2098 ποιήσομαι
302 2062 357 2089 τῶν
375 2061 566 2098 κολαζομένων
585 2063 634 2098 τὴν
649 2063 747 2098 ἀρχήν.
768 2063 931 2098 Ἀρχόμενος

134 2107 187 2143 γὰρ
201 2107 362 2143 ἀποκείρειν
375 2107 420 2133 τὸν
440 2107 558 2143 Ἰσραὴλ,
574 2108 621 2134 καὶ
636 2109 793 2143 ἁποτρυγᾷν
805 2107 868 2139 τοὺς
881 2108 932 2142 τῆς

134 2152 206 2178 οὕτω
224 2151 316 2187 δεινῆς
332 2152 503 2187 ἀνοσιότητος
516 2152 706 2188 ὲπιτηδευτὰς,
720 2152 884 2188 πρωτόλειόν
901 2160 930 2178 σε

136 2199 286 2232 ποιήσομαι
309 2198 358 2232 τῆς
381 2198 475 2233 ὀργῆς.
497 2198 603 2225 Εξδεῖναι
627 2198 682 2234 γὰρ
703 2199 864 2233 ἀναγκαῖον,
890 2198 931 2224 ὅτι

135 2243 239 2274 Φοὺλας
252 2242 381 2277 βασιλεὺς
397 2243 559 2276 Ἀσσυρίων,
572 2244 586 2269 ὁ
599 2243 707 2278 πρῶτος
721 2244 806 2270 ἐλθὼν
818 2243 889 2270 κατά
901 2252 930 2270 τε

969 978 978 994 ι
1005 967 1068 994 Vidi
1103 967 1140 994 ibi
1179 966 1313 1002 imprimis
1347 964 1505 992 horribilem
1547 960 1754 996 fornicationem

967 1013 1107 1049 Epltraim.
1128 1023 1136 1039 ι
1152 1012 1334 1047 Obstupescat
1351 1015 1443 1038 autem
1461 1009 1594 1044 quispiam
1611 1011 1637 1034 et
1655 1006 1756 1040 a'quis-

968 1060 1048 1091 sime,
1065 1066 1180 1087 cernens
1198 1063 1322 1086 sanctum
1336 1062 1362 1085 et
1378 1057 1493 1083 electum
1508 1062 1593 1090 genus
1610 1053 1678 1079 adeo
1691 1053 1756 1078 cha-

970 1106 1050 1132 ritate
1074 1112 1136 1139 erga
1162 1104 1245 1130 Deum
1268 1102 1378 1133 abiisse,
1402 1106 1432 1128 ut
1449 1108 1500 1127 non
1517 1099 1602 1126 solum
1626 1097 1674 1131 ipsi
1696 1094 1756 1122 aliis

969 1151 1039 1178 idola
1067 1149 1232 1180 invenerint,
1259 1148 1306 1175 sed
1327 1152 1353 1174 ct
1367 1147 1434 1173 alios
1458 1153 1473 1172 a
1495 1144 1638 1177 diligendis
1657 1140 1756 1168 divinis

971 1195 1153 1223 cohibuerint.
1181 1203 1190 1219 ι
1216 1192 1425 1220 Contamiuatus
1447 1195 1488 1217 est
1513 1189 1607 1224 igitur,
1629 1197 1638 1212 ι
1659 1187 1755 1220 inquit,

973 1252 982 1268 ι
1001 1241 1108 1273 Israel,
1134 1245 1162 1268 et
1188 1238 1282 1267 Judas.
1301 1247 1310 1264 ι
1331 1237 1421 1271 Quare
1446 1237 1468 1263 si
1496 1235 1558 1270 quid
1582 1234 1664 1261 etiam
1686 1231 1757 1266 passi

973 1288 1072 1315 fuerint
1085 1295 1191 1319 eorum,
1206 1294 1266 1321 qua:
1286 1285 1452 1320 impendent,
1469 1283 1552 1310 Deum
1573 1280 1759 1315 indignantem

972 1342 1051 1362 nemo
1066 1334 1236 1360 criminetur.

1009 1379 1090 1406 Vens.
1110 1379 1152 1405 If.
1170 1378 1259 1412 Incipe
1274 1376 1433 1404 vindemiare
1450 1375 1497 1402 tibi
1509 1382 1568 1401 cum
1585 1377 1704 1399 converto
1715 1378 1761 1405 ego

973 1426 1149 1460 captivitatem
1163 1423 1254 1459 populi
1267 1423 1328 1455 mei,
1348 1430 1408 1449 cum
1420 1429 1485 1449 sana
1499 1429 1545 1455 ego
1560 1419 1654 1446 Israel.

1009 1513 1103 1540 LXIX.
1120 1512 1216 1541 Sermo
1232 1519 1325 1540 rursus
1347 1511 1380 1539 ad
1404 1510 1583 1538 habitatorem
1604 1506 1704 1535 Galaad
1723 1506 1762 1533 «li.-

975 1561 1072 1596 rigitur
1097 1561 1146 1587 hac
1165 1559 1310 1586 sententia.
1332 1558 1387 1592 Ego
1414 1557 1522 1592 quidem
1545 1555 1614 1589 cmpi
1637 1560 1763 1587 tauquam

978 1606 1048 1632 Deus
1069 1611 1179 1638 sanare,
1192 1608 1219 1631 et
1236 1607 1398 1631 convertere
1413 1601 1506 1629 Israel.
1522 1600 1640 1627 Proinde
1654 1599 1766 1634 cupiunt

980 1650 1129 1678 Sichimita:
1142 1649 1174 1677 de
1191 1654 1293 1677 caetero
1311 1648 1447 1683 subjicere
1462 1647 1515 1675 Deo
1531 1646 1664 1677 cervices,
1680 1649 1706 1672 et
1721 1652 1766 1671 ce-

979 1696 1084 1723 lebrare
1098 1695 1157 1722 dies
1184 1694 1276 1726 festos,
1294 1701 1347 1721 nou
1374 1693 1489 1728 amplius
1507 1692 1615 1726 quidem
1640 1691 1673 1718 ab
1690 1688 1768 1717 Jero—

978 1741 1057 1768 boam
1071 1740 1211 1767 institutos
1229 1739 1309 1766 illos:
1325 1738 1372 1766 sed
1389 1746 1403 1764 a
1431 1737 1488 1772 lege
1510 1742 1537 1764 et
1561 1744 1575 1763 ιι
1596 1735 1687 1762 nescio
1700 1741 1767 1769 quo-

980 1787 1059 1814 modo
1074 1786 1179 1813 invecta
1194 1784 1300 1812 fallacia
1314 1782 1447 1817 refugere.
1464 1782 1505 1808 Tu
1520 1780 1598 1816 105
1613 1785 1702 1807 autem
1716 1779 1768 1806 Ga-

979 1831 1091 1864 Iaadita,
1125 1830 1321 1865 propemodum
1353 1833 1381 1855 et
1413 1827 1575 1859 detondisti,
1598 1827 1656 1853 sive
1674 1824 1770 1852 vinde-

982 1878 1086 1910 miasti,
1112 1881 1139 1904 et
1159 1875 1304 1903 latrocinio
1324 1873 1434 1902 divitias
1459 1873 1574 1907 injustas
1595 1870 1769 1905 comparasti.

980 1924 1120 1951 Acclamat
1138 1930 1220 1958 porro
1234 1928 1353 1952 rursum,
1371 1923 1398 1947 et
1419 1926 1482 1947 cum
1509 1918 1636 1945 irrisione
1651 1917 1769 1952 quadam

981 1970 1068 2002 illud,
1098 1979 1107 1995 ι
1137 1968 1228 2003 Incipe
1246 1966 1414 1993 vindemiare
1439 1965 1506 1997 tibi;
1531 1975 1540 1990 ι
1568 1963 1620 1990 tale
1642 1963 1771 1998 quiddam

981 2016 1059 2051 quasi
1076 2015 1180 2048 dicens,
1196 2017 1242 2040 aut
1256 2012 1350 2040 saltem
1368 2010 1506 2038 subtiliter
1517 2009 1598 2037 tacite
1616 2008 1770 2035 insinuans.

982 2061 1015 2088 Et
1040 2069 1090 2097 ego
1112 2065 1138 2088 te
1169 2059 1265 2087 faciam
1293 2056 1431 2093 primitias
1451 2056 1615 2092 punitorum.
1638 2053 1772 2088 Incipiens

982 2109 1054 2136 enim
1069 2106 1215 2135 detondere
1224 2105 1317 2137 Israel,
1333 2110 1360 2132 et
1375 2103 1542 2131 vindemiare
1559 2102 1626 2128 adeo
1646 2100 1772 2128 nefandae

983 2153 1132 2189 impietatis
1151 2155 1364 2182 consectatores,
1391 2148 1525 2184 primitias
1544 2152 1570 2174 te
1593 2146 1691 2174 faciam
1712 2146 1771 2172 ine.

983 2199 1128 2228 Sciendum
1159 2198 1231 2226 enim
1259 2196 1373 2224 Phulam
1402 2202 1493 2230 regem
1519 2194 1703 2228 Assyriorum,
1728 2191 1774 2226 qui

984 2247 1087 2281 primus
1103 2244 1256 2272 Samariam
1271 2248 1298 2270 et
1312 2242 1397 2270 Israel
1412 2241 1521 2273 invasit,
1537 2241 1640 2275 primas
1653 2239 1774 2273 captivas

135 2290 183 2324 τῆς
196 2289 355 2324 Σαμαρείας
370 2290 417 2316 καὶ
431 2289 478 2316 τοῦ
507 2289 625 2324 Ἰσραὴλ,
642 2289 752 2332 φῶτας
765 2289 922 2324 ἀπεκόμισεε

986 2293 1096 2321 duxisse
1121 2292 1208 2319 tribus
1225 2295 1299 2317 trans
1326 2289 1474 2316 Iordanem
1493 2293 1520 2314 ct
1537 2294 1570 2314 ex
1587 2286 1699 2313 urbibus
1722 2284 1775 2311 illis

136 2336 174 2366 εἰς
198 2335 391 2370 αἰχμαλωσίαν
411 2335 459 2367 τὰς
488 2335 573 2371 πέραν
596 2335 643 2361 τοῦ
673 2334 805 2369 Ἰορδάνου
832 2335 929 2370 φυλάς.

137 2381 217 2412 Πόλις
238 2381 268 2408 δὲ
288 2379 323 2417 ἦν
337 2381 392 2408 τῶν
408 2382 496 2407 ἐκεῖσε
514 2381 563 2416 μία
579 2382 626 2408 καὶ
647 2382 663 2417 ἡ
687 2381 803 2408 Γαλαὰδ,
827 2381 932 2408 οὐκοῦν

137 2427 232 2463 ὥσπερ
253 2427 322 2463 ὲμοῦ
339 2427 385 2454 τὸν
403 2427 510 2462 Ἰσραὴλ
531 2427 756 2463 ἐπιστρέφοντος,
778 2427 932 2462 ἀρξαμένου

137 2481 166 2500 τε
191 2473 320 2500 ἰάσασθαι
336 2473 439 2505 λοιπὸν,
458 2474 489 2500 σὺ
514 2473 703 2509 τετρύγηκας,
725 2471 747 2500 ὢ
766 2473 932 2506 Γαλααδίτα,

138 2519 246 2554 σεαυτῷ
271 2518 306 2545 τὰ
330 2518 384 2545 ἀπὸ
401 2518 544 2554 λῃστείας·
571 2518 643 2545 οὕτω
669 2518 746 2554 κάγὼ
770 2518 934 2555 παραδιδοὺς

144 2565 300 2601 Ἀσσυρίοις
315 2565 361 2592 τὸν
380 2565 498 2601 Ἰσραὴλ,
516 2566 545 2592 σὲ
561 2566 708 2601 ποιήσομαι
722 2565 776 2592 τῶν
792 2565 922 2600 πεμπομέ

141 2621 191 2639 νων
209 2612 265 2648 τὴν,
272 2612 411 2647 ἀπαρχήν.

175 2658 300 2693 Συγγενῆ
319 2658 347 2684 δὲ
363 2657 399 2684 τὰ
418 2657 517 2693 ἀρχαῖα
531 2659 586 2689 τοῖς
604 2658 650 2684 ἐπὶ
672 2657 782 2692 Χριστῷ
799 2656 853 2683 τῶν
871 2657 935 2683 Ἰου-

141 2703 222 2729 δαίων
245 2703 420 2738 ἐγκλήματα.
440 2703 546 2730 Ἐκάλει
573 2704 622 2738 μὲν
645 2703 699 2739 γὰρ
722 2703 868 2738 σύμπαντα
891 2703 936 2728 τὸν

149 2749 255 2785 Ἰσραὴλ
274 2750 289 2776 ὁ
311 2750 379 2780 Θεὸς
392 2749 439 2775 καὶ
464 2749 559 2784 Πατὴρ
574 2750 613 2780 εἰς
628 2750 658 2775 τὸ
674 2750 780 2776 ἑλέσθαι
797 2749 888 2775 λοιπὸν
903 2748 936 2774 τὰ

143 2794 244 2829 ἀμείνω
261 2795 384 2830 φρονεῖν,
399 2795 446 2820 καὶ
462 2795 610 2830 καταλῆξαι
628 2795 677 2830 μὲν
694 2795 742 2830 τῆς
757 2795 784 2822 ἐν
801 2794 875 2829 νόμῳ
890 2794 936 2820 λα-

178 2885 186 2900 ¹
201 2884 371 2916 (ἰιυιωιςκιν,
384 2883 429 2909 3|.

987 2347 1068 2367 unam
1097 2338 1179 2366 fuisse
1200 2336 1312 2364 Galaad.
1328 2335 1462 2369 Quocirca
1484 2334 1555 2361 sicut
1579 2340 1622 2359 me
1646 2330 1774 2358 Israelem

986 2390 1170 2416 convertentc,
1187 2389 1215 2411 et
1230 2382 1375 2417 incipiente
1392 2387 1489 2408 sanare
1502 2380 1535 2406 de
1552 2383 1662 2410 caetero,
1679 2382 1705 2404 tu
1721 2376 1776 2402 vin-

987 2431 1113 2459 demiasti
1131 2430 1190 2463 tibi,
1204 2437 1220 2457 ο
1242 2428 1396 2460 Galaadita,
1412 2433 1471 2461 qua
1492 2424 1638 2452 latrocinio
1657 2422 1780 2457 acquisi-

989 2477 1070 2509 visti;
1093 2477 1129 2503 ita
1150 2479 1177 2503 et.
1196 2482 1258 2510 ego,
1275 2481 1336 2502 cum
1358 2472 1496 2500 tradidero
1509 2470 1629 2506 Assyriis
1647 2467 1741 2501 Israel,
1756 2473 1780 2495 te

988 2530 1080 2551 eorum
1098 2521 1143 2556 qui
1162 2521 1331 2548 abducentur
1342 2518 1477 2554 primitias
1494 2517 1613 2545 reddam.

1024 2655 1141 2689 Antiqua
1157 2657 1246 2679 autem
1271 2651 1315 2677 illa
1337 2650 1439 2677 scelera
1456 2651 1568 2684 hisquze
1592 2647 1618 2674 in
1639 2646 1775 2674 Christum

990 2701 1073 2729 Judaei
1097 2703 1286 2735 perpetrarunt
1301 2716 1308 2728 ,
1329 2701 1444 2730 cognata
1467 2699 1538 2722 sunt.
1561 2693 1679 2721 Vocabat
1703 2692 1776 2719 cnim

992 2748 1146 2774 universum
1175 2743 1301 2771 Israelem
1328 2742 1397 2769 Deus
1423 2747 1450 2768 ct
1481 2741 1572 2773 Pater,
1603 2745 1630 2766 ut
1649 2739 1778 2772 deinceps

992 2794 1070 2820 aliter
1086 2792 1186 2819 sentire
1199 2794 1224 2816 cl
1241 2788 1371 2816 desistere
1387 2786 1488 2814 a-cultu
1515 2786 1662 2812 secundum
1679 2783 1777 2817 Irgcm,
