1913 3042
160 161 212 190 179

672 162 700 189 S.
720 160 857 189 CYRILLI
876 160 1110 190 ALEXANDRINI
1131 161 1290 190 ARCHlEP.

1733 162 1786 191 I80

159 225 186 247 et
198 227 246 254 pro
259 227 292 247 eo
310 227 408 247 novum
425 224 506 255 atque
523 219 709 254 evangelicum
726 226 870 254 capessere
887 219 934 246 velt

994 219 1096 254 τρείας,
1119 219 1278 246 ἀνθελέσθαι
1300 219 1328 246 δὲ
1359 219 1458 255 μᾶλλον
1478 219 1584 255 ἐκείνης
1599 219 1649 255 τὴν
1670 219 1734 246 νέαν
1753 227 1784 247 τε

159 265 226 293 ient.
257 265 354 293 Verum
374 266 411 293 illi
435 265 653 293 convertentibus
676 270 704 294 et
723 266 884 294 vocantibus
909 267 943 294 ad

158 312 305 339 sanitatem
318 312 511 339 obtinebantor
534 318 588 338 non
607 312 792 340 mediocriter.
806 313 942 348 Scriptum

158 360 202 383 est
219 356 318 391 quippe
334 364 342 383 :
361 365 370 382 t
390 355 449 383 Jam
473 356 544 383 enim
561 357 785 391 conspiraverant
803 357 899 390 Judaai,
915 362 944 384 ut

158 402 181 428 si
197 402 259 436 quis
282 403 368 435 ipsum
393 401 568 430 conﬁteretur
588 402 737 435 Christum,
754 407 832 431 extra
854 403 942 438 Syna-

158 454 253 481 gogam
280 446 355 473 ﬂeret
369 446 390 474 ³.
410 455 419 472 ι
438 447 592 475 Audiebant
615 453 707 476 autem
730 456 822 476 eorum
840 449 942 475 duces:

159 501 169 518 ι
189 493 234 520 Vae
250 493 336 526 vobis,
351 492 455 521 Scriba:
468 499 495 522 et
513 494 641 522 Pharisaei
658 495 815 530 hypocrita,
829 495 892 530 quia
905 499 944 522 tu-

157 539 226 566 listis
246 538 349 566 clavem
363 539 495 567 scientiae.
512 539 566 568 Nec
576 548 624 568 vos
638 541 820 576 ingredimini,
836 548 886 568 nec
900 541 942 567 in-

155 583 230 616 gredi
247 583 370 611 volentes
396 585 487 612 sinitis
504 585 608 612 intrare
624 585 645 612 ⁵.
662 594 672 612 ι
691 585 794 612 Traditi
813 589 876 611 sunt
890 584 941 620 igi-

157 633 200 654 tur
211 627 342 661 inimicis,
358 633 385 656 et
400 637 497 664 graves
511 629 734 658 debacchationis
754 629 780 656 in
803 629 940 657 Christum

157 679 251 707 pcenas
262 673 382 702 luerunt.

469 742 544 771 CAP.
571 742 623 770 Vll.

190 798 274 827 Vens.
300 799 326 826 l.
354 798 389 826 Et
413 799 572 826 revelabitur
598 799 724 833 iniquitas
749 797 888 833 Epitraim,
914 802 940 825 et

156 845 261 872 malitia
277 844 418 876 Samarim,
430 845 494 879 quia
509 849 617 877 operata
629 848 666 870 est
681 844 827 871 mendacia.
843 840 878 871 Et
895 844 940 879 fur

995 265 1041 295 κα).
1056 265 1245 301 εὐαγγελικήν.
1277 265 1357 292 Ἀλλὰ
1378 267 1433 297 τοῖς
1450 265 1642 301 ἐπιστρέφουσι
1670 264 1718 292 καὶ
1735 274 1785 292 κα-

994 310 1134 346 λουμένοις
1155 311 1196 342 είς
1223 311 1295 337 ίασιν
1321 310 1505 346 ἀντέπραττον
1526 310 1556 337 οὗ
1579 310 1707 345 μετρίως.
1732 310 1783 336 Γέ-

993 362 1113 389 γραπται
1128 355 1192 390 γὰρ,
1214 355 1254 381 ὅτι
1271 363 1280 381 ι
1297 354 1365 390 Ἤδη
1390 354 1530 381 συνέθεντο
1549 355 1573 381 οἱ
1591 353 1722 386 Ἰουδαῖοι,
1740 355 1784 381 ἵνα

993 399 1041 426 ὲάν
1055 408 1096 432 τις
1114 400 1194 426 αὑτὸν
1209 399 1362 436 ὁμολογήσῃ
1374 399 1420 426 τὸν
1433 399 1551 436 Χριστὸν
1565 397 1646 432 εἶναι,
1663 401 1782 426 ἀποσυν-

992 445 1100 478 άγωγος
1127 444 1249 480 γένηται.
1262 453 1272 471 ι
1289 445 1408 472 Ἤκουον
1427 445 1456 472 δὲ
1475 445 1521 472 καὶ
1550 446 1574 471 οι
1601 445 1666 483 παρ’
1689 445 1784 477 αὐτοῖς

991 490 1147 526 ἡγούμενοι¹
1166 501 1175 517 t
1189 491 1256 518 Οὐαὶ
1275 491 1357 526 ὑμῖν,
1381 491 1558 527 Γραμματείς
1575 491 1622 518 καὶ
1640 492 1783 527 Φαρισαῖοι

993 537 1148 572 ὑποκριταὶ,
1166 537 1206 563 ὃτι
1221 536 1305 572 ἤρατε
1317 537 1367 572 τὴν
1384 536 1474 563 κλεῖδα
1487 536 1536 571 τῆς
1554 536 1694 571 γνώσεως.
1712 536 1782 563 Οὔτε

992 583 1071 618 ὑμεῖς
1083 582 1246 618 εἰσέρχεσθε,
1259 582 1319 609 οὔτε
1331 583 1393 614 τοὺς
1404 582 1609 618 εἰσερχομένους
1619 582 1714 617 ἀφίετε
1727 583 1784 608 εἰσ-

991 629 1086 657 ελθεῖν.
1099 638 1108 654 ι
1125 629 1250 656 Δέδονται
1264 629 1354 655 τοίνυν
1366 628 1484 663 ἐχθροῖς,
1498 629 1546 655 καὶ
1560 628 1663 664 πικρὰς
1679 629 1727 664 τῆς
1742 629 1784 659 εἰς

991 675 1108 710 Χριστὸν
1122 675 1265 710 παροινίας
1278 674 1420 710 ὲξῄτηνται
1436 673 1521 706 δίκας.

1297 742 1424 769 ΚΕΦΔΛ.
1443 742 1479 768 Z'.

1028 799 1082 827 Kal
1103 798 1389 832 ἀποκαλυφθήσεται
1410 797 1429 831 ἠ
1453 797 1552 824 ἀδικία
1577 796 1712 831 Ἐφραῒμ,
1731 795 1781 822 καὶ

990 845 1010 879 ἡ
1026 845 1115 872 κακία
1143 843 1321 878 Σαμαρείας,
1344 842 1389 869 ὅτι
1405 842 1564 876 ειργάσατο
1587 841 1705 876 ψευδῆ,
1730 841 1780 868 καὶ

156 891 190 916 ad
211 899 269 918 eunt
291 890 462 925 ingredietur,
478 889 625 924 exspoliari:
643 889 711 916 latro
732 890 759 916 in
783 890 823 916 uia
842 890 934 924 ipsius,

988 890 1120 923 κλέπτης
1140 888 1216 923 πρὸς
1240 888 1333 915 αὐτὸν
1349 887 1571 917 εισελεύσεται.
1592 886 1782 914 ὲκδιδύσκωγ

155 941 184 962 ιιι
197 937 334 964 concinam
343 937 419 969 quasi
433 940 568 963 cantantes
581 935 658 962 corde
668 935 796 969 ipsorum.

187 1034 269 1063 LXX.
285 1033 375 1062 Bonus
395 1038 492 1061 natura
512 1038 540 1062 et
564 1043 572 1059 ι
591 1034 705 1069 patiens,
729 1033 890 1069 longanimis
911 1039 937 1062 et

152 1080 267 1108 multant
284 1079 441 1108 misericors
457 1079 509 1104 Μ»
527 1078 649 1113 profecto
657 1078 778 1106 omnium
794 1077 936 1110 Dominus,

151 1125 197 1159 qui
212 1125 331 1159 quandiu
352 1127 496 1158 peccantes
513 1122 619 1154 tolerat,
638 1122 725 1150 latent
748 1127 775 1149 et
799 1123 937 1150 occultan-

152 1174 197 1196 tur
210 1169 287 1204 quasi
303 1177 397 1196 eorum
415 1168 526 1204 ﬂagitia.
545 1168 597 1196 Ubi
613 1173 703 1196 autem
720 1168 863 1204 ingruerit,
880 1173 937 1202 pre-

153 1221 269 1248 namque
293 1214 436 1245 invexerit,
462 1217 489 1241 et
515 1214 657 1248 quiescere
689 1220 742 1240 non
764 1213 934 1245 sustinuerit,

153 1265 209 1287 tum
223 1258 365 1286 manifesta
383 1259 461 1291 ﬁunt,
478 1263 504 1286 et
525 1258 605 1294 106
618 1258 694 1293 qttasi
712 1258 825 1286 revelari
843 1259 934 1286 viden-

152 1311 209 1338 tur,
225 1310 251 1332 et
264 1309 366 1331 tantttm
385 1312 440 1332 non
462 1304 488 1331 in
510 1305 628 1331 medium
649 1303 792 1338 producta.
814 1305 934 1332 omnium

152 1351 241 1378 oculis
254 1351 470 1386 conspiciuntur.
488 1349 553 1377 Tale
566 1354 593 1376 et
609 1357 679 1377 nunc
695 1349 823 1384 Epitraim
842 1355 869 1377 et
884 1350 934 1378 Sa-

151 1397 244 1424 maria!
268 1397 386 1424 futurum
409 1396 536 1423 allirmat.
562 1395 595 1423 Et
613 1395 742 1430 Ephraim
764 1396 871 1430 quidem
886 1404 934 1424 no-

153 1442 224 1469 mine
241 1442 292 1469 hoc
315 1442 374 1469 loco
390 1442 492 1477 regiam
510 1442 535 1468 in
551 1441 672 1468 Samaria
690 1440 787 1467 tribum
804 1441 931 1474 accipies,

151 1495 182 1514 ex
198 1495 249 1522 qua
267 1487 318 1514 orti
339 1487 495 1519 Jerohoam,
512 1492 539 1514 et
556 1488 728 1514 successores
747 1486 821 1519 ejus;
838 1486 933 1514 Sama-

151 1534 197 1561 ri.e
219 1539 309 1561 auletn
334 1534 468 1561 vocabulo
491 1533 535 1567 qui
552 1532 658 1559 fuerunt
681 1532 707 1558 in
727 1531 862 1566 Samaria,
882 1532 933 1560 hoc

149 1584 209 1612 est,
231 1580 324 1607 decem
348 1580 445 1606 tribus.
471 1578 629 1606 Revelatum
654 1585 735 1612 porro
761 1578 793 1605 iri
823 1583 934 1612 peccata

149 1633 241 1652 eorum
260 1625 324 1652 dicit
349 1629 460 1660 propter
474 1631 571 1651 causas
592 1622 800 1657 hujuscemodi;
821 1623 884 1658 quia
908 1627 935 1650 et

150 1672 254 1705 operati
277 1675 339 1698 sunt
361 1669 544 1701 mendacium,
565 1669 664 1704 algenti
686 1672 713 1696 et
740 1669 794 1703 jam
817 1669 935 1696 rancida:

149 1716 307 1744 idololatriae
343 1715 436 1746 dediti,
471 1719 498 1743 et
530 1715 647 1742 artiﬁces
684 1713 746 1742 facti
780 1714 934 1746 idolorum,

148 1767 179 1788 ut
214 1762 279 1789 dixi.
313 1761 345 1788 Et
373 1760 459 1788 furem
498 1760 573 1795 (hoc
612 1764 653 1787 est
679 1760 749 1787 enim
780 1759 933 1793 latronem)

148 1807 182 1835 ad
206 1815 252 1834 eos
282 1807 481 1841 ingressurum,
506 1813 556 1841 pro
583 1805 732 1841 ingressum
752 1813 824 1838 esse,
845 1810 873 1833 et
892 1813 934 1833 re-

147 1854 293 1887 quievisse,
305 1858 332 1880 et
343 1853 485 1881 divertisse
500 1853 533 1880 ad
550 1853 624 1881 illurn
638 1853 725 1880 furem
737 1854 932 1888 exspoliantem

148 1899 175 1925 in
193 1898 245 1931 via,
265 1903 294 1925 ut
313 1905 346 1925 ex
370 1899 421 1925 hoc
435 1902 575 1933 appareat,
591 1898 688 1933 inquit,
705 1906 751 1926 eos
767 1899 869 1926 habere
885 1906 933 1926 cor

148 1951 309 1976 consonum,
323 1945 483 1979 conspirans
499 1945 632 1977 videlicet,
646 1949 673 1972 et
689 1945 810 1979 ejusdem
823 1949 932 1971 senten-

149 1990 201 2015 tiaz.
217 1988 258 2015 llli
273 1988 345 2015 enim
358 1987 570 2024 Hierosolymam
587 1990 735 2016 ascendere
753 1988 874 2016 volentes
884 1996 932 2023 per

146 2035 320 2062 latrocinium
346 2035 556 2070 despoliabant:
578 2036 605 2063 hi
622 2043 683 2063 cum
704 2034 769 2070 ipsis
785 2034 873 2062 scelus
891 2035 933 2061 di-

145 2082 293 2114 videbant,
321 2081 489 2117 direptorum
516 2089 531 2109 a
554 2081 704 2110 latronibus
743 2080 826 2115 impie
849 2080 932 2115 parti-

146 2128 230 2163 cipes.

180 2173 339 2201 Gaudebant
359 2173 441 2201 etiam
467 2173 622 2201 Iudaeorum
643 2172 725 2200 duces
747 2176 775 2199 et
797 2171 931 2206 magistri,

144 2226 206 2246 cum
219 2219 363 2246 credentes
378 2219 403 2246 in
419 2218 558 2246 Christum
575 2217 679 2244 nefarie
697 2221 928 2252 oppugnarentur,
946 2229 967 2256 υ

144 2264 258 2300 aliisque
277 2264 444 2292 irruentibus
460 2271 488 2292 et
506 2262 732 2290 latrocinanlihus
754 2269 817 2289 sese
838 2261 929 2288 socios

143 2309 337 2345 adiungebant,
357 2318 390 2338 ex
417 2310 536 2337 ﬁdelium
557 2307 744 2343 persecutione
765 2307 928 2341 voluptatem

143 2356 292 2391 capientes,
305 2361 332 2384 et
346 2357 423 2392 quasi
439 2355 581 2390 quemdam
605 2354 736 2381 latronem
755 2354 882 2381 Satanam
899 2354 925 2382 in

143 2402 264 2429 animttm
282 2407 309 2430 et
324 2410 371 2430 cor
384 2402 572 2436 suscipientes,
590 2407 636 2427 eos
653 2400 725 2427 omni
742 2408 821 2428 sensu
837 2401 925 2435 pieta-

144 2447 178 2473 tis
197 2454 276 2482 quem
302 2448 439 2475 habebant
465 2447 622 2478 nudattletn,
638 2449 668 2472 ut
683 2448 710 2473 cl
722 2453 871 2473 consonum
889 2447 926 2473 illi

143 2496 190 2516 ror
207 2490 349 2518 haberent.
372 2489 602 2523 Quemadmodum
619 2490 689 2517 enim
708 2500 716 2516 t
738 2491 782 2525 qui
808 2491 927 2518 adhaeret

143 2534 208 2567 Deo,
232 2543 301 2563 unus
324 2536 436 2569 spiritus
451 2539 493 2562 est
518 2542 578 2561 cum
596 2543 628 2562 eo
641 2536 663 2568 ",
683 2545 692 2562 ι
712 2537 806 2563 eodem
835 2538 925 2568 modo,

142 2581 247 2614 opinor,
263 2581 308 2616 qui
328 2581 437 2607 Satanae
460 2581 588 2614 adhaeret,
607 2590 688 2609 unum
711 2590 771 2610 cutn
798 2582 856 2617 ipso
880 2590 926 2609 cor

143 2626 262 2653 habebit.

179 2671 263 2698 Vens.
280 2671 307 2698 2.
331 2670 427 2698 Omne:
443 2673 558 2700 malitias
576 2681 666 2700 eorum
684 2675 835 2700 recordatus
858 2681 925 2700 nun.

143 2714 224 2743 Nune
238 2717 465 2746 circumdederunt
478 2727 521 2746 eos
537 2721 706 2754 cogitationes
722 2727 822 2751 eorum,
835 2725 926 2746 contra

143 2760 236 2794 {aciem
249 2768 330 2787 meam
345 2762 421 2797 [actm
431 2770 502 2791 sunt.

988 934 1107 970 λῃστὴς
1125 935 1160 961 ἐν
1178 933 1215 968 τῇ
1239 933 1298 966 ὀδῷ
1312 933 1416 965 αὑτοῦ,
1439 933 1518 966 ὅπως
1542 932 1719 966 συνᾲὂωσιν
1739 932 1780 964 ὡς

988 981 1113 1015 ᾄδοντες
1130 979 1168 1014 τῇ
1186 979 1292 1014 καρδίᾳ
1312 978 1420 1006 αὐτῶν.

1023 1039 1062 1065 0'.
1088 1036 1201 1071 ’Δγαθὺς
1222 1035 1271 1071 μὲν
1296 1034 1386 1069 φύσει,
1416 1035 1464 1062 καὶ
1487 1043 1497 1059 t
1524 1034 1701 1066 ἀνεξίκακος,
1726 1042 1780 1069 μα-

988 1081 1124 1117 κρόθυμός
1139 1089 1168 1109 τε
1186 1081 1231 1106 καὶ
1252 1079 1403 1110 πολυέλεως
1429 1088 1438 1104 ι
1455 1079 1493 1111 ὡς
1514 1078 1621 1114 ἀληθῶς
1638 1080 1652 1105 ὁ
1669 1079 1779 1105 πάντων

988 1125 1135 1160 Δεσπότης.
1155 1123 1225 1150 Ἀλλ’
1238 1123 1290 1155 ἓως
1308 1123 1348 1150 ἔτι
1363 1123 1419 1155 τοῖς
1439 1122 1582 1149 πταίουσιν
1604 1122 1776 1154 ἀνεξικακεϊ,

988 1170 1207 1206 κατακρύπτεταί
1226 1178 1284 1201 πως
1298 1168 1386 1195 αὐτῶν
1397 1168 1436 1194 ἔτι
1449 1168 1483 1195 τὰ
1499 1167 1668 1202 ἐγκλήματα.
1679 1166 1776 1198 Ἐπεξ⁴

989 1216 1072 1247 ιόντος
1091 1216 1118 1242 δὲ
1139 1216 1199 1251 ἤδη,
1221 1216 1268 1242 καὶ
1292 1215 1370 1246 δίκας
1403 1214 1567 1248 ἐπάγοντος,
1590 1213 1637 1240 καὶ
1661 1213 1778 1248 ἠρεμεῖν

986 1260 1036 1286 οὐκ
1057 1259 1234 1295 ἀνεχομένου,
1250 1259 1343 1285 λοιπόν
1360 1258 1434 1285 ἐστιν
1458 1258 1579 1293 ἐναργῆ,
1602 1257 1649 1284 καὶ
1668 1257 1776 1284 ἀποκαο

986 1306 1133 1332 λύπτεσοαί
1147 1314 1204 1338 πως
1216 1306 1267 1340 ἤδη
1277 1306 1360 1338 δοκεῖ,
1375 1306 1454 1342 μόνον
1465 1305 1494 1332 δὲ
1507 1305 1567 1339 οὐχὶ
1579 1305 1625 1331 καὶ
1638 1304 1677 1336 εἰς
1694 1303 1778 1338 μέσον

986 1351 1109 1389 ὴγμένα,
1135 1353 1192 1383 τοῖς
1222 1352 1348 1379 ἁπάντων
1374 1352 1522 1387 ὀφθαλμοῖς
1549 1350 1664 1386 ὁρᾶσθαι
1692 1349 1775 1384 φιλεῖ.

985 1398 1069 1425 Τοῦτο
1084 1399 1132 1424 καὶ
1153 1398 1200 1425 νῦν
1226 1398 1336 1425 ἔσεσθαί
1353 1407 1420 1433 φησι
1440 1397 1511 1424 κατὰ
1527 1397 1574 1423 τοῦ
1595 1395 1715 1431 Ἑφραῖμ
1730 1395 1778 1421 καὶ

986 1443 1036 1478 τῆς
1051 1443 1216 1478 Σαμαρείας.
1230 1444 1285 1470 Καὶ
1299 1443 1343 1470 τὸν
1358 1443 1407 1478 μὲν
1422 1442 1542 1478 Ἐφραῗμ
1557 1442 1651 1468 ἐνθάδε
1669 1441 1778 1477 νοήσεις

985 1488 1034 1523 τὴν
1051 1489 1080 1515 ὲν
1097 1490 1130 1524 τῇ
1151 1488 1292 1524 Σαμαρείᾳ
1306 1488 1429 1523 βασιλίδα
1450 1488 1545 1523 φυλὴν,
1567 1487 1597 1520 ἑξ
1609 1485 1644 1524 ἧς
1664 1488 1776 1521 γέγονεν

991 1533 1141 1569 Ὶεροϐοὰμ,
1156 1534 1202 1560 καὶ
1215 1534 1239 1560 οἱ
1254 1534 1315 1561 καθ’
1327 1533 1400 1569 ἑξῆς·
1412 1534 1565 1569 Σαμάρειαν
1579 1533 1607 1560 δὲ
1622 1533 1684 1564 τοὺς
1697 1533 1727 1559 ὲν
1741 1533 1776 1568 τῇ

948 1562 968 1591 c
985 1562 1140 1615 Zapapslq;
1150 1580 1283 1612 τουτέστι,
1298 1562 1356 1612 τὰς.
1369 1562 1436 1606 δέκα
1452 1562 1551 1613 φυλάς.
1570 1562 1776 1612 Ἀποκαλυερθήῖ

986 1625 1079 1652 σεσοαι
1094 1625 1124 1651 δέ
1144 1633 1211 1660 φησι
1235 1624 1285 1657 τὰς
1311 1624 1448 1660 ἁμαρτίας
1470 1624 1569 1656 αὐτῶν,
1598 1624 1642 1651 διὰ
1667 1623 1776 1650 τοιάσδε

985 1670 1061 1702 τινὰς
1082 1671 1180 1702 αίτίας,
1195 1671 1238 1698 ὅτι
1257 1671 1305 1697 καὶ
1325 1670 1486 1706 εἰργάσαντο
1505 1668 1600 1705 ψευδῆ,
1619 1669 1726 1705 ψυχράν
1745 1677 1775 1695 τε

985 1716 1032 1743 καὶ
1054 1716 1136 1743 ἕωλον
1152 1716 1279 1752 λατρείαν
1296 1716 1531 1750 ἐπιτηδεύσαντες,
1550 1716 1596 1742 καὶ
1617 1714 1777 1750 τεχνουργοὶ

984 1761 1125 1795 γεγονότες
1139 1761 1266 1794 εἰδώλων,
1289 1760 1415 1796 καθάπερ
1429 1760 1507 1795 έφην,
1520 1760 1566 1787 καὶ
1584 1760 1624 1787 ὅτι
1641 1759 1776 1794 κλέπτης,

985 1806 1117 1839 τουτέστι,
1137 1806 1238 1843 λῃστὴς
1256 1807 1324 1842 πρὸς
1337 1806 1418 1833 αὐτὸν
1434 1805 1625 1838 εἰσελεύσεται,
1637 1805 1698 1832 ἀντὶ
1708 1805 1768 1836 τοῦ,

984 1853 1105 1887 εἰσῆλθε,
1129 1854 1176 1880 καὶ
1195 1853 1378 1886 ἀνεπαύσατο,
1403 1853 1451 1880 καὶ
1471 1852 1600 1880 κατέλυσε
1618 1852 1683 1887 παρ’
1698 1851 1775 1886 αὐτῷ

984 1897 1114 1933 κλέπτης,
1129 1897 1294 1924 ὲκδιδύσκων
1307 1899 1335 1924 ὲν
1350 1897 1402 1933 ὀδῷ
1411 1905 1417 1912 ·
1433 1898 1466 1925 ἶν’
1479 1898 1511 1924 ὲκ
1523 1897 1618 1924 τούτου
1631 1896 1772 1931 φαίνηται,

984 1943 1076 1979 φησὶν,
1088 1944 1128 1970 ὅτι
1144 1943 1308 1978 συνᾴδουσαν
1322 1943 1413 1979 ἔχουσι
1426 1943 1476 1977 τὴν
1489 1943 1615 1979 καρδίαν,
1628 1943 1773 1978 σύμφωνον

983 1990 1113 2024 δηλονότι,
1124 1990 1171 2016 καὶ
1183 1990 1373 2026 ὁμογνώμονα.
1382 1991 1413 2017 Οἱ
1427 1991 1476 2026 μὲν
1485 1990 1539 2025 γὰρ
1552 1990 1695 2025 ἐλῄστευον
1709 1990 1773 2022 τοὺς

982 2035 1012 2060 ὲν
1023 2036 1077 2066 τοῖς
1090 2035 1220 2069 Ἰεροσολύ
1225 2044 1285 2071 μοις
1298 2035 1453 2062 ἀναϐαίνειν
1463 2035 1605 2066 ἐθέλοντας
1613 2043 1621 2051 ·
1629 2036 1653 2061 al
1664 2034 1692 2061 δὲ
1703 2035 1772 2070 πρὸς

982 2081 1081 2112 αὐτοὺς
1099 2080 1255 2116 ἐμερίζοντο
1274 2081 1308 2107 τὰ
1330 2081 1500 2117 ἐγκλήματα,
1515 2080 1569 2107 τῶν
1590 2080 1771 2116 λελῃστευμέ-

982 2134 1034 2152 νων
1049 2125 1163 2156 ἀνοσίως
1181 2125 1389 2161 μετεσχηκότες.

1020 2169 1148 2205 Ἔχαιρον
1164 2169 1194 2196 δὲ
1208 2170 1254 2196 καὶ
1267 2170 1291 2196 οί
1306 2169 1360 2196 τῶν
1381 2169 1515 2196 Ἰουδαίων
1537 2168 1703 2204 καθηγηταί,
1719 2176 1771 2194 πο-

981 2215 1156 2251 λεμουμένων
1173 2216 1296 2248 ἐκτόπως
1312 2215 1366 2243 τῶν
1382 2216 1564 2243 πιστευόντων
1581 2216 1621 2247 είς
1638 2214 1769 2250 Χριστὸν,

982 2262 1029 2288 καὶ
1052 2262 1176 2289 κοινωνοὶ
1204 2261 1255 2297 τῆς
1281 2262 1382 2298 ἐτέρων
1410 2262 1504 2297 ἐφόδου
1526 2269 1556 2287 τε
1575 2261 1623 2287 καὶ
1643 2260 1770 2296 λῃστείας

981 2308 1109 2342 ἐγίνοντο,
1132 2307 1305 2344 διωκομένοις
1322 2308 1482 2344 ἑφηδόμενοι
1505 2309 1562 2339 τοῖς
1580 2308 1701 2339 πιστοῖς,
1722 2307 1770 2333 καὶ

980 2354 1080 2390 λῃστὴν
1100 2353 1195 2390 ὥσπερ
1210 2354 1271 2381 τινὰ
1290 2354 1336 2380 τὸν
1362 2354 1485 2381 Σατανᾶν
1502 2354 1541 2386 είς
1556 2352 1617 2380 νοῦν
1634 2353 1681 2379 καὶ
1698 2361 1768 2387 καρ-

978 2399 1037 2427 δίαν
1055 2400 1206 2436 δεχόμενοι,
1227 2400 1272 2427 τὸν
1291 2400 1401 2436 ἀπάσης
1417 2399 1557 2430 εὐσεϐείας
1573 2399 1617 2425 τὸν
1634 2399 1663 2425 ὲν
1677 2398 1768 2424 αὺτοῖ-

979 2446 1203 2482 ἁπαμφιεννύντα
1218 2447 1290 2478 νοῦν,
1305 2447 1349 2473 ἵνα
1369 2447 1417 2474 καὶ
1438 2445 1582 2481 σύμφωνον
1595 2445 1682 2480 ἔχοιεν
1699 2444 1766 2480 «pb;

979 2493 1060 2520 αὑτὸν
1077 2494 1127 2528 τὴν
1143 2493 1268 2529 καρδίαν.
1280 2493 1386 2528 ’Ὠσπερ
1404 2493 1458 2528 γὰρ
1473 2501 1482 2518 t
1503 2492 1531 2518 Ὀ
1546 2491 1715 2526 κολλώμενος
1729 2490 1768 2525 τῷ

979 2537 1074 2573 Κυρίῳ
1089 2537 1117 2564 ἓν
1131 2538 1240 2573 πνεῦμά
1254 2539 1321 2569 ἐστι.
1334 2547 1343 2563 ι
1360 2537 1430 2564 κατὰ
1442 2537 1488 2564 τὸν
1502 2537 1592 2569 αὐτὸν,
1605 2534 1691 2570 οἶμαι,
1707 2536 1768 2571 τρό-

980 2591 1030 2610 πον
1058 2584 1104 2610 καὶ
1123 2584 1138 2609 ό
1153 2583 1192 2618 τῷ
1209 2583 1315 2618 Σατανᾷ
1339 2581 1507 2618 κολλώμενος
1532 2582 1596 2618 μίαν
1621 2581 1676 2614 ἓξει
1698 2581 1767 2617 πρὸς

979 2629 1059 2656 αὑτὸν
1073 2630 1121 2664 τὴν
1137 2629 1261 2665 καρδίαν.
1771 2654 1775 2665 1

1015 2674 1118 2707 ming
1134 2675 1188 2708 τὰς
1202 2674 1310 2708 κακίας
1320 2674 1420 2702 αὐτῶν
1432 2674 1597 2709 ἐμνήσθην.
1612 2673 1677 2700 Νῦν
1695 2673 1764 2700 ἐκύ-

980 2723 1102 2748 νλυσαν
1121 2721 1230 2754 αὐτοὺς
1248 2722 1284 2748 τὰ
1303 2721 1459 2749 dumorum
1489 2721 1598 2754 αὐτῶν,
1621 2720 1766 2748 ἀπέναντι

979 2767 1139 2800 προσώπου
1154 2776 1210 2794 uov
1225 2766 1374 2801 ἐγένοντο.

178 2850 276 2880 ’loan.
295 2860 332 2887 Ut,
345 2854 388 2883 22.
428 2855 438 2871 ⁸
451 2855 544 2883 Matth.
575 2860 654 2886 unt,
682 2853 724 2879 13.
762 2853 798 2873 ⁵--“
815 2851 870 2879 Joel
889 2862 917 2885 ι’,

1001 2856 1071 2883 Psul.
1087 2864 1184 2888 Lxuv,
1203 2856 1243 2882 lii.
1281 2856 1289 2871 ⁷
1307 2856 1314 2882 l
1336 2857 1397 2883 Cor.
1415 2864 1449 2890 γι,
1468 2846 1508 2884 Πξ
