1913 3042
195 120 247 148 133

191 223 325 255 ﬁxoribus
340 228 526 258 Emmanuelis
543 233 706 263 intellectus.
725 236 805 272 108
818 238 980 269 Menlienles

190 277 309 306 namque
327 280 354 300 et
367 275 563 305 calumniantes
591 286 663 310 eum.
679 282 808 315 gaudium
833 284 933 314 llerodi
951 293 980 314 et

188 314 286 344 Pontio
313 318 408 352 Pilato,
427 325 454 347 et
471 323 633 354 praasidibus
657 314 806 362 Svnagogm
833 330 977 359 dederunt.

187 361 232 388 Ait
247 362 319 389 enim
335 364 433 392 alicubi
452 371 480 394 et
495 368 603 397 divinus
616 369 715 400 Petrus
730 373 763 400 ad
782 375 972 405 universorum

185 406 293 434 Patrem
310 415 341 436 ac
356 410 438 439 Deum
455 421 462 440 τ
487 422 496 439 ι
517 414 708 446 Convenerunt
725 422 797 447 enim
811 430 874 450 vere
888 423 914 450 in
932 425 971 452 ci-

183 451 266 479 vitate
280 451 330 480 hac
346 455 476 485 adversus
493 465 618 488 sanctum
639 470 751 497 puerum
775 469 849 494 tuum
866 467 970 503 .Iesum,

181 503 261 529 quem
279 500 393 533 unxisli,
415 502 535 533 Herodes
545 511 571 533 et
587 507 700 537 Pontius
716 510 820 541 Pilatus
832 521 893 541 cum
910 500 975 550 gen;

181 541 253 570 tibus
273 549 301 573 et
316 547 423 582 populis
437 549 520 579 Israel
534 553 555 579 '.
571 562 580 579 ι

222 589 302 619 Vens.
322 592 351 619 ι.
369 593 466 623 Omnes
482 597 659 628 adulterantes
683 603 759 637 quasi
789 604 907 633 clibanus
931 616 972 634 ar-

181 634 285 663 domin
299 639 442 668 cacliomm
457 643 646 673 combustionis
676 656 692 674 a
709 648 828 683 ﬂamma,
854 659 870 678 (ι
896 661 970 680 cont-

180 680 303 709 mistione
326 685 447 719 ("urenti
473 689 555 718 donec
581 692 767 726 fermentatum
806 702 844 724 est
873 699 968 733 ipsum.

180 726 244 755 Dies
259 737 347 765 regum
363 738 518 763 vestrorum.

216 773 333 804 LXXIII.
352 778 476 811 Quanam
499 782 579 810 modo
598 783 625 810 in
649 785 789 815 maleﬁciis
810 789 868 818 suis
891 791 968 819 exhi-

180 818 329 850 laraverint
355 832 443 863 roges,
467 827 532 855 etin
547 830 699 859 mendaciis
722 834 870 870 principes,
891 837 964 865 clare

179 866 256 894 nobis
285 871 439 903 exponitur.
467 872 554 901 Habet
579 880 670 904 autent
698 866 820 906 historia
835 866 868 909 ad
895 882 966 912 hunc

179 913 298 947 modum,
317 924 396 952 quam
413 918 436 945 si
448 921 509 953 quis
527 920 597 949 forte
626 925 751 958 cognorit
763 945 771 958 .
791 927 884 962 utique
902 937 967 963 pro-

176 959 275 994 phetia:
297 969 407 991 sensum
423 966 544 999 perfecte
567 977 726 1006 cognoscet.
748 973 863 1007 Quando
883 976 967 1012 igitur

177 1004 300 1040 abruptis
320 1007 414 1036 decem
431 1011 556 1042 tribubus
583 1004 696 1053 regnum
716 1004 798 1054 super
813 1027 861 1048 eas
886 1004 965 1050 ibivit

175 1053 360 1081 exsecrandus
384 1053 544 1092 Jeroboam.
558 1060 648 1089 timuit
671 1053 835 1101 magnopere
858 1075 891 1095 ne
913 1068 965 1096 l'or-

176 1098 247 1124 tasse
258 1104 369 1135 propter
386 1101 470 1132 festos
487 1104 546 1133 dies
563 1106 591 1133 in
618 1107 676 1142 lege
696 1098 847 1146 praeceptos
869 1113 964 1142 Hiero-

172 1142 303 1179 solymam
330 1148 525 1184 ascendentes,
555 1154 657 1181 sensim
682 1163 714 1182 eo
738 1157 940 1188 adducerentur
955 1181 962 1193 .

172 1192 201 1215 ut
218 1189 250 1217 de
267 1190 372 1228 integro
389 1196 504 1229 sceptris
516 1196 585 1225 Iuda
602 1207 632 1227 se
648 1201 807 1237 subderent,
824 1211 960 1235 veterum-

172 1240 224 1269 que
239 1234 338 1263 rituum
362 1245 489 1268 renovata
506 1245 648 1279 memoria,
674 1251 720 1274 aut
742 1249 830 1284 ipsum
856 1253 962 1281 occide-

171 1284 243 1313 rent,
273 1286 319 1309 aut
335 1289 409 1313 certe
427 1294 509 1323 regno
525 1289 566 1316 vel
585 1298 780 1328 repugnantem
800 1302 894 1332 postea
913 1306 962 1327 ex-

171 1326 320 1356 turbarent.
338 1328 394 1360 Hac
409 1331 442 1359 de
463 1340 543 1362 causa
567 1335 622 1364 Deo
634 1326 749 1374 invisus,
765 1347 793 1369 et
815 1343 899 1372 miser
915 1353 960 1373 au-

171 1378 233 1399 reos
247 1372 346 1402 vitulos
369 1375 435 1410 ipsis
460 1385 623 1410 consecrare
647 1385 818 1420 deliberavit,
845 1393 872 1417 et
900 1398 959 1419 sce-

169 1415 244 1444 lestte
266 1420 458 1454 pscudolatriie
481 1425 612 1455 rationem
635 1428 747 1464 invenit,
760 1438 787 1460 et
803 1442 886 1463 novos
900 1437 958 1465 dies

169 1461 254 1490 festos
274 1463 300 1491 in
319 1466 434 1500 gratiam
466 1469 611 1500 vitulorum
631 1473 761 1510 instituit,
781 1481 957 1514 quemadmo-

169 1508 232 1540 dum
259 1510 336 1540 libris
361 1512 534 1544 llebrtcorum
562 1519 689 1549 traditur.
717 1508 857 1560 Principio
875 1508 957 1560 igitur

169 1563 268 1589 magno
289 1557 314 1585 in
342 1559 440 1591 timore
456 1567 527 1595 erat,
547 1572 581 1593 ne
595 1565 666 1594 forte
687 1569 820 1602 superiori
839 1576 865 1599 et
879 1574 958 1601 avita:

167 1600 255 1632 lalriae
269 1605 482 1642 patrocinantes,
497 1615 544 1638 aut
559 1612 630 1643 solio
649 1621 679 1642 se
698 1617 866 1651 expellerent
881 1641 888 1652 .
908 1627 955 1653 aut

166 1648 259 1682 etiam,
282 1650 354 1678 sicut
377 1653 445 1686 dixi,
475 1655 674 1692 interﬁcerent,
694 1648 891 1700 repudiatoque
915 1667 956 1695 in-

166 1699 255 1729 cmpto
272 1697 305 1723 ad
326 1699 470 1733 pristinum
494 1709 583 1738 regem
609 1707 698 1734 redire
727 1710 839 1738 mallent
856 1732 863 1744 ,
885 1720 956 1749 aegre

165 1738 296 1776 ferentes,
316 1747 343 1771 et
358 1745 528 1782 indignantes
550 1751 658 1785 merito,
681 1753 792 1789 Moysen
815 1738 953 1787 contunie-

165 1783 234 1814 liose
251 1787 386 1825 habitum,
401 1797 429 1824 et
447 1793 566 1823 divinum
585 1783 741 1828 mandatum
764 1809 778 1830 a
797 1783 954 1839 sepe-dibus

165 1833 364 1864 conculcatum.
398 1839 529 1872 Quocirca
548 1850 609 1870 cum
625 1850 697 1874 esset
722 1847 827 1883 vulpes,
852 1858 867 1878 a
893 1851 954 1880 dolo

164 1880 319 1913 praesidium
345 1884 428 1921 petit,
451 1887 549 1916 multos
574 1897 608 1916 ex
626 1889 709 1918 Israel
730 1880 866 1923 submittit
881 1917 888 1928 ,
910 1898 953 1932 ja-

164 1927 270 1953 ctantes
290 1926 468 1965 dicentesque
489 1931 554 1967 ipsis
574 1933 689 1963 vitulum
717 1926 953 1973 conﬂatidttni,'ct

164 1978 248 1999 nmos
269 1972 328 2001 dies
348 1973 432 2012 festos
458 1985 489 2005 ac
514 1981 639 2015 proprios
667 1982 852 2021 inducendos,
871 1993 953 2024 atque

163 2017 250 2051 ipsum
267 2026 282 2045 a
298 2027 360 2058 rege
377 2024 605 2054 contendendum.
623 2026 671 2055 Ubi
696 2031 824 2064 populum
844 2017 877 2060 ad
902 2017 952 2063 lioc

160 2070 292 2098 perquam
307 2071 432 2101 paratum
454 2076 485 2096 ac
499 2078 675 2107 propensum,
692 2080 719 2102 et
735 2076 814 2110 hujus
829 2079 867 2106 rei
888 2087 951 2108 sua-

161 2108 269 2136 soribus
283 2111 435 2145 astipulari,
457 2121 566 2149 unaque
581 2116 677 2144 iisdem
695 2108 815 2152 gaudere
840 2121 948 2155 didicit,

160 2159 255 2181 coacta
274 2156 406 2188 concione
429 2158 518 2193 palam
547 2162 738 2197 promulgavit,
760 2166 948 2196 adorationcm

160 2200 251 2228 vitulis
271 2202 362 2239 aureis
383 2203 601 2243 impertiendam,
626 2213 653 2235 et
670 2209 742 2237 diem
766 2211 835 2239 l’esto
860 2216 948 2242 octavi

158 2247 260 2275 mensis
276 2248 411 2277 decimum
426 2251 552 2286 quintum
567 2255 658 2282 sanxit
672 2256 705 2288 ‘°,
720 2258 791 2284 sicut
814 2261 946 2295 scriptum

157 2291 279 2327 legimus.
301 2294 381 2330 109
399 2295 460 2324 llmc
476 2301 532 2325 tum
545 2297 708 2329 Jeroboamo
736 2303 860 2337 dicente,
889 2306 946 2333 lau-

157 2338 238 2365 dabat
257 2333 382 2379 populus,
397 2347 423 2369 et
439 2343 629 2372 exclamabat:
650 2355 659 2371 ι
680 2346 741 2374 llaec
762 2355 803 2376 est
828 2351 885 2380 dies
900 2360 944 2380 re-

156 2383 196 2417 gis
215 2393 221 2410 :
240 2393 249 2417 η
271 2385 341 2413 idem
356 2392 384 2415 et
399 2388 477 2416 nobis
491 2390 543 2417 erit
561 2393 741 2428 propositum,
759 2401 786 2422 et
812 2397 871 2425 aliis
881 2400 943 2434 qui-

155 2427 268 2456 busdam
282 2430 468 2467 hujuscemodi
486 2433 610 2463 laudibus
622 2444 682 2464 emn
701 2441 852 2470 recreabat.
877 2427 942 2471 ἀιιίιι

156 2476 255 2512 populo
275 2483 365 2505 autem
386 2479 578 2513 auferebantur
597 2487 624 2509 et
651 2484 733 2512 duces
748 2486 809 2523 ipsi,
835 2496 896 2517 cum
912 2498 945 2518 eo

156 2521 316 2552 sentientes.
332 2528 361 2553 et
378 2531 433 2550 rem
449 2526 638 2559 approbantes.
657 2521 763 2569 Horum-
783 2533 808 2560 in
826 2542 944 2568 prmsens

155 2567 286 2600 propheta
311 2571 444 2598 tneminit.
467 2580 476 2598 ι
506 2571 615 2605 Omnes.
635 2567 942 2611 inquitpaduiterantes

153 2617 182 2638 ut
208 2612 330 2641 clibanus
351 2615 450 2644 ardens
473 2616 500 2653 in
531 2620 683 2650 coctionem
707 2625 905 2655 combustionis
926 2637 940 2656 a

152 2657 271 2686 ﬂmuma.
287 2669 297 2685 ι
313 2659 380 2694 Quia
394 2663 466 2698 enim
490 2663 515 2690 in
534 2664 740 2697 fornicationem
760 2673 940 2708 spiritualem,

152 2705 209 2731 sive
227 2706 252 2732 in
275 2705 455 2745 defectionem
477 2718 490 2737 ιι
520 2710 573 2739 Deo
589 2713 756 2749 deﬂexerant
780 2718 843 2753 (hnc
868 2722 940 2748 enim

154 2755 195 2777 est
211 2750 366 2788 fornicatio)
391 2754 511 2784 clibanos
522 2756 578 2792 jam
600 2766 757 2795 sucecnsos,
783 2770 810 2792 et
830 2766 863 2794 ad
890 2767 939 2806 im-

187 2843 196 2861 '
217 2844 274 2878 Act.
293 2854 330 2884 ιν,
355 2847 400 2876 27.
440 2850 461 2866 ¹⁰
478 2850 512 2878 Ill
535 2850 601 2887 Reg.
623 2861 671 2888 xit,
693 2854 737 2888 52.

707 133 734 160 S.
758 133 894 162 CYRILLI
913 135 1147 175 ALEXANDRINI
1169 143 1326 173 AIICIIIEP.

233 182 315 208 turus
331 186 371 209 est
387 188 475 212 autem
492 193 590 218 sermo.
610 190 734 222 quamvis
747 190 828 218 etiam
844 193 876 220 de
889 195 978 222 cruci-
994 199 1017 227 Α

1781 151 1834 180 135

1074 199 1189 236 ’Λληθὴς
1212 203 1239 230 δέ
1264 205 1278 230 ὀ
1299 204 1387 239 λόγος,
1401 205 1452 233 κᾶν
1467 207 1491 234 εἰ
1509 209 1594 235 νοοῖτο
1614 210 1696 236 πάλιν
1713 210 1761 236 ἔτει
1773 209 1832 237 τῶν

1033 248 1247 281 σταυρωσάντων
1259 250 1304 276 τὸν
1322 251 1504 289 Ἐμμανουήλ.
1522 254 1688 291 Ψευδόμενοι
1700 256 1767 291 γὰρ,
1781 256 1832 284 καὶ

1031 291 1260 325 συκοφαντοῦντες
1274 294 1364 326 αὑτὸν,
1379 296 1484 332 χαίρειν
1504 299 1712 334 παρεσκεύαζον
1737 299 1830 334 Ἠρώ-

1029 335 1077 370 δην
1092 345 1121 362 τε
1136 338 1183 364 καὶ
1196 339 1307 366 Πόντιον
1323 340 1450 374 Πιλάτον,
1470 343 1594 376 καὶτοὺς
1609 345 1829 380 προεδρεύοντας

1028 381 1078 415 τῆς
1094 382 1269 419 Συναγωγῆς.
1289 386 1361 421 Ἔφη
1384 387 1438 422 γάρ
1454 396 1504 414 που
1517 389 1563 416 καὶ
1581 391 1594 416 ὁ
1610 390 1756 422 θεσπέσιος
1772 391 1826 416 Πέ-

1028 435 1091 461 τρος
1105 428 1172 463 πρὸς
1200 429 1245 456 τὸν
1270 431 1324 457 τῶν
1341 432 1410 458 ὅλων
1431 433 1541 469 Πατέρα
1558 435 1606 461 καὶ
1623 435 1700 462 Θεόν·
1728 445 1737 461 ι
1754 436 1824 462 Συν-

1027 471 1150 507 ήχθησαν
1164 473 1218 509 γὰρ
1233 475 1276 501 ἐπ’
1290 476 1418 511 ἀληθείας
1435 479 1463 504 ἐν
1477 480 1509 514 τῇ
1527 480 1602 507 πόλει
1618 481 1702 517 ταύτῃ
1715 482 1762 508 ἐπὶ
1776 482 1823 508 τὸν

1026 516 1103 552 ἅγιον
1119 519 1201 546 παῖδά
1225 529 1272 548 σου
1304 522 1417 558 Ἰησοῦν,
1439 524 1468 550 ὃν
1493 525 1615 561 ἔχρισας,
1637 516 1763 563 Ἡρώδης
1791 536 1821 554 τε

1024 564 1071 590 καὶ
1086 565 1194 598 Πόντιος
1211 567 1326 600 Πιλᾶτος
1344 569 1393 595 σὺν
1410 569 1498 598 ἔθνεσι
1522 573 1569 599 καὶ
1580 573 1654 605 λαοῖς
1672 575 1792 610 Ἰσραήλ.
1807 584 1817 599 ι

1058 611 1170 646 Πάντες
1184 615 1377 649 μοιχεύοντες
1389 616 1428 649 ὡς
1442 618 1585 651 κλίϐανος
1599 620 1757 654 καιόμενος
1774 622 1821 653 εις

1023 656 1118 690 πέψιν
1140 660 1370 695 κατακαύματος
1384 662 1443 689 ἀπὸ
1457 663 1512 697 τῆς
1533 665 1662 699 φλογῆς,
1685 666 1745 693 ἀπὸ
1763 675 1820 700 ρυ-

1017 702 1137 736 ράσεως
1152 704 1277 738 στέατος
1291 706 1346 739 ἕως
1357 707 1410 735 τοῦ
1421 707 1586 744 ζυμωθῆναι
1602 711 1685 738 αὐτό.
1706 711 1818 746 Ἡμέρα

1018 747 1175 779 βασιλέων
1193 750 1287 784 ὑμῶν.

1057 793 1115 820 Of".
1135 795 1213 822 Κατὰ
1227 796 1288 823 τίνα
1301 797 1330 824 δέ
1344 798 1444 834 τρόπον
1458 799 1487 826 ἐν
1503 799 1552 835 μὲν
1562 801 1623 833 ταῖς
1637 802 1747 834 κακίαις
1765 802 1816 830 αὖ·

1021 839 1075 866 τῶν
1090 839 1233 876 ηὕφραναν
1241 842 1369 877 βασιλεῖς,
1378 846 1406 871 ἐν
1419 845 1448 872 δέ
1456 854 1487 879 γε
1504 847 1560 878 τοῖς
1574 847 1698 881 ψεύδεσιν
1714 848 1816 883 ἄρχον-

1019 894 1078 919 τας,
1089 887 1118 913 ἐν
1132 887 1236 921 τούτοις
1247 890 1312 924 ἡμῖν
1326 890 1463 926 ἐξηγεῖται
1476 892 1577 927 σαφῶς.
1593 894 1668 929 Ἔχει
1684 894 1711 920 δὲ
1724 894 1815 928 οὕτως

1018 933 1068 967 τῆς
1095 933 1216 969 ἱστορίας
1240 936 1255 961 ὁ
1278 935 1366 970 λόγος,
1392 937 1426 973 ἢν
1451 938 1530 974 εἴπερ
1553 948 1595 971 τις
1618 940 1699 976 εἰδείη
1717 941 1812 976 τυχὸν,

1017 977 1121 1005 εἴσεταί
1143 987 1195 1006 που
1216 980 1326 1014 πάντως
1343 982 1394 1017 τῆς
1411 985 1578 1020 προφητείας
1593 985 1638 1012 τὸν
1653 986 1725 1013 νοῦν.
1744 987 1812 1014 Ὅτε

1016 1023 1114 1057 τοίνυν,
1130 1024 1338 1061 ἀπορραγεισῶν
1352 1028 1406 1055 τῶν
1416 1029 1481 1056 δέκα
1495 1030 1596 1064 φυλῶν,
1614 1030 1812 1066 βεϐασίλευκεν

1017 1070 1060 1097 ἐπ’
1076 1071 1160 1104 αὑτὰς
1172 1073 1186 1099 ό
1200 1072 1337 1108 ἐπάρατος
1357 1074 1505 1110 Ίεροὸοὰμ,
1519 1075 1604 1111 ἐδεδίη
1630 1077 1742 1113 σφόδρα,
1771 1078 1810 1113 μὴ

1015 1117 1069 1152 ἄρα
1084 1127 1142 1149 πως
1157 1118 1211 1144 τῶν
1226 1119 1327 1155 ἑορτῶν
1339 1119 1419 1146 ἕνεκα
1434 1121 1488 1147 τῶν
1505 1122 1575 1148 κατὰ
1586 1122 1631 1149 τὸν
1641 1123 1724 1158 νόμον
1738 1124 1807 1151 ἀνα-

1015 1163 1152 1196 ϐαίνοντες
1163 1166 1204 1197 εἰς
1216 1166 1399 1201 Ἱεροσόλυμα,
1411 1168 1618 1202 μεταπισοεῖεν
1634 1170 1809 1204 καταϐραχῦ,

1013 1207 1044 1235 τὸ
1064 1208 1147 1236 Ἰούδα
1172 1211 1309 1245 σκῆπτρον
1326 1211 1485 1239 ἀνθελέσθαι
1507 1214 1599 1244 πάλιν.
1624 1215 1671 1240 καὶ
1688 1215 1743 1241 τῶν
1757 1216 1808 1250 ἀρ-

1013 1255 1098 1290 χαίων
1116 1255 1184 1283 ἐθῶν
1201 1257 1357 1292 ἐνεχθέντες
1381 1260 1422 1290 εἰς
1445 1260 1608 1296 ἀνάμνησιν,
1633 1261 1649 1296 ἣ
1674 1262 1808 1289 ἀνέλωσιν

1012 1301 1103 1333 αὐτὸν,
1120 1302 1202 1337 ἤγουν
1220 1302 1360 1336 ἐξώσειαν,
1379 1305 1425 1331 καὶ
1449 1306 1498 1340 οὐχ
1522 1307 1618 1333 ἑκόντα
1642 1307 1807 1342 λοιπὺν,τῆς

1011 1346 1082 1373 κατὰ
1100 1347 1174 1381 σφῶν
1197 1348 1294 1383 ἀρχῆς.
1313 1349 1422 1385 Ταύτης
1440 1350 1522 1378 ἕνεκα
1536 1351 1586 1383 τῆς
1604 1353 1693 1384 αἰτίας
1707 1354 1721 1379 ό
1746 1353 1806 1379 eam

1012 1393 1092 1428 μισὴς
1103 1393 1150 1419 καὶ
1162 1393 1276 1426 δείλαιος
1289 1395 1338 1427 τὰς
1352 1397 1455 1431 χρυσᾶς
1481 1398 1573 1429 αὐτοῖς
1586 1398 1715 1434 δαμάλεις
1729 1399 1805 1434 ἀφιε-

1011 1437 1074 1472 ροῦν
1089 1439 1245 1472 ἐσκέπτετο,
1264 1441 1310 1467 καὶ
1335 1441 1380 1468 τὸν
1404 1442 1454 1478 τῆς
1478 1444 1583 1470 ἀνοσίου
1608 1444 1805 1480 ψευδολατρίας

1008 1484 1114 1511 ἐπενόει
1132 1485 1241 1521 τρόπον,
1261 1487 1308 1514 καὶ
1330 1490 1500 1523 καινοτομεῖν
1528 1490 1667 1526 ἐπεχείρει
1683 1491 1732 1523 τὰς
1756 1492 1803 1518 ἐπὶ

971 1545 995 1576 c
1011 1531 1070 1563 ταῖς
1086 1531 1234 1566 δαμάλεσιν
1249 1533 1355 1569 ἑορτὰς,
1375 1534 1413 1566 ὡς
1429 1536 1443 1561 ὁ
1461 1536 1510 1570 τῆς
1533 1535 1666 1572 Ἐϐραίων
1683 1537 1803 1573 παραδό-

1011 1586 1080 1609 σεως
1093 1578 1148 1613 ἔχει
1163 1579 1250 1613 λόγος.
1264 1578 1317 1607 Ἦν
1331 1579 1377 1608 οὖν
1393 1583 1422 1609 ἐν
1437 1583 1534 1617 ἀρχαῖς
1546 1583 1575 1610 οὐ
1593 1583 1711 1619 μετρίως
1725 1593 1802 1619 περι-

1008 1621 1081 1656 δεὴς,
1109 1623 1146 1658 μὴ
1171 1623 1226 1660 ἄρα
1251 1626 1284 1660 τῇ
1309 1625 1411 1653 ἄνωθεν
1437 1629 1485 1654 καὶ
1506 1629 1537 1655 ὲκ
1564 1629 1688 1664 πατέρων
1708 1630 1801 1661 αὐτοῖς

1008 1667 1112 1704 ἡκούσῃ
1132 1669 1244 1706 λατρεία
1269 1672 1504 1708 συναγορεύοντες,
1520 1674 1602 1709 ἢτῶν
1628 1675 1730 1710 θρόνων
1755 1676 1799 1709 ἐξ·

1007 1712 1117 1746 ὡσειαν,
1135 1714 1152 1749 ἢ
1170 1715 1216 1742 καὶ
1231 1715 1372 1749 ἀνέλωσιν,
1387 1717 1424 1750 ὡς
1439 1718 1517 1754 ἔφην,
1537 1721 1582 1746 καὶ
1603 1720 1798 1756 παρωσάμενοι

1007 1758 1037 1784 τὸ
1050 1759 1213 1795 ἐγχείρημα,
1232 1761 1424 1798 παλινδρομεῖν
1437 1764 1539 1792 ἕλοιντο
1560 1766 1628 1800 πρὸς
1643 1766 1687 1792 τὸν
1703 1767 1732 1793 ἐν
1746 1767 1797 1802 ἀρ-

1007 1806 1076 1839 χαῖς,
1100 1805 1280 1842 λελυπημένοι
1311 1816 1341 1834 τε
1365 1809 1412 1836 καὶ
1437 1810 1652 1844 ἀγανακτοῦντες
1672 1811 1796 1843 εἰκότως,

1005 1851 1042 1882 ὡς
1054 1851 1218 1887 ὑϐρισμένου
1235 1853 1366 1886 Μωσέως,
1384 1856 1430 1882 καὶ
1451 1856 1501 1891 τῆς
1516 1857 1590 1887 θείας
1603 1857 1694 1889 αὐτοῖς
1707 1866 1797 1892 πατη-

1005 1896 1098 1932 θείσης
1112 1898 1229 1934 ἐντολῆς.
1241 1899 1373 1935 Ταύτῃτοι
1384 1901 1496 1937 ἀλώπηξ
1512 1902 1549 1928 ὣν
1564 1902 1604 1934 εἰς
1617 1902 1795 1934 δόλους,καθ·

1006 1942 1061 1978 ίησι
1089 1943 1202 1976 πολλοὺς
1225 1946 1254 1972 ἐν
1281 1946 1319 1981 τῷ
1352 1946 1478 1983 Ἰσραὴλ,
1513 1948 1740 1984 διαθρυλλοῦντὰς
1764 1958 1793 1976 τε

1003 1989 1051 2015 καὶ
1065 1988 1202 2023 λέγοντας,
1221 1991 1262 2017 ὅτι
1287 1992 1340 2027 χρὴ
1365 1993 1411 2020 καὶ
1435 1996 1606 2029 μοσχοποιείν
1624 1996 1732 2028 αὐτοὺς,
1747 1997 1793 2023 καὶ

1003 2037 1174 2071 καινουργεῖν
1191 2037 1283 2078 ἐορτςὶς
1303 2038 1379 2070 ιδίας.
1399 2040 1446 2066 καὶ
1464 2040 1542 2067 τοῦτο
1562 2041 1628 2068 αὐτὸ
1650 2043 1724 2078 παρὰ
1746 2042 1791 2069 τοῦ

1004 2080 1134 2115 βασιλέως
1151 2071 1261 2111 αίτείνί
1274 2084 1382 2121 Ἐπειδὴ
1402 2086 1429 2112 δὲ
1454 2088 1516 2118 τοὺς
1538 2087 1633 2122 ὄχλους
1658 2071 1792 2121 ἐμάνθανε

1003 2127 1068 2153 πολὺ
1085 2127 1117 2163 δὴ
1134 2127 1194 2155 λίαν
1210 2129 1320 2164 ἔχοντας
1336 2131 1460 2167 ἑτοίμους
1477 2133 1515 2164 εἰς
1530 2133 1618 2166 τοῦτο,
1635 2134 1791 2162 mtuanton-

1001 2172 1051 2204 τάς
1070 2181 1099 2199 τε
1121 2174 1168 2200 καὶ
1184 2175 1378 2211 συνηδομένους
1399 2180 1455 2209 τοῖς
1477 2178 1511 2205 τὰ
1530 2179 1618 2205 τοιάδε
1641 2180 1792 2215 συμϐεϐου-

965 2223 987 2250 D
1002 2217 1120 2251 λευκόσι,
1138 2221 1300 2255 συναγαγὼν
1315 2222 1446 2255 ἅπαντας,
1463 2224 1695 2260 προσπεφώνηκεν
1711 2227 1791 2261 ἐναρ-

1002 2263 1067 2298 γῶς,
1084 2264 1124 2291 ὅτι
1147 2267 1194 2292 καὶ
1213 2268 1273 2299 ταῖς
1291 2268 1422 2303 δαμάλεσι
1439 2271 1498 2301 ταῖς
1518 2273 1633 2306 χρυσαῖς
1657 2273 1790 2307 προσήκει

1001 2313 1175 2346 προσκυνεῖν,
1197 2313 1243 2339 καὶ
1264 2314 1314 2348 τὴν
1336 2315 1384 2350 τῆς
1399 2316 1497 2351 ἑορτῆς
1514 2317 1709 2352 πεφανέρωκεν
1724 2318 1791 2353 ἡμέ-

1000 2366 1060 2392 ραν,
1075 2357 1122 2384 τοῦ
1149 2358 1241 2392 ὀγδόου
1266 2360 1350 2394 μηνὸς
1373 2361 1424 2396 τὴν
1445 2363 1701 2398 πεντεκαιδεκάτην,
1718 2364 1789 2390 καΟΞι

997 2403 1163 2438 γέγραπται.
1175 2405 1266 2431 Ταῦτα
1280 2406 1308 2432 δὲ
1323 2406 1447 2440 λέγοντος
1464 2409 1620 2444 τοτηνικάδε
1637 2410 1683 2436 τοῦ
1708 2409 1790 2445 Ἰερο-

995 2449 1067 2484 6οὰμ
1083 2450 1244 2485 ἐπεφήμουν
1258 2452 1282 2477 οἰ
1304 2451 1396 2487 δῆμοι,
1415 2453 1462 2479 καὶ
1476 2454 1680 2490 ἀνεκράγησαν,
1693 2464 1701 2480 t
1714 2455 1789 2491 Αὕτη

995 2495 1118 2530 ἡήμέρα
1139 2497 1187 2523 τοῦ
1212 2497 1360 2532 βασιλέως·
1379 2509 1388 2526 ι
1407 2499 1478 2526 οὓτω
1495 2501 1541 2527 καλ⁸
1565 2501 1645 2536 ἡμεῖς
1666 2501 1789 2536 ἑψόμεθα

994 2539 1032 2574 τῷ
1047 2541 1151 2576 σκοπῷ,
1168 2544 1214 2569 καὶ
1230 2544 1332 2579 ἑτέροις
1342 2545 1369 2571 δέ
1379 2553 1432 2572 τισι
1442 2546 1574 2578 τοιούτοις
1587 2547 1709 2578 ἐπαίνοις
1721 2555 1786 2573 κατ-

994 2587 1148 2620 ευφραίνειν
1172 2588 1278 2623 ἤθελον.
1303 2591 1556 2626 Συναπεκομίζοντο
1584 2592 1611 2619 δὲ
1627 2594 1682 2624 τοῖς
1697 2593 1788 2627 ὄχλοις

995 2632 1042 2657 καὶ
1066 2633 1090 2657 οἱ
1114 2633 1291 2669 καθηγεῖσθαι
1314 2635 1451 2671 λαχόντες,
1478 2638 1655 2674 συνηχοῦντές
1679 2647 1708 2665 τε
1741 2639 1788 2665 καὶ

995 2678 1182 2711 συπιαινοῦντες
1195 2681 1295 2712 αὐτοῖς.
1308 2681 1417 2709 Τούτων
1431 2684 1498 2718 ἡμῖν
1512 2685 1552 2715 εἰς
1565 2685 1595 2711 τὸ
1610 2685 1696 2719 παρὸν
1715 2685 1728 2711 ὁ
1739 2685 1786 2711 τοῦ

995 2725 1134 2760 προφήτου
1152 2727 1336 2763 διαμέμνηται
1357 2729 1446 2764 λόγος.
1466 2739 1475 2756 t
1501 2731 1604 2763 Πάντες
1619 2731 1684 2767 γὰρ,
1706 2731 1785 2767 φησὶ,

996 2772 1167 2806 μοιχεύοντες
1182 2773 1220 2806 ὡς
1239 2774 1364 2807 κλίϐανος
1381 2777 1524 2812 καιόμενος
1540 2778 1580 2809 είς
1603 2777 1685 2813 πέψιν
1702 2786 1786 2806 κατα-
