1913 3042
57 126 102 156 185

518 130 792 159 COMMENTARIUS
811 131 846 158 IN
865 130 978 159 OSEAH
999 129 1221 159 PBOPHETAM.

1630 128 1682 157 l86

62 185 200 221 καύματος,
215 186 273 212 ἀπὸ
289 186 344 222 τῆς
359 187 468 222 φλογός.
490 197 499 214 ›
519 190 724 222 Διανενευκότες
738 190 792 225 γὰρ
808 190 848 221 εἰς

905 190 980 217 missa
1001 189 1139 223 coquenda
1153 192 1262 222 paratos
1288 187 1450 214 referebant.
1473 185 1593 213 Flamma
1610 186 1681 212 enim

65 231 179 268 πορνείαν
199 231 250 266 τὴν
268 232 383 268 νοητὴν,
398 231 480 269 ἤγουν
496 235 535 265 εἰς
558 235 710 262 ἀπόστασιν
729 235 777 270 τὴν
792 235 845 261 ἀπὸ

61 276 121 303 Θεοῦ
136 275 224 310 (τοῦτο
233 276 289 312 γὰρ
302 278 320 312 ἡ
336 279 470 314 πορνεία),
487 279 620 312 κλιϐάνοις
632 280 753 307 ἐοίκεσαν
769 281 845 306 ἐκκε-

61 321 199 356 καυμένοις
214 322 264 357 ἠδη
277 331 349 354 πως,
366 325 414 350 καὶ
429 325 547 359 ἑτοίμοις
563 326 602 357 είς
621 326 701 360 πέψιν
713 322 750 352 ὧν
762 326 793 352 ἄν
805 334 846 357 τις

59 367 178 401 ἐμὸά).οι.
207 368 310 402 Φλογὸς
334 369 389 405 γὰρ
412 368 480 405 ἦσαν
506 372 719 406 μεμεστωμένοι,
744 371 847 406 θερμῆς

60 413 189 447 δηλονότι,
207 414 255 441 καὶ
269 414 352 441 οἱονεὶ
368 415 584 451 διακεκαυμένης
597 416 755 451 ἐπιθυμίας.
779 416 846 442 Ἐοί-

59 466 140 483 κεσαν
153 458 183 484 δὲ
196 459 244 486 καὶ
260 460 623 496 φυράματιστέατος,ἔχοντι
634 462 682 496 μὲν
691 462 739 497 ἤδη
749 461 797 497 τὴν
806 461 849 493 ζύ-

61 511 122 538 μην,
132 503 287 538 ζυμωθέντι
298 505 327 531 δὲ
337 506 456 538 τελείως,
469 508 496 533 ἐν
505 507 595 542 ἡμέρᾳ
607 507 738 541 βασιλέως
748 507 846 540 αὐτῶν,

59 548 110 579 ὅτε,
124 549 254 584 καθάπερ
271 551 339 586 ἔφην
351 552 460 587 ἀρτίως,
484 552 634 587 ἀναφανδὸν
654 553 792 588 εἰρηκότος
801 553 848 580 τοῦ

64 594 217 630 Ὶεροὸοὸιμ,
233 596 274 622 ὅτι
289 597 343 632 χρὴ
360 597 433 624 ϐύειν
449 599 508 629 ταῖς
522 598 663 633 δαμάλεσι,
683 598 728 625 καὶ
743 599 791 629 τὰς
806 599 848 625 ἐπ’

61 638 149 669 αὐτοῖς
174 639 260 666 τελεῖν
288 641 395 675 ἑορτὰς,
422 642 575 676 ἐπεφώνουν
600 643 682 669 αὐτοί·
704 653 713 669 ι
735 643 808 679 Αὕτη
831 644 847 678 ἡ

60 683 153 719 ἡμέρα.
174 686 222 711 τοῦ
249 685 393 720 βασιλέως,
414 697 423 713 ι
442 688 577 724 καθάπερ,
600 689 637 721 ὡς
659 689 739 724 ἔφην,
762 689 776 715 ὁ
798 689 848 724 τῆς

62 729 235 763 παραδόσεως
250 731 308 767 ἔχει
325 733 413 767 λόγος.
431 734 497 760 Τότε
523 735 569 760 καὶ
585 735 711 770 ἐζυμώθη
728 734 847 767 τελείως,

61 776 210 808 τουτέστιν,
223 777 237 803 ό
253 777 332 812 λόγος
346 779 376 812 ἐξ
392 779 452 806 ὅλου
469 778 564 813 γέγονε
578 781 610 815 τῇ
623 780 766 815 δυσσεϐεἱᾳ
782 780 847 807 κάτ-

898 238 977 261 erant
1001 234 1087 268 pleni,
1112 234 1223 261 ferventi
1250 233 1374 260 videlicet
1399 237 1427 259 et
1458 233 1531 259 velut
1557 232 1682 266 ﬂagranti

899 280 1055 314 cupiditate.
1080 280 1186 306 Similes
1210 279 1272 306 itent
1300 287 1395 306 massa:
1421 279 1532 305 habenti
1549 278 1605 312 jam
1629 279 1684 305 fer-

900 330 1035 358 mentum,
1066 325 1170 359 integre
1192 330 1279 352 autem
1303 325 1471 352 fermentatus
1495 325 1521 351 in
1546 324 1588 351 die
1614 323 1685 358 regis

901 371 1040 406 ipsorum;
1061 375 1152 405 utpote
1165 377 1239 402 cum.
1268 375 1298 397 ut
1313 371 1391 398 modo
1411 371 1544 402 dicebant,
1568 369 1685 396 manife-

901 416 1024 444 stissime
1039 416 1162 443 edicente
1172 415 1327 448 Jeroboam,
1346 417 1552 443 sacrificandum
1567 421 1628 442 esse
1645 415 1682 441 vi-

902 461 965 488 tulis
977 461 1131 495 etagendos
1142 461 1168 488 in
1176 461 1304 488 honorem
1318 462 1435 495 ipsormn
1447 462 1504 488 dies
1517 461 1609 493 festos,
1626 468 1684 487 suc-

903 507 1058 535 clamaruut
1073 508 1110 534 illi
1129 516 1155 534 :t
1169 507 1231 534 Haec
1243 507 1300 534 dies
1317 508 1399 541 regis,
1412 516 1421 532 ι
1435 511 1464 533 ut
1478 507 1604 533 traditqu
1616 507 1685 533 litte—

902 552 940 579 ris
950 553 1065 580 aiebam.
1081 553 1156 579 Tunc
1176 552 1366 579 fermentatum
1377 556 1421 578 est
1428 552 1556 586 perfecte,
1567 553 1617 578 hac
1632 557 1684 584 est,

901 605 990 625 sermo
1005 599 1092 625 editus
1116 603 1157 625 est
1174 605 1207 624 ex
1219 604 1279 624 asse
1290 597 1398 631 itnpius.
1421 597 1506 632 igitur
1519 597 1679 631 przeacccnsi

900 644 998 670 animis
1018 643 1184 670 ferventibus
1203 647 1230 670 et
1250 643 1443 676 impotentibus
1467 642 1499 668 ad
1527 648 1679 676 transgres-

900 689 1001 716 sionent
1021 690 1223 724 cupiditatibus,
1239 693 1266 716 et
1281 689 1357 723 prius
1384 688 1537 714 fermentati
1555 687 1669 721 quodam

901 737 980 762 modo
995 736 1142 762 secundum
1157 735 1227 761 hunc
1242 735 1329 768 ipsum
1355 734 1462 760 ntodutn
1488 733 1515 760 in
1531 733 1574 760 die
1595 732 1665 767 regis
1677 752 1686 765 ,

901 780 926 807 in
940 785 1088 807 extremam
1109 781 1275 815 impietatem
1294 779 1412 806 devoluti
1430 784 1503 806 sunt.

62 829 131 855 οχος.
162 822 278 855 Οὐκοῦν,
310 825 526 859 προκεκαυμένοι
543 825 587 852 τὸν
618 825 680 852 νοῦν
695 827 754 858 ταῖς
771 827 810 857 εἰς
846 827 999 861 παράϐασιν
1033 826 1146 862 θερμαῖς
1170 826 1217 853 καὶ
1241 825 1402 858 ἀκαθέκτοις
1432 825 1598 860 ἐπιθυμίαις,
1620 834 1688 860 προ-

63 865 231 901 ξυμωθέντες
247 869 274 895 δὲ
288 868 381 905 ὥσπερ
395 870 466 896 κατὰ
479 869 572 897 τοῦτον
588 871 668 898 αὑτὸν
680 871 726 898 τὸν
740 872 838 906 τρόπον
854 872 883 898 ὲν
901 871 992 907 ἡμέρᾳ
1004 871 1146 906 βασιλέως,
1167 872 1207 902 είς
1221 871 1251 898 τὸ
1267 871 1317 906 τῆς
1332 871 1500 907 φαυλότητος
1521 871 1687 898 κατώλισθον

64 913 157 948 πέρας.

96 959 222 985 Τοιοῦτόν
231 967 258 986 τι
270 959 430 995 δεδράκασιν
447 960 566 988 Ἰουδαῖοι
581 961 660 988 πάλιν
672 960 717 989 ἐπὶ
728 960 848 996 Χριστῷ.

935 958 1000 986 Tale
1022 958 1150 993 quiddam
1174 962 1201 986 et
1223 958 1309 986 Judaei
1334 959 1361 985 in
1385 959 1524 986 Christum
1552 960 1684 989 fecerunt.

64 1004 302 1040 Καταψευδόμενοι
330 1006 383 1042 γὰρ
408 1006 457 1041 τῆς
480 1006 559 1042 δόξης
584 1007 677 1040 αὑτοῦ,
706 1007 751 1034 καὶ
778 1007 849 1033 κατὰ

65 1049 148 1084 βραχὺ
163 1050 227 1081 τοὺς
252 1050 348 1085 ὄχλους
371 1050 524 1084 ἐξέλκοντες
545 1052 596 1088 τῆς
620 1053 660 1084 εἰς
679 1053 759 1079 αὐτὸν
780 1053 848 1086 ἁγά-

65 1104 116 1130 πης
135 1096 159 1121 oi.
174 1095 353 1131 Γραμματεῖς
382 1105 412 1123 τε
428 1098 474 1124 καὶ
488 1099 628 1132 Φαρισαῖοι
648 1098 849 1133 πεπορνεύκασι

65 1141 172 1176 νοητῶς,
191 1143 398 1177 ἀποστήσαντες
421 1143 501 1170 αὑτοῦ
525 1144 574 1179 τὴν
589 1145 718 1178 ἀγελαίαν
734 1144 847 1179 πληθύν.

97 1187 245 1220 Ἤρξαντο
273 1190 300 1215 οὶ
329 1188 472 1223 ἄρχοντες
499 1189 664 1224 Ονμοῦσθιιι
690 1190 724 1222 ἐξ
753 1191 848 1223 οἴνου,

64 1231 191 1263 ἐξέτεινε
220 1232 279 1267 τὴν
306 1233 391 1268 χεῖρα
421 1234 512 1261 αὑτοῦ
534 1236 609 1269 μετὰ
638 1235 759 1270 λοιμῶν,
777 1235 850 1262 διότι

63 1277 277 1311 ἀνεκαύθησαν
293 1279 333 1312 ὡς
356 1280 496 1312 κλίϐανος
510 1282 540 1307 al
558 1281 674 1315 καρδίαι
689 1281 796 1310 αὐτῶν.

95 1323 153 1351 OA'.
176 1322 267 1355 Οἶνον,
281 1324 320 1356 ὡς
334 1325 430 1358 ἔοικεν,
443 1326 535 1353 ἐνθάδε
549 1328 615 1362 φησὶ
627 1327 672 1353 τὸν
688 1327 716 1360 ἐξ
729 1326 850 1362 ἀμπέλου

63 1369 198 1404 Σοδόμων.
215 1369 262 1397 τὸν
286 1371 527 1406 κιταμεθύσκοντα
548 1372 670 1408 καρδίας,
686 1372 733 1399 καὶ
757 1371 850 1398 ὲπιοο-

63 1414 157 1440 λοῦντα
180 1415 229 1443 τὸν
255 1416 327 1448 νοῦν,
353 1417 400 1443 καὶ
421 1417 518 1452 ἀχλύος
535 1418 615 1444 αὐτὸν
639 1418 852 1452 ἀναπιμπλάντα

63 1461 109 1494 τῆς
123 1459 251 1495 ὀλεθρίου
270 1461 315 1488 καὶ
332 1461 469 1498 βδελυρᾶς.
487 1463 731 1498 Δεδυσφορηκότων
750 1463 782 1498 δὴ
805 1460 852 1490 οὖν

64 1505 140 1534 ὲνίων
157 1505 206 1532 ὲπί
222 1514 253 1532 τε
266 1508 300 1542 τῇ
318 1507 372 1533 τῶν
393 1507 534 1543 δαμάλεων
554 1508 723 1543 καινοτομίᾳ,
738 1509 783 1535 καὶ
802 1509 852 1544 μέν

63 1559 101 1577 τοι
123 1551 180 1578 τῶν
198 1551 313 1587 ἑορτῶν,
330 1553 515 1588 παρεϐήγοντο
539 1554 606 1589 πρὸς
628 1555 712 1589 ὀργὰς
726 1555 779 1581 τῶν
802 1555 852 1590 ἀρ-

64 1595 162 1630 χόντων
176 1597 260 1628 τινές.
273 1597 331 1624 Ἵνα
343 1598 370 1624 δὲ
389 1598 425 1634 μὴ
439 1599 525 1634 ὁρῷτο
539 1599 592 1625 τῶν
606 1600 790 1635 σεσιγηκότων
806 1600 852 1627 καὶ

63 1642 199 1678 εὐφημεῖν
222 1643 273 1670 οὐκ
289 1643 459 1679 ἀνεχομένων
476 1646 492 1679 ὴ
508 1645 714 1681 σωφρονεστέρα
737 1646 850 1681 πληθὺς,

64 1687 141 1714 αὐτοὶ
156 1689 214 1720 τοῖς
228 1688 318 1723 δχλοις
333 1689 382 1720 τὰς
397 1691 490 1724 χεῖρας
505 1691 729 1723 συνεκτείνοντες,
746 1691 853 1726 ὲπεφώυ

64 1741 126 1760 νουν
143 1734 192 1760 καὶ
208 1733 249 1760 ἔτι
274 1733 414 1769 μειζόνως,
436 1744 444 1760 t
464 1735 538 1771 Αὕτη
562 1737 578 1771 ἡ
601 1736 691 1771 ἡμέρα
707 1735 753 1763 τοῦ
776 1736 853 1772 βασι-

64 1778 141 1810 λέως,
161 1787 170 1804 ι
193 1779 240 1805 καὶ
261 1780 325 1811 τοὺς
347 1780 396 1814 τῆς
412 1781 582 1816 ἀνοσιότητος
606 1781 767 1816 ἀπεδέχοντο
790 1782 852 1818 τρό-

66 1831 144 1854 πους.
160 1824 317 1859 Ὠργίζοντο
324 1824 412 1851 τοίνυν
429 1825 640 1862 μεμεθυσμένοι,
650 1827 741 1861 φησὶν,
757 1827 852 1862 ἀνοσίᾳ

68 1868 147 1904 μέθῃ,
165 1870 214 1896 καὶ
230 1871 287 1902 τοῖς
305 1871 342 1906 μὴ
365 1872 537 1906 συντρέχουσι
555 1873 609 1902 τοῖς
629 1871 714 1903 οὕτως
731 1873 852 1908 αἰσχροῖς

66 1915 128 1946 τοὺς
149 1915 261 1948 ὀδόντας
276 1915 428 1951 ἐπέτριζον,
440 1917 543 1952 λοιμοῖς
567 1919 780 1950 συνεκτείνοντες
803 1919 853 1950 τὰς

68 1961 171 1988 ἑαυτῶν
196 1963 303 1997 χεῖρας.
321 1963 439 1998 Λοιμοὺς
457 1963 485 1990 δέ
502 1973 567 1999 φησι
583 1965 646 1996 τοὺς
662 1965 765 1999 ὄχλους.
790 1965 853 1990 Ἐπ-

68 2007 194 2043 εκρότουν
204 2008 270 2043 γὰρ,
280 2009 372 2044 φησὶν,
382 2009 418 2041 ὡς
428 2009 505 2046 ἔφην,
519 2010 606 2037 καίτοι
616 2011 797 2045 παιδαγωγεῖν
812 2012 852 2044 εις

69 2053 208 2088 εὐσέϐειαν
224 2053 386 2088 ὀφείλοντες,
401 2055 446 2086 καὶ
460 2055 507 2091 τὴν
522 2056 568 2082 τοῦ
584 2056 767 2092 συμφέροντος
788 2056 853 2083 ἀνα‹

69 2098 187 2132 καλύψαι
203 2099 306 2134 τρίϐον.
329 2099 399 2126 Ἀλλ’
412 2099 481 2139 ἦσαν
502 2100 598 2137 θερμοὶ
613 2102 662 2136 τὴν
677 2102 791 2136 καρδίαν
805 2102 852 2129 καὶ

68 2144 153 2178 αὐτοὶ,
171 2145 250 2179 φησὶ,
267 2145 315 2180 τῆς
332 2146 372 2177 είς
389 2146 542 2182 παράϐασιν
558 2147 703 2182 ἐπιθυμίας
721 2148 770 2183 τὴν
793 2148 852 2175 ὀλε-

68 2188 144 2223 θρίαν
159 2190 200 2221 είς
213 2190 276 2217 νοῦν
290 2190 431 2226 δεξάμενοι
448 2191 545 2226 φλόγα.

106 2236 157 2269 Ἐν
172 2236 212 2268 τῷ
226 2237 445 2271 καταῤῥάσσειν
457 2238 577 2270 αὐτοὺς,
594 2238 670 2272 ὅλην
685 2239 743 2272 τὴν
758 2238 853 2265 νύκτα

899 1004 1058 1031 Meutientes
1077 1005 1149 1031 enim
1165 1009 1259 1031 conlra
1273 1004 1385 1038 gloriam
1413 1005 1497 1039 ipsius
1511 1025 1518 1037 ,
1541 1007 1685 1039 paulatim-

898 1058 950 1084 que
965 1050 1056 1078 turbas
1074 1050 1108 1077 ah
1126 1050 1184 1084 ejus
1206 1050 1351 1078 dilectione
1368 1051 1557 1079 abstraheules
1576 1053 1678 1080 Scribze

898 1102 926 1123 et
948 1096 1089 1128 Pharisaei,
1109 1096 1232 1123 fornicati
1255 1100 1318 1123 sunt
1345 1096 1522 1130 spiritualiter
1549 1098 1683 1133 plebeiam

900 1142 1098 1169 multitudinem
1116 1142 1149 1169 ab
1166 1142 1224 1177 ipso
1237 1147 1405 1169 avertentes.

936 1187 1017 1215 Vsus.
1042 1188 1068 1215 5.
1085 1187 1223 1222 (Imperant
1244 1188 1373 1222 principes
1393 1189 1480 1223 {urere
1504 1198 1520 1215 ιι
1543 1190 1612 1220 uino.
1642 1198 1688 1217 ex-

899 1235 979 1261 tendit
993 1243 1098 1261 manum
1109 1242 1184 1261 suam
1196 1242 1254 1260 cum
1266 1234 1389 1269 pestibus,
1408 1235 1470 1269 quia
1485 1243 1607 1262 succensa
1627 1240 1688 1262 sunt

899 1281 975 1314 quasi
990 1280 1108 1306 clibanus
1126 1280 1206 1306 corda
1222 1287 1324 1306 eorum.

936 1325 1052 1353 LXXIV.
1071 1324 1179 1356 Vinum,
1194 1329 1223 1352 ut
1249 1329 1372 1359 apparet,
1397 1324 1514 1359 appellat
1537 1325 1579 1351 hic
1599 1332 1630 1351 ex
1648 1325 1688 1352 vi-

901 1378 950 1398 nea
968 1371 1146 1397 Sodomorum
1163 1369 1301 1397 inebrians
1320 1369 1414 1402 corda,
1434 1374 1460 1396 et
1477 1370 1589 1396 turbans
1612 1377 1687 1396 mcu-

903 1422 954 1444 tem
968 1438 976 1450 ,
998 1424 1111 1451 eamque
1141 1416 1293 1450 perniciosa
1312 1420 1339 1442 et
1366 1416 1547 1442 abominanda
1564 1416 1682 1450 caligine

902 1462 1026 1496 implens.
1041 1461 1206 1494 Quibusdam
1225 1461 1306 1496 igitur
1326 1461 1474 1488 novitatem
1490 1461 1636 1488 vitulorum
1650 1461 1687 1487 in-

903 1508 1099 1540 troductorum,
1118 1512 1197 1542 atque
1214 1508 1294 1535 etiam
1320 1507 1386 1534 festa
1404 1507 1540 1541 indignius
1572 1506 1683 1533 fcrenti-

903 1554 963 1586 bus,
979 1553 1102 1581 nonnulli
1116 1554 1251 1588 principes
1279 1553 1320 1580 ira
1344 1557 1514 1580 exarserunt.
1538 1551 1576 1579 Ne
1593 1557 1684 1580 autent

905 1599 1062 1632 iacentium,
1076 1604 1103 1626 et
1119 1599 1229 1626 laudare
1244 1606 1295 1626 non
1313 1598 1507 1626 sustinentium
1520 1604 1605 1626 cintus
1620 1607 1681 1633 prn-

903 1645 1008 1672 dentior
1025 1649 1175 1679 putaretur.
1195 1645 1244 1679 ipsi
1259 1652 1319 1672 cum
1341 1644 1439 1679 populo
1466 1652 1562 1671 manus
1588 1649 1686 1670 exteri--

903 1691 998 1719 dentes
1027 1691 1213 1718 acclamabant
1236 1691 1351 1718 validius
1377 1691 1490 1719 adhuc:
1508 1700 1517 1716 ‹
1539 1690 1600 1718 "rec
1621 1691 1681 1718 dies

903 1737 973 1772 regis
988 1757 995 1769 ,
1014 1746 1023 1762 ι
1043 1737 1122 1771 110
1134 1741 1161 1763 et
1179 1743 1269 1764 mores
1285 1736 1384 1771 impios
1407 1736 1602 1771 approbabunt.
1629 1735 1686 1762 Ira-

903 1783 1047 1809 scebantur
1074 1782 1164 1816 itaque
1193 1781 1330 1815 inebriati,
1356 1782 1455 1816 inquit,
1480 1781 1612 1809 ebrietate
1626 1788 1686 1808 sce-

904 1828 999 1860 lerata,
1017 1833 1042 1856 et
1060 1835 1141 1861 super
1158 1828 1191 1854 iis
1212 1828 1258 1862 qui
1286 1828 1311 1854 in
1332 1831 1384 1854 lam
1409 1828 1478 1862 turpi
1496 1829 1602 1862 negotio
1630 1835 1684 1854 non

903 1873 1060 1900 conferrent
1089 1880 1219 1907 operam,
1237 1873 1362 1900 dentibus
1392 1873 1557 1904 stridebant,
1588 1880 1684 1898 manus

904 1927 968 1946 suas
992 1926 1052 1946 cum
1079 1918 1200 1952 pestibus
1236 1917 1421 1945 extendentes.
1448 1917 1542 1945 Pestes
1570 1917 1686 1952 appellat

904 1963 1062 1997 popularem
1086 1961 1276 1996 frequentiam.
1308 1962 1515 1997 Applaudebaut
1537 1962 1621 1993 enim,
1645 1962 1686 1988 in-

903 2009 971 2044 quit,
986 2013 1015 2035 ut
1032 2008 1087 2035 dixi
1101 2028 1109 2041 ,
1128 2015 1282 2042 quanquam
1295 2008 1364 2035 alios
1388 2008 1498 2035 erudire
1513 2008 1545 2035 ad
1564 2008 1686 2034 rationes

904 2056 1010 2090 pictatis
1036 2059 1064 2082 et
1091 2054 1217 2081 utilitatis
1240 2054 1291 2081 iter
1316 2055 1436 2089 pandere
1464 2054 1603 2081 deberent.
1632 2053 1686 2081 Sed

904 2101 1042 2128 fervebant
1068 2100 1195 2128 cordibus
1223 2105 1246 2127 et
1278 2100 1353 2135 ipsi,
1395 2100 1503 2134 inquit,
1533 2099 1685 2134 perniciosa

903 2147 1011 2175 ﬂamma
1040 2145 1196 2180 cupiditatis
1228 2145 1368 2176 deficiendi
1395 2145 1422 2172 in
1451 2145 1570 2172 animum
1602 2146 1687 2172 inlro~

903 2194 997 2221 missa.

939 2238 1020 2265 Vens.
1034 2238 1060 2265 6.
1083 2236 1149 2265 Cum
1174 2237 1223 2271 ipsi
1238 2237 1450 2271 pra'cipitarent,
1477 2242 1558 2263 totum
1586 2241 1685 2263 noctem

67 2280 163 2307 ὕπνου
186 2281 310 2315 Ἐφραῒμ
334 2282 525 2316 ἀνεπλήσθη.
541 2283 619 2317 Πρωῒ
637 2282 772 2317 ἐγενήθη,
800 2283 848 2312 ἀν-

905 2293 994 2312 mnmo
1017 2275 1140 2317 Epltrui'm
1168 2283 1281 2316 repletus
1304 2288 1351 2309 est.
1371 2282 1448 2309 Mane
1473 2282 1572 2316 factum
1592 2287 1644 2314 est,
1661 2287 1685 2309 et

66 2326 175 2359 εκαύθη
195 2326 236 2359 ὡς
250 2326 345 2360 πιιοὸς
362 2327 480 2361 φέγγος.

99 2373 159 2399 ΟΕ’.
175 2372 275 2408 Ἐφην,
287 2373 328 2399 ὅτι
343 2373 465 2408 περιδεὴς
478 2370 512 2408 ἦν
526 2373 593 2407 ἄγαν
605 2373 618 2399 ὁ
632 2373 760 2409 θεομισὴς
777 2373 852 2408 Ἱερο-

67 2417 145 2452 σοὰμ,
169 2417 198 2443 ὲν
222 2417 318 2452 μόναις
343 2417 380 2443 ὢν
395 2417 435 2443 ἔτι
456 2419 516 2449 ταῖς
533 2417 643 2452 σκέψεσι
662 2419 716 2445 τῶν
737 2419 850 2445 ἀνοσίων

68 2463 367 2499 ἒγχειρημάτων.ᾬετο
379 2464 442 2499 γὰρ,
458 2464 504 2491 καὶ
522 2464 755 2499 σφόδραξεὶκὸτως.
770 2465 850 2498 ἀγαν-

67 2509 191 2544 ακτήσειν
215 2509 261 2535 τὸν
291 2508 409 2543 Ἰσραὴλ,
444 2509 468 2534 εἱ
492 2508 647 2543 διαπύθοιτό
671 2518 697 2536 τι
720 2509 849 2542 τοιοῦτον,

66 2555 110 2588 mi
119 2555 172 2581 τῶν
186 2553 326 2589 πατρῴων
346 2554 414 2580 ἐθῶν
427 2555 474 2589 τὴν
485 2555 639 2590 παράϐασιν
657 2556 706 2582 οὐκ
718 2557 746 2582 ὲν
760 2555 851 2591 μικρῷ

66 2601 222 2636 ποιήσεσθαι
238 2600 323 2635 λόγῳ.
344 2600 450 2635 Ἐπειδὴ
465 2601 492 2627 δὲ
508 2603 722 2638 προσπεφώνηκε
737 2602 785 2636 μὲν
796 2604 852 2633 τοῖς

63 2646 146 2681 ὄχλοις
169 2646 266 2678 αὐτὸς,
295 2646 337 2672 ὅτι
364 2645 415 2680 χρὴ
438 2648 497 2678 ταῖς
524 2647 655 2681 δαμάλεσι
679 2648 850 2683 προσκυνεῖν·

63 2695 235 2729 προσήκαντο
249 2693 280 2720 δὲ
296 2692 424 2726 ἀσμένως
438 2693 486 2728 τὴν
500 2693 593 2727 σκέψιν
614 2694 702 2726 αὐτοὶ,
718 2694 764 2720 καὶ
784 2694 851 2726 ὁμοῦ

62 2740 112 2769 τοῖς
127 2739 262 2775 ἄρχουσιν
275 2738 455 2772 ἐπεκράτουν,
476 2739 512 2770 ὡς
527 2739 595 2774 όροὰ
612 2740 661 2766 καὶ
679 2741 852 2774 συμφέροντα

61 2786 164 2823 ψρονεῖν
188 2793 220 2811 τε
254 2784 304 2811 καὶ
327 2783 397 2818 δρᾷν
420 2784 560 2820 ᾑρημένοι·
586 2785 690 2820 ἀπέστη
708 2785 852 2820 δειμάτων,

44 2830 274 2873 ’ἀποκεχώρηκεν
297 2828 429 2863 ὑποψίας,
447 2825 564 2864 εὔθυμός
580 2840 608 2857 τε
624 2831 734 2858 διετέλει
752 2831 853 2865 λοιπὸν,

904 2331 1023 2357 incensus
1047 2336 1083 2356 est
1102 2329 1166 2356 velut
1187 2329 1254 2363 ignis
1270 2328 1366 2355 lumen.

940 2375 1043 2403 LXXV.
1066 2375 1168 2406 Monui,
1194 2374 1348 2406 Jeroboam,
1373 2381 1477 2400 summo
1503 2380 1639 2402 versatum
1659 2375 1685 2401 in

904 2425 988 2452 metu,
1005 2420 1066 2447 dum
1081 2421 1169 2447 adhuc
1189 2419 1222 2446 de
1246 2419 1330 2453 itnpio
1350 2419 1472 2446 facinore
1499 2420 1685 2453 nggrcdinndo

903 2467 1072 2494 deliberaret.
1090 2465 1286 2500 Suspicabatur
1311 2465 1395 2496 enim,
1428 2470 1455 2492 et
1474 2465 1581 2500 quidem
1592 2466 1687 2493 rectis-

903 2512 981 2544 sime,
1009 2518 1079 2546 atgre
1111 2499 1229 2536 laturum
1261 2508 1368 2542 Israel,
1390 2511 1412 2536 si
1438 2510 1501 2541 quid
1529 2499 1684 2544 huiusmodi

904 2555 1073 2591 comperiret,
1093 2555 1296 2590 patriorumque
1312 2554 1411 2581 rituum
1435 2554 1610 2580 violationcm
1628 2562 1680 2580 non

906 2602 1099 2637 neglecturum.
1130 2601 1274 2634 Postquam
1303 2606 1392 2626 autem
1420 2600 1545 2634 populqu
1571 2599 1627 2634 ipse
1651 2600 1684 2626 de

904 2648 995 2675 vitulis
1011 2647 1154 2674 aderandis
1174 2645 1356 2679 compellavit,
1379 2650 1406 2672 ct
1434 2646 1549 2680 cogitata
1567 2646 1625 2680 ejus
1650 2645 1683 2672 li-

905 2695 999 2721 benter
1014 2693 1190 2724 admiserunt,
1205 2696 1233 2719 et
1247 2691 1328 2719 simul
1343 2699 1403 2717 cum
1423 2692 1588 2726 principibus
1609 2693 1684 2726 plau-

905 2747 962 2766 sum
978 2747 1059 2773 super
1071 2746 1102 2766 eo
1122 2738 1262 2770 dederunt,
1281 2744 1407 2772 tanquam
1424 2737 1550 2771 quijusta
1567 2743 1594 2764 et
1625 2737 1684 2765 ἰηι-

901 2789 994 2813 ctuosa
1011 2793 1072 2812 cum
1091 2792 1198 2820 sapere,
1215 2789 1270 2811 tum
1285 2783 1577 2816 facereiustituissent,
1596 2788 1684 2811 terro-

900 2838 956 2859 rem
974 2830 1109 2866 deposuit,
1137 2830 1318 2865 suspicionem
1343 2829 1449 2863 abiecit,
1482 2829 1683 2863 tranquilloque
