1913 3042
24 153 63 181 189
496 156 772 186 COMMENTARIUS
793 157 826 185 IN
846 158 962 188 OSEAM
983 160 1209 191 PROPHETAM.

1616 171 1668 200 190

21 210 112 241 αὐτοῖς
127 229 134 241 ,
162 209 214 236 καὶ
228 209 359 244 γείτονας
384 212 548 246 Μωαϐίτας,
579 215 625 242 καὶ
648 215 826 251 Ἰδουμαίους,

883 217 1023 252 Moabitas,
1056 226 1082 248 et
1105 220 1247 254 Idumaeos,
1270 226 1296 250 et
1320 223 1450 260 Syrorum
1479 231 1604 260 gentem,
1621 230 1667 263 qui

21 255 62 283 καὶ
77 255 119 282 τὰ
135 255 235 291 Σύρων
255 255 344 291 εονη,
364 257 391 284 οἳ
412 260 553 294 μονονουχὶ
572 260 770 296 κατεδηδόκασι
785 262 831 289 τὸν

25 302 166 337 Έᾳραῖμ.
191 302 303 338 Ἐπειδὴ
315 303 373 339 γὰρ
388 304 469 340 ἄρτον
488 305 569 332 αὐτὸν
592 307 744 342 ἐγκρυφίαν
766 307 830 343 ἔφη,

21 347 190 383 μεμένηκεν
208 349 237 376 ὲν
253 350 286 384 τῇ
311 350 361 376 τοῦ
376 350 457 384 λόγου
478 353 577 387 τροπῇ.
598 352 685 388 Ἰσχὺν
697 353 726 380 δὲ
747 353 831 380 αὑτοῦ

20 400 86 427 φησι
103 392 161 428 τὴν
185 394 308 429 ἀριθμοῦ
327 395 472 430 κρείττονα
488 396 603 432 πληθύν.
621 397 832 434 Πολυανδροῧσα

20 438 72 472 γὰρ
88 439 158 466 λίαν
173 441 194 475 ἡ
210 440 293 476 φυλὴ,
312 441 431 476 μάλιστα
445 441 492 469 τοῦ
512 442 644 479 Ἐφραῒμ,
659 445 706 471 καὶ
727 444 831 480 ὑψηλὴν

21 484 65 510 ἐπὶ
83 485 184 522 τούτῳ
199 486 251 522 τὴν
270 487 358 523 ὀφρὺν
378 489 565 521 ἀνατείνουσα,
582 490 657 525 δεινὴ
673 491 721 517 καὶ
733 491 832 518 ἀναντ-

22 530 185 564 αγώνιστος
199 531 270 568 ᾤετό
294 543 347 561 που
363 535 411 561 καὶ
428 535 520 567 αὐτοῖς
534 535 644 563 ἔσεσθαι
658 537 715 568 τοῖς
739 537 833 564 Ἀσσυε

23 576 91 610 ρίων
112 577 305 613 καθηγηταῖς,
318 579 378 614 ἦτοι
390 581 562 615 στρατηγοῖς.
578 580 687 616 Ἐπειδὴ
701 581 729 607 δὲ
744 590 832 616 παρα-

24 624 161 656 γεγόνασι
171 624 220 650 τὸν
229 626 289 651 κατ’
298 625 388 652 αὐτῶν
402 626 534 661 ἀράμενοι
543 627 605 653 πόλε
610 635 669 660 μον,
679 627 782 653 ἀκονιτὶ
794 627 832 654 δε-

24 668 198 704 δαπάνηται,
211 670 260 696 καὶ
269 670 367 705 ἦγοντο
377 671 444 707 πρὸς
457 672 655 707 αἰχμαλωσίαν.
665 673 747 706 Ἀλλ’,
759 683 767 698 ‹
774 674 832 699 Οὐκ

25 714 110 748 ἔγνω,
122 725 133 741 ι
148 715 231 752 φησὶ,
245 717 398 751 τουτέστιν,
411 718 461 744 οὐκ
480 718 606 753 ἐνενόησε
622 719 672 754 τῆς
690 720 832 755 συμφορᾶς

31 759 80 795 τῇ
91 761 197 794 αἰτίαν,
215 762 306 789 καίτοι
316 762 377 789 δέον
390 763 472 790 αὑτὸν
486 764 538 791 κᾶν
555 764 620 798 γοῦν
633 765 678 791 διὰ
691 764 745 791 τῶν
763 773 831 800 συμ-

41 805 190 842 ξεὸηκότων
207 807 276 835 ἰέναι
293 808 363 844 πρὸς
376 809 513 846 αἴσθησιν.
528 811 561 837 ‘0
578 811 633 846 γὰρ
652 812 701 846 οὐχ
721 811 829 847 ὁρᾶται,

41 853 164 885 milia“;
189 854 223 880 ἐκ
247 854 422 890 προμηθείας
446 856 475 882 ὲν
497 856 646 891 ὀφθαλμοῖς
674 858 778 884 ἱστᾶσιν
801 858 829 883 αἱ

42 900 136 934 πεῖραι.
155 899 213 925 Καὶ
229 900 342 935 ἄμεινον
357 901 406 936 μὲν
423 901 453 928 τὸ
472 890 710 930 κατασκέπτεσοαι
724 904 754 930 τὸ
765 912 830 938 συμ-
846 890 866 917 Β

41 945 124 980 ςιέρον,
142 945 194 981 τὴν
208 947 308 981 πεῖραν
328 947 379 973 οὐκ
393 947 587 983 ἀναμένοντας.
600 949 631 975 Εἰ
646 949 674 975 δὲ
686 949 717 984 δὴ
733 950 828 977 τούτου

42 991 137 1024 γένοιτο
164 992 214 1018 καὶ
229 992 416 1028 ἀφαμαρτεῖν,
435 993 491 1020 ἀλλ’
516 992 562 1021 οὖν
586 995 732 1022 πεπονθόσι
748 1004 828 1032 περι-

41 1037 108 1064 έσται
125 1037 223 1064 λοιπὸν
234 1038 267 1065 τδ
281 1038 332 1066 κᾶν
346 1039 375 1072 ἐξ
387 1039 470 1074 αὐτῆς
485 1039 614 1067 δύνασθαι
626 1042 696 1068 νοεῖν
710 1042 758 1077 τῆς
774 1043 829 1069 πεί-

42 1093 82 1120 ρας
94 1085 126 1111 τὸ
143 1085 296 1119 ἀναγκαῖον
311 1086 359 1112 καὶ
374 1086 546 1122 ὀνησιφόρον.
564 1088 621 1114 Οὐκ
647 1087 717 1122 ἔγνω
728 1088 827 1121 τοίνυν,

42 1130 124 1165 φησὶν,
150 1131 165 1157 ὸ
182 1130 317 1165 Ἐφραῖμ,
340 1131 428 1158 καίτοι
449 1132 669 1168 πεπολιωμένος,
692 1135 827 1168 τουτέστι,

42 1174 139 1210 μακροῦ
156 1175 348 1210 διαγεγονότος
361 1176 523 1211 χρόνου,κα“ι
540 1178 590 1204 οὐκ
599 1177 734 1211 ἀνικάνως
751 1179 828 1214 ἕχον-

40 1228 76 1252 »;
96 1222 136 1253 εἰς
152 1221 184 1248 τὸ
209 1221 357 1248 παιδεῦσαι
374 1222 478 1255 λοιπὸν,
496 1223 544 1250 καὶ
557 1224 704 1252 ἀναπεῖσαι
721 1225 826 1261 μαθεῖν,

35 1266 88 1293 τινα
99 1267 132 1302 δὴ
151 1267 259 1303 τρόπον
270 1268 363 1300 αὐτοῖς
377 1268 411 1295 τὰ
427 1269 518 1296 τοιάδε
537 1270 705 1306 συμϐέϐηκε.
719 1272 773 1298 Καὶ
785 1273 825 1298 ὅτι

33 1313 240 1348 προσκέκρουκε
265 1314 306 1349 τῷ
330 1314 474 1347 διασώζειν
503 1316 621 1351 ἰσχύοντι
635 1337 641 1349 ,
659 1317 755 1350 δεινοῖς
780 1320 827 1346 καὶ

37 1359 169 1395 ἀδοκήτοις
181 1360 331 1387 ἐνώλισθον
345 1363 450 1392 κακοῖς.

64 1406 114 1432 Kal
137 1406 400 1439 ταπεινωθήσεται
420 1407 439 1441 ὴ
457 1407 540 1442 ὕϐρις
559 1408 612 1435 τοῦ
637 1409 755 1443 Ἰσραὴλ
783 1411 827 1443 εὶς

39 1451 193 1484 πρόσωπον
207 1450 317 1483 αὑτοῦ,
336 1451 388 1478 καὶ
403 1452 458 1478 οὐκ
473 1452 665 1488 ἐπέστρεψαν
676 1455 750 1489 πρὸς
770 1457 826 1482 Κύ-

37 1504 90 1530 ριον
102 1496 158 1522 τὸν
174 1497 254 1523 θεὸν
269 1497 380 1531 αὐτῶν,
399 1498 447 1525 καὶ
462 1500 518 1526 οὐκ
532 1499 716 1534 ἑξεῦὶτησιιν
734 1501 827 1528 αὐτὸν

37 1540 145 1568 ὲνπᾶσι
163 1541 298 1574 τούτοις.

60 1584 121 1612 ΟΘ¹.
144 1568 316 1621 Ἐρμηνειὶει
341 1587 434 1621 σαφῶς
444 1587 512 1623 ὅπερ
533 1587 596 1624 ἔφη.
617 1589 655 1616 Τὸ
677 1590 742 1625 γὰρ,
769 1591 826 1618 Οὐκ
840 1568 862 1596 c

37 1630 111 1664 ἔγνω,
137 1631 235 1657 καίτοι
262 1631 467 1667 πεπολιωμένος
491 1634 506 1659 ὀ
529 1633 666 1669 Ἐφραῒμ,
689 1635 830 1671 ὃιατρανοῖ

36 1676 116 1703 πάλιν.
138 1676 173 1702 Ἡ
196 1676 254 1711 γὰρ
271 1676 360 1712 ὕϐρις,
375 1678 452 1713 φησὶ,
470 1678 518 1705 τοῦ
539 1679 658 1715 Ἰσραὴλ,
673 1682 826 1712 τουτέστιν,

34 1722 221 1756 ὴὰπόστασις,
240 1723 275 1757 ἢν
295 1723 424 1758 νενόηκεν
447 1724 476 1756 ἐξ
498 1725 658 1760 ὑπεροψίας,
683 1726 715 1752 δι’
731 1727 764 1761 ἣν
782 1728 829 1754 καὶ

33 1768 211 1795 ἀπνένευκεν
224 1768 272 1794 ἐπὶ
286 1768 364 1801 θεοὺς
385 1769 552 1805 ἀλλοτρίους,
567 1771 612 1798 τὸν
636 1771 715 1806 φύσει
736 1781 765 1798 τε
782 1773 829 1799 καὶ

30 1813 133 1849 ἀληθῶς
155 1814 304 1849 ἀτιμάζων
326 1815 409 1848 Θεὸν,
427 1817 669 1852 ἀποστραφήσεται
689 1819 729 1850 εἰς
744 1819 829 1854 πρόσ-

30 1869 97 1886 ωπον
111 1861 212 1888 αὐτοῦ.
228 1861 342 1896 Ὅμοιον
358 1861 397 1893 ὼς
410 1863 434 1888 εἰ
451 1862 535 1896 λέγοι·
552 1863 678 1898 ’Ὕϐρεως
692 1865 766 1899 αὐτῷ
781 1866 828 1892 καὶ

30 1906 138 1941 ἀτιμίας
162 1907 346 1941 ἀναφανεῖται
372 1907 511 1942 πρόξενος.
536 1909 622 1936 Τοῦτο
651 1909 704 1944 γὰρ
731 1910 761 1936 τὸ
787 1912 827 1943 εἰς

29 1953 176 1987 πρόσωπόν
190 1961 265 1985 τινος
284 1954 505 1990 ἀποστρέφεσθαί
521 1963 558 1982 τι.
581 1955 661 1982 Ἀλλὰ
683 1956 771 1983 καίτοι
792 1957 828 1984 τὰ

29 1999 116 2026 τοιάδε
127 1999 289 2033 πεπονθὼς,
303 2000 385 2027 πάλιν
397 2001 448 2027 οὐκ
460 2000 530 2036 ἔγνω
541 2002 618 2033 Θεὸν,
631 2002 692 2028 οὔτε
710 2002 762 2038 μὴν
769 2003 826 2042 ¹τῆς

30 2044 95 2080 πρὸς
112 2046 200 2072 αὑτὸν
216 2047 385 2081 ἐπιστροφῆς
396 2047 538 2074 ἐποιοῦντο
554 2047 644 2082 λόγον.
656 2048 774 2084 Σκληροὶ
786 2049 826 2081 δὲ,

30 2091 74 2117 καὶ
83 2091 227 2125 ἄτεγκτοι,
245 2092 294 2118 καὶ
309 2091 377 2118 πολὺ
401 2093 543 2125 νοσοῦντες
555 2093 585 2120 τὸ
610 2094 761 2128 ἀφιλόθεον,
780 2095 828 2122 καὶ

31 2136 56 2162 ἐν
70 2136 162 2168 αὐτοῖς
174 2136 311 2172 ὁρώμενοι
325 2139 381 2169 τοῖς
399 2137 506 2171 δεινοῖς,
526 2139 717 2175 Ἀναισθησίας
733 2140 761 2167 δὲ
778 2142 827 2176 τῆς

31 2182 146 2218 ἐσχάτης
171 2183 300 2218 ἔγκλημα
315 2184 401 2215 τουτὶ,
417 2185 463 2211 καὶ¹
480 2185 529 2221 τῆς
543 2187 583 2217 εἰς
605 2186 682 2221 λῆξιν
705 2185 826 2223 ἡκούσης

33 2227 196 2264 ἁδελτηρίας
209 2229 346 2262 ἀπόδειξις
360 2232 487 2267 ἐναργής.

65 2274 119 2302 Καὶ
133 2273 175 2309 ἦν
185 2275 312 2310 Ἐφραΐμ
325 2277 366 2309 ὡς
380 2277 542 2312 περιστερὰ
554 2278 658 2311 ἄγους,
668 2279 723 2305 οὐκ
737 2278 826 2314 ἔχου-

34 2329 72 2346 σα
86 2320 226 2355 nupti/ar.
241 2322 642 2357 Αιγυπτονὲπεκαλεῖτο,καὶ
659 2326 702 2358 εις
718 2326 828 2353 Ἀσσυ-

34 2367 114 2400 pin
135 2367 358 2402 ἐπορεύθησαν.
375 2370 480 2404 Καθὼς
501 2371 540 2398 ἂν
560 2372 743 2405 πορεύωνται
764 2372 828 2398 ἑπι-

38 2412 110 2439 εαλῶ
130 2413 178 2440 ἐπ’
191 2414 305 2448 αὐτοὺς
324 2416 359 2442 τὸ
383 2416 508 2444 δίκτυόν
517 2426 588 2453 μου.
607 2419 711 2452 Καθὼς
726 2411 828 2446 tit-its-

45 2459 111 2486 τεινὰ
135 2459 190 2486 τοῦ
217 2461 348 2494 οὐρανοῦ
376 2462 493 2495 κατάξω
519 2465 641 2497 αὐτούς.
668 2466 825 2493 Παιδεύσω

46 2504 140 2537 αὐτοὺς
159 2505 195 2532 ἐν
210 2505 289 2540 ἀκοῇ
307 2506 364 2541 τῆς
378 2508 510 2542 θλίψεως
527 2509 636 2537 αὐτῶν.

73 2549 107 2577 II’.
129 2551 300 2587 ’Δναμνῆσαι
312 2552 354 2578 δεῖ
370 2553 451 2580 πάλιν
464 2554 519 2582 τῶν
530 2556 732 2592 γεγραμμένων
744 2558 773 2584 ὲν
788 2559 822 2593 τῇ

46 2595 145 2631 τετάρτῃ
159 2597 215 2623 τῶν
230 2597 394 2625 Βασιλειιῖω·
413 2601 564 2636 συνήσομεν
574 2602 628 2637 γὰρ
644 2603 762 2635 εὐκόλως
775 2603 824 2629 ὡδὶ

47 2640 87 2666 τῶν
107 2643 294 2678 προκειμένων
310 2644 357 2670 τὸν
377 2645 450 2672 νοῦν.
471 2646 550 2682 Ὠσηὲ
570 2647 660 2675 τοίνυν
682 2649 738 2680 υίὸς
757 2649 823 2675 Ἣλὰ

49 2686 219 2719 βεϐασίλευκεν
243 2690 272 2715 ὲν
297 2690 441 2726 Σαμαρείᾳ
464 2692 510 2719 ἐπὶ
533 2693 578 2720 τὸν
606 2695 726 2730 Ἰσραήλ.
751 2695 823 2730 Πρὸς

49 2732 121 2761 τοῦτον
132 2735 264 2769 ἀγγέλους
276 2736 409 2771 πέπομφε
433 2739 633 2777 Σαλαμανασὰρ
648 2741 826 2777 ὸἋσσύριοςί

49 2779 73 2805 τὰ
88 2780 180 2818 συνήθη
202 2782 280 2818 δῶρα
308 2783 542 2820 τυραννικώτερον
556 2786 681 2821 ἐξαιτῶν,
697 2787 776 2823 μόνον
794 2788 821 2814 δὲ

74 2871 88 2887 ¹¹
103 2871 131 2900 IV
143 2872 206 2908 Reg.
229 2878 303 2906 ινιτ,
329 2872 354 2898 l.

884 269 989 292 tantum
1007 273 1060 294 non
1080 267 1248 296 devorarunt
1269 269 1412 304 Ephraim.
1435 271 1570 305 Quoniam
1596 275 1669 302 enim

882 311 971 346 ipsum
1001 319 1099 347 panem
1128 315 1341 343 subcinericium
1365 318 1522 352 appellavit,
1544 320 1671 347 consistit

883 358 909 385 in
923 359 1048 387 oratione
1060 359 1174 394 tropica,
1203 361 1488 398 innumerabilemque
1518 365 1671 393 multitudi-

883 412 943 432 nem
960 405 1044 432 rohur
1065 404 1125 439 ejus
1156 411 1304 441 nuncupat.
1324 407 1473 437 Numerosa
1503 410 1574 437 enim
1606 411 1671 438 viris

883 455 1053 484 unaquaque
1066 450 1163 483 tribus,
1179 452 1328 484 praesertim
1345 452 1550 487 Epltraimitica,
1566 455 1630 488 fuit,
1643 460 1671 482 et.

882 495 917 522 ob
934 495 960 522 id
976 496 1150 529 supercilium
1165 496 1273 529 tollens,
1289 497 1487 526 formidabilem
1501 506 1527 527 ct
1540 501 1668 528 invictam

883 541 924 568 vel
943 541 1008 576 ipsis
1024 541 1198 576 Assyriorum
1221 542 1282 569 belli
1305 543 1431 575 ducibus,
1456 545 1514 571 sive
1545 546 1664 579 impera-

883 588 987 616 toribus
1000 595 1029 615 se
1040 588 1098 615 fore
1122 589 1318 617 arbitrabatur.
1348 589 1399 622 Qui
1416 590 1460 617 ubi
1478 597 1602 626 suscepta
1620 599 1669 619 ex-

883 633 1018 668 peditione
1032 634 1190 668 adfuerunt,
1214 642 1282 670 quas
1307 635 1361 662 dixi
1386 635 1473 663 tribus
1501 637 1570 663 citra
1599 636 1669 663 diili-

882 680 1009 708 cultatetn
1032 681 1167 713 contritae,
1195 686 1222 709 et
1251 689 1300 715 pro
1311 681 1426 716 captivis
1447 682 1570 717 abductae
1593 686 1666 710 sunt.

883 725 946 758 Sed,
961 735 969 751 ι
985 733 1037 753 non
1051 727 1189 761 cognovit,
1202 736 1210 752 ι
1221 727 1319 761 inquit,
1333 728 1383 754 hoc
1399 733 1452 760 est,
1471 728 1550 762 112
1560 736 1670 755 causam

882 770 1046 798 calamitatis
1065 779 1117 798 non
1136 773 1280 806 cogitavit;
1297 773 1404 800 tametsi
1423 773 1520 801 saltem
1539 781 1573 801 ex
1587 781 1671 800 even-

884 818 917 844 tis
928 816 956 844 in
976 817 1034 852 ejus
1050 817 1233 852 cognitionem
1256 818 1351 846 venire
1373 819 1475 846 debuit.
1505 819 1581 852 Quod
1599 819 1670 846 enim

883 863 973 890 animo
989 871 1041 890 non
1061 864 1178 897 videtur,
1208 872 1395 898 saepenumero
1417 865 1585 899 experientia
1607 871 1671 891 ante

883 910 976 937 oculos
993 910 1143 938 constituit.
1162 910 1195 938 Et
1221 915 1331 945 przestat
1346 919 1399 938 non
1412 916 1570 945 exspectata
1589 918 1672 945 expe-

884 955 980 982 rientia
1005 953 1217 990 Circumspicere
1243 956 1308 990 quid
1336 956 1482 983 conducat.
1513 956 1535 982 Δ
1567 963 1621 990 quo
1647 956 1669 982 si

884 1000 1013 1029 aberrare
1030 1002 1181 1036 contingat.
1198 1003 1251 1030 hoc
1264 1007 1353 1030 tamen
1369 1003 1534 1038 relinquitur
1546 1023 1553 1035 ,
1568 1007 1598 1030 ut
1612 1004 1669 1037 ipsa

882 1049 1048 1084 experientia
1067 1048 1133 1083 quid
1152 1048 1226 1076 iacto
1242 1056 1311 1084 opus
1330 1049 1376 1080 sit,
1394 1049 1514 1084 quidque
1527 1049 1667 1083 expediat,

883 1094 1035 1130 intelligere
1060 1094 1208 1129 possimus.
1235 1095 1326 1128 Inquit
1351 1095 1444 1129 igitur.
1461 1097 1520 1123 Non
1544 1094 1670 1128 cognovit

881 1141 1023 1176 Epltraim,
1038 1141 1164 1176 quamvis
1181 1141 1258 1168 canis
1281 1148 1419 1176 aspersus,
1446 1141 1497 1168 hoc
1511 1146 1563 1174 est,
1590 1141 1669 1175 longo

883 1192 1004 1222 tempore
1018 1187 1120 1222 elapso,
1135 1188 1206 1222 quod
1226 1194 1273 1214 eos
1297 1187 1432 1222 potuisset
1451 1192 1549 1222 postea
1564 1188 1662 1213 docere

882 1237 909 1260 ct
925 1233 1055 1260 credibile
1068 1232 1175 1266 facere,
1192 1240 1311 1268 quonam
1333 1233 1412 1260 modo
1423 1233 1481 1260 lia-.c
1494 1233 1560 1267 ipsis
1578 1233 1666 1260 conti-

882 1278 986 1313 gerint;
1000 1284 1026 1305 et
1037 1278 1100 1313 quia
1116 1278 1281 1306 oﬂ'enderint
1296 1286 1378 1313 penes
1389 1285 1469 1313 quem
1484 1283 1526 1306 est
1546 1279 1630 1311 salus,
1644 1278 1670 1305 in

881 1324 983 1352 atrocia
995 1328 1022 1351 et
1031 1325 1217 1359 iuexstiectata
1231 1325 1301 1352 mala
1313 1324 1453 1352 incidisse.

916 1413 999 1441 Vens.
1017 1413 1060 1440 10.
1079 1412 1113 1440 Et
1125 1413 1311 1440 humiliabilur
1325 1414 1426 1448 injuria
1439 1413 1525 1441 Israel
1537 1414 1563 1440 in
1576 1413 1668 1449 faciem

880 1460 947 1495 ejus,
967 1465 990 1487 et
1007 1468 1058 1487 non
1074 1460 1169 1487 reversi
1187 1465 1248 1486 sunt
1263 1460 1296 1486 ad
1312 1459 1454 1486 Dominum
1471 1460 1553 1486 Deum
1566 1467 1667 1493 eorum,

879 1513 902 1534 et
916 1515 967 1534 non
981 1507 1154 1541 quasiverunt
1167 1514 1227 1533 eum
1241 1506 1269 1532 in
1284 1506 1404 1533 omnibus
1419 1506 1469 1533 his.

916 1593 1034 1620 LXXIX.
1061 1593 1141 1620 Clare
1164 1592 1360 1627 interpretatur
1391 1592 1464 1627 quod
1488 1592 1569 1619 dixit.
1600 1591 1667 1619 Nam

878 1648 928 1667 cur
944 1647 997 1666 non
1011 1638 1169 1674 cognoverit
1180 1638 1323 1672 Epliraim,
1336 1638 1400 1665 licet
1415 1644 1501 1664 canus
1517 1657 1525 1670 ,
1541 1637 1669 1671 deinceps

879 1686 1010 1712 declarat.
1027 1684 1127 1719 Iniuria
1148 1685 1220 1711 enim
1235 1683 1328 1715 Israel,
1355 1684 1452 1717 inquit,
1471 1683 1523 1710 hoc
1535 1687 1586 1714 est,
1612 1682 1666 1709 dis-

878 1731 976 1763 cessio,
989 1737 1069 1765 quam
1081 1738 1114 1757 cx
1127 1730 1252 1764 superbia
1270 1729 1415 1756 meditatus
1425 1734 1476 1761 est,
1492 1734 1519 1756 et
1536 1729 1571 1755 ob
1584 1735 1666 1762 quam

878 1777 960 1803 etiam
978 1777 1011 1803 ad
1027 1777 1091 1803 deos
1109 1775 1212 1802 alienos
1236 1775 1394 1808 declinavit,
1425 1779 1522 1802 natura
1547 1780 1573 1802 et
1590 1774 1663 1802 veri-

879 1827 934 1849 tate
948 1822 1033 1850 Deum
1052 1826 1226 1856 aspernatus,
1247 1826 1424 1849 convertetnr
1443 1821 1470 1848 in
1487 1821 1583 1848 faciem
1597 1820 1666 1854 ejus.

879 1868 960 1902 Quasi
976 1868 1059 1900 dicat,
1071 1867 1198 1902 Injnriatn
1213 1872 1241 1894 et
1256 1870 1442 1900 contemptum
1458 1866 1481 1893 ei
1498 1873 1593 1900 parere
1610 1873 1668 1892 Ina-

879 1914 976 1942 niiesle
988 1914 1123 1941 videbitur
1142 1921 1150 1941 ε
1173 1913 1224 1940 hoc
1239 1913 1310 1939 enim
1333 1916 1384 1946 cst,
1406 1911 1433 1938 in
1459 1911 1555 1939 faciem
1580 1911 1666 1938 alicu-

874 1959 919 1996 jus
938 1960 1059 1988 converti
1072 1958 1221 1994 quidpiam.
1237 1957 1290 1985 Sed
1309 1963 1335 1984 et
1351 1958 1402 1984 ista
1421 1964 1527 1991 passus,
1542 1958 1662 1983 nondum

878 2006 1002 2042 cognovit
1015 2005 1117 2038 Deum;
1142 2012 1176 2031 ne
1192 2011 1258 2031 mete
1273 2003 1306 2030 ad
1329 2004 1390 2031 illos
1418 2003 1603 2030 conversionis
1621 2011 1665 2030 ra-

878 2054 979 2080 tionem
991 2052 1139 2083 duxerunt,
1153 2051 1254 2085 asperi,
1272 2055 1300 2077 et
1315 2049 1478 2077 inﬂexibiles
1490 2069 1498 2082 ,
1520 2054 1547 2076 et
1563 2049 1588 2076 in
1607 2055 1666 2076 stu.

878 2099 922 2126 dio
937 2105 1002 2132 erga
1024 2097 1107 2124 Deum
1126 2096 1294 2124 itnbecillimi
1312 2096 1393 2123 etiam
1416 2096 1442 2122 in
1464 2096 1530 2130 ipsis
1551 2095 1667 2122 miseriis

877 2148 1049 2179 apparentes,
1070 2147 1098 2170 et
1115 2142 1186 2178 quod
1205 2142 1320 2170 extremi
1347 2142 1468 2177 stuporis
1491 2142 1587 2170 vitium
1613 2146 1665 2174 est,

877 2195 904 2217 et
915 2190 1072 2219 stoliditatis
1083 2189 1194 2217 evidens
1208 2193 1413 2224 argumentum.

911 2285 993 2312 Vens.
1013 2284 1113 2318 11,12.
1147 2283 1181 2310 Et
1202 2287 1260 2310 erat
1285 2283 1412 2317 Ephraim
1442 2283 1518 2318 quasi
1543 2283 1666 2310 columba

876 2332 1014 2367 insipiens,
1033 2339 1086 2357 non
1110 2329 1208 2356 habens
1228 2338 1284 2356 cor.
1301 2328 1448 2364 Egyplum
1463 2330 1613 2362 invocabat,
1643 2335 1666 2357 et

876 2380 910 2405 ad
926 2377 1048 2413 Assyrios
1062 2377 1127 2403 ibat.
1144 2376 1219 2403 Sicut
1234 2375 1326 2402 iuerint
1342 2375 1446 2401 mittam
1460 2382 1539 2408 super
1549 2384 1592 2402 eos
1609 2381 1662 2402 rete

876 2431 973 2450 meum.
990 2421 1066 2449 Sicut
1080 2421 1200 2448 volatilia
1217 2420 1274 2447 cmli
1285 2420 1425 2447 detraham
1438 2427 1492 2446 eos.
1515 2419 1666 2455 Corripiat»

878 2478 921 2497 eos
936 2470 962 2496 in
977 2469 1070 2496 auditu
1083 2467 1261 2494 tribulationis
1274 2467 1401 2500 ipsorum.

912 2558 1020 2587 LXXX.
1049 2557 1078 2585 In
1106 2557 1265 2586 memoriam
1290 2556 1379 2583 denuo
1403 2555 1584 2583 revocandum
1610 2559 1664 2587 est,

876 2607 948 2642 quod
980 2605 1110 2640 scriptum
1139 2607 1230 2631 exstat
1249 2608 1345 2637 quarto
1364 2603 1465 2638 Regum
1492 2611 1499 2629 :
1524 2602 1564 2629 sic
1591 2601 1663 2627 enim

876 2652 955 2679 facile
970 2650 1145 2685 intelligimus
1166 2649 1229 2684 quid
1254 2649 1304 2676 sibi
1327 2649 1410 2676 verba
1431 2649 1545 2675 recitata
1568 2648 1663 2674 velint.

876 2700 944 2724 Usee
967 2697 1050 2732 igitur
1074 2696 1145 2723 ﬁlius
1168 2695 1215 2722 Ela
1242 2695 1370 2729 regnavit
1394 2694 1420 2721 in
1441 2694 1563 2721 Samaria
1583 2700 1662 2727 super

876 2742 958 2770 Israel
977 2743 997 2758 “
1017 2752 1023 2770 :
1042 2743 1074 2769 ad
1091 2749 1170 2777 quem
1183 2741 1291 2768 nuntios
1316 2740 1388 2768 misit
1412 2739 1586 2767 Salmanasar
1610 2738 1662 2765 As-

876 2791 977 2824 syrius,
1006 2793 1134 2816 consueta
1166 2794 1279 2815 munera
1304 2786 1466 2822 imperiosus
1489 2786 1602 2822 exigens
1631 2792 1662 2812 at-
