1919 3042
255 157 302 186 till

747 157 776 185 S.
797 157 932 187 CYRlLLl
953 159 1188 188 ALEXANDRINI
1209 160 1365 188 ARCIIIEP.

1847 155 1896 181 133

255 214 446 248 propemodum
476 213 557 240 etiam
588 213 691 240 tributa
719 213 809 242 lsracli
837 208 975 250 imponere
995 224 1033 243 ριιι

1092 216 1152 252 οὐχὶ
1176 217 1222 244 καὶ
1247 217 1422 252 δασμολογεῖν
1448 216 1547 243 ἐθέλων
1572 215 1617 242 τὸν
1644 214 1767 251 Ἰσραήλ.
1807 212 1839 238 Ὀ
1870 211 1895 237 δὲ

255 259 343 292 piens.
361 258 438 292 113
451 257 518 285 OSee
531 258 660 285 servitute
671 264 793 286 recusata
809 261 841 288 ad
858 262 1039 289 resistenduttt

255 310 318 330 sese
332 303 505 336 comparabat
520 323 528 335 ,
542 304 563 330 si
593 303 662 331 forte
688 307 720 333 ad
736 313 811 334 arma
829 307 954 335 lsraclem
970 316 1042 335 COIII-

257 348 381 380 pelleret.
412 348 511 374 Deinde
551 349 583 375 ad
618 348 703 384 Segor
730 350 919 387 Egyptiorum
952 361 1040 388 regem

254 394 353 420 auxilia
376 394 490 427 petitum
509 394 593 426 misit,
609 397 681 430 quod
694 404 723 424 se
747 398 793 425 illo
807 399 952 432 adjuvante
963 419 970 431 ,
988 399 1037 426 As-

254 438 327 472 syrio
341 439 508 471 superiorem
534 440 591 468 fore
610 442 770 470 conﬁderet.
784 442 824 470 0b
842 444 893 470 hoc
914 443 1041 479 Assyrius

254 482 355 516 ingenti
369 483 461 511 dolore
485 489 513 511 et
536 485 681 513 iracundia
699 488 860 522 concitatus,
879 489 975 517 bellum
1000 489 1040 517 ls-

255 527 319 554 raeli
336 527 412 560 facit,
426 533 454 555 et
468 528 537 557 Osee
553 531 634 565 capit,
656 535 684 558 et
702 540 763 559 cum
785 541 818 560 eo
843 539 935 569 captus
959 535 1039 562 Israel

255 572 378 600 Samaria
425 574 561 608 emigrare
595 576 710 611 cogitur.
748 577 841 613 Itaque
874 579 962 607 factus
999 586 1041 608 est

255 616 379 652 Epitraim
397 623 426 645 ttt
442 620 567 647 columba
586 621 822 657 insipientissima,
851 632 902 652 non
928 625 995 653 bene
1013 631 1040 653 et

253 668 402 697 opportune
415 665 538 700 simplex.
559 666 673 694 Proinde
687 673 714 695 et
738 668 873 701 Christus,
896 679 905 696 ι
931 671 1036 703 Estote,

255 710 352 744 inquit,
367 711 513 744 prudentes
528 712 598 739 sicut
614 718 763 747 serpentes,
780 720 806 742 et
820 715 955 750 simplices
971 717 1041 744 sicut

255 755 389 782 columbae
405 756 435 782 ".
469 756 572 784 Murum
589 758 687 793 quippe
701 759 858 794 simplicitas
870 769 931 788 cum
950 762 1040 789 animo

254 801 359 828 liberali
375 802 471 828 merito
487 803 596 830 maximi
612 803 733 831 facienda
747 809 798 832 est.
815 806 934 833 Absettte
948 811 1038 834 autem

253 846 408 880 prudentia.
426 848 586 882 simplicitas
604 849 846 883 detrimentosa,et
864 852 979 879 stultitia
1001 853 1036 880 de

253 897 352 920 caztero
386 894 520 921 censenda
552 899 602 922 est.
629 895 763 930 [nsipiens
794 898 875 932 igitur
900 897 1037 932 Ephraim.

253 938 374 970 Quonam
391 939 498 966 tandem
514 940 614 967 modo?
627 941 771 969 invocabat
788 944 860 970 enim
883 943 1035 978 Egyptios,

252 983 299 1010 sed
317 983 372 1010 ibat
385 985 504 1018 captivus
518 985 551 1011 ad
567 985 702 1020 Assyrios,
718 993 778 1013 cutn
799 986 885 1022 Segor
906 989 1036 1015 auxilium

252 1034 397 1062 apportare
410 1038 463 1057 non
477 1030 587 1058 valeret.
600 1030 634 1058 Et
646 1033 782 1066 quomodo
802 1040 855 1060 tton
874 1035 1034 1068 expediebat

251 1082 399 1108 supernum
415 1076 513 1110 potius,
536 1076 764 1112 inexpugnabile,
788 1086 869 1113 quam
890 1080 1038 1107 ltumanttm

251 1128 374 1154 qumrere
387 1121 564 1154 praesidium?
582 1122 698 1150 Proinde
712 1127 739 1150 et
759 1124 947 1152 universorum
964 1126 1035 1153 Dens

251 1173 299 1199 per
316 1165 430 1193 Isaiam:
451 1175 460 1192 ι
480 1167 524 1193 Vm
536 1167 581 1200 qui
596 1167 764 1195 descendunt
792 1169 818 1196 itt
839 1169 984 1205 Egyptutn
1002 1172 1035 1198 ad

251 1211 393 1244 auxilium,
402 1212 429 1239 itt
441 1212 517 1246 equis
527 1212 694 1240 conﬁdentes
704 1218 730 1240 et
742 1214 768 1240 in
777 1215 901 1242 curribus
909 1215 940 1242 ".
957 1225 966 1242 ι
981 1216 1037 1244 Non

251 1261 339 1283 autent
357 1257 458 1291 absque
470 1257 560 1283 divino
574 1262 640 1284 nutu
655 1258 756 1285 auxilia
768 1259 888 1293 ipsorum
904 1261 1038 1289 defecisse

249 1302 376 1333 ostendit,
402 1310 462 1330 cum
492 1303 531 1330 ait
554 1310 593 1336 se,
628 1311 792 1339 quocunque
817 1305 933 1336 iverittt,
953 1307 1038 1334 ittsur

249 1347 466 1382 passerculorum
483 1356 529 1376 eos
560 1349 748 1376 detracturum
765 1369 772 1380 ,
798 1350 871 1377 velut
898 1358 1035 1385 sagettam,

249 1397 296 1419 aut
310 1397 367 1420 rete
389 1393 605 1427 superjaciendo,
625 1401 674 1421 nec
702 1394 816 1422 sinendo
837 1395 966 1429 gloriari;
989 1398 1035 1424 sed

249 1437 322 1464 velut
336 1444 369 1464 ex
384 1436 438 1464 altn
456 1438 482 1464 in
499 1441 610 1471 terram,
625 1439 675 1466 hoc
690 1444 742 1473 est,
760 1447 775 1466 a
798 1441 906 1468 sublimi
921 1447 949 1469 el
965 1443 1036 1471 elato

248 1482 395 1516 supercilio
419 1483 451 1510 ad
484 1483 612 1518 lugubres
637 1489 664 1512 et
689 1486 825 1513 ntodestas
845 1488 1034 1522 cogitationes,

248 1532 275 1555 et
289 1535 348 1562 quae
364 1529 485 1556 hostibus
500 1529 636 1562 subjectos
650 1531 764 1558 deceant
775 1531 943 1559 deducendo.
959 1533 1035 1561 Sub-

244 1572 346 1606 jungit,
366 1581 376 1598 ι
393 1572 545 1608 Corripiam
561 1582 609 1602 eos
633 1575 661 1602 in
681 1576 775 1603 auditu
794 1577 977 1607 tribulationis
994 1581 1034 1615 ip-

247 1626 350 1651 sorum.
369 1628 378 1645 ι
399 1619 462 1646 illud
479 1620 634 1654 signiﬁcare
651 1621 754 1653 volens,
769 1627 798 1649 ut
818 1623 884 1650 milti
912 1625 1032 1653 videtur.

247 1665 411 1692 Futurorum
428 1665 512 1699 ipsam
524 1665 722 1700 experientiam
749 1675 871 1696 rumores
886 1671 1033 1697 antecede-

247 1709 324 1742 bant,
339 1713 366 1736 et
382 1710 484 1737 auditio
503 1710 633 1738 terribilis
647 1707 752 1739 'omncs
775 1713 800 1739 in
824 1713 946 1741 Samaria
966 1722 1032 1742 con-

247 1755 396 1784 sternabat.
414 1755 638 1791 Corripiebautur
655 1757 761 1791 itaque,
790 1757 904 1793 jamjam
921 1760 987 1793 ipsis
1004 1760 1031 1787 in

246 1801 398 1829 cervicibus
415 1800 532 1828 futuram
558 1801 760 1830 tribulationem
784 1805 938 1832 audientes.
957 1805 1033 1838 Quod

246 1845 269 1872 si
284 1844 452 1878 sapuissettt,
468 1848 496 1871 et
524 1845 575 1872 hoc
600 1845 652 1872 illis
666 1847 698 1873 ad
726 1848 931 1876 conversionem
953 1849 1034 1877 suﬁ‘e-

245 1889 339 1918 cisset.
358 1889 412 1918 Sed
427 1898 487 1918 cum
504 1891 538 1918 ab
551 1892 710 1926 accipiendo
738 1893 833 1921 dolore
844 1900 936 1923 essent
965 1896 1032 1923 alie-

244 1935 360 1968 nissimi,
376 1943 410 1963 ne
426 1935 483 1970 ipsa
498 1936 606 1971 quidem
621 1938 789 1971 experientia
803 1944 867 1966 sunt
887 1941 1032 1972 commoti,

244 1981 335 2008 attimo
344 1981 488 2016 praefracto
501 1987 529 2009 et
539 1982 636 2015 ferreo,
645 1988 672 2010 et
688 1985 721 2011 ab
737 1985 925 2013 incredulitate
937 1986 1032 2014 ail‘ccto

243 2027 371 2062 pessime.

242 2073 317 2105 ὄντες
345 2072 416 2104 λίαν,
436 2072 496 2099 οὐδὲ
518 2072 567 2108 τὴν
594 2074 689 2108 πεῖραν
718 2074 803 2110 αὐτὴν
829 2075 1044 2110 δεδυσώπηνται,

242 2118 354 2150 ἀπειθὲς
367 2117 473 2153 ἔχοντες
489 2117 561 2144 νοῦν.

277 2163 361 2191 Vsus.
380 2163 422 2189 15.
443 2162 485 2190 Va:
503 2163 553 2194 eis,
571 2164 695 2197 quoniam
713 2164 860 2191 resilierunt
876 2173 891 2191 a
908 2173 957 2192 me.
978 2166 1030 2192 Mi-

241 2209 294 2236 seri
312 2213 386 2239 sunt,
402 2208 526 2243 quoniam
544 2208 621 2242 impie
638 2213 744 2242 egerunt
762 2209 789 2235 in
808 2217 856 2236 me.

277 2252 512 2280 LXXXI.Causam
526 2253 654 2280 malorum
669 2253 750 2280 fuisse
762 2253 827 2287 ipsis
839 2254 1029 2283 discessionem

241 2308 255 2327 a
273 2300 337 2333 Deo,
351 2299 431 2327 etiam
446 2300 488 2326 ltis
510 2299 602 2326 verbis
628 2299 723 2333 aperit.
752 2298 831 2334 114
852 2300 1029 2333 Quetttadmo-

240 2345 303 2372 dttm
316 2345 387 2372 enim
401 2345 446 2379 qui
462 2345 621 2378 corporibus
648 2348 791 2376 :egrolant,
808 2344 857 2371 sibi
874 2346 1028 2374 morborum

239 2390 420 2417 cruciamenta
438 2389 584 2416 accersisse
602 2388 809 2420 convincuntur,
828 2389 850 2417 si
870 2391 987 2419 medicos
1003 2396 1029 2419 et

240 2436 434 2462 medicamenta
457 2434 582 2461 sedandis
606 2434 788 2468 pellendisque
809 2435 945 2464 doloribus
967 2437 1026 2466 ido-

240 2488 288 2508 nea
306 2480 473 2515 respuerint;
490 2479 526 2506 ita
541 2487 589 2506 nos
602 2487 708 2514 quoque
721 2481 846 2509 charitati
862 2490 924 2518 erga
942 2483 1023 2511 Dcunt

238 2531 344 2554 nosmet
361 2525 565 2557 subtrahentes,
585 2533 636 2553 non
654 2527 824 2555 mediocriter
841 2529 1022 2562 peecabimus.

234 2573 303 2598 Nam
323 2571 367 2605 qui
388 2570 470 2597 Deum
490 2570 614 2603 oﬁ‘cndit,
634 2579 694 2598 eum
716 2574 786 2607 quod
806 2573 910 2600 salvare
930 2579 1022 2608 queat,

242 2617 298 2644 -ihil
317 2621 368 2643 est.
384 2615 451 2648 Quia
470 2616 550 2650 igitur
565 2625 578 2642 a
597 2617 650 2644 Deo
665 2617 840 2653 aufugerunt,
858 2620 957 2647 idcirco
974 2621 1023 2646 mi-

246 2662 285 2688 wri
313 2665 341 2688 et
363 2660 506 2688 maledicti.
528 2662 594 2694 Quin
615 2670 678 2688 vero
703 2663 782 2698 impie
807 2669 930 2697 egerunt,
952 2665 1023 2699 quod

233 2708 314 2735 ηιὶεοε
332 2708 395 2735 deos
413 2709 574 2740 adorarunt,
591 2708 751 2743 divinosque
770 2710 822 2736 illis
841 2710 958 2738 honores
976 2711 1023 2738 tri-

232 2751 362 2786 buerunt,
375 2751 549 2787 subjaccbunt
563 2761 610 2780 tte.
627 2764 634 2779 ε
652 2753 757 2780 Etenim
773 2755 794 2781 si
809 2755 936 2783 clauserit
952 2755 1021 2784 Deus

268 2838 289 2854 ¹¹
305 2839 399 2867 Matth.
418 2848 443 2872 x,
468 2840 508 2867 l5.
550 2840 570 2855 ¹³
585 2841 635 2866 lsn.
655 2849 727 2871 XXXI,
749 2841 772 2867 l.

1095 263 1219 289 ἀνένευσε
1237 263 1286 298 τὴν
1304 262 1437 291 δουλείαν,
1459 261 1573 296 ἐμελέτα
1590 261 1618 286 δέ
1639 260 1740 294 μᾶλλον
1851 257 1897 282 ἀν-

1093 308 1226 338 τίστασιν,
1249 308 1301 334 κᾶν
1328 309 1351 334 εί
1377 307 1463 333 ἕλοιτο
1489 306 1569 342 τυχὺν
1584 306 1628 332 τὸν
1656 304 1784 339 πολέμου
1812 302 1896 336 νόμον

1094 350 1279 386 ἐπιθέσθαιτῷ
1297 351 1414 386 Ἰσραήλ.
1433 349 1499 377 Εἶτα
1512 350 1580 386 πρὸς
1588 349 1685 386 Σηγὼρ
1701 347 1897 383 ἐπρεσϐεύετο

1093 396 1139 422 τὸν
1160 396 1299 430 Αἰγύπτου
1331 396 1480 432 τύραννον,
1502 395 1661 432 ἐπικουρίαν
1681 395 1782 422 αῑτῶν.
1812 394 1897 428 ’ῼῆοη

1094 441 1158 478 γάρ,
1174 443 1214 469 ὅτι
1229 442 1369 477 περιέσται
1387 442 1435 469 σὺν
1451 441 1525 477 αὐτῷ
1540 442 1589 477 τῆς
1605 441 1760 477 ’Δσσυρίων
1788 439 1895 475 χειρός.

1094 487 1165 523 Πρὸς
1180 487 1260 514 τοῦτο
1277 488 1306 514 δὲ
1327 488 1444 522 μάλιστα
1464 487 1652 522 λελυπημένος
1673 487 1796 518 ἐκεῖνος,
1818 485 1897 510 πόλε-

1095 542 1144 568 μον
1161 535 1268 570 αἴρεται
1289 534 1360 561 κατὰ
1386 534 1432 560 τοῦ
1456 534 1571 569 Ἰσραήλ.
1590 530 1656 559 Εἶτα
1675 532 1795 566 γέγονεν
1823 530 1897 563 αὐτῷ

1093 580 1185 612 δοῦλος
1215 581 1312 616 Ὠσηὲ,
1336 580 1503 616 δορύληπτος
1522 580 1550 606 δὲ
1579 580 1627 606 σὺν
1646 578 1720 613 αὐτῷ
1737 578 1790 605 καὶ
1814 576 1896 606 αὐτος

1093 626 1248 662 ἀπῳκίζετο
1265 627 1315 662 τῆς
1330 627 1486 662 Σαμαρείας
1501 627 1514 652 ὁ
1529 624 1764 661 Ἰσραήλ.υὺκοῦν
1776 623 1896 657 γέγονεν

1099 671 1218 707 Ἐφρατμ
1238 672 1277 704 ὡς
1289 672 1440 706 ἀνουστάτη
1459 671 1619 707 περιστερὰ,
1635 671 1685 697 οὐκ
1700 670 1749 696 ἐπὶ
1767 669 1850 703 καλῷ
1868 667 1896 693 τὺ

1093 718 1220 753 ἀκέραιον
1238 718 1317 753 ἔχων.
1336 718 1481 753 Τοιγάρτοι
1497 717 1544 744 καὶ
1566 718 1580 744 ὸ
1595 716 1724 751 Χριστὸς,
1740 725 1749 741 ι
1761 714 1891 745 Γίνεσθε,

1093 764 1170 799 φησὶ,
1183 764 1309 798 φρόνιμοι
1325 763 1391 789 ὡσεὶ
1407 763 1494 797 δφεις,
1511 763 1557 789 καὶ
1568 763 1692 797 ἀκέραιοι
1711 762 1751 793 ὡς
1763 761 1794 788 αἱ
1809 769 1891 795 περι-

1094 808 1198 843 στεραί.
1213 817 1223 833 ι
1237 807 1370 842 Ἀπλότης
1394 807 1443 842 μὲν
1459 807 1513 843 γὰρ
1528 806 1612 841 ἠθῶν,
1627 807 1675 833 καὶ
1691 806 1722 833 τὸ
1739 805 1891 839 ἐλεύθερον

1094 853 1230 888 φρόνημα,
1245 854 1338 887 γένοιτ’
1353 853 1386 880 ἂν
1403 854 1514 884 εἰκότως
1525 852 1572 880 τοῦ
1583 852 1684 884 παντὸς
1700 852 1782 884 ἄξιον
1795 852 1888 885 λέγου.

1056 896 1075 922 Β
1090 899 1226 930 Συνὲσεως
1245 899 1272 925 δὲ
1291 899 1432 934 ἀπούσης,
1459 899 1490 925 τὸ
1518 899 1620 926 ἁπλοῦν
1646 898 1815 934 ἐπιδήμιον,
1843 898 1888 923 καὶ

1092 945 1182 979 μωρία
1202 945 1232 970 τὺ
1248 944 1342 979 χρῆμα
1358 944 1460 971 λοιπον.
1480 945 1578 976 Ἀνους
1595 944 1626 979 δὴ
1646 942 1693 970 οὖν
1712 945 1726 970 ὁ
1752 942 1888 978 Ἔιρραῒμ,

1091 990 1158 1021 πῶς,
1182 990 1277 1025 ἢτίνα
1302 990 1417 1025 τρόπον;
1438 990 1614 1016 Ἐπεκαλεῖτο
1644 990 1693 1024 μὲν
1718 989 1777 1023 γὰρ
1801 989 1888 1021 Αἰγυ-

1090 1035 1194 1066 πτίους.
1217 1035 1286 1061 Ἀλλ’
1304 1035 1426 1066 ἐϐάδιζον
1442 1034 1610 1069 αἰχμάλωτοι
1623 1033 1691 1068 πρὸς
1706 1033 1884 1067 Ἀσσυρίους,

1090 1081 1268 1116 ἀτονήσαντος
1291 1081 1330 1111 εἰς
1348 1079 1508 1114 ἐπικουρίαν
1523 1078 1571 1105 τοῦ
1599 1077 1707 1113 Σηγώρ.
1732 1076 1803 1104 Εἶτα
1829 1077 1886 1108 πῶς

1071 1119 1074 1122 ’
1089 1127 1139 1152 οὐκ
1153 1127 1264 1161 ἄμεινον
1281 1124 1314 1160 ἦν
1335 1125 1408 1161 αὐτῷ
1435 1125 1471 1160 μὴ
1488 1125 1535 1160 τὴν
1552 1125 1581 1157 ἐξ
1597 1124 1750 1160 ἀνθρώπων
1770 1123 1884 1158 μᾶλλον,

1089 1171 1156 1197 ἀλλὰ
1169 1171 1217 1206 τὴν
1232 1170 1335 1198 ἄνωθεν
1351 1169 1398 1197 καὶ
1424 1168 1647 1203 ἁκαταγώνιστον
1662 1167 1783 1203 ζητῆσαι
1803 1175 1884 1202 φρον-

1088 1217 1163 1251 τίδας
1180 1217 1326 1252 Τοιγάρτοι
1342 1217 1389 1243 καὶ
1410 1216 1528 1250 ἔφασκεν
1552 1216 1565 1241 ό
1588 1215 1641 1241 τῶν
1658 1214 1727 1240 ὅλων
1752 1213 1823 1244 Θεὸς
1843 1212 1885 1240 διὰ

1089 1263 1181 1297 φωνῆς
1195 1263 1317 1289 Ἡσαΐου·
1345 1272 1354 1288 ‹
1372 1262 1439 1289 Οὐαὶ
1456 1263 1479 1288 οἱ
1498 1261 1708 1291 καταϐαίνοντες
1731 1260 1774 1290 είς
1797 1259 1883 1292 Αἴγυ-

1088 1317 1153 1334 πτον
1167 1309 1213 1334 ἐπὶ
1226 1307 1364 1343 βοήθειαν,
1391 1308 1416 1334 οἱ
1428 1307 1471 1340 ἐφ’
1487 1307 1581 1338 ἵπποις
1598 1305 1761 1337 πεποιθότες
1776 1305 1826 1331 καὶ
1842 1304 1882 1337 ἐφ’

1087 1353 1217 1389 ἅρμασιν.
1235 1364 1244 1379 ι
1261 1354 1323 1380 Ὀτι
1337 1353 1365 1380 δὲ
1386 1354 1416 1380 οὺ
1439 1352 1500 1387 δίχα
1514 1352 1581 1378 Θεοῦ
1601 1351 1648 1378 καὶ
1667 1353 1683 1387 ὴ
1700 1351 1757 1377 τῶν
1773 1351 1882 1385 ἐπαμυ-

1086 1401 1184 1426 νόντων
1198 1400 1290 1431 αὐτοῖς
1310 1399 1444 1434 ἠσθένησε
1464 1399 1537 1434 χεὶρ,
1562 1398 1696 1432 δέδειχεν,
1721 1397 1823 1427 εἰπὼν,
1846 1396 1881 1426 (1.;

1086 1446 1201 1481 ὅποιπερ
1217 1445 1250 1471 ἂν
1271 1444 1458 1479 πορεύωνται,
1481 1443 1628 1479 στρουθίων
1646 1443 1746 1474 αὐτοὺς
1768 1440 1881 1473 κατάξει

1085 1491 1172 1526 δίκην,
1184 1490 1291 1517 δίκτυον
1307 1489 1401 1525 ὥσπερ
1414 1490 1430 1525 ἢ
1445 1489 1516 1516 λίνον
1532 1489 1694 1519 ἐπιϐάλλων,
1715 1487 1764 1514 καὶ
1782 1486 1880 1518 ἀλαζο-

1087 1537 1211 1563 νεύεσθαι
1240 1536 1289 1572 μὲν
1314 1535 1364 1562 οὐκ
1391 1535 1487 1569 ἐφιεὶς,
1514 1533 1707 1568 κατακομίζων
1729 1533 1759 1559 δέ
1785 1532 1880 1566 ὥσπερ

1088 1582 1184 1617 ὑψόθεν
1198 1583 1237 1614 εἰς
1251 1582 1312 1617 γῆν.
1324 1581 1474 1612 τουτέστιν,
1494 1580 1524 1614 ἐξ
1540 1579 1640 1616 ὀφρύος
1652 1579 1703 1614 τῆς
1722 1579 1796 1613 ἄγαν
1813 1578 1880 1612 ὑψη-

1085 1626 1135 1660 λῆς
1156 1626 1203 1652 καὶ
1222 1625 1382 1661 ἐπηρμένης
1405 1626 1446 1657 είς
1465 1625 1573 1660 οἰκτρὸν
1602 1624 1650 1650 κα¹ι
1678 1623 1792 1659 μέτριον
1814 1622 1880 1656 φρό-

1085 1679 1171 1705 νημα,
1188 1671 1234 1697 καὶ
1246 1671 1312 1705 ὅπερ
1325 1670 1357 1697 ἂν
1373 1669 1472 1706 πρέπει
1485 1671 1542 1701 τοῖς
1563 1669 1616 1695 ὑπὸ
1635 1669 1716 1704 χεῖρα
1736 1666 1880 1701 γεγονόσιν

1085 1714 1199 1750 ἐχθρῶν.
1218 1712 1286 1741 Εἶτά
1308 1723 1401 1749 φησιν,
1419 1715 1458 1740 ὅτι
1480 1722 1490 1739 ‹
1510 1712 1652 1740 Παιδεύσω
1671 1712 1772 1742 αὐτοὺς
1792 1712 1823 1737 ὲν
1849 1712 1879 1746 τῇ

1085 1761 1153 1795 ἀκοῇ
1181 1760 1231 1794 τῆς
1258 1759 1374 1794 ouem;
1391 1759 1490 1791 αὐτῶν,
1512 1769 1522 1785 ι
1547 1759 1634 1785 ἐκεῖνό
1662 1766 1725 1789 που,
1751 1756 1879 1790 καθάπερ

1087 1801 1204 1839 ἐγῷμαι,
1226 1805 1323 1839 δηλοῦν
1349 1804 1458 1831 ἐθέλων.
1479 1803 1660 1839 Προεόάδιζον
1677 1803 1727 1837 μὲν
1753 1802 1811 1836 γὰρ
1832 1801 1878 1835 τῆς

1087 1850 1185 1885 πείρας
1197 1850 1281 1884 αὐτῆς
1296 1849 1351 1875 τῶν
1361 1850 1497 1884 ἐσομένων
1506 1849 1530 1875 οἱ
1542 1848 1662 1884 ϐρύλλοι,
1674 1847 1723 1873 καὶ
1735 1846 1878 1881 φρικώδης

1081 1896 1150 1931 ἀκοὴ
1176 1895 1320 1922 κατεπτόει
1337 1903 1388 1921 που
1416 1896 1520 1926 πάντας
1544 1895 1573 1921 ἐν
1596 1893 1748 1928 Σαμαρείᾳ.
1771 1891 1877 1918 Οὐκοῦν

1083 1941 1275 1973 ἐπαιδεύοντο,
1291 1941 1340 1975 τὴν
1360 1941 1421 1967 ὅσον
1443 1940 1548 1967 οὐδέπω
1571 1940 1762 1975 παρεσομένην
1784 1939 1876 1970 αὐτοῖς

1082 1987 1227 2017 ἀκούοντες
1245 1985 1344 2020 θλίψιν.
1366 1986 1436 2012 Ἀλλ’
1463 1986 1542 2021 εῐπερ
1566 1983 1636 2021 ἦσαν
1653 1985 1742 2019 σοφοὶ,
1759 1985 1876 2020 ἤρκεσεν

1083 2033 1117 2059 ἂν
1131 2033 1223 2064 αὐτοῖς
1238 2033 1277 2063 είς
1297 2031 1466 2066 ἐπιστροφὴν
1482 2032 1529 2058 καὶ
1546 2031 1632 2058 τοῦτο.
1657 2031 1830 2066 Δυσάλγητοι
1847 2030 1875 2057 δέ

1065 2078 1181 2115 σκληρόν
1204 2086 1234 2104 τε
1257 2078 1304 2104 καὶ
1338 2077 1505 2113 ἄθραυστον,
1531 2078 1578 2104 καὶ
1603 2078 1670 2104 πολὺ
1692 2077 1825 2104 νοσοῦντα
1847 2076 1875 2102 τὺ

1047 2176 1069 2202 υ
1121 2167 1192 2194 Οὐαὶ
1213 2167 1326 2200 αὐτοῖς,
1344 2167 1387 2194 ὅτι
1406 2166 1608 2201 (ἐπεπήδησαν
1632 2167 1683 2193 ἀπ’
1703 2166 1790 2201 ἐμοῦ.
1815 2167 1873 2193 Δεί-

1082 2212 1163 2238 λαιοί
1175 2213 1265 2242 εἰσιν,
1286 2212 1330 2238 ὅτι
1343 2212 1502 2246 ἠσέϐησαν
1516 2212 1560 2243 εις
1577 2210 1639 2245 ἐμέ.

1116 2257 1179 2284 ΠΝ,
1190 2258 1250 2284 ’Ότι
1261 2258 1396 2293 πρόφασις
1407 2258 1498 2288 αὐτοῖς
1507 2257 1561 2283 τῶν
1571 2256 1663 2283 δεινῶν
1678 2256 1709 2282 τὸ
1719 2257 1872 2292 ἀποστῆναι

1080 2303 1158 2336 Θεοῦ,
1168 2305 1214 2330 καὶ
1222 2304 1264 2330 διὰ
1274 2305 1376 2331 τούτων
1389 2305 1454 2339 ἡμῖν
1465 2303 1624 2338 καθίστησιν
1637 2303 1872 2339 ἐναργές.¹ονπερ

1080 2350 1134 2385 γὰρ
1148 2350 1249 2384 τρόπον
1273 2350 1298 2376 οἱ
1326 2349 1530 2385 ἀρρωστοῦντες
1553 2348 1739 2384 σωματικῶς,
1767 2350 1871 2381 ἑαυτοῖς

1080 2396 1219 2431 παραίτιοι
1235 2396 1378 2430 γεγονότες
1392 2396 1440 2430 τῆς
1459 2396 1513 2421 τῶν
1531 2395 1693 2430 νοσημάτων
1708 2395 1870 2431 ἀγριότητος

1079 2440 1167 2466 ἁλοῖεν
1186 2440 1228 2473 ἂν,
1249 2442 1273 2466 εί
1293 2441 1329 2476 μὴ
1351 2440 1536 2475 παραδέχοντο
1550 2440 1612 2471 τοὺς
1635 2440 1756 2474 ἰατροὺς,
1774 2441 1824 2468 καὶ
1838 2441 1869 2467 τὰ

1077 2485 1111 2512 δι’
1126 2482 1162 2512 ὧν
1185 2485 1217 2512 ἂν
1230 2486 1352 2512 δύναιντο
1378 2485 1592 2517 κατευνάζεσθαι
1612 2485 1642 2512 τὸ
1665 2485 1781 2512 λυποῦν·
1800 2485 1869 2512 οὕτω

1077 2531 1123 2558 καὶ
1135 2532 1215 2567 ἡμεῖς
1223 2532 1272 2566 τῆς
1282 2533 1322 2563 είς
1335 2532 1401 2558 Θεὸν
1415 2531 1524 2566 ἀγάπης
1536 2531 1649 2563 ἑαυτοὺς
1663 2531 1867 2566 ἐκκομίζοντες,

1076 2576 1106 2602 οὐ
1120 2577 1237 2612 μετρίως
1253 2577 1437 2612 ἀδικήσωμεν.
1453 2576 1538 2609 Σώζει
1554 2577 1608 2612 γὰρ
1625 2577 1700 2603 οὐδὲν
1716 2577 1764 2602 τὸν
1786 2584 1865 2610 προσ-

1072 2621 1203 2657 κρούοντα
1220 2622 1289 2658 Θεῷ.
1320 2624 1381 2650 Ὅτι
1405 2623 1494 2649 τοίνυν
1517 2623 1763 2658 ἀποδεδραμήκασι
1788 2622 1864 2649 Θεοῦ.

1071 2666 1198 2702 ταύτῃτοι
1217 2667 1328 2694 δείλαιοι
1359 2668 1405 2694 καὶ
1420 2668 1564 2702 ἐπάρατοι.
1580 2667 1816 2702 Δεδυσσεϐηκότες
1826 2665 1864 2696 δὲ,

1071 2711 1115 2738 διά
1130 2720 1161 2745 γε
1175 2712 1221 2738 τοῦ
1247 2714 1410 2748 προσκυνεῖν
1424 2715 1480 2745 τοῖς
1494 2714 1682 2749 ψευδωνύμοις
1703 2713 1776 2744 Θεοῖς
1788 2732 1794 2744 ,
1820 2711 1863 2738 καὶ

1071 2757 1202 2785 ἀνάπτειν
1222 2759 1312 2790 αὐτοῖς
1333 2759 1363 2786 τὸ
1389 2760 1482 2794 σέὸας,
1508 2760 1700 2787 ὑποκείσονται
1724 2759 1763 2795 τῷ
1792 2759 1862 2787 οὐαί.
