1919 3042
258 139 310 167 195

767 137 797 165 ὃ.
817 136 953 164 CYRILLI
966 137 1200 167 ALEXANDRINI
1218 139 1376 169 ARCHIEI’.

1846 139 1895 169 196

256 196 356 232 μᾶλλον
372 196 425 223 ἔδει
439 196 586 232 προσάγειν
602 196 636 222 τὰ
657 195 832 231 χαριστήρια,
849 197 894 223 καὶ
910 197 970 231 οὐχὶ
992 197 1040 232 τὴν
1060 198 1135 234 αὐτῷ
1167 200 1326 235 πρέπουσαν
1353 200 1432 233 δόξαν
1444 201 1591 236 ἀπονέμειν
1604 201 1727 234 ἀϐούλως
1744 201 1843 234 ξύλοις
1867 208 1894 225 τε

255 241 302 267 καὶ
317 241 411 273 λίθοις.

290 307 370 334 Vens.
385 307 427 334 15.
441 307 545 333 Eruditi
558 312 616 333 sunt
630 308 656 334 in
668 316 719 339 me,
729 313 752 335 et
763 317 809 344 ego
823 310 967 344 confortaui
980 312 1040 337 bra-
1056 293 1075 320 Α

252 354 310 378 cln'a
328 360 433 382 eorum.
450 356 474 377 et
492 356 583 378 contra
602 360 642 378 me
658 354 835 387 cogitaverunt
854 355 934 382 male.
952 355 1042 383 Averu‘

251 402 310 424 utut
329 399 355 424 in
370 397 452 429 nihil,
466 397 531 432 {acti
546 403 607 424 sunt
621 399 697 434 quasi
712 408 790 427 arcus
805 405 937 428 extensus.

285 517 426 546 LXXXIII.
447 519 526 547 Aliud
541 520 637 555 ingrati
651 520 733 547 animi
748 520 851 548 crimen
866 520 917 549 illis
931 521 1039 557 objicit.

250 565 347 599 impios
366 565 584 601 m-gligentesque
603 566 801 594 demonstrans.
819 567 875 602 Ego
893 568 982 601 enim,
1002 569 1042 596 in-

249 611 325 643 qnit,
349 618 503 644 quanquam
528 611 591 637 olim
616 610 683 637 nihil
706 618 721 637 a
747 611 833 638 brutis
856 611 1040 639 animantibus

250 656 417 688 diﬂ‘erentes,
431 662 459 684 et
472 657 698 691 imperitissitnos,
712 661 740 685 et
754 657 812 692 lege
827 658 942 690 institui,
957 663 983 686 et
997 665 1039 686 sa-

251 702 364 735 pientes,
379 708 406 728 et
421 702 543 730 tttilitatis
560 711 668 738 gnaros,
684 709 710 731 et
725 704 793 730 vian:
806 703 927 738 iustitiae,
941 708 968 732 et
981 712 1038 732 ont-

251 755 311 774 uetn
326 748 453 774 decentia:
469 753 570 775 rectam
586 749 849 777 administrationem
866 750 984 778 scientes
999 751 1038 778 cf-

250 792 318 823 l‘eci,
341 797 370 819 ut
393 793 446 827 iam
469 794 550 820 etiam
575 794 644 828 apud
667 802 696 822 se
718 795 864 830 gaudentes
888 795 1008 823 dicerent
1030 805 1037 823 :

251 847 260 862 ε
278 838 352 865 Beati
367 846 461 866 sumus
475 839 566 870 Israel,
581 840 707 872 quoniam
722 847 781 874 quae
796 840 892 876 placita
909 846 972 868 sunt
987 841 1038 868 Do-

250 884 333 914 mino.
347 889 411 911 nota
428 890 491 911 sunt
506 885 582 911 nobis
592 885 640 911 ι’.»
657 885 748 920 Neque
763 886 806 914 ltic
820 886 877 920 ejus
890 894 950 922 erga
967 888 1037 922 ipsus

249 930 425 956 beneﬁcentia
443 930 562 964 quievit;
580 931 627 957 sed
647 932 756 966 insuper
773 932 945 964 fortissimos,
961 939 988 960 et
1004 934 1036 960 ad

248 976 370 1009 quemvis
383 976 569 1002 adversarium
582 976 768 1004 debellandum
780 978 899 1005 valentes
911 979 1035 1006 reddidit.
1055 996 1074 1022 Β

247 1021 343 1047 Multas
366 1021 465 1055 quippe
487 1029 651 1057 magnasque
669 1027 761 1056 gentes
778 1024 837 1050 sine
855 1024 945 1051 labore
965 1025 1039 1051 devi-

247 1071 350 1094 cerunt.
363 1065 542 1094 Nihilominus
556 1068 582 1094 itt
598 1075 639 1094 me
654 1068 746 1095 taliuttt
762 1068 891 1096 bonorum
907 1070 973 1104 ipsis
987 1079 1038 1097 au-

246 1117 346 1139 ctorem
365 1113 486 1146 perversi
504 1113 681 1146 exstiterunt,
700 1118 900 1149 contemptores
915 1116 1039 1143 videlicet

245 1163 273 1185 et
288 1159 452 1191 desertores,
467 1163 494 1185 et
508 1160 659 1186 aversionis
675 1160 742 1186 ratio
756 1160 808 1187 illis
822 1161 848 1187 in
864 1161 977 1188 nihilum
994 1169 1037 1189 re-

245 1203 322 1229 cidit.
336 1203 407 1229 Nihil
422 1203 493 1230 ettim
510 1205 617 1238 penitus
632 1209 673 1231 est
686 1212 718 1231 ex
735 1205 845 1231 materia
861 1205 911 1232 sttb
925 1214 1034 1233 sensum

245 1249 358 1276 cadente
372 1248 554 1276 manttl'actutn
570 1250 758 1278 simulacrum.
769 1251 808 1276 Ac
822 1251 844 1278 si
858 1251 965 1284 quidem
980 1259 1036 1279 tne-

246 1295 311 1321 Iiura
331 1295 513 1329 reperissent.
529 1301 620 1330 posset
638 1297 819 1331 transgressio
835 1297 954 1331 ipsorum
972 1305 1036 1332 pro-

245 1341 371 1367 babiliter
388 1341 505 1368 defendi.
523 1342 655 1374 Quoniam
675 1346 765 1368 autem
786 1350 846 1368 cutn
866 1342 920 1369 Deo
940 1343 1036 1371 collata

246 1387 312 1413 nihil
325 1392 398 1418 sunt,
417 1388 498 1423 116
509 1389 563 1414 ista
580 1396 703 1422 prorsus,
719 1388 768 1415 nisi
787 1389 856 1415 risus
871 1394 899 1416 et
914 1389 1036 1422 fatuitas,

244 1437 272 1458 et
289 1439 456 1466 qnteeuuque
474 1433 569 1459 horum
587 1433 685 1459 similia
696 1453 703 1464 ,
720 1433 869 1460 :tversionis
884 1441 940 1461 suae
957 1435 1037 1462 ratio-

246 1485 307 1503 nem
331 1477 506 1504 verisimilem
536 1478 635 1505 nullam
663 1479 771 1506 habent.
796 1479 888 1514 Itaque
910 1481 943 1507 ad
971 1481 1036 1508 nihil

245 1522 331 1548 avet-si
346 1528 418 1549 sunt.
434 1523 472 1548 Ad
487 1523 545 1550 Inec
559 1523 620 1550 fat-ti
635 1528 697 1550 sunt
715 1533 723 1549 ι
739 1528 768 1551 ιιι
780 1532 860 1552 arcus
870 1530 1007 1556 extensus.
1025 1535 1033 1551 ι

247 1577 299 1594 nun
315 1577 343 1595 se
358 1570 547 1596 suhtnittentes
564 1570 594 1596 ad
613 1571 814 1604 paenitentiam,
832 1579 883 1598 nou
900 1572 1037 1598 remitten-

247 1621 286 1641 tes
300 1615 487 1648 ittteuliottem,
499 1624 552 1650 qua
565 1617 597 1643 ad
613 1623 715 1643 tatttuut
730 1617 847 1644 dedecus
860 1618 1036 1645 dementiam-

245 1669 298 1695 qtte
313 1666 504 1694 pervenerunt.
533 1662 678 1688 Sciendum
695 1670 775 1697 porro
796 1663 862 1690 alios
877 1664 1036 1698 interpretes
1049 1670 1070 1698 ο

245 1707 378 1738 edidisse.
400 1717 409 1732 ι
430 1707 492 1734 facti
515 1714 578 1734 sunt
599 1712 627 1734 ιιι
647 1716 726 1735 arcus
747 1709 772 1735 in
793 1710 959 1736 contrarium
978 1718 1037 1737 ver-

245 1751 300 1783 sus,
316 1761 325 1778 I
342 1760 388 1779 seu
402 1753 532 1780 obversus
545 1759 573 1780 ttt
587 1759 715 1788 praeterea
729 1755 865 1789 quidpiam
882 1755 1035 1788 hujusmodi

245 1797 343 1825 iecisse
362 1797 443 1825 Israel
462 1799 667 1833 intelligeretur.
684 1799 757 1832 Quos
774 1800 847 1827 enim
866 1800 955 1833 potius
975 1808 1036 1827 con-

246 1843 370 1870 veniebat
389 1844 467 1878 quasi
487 1852 579 1871 arcum
599 1851 691 1872 contra
711 1846 802 1874 hostes
823 1847 941 1878 intendi.
957 1851 984 1873 et
1002 1849 1034 1873 ad

243 1890 451 1923 oppugnandum
469 1895 576 1924 paratos
590 1890 676 1917 valide
691 1891 781 1924 ferire,
797 1899 850 1918 non
867 1892 1034 1918 animadver-

245 1939 352 1965 terunt.
367 1943 420 1968 quo
438 1940 518 1970 pacto
533 1937 694 1971 setttetipsos
710 1937 780 1964 velut
796 1938 903 1965 emissis
919 1939 953 1965 ab
968 1946 1031 1965 arcu

243 1980 350 2013 sagittis
365 1980 462 2007 acerbe
478 1981 660 2009 vulnerarent.
677 1982 760 2009 Deum
776 1983 847 2009 ettim
863 1982 1031 2010 ollcudenles

241 2025 316 2056 juxta
335 2025 427 2052 modos
441 2025 495 2058 jattt
513 2026 600 2053 dictos
615 2027 678 2060 quid
693 2027 764 2054 aliud
780 2034 860 2061 agere
873 2028 1033 2054 convincun-

244 2076 296 2102 tnr,
314 2078 394 2104 quam
414 2077 509 2098 contra
531 2073 691 2107 semetipsos
710 2080 772 2100 suas
792 2081 900 2100 armare
918 2074 1034 2100 ntanus?

1132 310 1373 345 Ἐπαιδεύθησαν
1398 311 1433 338 ἐν
1448 311 1532 346 ἐμοὶ,
1558 311 1607 338 καὶ
1626 311 1684 346 ἐγὼ
1711 312 1895 346 nauticus-va

1096 357 1168 390 τοὺς
1181 357 1349 392 βραχίονας
1373 357 1482 390 αὐτῶν,
1504 357 1552 384 καὶ
1569 359 1612 391 εὶς
1632 357 1684 392 ἐμὲ
1702 357 1896 392 ἑλογίσαντο

1096 403 1213 438 πονηρά
1246 403 1499 438 Ἀπεστράφησαν
1512 404 1556 437 είς
1571 403 1672 436 οὐδὲν,
1688 404 1841 439 ἐγένοντο
1857 403 1896 435 ὡς

1095 449 1186 481 τόξον
1199 448 1405 483 ἐντεταμένον.

1131 515 1192 543 ΠΓν.
1213 515 1325 550 Ἕτερον
1351 515 1443 546 αὐτοῖς
1468 513 1630 549 ἀχαριστίας
1653 512 1745 540 αὐτῶν
1775 513 1893 539 ἐπισυν-

1095 561 1174 587 άπτει
1190 560 1309 595 τρόπον,
1341 559 1465 591 ἀνοσίους
1488 559 1568 595 δντας
1595 558 1642 584 καὶ
1665 557 1892 592 ὀλιγογνώμονας

1094 606 1260 640 ἀποφαίνων.
1271 605 1341 640 Ἐγὼ
1348 605 1397 640 μὲν
1411 605 1476 640 γὰρ,
1489 605 1567 640 φησὶ,
1577 604 1665 631 καίτοι
1679 604 1766 631 πάλαι
1783 602 1893 638 κτηνῶν

1093 653 1198 687 ἀλόγων
1218 651 1406 686 διενεγκόντας
1422 651 1498 677 οὐδὲν
1511 651 1558 677 καὶ
1577 650 1724 681 ἀσυνέτους
1736 649 1826 680 ὄντας
1848 656 1892 674 κο-

1095 698 1168 734 μιδῇ,
1188 699 1235 724 καὶ
1250 697 1324 733 νόμῳ
1339 697 1534 732 πεπαίδευμαι,
1551 697 1598 723 καὶ
1621 697 1720 731 σοφοὺς
1741 695 1889 726 ἀπέδειξα,

1093 743 1138 770 καὶ
1151 743 1182 770 τὸ
1205 743 1346 778 συμφέρον
1370 742 1483 774 εἰδότας,
1502 741 1549 769 καὶ
1569 742 1618 777 τὴν
1642 743 1691 777 τῆς
1708 740 1891 777 δικαιοσύνης

1091 789 1160 819 ὁδὸν,
1175 789 1223 814 καὶ
1235 788 1344 823 ἁπάσης
1363 787 1512 822 εὐκοσμίας
1527 786 1696 821 κατόρθωσιν
1715 786 1770 813 οὐκ
1787 787 1890 822 ἠγνοη-

1090 834 1189 866 κότας,
1213 833 1250 865 ὡς
1270 833 1320 869 ήδη
1345 833 1392 860 καὶ
1413 833 1503 867 λέγειν
1524 832 1670 868 χαίροντας
1689 832 1733 866 ἐφ’
1762 832 1888 864 ἑαυτοῖς,

1076 888 1104 914 ⁵‹
1125 879 1262 914 Μαχάριοί
1288 880 1382 914 ἐσμεν,
1405 878 1524 914 Ἰσραὴλ,
1546 878 1587 904 ὅτι
1611 878 1647 905 τὰ
1669 878 1778 914 ἀρεστὰ
1793 877 1888 912 Κυρίῳ

1091 925 1199 959 γνωστὰ
1217 925 1281 960 ἡμῖν
1293 924 1360 951 ἐστι.
1375 935 1384 950 ι
1402 924 1458 950 Καὶ
1473 923 1502 950 οὐ
1516 923 1599 958 μέχρι
1613 923 1716 950 τούτων
1732 923 1771 950 τὰ
1784 923 1836 958 τῆς
1850 924 1888 955 είς

1091 971 1191 1002 αὐτοὺς
1206 970 1301 1005 γέγονε
1317 969 1472 1005 φιλοτιμίας
1484 977 1492 984 ·
1515 968 1582 996 ἀλλὰ
1599 969 1653 1004 γὰρ
1674 968 1888 1004 ἀλκιμωτάτους

1089 1016 1235 1051 ἀπέφηνα,
1262 1016 1309 1042 καὶ
1337 1015 1438 1047 ἱκανῶς
1461 1014 1573 1050 ἔχοντας
1601 1015 1669 1050 πρὸς
1694 1013 1725 1040 τὺ
1752 1014 1886 1040 δύνασθαι

1089 1061 1188 1093 παντὸς
1210 1061 1354 1088 καταολείν
1371 1060 1418 1087 τοῦ
1445 1060 1573 1094 πολεμεῖν
1597 1059 1736 1090 ἐθέλοντος
1753 1059 1805 1086 καὶ
1821 1059 1885 1086 ἀνθ-

1088 1107 1245 1142 εστηκότας.
1259 1107 1427 1141 Νενικήκασι
1445 1106 1499 1142 γὰρ
1512 1106 1576 1140 ἔθνη
1594 1105 1680 1132 πολλὰ
1696 1105 1744 1132 καὶ
1766 1105 1883 1140 μεγάλα,

1089 1153 1136 1179 καὶ
1148 1152 1227 1178 τοῦτο
1238 1152 1369 1188 ἀμογητί.
1388 1151 1457 1178 Ἀλλ’
1471 1153 1511 1183 είς
1525 1151 1575 1187 ἐμὲ
1590 1151 1635 1178 τδν
1646 1151 1780 1178 τοιούτων
1794 1151 1885 1182 αὐτοῖς

1088 1199 1187 1234 δοτῆρα
1206 1198 1272 1234 Θεὸν
1299 1199 1427 1233 γεγόνασι
1454 1198 1584 1233 πονηροὶ,
1607 1198 1817 1234 καταφρονηταὶ
1841 1198 1884 1232 δη-

1088 1233 1174 1271 λονότι
1190 1245 1238 1271 καὶ
1251 1233 1404 1271 ἀιποστάται
1416 1253 1421 1259 ·
1434 1244 1481 1270 καὶ
1494 1244 1508 1270 ὁ
1517 1244 1617 1278 τρόπος
1639 1233 1732 1275 αὐτοῖς
1750 1243 1800 1278 τῆς
1819 1243 1884 1269 ἀπο-

1088 1292 1210 1327 στροφῆς
1236 1291 1347 1325 γέγονεν
1372 1292 1411 1322 εἰς
1427 1291 1514 1318 οὐδέν.
1534 1290 1616 1317 Οὐδὲν
1636 1290 1690 1325 γὰρ
1718 1289 1788 1321 ὅλως
1811 1289 1842 1315 τὸ
1856 1289 1884 1321 ἐξ

1089 1337 1155 1372 ὖλης
1166 1337 1297 1372 αἰσθητῆς
1313 1337 1502 1373 χειροποίητον
1515 1335 1636 1371 ἄγαλμα.
1657 1335 1727 1362 Ἀλλ’
1738 1335 1764 1361 εί
1779 1335 1833 1370 μέν
1844 1343 1882 1360 τοι

1087 1382 1117 1409 τὸ
1131 1382 1242 1417 ἄμεινον
1267 1383 1434 1417 εὑρήκασιν,
1457 1381 1514 1416 ἔχοι
1542 1380 1576 1407 ἃν
1592 1380 1704 1412 εἰκότως
1728 1381 1777 1407 καὶ
1804 1380 1883 1414 λόγον

1089 1429 1181 1461 αὐτοῖς
1204 1430 1220 1464 ἡ
1248 1428 1415 1464 παράϐασις.
1439 1427 1549 1463 Ἐπειδὴ
1565 1427 1593 1454 δὲ
1618 1427 1688 1463 πρὸς
1714 1426 1781 1453 Θεὸν
1806 1426 1883 1452 οὐδὲν

1089 1474 1227 1506 παντελῶς
1242 1474 1277 1501 τὰ
1290 1473 1390 1505 τοιάδε,
1409 1473 1549 1508 γελοιότης
1566 1473 1596 1500 δὲ
1609 1473 1656 1500 καὶ
1669 1472 1821 1508 ἠλιθιότης,
1838 1473 1882 1498 καὶ

1087 1522 1137 1547 ὅσα
1151 1520 1256 1552 τούτοις
1273 1519 1366 1554 ἐγγὺς,
1379 1519 1466 1551 οὐδεὶς
1480 1519 1571 1551 αὐτοῖς
1583 1519 1641 1545 ἐστι
1656 1518 1735 1552 λόγος
1746 1518 1799 1553 τῆς
1817 1518 1882 1544 ἀπο-

1089 1567 1219 1603 στροφῆς,
1246 1567 1362 1601 πιθανὴν
1392 1566 1462 1601 ἔχων
1489 1566 1590 1594 αἰτίαν,
1614 1565 1719 1592 Οὐκοῦν
1744 1565 1784 1595 εἰς
1807 1564 1881 1590 οὐδὲν

1087 1614 1311 1648 ἀπεστράφησαν.
1330 1612 1461 1646 Γεγόνασι
1484 1613 1513 1639 δὲ
1535 1612 1602 1648 πρὸς
1621 1611 1730 1643 τούτοις
1746 1612 1795 1638 καὶ
1821 1621 1830 1636 ι
1846 1611 1881 1642 ὡς

1087 1659 1162 1693 τόξον
1177 1659 1363 1694 ἐντεταμένον,
1378 1668 1386 1685 t
1402 1659 1432 1685 οὐ
1449 1657 1600 1694 χαλώμενοι
1615 1658 1682 1694 πρὸς
1695 1658 1878 1694 μετάγνωσιν,

1085 1707 1115 1732 οὐ
1141 1705 1318 1740 καθυφιέντες
1339 1705 1446 1732 τουτουῒ
1470 1704 1517 1731 τοῦ
1534 1705 1601 1741 πρὸς
1619 1704 1758 1740 τοσαύτην
1783 1705 1880 1735 αὐτοὺς

1085 1751 1268 1786 ἁποφέροντος
1284 1750 1414 1785 αἰσχύνην
1437 1750 1485 1776 καὶ
1511 1749 1650 1776 ἀϐουλίαν.
1672 1750 1771 1776 ’ἰστέον
1786 1749 1826 1782 δὲ,
1842 1750 1879 1776 ὅτι

1084 1797 1162 1823 τοῦτο
1173 1797 1398 1832 διερμηνεύοντες
1411 1795 1592 1823 ὲκδεδώκασιν
1606 1796 1705 1832 ἕτεροι,
1715 1806 1724 1822 ι
1738 1796 1878 1831 Ἐγένοντο

1084 1841 1121 1872 ὼς
1134 1840 1210 1872 τόξον
1230 1841 1478 1876 ἀπεστραμμένον,
1497 1850 1506 1866 ι
1530 1841 1574 1867 ἴνα
1589 1849 1616 1867 τι
1631 1841 1754 1867 τοιοῦτον
1776 1849 1879 1876 πεπρα-

1086 1886 1141 1921 χὼς
1154 1886 1248 1921 νοῆται
1266 1886 1346 1913 πάλιν
1360 1887 1374 1912 ό
1397 1886 1514 1922 Ἰσραήλ.
1533 1886 1588 1918 Οὓς
1607 1887 1661 1922 γὰρ
1684 1887 1737 1913 ἔδει
1766 1887 1876 1922 μᾶλλον,

1087 1932 1212 1968 καθάπερ
1240 1941 1267 1958 τι
1283 1932 1370 1964 τόξον,
1399 1932 1565 1958 ἐντείνεσθαι
1588 1934 1648 1959 κατ’
1674 1932 1782 1968 ἐχθρῶν
1799 1953 1806 1965 ,
1832 1934 1878 1959 καὶ

1087 1978 1194 2013 βάλλειν
1208 1977 1324 2009 εὐτόνως
1346 1978 1409 2009 τοὺς
1427 1977 1621 2004 ἀντανίσταθαι
1642 1978 1875 2014 μεμελετηκότας,

1086 2024 1257 2060 διαλελήθασι
1281 2024 1350 2058 σφᾶς
1371 2024 1469 2055 αὐτοὺς
1490 2023 1572 2050 οἱονεὶ
1585 2023 1669 2056 τόξων
1693 2024 1772 2050 ἀκίσι
1796 2023 1876 2059 πλήτ-

1087 2078 1179 2101 τοντες
1208 2071 1329 2105 πικραῖς.
1348 2069 1409 2104 Θεῷ
1425 2070 1480 2105 γὰρ
1505 2069 1731 2105 προσκρούοντες,
1750 2070 1824 2097 κατά
1846 2078 1875 2103 γε

242 2115 305 2147 ’τοὺς
336 2116 385 2151 ἤδη
416 2118 633 2153 προειρημένους
664 2119 790 2154 τρόπους,
815 2119 841 2146 τί
865 2119 982 2154 δρῶντες
1000 2120 1092 2154 ἕτερον
1113 2117 1200 2144 ἁλοῖεν
1226 2117 1277 2147 ἂν,
1306 2116 1323 2150 ἢ
1347 2115 1406 2142 καθ’
1434 2115 1538 2142 ἑαυτῶν
1557 2115 1605 2147 τὰς
1635 2116 1702 2148 ίδίας
1721 2116 1875 2149 ὁπλίζοντες

243 2171 353 2195 Xenone;

243 2171 249 2177 ⁵
262 2171 284 2188 ει
306 2171 353 2195 ας;

243 2172 259 2198 Α
278 2171 382 2236 ἕξοιοτίι
400 2215 490 2237 autetn
507 2212 578 2244 quod
597 2212 764 2246 propositunt
781 2216 823 2239 est
840 2212 874 2239 ad
894 2212 1032 2239 declaran-

242 2255 318 2286 dum,
336 2255 358 2282 si
373 2256 489 2291 cuipiam
507 2258 633 2291 placebit.
648 2263 676 2285 ct
692 2258 770 2286 aliter
784 2258 907 2293 intelligi.
924 2258 1031 2285 Univer-

1119 2209 1252 2236 Nooiro-G‘
1274 2209 1306 2235 ἃν
1322 2209 1351 2235 τὸ
1369 2209 1559 2244 προκείμενον,
1576 2209 1654 2245 εἴπερ
1669 2218 1708 2245 τῳ
1723 2209 1810 2244 δοκεῖ,
1831 2210 1875 2237 καὶ

1084 2256 1145 2282 καθ’
1161 2256 1254 2291 ἕτερον
1269 2255 1378 2290 τρόπον.
1405 2255 1435 2281 ὐ
1457 2255 1505 2290 μὲν
1518 2255 1572 2290 γὰρ
1587 2255 1640 2281 τῶν
1654 2255 1724 2281 ὅλων
1740 2255 1810 2287 Θεὸς
1833 2257 1873 2282 ἑν-

242 2308 334 2327 sorum
356 2309 473 2336 namque
496 2303 565 2329 Deus
587 2303 713 2330 lsraelem
735 2304 814 2331 veluti
837 2312 929 2331 arcum
950 2312 1028 2331 sumn

1089 2302 1184 2328 ἔτεινεν
1199 2301 1339 2332 οίονείπως
1353 2301 1398 2327 τὸν
1417 2301 1525 2336 Ἰσραὴλ
1536 2301 1574 2332 ὠς
1592 2301 1656 2327 [διον
1671 2301 1762 2333 τόξον.
1779 2303 1813 2337 τῇ
1829 2302 1874 2328 τοῦ

243 2345 367 2378 intendit,
379 2347 477 2374 diaboli
490 2348 659 2382 tyrannidem
673 2355 760 2383 pugna
774 2349 919 2381 lacessens,
931 2355 958 2376 et
969 2358 1029 2377 eutn

243 2391 418 2420 idololatricaa
433 2393 590 2426 itnpostura:
603 2401 752 2428 opponens.
767 2395 846 2423 Solus
860 2397 931 2423 eui-tt
947 2397 1030 2424 Israel

240 2444 274 2464 ex
293 2438 419 2466 omnibus
438 2439 564 2473 gentibus
584 2447 632 2474 per
649 2441 743 2468 orbem
764 2442 936 2475 universum,
954 2444 1028 2478 juxta

242 2488 359 2510 mentem
381 2483 446 2518 legis
466 2485 572 2519 repulsa
593 2485 725 2514 idolorum
745 2488 902 2516 adoratione
921 2495 1027 2522 natura,

239 2534 268 2555 et
283 2536 375 2555 revera
392 2530 576 2558 universitatis
593 2533 704 2559 Domino
717 2533 838 2562 addictus
851 2539 878 2562 et
891 2543 1029 2562 consecra-

243 2579 286 2600 tus
303 2578 371 2601 erat.
391 2573 444 2601 Sed
467 2576 494 2602 in
515 2578 682 2605 contrarium
702 2580 771 2606 versi
794 2585 867 2607 sunt.
886 2581 935 2614 Qui
956 2583 1027 2608 enim

242 2618 305 2644 illud
320 2617 412 2646 facere
428 2619 569 2653 debebant,
587 2629 636 2656 pro
650 2623 733 2658 gloria
750 2625 882 2653 idolorum
898 2634 959 2653 cutn
977 2626 1028 2654 Deo

241 2669 438 2696 pugnaverunt.
458 2665 531 2694 Facti
551 2673 614 2695 sunt
633 2669 724 2704 igitur,
743 2674 772 2698 ut
789 2667 869 2700 arcus
886 2672 1026 2704 obversus,

240 2709 353 2743 sagittas
368 2710 393 2738 in
408 2714 574 2742 contrarium
591 2715 749 2751 dirigentes.

276 2837 297 2853 ¹⁵
311 2838 416 2868 Βλικυιιι
433 2849 469 2875 tv,
484 2846 510 2870 -1,

1084 2347 1206 2374 διαϐόλου
1222 2347 1357 2382 τυραννίδι
1371 2347 1534 2382 μαχόμενος,
1553 2347 1600 2373 καὶ
1615 2348 1645 2382 τῇ
1662 2347 1713 2382 τῆς
1734 2347 1883 2394 εἰδωλολα-Ι

1083 2397 1176 2431 τρείας
1190 2394 1345 2428 ἀντεξάγων
1364 2393 1467 2429 ἀπάτῃ.
1485 2393 1573 2424 Μόνος
1585 2393 1639 2427 γὰρ
1650 2394 1682 2419 ἐκ
1698 2393 1810 2420 πάντων
1824 2395 1874 2420 τῶν

1084 2443 1137 2470 ἀνὰ
1149 2444 1239 2470 πᾶσαν
1251 2441 1301 2476 τὴν
1314 2439 1477 2475 οἰκουμένην
1495 2438 1577 2465 ἐθνῶν
1591 2440 1605 2465 ὁ
1621 2439 1742 2473 Ἰσραὴλ,
1762 2440 1834 2466 κατά
1845 2448 1873 2473 γε

1082 2488 1121 2524 τῷ
1133 2488 1210 2523 νόμῳ
1235 2487 1341 2518 δοκοῦν,
1365 2485 1509 2512 ἀπεσείετο
1530 2485 1579 2520 μὲν
1605 2485 1654 2520 τὴν
1679 2485 1735 2512 τῶν
1757 2485 1873 2512 εἰδώλων

1082 2533 1279 2570 προσκύνησιν,
1295 2531 1455 2566 προσέκειτο
1469 2530 1498 2557 δὲ
1508 2530 1547 2565 τῷ
1561 2530 1641 2564 φύσει
1654 2539 1683 2556 τε
1705 2530 1755 2556 καὶ
1768 2530 1872 2564 ἀληθῶς

1080 2580 1135 2606 τῶν
1148 2579 1216 2606 ὅλων
1229 2577 1360 2612 Δεσπότῃ.
1377 2576 1445 2603 Ἀλλ’
1457 2576 1606 2612 ἐτράποντο
1618 2575 1686 2611 πρὸς
1698 2577 1729 2602 τὸ
1742 2577 1870 2603 ἐναντίον.

1082 2625 1113 2651 Οἱ
1138 2624 1192 2659 γὰρ
1208 2625 1295 2650 ἐκεῖνο
1310 2623 1440 2658 πράττειν
1464 2622 1627 2657 ὀφείλοντες,
1648 2622 1720 2656 ὑπὲρ
1744 2622 1796 2656 τῆς
1820 2621 1870 2648 τῶν

1082 2670 1200 2696 εἰδώλων
1213 2669 1290 2705 δόξης
1309 2668 1518 2703 πεπολεμήκασι
1531 2667 1569 2702 τῷ
1584 2666 1653 2702 Θεῷ.
1670 2667 1802 2701 Γεγόνασι
1818 2667 1869 2694 τοί-

1081 2724 1129 2742 νυν
1141 2715 1178 2747 ὡς
1192 2716 1269 2748 τόξον
1283 2714 1534 2749 ἀπεστραμμένον,
1554 2713 1664 2748 ἐναντίᾳ
1684 2713 1822 2749 χρώμενοι
1837 2714 1866 2748 τῇ

1081 2769 1181 2796 τοςειᾳ.
