1919 3042
88 147 132 174 ’ΞἻ
549 143 825 170 COMMENTARIUS
846 144 878 170 IN
900 144 1016 171 OSEAM
1037 144 1262 171 l’liOPllE'lAM.

1677 149 1724 175 198

119 203 285 233 [Ιεσοῦνται
303 202 339 228 ἐν
354 202 492 237 ῥομφαίᾳ
513 203 540 228 οὶ
561 201 705 237 ἄρχοντες
720 201 829 236 αὐτῶν,
842 201 877 228 δι’

966 203 1045 230 Vnus.
1063 203 1106 230 16.
1123 203 1222 229 Cadent
1241 203 1268 229 in
1286 202 1375 235 gladio
1393 202 1527 236 principes
1544 211 1647 236 eorum,
1663 214 1723 240 pro-

84 249 282 281 ἀπαιδευσίας
298 247 448 282 τλὼσσης
462 246 570 274 αὐτῶν.

85 300 186 327 [Μ’.οῠ
197 298 268 326 κατὰ
283 299 364 334 μόνον
385 294 455 329 ἣξει,
475 294 553 328 φησὶ,
571 294 626 321 τῶν
646 295 702 326 τοῖς
717 293 878 329 ἡγουμένοις

84 340 307 376 ὑπστρωμένων
330 347 366 366 τα
387 338 417 371 ἐξ
440 338 536 374 ὀργῆς,
559 338 747 373 καταλήψεται
764 338 791 364 δὲ
804 358 811 369 ,
832 337 878 363 καὶ

85 390 156 424 μάλα
174 388 297 422 γοργῶς,
309 386 357 413 καὶ
374 386 437 417 τοὺς
452 387 512 417 ταῖς
528 385 659 418 ἀνωτάτω
670 386 766 419 τιμαῖς
783 385 878 419 ἐντρυ-

84 437 135 470 ᾳᾷν
149 433 293 463 εἰωθότας.
311 430 464 458 Πεσοῡνται
478 431 532 466 γὰρ
552 430 581 457 ὲν
598 429 729 465 ῥομφαίᾳ,
746 430 793 456 καὶ
812 429 879 464 πρό-

83 489 167 515 φασις
191 477 331 506 ἔσταιτοῦ
359 476 456 504 παθεῖν
483 477 592 507 αὐτοὺς,
623 476 672 510 τῆς
699 474 825 510 γλώσσης
849 474 879 501 τὺ

83 526 210 560 ἀσελγές.
234 523 412 551 ’Δπαιδευσία
427 523 481 558 γὰρ
506 521 616 557 ἀληθῶς
640 521 672 548 τὸ
692 520 731 556 τῷ
748 521 818 555 ξύλῳ
835 520 880 546 λέ-

85 583 156 608 γειν,
177 582 186 598 ι
202 571 271 602 Θεός
291 578 343 605 μου
361 567 386 595 εἷ
399 569 447 595 σύ·
464 569 511 596 καὶ
527 569 567 604 τῷ
588 567 666 603 λίθῳ,
680 567 717 594 Σὺ
730 567 879 603 ὲγέννησάς

86 629 274 700 μέζιζρμὸιιςειε
294 664 317 690 δ’
333 662 366 689 ἂν
381 659 411 689 εὖ
427 662 501 696 μάλα
519 660 566 688 καὶ
581 660 616 686 τὰ
629 660 718 686 τοιάδε
733 659 824 693 λέγειν
840 659 880 694 τῷ

91 705 289 746 Ἐ’μμανουὴλ,
316 709 376 736 καθ’
402 706 432 735 οὗ
454 708 503 742 τὴν
530 706 692 733 ἀπαίδευτον
719 706 879 740 κεχινήκασι

85 758 214 792 γλῶσσαν
246 756 271 783 οξ
293 754 468 790 Γραμματεῖς
484 761 513 779 τε
541 752 590 778 καὶ
613 752 766 787 Φαρισαῖοι,
791 751 879 777 καίτοι

85 802 263 834 ταιδεῦοντός
286 811 316 829 τε
332 801 378 828 καὶ
390 799 594 835 κατισχύοντος,
609 799 688 834 δῆλον
700 798 728 824 δὲ
740 798 780 824 ὅτι
795 806 878 824 πνευ-

88 849 226 886 ματικῶς.
239 846 290 875 Ὧν
317 848 394 875 οὐδὲν
412 845 655 880 ὑπολογισάμενοι,
673 845 720 870 καὶ
741 843 880 879 ἀπεστρά-

929 254 987 282 pter
1000 250 1161 280 imperitiam
1177 250 1275 284 liuguw
1289 257 1391 275 eorum.

965 293 1107 320 LXXXIV.
1129 294 1187 320 Non
1208 301 1300 321 contra
1322 294 1394 321 solos
1415 292 1585 328 principibus
1603 294 1726 323 subditos

931 339 972 366 ira
989 338 1129 372 suppliciis
1147 339 1254 371 saeviet;
1270 339 1481 374 comprehendet
1503 339 1598 371 etiam,
1615 344 1642 366 et
1656 340 1726 367 velo-

930 385 1048 417 cissime,
1063 384 1108 419 qui
1124 384 1149 411 in
1165 385 1280 412 summis
1297 385 1445 411 honoribus
1458 392 1523 412 suas
1540 385 1640 413 habere
1655 385 1716 413 volu

931 437 1019 466 ptates
1034 437 1244 459 consueverunt.
1257 441 1266 457 ι
1281 432 1386 460 Cadent
1399 433 1470 459 enim
1483 433 1509 458 in
1525 432 1645 467 gladio,»
1656 434 1726 468 quod

931 478 1030 504 malum
1056 477 1108 504 illis
1130 478 1221 512 pariet
1245 477 1343 512 lingua:
1366 479 1541 511 protervitas.
1561 479 1631 507 Vere
1654 479 1725 506 enim

930 522 1044 549 stultitia
1066 527 1123 556 est,
1142 522 1215 557 ligno
1234 522 1327 549 dicere
1345 531 1352 549 :
1373 531 1383 548 ι
1405 522 1476 552 Deus
1494 531 1571 552 meus
1588 532 1617 553 es
1636 529 1681 558 tu;
1699 529 1726 552 et
1750 548 1753 551 .

930 567 1011 603 lapidi
1029 577 1035 595 ι
1051 567 1090 595 Tu
1108 575 1151 595 me
1165 569 1283 603 genuisti
1296 569 1329 595 η.
1350 578 1360 595 ι

966 658 1040 685 Talia
1055 663 1083 685 et
1101 658 1259 686 Emmanuel
1276 662 1338 693 apte
1355 658 1427 686 dicet
1439 679 1446 689 .
1467 658 1493 685 in
1511 665 1591 693 quem
1609 659 1726 693 linguam

932 705 1084 739 imperitam
1100 709 1242 731 moverunt
1254 704 1358 732 Scribae
1372 710 1398 731 et
1415 704 1557 737 Pharisaei,
1571 712 1726 738 quanquam

931 757 977 776 eos
993 749 1158 777 erudientem
1175 753 1203 776 et
1219 749 1439 781 conﬁrmantem,
1455 749 1634 784 spiritualiter
1649 749 1728 775 nilni-

932 802 1001 822 rum.
1013 794 1132 827 Quorum
1149 794 1217 822 nihil
1231 799 1406 830 reputantes,
1421 799 1449 822 et
1461 795 1551 823 aversi
1566 799 1629 822 sunt
1641 795 1674 821 ad
1688 794 1729 821 ui-

933 840 968 867 hil
988 841 1126 876 (conversi
1146 846 1208 869 sunt
1226 843 1325 877 quippe
1343 843 1376 870 ad
1393 841 1534 869 doctrinas
1552 846 1580 868 et
1598 842 1727 868 mandata

86 904 177 932 φησαν
191 896 233 926 εἰς
258 893 346 921 οὐδέν.
369 893 534 928 Ἐτράποντο
557 892 611 926 γὰρ
634 892 674 923 είς
695 889 878 922 διδασκαλίας,

939 887 1126 921 ιοιηίηυιιι¹⁰),
1156 892 1184 915 et
1201 888 1265 915 facti
1284 893 1348 916 sunt
1365 893 1392 915 ut
1412 896 1494 916 arcus
1511 888 1537 915 in
1555 887 1725 915 contrarium

86 942 245 977 ἐντάλματα
260 939 422 976 ἀνθρώπων.
439 939 493 966 Καὶ
508 938 653 972 γεγόνασιν
662 937 706 975 ¹ὡς
720 937 798 969 τόξον
813 937 880 963 ἀντ-

86 987 290 1024 εσ-τραμμὲνον,
317 985 461 1021 βάλλοντες
474 984 588 1016 ἀνοσίως
603 983 648 1010 τὸν
663 982 766 1010 ἑαυτῶν
780 982 882 1008 Δεσπό-

86 1044 146 1069 την,
169 1030 203 1060 οὖ
231 1032 333 1068 μᾶλλον
360 1031 444 1067 ἐχρῆν
471 1030 659 1067 ὑπεραθλῆσαι
676 1028 811 1063 γενικῶς,
834 1027 882 1054 καὶ

86 1082 164 1116 νικᾷν
180 1079 343 1114 ἐπείγεσθαι
362 1079 426 1109 τοὺς
442 1077 695 1113 ἀντιτεταγμένους,
711 1076 780 1102 καθὰ
797 1075 844 1101 καὶ
856 1074 881 1100 οἱ

87 1127 140 1153 τῶν
155 1125 366 1153 πιστευσάντων
381 1125 487 1160 γνήσιοι
503 1123 633 1160 μαθηταί.

390 1192 516 1219 ΚΕΦΑΔ.
538 1192 578 1218 Η¹.

124 1247 220 1282 Οὗτος
235 1250 253 1276 ὁ
269 1247 443 1283 φαυλισμὸς
455 1245 554 1274 αὐτῶν
567 1247 603 1273 ἐν
620 1245 660 1281 τῇ
674 1246 822 1281 Αἰγύπτῳ,
839 1247 883 1280 εἰς

90 1292 206 1319 κόλπον
222 1292 333 1319 αὐτῶν.
358 1291 407 1324 Ὡς
427 1289 477 1325 γῆ,
492 1290 533 1322 ὡς
556 1290 643 1323 ἀετὸς
664 1291 711 1317 ἐπ’
727 1289 812 1317 οἷκον
823 1293 881 1318 Κυ-

87 1339 163 1372 ρίου,
181 1338 248 1365 ἀνθ’
262 1334 307 1364 ὧν
325 1337 501 1371 παρέϐησαν
513 1335 570 1370 τὴν
589 1335 737 1371 διαθήκην
749 1346 819 1372 μου,
834 1337 883 1364 καὶ

90 1384 163 1412 κατὰ
182 1383 238 1411 τοῦ
252 1384 347 1418 νόμου
361 1383 529 1418 ἠσέϐησαν.

130 1486 196 1513 IlE’.
238 1484 366 1519 Ἀσαφῶς
395 1483 444 1519 μὲν
472 1483 533 1510 λίαν
563 1483 671 1519 εἴρηται
709 1484 805 1517 ταυτὶ,
834 1484 884 1518 τῆς

96 1532 242 1568 Ἑϐραίων,
258 1530 386 1566 καθάπερ
401 1527 519 1565 ἐγῷμαι,
535 1531 626 1565 φωνῆς
641 1529 740 1565 πολλὴν
754 1530 883 1565 ἐμποιού-

91 1587 139 1614 σης
149 1579 209 1609 τοῖς
223 1576 434 1612 διερμηνεύουσι
444 1576 492 1612 τὴν
507 1576 677 1611 δυσχέρειαν.
700 1576 843 1612 Ἑπόμενοι
855 1577 882 1603 δὲ
897 1572 918 1600 C

90 1626 168 1660 ἡμεῖς
176 1625 210 1659 τῇ
218 1623 273 1649 τῶν
279 1623 424 1658 νοημάτων
430 1623 515 1656 τάξει,
525 1622 555 1649 τὸ
562 1623 601 1654 εὶς
609 1621 671 1649 νοῦν
679 1619 746 1657 ἧκον
756 1622 818 1656 ἐροῦ
823 1631 884 1658 μεν.

92 1680 101 1697 ε
115 1669 202 1702 Οὗτος
218 1670 310 1697 τοίνυν
324 1671 338 1696 ὁ
354 1669 509 1704 φαυλισμδς
525 1669 625 1699 αὐτῶν,
642 1678 651 1694 ›
672 1669 766 1704 φησὶν,
780 1678 788 1694 ι
805 1670 834 1695 ὲν
848 1670 884 1704 γῇ

89 1716 232 1750 Αἰγύπτῳ,
248 1724 257 1740 ι
269 1714 419 1745 τουτέστιν,
429 1713 578 1749 ἐπειδήπερ
586 1713 636 1749 ἐμὲ
646 1715 692 1740 τὸν
699 1714 741 1740 ἀεὶ
754 1713 883 1746 σώζοντα,

91 1762 135 1788 καὶ
149 1761 328 1794 παιδεύοντα,
338 1759 387 1787 καὶ
402 1759 623 1794 ἀκαταγώνιστον
630 1760 739 1787 τιθέντα
751 1761 806 1791 τοῖς
820 1761 885 1787 ἀνο-

90 1808 236 1844 εστηκόσιν
263 1806 402 1842 (ὲνίσχυσα
416 1807 472 1841 γὰρ
498 1806 607 1841 αὐτοὺς)
627 1806 815 1842 ἐξεφαύλησαν
837 1806 881 1832 ἁν-

90 1853 181 1884 οσίως,
199 1852 351 1887 δαιμονίοις
369 1852 417 1887 μὲν
426 1851 609 1886 ἀπονέμοντες
620 1851 757 1887 λατρείας,
773 1851 885 1886 ἐπιθαρ-

91 1900 226 1934 σήσαντες
237 1898 265 1924 δὲ
281 1897 330 1924 καὶ
345 1898 378 1932 τῇ
395 1897 450 1923 τῶν
467 1897 622 1930 Αἰγυπτίων
640 1898 686 1931 γῇ,
702 1897 749 1922 καὶ
764 1897 884 1931 ἀποχρή-

92 1953 148 1971 σειν
164 1944 261 1975 αὐτοῖς
285 1944 325 1975 εἰς
349 1943 500 1979 εὐημερίας
521 1942 571 1974 τὰς
597 1942 701 1969 ἐκεῖθεν
726 1944 885 1978 ἐπικουρίας

91 1992 220 2025 οἰόμενοι,
236 1989 366 2026 ταύτῃτοι
382 1990 428 2016 καὶ
451 1990 491 2021 εις
511 1989 611 2016 κόλπον
635 1988 725 2015 αὐτῶν
746 1990 885 2025 ἀποστρα-

92 2038 208 2072 φήσεται
223 2036 254 2062 τὸ
266 2035 429 2070 ἐγχείρημα,
448 2036 494 2062 καὶ
506 2035 554 2069 τῆς
571 2035 675 2062 ἑαυτῶν
688 2034 885 2067 εἰκαιοϐουλίας

92 2083 141 2109 οὐκ
166 2082 275 2116 ἀγαθὰς
292 2082 455 2118 εὑρήσουσιν
478 2081 606 2117 ἀμοιϐάς.
636 2081 832 2117 Ἀπολήψονται
856 2081 884 2108 δὲ

92 2127 220 2163 καθάπερ
235 2129 277 2158 εἰς
292 2127 392 2154 κόλπον
408 2127 458 2158 τὰς
468 2127 557 2159 δίκας.
576 2126 655 2160 Ἥξει
667 2126 731 2162 γὰρ,
747 2127 816 2162 ἥξει,
834 2136 886 2163 φη-

93 2174 144 2206 σὶν,
155 2174 170 2200 ὁ
187 2173 371 2209 καταδῃώσας
390 2174 498 2205 αὐτοὺς,
511 2173 565 2200 τῶν
583 2173 733 2209 Ἀσσυρίων
756 2174 770 2200 ὁ
785 2173 883 2208 τύραν-

95 2229 135 2251 νος
150 2220 272 2255 ἀριθμοῦ
279 2220 423 2255 κρείττονα
432 2219 481 2255 τὴν
490 2219 543 2246 τῶν
557 2219 682 2254 μαχίμων
690 2219 758 2255 ἔχων
768 2220 882 2255 πληθύν.

93 2267 173 2298 Ἥξει
189 2275 221 2292 τε
234 2266 327 2297 αὐτοῖς
344 2266 382 2297 ὡς
395 2266 444 2301 ὅλη
461 2266 507 2301 γῆ,
520 2267 567 2293 καὶ
578 2266 653 2302 χώρα
664 2267 710 2293 καὶ
723 2267 831 2302 πατρὶς.
842 2267 887 2293 ἵνα.

92 2320 133 2342 τις
147 2312 238 2347 οἴηται
255 2311 305 2347 τὴν
317 2311 430 2346 Περσῶν
447 2312 495 2338 καὶ
507 2312 606 2347 Μήδων
618 2312 681 2347 ὅλην
690 2312 719 2345 ἐξ
729 2312 789 2338 ὅλου
805 2321 886 2347 μετα-

94 2358 192 2393 στῆναι
207 2357 313 2393 χὼραν,
328 2358 376 2384 καὶ
387 2359 426 2389 εἰς
439 2358 596 2394 Σαμάρειαν
615 2358 702 2384 ἐλθεῖν
712 2367 718 2374 σ
733 2358 813 2385 τοῦτό
830 2359 887 2385 ἐστι

93 2403 133 2435 τὸ,
155 2413 165 2429 ι
183 2403 223 2434 ὼς
234 2403 281 2438 γῆ.
299 2412 309 2428 ι
328 2402 407 2436 Ἥξει
419 2403 448 2429 δὲ
462 2404 509 2430 καὶ
523 2403 560 2435 ὡς
571 2405 586 2430 ὸ
602 2403 682 2435 ἀετὸς
694 2404 732 2435 εἰς
747 2402 820 2430 οἷκον
833 2405 884 2430 Κυ-

95 2449 162 2484 ρίου,
186 2448 340 2481 τουτέστιν,
364 2449 551 2484 ἀνα-κτήσεται
573 2450 616 2476 ἐπ’
638 2449 720 2477 αὐτὸν
748 2448 810 2482 ὀξὺς
843 2450 890 2477 καὶ

93 2494 179 2527 δεινὸς
205 2494 253 2522 τὸν
270 2495 334 2522 ναὸν
351 2493 398 2521 τοῦ
424 2495 502 2528 Θεοῦ,
528 2495 575 2522 καὶ
599 2496 815 2532 καταδραμεῖται
837 2495 887 2531 τῆς

101 2540 184 2568 Ἰούδα
209 2540 350 2576 βασιλείας
373 2541 419 2567 καὶ
443 2541 497 2568 τῶν
532 2541 736 2577 Ἰεροσολύμων,
757 2541 888 2578 ἁρπάζων

94 2586 224 2622 ἀμογητὶ,
240 2586 288 2613 καὶ
300 2586 476 2622 ἀποκομίζων
491 2587 530 2618 εις
541 2587 590 2622 τὴν
602 2587 710 2615 ἑαυτοῦ.
725 2587 823 2623 Πρώτη
839 2588 888 2623 μὲν

94 2632 147 2667 γὰρ
160 2633 177 2668 ὴ
200 2633 382 2668 Σαμαρειτῶν
404 2633 576 2669 πεπόρθηται
599 2634 685 2670 χώρα,
701 2635 748 2662 καὶ
769 2635 798 2661 ὲν
817 2636 886 2671 αὐτῇ

94 2686 144 2705 που
158 2677 270 2710 πάντως
286 2678 301 2704 ὁ
322 2678 441 2714 Ἰσραήλ.
459 2679 592 2714 Ὕστερον
604 2680 632 2706 δὲ
646 2680 694 2707 καὶ
714 2681 782 2716 αὐτὴ
795 2681 887 2707 λοιπὸν

95 2723 266 2760 “nemo;
278 2724 385 2760 ἐλήφθη
400 2724 488 2757 πόλις,
502 2726 546 2760 ἐφ’
601 2726 648 2752 καὶ
662 2727 676 2753 ὁ
688 2727 888 2762 προφήτηςΊε-

95 2771 190 2805 ρεμίας
206 2771 332 2807 ἐθρήνει,
346 2770 448 2805 λέγων·
464 2780 474 2798 t
490 2771 553 2804 Πῶς
565 2772 676 2800 ἐκάθισε
699 2773 766 2809 μόνη
779 2773 796 2809 ἡ
810 2774 887 2804 πόλις

131 2861 152 2875 ’⁹
167 2859 220 2887 lsa.
235 2867 267 2893 ιι,
287 2859 333 2887 27.
374 2860 396 2875 ²⁰
415 2859 506 2888 Matth.
524 2868 567 2894 xv,
583 2862 610 2889 9.

933 940 1029 960 versus
1046 934 1178 961 scelerate
1196 933 1337 961 Dominum
1356 942 1433 962 suum
1451 933 1590 966 ferientes,
1609 941 1657 968 pro
1675 941 1729 968 quo

935 978 1024 1013 potius
1038 979 1152 1007 viriliter
1169 979 1247 1015 117
1264 984 1381 1013 certare,
1398 985 1425 1007 et
1441 980 1475 1007 ad
1493 980 1665 1007 adversarios
1682 987 1728 1006 su-

936 1025 1084 1059 perandos,
1108 1025 1178 1052 sicut
1201 1032 1235 1052 ex
1258 1026 1432 1053 credentibus
1455 1025 1577 1060 germani
1603 1024 1727 1060 discipuli

934 1071 1001 1098 dare
1016 1078 1076 1098 sese
1091 1071 1253 1098 debuerunt.

1249 1191 1325 1220 CAP.
1353 1192 1420 1219 νιιι.

973 1248 1056 1276 Vsus.
1073 1248 1168 1276 LIsta
1188 1248 1360 1276 suboannatia
1389 1256 1478 1275 corum
1493 1249 1521 1275 in
1545 1252 1615 1275 terra
1641 1247 1727 1284 AZgy-

935 1299 991 1328 pio,
1005 1295 1031 1322 in
1042 1295 1128 1322 sinum
1144 1302 1244 1321 eorum.
1264 1293 1347 1327 Quasi
1363 1299 1444 1326 lerra,
1460 1293 1536 1328 quasi
1549 1293 1638 1327 aquila
1652 1301 1729 1327 super

936 1341 1043 1367 domum
1068 1339 1183 1372 Domini,
1210 1347 1257 1373 pro
1282 1347 1312 1366 eo
1328 1339 1398 1374 quod
1418 1340 1575 1373 transgressi
1599 1343 1659 1366 sunt
1688 1343 1727 1365 te-

937 1390 1094 1412 stamentum
1117 1393 1213 1417 meum,
1235 1389 1260 1412 et
1294 1389 1388 1411 contra
1422 1383 1503 1418 legem
1538 1392 1620 1410 meam
1649 1383 1728 1417 impie

937 1437 1054 1467 egerunt.

974 1489 1106 1517 LXXXV.
1127 1489 1199 1522 Haec,
1232 1493 1261 1516 ut
1294 1495 1344 1524 ego
1375 1488 1580 1523 sentio,lingua
1615 1487 1726 1515 llebrara

937 1536 1131 1563 obscurissime
1149 1536 1248 1570 scripta
1265 1539 1337 1568 sunt,
1356 1536 1427 1562 ttnde
1443 1535 1637 1569 interpretibus
1658 1534 1726 1561 mul-

937 1588 961 1608 ta
981 1581 1127 1609 difficultas
1150 1581 1288 1615 obiicitur.
1307 1581 1362 1608 Nos
1377 1588 1441 1608 vero
1479 1581 1622 1607 sementim
1654 1581 1728 1607 ordi-

936 1634 996 1653 nem
1014 1631 1171 1660 sequentes,
1188 1627 1260 1660 quod
1276 1626 1302 1652 in
1319 1630 1436 1653 mentem
1462 1626 1576 1658 venerit,
1595 1625 1725 1652 dicemus.

936 1673 1024 1706 lnquit
1055 1673 1147 1708 igitur,
1168 1682 1177 1698 ι
1194 1672 1247 1699 lsta
1277 1672 1454 1699 subsannatio
1484 1678 1578 1699 eorum
1605 1670 1630 1698 in
1655 1675 1727 1698 terra

935 1719 1062 1754 Egypto,
1080 1727 1090 1744 ι
1108 1719 1158 1746 hoc
1177 1722 1229 1751 est,
1249 1723 1392 1753 postquam
1415 1725 1456 1745 me
1482 1725 1590 1752 semper
1619 1725 1728 1745 servan-

937 1765 1000 1792 tem‘
1014 1772 1080 1797 eos,
1111 1769 1137 1791 et
1156 1765 1324 1792 erudientem
1341 1785 1347 1796 ,
1381 1769 1408 1791 et
1437 1764 1471 1791 ab
1493 1764 1656 1791 adversariis
1690 1764 1728 1789 in-

936 1811 1021 1838 victos
1041 1814 1211 1845 prtestantem
1228 1809 1422 1844 (corroboravi
1452 1809 1524 1835 enim
1548 1809 1618 1841 eos)
1645 1809 1727 1843 impie

935 1858 1182 1887 subsanuaverunt,
1203 1856 1338 1882 daemones
1355 1863 1402 1889 pro
1421 1854 1474 1882 diis
1500 1854 1630 1886 colentes,
1649 1860 1677 1880 et
1697 1854 1728 1880 li-

935 1903 1032 1928 derunt
1051 1906 1129 1928 terrae
1154 1899 1363 1935 (Egyptiorum,
1384 1905 1412 1926 et
1434 1899 1532 1925 auxilia
1553 1899 1658 1926 illorum
1674 1899 1725 1925 sibi

935 1947 968 1974 ad
991 1954 1146 1981 prosperam
1166 1947 1229 1972 vitae
1245 1945 1427 1973 conditionem
1451 1944 1596 1972 suﬂ‘ectura
1620 1944 1726 1978 judica-

936 1997 1009 2024 runt,
1033 1993 1134 2019 idcirco
1159 1991 1185 2018 in
1205 1992 1294 2018 sinum
1321 1997 1415 2018 eorum
1441 1995 1594 2018 revertetur
1615 1995 1728 2017 conatus

934 2045 1041 2071 eorum,
1059 2042 1086 2065 et
1101 2037 1264 2064 temeritatis
1287 2044 1342 2064 suae
1370 2037 1520 2064 mercedem
1553 2043 1604 2063 non
1630 2037 1726 2063 bonam

936 2083 1093 2116 invenient;
1109 2082 1182 2110 velut
1198 2083 1269 2109 enim
1281 2082 1306 2109 in
1322 2082 1410 2109 sinum
1423 2087 1517 2116 pmnas
1526 2082 1663 2116 recipient.
1683 2081 1730 2108 Ve-

936 2130 992 2157 niet
1025 2129 1179 2164 siquidem,
1206 2128 1315 2160 veniet,
1344 2128 1445 2162 inquit,
1465 2128 1511 2162 qui
1541 2128 1658 2155 vastabit
1683 2135 1730 2155 eos

936 2175 1108 2210 Assyriorum
1138 2179 1270 2210 tyrannus
1296 2181 1356 2201 cum
1378 2173 1571 2201 innumerabili
1596 2174 1728 2206 exercitu,

937 2222 1081 2256 venielque
1103 2221 1169 2256 ipsis
1194 2227 1222 2248 ut
1240 2226 1292 2247 tota
1311 2225 1436 2252 terra,et
1465 2221 1552 2256 regio,
1575 2226 1603 2248 et
1628 2220 1728 2255 patria,

935 2272 966 2295 ut
985 2268 1047 2301 quis
1061 2266 1205 2294 Persarum
1229 2272 1256 2294 et
1272 2266 1409 2294 Medorum
1436 2270 1518 2293 totam
1535 2273 1550 2293 e
1569 2271 1624 2293 toto
1642 2267 1729 2300 regio-

937 2321 999 2340 nem
1015 2313 1155 2348 migrasse,
1170 2313 1237 2340 etin
1265 2313 1416 2339 Samariam
1452 2312 1559 2339 venisse
1582 2312 1727 2339 existimet.

937 2358 993 2386 Hoc
1006 2359 1072 2391 vult,
1094 2360 1164 2392 quod
1180 2359 1287 2390 dicitur,
1308 2367 1317 2384 ι
1333 2358 1411 2393 quasi
1428 2362 1511 2385 terra.
1530 2367 1539 2383 ι
1556 2358 1652 2385 Veniet
1667 2359 1728 2385 item

941 2414 950 2430 ι
965 2405 1040 2439 quasi
1056 2405 1144 2440 aquila
1166 2405 1191 2432 in
1211 2405 1319 2431 domum
1340 2404 1464 2436 Domini,
1492 2413 1503 2430 ›
1517 2403 1570 2432 hoc
1587 2409 1639 2437 est,
1657 2405 1731 2431 subi-

939 2457 982 2479 tus
1000 2456 1028 2478 et
1045 2451 1172 2478 terribilis
1188 2451 1316 2485 templum
1337 2450 1383 2477 Dei
1406 2449 1547 2481 involabit,
1569 2454 1596 2477 et
1616 2458 1729 2484 regnum

940 2496 1026 2531 ludat,
1042 2501 1124 2531 atque
1139 2496 1352 2532 Hierosolymam
1370 2495 1536 2528 incursabit,
1563 2496 1632 2523 citra
1658 2496 1731 2522 labo-

943 2551 998 2571 rem
1020 2544 1137 2578 rapiens,
1154 2548 1181 2570 et
1205 2544 1232 2571 in
1250 2550 1361 2577 regnum
1386 2549 1464 2569 suum
1488 2545 1644 2576 exportans.
1670 2541 1731 2568 Pri-

940 2597 1013 2617 mum
1050 2589 1121 2617 enim
1155 2589 1352 2617 Samaritarum
1388 2588 1463 2624 regio
1495 2587 1730 2622 depopulationem

939 2637 1032 2669 subiit,
1059 2630 1127 2663 etin
1142 2643 1172 2663 ea
1196 2636 1288 2670 utique
1317 2634 1409 2662 Israel.
1427 2633 1602 2662 Postmodum
1629 2636 1657 2660 et
1685 2633 1731 2660 illa

939 2682 1073 2710 celebrata
1092 2682 1156 2709 urbs
1171 2688 1248 2717 capta
1278 2686 1330 2713 est,
1350 2689 1430 2716 quam
1449 2686 1476 2708 et
1495 2679 1625 2715 prapheta
1654 2677 1731 2706 Jere-

939 2729 1007 2756 mias
1022 2727 1138 2760 deﬂevit,
1157 2728 1199 2755 bis
1214 2735 1277 2754 usus
1287 2727 1375 2754 verbis
1389 2736 1395 2753 ε
1411 2736 1420 2753 ι
1436 2726 1575 2760 Quomodo
1587 2725 1662 2752 sedet
1673 2725 1729 2752 sola

939 2776 1033 2803 civitas
1055 2774 1132 2809 plena
1155 2774 1259 2809 populis
1272 2774 1283 2799 ?
1296 2773 1421 2809 princeps
1439 2773 1639 2809 provinciarum
1659 2772 1708 2798 I'arl
