  <div class='ocr_page' id='page_1' title='image "/cluster/home/n/w/nwhite01/storage/ocr_20150623/71/njp.32101077772745/107.png"; bbox 0 0 1919 3042; ppageno 0'>
   <div class='ocr_carea' id='block_1_1' title="bbox 207 148 257 178">
    <p class='ocr_par' dir='ltr' id='par_1_1' title="bbox 207 148 257 178">
     <span class='ocr_line' id='line_1_1' title="bbox 207 148 257 178; baseline 0.02 -1"><span class='ocrx_word' id='word_1_1' title='bbox 207 148 257 178; x_wconf 77' lang='lat' dir='ltr'><strong>I99</strong></span> 
     </span>
    </p>
   </div>
   <div class='ocr_carea' id='block_1_2' title="bbox 697 143 1322 173">
    <p class='ocr_par' dir='ltr' id='par_1_2' title="bbox 697 143 1322 173">
     <span class='ocr_line' id='line_1_2' title="bbox 697 143 1322 173; baseline -0.003 0"><span class='ocrx_word' id='word_1_2' title='bbox 697 145 725 173; x_wconf 85' lang='lat' dir='ltr'><strong>S.</strong></span> <span class='ocrx_word' id='word_1_3' title='bbox 745 143 883 172; x_wconf 74' lang='lat' dir='ltr'><strong>CYRILIJ</strong></span> <span class='ocrx_word' id='word_1_4' title='bbox 905 143 1143 172; x_wconf 72' lang='lat' dir='ltr'><strong>ALEXANDRINI</strong></span> <span class='ocrx_word' id='word_1_5' title='bbox 1162 143 1322 172; x_wconf 82' lang='lat' dir='ltr'><strong>ARCIIIEP.</strong></span> 
     </span>
    </p>
   </div>
   <div class='ocr_carea' id='block_1_3' title="bbox 1782 145 1838 174">
    <p class='ocr_par' dir='ltr' id='par_1_3' title="bbox 1782 145 1838 174">
     <span class='ocr_line' id='line_1_3' title="bbox 1782 145 1838 174; baseline 0 -1"><span class='ocrx_word' id='word_1_6' title='bbox 1782 145 1838 174; x_wconf 74' lang='lat'><strong>200</strong></span> 
     </span>
    </p>
   </div>
   <div class='ocr_carea' id='block_1_4' title="bbox 204 202 987 239">
    <p class='ocr_par' dir='ltr' id='par_1_4' title="bbox 204 203 987 239">
     <span class='ocr_line' id='line_1_4' title="bbox 204 203 987 239; baseline -0.006 -4"><span class='ocrx_word' id='word_1_7' title='bbox 204 211 252 239; x_wconf 64' lang='lat' dir='ltr'><strong>est,</strong></span> <span class='ocrx_word' id='word_1_8' title='bbox 272 205 413 234; x_wconf 85' lang='lat' dir='ltr'><strong>tributaria</strong></span> <span class='ocrx_word' id='word_1_9' title='bbox 427 205 475 230; x_wconf 72' lang='grc'><strong>³⁸.»</strong></span> <span class='ocrx_word' id='word_1_10' title='bbox 492 203 560 237; x_wconf 83' lang='lat' dir='ltr'><strong>Quin</strong></span> <span class='ocrx_word' id='word_1_11' title='bbox 578 203 648 230; x_wconf 77' lang='lat' dir='ltr'><strong>enim</strong></span> <span class='ocrx_word' id='word_1_12' title='bbox 672 209 722 229; x_wconf 88' lang='lat' dir='ltr'><strong>una</strong></span> <span class='ocrx_word' id='word_1_13' title='bbox 748 209 810 229; x_wconf 88' lang='lat' dir='ltr'><strong>cum</strong></span> <span class='ocrx_word' id='word_1_14' title='bbox 841 203 906 230; x_wconf 85' lang='lat' dir='ltr'><strong>urbe</strong></span> <span class='ocrx_word' id='word_1_15' title='bbox 934 210 987 230; x_wconf 85' lang='lat' dir='ltr'><strong>cre-</strong></span> 
     </span>
    </p>
   </div>
   <div class='ocr_carea' id='block_1_5' title="bbox 1042 202 1836 239">
    <p class='ocr_par' dir='ltr' id='par_1_5' title="bbox 1045 202 1836 239">
     <span class='ocr_line' id='line_1_5' title="bbox 1045 202 1836 239; baseline 0 -9"><span class='ocrx_word' id='word_1_16' title='bbox 1045 205 1060 238; x_wconf 85' lang='grc' dir='ltr'><strong>ή</strong></span> <span class='ocrx_word' id='word_1_17' title='bbox 1082 203 1296 239; x_wconf 83' lang='grc' dir='ltr'>πεπληθυσμένη</span> <span class='ocrx_word' id='word_1_18' title='bbox 1317 202 1404 236; x_wconf 81' lang='grc' dir='ltr'>λαῶν;</span> <span class='ocrx_word' id='word_1_19' title='bbox 1421 203 1540 238; x_wconf 82' lang='grc' dir='ltr'>ἄρχουσα</span> <span class='ocrx_word' id='word_1_20' title='bbox 1553 203 1583 230; x_wconf 89' lang='grc' dir='ltr'><strong>ἐν</strong></span> <span class='ocrx_word' id='word_1_21' title='bbox 1597 202 1699 239; x_wconf 75' lang='grc' dir='ltr'>χώραις</span> <span class='ocrx_word' id='word_1_22' title='bbox 1714 203 1836 239; x_wconf 78' lang='grc' dir='ltr'>ἐγενήθη</span> 
     </span>
    </p>
   </div>
   <div class='ocr_carea' id='block_1_6' title="bbox 205 246 994 282">
    <p class='ocr_par' dir='ltr' id='par_1_6' title="bbox 205 246 994 282">
     <span class='ocr_line' id='line_1_6' title="bbox 205 246 994 282; baseline -0.004 -4"><span class='ocrx_word' id='word_1_23' title='bbox 205 255 306 278; x_wconf 84' lang='lat' dir='ltr'><strong>matum</strong></span> <span class='ocrx_word' id='word_1_24' title='bbox 326 250 360 276; x_wconf 77' lang='lat' dir='ltr'><strong>sit</strong></span> <span class='ocrx_word' id='word_1_25' title='bbox 376 248 513 282; x_wconf 82' lang='lat' dir='ltr'><strong>templum,</strong></span> <span class='ocrx_word' id='word_1_26' title='bbox 533 247 603 274; x_wconf 89' lang='lat' dir='ltr'><strong>nulla</strong></span> <span class='ocrx_word' id='word_1_27' title='bbox 619 251 661 273; x_wconf 81' lang='lat' dir='ltr'><strong>cst</strong></span> <span class='ocrx_word' id='word_1_28' title='bbox 673 246 816 274; x_wconf 81' lang='lat' dir='ltr'><strong>dubitatio.</strong></span> <span class='ocrx_word' id='word_1_29' title='bbox 835 247 922 282; x_wconf 83' lang='lat' dir='ltr'><strong>Atque</strong></span> <span class='ocrx_word' id='word_1_30' title='bbox 937 249 994 275; x_wconf 71' lang='lat' dir='ltr'><strong>luec</strong></span> 
     </span>
    </p>
   </div>
   <div class='ocr_carea' id='block_1_7' title="bbox 195 291 994 326">
    <p class='ocr_par' dir='ltr' id='par_1_7' title="bbox 195 291 994 326">
     <span class='ocr_line' id='line_1_7' title="bbox 195 291 994 326; baseline -0.005 -4"><span class='ocrx_word' id='word_1_31' title='bbox 195 295 256 323; x_wconf 80' lang='lat' dir='ltr'><strong>~illis</strong></span> <span class='ocrx_word' id='word_1_32' title='bbox 282 295 414 325; x_wconf 85' lang='lat' dir='ltr'><strong>evenient,</strong></span> <span class='ocrx_word' id='word_1_33' title='bbox 431 292 526 326; x_wconf 85' lang='lat' dir='ltr'><strong>inquit,</strong></span> <span class='ocrx_word' id='word_1_34' title='bbox 537 292 600 326; x_wconf 80' lang='lat' dir='ltr'><strong>quia</strong></span> <span class='ocrx_word' id='word_1_35' title='bbox 615 291 735 318; x_wconf 87' lang='lat' dir='ltr'><strong>divinqu</strong></span> <span class='ocrx_word' id='word_1_36' title='bbox 757 292 916 326; x_wconf 83' lang='lat' dir='ltr'><strong>transgressi</strong></span> <span class='ocrx_word' id='word_1_37' title='bbox 931 297 994 319; x_wconf 89' lang='lat' dir='ltr'><strong>sunt</strong></span> 
     </span>
    </p>
   </div>
   <div class='ocr_carea' id='block_1_8' title="bbox 204 337 993 371">
    <p class='ocr_par' dir='ltr' id='par_1_8' title="bbox 204 337 993 371">
     <span class='ocr_line' id='line_1_8' title="bbox 204 337 993 371; baseline -0.006 -3"><span class='ocrx_word' id='word_1_38' title='bbox 204 344 404 370; x_wconf 77' lang='lat' dir='ltr'><strong>testamentum,</strong></span> <span class='ocrx_word' id='word_1_39' title='bbox 417 342 444 364; x_wconf 88' lang='lat' dir='ltr'><strong>et</strong></span> <span class='ocrx_word' id='word_1_40' title='bbox 459 341 553 364; x_wconf 78' lang='lat' dir='ltr'><strong>cautra</strong></span> <span class='ocrx_word' id='word_1_41' title='bbox 571 337 655 371; x_wconf 87' lang='lat' dir='ltr'><strong>legem</strong></span> <span class='ocrx_word' id='word_1_42' title='bbox 674 337 707 363; x_wconf 90' lang='lat' dir='ltr'><strong>de</strong></span> <span class='ocrx_word' id='word_1_43' title='bbox 729 344 780 371; x_wconf 87' lang='lat' dir='ltr'><strong>qua</strong></span> <span class='ocrx_word' id='word_1_44' title='bbox 796 337 925 369; x_wconf 81' lang='lat' dir='ltr'><strong>diximus,</strong></span> <span class='ocrx_word' id='word_1_45' title='bbox 941 337 993 364; x_wconf 91' lang='lat' dir='ltr'><strong>im-</strong></span> 
     </span>
    </p>
   </div>
   <div class='ocr_carea' id='block_1_9' title="bbox 203 382 992 420">
    <p class='ocr_par' dir='ltr' id='par_1_9' title="bbox 203 382 992 420">
     <span class='ocr_line' id='line_1_9' title="bbox 203 382 992 420; baseline -0.004 -7"><span class='ocrx_word' id='word_1_46' title='bbox 203 387 247 420; x_wconf 84' lang='lat' dir='ltr'><strong>pie</strong></span> <span class='ocrx_word' id='word_1_47' title='bbox 277 388 398 420; x_wconf 77' lang='lat' dir='ltr'><strong>egerunt.</strong></span> <span class='ocrx_word' id='word_1_48' title='bbox 431 383 548 410; x_wconf 89' lang='lat' dir='ltr'><strong>Omnino</strong></span> <span class='ocrx_word' id='word_1_49' title='bbox 577 383 649 409; x_wconf 88' lang='lat' dir='ltr'><strong>enim</strong></span> <span class='ocrx_word' id='word_1_50' title='bbox 688 390 736 417; x_wconf 86' lang='lat' dir='ltr'><strong>per</strong></span> <span class='ocrx_word' id='word_1_51' title='bbox 764 382 992 417; x_wconf 73' lang='lat' dir='ltr'><strong>sapientissimum</strong></span> 
     </span>
    </p>
   </div>
   <div class='ocr_carea' id='block_1_10' title="bbox 202 428 993 466">
    <p class='ocr_par' dir='ltr' id='par_1_10' title="bbox 202 428 993 466">
     <span class='ocr_line' id='line_1_10' title="bbox 202 428 993 466; baseline -0.001 -8"><span class='ocrx_word' id='word_1_52' title='bbox 202 431 311 466; x_wconf 83' lang='lat' dir='ltr'><strong>Moysen</strong></span> <span class='ocrx_word' id='word_1_53' title='bbox 330 429 458 457; x_wconf 89' lang='lat' dir='ltr'><strong>divinitus</strong></span> <span class='ocrx_word' id='word_1_54' title='bbox 479 428 558 456; x_wconf 79' lang='lat' dir='ltr'><strong>cll‘ata</strong></span> <span class='ocrx_word' id='word_1_55' title='bbox 589 429 809 464; x_wconf 84' lang='lat' dir='ltr'><strong>parviducentes,</strong></span> <span class='ocrx_word' id='word_1_56' title='bbox 840 428 921 455; x_wconf 80' lang='lat' dir='ltr'><strong>vitam</strong></span> <span class='ocrx_word' id='word_1_57' title='bbox 945 437 993 463; x_wconf 88' lang='lat' dir='ltr'><strong>pro</strong></span> 
     </span>
    </p>
   </div>
   <div class='ocr_carea' id='block_1_11' title="bbox 201 475 993 511">
    <p class='ocr_par' dir='ltr' id='par_1_11' title="bbox 201 475 993 511">
     <span class='ocr_line' id='line_1_11' title="bbox 201 475 993 511; baseline -0.003 -7"><span class='ocrx_word' id='word_1_58' title='bbox 201 478 311 505; x_wconf 87' lang='lat' dir='ltr'><strong>libidine</strong></span> <span class='ocrx_word' id='word_1_59' title='bbox 328 484 376 504; x_wconf 79' lang='lat' dir='ltr'><strong>sua</strong></span> <span class='ocrx_word' id='word_1_60' title='bbox 393 476 546 511; x_wconf 78' lang='lat' dir='ltr'><strong>transigere</strong></span> <span class='ocrx_word' id='word_1_61' title='bbox 567 476 753 508; x_wconf 83' lang='lat' dir='ltr'><strong>conabantur,</strong></span> <span class='ocrx_word' id='word_1_62' title='bbox 768 479 795 502; x_wconf 92' lang='lat' dir='ltr'><strong>et</strong></span> <span class='ocrx_word' id='word_1_63' title='bbox 817 475 898 510; x_wconf 76' lang='lat'><strong>118</strong></span> <span class='ocrx_word' id='word_1_64' title='bbox 912 476 993 510; x_wconf 91' lang='lat' dir='ltr'><strong>quili-</strong></span> 
     </span>
    </p>
   </div>
   <div class='ocr_carea' id='block_1_12' title="bbox 200 520 988 557">
    <p class='ocr_par' dir='ltr' id='par_1_12' title="bbox 200 520 988 557">
     <span class='ocr_line' id='line_1_12' title="bbox 200 520 988 557; baseline 0 -8"><span class='ocrx_word' id='word_1_65' title='bbox 200 524 245 549; x_wconf 90' lang='lat' dir='ltr'><strong>bet</strong></span> <span class='ocrx_word' id='word_1_66' title='bbox 269 522 412 549; x_wconf 81' lang='lat' dir='ltr'><strong>arbitrium</strong></span> <span class='ocrx_word' id='word_1_67' title='bbox 439 529 518 550; x_wconf 86' lang='lat' dir='ltr'><strong>suum</strong></span> <span class='ocrx_word' id='word_1_68' title='bbox 538 527 566 549; x_wconf 91' lang='lat' dir='ltr'><strong>et</strong></span> <span class='ocrx_word' id='word_1_69' title='bbox 588 522 755 557; x_wconf 81' lang='lat' dir='ltr'><strong>religionem,</strong></span> <span class='ocrx_word' id='word_1_70' title='bbox 776 525 804 548; x_wconf 90' lang='lat' dir='ltr'><strong>et</strong></span> <span class='ocrx_word' id='word_1_71' title='bbox 823 520 908 556; x_wconf 88' lang='lat' dir='ltr'><strong>legem</strong></span> <span class='ocrx_word' id='word_1_72' title='bbox 935 521 988 549; x_wconf 72' lang='lat' dir='ltr'><strong>sibi</strong></span> 
     </span>
    </p>
   </div>
   <div class='ocr_carea' id='block_1_13' title="bbox 201 569 349 596">
    <p class='ocr_par' dir='ltr' id='par_1_13' title="bbox 201 569 349 596">
     <span class='ocr_line' id='line_1_13' title="bbox 201 569 349 596; baseline 0.007 -1"><span class='ocrx_word' id='word_1_73' title='bbox 201 569 349 596; x_wconf 77' lang='lat' dir='ltr'><strong>statuebat.</strong></span> 
     </span>
    </p>
   </div>
   <div class='ocr_carea' id='block_1_14' title="bbox 237 613 990 651">
    <p class='ocr_par' dir='ltr' id='par_1_14' title="bbox 237 613 990 651">
     <span class='ocr_line' id='line_1_14' title="bbox 237 613 990 651; baseline 0.004 -11"><span class='ocrx_word' id='word_1_74' title='bbox 237 614 318 642; x_wconf 71' lang='lat' dir='ltr'><strong>Vens.</strong></span> <span class='ocrx_word' id='word_1_75' title='bbox 339 614 367 648; x_wconf 77' lang='grc'><strong>2,</strong></span> <span class='ocrx_word' id='word_1_76' title='bbox 382 615 410 643; x_wconf 76' lang='grc'><strong>5.</strong></span> <span class='ocrx_word' id='word_1_77' title='bbox 422 613 466 641; x_wconf 77' lang='lat' dir='ltr'><strong>Me</strong></span> <span class='ocrx_word' id='word_1_78' title='bbox 484 614 647 646; x_wconf 80' lang='lat' dir='ltr'><strong>clamabunt,</strong></span> <span class='ocrx_word' id='word_1_79' title='bbox 663 614 742 647; x_wconf 73' lang='lat' dir='ltr'><strong>Deus,</strong></span> <span class='ocrx_word' id='word_1_80' title='bbox 754 616 921 651; x_wconf 72' lang='lat' dir='ltr'><strong>cognouimus</strong></span> <span class='ocrx_word' id='word_1_81' title='bbox 936 620 961 643; x_wconf 80' lang='lat' dir='ltr'><strong>te</strong></span> <span class='ocrx_word' id='word_1_82' title='bbox 979 623 990 647; x_wconf 85' lang='lat'><strong><em>;</em></strong></span> 
     </span>
    </p>
   </div>
   <div class='ocr_carea' id='block_1_15' title="bbox 199 660 991 696">
    <p class='ocr_par' dir='ltr' id='par_1_15' title="bbox 199 660 991 696">
     <span class='ocr_line' id='line_1_15' title="bbox 199 660 991 696; baseline 0.001 -10"><span class='ocrx_word' id='word_1_83' title='bbox 199 661 262 695; x_wconf 82' lang='lat' dir='ltr'><strong>quia</strong></span> <span class='ocrx_word' id='word_1_84' title='bbox 298 660 383 688; x_wconf 68' lang='lat' dir='ltr'><strong>Israel</strong></span> <span class='ocrx_word' id='word_1_85' title='bbox 418 661 526 696; x_wconf 79' lang='lat' dir='ltr'><strong>projecit</strong></span> <span class='ocrx_word' id='word_1_86' title='bbox 566 661 644 692; x_wconf 76' lang='lat' dir='ltr'><strong>bona,</strong></span> <span class='ocrx_word' id='word_1_87' title='bbox 680 661 817 689; x_wconf 80' lang='lat' dir='ltr'><strong>inimicum</strong></span> <span class='ocrx_word' id='word_1_88' title='bbox 861 661 991 695; x_wconf 71' lang='lat' dir='ltr'><strong>persecuti</strong></span> 
     </span>
    </p>
   </div>
   <div class='ocr_carea' id='block_1_16' title="bbox 200 711 271 734">
    <p class='ocr_par' dir='ltr' id='par_1_16' title="bbox 200 711 271 734">
     <span class='ocr_line' id='line_1_16' title="bbox 200 711 271 734; baseline 0.014 -1"><span class='ocrx_word' id='word_1_89' title='bbox 200 711 271 734; x_wconf 74' lang='lat' dir='ltr'><strong>aunt.</strong></span> 
     </span>
    </p>
   </div>
   <div class='ocr_carea' id='block_1_17' title="bbox 236 751 990 786">
    <p class='ocr_par' dir='ltr' id='par_1_17' title="bbox 236 751 990 786">
     <span class='ocr_line' id='line_1_17' title="bbox 236 751 990 786; baseline 0 -6"><span class='ocrx_word' id='word_1_90' title='bbox 236 751 378 780; x_wconf 79' lang='lat' dir='ltr'><strong>LXXXVI.</strong></span> <span class='ocrx_word' id='word_1_91' title='bbox 404 752 491 786; x_wconf 87' lang='lat' dir='ltr'><strong>Super</strong></span> <span class='ocrx_word' id='word_1_92' title='bbox 514 751 650 779; x_wconf 83' lang='lat' dir='ltr'><strong>frumento</strong></span> <span class='ocrx_word' id='word_1_93' title='bbox 671 756 698 779; x_wconf 89' lang='lat' dir='ltr'><strong>et</strong></span> <span class='ocrx_word' id='word_1_94' title='bbox 729 753 793 780; x_wconf 93' lang='lat' dir='ltr'><strong>vino</strong></span> <span class='ocrx_word' id='word_1_95' title='bbox 827 753 938 785; x_wconf 85' lang='lat' dir='ltr'><strong>concisi,</strong></span> <span class='ocrx_word' id='word_1_96' title='bbox 964 757 990 780; x_wconf 88' lang='lat' dir='ltr'><strong>et</strong></span> 
     </span>
    </p>
   </div>
   <div class='ocr_carea' id='block_1_18' title="bbox 201 798 990 834">
    <p class='ocr_par' dir='ltr' id='par_1_18' title="bbox 201 798 990 834">
     <span class='ocr_line' id='line_1_18' title="bbox 201 798 990 834; baseline -0.001 -8"><span class='ocrx_word' id='word_1_97' title='bbox 201 799 347 826; x_wconf 79' lang='lat' dir='ltr'><strong>immundis</strong></span> <span class='ocrx_word' id='word_1_98' title='bbox 376 798 540 826; x_wconf 62' lang='lat' dir='ltr'><strong>daemonibus</strong></span> <span class='ocrx_word' id='word_1_99' title='bbox 570 798 653 826; x_wconf 77' lang='lat' dir='ltr'><strong>festos</strong></span> <span class='ocrx_word' id='word_1_100' title='bbox 676 798 736 826; x_wconf 90' lang='lat' dir='ltr'><strong>dies</strong></span> <span class='ocrx_word' id='word_1_101' title='bbox 761 804 930 834; x_wconf 88' lang='lat' dir='ltr'><strong>pcragentes,</strong></span> <span class='ocrx_word' id='word_1_102' title='bbox 944 799 990 833; x_wconf 89' lang='lat' dir='ltr'><strong>qui</strong></span> 
     </span>
    </p>
   </div>
   <div class='ocr_carea' id='block_1_19' title="bbox 200 844 990 880">
    <p class='ocr_par' dir='ltr' id='par_1_19' title="bbox 200 844 990 880">
     <span class='ocr_line' id='line_1_19' title="bbox 200 844 990 880; baseline -0.001 -7"><span class='ocrx_word' id='word_1_103' title='bbox 200 845 329 873; x_wconf 87' lang='lat' dir='ltr'><strong>cordibus</strong></span> <span class='ocrx_word' id='word_1_104' title='bbox 348 845 405 872; x_wconf 87' lang='lat' dir='ltr'><strong>suis</strong></span> <span class='ocrx_word' id='word_1_105' title='bbox 427 844 460 871; x_wconf 85' lang='lat' dir='ltr'><strong>ad</strong></span> <span class='ocrx_word' id='word_1_106' title='bbox 485 845 568 870; x_wconf 84' lang='lat' dir='ltr'><strong>Deum</strong></span> <span class='ocrx_word' id='word_1_107' title='bbox 604 851 655 871; x_wconf 88' lang='lat' dir='ltr'><strong>non</strong></span> <span class='ocrx_word' id='word_1_108' title='bbox 679 844 874 877; x_wconf 79' lang='lat' dir='ltr'><strong>elamaverunt,</strong></span> <span class='ocrx_word' id='word_1_109' title='bbox 903 852 990 880; x_wconf 88' lang='lat' dir='ltr'><strong>neque</strong></span> 
     </span>
    </p>
   </div>
   <div class='ocr_carea' id='block_1_20' title="bbox 1043 247 1839 284">
    <p class='ocr_par' dir='ltr' id='par_1_20' title="bbox 1043 247 1839 284">
     <span class='ocr_line' id='line_1_20' title="bbox 1043 247 1839 284; baseline 0.001 -9"><span class='ocrx_word' id='word_1_110' title='bbox 1043 250 1083 280; x_wconf 86' lang='grc' dir='ltr'>εἰς</span> <span class='ocrx_word' id='word_1_111' title='bbox 1107 249 1199 284; x_wconf 72' lang='grc' dir='ltr'>φόρον.</span> <span class='ocrx_word' id='word_1_112' title='bbox 1220 257 1229 274; x_wconf 78' lang='grc' dir='ltr'><strong>ι</strong></span> <span class='ocrx_word' id='word_1_113' title='bbox 1247 249 1307 275; x_wconf 78' lang='grc' dir='ltr'>’Ότι</span> <span class='ocrx_word' id='word_1_114' title='bbox 1321 249 1374 283; x_wconf 79' lang='grc' dir='ltr'><strong>γὰρ</strong></span> <span class='ocrx_word' id='word_1_115' title='bbox 1400 247 1574 284; x_wconf 82' lang='grc' dir='ltr'>συνεπρήσθη</span> <span class='ocrx_word' id='word_1_116' title='bbox 1596 249 1630 284; x_wconf 83' lang='grc' dir='ltr'>τῇ</span> <span class='ocrx_word' id='word_1_117' title='bbox 1653 248 1733 275; x_wconf 75' lang='grc' dir='ltr'>πόλει</span> <span class='ocrx_word' id='word_1_118' title='bbox 1750 249 1799 276; x_wconf 79' lang='grc' dir='ltr'>καὶ</span> <span class='ocrx_word' id='word_1_119' title='bbox 1823 249 1839 276; x_wconf 82' lang='grc' dir='ltr'><strong>ὸ</strong></span> 
     </span>
    </p>
   </div>
   <div class='ocr_carea' id='block_1_21' title="bbox 1043 293 1837 330">
    <p class='ocr_par' dir='ltr' id='par_1_21' title="bbox 1043 293 1837 330">
     <span class='ocr_line' id='line_1_21' title="bbox 1043 293 1837 330; baseline -0.003 -9"><span class='ocrx_word' id='word_1_120' title='bbox 1043 295 1116 326; x_wconf 82' lang='grc' dir='ltr'>ναὸς,</span> <span class='ocrx_word' id='word_1_121' title='bbox 1133 294 1282 330; x_wconf 80' lang='grc' dir='ltr'><strong>οὐδαμόθεν</strong></span> <span class='ocrx_word' id='word_1_122' title='bbox 1292 294 1452 329; x_wconf 67' lang='grc' dir='ltr'>ἀμφίλογον.</span> <span class='ocrx_word' id='word_1_123' title='bbox 1469 293 1561 320; x_wconf 85' lang='grc' dir='ltr'>Ταῦτα</span> <span class='ocrx_word' id='word_1_124' title='bbox 1578 293 1606 320; x_wconf 84' lang='grc' dir='ltr'>δὲ</span> <span class='ocrx_word' id='word_1_125' title='bbox 1620 294 1713 325; x_wconf 81' lang='grc' dir='ltr'>αὐτοῖς</span> <span class='ocrx_word' id='word_1_126' title='bbox 1727 293 1837 330; x_wconf 79' lang='grc' dir='ltr'>συμδή-</span> 
     </span>
    </p>
   </div>
   <div class='ocr_carea' id='block_1_22' title="bbox 1045 338 1835 375">
    <p class='ocr_par' dir='ltr' id='par_1_22' title="bbox 1045 338 1835 375">
     <span class='ocr_line' id='line_1_22' title="bbox 1045 338 1835 375; baseline -0.001 -9"><span class='ocrx_word' id='word_1_127' title='bbox 1045 346 1129 372; x_wconf 86' lang='grc' dir='ltr'>σεται,</span> <span class='ocrx_word' id='word_1_128' title='bbox 1148 340 1240 375; x_wconf 70' lang='grc' dir='ltr'>φησιν,</span> <span class='ocrx_word' id='word_1_129' title='bbox 1255 340 1296 366; x_wconf 82' lang='grc' dir='ltr'>ὅτι</span> <span class='ocrx_word' id='word_1_130' title='bbox 1309 339 1359 374; x_wconf 82' lang='grc' dir='ltr'>τὴν</span> <span class='ocrx_word' id='word_1_131' title='bbox 1375 339 1448 365; x_wconf 82' lang='grc' dir='ltr'>θείαν</span> <span class='ocrx_word' id='word_1_132' title='bbox 1465 338 1675 374; x_wconf 71' lang='grc' dir='ltr'>παραόεὸήκτσι</span> <span class='ocrx_word' id='word_1_133' title='bbox 1687 338 1835 374; x_wconf 74' lang='grc' dir='ltr'><strong>διαθήκην,</strong></span> 
     </span>
    </p>
   </div>
   <div class='ocr_carea' id='block_1_23' title="bbox 1043 384 1838 421">
    <p class='ocr_par' dir='ltr' id='par_1_23' title="bbox 1043 384 1838 421">
     <span class='ocr_line' id='line_1_23' title="bbox 1043 384 1838 421; baseline -0.003 -9"><span class='ocrx_word' id='word_1_134' title='bbox 1043 386 1090 412; x_wconf 74' lang='grc' dir='ltr'>καὶ</span> <span class='ocrx_word' id='word_1_135' title='bbox 1112 386 1250 421; x_wconf 72' lang='grc' dir='ltr'>ἠσέϐησαν</span> <span class='ocrx_word' id='word_1_136' title='bbox 1271 387 1342 413; x_wconf 71' lang='grc' dir='ltr'>κατὰ</span> <span class='ocrx_word' id='word_1_137' title='bbox 1363 385 1409 412; x_wconf 85' lang='grc' dir='ltr'>τοῦ</span> <span class='ocrx_word' id='word_1_138' title='bbox 1430 385 1591 421; x_wconf 82' lang='grc' dir='ltr'><strong>λαληθέντος</strong></span> <span class='ocrx_word' id='word_1_139' title='bbox 1610 385 1703 419; x_wconf 74' lang='grc' dir='ltr'>νόμου.</span> <span class='ocrx_word' id='word_1_140' title='bbox 1727 384 1838 418; x_wconf 78' lang='grc' dir='ltr'>Ὀλίγου</span> 
     </span>
    </p>
   </div>
   <div class='ocr_carea' id='block_1_24' title="bbox 1042 426 1836 466">
    <p class='ocr_par' dir='ltr' id='par_1_24' title="bbox 1042 426 1836 466">
     <span class='ocr_line' id='line_1_24' title="bbox 1042 426 1836 466; baseline -0.001 -9"><span class='ocrx_word' id='word_1_141' title='bbox 1042 431 1096 466; x_wconf 82' lang='grc' dir='ltr'><strong>γὰρ</strong></span> <span class='ocrx_word' id='word_1_142' title='bbox 1112 431 1249 462; x_wconf 78' lang='grc' dir='ltr'><strong>παντελῶς</strong></span> <span class='ocrx_word' id='word_1_143' title='bbox 1269 431 1407 463; x_wconf 79' lang='grc' dir='ltr'><strong>ἀξιοῦντες</strong></span> <span class='ocrx_word' id='word_1_144' title='bbox 1420 431 1499 465; x_wconf 86' lang='grc' dir='ltr'>λόγου</span> <span class='ocrx_word' id='word_1_145' title='bbox 1521 430 1555 457; x_wconf 82' lang='grc' dir='ltr'><strong>τὰ</strong></span> <span class='ocrx_word' id='word_1_146' title='bbox 1571 430 1614 457; x_wconf 86' lang='grc' dir='ltr'><strong>διὰ</strong></span> <span class='ocrx_word' id='word_1_147' title='bbox 1626 430 1672 457; x_wconf 84' lang='grc' dir='ltr'>τοῦ</span> <span class='ocrx_word' id='word_1_148' title='bbox 1693 426 1836 464; x_wconf 66' lang='grc' dir='ltr'>τπανσόφου</span> 
     </span>
    </p>
   </div>
   <div class='ocr_carea' id='block_1_25' title="bbox 1043 474 1836 511">
    <p class='ocr_par' dir='ltr' id='par_1_25' title="bbox 1043 474 1836 511">
     <span class='ocr_line' id='line_1_25' title="bbox 1043 474 1836 511; baseline -0.003 -8"><span class='ocrx_word' id='word_1_149' title='bbox 1043 476 1165 508; x_wconf 79' lang='grc' dir='ltr'>Μωσέως</span> <span class='ocrx_word' id='word_1_150' title='bbox 1179 476 1391 511; x_wconf 79' lang='grc' dir='ltr'>τεθεσπισμένα,</span> <span class='ocrx_word' id='word_1_151' title='bbox 1405 478 1461 508; x_wconf 87' lang='grc' dir='ltr'>τοῖς</span> <span class='ocrx_word' id='word_1_152' title='bbox 1485 476 1559 508; x_wconf 88' lang='grc' dir='ltr'>ίδίοις</span> <span class='ocrx_word' id='word_1_153' title='bbox 1579 476 1713 511; x_wconf 64' lang='grc' dir='ltr'>θελήμααθ</span> <span class='ocrx_word' id='word_1_154' title='bbox 1737 474 1836 510; x_wconf 71' lang='grc' dir='ltr'>διαζῆν</span> 
     </span>
    </p>
   </div>
   <div class='ocr_carea' id='block_1_26' title="bbox 1042 520 1838 556">
    <p class='ocr_par' dir='ltr' id='par_1_26' title="bbox 1042 520 1838 556">
     <span class='ocr_line' id='line_1_26' title="bbox 1042 520 1838 556; baseline -0.004 -7"><span class='ocrx_word' id='word_1_155' title='bbox 1042 522 1218 554; x_wconf 82' lang='grc' dir='ltr'>ἐσπούδαζον,</span> <span class='ocrx_word' id='word_1_156' title='bbox 1239 523 1286 549; x_wconf 75' lang='grc' dir='ltr'>καὶ</span> <span class='ocrx_word' id='word_1_157' title='bbox 1307 523 1422 554; x_wconf 71' lang='grc' dir='ltr'>ἕκαστος</span> <span class='ocrx_word' id='word_1_158' title='bbox 1437 523 1467 549; x_wconf 84' lang='grc' dir='ltr'><strong>τὸ</strong></span> <span class='ocrx_word' id='word_1_159' title='bbox 1490 521 1595 554; x_wconf 84' lang='grc' dir='ltr'>δοκοῦν,</span> <span class='ocrx_word' id='word_1_160' title='bbox 1611 521 1660 548; x_wconf 81' lang='grc' dir='ltr'>καὶ</span> <span class='ocrx_word' id='word_1_161' title='bbox 1683 520 1838 556; x_wconf 78' lang='grc' dir='ltr'>θρητκείας</span> 
     </span>
    </p>
   </div>
   <div class='ocr_carea' id='block_1_27' title="bbox 1041 570 1477 605">
    <p class='ocr_par' dir='ltr' id='par_1_27' title="bbox 1041 570 1477 605">
     <span class='ocr_line' id='line_1_27' title="bbox 1041 570 1477 605; baseline -0.002 -9"><span class='ocrx_word' id='word_1_162' title='bbox 1041 570 1142 605; x_wconf 86' lang='grc' dir='ltr'>τρόπον</span> <span class='ocrx_word' id='word_1_163' title='bbox 1157 570 1306 602; x_wconf 81' lang='grc' dir='ltr'>ἐποιοῦντο,</span> <span class='ocrx_word' id='word_1_164' title='bbox 1321 570 1368 596; x_wconf 72' lang='grc' dir='ltr'><strong>καὶ</strong></span> <span class='ocrx_word' id='word_1_165' title='bbox 1386 570 1477 604; x_wconf 82' lang='grc' dir='ltr'>νόμον.</span> 
     </span>
    </p>
   </div>
   <div class='ocr_carea' id='block_1_28' title="bbox 1083 613 1836 650">
    <p class='ocr_par' dir='ltr' id='par_1_28' title="bbox 1083 613 1836 650">
     <span class='ocr_line' id='line_1_28' title="bbox 1083 613 1836 650; baseline -0.003 -8"><span class='ocrx_word' id='word_1_166' title='bbox 1083 616 1152 650; x_wconf 81' lang='grc' dir='ltr'><strong>Ἐμὲ</strong></span> <span class='ocrx_word' id='word_1_167' title='bbox 1163 615 1368 648; x_wconf 75' lang='grc' dir='ltr'>κεκράξονται,</span> <span class='ocrx_word' id='word_1_168' title='bbox 1383 616 1399 642; x_wconf 82' lang='grc' dir='ltr'><em>ὀ</em></span> <span class='ocrx_word' id='word_1_169' title='bbox 1417 615 1499 648; x_wconf 84' lang='grc' dir='ltr'>Θεὸς,</span> <span class='ocrx_word' id='word_1_170' title='bbox 1523 614 1696 650; x_wconf 75' lang='grc' dir='ltr'>ἐγνώκαμέν</span> <span class='ocrx_word' id='word_1_171' title='bbox 1715 621 1764 641; x_wconf 86' lang='grc' dir='ltr'>σε·</span> <span class='ocrx_word' id='word_1_172' title='bbox 1789 613 1836 642; x_wconf 77' lang='grc' dir='ltr'>ὅτι</span> 
     </span>
    </p>
   </div>
   <div class='ocr_carea' id='block_1_29' title="bbox 1049 658 1836 695">
    <p class='ocr_par' dir='ltr' id='par_1_29' title="bbox 1049 658 1836 695">
     <span class='ocr_line' id='line_1_29' title="bbox 1049 658 1836 695; baseline -0.004 -7"><span class='ocrx_word' id='word_1_173' title='bbox 1049 661 1174 695; x_wconf 75' lang='grc' dir='ltr'>Ἰσραὴλ</span> <span class='ocrx_word' id='word_1_174' title='bbox 1200 661 1411 695; x_wconf 67' lang='grc' dir='ltr'>ἀπεστρέψατο</span> <span class='ocrx_word' id='word_1_175' title='bbox 1431 660 1537 694; x_wconf 78' lang='grc' dir='ltr'>ἀγαθὰ,</span> <span class='ocrx_word' id='word_1_176' title='bbox 1563 660 1672 694; x_wconf 74' lang='grc' dir='ltr'>ἐχθρὸν</span> <span class='ocrx_word' id='word_1_177' title='bbox 1693 658 1836 686; x_wconf 62' lang='grc' dir='ltr'>κατεδίω-</span> 
     </span>
    </p>
   </div>
   <div class='ocr_carea' id='block_1_30' title="bbox 1042 706 1108 739">
    <p class='ocr_par' dir='ltr' id='par_1_30' title="bbox 1042 706 1108 739">
     <span class='ocr_line' id='line_1_30' title="bbox 1042 706 1108 739; baseline 0 -5"><span class='ocrx_word' id='word_1_178' title='bbox 1042 706 1108 739; x_wconf 76' lang='grc' dir='ltr'><strong>ξαν.</strong></span> 
     </span>
    </p>
   </div>
   <div class='ocr_carea' id='block_1_31' title="bbox 1079 749 1837 786">
    <p class='ocr_par' dir='ltr' id='par_1_31' title="bbox 1079 749 1837 786">
     <span class='ocr_line' id='line_1_31' title="bbox 1079 749 1837 786; baseline -0.003 -8"><span class='ocrx_word' id='word_1_179' title='bbox 1079 751 1150 785; x_wconf 70' lang='lat' dir='ltr'><strong>HG&quot;.</strong></span> <span class='ocrx_word' id='word_1_180' title='bbox 1169 751 1200 777; x_wconf 77' lang='grc' dir='ltr'><strong>ΟΕ</strong></span> <span class='ocrx_word' id='word_1_181' title='bbox 1219 751 1265 778; x_wconf 66' lang='grc' dir='ltr'>ἐπὶ.</span> <span class='ocrx_word' id='word_1_182' title='bbox 1290 751 1356 786; x_wconf 83' lang='grc' dir='ltr'>σίτῳ</span> <span class='ocrx_word' id='word_1_183' title='bbox 1377 751 1424 778; x_wconf 77' lang='grc' dir='ltr'>καὶ</span> <span class='ocrx_word' id='word_1_184' title='bbox 1440 750 1505 786; x_wconf 72' lang='grc' dir='ltr'>οἴνῳ</span> <span class='ocrx_word' id='word_1_185' title='bbox 1524 751 1771 785; x_wconf 82' lang='grc' dir='ltr'><strong>κατατεμνόμενοι,</strong></span> <span class='ocrx_word' id='word_1_186' title='bbox 1788 749 1837 776; x_wconf 75' lang='grc' dir='ltr'>καὶ</span> 
     </span>
    </p>
   </div>
   <div class='ocr_carea' id='block_1_32' title="bbox 1041 796 1837 833">
    <p class='ocr_par' dir='ltr' id='par_1_32' title="bbox 1041 796 1837 833">
     <span class='ocr_line' id='line_1_32' title="bbox 1041 796 1837 833; baseline -0.004 -9"><span class='ocrx_word' id='word_1_187' title='bbox 1041 799 1097 829; x_wconf 82' lang='grc' dir='ltr'>τοῖς</span> <span class='ocrx_word' id='word_1_188' title='bbox 1110 797 1274 833; x_wconf 74' lang='grc' dir='ltr'><strong>ἀκαθάρτοις</strong></span> <span class='ocrx_word' id='word_1_189' title='bbox 1284 797 1394 832; x_wconf 84' lang='grc' dir='ltr'>δαίμοσι</span> <span class='ocrx_word' id='word_1_190' title='bbox 1409 797 1549 829; x_wconf 77' lang='grc' dir='ltr'>τελοῦντες</span> <span class='ocrx_word' id='word_1_191' title='bbox 1559 796 1608 828; x_wconf 86' lang='grc' dir='ltr'><strong>τὰς</strong></span> <span class='ocrx_word' id='word_1_192' title='bbox 1616 796 1723 831; x_wconf 82' lang='grc' dir='ltr'>ἐορτὰς,</span> <span class='ocrx_word' id='word_1_193' title='bbox 1737 796 1763 822; x_wconf 74' lang='lat' dir='ltr'><strong>oi</strong></span> <span class='ocrx_word' id='word_1_194' title='bbox 1775 796 1837 826; x_wconf 85' lang='grc' dir='ltr'>ταῖς</span> 
     </span>
    </p>
   </div>
   <div class='ocr_carea' id='block_1_33' title="bbox 1043 840 1836 878">
    <p class='ocr_par' dir='ltr' id='par_1_33' title="bbox 1043 840 1836 878">
     <span class='ocr_line' id='line_1_33' title="bbox 1043 840 1836 878; baseline -0.004 -10"><span class='ocrx_word' id='word_1_195' title='bbox 1043 842 1148 869; x_wconf 81' lang='grc' dir='ltr'>ἑαυτῶν</span> <span class='ocrx_word' id='word_1_196' title='bbox 1161 842 1284 878; x_wconf 78' lang='grc' dir='ltr'>καρδίαις</span> <span class='ocrx_word' id='word_1_197' title='bbox 1299 842 1328 868; x_wconf 84' lang='grc' dir='ltr'>οὺ</span> <span class='ocrx_word' id='word_1_198' title='bbox 1347 841 1508 878; x_wconf 78' lang='grc' dir='ltr'>βεϐοηκότες</span> <span class='ocrx_word' id='word_1_199' title='bbox 1521 840 1591 877; x_wconf 85' lang='grc' dir='ltr'>πρὸς</span> <span class='ocrx_word' id='word_1_200' title='bbox 1604 841 1680 873; x_wconf 86' lang='grc' dir='ltr'>Θεὸν,</span> <span class='ocrx_word' id='word_1_201' title='bbox 1695 840 1758 867; x_wconf 83' lang='grc' dir='ltr'><strong>οὐδέ</strong></span> <span class='ocrx_word' id='word_1_202' title='bbox 1781 840 1836 876; x_wconf 67' lang='grc' dir='ltr'>μὴν</span> 
     </span>
    </p>
   </div>
   <div class='ocr_carea' id='block_1_34' title="bbox 199 885 987 925">
    <p class='ocr_par' dir='ltr' id='par_1_34' title="bbox 199 889 987 925">
     <span class='ocr_line' id='line_1_34' title="bbox 199 889 987 925; baseline 0.001 -8"><span class='ocrx_word' id='word_1_203' title='bbox 199 891 289 917; x_wconf 88' lang='lat' dir='ltr'><strong>omnis</strong></span> <span class='ocrx_word' id='word_1_204' title='bbox 312 898 405 918; x_wconf 87' lang='lat' dir='ltr'><strong>eorum</strong></span> <span class='ocrx_word' id='word_1_205' title='bbox 431 890 619 924; x_wconf 81' lang='lat' dir='ltr'><strong>prosperitatis</strong></span> <span class='ocrx_word' id='word_1_206' title='bbox 650 889 816 925; x_wconf 82' lang='lat' dir='ltr'><strong>largitorem,</strong></span> <span class='ocrx_word' id='word_1_207' title='bbox 845 895 873 918; x_wconf 89' lang='lat' dir='ltr'><strong>ct</strong></span> <span class='ocrx_word' id='word_1_208' title='bbox 902 896 987 918; x_wconf 78' lang='lat' dir='ltr'><strong>cusw-</strong></span> 
     </span>
    </p>
   </div>
   <div class='ocr_carea' id='block_1_35' title="bbox 1042 885 1837 925">
    <p class='ocr_par' dir='ltr' id='par_1_35' title="bbox 1042 885 1837 922">
     <span class='ocr_line' id='line_1_35' title="bbox 1042 885 1837 922; baseline -0.003 -9"><span class='ocrx_word' id='word_1_209' title='bbox 1042 888 1228 921; x_wconf 72' lang='grc' dir='ltr'>ἐπεγνωκότες</span> <span class='ocrx_word' id='word_1_210' title='bbox 1240 887 1284 914; x_wconf 87' lang='grc' dir='ltr'><strong>τὸν</strong></span> <span class='ocrx_word' id='word_1_211' title='bbox 1298 887 1388 922; x_wconf 75' lang='grc' dir='ltr'>πάσης</span> <span class='ocrx_word' id='word_1_212' title='bbox 1404 886 1496 918; x_wconf 77' lang='grc' dir='ltr'>αὐτοῖς</span> <span class='ocrx_word' id='word_1_213' title='bbox 1516 885 1644 922; x_wconf 78' lang='grc' dir='ltr'>εὐθηνίας</span> <span class='ocrx_word' id='word_1_214' title='bbox 1669 885 1772 920; x_wconf 83' lang='grc' dir='ltr'>δοτῆρα</span> <span class='ocrx_word' id='word_1_215' title='bbox 1789 885 1837 911; x_wconf 73' lang='grc' dir='ltr'>καὶ</span> 
     </span>
    </p>
   </div>
   <div class='ocr_carea' id='block_1_36' title="bbox 201 935 991 972">
    <p class='ocr_par' dir='ltr' id='par_1_36' title="bbox 201 935 991 972">
     <span class='ocr_line' id='line_1_36' title="bbox 201 935 991 972; baseline 0 -8"><span class='ocrx_word' id='word_1_216' title='bbox 201 937 262 964; x_wconf 92' lang='lat' dir='ltr'><strong>dem</strong></span> <span class='ocrx_word' id='word_1_217' title='bbox 287 940 482 971; x_wconf 86' lang='lat' dir='ltr'><strong>cognoverunt,</strong></span> <span class='ocrx_word' id='word_1_218' title='bbox 498 942 585 970; x_wconf 88' lang='lat' dir='ltr'><strong>neque</strong></span> <span class='ocrx_word' id='word_1_219' title='bbox 600 935 698 963; x_wconf 83' lang='lat' dir='ltr'><strong>debitis</strong></span> <span class='ocrx_word' id='word_1_220' title='bbox 709 944 770 963; x_wconf 89' lang='lat' dir='ltr'><strong>eum</strong></span> <span class='ocrx_word' id='word_1_221' title='bbox 792 937 886 972; x_wconf 80' lang='lat' dir='ltr'><strong>gratiis</strong></span> <span class='ocrx_word' id='word_1_222' title='bbox 904 937 991 964; x_wconf 80' lang='lat' dir='ltr'><strong>hono-</strong></span> 
     </span>
    </p>
   </div>
   <div class='ocr_carea' id='block_1_37' title="bbox 200 981 992 1018">
    <p class='ocr_par' dir='ltr' id='par_1_37' title="bbox 200 981 992 1018">
     <span class='ocr_line' id='line_1_37' title="bbox 200 981 992 1018; baseline 0.001 -9"><span class='ocrx_word' id='word_1_223' title='bbox 200 987 304 1014; x_wconf 84' lang='lat' dir='ltr'><strong>rarum,</strong></span> <span class='ocrx_word' id='word_1_224' title='bbox 322 981 449 1017; x_wconf 87' lang='lat' dir='ltr'><strong>quoniam</strong></span> <span class='ocrx_word' id='word_1_225' title='bbox 466 982 492 1008; x_wconf 92' lang='lat' dir='ltr'><strong>in</strong></span> <span class='ocrx_word' id='word_1_226' title='bbox 506 989 595 1008; x_wconf 86' lang='lat' dir='ltr'><strong>rerum</strong></span> <span class='ocrx_word' id='word_1_227' title='bbox 615 981 798 1009; x_wconf 83' lang='lat' dir='ltr'><strong>secundarum</strong></span> <span class='ocrx_word' id='word_1_228' title='bbox 815 983 992 1018; x_wconf 76' lang='lat' dir='ltr'><strong>atltplitudine</strong></span> 
     </span>
    </p>
   </div>
   <div class='ocr_carea' id='block_1_38' title="bbox 199 1027 992 1062">
    <p class='ocr_par' dir='ltr' id='par_1_38' title="bbox 199 1027 992 1062">
     <span class='ocr_line' id='line_1_38' title="bbox 199 1027 992 1062; baseline 0 -7"><span class='ocrx_word' id='word_1_229' title='bbox 199 1035 260 1055; x_wconf 89' lang='lat' dir='ltr'><strong>eum</strong></span> <span class='ocrx_word' id='word_1_230' title='bbox 288 1028 450 1059; x_wconf 83' lang='lat' dir='ltr'><strong>nescierunt,</strong></span> <span class='ocrx_word' id='word_1_231' title='bbox 475 1027 570 1054; x_wconf 78' lang='lat' dir='ltr'><strong>saltem</strong></span> <span class='ocrx_word' id='word_1_232' title='bbox 595 1027 691 1060; x_wconf 85' lang='lat' dir='ltr'><strong>scient,</strong></span> <span class='ocrx_word' id='word_1_233' title='bbox 707 1028 752 1054; x_wconf 89' lang='lat' dir='ltr'><strong>ubi</strong></span> <span class='ocrx_word' id='word_1_234' title='bbox 779 1035 839 1062; x_wconf 71' lang='lat' dir='ltr'><strong>qua:</strong></span> <span class='ocrx_word' id='word_1_235' title='bbox 863 1035 910 1056; x_wconf 89' lang='lat' dir='ltr'><strong>eos</strong></span> <span class='ocrx_word' id='word_1_236' title='bbox 936 1036 992 1055; x_wconf 85' lang='lat' dir='ltr'><strong>Ina-</strong></span> 
     </span>
    </p>
   </div>
   <div class='ocr_carea' id='block_1_39' title="bbox 199 1071 992 1107">
    <p class='ocr_par' dir='ltr' id='par_1_39' title="bbox 199 1071 992 1107">
     <span class='ocr_line' id='line_1_39' title="bbox 199 1071 992 1107; baseline 0.001 -8"><span class='ocrx_word' id='word_1_237' title='bbox 199 1076 262 1099; x_wconf 85' lang='lat' dir='ltr'><strong>nent</strong></span> <span class='ocrx_word' id='word_1_238' title='bbox 277 1071 432 1107; x_wconf 81' lang='lat' dir='ltr'><strong>patientur;</strong></span> <span class='ocrx_word' id='word_1_239' title='bbox 452 1076 478 1099; x_wconf 90' lang='lat' dir='ltr'><strong>et</strong></span> <span class='ocrx_word' id='word_1_240' title='bbox 490 1079 550 1098; x_wconf 86' lang='lat' dir='ltr'><strong>cum</strong></span> <span class='ocrx_word' id='word_1_241' title='bbox 561 1072 587 1099; x_wconf 90' lang='lat' dir='ltr'><strong>in</strong></span> <span class='ocrx_word' id='word_1_242' title='bbox 600 1071 717 1099; x_wconf 78' lang='lat' dir='ltr'><strong>infelicis</strong></span> <span class='ocrx_word' id='word_1_243' title='bbox 732 1072 836 1100; x_wconf 89' lang='lat' dir='ltr'><strong>cousilii</strong></span> <span class='ocrx_word' id='word_1_244' title='bbox 856 1073 896 1100; x_wconf 86' lang='lat' dir='ltr'><strong>sui</strong></span> <span class='ocrx_word' id='word_1_245' title='bbox 916 1080 992 1101; x_wconf 84' lang='lat' dir='ltr'><strong>acer-</strong></span> 
     </span>
    </p>
   </div>
   <div class='ocr_carea' id='block_1_40' title="bbox 198 1117 992 1152">
    <p class='ocr_par' dir='ltr' id='par_1_40' title="bbox 198 1117 992 1152">
     <span class='ocr_line' id='line_1_40' title="bbox 198 1117 992 1152; baseline 0.003 -8"><span class='ocrx_word' id='word_1_246' title='bbox 198 1118 261 1145; x_wconf 89' lang='lat' dir='ltr'><strong>bum</strong></span> <span class='ocrx_word' id='word_1_247' title='bbox 288 1122 316 1145; x_wconf 87' lang='lat' dir='ltr'><strong>ct</strong></span> <span class='ocrx_word' id='word_1_248' title='bbox 341 1117 520 1145; x_wconf 81' lang='lat' dir='ltr'><strong>aversandum</strong></span> <span class='ocrx_word' id='word_1_249' title='bbox 544 1117 623 1145; x_wconf 82' lang='lat' dir='ltr'><strong>linem</strong></span> <span class='ocrx_word' id='word_1_250' title='bbox 639 1119 808 1150; x_wconf 87' lang='lat' dir='ltr'><strong>devenerint,</strong></span> <span class='ocrx_word' id='word_1_251' title='bbox 824 1118 992 1152; x_wconf 82' lang='lat' dir='ltr'><strong>clamabunt,</strong></span> 
     </span>
    </p>
   </div>
   <div class='ocr_carea' id='block_1_41' title="bbox 197 1162 992 1195">
    <p class='ocr_par' dir='ltr' id='par_1_41' title="bbox 197 1162 992 1195">
     <span class='ocr_line' id='line_1_41' title="bbox 197 1162 992 1195; baseline 0.003 -5"><span class='ocrx_word' id='word_1_252' title='bbox 197 1167 226 1190; x_wconf 87' lang='lat' dir='ltr'><strong>et</strong></span> <span class='ocrx_word' id='word_1_253' title='bbox 240 1162 285 1190; x_wconf 81' lang='lat' dir='ltr'><strong>vix</strong></span> <span class='ocrx_word' id='word_1_254' title='bbox 314 1162 421 1189; x_wconf 81' lang='lat' dir='ltr'><strong>tandem</strong></span> <span class='ocrx_word' id='word_1_255' title='bbox 441 1162 604 1189; x_wconf 85' lang='lat' dir='ltr'><strong>invocabunt</strong></span> <span class='ocrx_word' id='word_1_256' title='bbox 625 1170 679 1195; x_wconf 90' lang='lat' dir='ltr'><strong>me,</strong></span> <span class='ocrx_word' id='word_1_257' title='bbox 699 1163 878 1192; x_wconf 89' lang='lat' dir='ltr'><strong>horribilibus</strong></span> <span class='ocrx_word' id='word_1_258' title='bbox 902 1169 930 1191; x_wconf 86' lang='lat' dir='ltr'><strong>et</strong></span> <span class='ocrx_word' id='word_1_259' title='bbox 953 1170 992 1193; x_wconf 86' lang='lat' dir='ltr'><strong>te-</strong></span> 
     </span>
    </p>
   </div>
   <div class='ocr_carea' id='block_1_42' title="bbox 199 1207 992 1243">
    <p class='ocr_par' dir='ltr' id='par_1_42' title="bbox 199 1207 992 1243">
     <span class='ocr_line' id='line_1_42' title="bbox 199 1207 992 1243; baseline 0.006 -10"><span class='ocrx_word' id='word_1_260' title='bbox 199 1208 318 1234; x_wconf 84' lang='lat' dir='ltr'><strong>terrimis</strong></span> <span class='ocrx_word' id='word_1_261' title='bbox 344 1207 543 1235; x_wconf 74' lang='lat' dir='ltr'><strong>calamitatibus</strong></span> <span class='ocrx_word' id='word_1_262' title='bbox 561 1209 694 1243; x_wconf 85' lang='lat' dir='ltr'><strong>oppressi.</strong></span> <span class='ocrx_word' id='word_1_263' title='bbox 714 1209 754 1236; x_wconf 82' lang='lat' dir='ltr'><strong>Ac</strong></span> <span class='ocrx_word' id='word_1_264' title='bbox 778 1209 851 1237; x_wconf 85' lang='lat' dir='ltr'><strong>velut</strong></span> <span class='ocrx_word' id='word_1_265' title='bbox 865 1211 992 1238; x_wconf 74' lang='lat' dir='ltr'><strong>consilia-</strong></span> 
     </span>
    </p>
   </div>
   <div class='ocr_carea' id='block_1_43' title="bbox 198 1253 990 1290">
    <p class='ocr_par' dir='ltr' id='par_1_43' title="bbox 198 1253 990 1290">
     <span class='ocr_line' id='line_1_43' title="bbox 198 1253 990 1290; baseline 0.005 -10"><span class='ocrx_word' id='word_1_266' title='bbox 198 1253 238 1280; x_wconf 85' lang='lat' dir='ltr'><strong>ria</strong></span> <span class='ocrx_word' id='word_1_267' title='bbox 260 1254 344 1280; x_wconf 81' lang='lat' dir='ltr'><strong>ascita</strong></span> <span class='ocrx_word' id='word_1_268' title='bbox 367 1253 522 1280; x_wconf 87' lang='lat' dir='ltr'><strong>eorumdcm</strong></span> <span class='ocrx_word' id='word_1_269' title='bbox 549 1253 680 1280; x_wconf 88' lang='lat' dir='ltr'><strong>malorum</strong></span> <span class='ocrx_word' id='word_1_270' title='bbox 710 1255 891 1290; x_wconf 82' lang='lat' dir='ltr'><strong>experientia.</strong></span> <span class='ocrx_word' id='word_1_271' title='bbox 927 1260 990 1284; x_wconf 91' lang='lat' dir='ltr'><strong>tunc</strong></span> 
     </span>
    </p>
   </div>
   <div class='ocr_carea' id='block_1_44' title="bbox 196 1298 990 1331">
    <p class='ocr_par' dir='ltr' id='par_1_44' title="bbox 196 1298 990 1331">
     <span class='ocr_line' id='line_1_44' title="bbox 196 1298 990 1331; baseline 0.004 -5"><span class='ocrx_word' id='word_1_272' title='bbox 196 1298 338 1326; x_wconf 73' lang='lat' dir='ltr'><strong>stultitiam</strong></span> <span class='ocrx_word' id='word_1_273' title='bbox 351 1305 426 1326; x_wconf 83' lang='lat' dir='ltr'><strong>suam</strong></span> <span class='ocrx_word' id='word_1_274' title='bbox 438 1300 613 1331; x_wconf 76' lang='lat' dir='ltr'><strong>accusabunt,</strong></span> <span class='ocrx_word' id='word_1_275' title='bbox 630 1299 693 1326; x_wconf 90' lang='lat' dir='ltr'><strong>illud</strong></span> <span class='ocrx_word' id='word_1_276' title='bbox 713 1300 826 1328; x_wconf 79' lang='lat' dir='ltr'><strong>forsitan</strong></span> <span class='ocrx_word' id='word_1_277' title='bbox 852 1301 990 1329; x_wconf 86' lang='lat' dir='ltr'><strong>dicentes:</strong></span> 
     </span>
    </p>
   </div>
   <div class='ocr_carea' id='block_1_45' title="bbox 201 1343 992 1379">
    <p class='ocr_par' dir='ltr' id='par_1_45' title="bbox 201 1343 992 1379">
     <span class='ocr_line' id='line_1_45' title="bbox 201 1343 992 1379; baseline 0.005 -8"><span class='ocrx_word' id='word_1_278' title='bbox 201 1353 211 1371; x_wconf 80' lang='grc' dir='ltr'><strong>ι</strong></span> <span class='ocrx_word' id='word_1_279' title='bbox 224 1343 307 1372; x_wconf 84' lang='lat' dir='ltr'><strong>Israel</strong></span> <span class='ocrx_word' id='word_1_280' title='bbox 321 1344 432 1379; x_wconf 89' lang='lat' dir='ltr'><strong>projecit</strong></span> <span class='ocrx_word' id='word_1_281' title='bbox 454 1345 535 1372; x_wconf 86' lang='lat' dir='ltr'><strong>bona.</strong></span> <span class='ocrx_word' id='word_1_282' title='bbox 549 1355 558 1371; x_wconf 74' lang='grc' dir='ltr'><strong>ι</strong></span> <span class='ocrx_word' id='word_1_283' title='bbox 574 1344 642 1372; x_wconf 88' lang='lat' dir='ltr'><strong>Cum</strong></span> <span class='ocrx_word' id='word_1_284' title='bbox 670 1347 742 1373; x_wconf 90' lang='lat' dir='ltr'><strong>enim</strong></span> <span class='ocrx_word' id='word_1_285' title='bbox 774 1346 867 1374; x_wconf 87' lang='lat' dir='ltr'><strong>liceret</strong></span> <span class='ocrx_word' id='word_1_286' title='bbox 890 1354 921 1374; x_wconf 83' lang='lat' dir='ltr'><strong>ea</strong></span> <span class='ocrx_word' id='word_1_287' title='bbox 942 1347 992 1374; x_wconf 86' lang='lat' dir='ltr'><strong>ba-</strong></span> 
     </span>
    </p>
   </div>
   <div class='ocr_carea' id='block_1_46' title="bbox 199 1390 990 1426">
    <p class='ocr_par' dir='ltr' id='par_1_46' title="bbox 199 1390 990 1426">
     <span class='ocr_line' id='line_1_46' title="bbox 199 1390 990 1426; baseline 0.003 -8"><span class='ocrx_word' id='word_1_288' title='bbox 199 1391 274 1422; x_wconf 82' lang='lat' dir='ltr'><strong>bere,</strong></span> <span class='ocrx_word' id='word_1_289' title='bbox 292 1390 372 1424; x_wconf 90' lang='lat' dir='ltr'><strong>idque</strong></span> <span class='ocrx_word' id='word_1_290' title='bbox 393 1390 508 1424; x_wconf 80' lang='lat' dir='ltr'><strong>all‘atim,</strong></span> <span class='ocrx_word' id='word_1_291' title='bbox 529 1398 590 1418; x_wconf 91' lang='lat' dir='ltr'><strong>cum</strong></span> <span class='ocrx_word' id='word_1_292' title='bbox 624 1391 681 1418; x_wconf 89' lang='lat' dir='ltr'><strong>Deo</strong></span> <span class='ocrx_word' id='word_1_293' title='bbox 708 1392 900 1426; x_wconf 84' lang='lat' dir='ltr'><strong>constabilitos,</strong></span> <span class='ocrx_word' id='word_1_294' title='bbox 917 1398 943 1420; x_wconf 90' lang='lat' dir='ltr'><strong>ct</strong></span> <span class='ocrx_word' id='word_1_295' title='bbox 965 1393 990 1420; x_wconf 86' lang='lat' dir='ltr'><strong>ei</strong></span> 
     </span>
    </p>
   </div>
   <div class='ocr_carea' id='block_1_47' title="bbox 197 1435 989 1472">
    <p class='ocr_par' dir='ltr' id='par_1_47' title="bbox 197 1435 989 1472">
     <span class='ocr_line' id='line_1_47' title="bbox 197 1435 989 1472; baseline 0.005 -10"><span class='ocrx_word' id='word_1_296' title='bbox 197 1435 294 1470; x_wconf 82' lang='lat' dir='ltr'><strong>placita</strong></span> <span class='ocrx_word' id='word_1_297' title='bbox 315 1436 341 1463; x_wconf 92' lang='lat' dir='ltr'><strong>in</strong></span> <span class='ocrx_word' id='word_1_298' title='bbox 365 1443 433 1470; x_wconf 85' lang='lat' dir='ltr'><strong>opus</strong></span> <span class='ocrx_word' id='word_1_299' title='bbox 449 1436 574 1463; x_wconf 83' lang='lat' dir='ltr'><strong>conferre</strong></span> <span class='ocrx_word' id='word_1_300' title='bbox 590 1438 690 1470; x_wconf 86' lang='lat' dir='ltr'><strong>enlsos,</strong></span> <span class='ocrx_word' id='word_1_301' title='bbox 706 1445 716 1462; x_wconf 77' lang='grc' dir='ltr'><strong>ι</strong></span> <span class='ocrx_word' id='word_1_302' title='bbox 734 1437 871 1465; x_wconf 89' lang='lat' dir='ltr'><strong>inimicmn</strong></span> <span class='ocrx_word' id='word_1_303' title='bbox 899 1446 989 1472; x_wconf 84' lang='lat' dir='ltr'><strong>perse-</strong></span> 
     </span>
    </p>
   </div>
   <div class='ocr_carea' id='block_1_48' title="bbox 197 1481 989 1518">
    <p class='ocr_par' dir='ltr' id='par_1_48' title="bbox 197 1481 989 1518">
     <span class='ocr_line' id='line_1_48' title="bbox 197 1481 989 1518; baseline 0.004 -10"><span class='ocrx_word' id='word_1_304' title='bbox 197 1481 252 1508; x_wconf 93' lang='lat' dir='ltr'><strong>cuti</strong></span> <span class='ocrx_word' id='word_1_305' title='bbox 269 1487 331 1509; x_wconf 84' lang='lat' dir='ltr'><strong>sunt</strong></span> <span class='ocrx_word' id='word_1_306' title='bbox 345 1501 352 1514; x_wconf 88' lang='grc'><strong>,</strong></span> <span class='ocrx_word' id='word_1_307' title='bbox 368 1491 378 1508; x_wconf 77' lang='grc' dir='ltr'><strong>ι</strong></span> <span class='ocrx_word' id='word_1_308' title='bbox 399 1482 451 1509; x_wconf 83' lang='lat' dir='ltr'><strong>hoc</strong></span> <span class='ocrx_word' id='word_1_309' title='bbox 485 1486 536 1514; x_wconf 89' lang='lat' dir='ltr'><strong>est,</strong></span> <span class='ocrx_word' id='word_1_310' title='bbox 557 1486 660 1509; x_wconf 81' lang='lat' dir='ltr'><strong>tantum</strong></span> <span class='ocrx_word' id='word_1_311' title='bbox 689 1490 743 1510; x_wconf 91' lang='lat' dir='ltr'><strong>non</strong></span> <span class='ocrx_word' id='word_1_312' title='bbox 773 1488 868 1518; x_wconf 87' lang='lat' dir='ltr'><strong>sponte</strong></span> <span class='ocrx_word' id='word_1_313' title='bbox 886 1491 932 1510; x_wconf 87' lang='lat' dir='ltr'><strong>sua</strong></span> <span class='ocrx_word' id='word_1_314' title='bbox 956 1485 989 1512; x_wconf 89' lang='lat' dir='ltr'><strong>ad</strong></span> 
     </span>
    </p>
   </div>
   <div class='ocr_carea' id='block_1_49' title="bbox 197 1527 987 1562">
    <p class='ocr_par' dir='ltr' id='par_1_49' title="bbox 197 1527 987 1562">
     <span class='ocr_line' id='line_1_49' title="bbox 197 1527 987 1562; baseline 0.003 -8"><span class='ocrx_word' id='word_1_315' title='bbox 197 1527 323 1555; x_wconf 87' lang='lat' dir='ltr'><strong>inimicos</strong></span> <span class='ocrx_word' id='word_1_316' title='bbox 354 1533 551 1560; x_wconf 88' lang='lat' dir='ltr'><strong>cucurrerunt,</strong></span> <span class='ocrx_word' id='word_1_317' title='bbox 579 1532 606 1555; x_wconf 87' lang='lat' dir='ltr'><strong>et</strong></span> <span class='ocrx_word' id='word_1_318' title='bbox 629 1529 679 1556; x_wconf 87' lang='lat' dir='ltr'><strong>sub</strong></span> <span class='ocrx_word' id='word_1_319' title='bbox 711 1534 872 1562; x_wconf 76' lang='lat' dir='ltr'><strong>potestatem</strong></span> <span class='ocrx_word' id='word_1_320' title='bbox 906 1530 987 1557; x_wconf 89' lang='lat' dir='ltr'><strong>Deum</strong></span> 
     </span>
    </p>
   </div>
   <div class='ocr_carea' id='block_1_50' title="bbox 198 1572 988 1608">
    <p class='ocr_par' dir='ltr' id='par_1_50' title="bbox 198 1572 988 1608">
     <span class='ocr_line' id='line_1_50' title="bbox 198 1572 988 1608; baseline 0.003 -9"><span class='ocrx_word' id='word_1_321' title='bbox 198 1573 351 1600; x_wconf 89' lang='lat' dir='ltr'><strong>odientium</strong></span> <span class='ocrx_word' id='word_1_322' title='bbox 373 1572 475 1600; x_wconf 80' lang='lat' dir='ltr'><strong>redacti</strong></span> <span class='ocrx_word' id='word_1_323' title='bbox 486 1577 559 1606; x_wconf 83' lang='lat' dir='ltr'><strong>sunt,</strong></span> <span class='ocrx_word' id='word_1_324' title='bbox 575 1580 682 1608; x_wconf 75' lang='lat' dir='ltr'><strong>semper</strong></span> <span class='ocrx_word' id='word_1_325' title='bbox 697 1577 816 1601; x_wconf 89' lang='lat' dir='ltr'><strong>tuentem</strong></span> <span class='ocrx_word' id='word_1_326' title='bbox 829 1574 988 1602; x_wconf 80' lang='lat' dir='ltr'><strong>etadversa-</strong></span> 
     </span>
    </p>
   </div>
   <div class='ocr_carea' id='block_1_51' title="bbox 197 1619 988 1654">
    <p class='ocr_par' dir='ltr' id='par_1_51' title="bbox 197 1619 988 1654">
     <span class='ocr_line' id='line_1_51' title="bbox 197 1619 988 1654; baseline 0 -8"><span class='ocrx_word' id='word_1_327' title='bbox 197 1619 248 1647; x_wconf 85' lang='lat' dir='ltr'><strong>riis</strong></span> <span class='ocrx_word' id='word_1_328' title='bbox 274 1619 439 1646; x_wconf 82' lang='lat' dir='ltr'><strong>valentiores</strong></span> <span class='ocrx_word' id='word_1_329' title='bbox 465 1619 637 1650; x_wconf 84' lang='lat' dir='ltr'><strong>reddentem,</strong></span> <span class='ocrx_word' id='word_1_330' title='bbox 654 1627 768 1654; x_wconf 90' lang='lat' dir='ltr'><strong>quorum</strong></span> <span class='ocrx_word' id='word_1_331' title='bbox 791 1620 988 1648; x_wconf 59' lang='lat' dir='ltr'><strong>defectionibus</strong></span> 
     </span>
    </p>
   </div>
   <div class='ocr_carea' id='block_1_52' title="bbox 198 1664 988 1700">
    <p class='ocr_par' dir='ltr' id='par_1_52' title="bbox 198 1664 988 1700">
     <span class='ocr_line' id='line_1_52' title="bbox 198 1664 988 1700; baseline 0 -8"><span class='ocrx_word' id='word_1_332' title='bbox 198 1665 285 1693; x_wconf 77' lang='lat' dir='ltr'><strong>fuerat</strong></span> <span class='ocrx_word' id='word_1_333' title='bbox 302 1666 432 1692; x_wconf 85' lang='lat' dir='ltr'><strong>irritatus.</strong></span> <span class='ocrx_word' id='word_1_334' title='bbox 445 1664 680 1700; x_wconf 82' lang='lat' dir='ltr'><strong>Sapientissimum</strong></span> <span class='ocrx_word' id='word_1_335' title='bbox 695 1665 776 1700; x_wconf 79' lang='lat' dir='ltr'><strong>igitur</strong></span> <span class='ocrx_word' id='word_1_336' title='bbox 789 1673 904 1700; x_wconf 76' lang='lat' dir='ltr'><strong>vereque</strong></span> <span class='ocrx_word' id='word_1_337' title='bbox 923 1666 988 1693; x_wconf 88' lang='lat' dir='ltr'><strong>utile</strong></span> 
     </span>
    </p>
   </div>
   <div class='ocr_carea' id='block_1_53' title="bbox 197 1711 986 1745">
    <p class='ocr_par' dir='ltr' id='par_1_53' title="bbox 197 1711 986 1745">
     <span class='ocr_line' id='line_1_53' title="bbox 197 1711 986 1745; baseline 0 -7"><span class='ocrx_word' id='word_1_338' title='bbox 197 1711 298 1740; x_wconf 84' lang='lat' dir='ltr'><strong>factum</strong></span> <span class='ocrx_word' id='word_1_339' title='bbox 330 1711 460 1738; x_wconf 83' lang='lat' dir='ltr'><strong>malorum</strong></span> <span class='ocrx_word' id='word_1_340' title='bbox 491 1711 687 1745; x_wconf 80' lang='lat' dir='ltr'><strong>experientiam</strong></span> <span class='ocrx_word' id='word_1_341' title='bbox 721 1718 773 1738; x_wconf 94' lang='lat' dir='ltr'><strong>non</strong></span> <span class='ocrx_word' id='word_1_342' title='bbox 805 1715 986 1745; x_wconf 82' lang='lat' dir='ltr'><strong>exspectare;</strong></span> 
     </span>
    </p>
   </div>
   <div class='ocr_carea' id='block_1_54' title="bbox 197 1756 986 1791">
    <p class='ocr_par' dir='ltr' id='par_1_54' title="bbox 197 1756 986 1791">
     <span class='ocr_line' id='line_1_54' title="bbox 197 1756 986 1791; baseline 0 -8"><span class='ocrx_word' id='word_1_343' title='bbox 197 1757 243 1783; x_wconf 84' lang='lat' dir='ltr'><strong>sed</strong></span> <span class='ocrx_word' id='word_1_344' title='bbox 266 1756 354 1784; x_wconf 82' lang='lat' dir='ltr'><strong>adhuc</strong></span> <span class='ocrx_word' id='word_1_345' title='bbox 373 1756 512 1783; x_wconf 81' lang='lat' dir='ltr'><strong>absentem</strong></span> <span class='ocrx_word' id='word_1_346' title='bbox 536 1756 678 1790; x_wconf 86' lang='lat' dir='ltr'><strong>repudiare</strong></span> <span class='ocrx_word' id='word_1_347' title='bbox 695 1760 722 1783; x_wconf 90' lang='lat' dir='ltr'><strong>et</strong></span> <span class='ocrx_word' id='word_1_348' title='bbox 739 1757 857 1783; x_wconf 83' lang='lat' dir='ltr'><strong>aversari</strong></span> <span class='ocrx_word' id='word_1_349' title='bbox 887 1757 986 1791; x_wconf 83' lang='lat' dir='ltr'><strong>potius,</strong></span> 
     </span>
    </p>
   </div>
   <div class='ocr_carea' id='block_1_55' title="bbox 196 1801 987 1837">
    <p class='ocr_par' dir='ltr' id='par_1_55' title="bbox 196 1801 987 1837">
     <span class='ocr_line' id='line_1_55' title="bbox 196 1801 987 1837; baseline -0.001 -7"><span class='ocrx_word' id='word_1_350' title='bbox 196 1808 223 1830; x_wconf 86' lang='lat' dir='ltr'><strong>et</strong></span> <span class='ocrx_word' id='word_1_351' title='bbox 241 1802 436 1830; x_wconf 83' lang='lat' dir='ltr'><strong>antevertendo</strong></span> <span class='ocrx_word' id='word_1_352' title='bbox 451 1801 484 1829; x_wconf 82' lang='lat' dir='ltr'><strong>ad</strong></span> <span class='ocrx_word' id='word_1_353' title='bbox 502 1801 682 1830; x_wconf 85' lang='lat' dir='ltr'><strong>conducibilia</strong></span> <span class='ocrx_word' id='word_1_354' title='bbox 717 1802 902 1837; x_wconf 86' lang='lat' dir='ltr'><strong>perspicienda</strong></span> <span class='ocrx_word' id='word_1_355' title='bbox 921 1809 987 1829; x_wconf 92' lang='lat' dir='ltr'><strong>con-</strong></span> 
     </span>
    </p>
   </div>
   <div class='ocr_carea' id='block_1_56' title="bbox 196 1840 367 1875">
    <p class='ocr_par' dir='ltr' id='par_1_56' title="bbox 196 1840 367 1875">
     <span class='ocr_line' id='line_1_56' title="bbox 196 1840 367 1875; baseline -0.006 0"><span class='ocrx_word' id='word_1_356' title='bbox 196 1849 316 1875; x_wconf 85' lang='lat' dir='ltr'><strong>tendere.</strong></span> <span class='ocrx_word' id='word_1_357' title='bbox 363 1840 367 1844; x_wconf 72' lang='grc'><strong>’</strong></span> 
     </span>
    </p>
   </div>
   <div class='ocr_carea' id='block_1_57' title="bbox 232 1892 988 1928">
    <p class='ocr_par' dir='ltr' id='par_1_57' title="bbox 232 1892 988 1928">
     <span class='ocr_line' id='line_1_57' title="bbox 232 1892 988 1928; baseline 0 -8"><span class='ocrx_word' id='word_1_358' title='bbox 232 1892 315 1921; x_wconf 69' lang='lat' dir='ltr'><strong>Vens.</strong></span> <span class='ocrx_word' id='word_1_359' title='bbox 335 1893 360 1920; x_wconf 73' lang='grc' dir='ltr'>ι.</span> <span class='ocrx_word' id='word_1_360' title='bbox 373 1892 551 1926; x_wconf 71' lang='lat' dir='ltr'><strong>Siliimetipu‘s</strong></span> <span class='ocrx_word' id='word_1_361' title='bbox 568 1897 752 1928; x_wconf 77' lang='lat' dir='ltr'><strong>regnaverunt,</strong></span> <span class='ocrx_word' id='word_1_362' title='bbox 770 1898 860 1920; x_wconf 82' lang='lat' dir='ltr'><strong>etnon</strong></span> <span class='ocrx_word' id='word_1_363' title='bbox 883 1901 928 1927; x_wconf 79' lang='lat' dir='ltr'><strong>per</strong></span> <span class='ocrx_word' id='word_1_364' title='bbox 946 1901 988 1920; x_wconf 83' lang='lat' dir='ltr'><strong>me</strong></span> 
     </span>
    </p>
   </div>
   <div class='ocr_carea' id='block_1_58' title="bbox 194 1939 988 1974">
    <p class='ocr_par' dir='ltr' id='par_1_58' title="bbox 194 1939 988 1974">
     <span class='ocr_line' id='line_1_58' title="bbox 194 1939 988 1974; baseline 0 -8"><span class='ocrx_word' id='word_1_365' title='bbox 194 1940 324 1974; x_wconf 71' lang='lat' dir='ltr'><strong>principes</strong></span> <span class='ocrx_word' id='word_1_366' title='bbox 342 1940 506 1970; x_wconf 71' lang='lat' dir='ltr'><strong>exstiterunt,</strong></span> <span class='ocrx_word' id='word_1_367' title='bbox 526 1943 549 1965; x_wconf 82' lang='lat' dir='ltr'><strong>et</strong></span> <span class='ocrx_word' id='word_1_368' title='bbox 568 1947 621 1965; x_wconf 85' lang='lat' dir='ltr'><strong>non</strong></span> <span class='ocrx_word' id='word_1_369' title='bbox 638 1939 819 1965; x_wconf 76' lang='lat' dir='ltr'><strong>iudicauerunt</strong></span> <span class='ocrx_word' id='word_1_370' title='bbox 839 1939 913 1965; x_wconf 80' lang='lat' dir='ltr'><strong>mihi.</strong></span> <span class='ocrx_word' id='word_1_371' title='bbox 939 1940 988 1966; x_wconf 82' lang='lat' dir='ltr'><strong>Ar-</strong></span> 
     </span>
    </p>
   </div>
   <div class='ocr_carea' id='block_1_59' title="bbox 194 1985 985 2019">
    <p class='ocr_par' dir='ltr' id='par_1_59' title="bbox 194 1985 985 2019">
     <span class='ocr_line' id='line_1_59' title="bbox 194 1985 985 2019; baseline 0 -7"><span class='ocrx_word' id='word_1_372' title='bbox 194 1990 300 2019; x_wconf 78' lang='lat' dir='ltr'><strong>gentum</strong></span> <span class='ocrx_word' id='word_1_373' title='bbox 313 1994 389 2012; x_wconf 73' lang='lat' dir='ltr'><strong>suum</strong></span> <span class='ocrx_word' id='word_1_374' title='bbox 413 1991 436 2012; x_wconf 86' lang='lat' dir='ltr'><strong>et</strong></span> <span class='ocrx_word' id='word_1_375' title='bbox 454 1993 549 2012; x_wconf 66' lang='lat' dir='ltr'><strong>aurum</strong></span> <span class='ocrx_word' id='word_1_376' title='bbox 575 1993 652 2012; x_wconf 77' lang='lat' dir='ltr'><strong>suum</strong></span> <span class='ocrx_word' id='word_1_377' title='bbox 682 1985 796 2019; x_wconf 76' lang='lat' dir='ltr'><strong>fecerunt</strong></span> <span class='ocrx_word' id='word_1_378' title='bbox 821 1985 870 2012; x_wconf 71' lang='lat' dir='ltr'><strong>tibi</strong></span> <span class='ocrx_word' id='word_1_379' title='bbox 902 1985 985 2019; x_wconf 76' lang='lat' dir='ltr'><strong>idola,</strong></span> 
     </span>
    </p>
   </div>
   <div class='ocr_carea' id='block_1_60' title="bbox 195 2031 640 2061">
    <p class='ocr_par' dir='ltr' id='par_1_60' title="bbox 195 2031 640 2061">
     <span class='ocr_line' id='line_1_60' title="bbox 195 2031 640 2061; baseline 0 -5"><span class='ocrx_word' id='word_1_380' title='bbox 195 2035 223 2056; x_wconf 81' lang='grc' dir='ltr'><strong>ιιι</strong></span> <span class='ocrx_word' id='word_1_381' title='bbox 251 2031 410 2061; x_wconf 75' lang='lat' dir='ltr'><strong>dispereunt.</strong></span> <span class='ocrx_word' id='word_1_382' title='bbox 638 2048 640 2051; x_wconf 62' lang='grc' dir='ltr'><strong><em>τ</em></strong></span> 
     </span>
    </p>
   </div>
   <div class='ocr_carea' id='block_1_61' title="bbox 230 2075 984 2111">
    <p class='ocr_par' dir='ltr' id='par_1_61' title="bbox 230 2075 984 2111">
     <span class='ocr_line' id='line_1_61' title="bbox 230 2075 984 2111; baseline 0.001 -9"><span class='ocrx_word' id='word_1_383' title='bbox 230 2075 385 2103; x_wconf 79' lang='lat' dir='ltr'><strong>LXXXVII.</strong></span> <span class='ocrx_word' id='word_1_384' title='bbox 412 2075 469 2102; x_wconf 86' lang='lat' dir='ltr'><strong>Non</strong></span> <span class='ocrx_word' id='word_1_385' title='bbox 488 2075 612 2111; x_wconf 75' lang='lat' dir='ltr'><strong>agnoscit</strong></span> <span class='ocrx_word' id='word_1_386' title='bbox 637 2083 750 2110; x_wconf 80' lang='lat' dir='ltr'><strong>regnum</strong></span> <span class='ocrx_word' id='word_1_387' title='bbox 766 2080 794 2102; x_wconf 90' lang='lat' dir='ltr'><strong>et</strong></span> <span class='ocrx_word' id='word_1_388' title='bbox 814 2075 984 2109; x_wconf 86' lang='lat' dir='ltr'><strong>Jeroboami,</strong></span> 
     </span>
    </p>
   </div>
   <div class='ocr_carea' id='block_1_62' title="bbox 195 2121 984 2156">
    <p class='ocr_par' dir='ltr' id='par_1_62' title="bbox 195 2121 984 2156">
     <span class='ocr_line' id='line_1_62' title="bbox 195 2121 984 2156; baseline 0 -8"><span class='ocrx_word' id='word_1_389' title='bbox 195 2127 221 2148; x_wconf 89' lang='lat' dir='ltr'><strong>ct</strong></span> <span class='ocrx_word' id='word_1_390' title='bbox 239 2122 404 2156; x_wconf 87' lang='lat' dir='ltr'><strong>reliquorum</strong></span> <span class='ocrx_word' id='word_1_391' title='bbox 430 2122 557 2156; x_wconf 80' lang='lat' dir='ltr'><strong>deinceps</strong></span> <span class='ocrx_word' id='word_1_392' title='bbox 576 2128 669 2156; x_wconf 75' lang='lat' dir='ltr'><strong>regum</strong></span> <span class='ocrx_word' id='word_1_393' title='bbox 695 2122 776 2149; x_wconf 84' lang='lat' dir='ltr'><strong>Israel</strong></span> <span class='ocrx_word' id='word_1_394' title='bbox 791 2121 817 2148; x_wconf 94' lang='lat' dir='ltr'><strong>in</strong></span> <span class='ocrx_word' id='word_1_395' title='bbox 842 2121 964 2148; x_wconf 81' lang='lat' dir='ltr'><strong>Samaria</strong></span> <span class='ocrx_word' id='word_1_396' title='bbox 977 2142 984 2154; x_wconf 89' lang='lat'><strong>,</strong></span> 
     </span>
    </p>
   </div>
   <div class='ocr_carea' id='block_1_63' title="bbox 195 2165 986 2201">
    <p class='ocr_par' dir='ltr' id='par_1_63' title="bbox 195 2165 986 2201">
     <span class='ocr_line' id='line_1_63' title="bbox 195 2165 986 2201; baseline 0.001 -9"><span class='ocrx_word' id='word_1_397' title='bbox 195 2166 320 2201; x_wconf 79' lang='lat' dir='ltr'><strong>quamvis</strong></span> <span class='ocrx_word' id='word_1_398' title='bbox 339 2167 395 2200; x_wconf 86' lang='lat' dir='ltr'><strong>ipse</strong></span> <span class='ocrx_word' id='word_1_399' title='bbox 411 2173 539 2201; x_wconf 83' lang='lat' dir='ltr'><strong>expresse</strong></span> <span class='ocrx_word' id='word_1_400' title='bbox 564 2166 674 2198; x_wconf 85' lang='lat' dir='ltr'><strong>dixerit,</strong></span> <span class='ocrx_word' id='word_1_401' title='bbox 691 2175 699 2191; x_wconf 87' lang='grc' dir='ltr'><strong>ι</strong></span> <span class='ocrx_word' id='word_1_402' title='bbox 714 2166 731 2193; x_wconf 78' lang='grc' dir='ltr'>Α</span> <span class='ocrx_word' id='word_1_403' title='bbox 745 2173 788 2192; x_wconf 91' lang='lat' dir='ltr'><strong>me</strong></span> <span class='ocrx_word' id='word_1_404' title='bbox 808 2165 911 2193; x_wconf 76' lang='lat' dir='ltr'><strong>factum</strong></span> <span class='ocrx_word' id='word_1_405' title='bbox 945 2171 986 2193; x_wconf 83' lang='lat' dir='ltr'><strong>est</strong></span> 
     </span>
    </p>
   </div>
   <div class='ocr_carea' id='block_1_64' title="bbox 195 2212 1023 2258">
    <p class='ocr_par' dir='ltr' id='par_1_64' title="bbox 195 2212 1023 2258">
     <span class='ocr_line' id='line_1_64' title="bbox 195 2212 1023 2258; baseline 0 -20"><span class='ocrx_word' id='word_1_406' title='bbox 195 2215 306 2240; x_wconf 87' lang='lat' dir='ltr'><strong>verbum</strong></span> <span class='ocrx_word' id='word_1_407' title='bbox 325 2213 376 2240; x_wconf 85' lang='lat' dir='ltr'><strong>hoc</strong></span> <span class='ocrx_word' id='word_1_408' title='bbox 393 2213 444 2244; x_wconf 78' lang='grc'><strong>¹²,›</strong></span> <span class='ocrx_word' id='word_1_409' title='bbox 469 2218 496 2240; x_wconf 88' lang='lat' dir='ltr'><strong>et</strong></span> <span class='ocrx_word' id='word_1_410' title='bbox 512 2213 629 2239; x_wconf 83' lang='lat' dir='ltr'><strong>minatus</strong></span> <span class='ocrx_word' id='word_1_411' title='bbox 642 2212 677 2239; x_wconf 86' lang='lat' dir='ltr'><strong>sit</strong></span> <span class='ocrx_word' id='word_1_412' title='bbox 695 2212 834 2239; x_wconf 87' lang='lat' dir='ltr'><strong>Salomoni</strong></span> <span class='ocrx_word' id='word_1_413' title='bbox 853 2212 914 2247; x_wconf 90' lang='lat' dir='ltr'><strong>ipsi,</strong></span> <span class='ocrx_word' id='word_1_414' title='bbox 939 2212 983 2247; x_wconf 92' lang='lat' dir='ltr'><strong>qui</strong></span> <span class='ocrx_word' id='word_1_415' title='bbox 998 2228 1023 2258; x_wconf 70' lang='grc' dir='ltr'><strong>υ</strong></span> 
     </span>
    </p>
   </div>
   <div class='ocr_carea' id='block_1_65' title="bbox 203 2256 984 2293">
    <p class='ocr_par' dir='ltr' id='par_1_65' title="bbox 203 2256 984 2293">
     <span class='ocr_line' id='line_1_65' title="bbox 203 2256 984 2293; baseline 0.001 -10"><span class='ocrx_word' id='word_1_416' title='bbox 203 2258 363 2293; x_wconf 66' lang='lat' dir='ltr'><strong>alienigenis</strong></span> <span class='ocrx_word' id='word_1_417' title='bbox 388 2258 548 2284; x_wconf 77' lang='lat' dir='ltr'><strong>mulierilus</strong></span> <span class='ocrx_word' id='word_1_418' title='bbox 561 2257 716 2288; x_wconf 83' lang='lat' dir='ltr'><strong>obsecutus,</strong></span> <span class='ocrx_word' id='word_1_419' title='bbox 731 2256 858 2290; x_wconf 88' lang='lat' dir='ltr'><strong>templum</strong></span> <span class='ocrx_word' id='word_1_420' title='bbox 873 2261 900 2283; x_wconf 87' lang='lat' dir='ltr'><strong>et</strong></span> <span class='ocrx_word' id='word_1_421' title='bbox 923 2264 984 2284; x_wconf 84' lang='lat' dir='ltr'><strong>aras</strong></span> 
     </span>
    </p>
   </div>
   <div class='ocr_carea' id='block_1_66' title="bbox 196 2302 980 2334">
    <p class='ocr_par' dir='ltr' id='par_1_66' title="bbox 196 2302 980 2334">
     <span class='ocr_line' id='line_1_66' title="bbox 196 2302 980 2334; baseline -0.001 -3"><span class='ocrx_word' id='word_1_422' title='bbox 196 2304 302 2332; x_wconf 87' lang='lat' dir='ltr'><strong>illarunt</strong></span> <span class='ocrx_word' id='word_1_423' title='bbox 329 2304 482 2331; x_wconf 88' lang='lat' dir='ltr'><strong>numinibus</strong></span> <span class='ocrx_word' id='word_1_424' title='bbox 495 2307 693 2334; x_wconf 77' lang='lat' dir='ltr'><strong>construxerat,</strong></span> <span class='ocrx_word' id='word_1_425' title='bbox 720 2302 763 2330; x_wconf 89' lang='lat' dir='ltr'><strong>his</strong></span> <span class='ocrx_word' id='word_1_426' title='bbox 778 2302 867 2329; x_wconf 76' lang='lat' dir='ltr'><strong>verbis</strong></span> <span class='ocrx_word' id='word_1_427' title='bbox 883 2311 890 2329; x_wconf 87' lang='lat'>:</span> <span class='ocrx_word' id='word_1_428' title='bbox 908 2312 917 2328; x_wconf 86' lang='grc' dir='ltr'><strong>ι</strong></span> <span class='ocrx_word' id='word_1_429' title='bbox 936 2303 980 2330; x_wconf 89' lang='lat' dir='ltr'><strong>Di-</strong></span> 
     </span>
    </p>
   </div>
   <div class='ocr_carea' id='block_1_67' title="bbox 194 2348 979 2385">
    <p class='ocr_par' dir='ltr' id='par_1_67' title="bbox 194 2348 979 2385">
     <span class='ocr_line' id='line_1_67' title="bbox 194 2348 979 2385; baseline -0.001 -8"><span class='ocrx_word' id='word_1_430' title='bbox 194 2351 314 2377; x_wconf 84' lang='lat' dir='ltr'><strong>scindam</strong></span> <span class='ocrx_word' id='word_1_431' title='bbox 339 2357 450 2385; x_wconf 67' lang='lat' dir='ltr'><strong>regnum</strong></span> <span class='ocrx_word' id='word_1_432' title='bbox 465 2355 551 2380; x_wconf 88' lang='lat' dir='ltr'><strong>tuum.</strong></span> <span class='ocrx_word' id='word_1_433' title='bbox 569 2353 595 2375; x_wconf 88' lang='lat' dir='ltr'><strong>et</strong></span> <span class='ocrx_word' id='word_1_434' title='bbox 608 2348 678 2375; x_wconf 87' lang='lat' dir='ltr'><strong>dabo</strong></span> <span class='ocrx_word' id='word_1_435' title='bbox 697 2348 760 2375; x_wconf 90' lang='lat' dir='ltr'><strong>illud</strong></span> <span class='ocrx_word' id='word_1_436' title='bbox 778 2356 856 2376; x_wconf 89' lang='lat' dir='ltr'><strong>servo</strong></span> <span class='ocrx_word' id='word_1_437' title='bbox 877 2349 979 2377; x_wconf 69' lang='lat' dir='ltr'><strong>tuo“.i</strong></span> 
     </span>
    </p>
   </div>
   <div class='ocr_carea' id='block_1_68' title="bbox 194 2393 984 2430">
    <p class='ocr_par' dir='ltr' id='par_1_68' title="bbox 194 2393 984 2430">
     <span class='ocr_line' id='line_1_68' title="bbox 194 2393 984 2430; baseline 0.001 -8"><span class='ocrx_word' id='word_1_438' title='bbox 194 2396 264 2430; x_wconf 81' lang='lat' dir='ltr'><strong>Quid</strong></span> <span class='ocrx_word' id='word_1_439' title='bbox 287 2396 409 2423; x_wconf 88' lang='lat' dir='ltr'><strong>dicemus</strong></span> <span class='ocrx_word' id='word_1_440' title='bbox 434 2394 538 2430; x_wconf 79' lang='lat' dir='ltr'><strong>igitur?</strong></span> <span class='ocrx_word' id='word_1_441' title='bbox 564 2393 734 2428; x_wconf 80' lang='lat' dir='ltr'><strong>falsiloquum</strong></span> <span class='ocrx_word' id='word_1_442' title='bbox 761 2401 822 2421; x_wconf 89' lang='lat' dir='ltr'><strong>esse</strong></span> <span class='ocrx_word' id='word_1_443' title='bbox 843 2395 984 2423; x_wconf 88' lang='lat' dir='ltr'><strong>universo-</strong></span> 
     </span>
    </p>
   </div>
   <div class='ocr_carea' id='block_1_69' title="bbox 195 2439 982 2474">
    <p class='ocr_par' dir='ltr' id='par_1_69' title="bbox 195 2439 982 2474">
     <span class='ocr_line' id='line_1_69' title="bbox 195 2439 982 2474; baseline 0 -6"><span class='ocrx_word' id='word_1_444' title='bbox 195 2450 253 2469; x_wconf 87' lang='lat' dir='ltr'><strong>rqu</strong></span> <span class='ocrx_word' id='word_1_445' title='bbox 270 2441 374 2468; x_wconf 80' lang='lat' dir='ltr'><strong>Deum?</strong></span> <span class='ocrx_word' id='word_1_446' title='bbox 389 2441 474 2468; x_wconf 85' lang='lat' dir='ltr'><strong>absitl</strong></span> <span class='ocrx_word' id='word_1_447' title='bbox 493 2440 583 2474; x_wconf 81' lang='lat' dir='ltr'><strong>potius</strong></span> <span class='ocrx_word' id='word_1_448' title='bbox 594 2440 626 2466; x_wconf 85' lang='lat' dir='ltr'><strong>ad</strong></span> <span class='ocrx_word' id='word_1_449' title='bbox 641 2443 739 2466; x_wconf 78' lang='lat' dir='ltr'><strong>rectam</strong></span> <span class='ocrx_word' id='word_1_450' title='bbox 752 2439 885 2467; x_wconf 81' lang='lat' dir='ltr'><strong>dictarunt</strong></span> <span class='ocrx_word' id='word_1_451' title='bbox 904 2441 982 2468; x_wconf 89' lang='lat' dir='ltr'><strong>intel-</strong></span> 
     </span>
    </p>
   </div>
   <div class='ocr_carea' id='block_1_70' title="bbox 194 2485 980 2523">
    <p class='ocr_par' dir='ltr' id='par_1_70' title="bbox 194 2485 980 2523">
     <span class='ocr_line' id='line_1_70' title="bbox 194 2485 980 2523; baseline 0 -9"><span class='ocrx_word' id='word_1_452' title='bbox 194 2488 331 2523; x_wconf 69' lang='lat' dir='ltr'><strong>ligentiam</strong></span> <span class='ocrx_word' id='word_1_453' title='bbox 359 2495 408 2514; x_wconf 90' lang='lat' dir='ltr'><strong>nos</strong></span> <span class='ocrx_word' id='word_1_454' title='bbox 424 2486 558 2517; x_wconf 88' lang='lat' dir='ltr'><strong>dabimus,</strong></span> <span class='ocrx_word' id='word_1_455' title='bbox 575 2485 726 2520; x_wconf 84' lang='lat' dir='ltr'><strong>cogitantes</strong></span> <span class='ocrx_word' id='word_1_456' title='bbox 749 2485 824 2512; x_wconf 88' lang='lat' dir='ltr'><strong>illud.</strong></span> <span class='ocrx_word' id='word_1_457' title='bbox 843 2485 980 2522; x_wconf 83' lang='lat' dir='ltr'><strong>Scriptum</strong></span> 
     </span>
    </p>
   </div>
   <div class='ocr_carea' id='block_1_71' title="bbox 194 2531 980 2566">
    <p class='ocr_par' dir='ltr' id='par_1_71' title="bbox 194 2531 980 2566">
     <span class='ocr_line' id='line_1_71' title="bbox 194 2531 980 2566; baseline -0.001 -5"><span class='ocrx_word' id='word_1_458' title='bbox 194 2539 236 2562; x_wconf 83' lang='lat' dir='ltr'><strong>cst</strong></span> <span class='ocrx_word' id='word_1_459' title='bbox 246 2535 284 2559; x_wconf 69' lang='grc' dir='ltr'>’δι</span> <span class='ocrx_word' id='word_1_460' title='bbox 299 2533 373 2560; x_wconf 71' lang='lat' dir='ltr'><strong>(Non</strong></span> <span class='ocrx_word' id='word_1_461' title='bbox 383 2537 423 2560; x_wconf 87' lang='lat' dir='ltr'><strong>cst</strong></span> <span class='ocrx_word' id='word_1_462' title='bbox 432 2532 532 2559; x_wconf 80' lang='lat' dir='ltr'><strong>malum</strong></span> <span class='ocrx_word' id='word_1_463' title='bbox 546 2532 572 2558; x_wconf 91' lang='lat' dir='ltr'><strong>in</strong></span> <span class='ocrx_word' id='word_1_464' title='bbox 585 2531 702 2564; x_wconf 80' lang='lat' dir='ltr'><strong>civitate,</strong></span> <span class='ocrx_word' id='word_1_465' title='bbox 713 2533 783 2566; x_wconf 90' lang='lat' dir='ltr'><strong>quod</strong></span> <span class='ocrx_word' id='word_1_466' title='bbox 793 2539 845 2559; x_wconf 92' lang='lat' dir='ltr'><strong>non</strong></span> <span class='ocrx_word' id='word_1_467' title='bbox 855 2532 916 2560; x_wconf 78' lang='lat' dir='ltr'><strong>fecit</strong></span> <span class='ocrx_word' id='word_1_468' title='bbox 929 2533 980 2560; x_wconf 84' lang='lat' dir='ltr'><strong>Do-</strong></span> 
     </span>
    </p>
   </div>
   <div class='ocr_carea' id='block_1_72' title="bbox 194 2575 983 2612">
    <p class='ocr_par' dir='ltr' id='par_1_72' title="bbox 194 2575 983 2612">
     <span class='ocr_line' id='line_1_72' title="bbox 194 2575 983 2612; baseline -0.001 -6"><span class='ocrx_word' id='word_1_469' title='bbox 194 2581 294 2606; x_wconf 83' lang='lat' dir='ltr'><strong>minus.</strong></span> <span class='ocrx_word' id='word_1_470' title='bbox 312 2586 322 2602; x_wconf 82' lang='grc'><strong>›</strong></span> <span class='ocrx_word' id='word_1_471' title='bbox 334 2578 431 2604; x_wconf 74' lang='lat' dir='ltr'><strong>Malunt</strong></span> <span class='ocrx_word' id='word_1_472' title='bbox 446 2576 562 2612; x_wconf 83' lang='lat' dir='ltr'><strong>appellat</strong></span> <span class='ocrx_word' id='word_1_473' title='bbox 573 2575 753 2604; x_wconf 84' lang='lat' dir='ltr'><strong>alllictiouem.</strong></span> <span class='ocrx_word' id='word_1_474' title='bbox 769 2576 822 2604; x_wconf 83' lang='lat' dir='ltr'><strong>Res</strong></span> <span class='ocrx_word' id='word_1_475' title='bbox 836 2579 906 2604; x_wconf 90' lang='lat' dir='ltr'><strong>enim</strong></span> <span class='ocrx_word' id='word_1_476' title='bbox 916 2577 983 2605; x_wconf 86' lang='lat' dir='ltr'><strong>alias</strong></span> 
     </span>
    </p>
   </div>
   <div class='ocr_carea' id='block_1_73' title="bbox 194 2622 982 2658">
    <p class='ocr_par' dir='ltr' id='par_1_73' title="bbox 194 2622 982 2658">
     <span class='ocr_line' id='line_1_73' title="bbox 194 2622 982 2658; baseline -0.001 -6"><span class='ocrx_word' id='word_1_477' title='bbox 194 2626 251 2658; x_wconf 70' lang='lat' dir='ltr'><strong>ipse</strong></span> <span class='ocrx_word' id='word_1_478' title='bbox 261 2633 308 2651; x_wconf 82' lang='lat' dir='ltr'><strong>sua</strong></span> <span class='ocrx_word' id='word_1_479' title='bbox 320 2623 455 2650; x_wconf 76' lang='lat' dir='ltr'><strong>sententia</strong></span> <span class='ocrx_word' id='word_1_480' title='bbox 466 2630 496 2649; x_wconf 89' lang='lat' dir='ltr'><strong>ac</strong></span> <span class='ocrx_word' id='word_1_481' title='bbox 510 2622 648 2649; x_wconf 84' lang='lat' dir='ltr'><strong>voluntate</strong></span> <span class='ocrx_word' id='word_1_482' title='bbox 660 2622 746 2650; x_wconf 79' lang='lat' dir='ltr'><strong>facit:</strong></span> <span class='ocrx_word' id='word_1_483' title='bbox 762 2623 841 2658; x_wconf 68' lang='lat'><strong>119</strong></span> <span class='ocrx_word' id='word_1_484' title='bbox 849 2623 915 2651; x_wconf 85' lang='lat' dir='ltr'><strong>alias</strong></span> <span class='ocrx_word' id='word_1_485' title='bbox 924 2624 982 2651; x_wconf 86' lang='lat' dir='ltr'><strong>ﬁeri</strong></span> 
     </span>
    </p>
   </div>
   <div class='ocr_carea' id='block_1_74' title="bbox 195 2669 982 2705">
    <p class='ocr_par' dir='ltr' id='par_1_74' title="bbox 195 2669 982 2705">
     <span class='ocr_line' id='line_1_74' title="bbox 195 2669 982 2705; baseline -0.001 -8"><span class='ocrx_word' id='word_1_486' title='bbox 195 2671 336 2705; x_wconf 52' lang='lat' dir='ltr'><strong>permittit,</strong></span> <span class='ocrx_word' id='word_1_487' title='bbox 351 2675 379 2697; x_wconf 93' lang='lat' dir='ltr'><strong>ut</strong></span> <span class='ocrx_word' id='word_1_488' title='bbox 406 2670 500 2704; x_wconf 80' lang='lat' dir='ltr'><strong>puniat</strong></span> <span class='ocrx_word' id='word_1_489' title='bbox 518 2669 658 2704; x_wconf 82' lang='lat' dir='ltr'><strong>quosdam,</strong></span> <span class='ocrx_word' id='word_1_490' title='bbox 673 2671 781 2698; x_wconf 80' lang='lat' dir='ltr'><strong>tametsi</strong></span> <span class='ocrx_word' id='word_1_491' title='bbox 799 2671 865 2697; x_wconf 88' lang='lat' dir='ltr'><strong>citra</strong></span> <span class='ocrx_word' id='word_1_492' title='bbox 892 2670 982 2696; x_wconf 77' lang='lat' dir='ltr'><strong>volun-</strong></span> 
     </span>
    </p>
   </div>
   <div class='ocr_carea' id='block_1_75' title="bbox 194 2716 981 2752">
    <p class='ocr_par' dir='ltr' id='par_1_75' title="bbox 194 2716 981 2752">
     <span class='ocr_line' id='line_1_75' title="bbox 194 2716 981 2752; baseline 0 -9"><span class='ocrx_word' id='word_1_493' title='bbox 194 2722 277 2743; x_wconf 82' lang='lat' dir='ltr'><strong>tztlcut</strong></span> <span class='ocrx_word' id='word_1_494' title='bbox 302 2717 360 2751; x_wconf 76' lang='lat' dir='ltr'><strong>ejus</strong></span> <span class='ocrx_word' id='word_1_495' title='bbox 377 2716 449 2744; x_wconf 83' lang='lat' dir='ltr'><strong>ﬁant.</strong></span> <span class='ocrx_word' id='word_1_496' title='bbox 471 2716 538 2750; x_wconf 85' lang='lat' dir='ltr'><strong>Quia</strong></span> <span class='ocrx_word' id='word_1_497' title='bbox 556 2724 620 2744; x_wconf 82' lang='lat' dir='ltr'><strong>vero</strong></span> <span class='ocrx_word' id='word_1_498' title='bbox 644 2724 704 2743; x_wconf 84' lang='lat' dir='ltr'><strong>cum</strong></span> <span class='ocrx_word' id='word_1_499' title='bbox 729 2717 872 2752; x_wconf 88' lang='lat' dir='ltr'><strong>probibcrc</strong></span> <span class='ocrx_word' id='word_1_500' title='bbox 887 2718 981 2751; x_wconf 82' lang='lat' dir='ltr'><strong>possit,</strong></span> 
     </span>
    </p>
   </div>
   <div class='ocr_carea' id='block_1_76' title="bbox 193 2761 982 2797">
    <p class='ocr_par' dir='ltr' id='par_1_76' title="bbox 193 2761 982 2797">
     <span class='ocr_line' id='line_1_76' title="bbox 193 2761 982 2797; baseline 0.001 -9"><span class='ocrx_word' id='word_1_501' title='bbox 193 2761 258 2788; x_wconf 87' lang='lat' dir='ltr'><strong>sinit</strong></span> <span class='ocrx_word' id='word_1_502' title='bbox 265 2762 401 2797; x_wconf 82' lang='lat' dir='ltr'><strong>quidpiam</strong></span> <span class='ocrx_word' id='word_1_503' title='bbox 409 2762 603 2797; x_wconf 80' lang='lat' dir='ltr'><strong>dispensatorie</strong></span> <span class='ocrx_word' id='word_1_504' title='bbox 617 2770 802 2797; x_wconf 67' lang='lat' dir='ltr'><strong>sa-penumero</strong></span> <span class='ocrx_word' id='word_1_505' title='bbox 814 2762 883 2794; x_wconf 87' lang='lat' dir='ltr'><strong>Iicri,</strong></span> <span class='ocrx_word' id='word_1_506' title='bbox 900 2762 982 2789; x_wconf 85' lang='lat' dir='ltr'><strong>etiam</strong></span> 
     </span>
    </p>
   </div>
   <div class='ocr_carea' id='block_1_77' title="bbox 1043 930 1836 968">
    <p class='ocr_par' dir='ltr' id='par_1_77' title="bbox 1043 930 1836 968">
     <span class='ocr_line' id='line_1_77' title="bbox 1043 930 1836 968; baseline -0.001 -10"><span class='ocrx_word' id='word_1_507' title='bbox 1043 933 1186 968; x_wconf 82' lang='grc' dir='ltr'>πρύτανιν,</span> <span class='ocrx_word' id='word_1_508' title='bbox 1207 932 1263 960; x_wconf 85' lang='grc' dir='ltr'>ἀλλ’</span> <span class='ocrx_word' id='word_1_509' title='bbox 1280 933 1342 959; x_wconf 81' lang='grc' dir='ltr'><strong>οὐδέ</strong></span> <span class='ocrx_word' id='word_1_510' title='bbox 1355 934 1417 964; x_wconf 84' lang='grc' dir='ltr'>ταῖς</span> <span class='ocrx_word' id='word_1_511' title='bbox 1438 931 1625 968; x_wconf 80' lang='grc' dir='ltr'>καθηκούσαις</span> <span class='ocrx_word' id='word_1_512' title='bbox 1646 930 1836 967; x_wconf 80' lang='grc' dir='ltr'>εὐχαριστίαις</span> 
     </span>
    </p>
   </div>
   <div class='ocr_carea' id='block_1_78' title="bbox 1042 976 1836 1014">
    <p class='ocr_par' dir='ltr' id='par_1_78' title="bbox 1042 976 1836 1014">
     <span class='ocr_line' id='line_1_78' title="bbox 1042 976 1836 1014; baseline -0.004 -9"><span class='ocrx_word' id='word_1_513' title='bbox 1042 978 1228 1013; x_wconf 81' lang='grc' dir='ltr'>τετιμηκότες,</span> <span class='ocrx_word' id='word_1_514' title='bbox 1245 978 1394 1014; x_wconf 83' lang='grc' dir='ltr'>ἐπειδήπερ</span> <span class='ocrx_word' id='word_1_515' title='bbox 1407 979 1436 1005; x_wconf 87' lang='grc' dir='ltr'><strong>ἐν</strong></span> <span class='ocrx_word' id='word_1_516' title='bbox 1449 978 1488 1013; x_wconf 91' lang='grc' dir='ltr'>τῷ</span> <span class='ocrx_word' id='word_1_517' title='bbox 1509 977 1604 1005; x_wconf 86' lang='grc' dir='ltr'>πλάτει</span> <span class='ocrx_word' id='word_1_518' title='bbox 1617 979 1666 1013; x_wconf 83' lang='grc' dir='ltr'>τῆς</span> <span class='ocrx_word' id='word_1_519' title='bbox 1680 976 1836 1012; x_wconf 81' lang='grc' dir='ltr'>εὐημερίας</span> 
     </span>
    </p>
   </div>
   <div class='ocr_carea' id='block_1_79' title="bbox 1041 1020 1834 1059">
    <p class='ocr_par' dir='ltr' id='par_1_79' title="bbox 1041 1020 1834 1059">
     <span class='ocr_line' id='line_1_79' title="bbox 1041 1020 1834 1059; baseline -0.004 -9"><span class='ocrx_word' id='word_1_520' title='bbox 1041 1024 1207 1059; x_wconf 74' lang='grc' dir='ltr'>ἠγνοήκασιν</span> <span class='ocrx_word' id='word_1_521' title='bbox 1223 1024 1313 1055; x_wconf 81' lang='grc' dir='ltr'>αὑτὸν,</span> <span class='ocrx_word' id='word_1_522' title='bbox 1332 1023 1388 1050; x_wconf 80' lang='grc' dir='ltr'>ἀλλ’</span> <span class='ocrx_word' id='word_1_523' title='bbox 1404 1021 1450 1050; x_wconf 87' lang='grc' dir='ltr'>οὖν</span> <span class='ocrx_word' id='word_1_524' title='bbox 1465 1022 1582 1049; x_wconf 75' lang='grc' dir='ltr'>εἴσονται</span> <span class='ocrx_word' id='word_1_525' title='bbox 1604 1021 1736 1053; x_wconf 83' lang='grc' dir='ltr'>παθόντες</span> <span class='ocrx_word' id='word_1_526' title='bbox 1748 1020 1767 1048; x_wconf 77' lang='grc' dir='ltr'>ἃ</span> <span class='ocrx_word' id='word_1_527' title='bbox 1783 1021 1834 1052; x_wconf 82' lang='grc' dir='ltr'>δεῖ,</span> 
     </span>
    </p>
   </div>
   <div class='ocr_carea' id='block_1_80' title="bbox 1042 1066 1834 1104">
    <p class='ocr_par' dir='ltr' id='par_1_80' title="bbox 1042 1066 1834 1104">
     <span class='ocr_line' id='line_1_80' title="bbox 1042 1066 1834 1104; baseline -0.005 -8"><span class='ocrx_word' id='word_1_528' title='bbox 1042 1069 1150 1104; x_wconf 79' lang='grc' dir='ltr'>καὶτῆς</span> <span class='ocrx_word' id='word_1_529' title='bbox 1165 1068 1268 1096; x_wconf 77' lang='grc' dir='ltr'>ἑαυτῶν</span> <span class='ocrx_word' id='word_1_530' title='bbox 1286 1068 1446 1100; x_wconf 73' lang='grc' dir='ltr'>δυσϐουλίας</span> <span class='ocrx_word' id='word_1_531' title='bbox 1459 1069 1498 1101; x_wconf 86' lang='grc' dir='ltr'><strong>είς</strong></span> <span class='ocrx_word' id='word_1_532' title='bbox 1522 1067 1619 1103; x_wconf 84' lang='grc' dir='ltr'>πικρόν</span> <span class='ocrx_word' id='word_1_533' title='bbox 1633 1075 1662 1093; x_wconf 87' lang='grc' dir='ltr'><strong>τε</strong></span> <span class='ocrx_word' id='word_1_534' title='bbox 1677 1067 1725 1093; x_wconf 79' lang='grc' dir='ltr'>καὶ</span> <span class='ocrx_word' id='word_1_535' title='bbox 1745 1066 1834 1093; x_wconf 78' lang='grc' dir='ltr'>ἀπευ-</span> 
     </span>
    </p>
   </div>
   <div class='ocr_carea' id='block_1_81' title="bbox 1042 1111 1833 1151">
    <p class='ocr_par' dir='ltr' id='par_1_81' title="bbox 1042 1111 1833 1151">
     <span class='ocr_line' id='line_1_81' title="bbox 1042 1111 1833 1151; baseline -0.004 -10"><span class='ocrx_word' id='word_1_536' title='bbox 1042 1114 1105 1142; x_wconf 88' lang='grc' dir='ltr'>κτὸν</span> <span class='ocrx_word' id='word_1_537' title='bbox 1123 1115 1301 1151; x_wconf 84' lang='grc' dir='ltr'>καταίροντες</span> <span class='ocrx_word' id='word_1_538' title='bbox 1319 1115 1405 1148; x_wconf 74' lang='grc' dir='ltr'>τέλος,</span> <span class='ocrx_word' id='word_1_539' title='bbox 1429 1114 1617 1150; x_wconf 79' lang='grc' dir='ltr'>κεκράξονται,</span> <span class='ocrx_word' id='word_1_540' title='bbox 1641 1114 1686 1140; x_wconf 70' lang='grc' dir='ltr'>καὶ</span> <span class='ocrx_word' id='word_1_541' title='bbox 1703 1111 1833 1139; x_wconf 72' lang='grc' dir='ltr'>ἐπικαλέ-</span> 
     </span>
    </p>
   </div>
   <div class='ocr_carea' id='block_1_82' title="bbox 1043 1158 1832 1197">
    <p class='ocr_par' dir='ltr' id='par_1_82' title="bbox 1043 1158 1832 1197">
     <span class='ocr_line' id='line_1_82' title="bbox 1043 1158 1832 1197; baseline -0.004 -10"><span class='ocrx_word' id='word_1_542' title='bbox 1043 1169 1134 1188; x_wconf 89' lang='grc' dir='ltr'>σονται</span> <span class='ocrx_word' id='word_1_543' title='bbox 1160 1162 1248 1197; x_wconf 82' lang='grc' dir='ltr'>μόλις,</span> <span class='ocrx_word' id='word_1_544' title='bbox 1265 1162 1365 1193; x_wconf 85' lang='grc' dir='ltr'>δειναῖς</span> <span class='ocrx_word' id='word_1_545' title='bbox 1389 1170 1418 1188; x_wconf 84' lang='grc' dir='ltr'><strong>τε</strong></span> <span class='ocrx_word' id='word_1_546' title='bbox 1445 1162 1492 1188; x_wconf 76' lang='grc' dir='ltr'>καὶ</span> <span class='ocrx_word' id='word_1_547' title='bbox 1511 1161 1671 1196; x_wconf 79' lang='grc' dir='ltr'>ἀνηκέστοις</span> <span class='ocrx_word' id='word_1_548' title='bbox 1693 1158 1832 1194; x_wconf 85' lang='grc' dir='ltr'>ἐνολισθή-</span> 
     </span>
    </p>
   </div>
   <div class='ocr_carea' id='block_1_83' title="bbox 1042 1204 1832 1243">
    <p class='ocr_par' dir='ltr' id='par_1_83' title="bbox 1042 1204 1832 1243">
     <span class='ocr_line' id='line_1_83' title="bbox 1042 1204 1832 1243; baseline -0.004 -10"><span class='ocrx_word' id='word_1_549' title='bbox 1042 1215 1138 1238; x_wconf 87' lang='grc' dir='ltr'>σαντες</span> <span class='ocrx_word' id='word_1_550' title='bbox 1156 1209 1320 1243; x_wconf 81' lang='grc' dir='ltr'>συμφοραῖς.</span> <span class='ocrx_word' id='word_1_551' title='bbox 1341 1207 1496 1242; x_wconf 81' lang='grc' dir='ltr'>Σύμϐουλον</span> <span class='ocrx_word' id='word_1_552' title='bbox 1513 1206 1541 1233; x_wconf 76' lang='grc' dir='ltr'>δὲ</span> <span class='ocrx_word' id='word_1_553' title='bbox 1562 1205 1657 1241; x_wconf 84' lang='grc' dir='ltr'>ὥσπερ</span> <span class='ocrx_word' id='word_1_554' title='bbox 1671 1205 1721 1240; x_wconf 84' lang='grc' dir='ltr'>τὴν</span> <span class='ocrx_word' id='word_1_555' title='bbox 1741 1204 1832 1231; x_wconf 82' lang='grc' dir='ltr'>αὐτῶν</span> 
     </span>
    </p>
   </div>
   <div class='ocr_carea' id='block_1_84' title="bbox 1041 1250 1831 1288">
    <p class='ocr_par' dir='ltr' id='par_1_84' title="bbox 1041 1250 1831 1288">
     <span class='ocr_line' id='line_1_84' title="bbox 1041 1250 1831 1288; baseline -0.004 -9"><span class='ocrx_word' id='word_1_556' title='bbox 1041 1253 1094 1279; x_wconf 88' lang='grc' dir='ltr'>τῶν</span> <span class='ocrx_word' id='word_1_557' title='bbox 1113 1252 1208 1279; x_wconf 85' lang='grc' dir='ltr'>δεινῶν</span> <span class='ocrx_word' id='word_1_558' title='bbox 1233 1253 1375 1288; x_wconf 77' lang='grc' dir='ltr'>δεξάμενοι</span> <span class='ocrx_word' id='word_1_559' title='bbox 1399 1254 1508 1288; x_wconf 72' lang='grc' dir='ltr'>πεῖραν,</span> <span class='ocrx_word' id='word_1_560' title='bbox 1530 1252 1750 1287; x_wconf 80' lang='grc' dir='ltr'>κατηγορήσουσι</span> <span class='ocrx_word' id='word_1_561' title='bbox 1773 1250 1831 1277; x_wconf 74' lang='grc' dir='ltr'>τότε</span> 
     </span>
    </p>
   </div>
   <div class='ocr_carea' id='block_1_85' title="bbox 1040 1295 1831 1334">
    <p class='ocr_par' dir='ltr' id='par_1_85' title="bbox 1040 1295 1831 1334">
     <span class='ocr_line' id='line_1_85' title="bbox 1040 1295 1831 1334; baseline -0.003 -10"><span class='ocrx_word' id='word_1_562' title='bbox 1040 1298 1090 1334; x_wconf 84' lang='grc' dir='ltr'>τῆς</span> <span class='ocrx_word' id='word_1_563' title='bbox 1101 1298 1205 1325; x_wconf 82' lang='grc' dir='ltr'>ἑαυτῶν</span> <span class='ocrx_word' id='word_1_564' title='bbox 1220 1298 1358 1334; x_wconf 87' lang='grc' dir='ltr'>εὐηθείας,</span> <span class='ocrx_word' id='word_1_565' title='bbox 1375 1299 1463 1326; x_wconf 76' lang='grc' dir='ltr'>ἐκεῖνό</span> <span class='ocrx_word' id='word_1_566' title='bbox 1477 1307 1527 1325; x_wconf 90' lang='grc' dir='ltr'><strong>που</strong></span> <span class='ocrx_word' id='word_1_567' title='bbox 1540 1298 1676 1333; x_wconf 78' lang='grc' dir='ltr'>λέγοντες,</span> <span class='ocrx_word' id='word_1_568' title='bbox 1691 1307 1700 1323; x_wconf 81' lang='grc' dir='ltr'><strong>ι</strong></span> <span class='ocrx_word' id='word_1_569' title='bbox 1722 1295 1831 1332; x_wconf 82' lang='grc' dir='ltr'>Ἰσραὴλ</span> 
     </span>
    </p>
   </div>
   <div class='ocr_carea' id='block_1_86' title="bbox 1041 1342 1832 1380">
    <p class='ocr_par' dir='ltr' id='par_1_86' title="bbox 1041 1342 1832 1380">
     <span class='ocr_line' id='line_1_86' title="bbox 1041 1342 1832 1380; baseline -0.004 -9"><span class='ocrx_word' id='word_1_570' title='bbox 1041 1345 1230 1380; x_wconf 71' lang='grc' dir='ltr'>ἀπεστρέψατο</span> <span class='ocrx_word' id='word_1_571' title='bbox 1252 1345 1351 1379; x_wconf 77' lang='grc' dir='ltr'>ἀγαθά,</span> <span class='ocrx_word' id='word_1_572' title='bbox 1376 1355 1385 1371; x_wconf 82' lang='grc' dir='ltr'><strong>ι</strong></span> <span class='ocrx_word' id='word_1_573' title='bbox 1411 1344 1485 1377; x_wconf 77' lang='grc' dir='ltr'>Ἐξδν</span> <span class='ocrx_word' id='word_1_574' title='bbox 1511 1344 1566 1380; x_wconf 81' lang='grc' dir='ltr'><strong>γὰρ</strong></span> <span class='ocrx_word' id='word_1_575' title='bbox 1583 1343 1655 1379; x_wconf 79' lang='grc' dir='ltr'>ἔχειν</span> <span class='ocrx_word' id='word_1_576' title='bbox 1676 1343 1756 1375; x_wconf 78' lang='grc' dir='ltr'>αὐτὰ,</span> <span class='ocrx_word' id='word_1_577' title='bbox 1785 1342 1832 1368; x_wconf 68' lang='grc' dir='ltr'><strong>κα)⁸</strong></span> 
     </span>
    </p>
   </div>
   <div class='ocr_carea' id='block_1_87' title="bbox 1040 1388 1831 1426">
    <p class='ocr_par' dir='ltr' id='par_1_87' title="bbox 1040 1388 1831 1426">
     <span class='ocr_line' id='line_1_87' title="bbox 1040 1388 1831 1426; baseline -0.003 -10"><span class='ocrx_word' id='word_1_578' title='bbox 1040 1390 1119 1416; x_wconf 85' lang='grc' dir='ltr'>τοῦτο</span> <span class='ocrx_word' id='word_1_579' title='bbox 1139 1390 1284 1422; x_wconf 82' lang='grc' dir='ltr'>πλουσίως,</span> <span class='ocrx_word' id='word_1_580' title='bbox 1308 1390 1520 1426; x_wconf 77' lang='grc' dir='ltr'>ἐρηρεισμένους</span> <span class='ocrx_word' id='word_1_581' title='bbox 1547 1389 1617 1425; x_wconf 80' lang='grc' dir='ltr'>μετὰ</span> <span class='ocrx_word' id='word_1_582' title='bbox 1633 1388 1712 1421; x_wconf 79' lang='grc' dir='ltr'>Θεοῦ,</span> <span class='ocrx_word' id='word_1_583' title='bbox 1729 1388 1777 1415; x_wconf 75' lang='grc' dir='ltr'>καὶ</span> <span class='ocrx_word' id='word_1_584' title='bbox 1796 1388 1831 1414; x_wconf 75' lang='grc' dir='ltr'>τὰ</span> 
     </span>
    </p>
   </div>
   <div class='ocr_carea' id='block_1_88' title="bbox 1041 1434 1829 1472">
    <p class='ocr_par' dir='ltr' id='par_1_88' title="bbox 1041 1434 1829 1472">
     <span class='ocr_line' id='line_1_88' title="bbox 1041 1434 1829 1472; baseline -0.004 -9"><span class='ocrx_word' id='word_1_585' title='bbox 1041 1436 1115 1472; x_wconf 81' lang='grc' dir='ltr'>αὐτῷ</span> <span class='ocrx_word' id='word_1_586' title='bbox 1124 1436 1254 1463; x_wconf 84' lang='grc' dir='ltr'>δοκοῦντα</span> <span class='ocrx_word' id='word_1_587' title='bbox 1265 1437 1449 1472; x_wconf 84' lang='grc' dir='ltr'>διαπεραίνειν</span> <span class='ocrx_word' id='word_1_588' title='bbox 1462 1434 1491 1463; x_wconf 80' lang='grc' dir='ltr'>εὖ</span> <span class='ocrx_word' id='word_1_589' title='bbox 1505 1435 1578 1471; x_wconf 84' lang='grc' dir='ltr'>μάλα</span> <span class='ocrx_word' id='word_1_590' title='bbox 1588 1434 1829 1468; x_wconf 79' lang='grc' dir='ltr'>διεσπουδακότας,</span> 
     </span>
    </p>
   </div>
   <div class='ocr_carea' id='block_1_89' title="bbox 1043 1481 1830 1517">
    <p class='ocr_par' dir='ltr' id='par_1_89' title="bbox 1043 1481 1830 1517">
     <span class='ocr_line' id='line_1_89' title="bbox 1043 1481 1830 1517; baseline -0.001 -10"><span class='ocrx_word' id='word_1_591' title='bbox 1043 1490 1053 1507; x_wconf 83' lang='grc' dir='ltr'><strong>ι</strong></span> <span class='ocrx_word' id='word_1_592' title='bbox 1065 1481 1177 1517; x_wconf 76' lang='grc' dir='ltr'>Ἐχθρὸν</span> <span class='ocrx_word' id='word_1_593' title='bbox 1191 1482 1383 1515; x_wconf 79' lang='grc' dir='ltr'>κατεδίωξαν,ι</span> <span class='ocrx_word' id='word_1_594' title='bbox 1396 1482 1529 1514; x_wconf 82' lang='grc' dir='ltr'>τουτέστι,</span> <span class='ocrx_word' id='word_1_595' title='bbox 1541 1482 1681 1517; x_wconf 75' lang='grc' dir='ltr'>μονονουχὶ</span> <span class='ocrx_word' id='word_1_596' title='bbox 1695 1481 1742 1507; x_wconf 84' lang='grc' dir='ltr'>καὶ</span> <span class='ocrx_word' id='word_1_597' title='bbox 1754 1481 1830 1507; x_wconf 85' lang='grc' dir='ltr'>ἐκόν-</span> 
     </span>
    </p>
   </div>
   <div class='ocr_carea' id='block_1_90' title="bbox 1040 1527 1831 1565">
    <p class='ocr_par' dir='ltr' id='par_1_90' title="bbox 1040 1527 1831 1565">
     <span class='ocr_line' id='line_1_90' title="bbox 1040 1527 1831 1565; baseline 0.001 -11"><span class='ocrx_word' id='word_1_598' title='bbox 1040 1536 1086 1559; x_wconf 79' lang='grc' dir='ltr'><strong>τες</strong></span> <span class='ocrx_word' id='word_1_599' title='bbox 1102 1528 1179 1554; x_wconf 76' lang='grc' dir='ltr'>αὐτοὶ</span> <span class='ocrx_word' id='word_1_600' title='bbox 1192 1528 1379 1565; x_wconf 81' lang='grc' dir='ltr'>δεδραμήκασι</span> <span class='ocrx_word' id='word_1_601' title='bbox 1396 1529 1464 1564; x_wconf 83' lang='grc' dir='ltr'>πρὸς</span> <span class='ocrx_word' id='word_1_602' title='bbox 1481 1529 1606 1564; x_wconf 79' lang='grc' dir='ltr'>ἐχθροὺς,</span> <span class='ocrx_word' id='word_1_603' title='bbox 1621 1528 1668 1555; x_wconf 80' lang='grc' dir='ltr'>καὶ</span> <span class='ocrx_word' id='word_1_604' title='bbox 1681 1527 1733 1554; x_wconf 84' lang='grc' dir='ltr'>ὑπὸ</span> <span class='ocrx_word' id='word_1_605' title='bbox 1749 1528 1831 1563; x_wconf 65' lang='grc' dir='ltr'>χεῖρα</span> 
     </span>
    </p>
   </div>
   <div class='ocr_carea' id='block_1_91' title="bbox 1039 1575 1828 1611">
    <p class='ocr_par' dir='ltr' id='par_1_91' title="bbox 1039 1575 1828 1611">
     <span class='ocr_line' id='line_1_91' title="bbox 1039 1575 1828 1611; baseline 0.001 -11"><span class='ocrx_word' id='word_1_606' title='bbox 1039 1575 1168 1609; x_wconf 81' lang='grc' dir='ltr'>γεγόνασι</span> <span class='ocrx_word' id='word_1_607' title='bbox 1191 1575 1246 1602; x_wconf 83' lang='grc' dir='ltr'>τῶν</span> <span class='ocrx_word' id='word_1_608' title='bbox 1269 1576 1471 1611; x_wconf 80' lang='grc' dir='ltr'>μεμισηκότων,</span> <span class='ocrx_word' id='word_1_609' title='bbox 1490 1577 1536 1603; x_wconf 87' lang='grc' dir='ltr'><strong>τὸν</strong></span> <span class='ocrx_word' id='word_1_610' title='bbox 1553 1577 1596 1604; x_wconf 76' lang='grc' dir='ltr'><strong>ἀεὶ</strong></span> <span class='ocrx_word' id='word_1_611' title='bbox 1617 1576 1737 1609; x_wconf 72' lang='grc' dir='ltr'>σώζοντα</span> <span class='ocrx_word' id='word_1_612' title='bbox 1751 1575 1828 1608; x_wconf 86' lang='grc' dir='ltr'>Θεὸν,</span> 
     </span>
    </p>
   </div>
   <div class='ocr_carea' id='block_1_92' title="bbox 1039 1622 1830 1658">
    <p class='ocr_par' dir='ltr' id='par_1_92' title="bbox 1039 1622 1830 1658">
     <span class='ocr_line' id='line_1_92' title="bbox 1039 1622 1830 1658; baseline 0 -10"><span class='ocrx_word' id='word_1_613' title='bbox 1039 1622 1084 1648; x_wconf 71' lang='grc' dir='ltr'>καὶ</span> <span class='ocrx_word' id='word_1_614' title='bbox 1099 1622 1228 1656; x_wconf 81' lang='grc' dir='ltr'>ἀμείνους</span> <span class='ocrx_word' id='word_1_615' title='bbox 1248 1622 1357 1649; x_wconf 84' lang='grc' dir='ltr'>τιθέντα</span> <span class='ocrx_word' id='word_1_616' title='bbox 1370 1622 1424 1649; x_wconf 81' lang='grc' dir='ltr'>τῶν</span> <span class='ocrx_word' id='word_1_617' title='bbox 1446 1622 1661 1658; x_wconf 81' lang='grc' dir='ltr'>ἀνθεστηκότων,</span> <span class='ocrx_word' id='word_1_618' title='bbox 1679 1623 1739 1654; x_wconf 83' lang='grc' dir='ltr'>ταῖς</span> <span class='ocrx_word' id='word_1_619' title='bbox 1761 1622 1830 1648; x_wconf 80' lang='grc' dir='ltr'>ἀπο-</span> 
     </span>
    </p>
   </div>
   <div class='ocr_carea' id='block_1_93' title="bbox 1039 1667 1828 1705">
    <p class='ocr_par' dir='ltr' id='par_1_93' title="bbox 1039 1667 1828 1705">
     <span class='ocr_line' id='line_1_93' title="bbox 1039 1667 1828 1705; baseline 0.001 -11"><span class='ocrx_word' id='word_1_620' title='bbox 1039 1668 1162 1698; x_wconf 78' lang='grc' dir='ltr'>στασίαις</span> <span class='ocrx_word' id='word_1_621' title='bbox 1176 1668 1369 1704; x_wconf 82' lang='grc' dir='ltr'>λελυπηκότες.</span> <span class='ocrx_word' id='word_1_622' title='bbox 1399 1669 1541 1703; x_wconf 82' lang='grc' dir='ltr'>Πάνσοφον</span> <span class='ocrx_word' id='word_1_623' title='bbox 1559 1667 1605 1696; x_wconf 83' lang='grc' dir='ltr'>οὖν</span> <span class='ocrx_word' id='word_1_624' title='bbox 1624 1669 1678 1705; x_wconf 78' lang='grc' dir='ltr'>ἄρα</span> <span class='ocrx_word' id='word_1_625' title='bbox 1697 1669 1746 1695; x_wconf 79' lang='grc' dir='ltr'>καὶ</span> <span class='ocrx_word' id='word_1_626' title='bbox 1765 1669 1828 1704; x_wconf 87' lang='grc' dir='ltr'>ὀνη-</span> 
     </span>
    </p>
   </div>
   <div class='ocr_carea' id='block_1_94' title="bbox 1040 1713 1830 1750">
    <p class='ocr_par' dir='ltr' id='par_1_94' title="bbox 1040 1713 1830 1750">
     <span class='ocr_line' id='line_1_94' title="bbox 1040 1713 1830 1750; baseline 0.001 -11"><span class='ocrx_word' id='word_1_627' title='bbox 1040 1713 1099 1748; x_wconf 74' lang='grc' dir='ltr'>σιιρό</span> <span class='ocrx_word' id='word_1_628' title='bbox 1104 1722 1148 1748; x_wconf 86' lang='grc' dir='ltr'><strong>ρον</strong></span> <span class='ocrx_word' id='word_1_629' title='bbox 1157 1713 1275 1748; x_wconf 82' lang='grc' dir='ltr'>ἀληθῶς,</span> <span class='ocrx_word' id='word_1_630' title='bbox 1289 1715 1318 1741; x_wconf 88' lang='grc' dir='ltr'><strong>τὸ</strong></span> <span class='ocrx_word' id='word_1_631' title='bbox 1331 1715 1368 1749; x_wconf 80' lang='grc' dir='ltr'>μὴ</span> <span class='ocrx_word' id='word_1_632' title='bbox 1378 1714 1426 1749; x_wconf 85' lang='grc' dir='ltr'>τὴν</span> <span class='ocrx_word' id='word_1_633' title='bbox 1435 1714 1490 1741; x_wconf 86' lang='grc' dir='ltr'>τῶν</span> <span class='ocrx_word' id='word_1_634' title='bbox 1500 1714 1593 1741; x_wconf 79' lang='grc' dir='ltr'>δεινῶν</span> <span class='ocrx_word' id='word_1_635' title='bbox 1603 1713 1759 1750; x_wconf 81' lang='grc' dir='ltr'>ἐκδέχεσθαι</span> <span class='ocrx_word' id='word_1_636' title='bbox 1775 1715 1830 1740; x_wconf 83' lang='grc' dir='ltr'>πεῖ-</span> 
     </span>
    </p>
   </div>
   <div class='ocr_carea' id='block_1_95' title="bbox 1040 1759 1830 1795">
    <p class='ocr_par' dir='ltr' id='par_1_95' title="bbox 1040 1759 1830 1795">
     <span class='ocr_line' id='line_1_95' title="bbox 1040 1759 1830 1795; baseline 0.001 -10"><span class='ocrx_word' id='word_1_637' title='bbox 1040 1767 1104 1794; x_wconf 81' lang='grc' dir='ltr'>ραν’</span> <span class='ocrx_word' id='word_1_638' title='bbox 1118 1759 1309 1795; x_wconf 82' lang='grc' dir='ltr'>παραιτεῖσθαι</span> <span class='ocrx_word' id='word_1_639' title='bbox 1332 1759 1360 1786; x_wconf 82' lang='grc' dir='ltr'>δὲ</span> <span class='ocrx_word' id='word_1_640' title='bbox 1384 1759 1484 1795; x_wconf 78' lang='grc' dir='ltr'>μᾶλλον</span> <span class='ocrx_word' id='word_1_641' title='bbox 1505 1760 1628 1787; x_wconf 81' lang='grc' dir='ltr'>ἀποῦσαν</span> <span class='ocrx_word' id='word_1_642' title='bbox 1641 1759 1693 1791; x_wconf 74' lang='grc' dir='ltr'>ἔτι,</span> <span class='ocrx_word' id='word_1_643' title='bbox 1713 1760 1761 1786; x_wconf 73' lang='grc' dir='ltr'>καὶ</span> <span class='ocrx_word' id='word_1_644' title='bbox 1777 1760 1830 1795; x_wconf 83' lang='grc' dir='ltr'><strong>πρὸ</strong></span> 
     </span>
    </p>
   </div>
   <div class='ocr_carea' id='block_1_96' title="bbox 1038 1804 1676 1841">
    <p class='ocr_par' dir='ltr' id='par_1_96' title="bbox 1038 1804 1676 1841">
     <span class='ocr_line' id='line_1_96' title="bbox 1038 1804 1676 1841; baseline 0.003 -11"><span class='ocrx_word' id='word_1_645' title='bbox 1038 1804 1121 1839; x_wconf 86' lang='grc' dir='ltr'>αὐτῆς</span> <span class='ocrx_word' id='word_1_646' title='bbox 1139 1805 1297 1839; x_wconf 74' lang='grc' dir='ltr'>ἐπείγεσθαι</span> <span class='ocrx_word' id='word_1_647' title='bbox 1317 1805 1463 1840; x_wconf 83' lang='grc' dir='ltr'>καταθρεῖν</span> <span class='ocrx_word' id='word_1_648' title='bbox 1480 1805 1510 1832; x_wconf 86' lang='grc' dir='ltr'><strong>τὸ</strong></span> <span class='ocrx_word' id='word_1_649' title='bbox 1528 1806 1676 1841; x_wconf 78' lang='grc' dir='ltr'>συμφέρον.</span> 
     </span>
    </p>
   </div>
   <div class='ocr_carea' id='block_1_97' title="bbox 1078 1891 1827 1927">
    <p class='ocr_par' dir='ltr' id='par_1_97' title="bbox 1078 1891 1827 1927">
     <span class='ocr_line' id='line_1_97' title="bbox 1078 1891 1827 1927; baseline 0 -8"><span class='ocrx_word' id='word_1_650' title='bbox 1078 1891 1214 1925; x_wconf 80' lang='grc' dir='ltr'>Ἐαυτοῖς</span> <span class='ocrx_word' id='word_1_651' title='bbox 1227 1892 1441 1924; x_wconf 71' lang='grc' dir='ltr'>ἐϐασίλευσαν,</span> <span class='ocrx_word' id='word_1_652' title='bbox 1458 1892 1506 1919; x_wconf 78' lang='grc' dir='ltr'>καὶ</span> <span class='ocrx_word' id='word_1_653' title='bbox 1522 1894 1558 1919; x_wconf 83' lang='grc' dir='ltr'><strong>οὐ</strong></span> <span class='ocrx_word' id='word_1_654' title='bbox 1581 1892 1616 1919; x_wconf 78' lang='grc' dir='ltr'>δι’</span> <span class='ocrx_word' id='word_1_655' title='bbox 1632 1893 1706 1927; x_wconf 81' lang='grc' dir='ltr'>ἐμοῦ</span> <span class='ocrx_word' id='word_1_656' title='bbox 1720 1891 1827 1927; x_wconf 71' lang='grc' dir='ltr'>ἦρξαν,</span> 
     </span>
    </p>
   </div>
   <div class='ocr_carea' id='block_1_98' title="bbox 1037 1937 1828 1972">
    <p class='ocr_par' dir='ltr' id='par_1_98' title="bbox 1037 1937 1828 1972">
     <span class='ocr_line' id='line_1_98' title="bbox 1037 1937 1828 1972; baseline -0.001 -8"><span class='ocrx_word' id='word_1_657' title='bbox 1037 1937 1087 1964; x_wconf 78' lang='grc' dir='ltr'><strong>καί</strong></span> <span class='ocrx_word' id='word_1_658' title='bbox 1102 1938 1157 1964; x_wconf 77' lang='grc' dir='ltr'><strong>οὐκ</strong></span> <span class='ocrx_word' id='word_1_659' title='bbox 1174 1937 1340 1972; x_wconf 65' lang='grc' dir='ltr'>ἐγνώρισάν</span> <span class='ocrx_word' id='word_1_660' title='bbox 1354 1946 1417 1972; x_wconf 82' lang='grc' dir='ltr'>μοι.</span> <span class='ocrx_word' id='word_1_661' title='bbox 1446 1937 1481 1966; x_wconf 86' lang='grc' dir='ltr'>Τὸ</span> <span class='ocrx_word' id='word_1_662' title='bbox 1506 1938 1647 1972; x_wconf 76' lang='grc' dir='ltr'>ἀργύριον</span> <span class='ocrx_word' id='word_1_663' title='bbox 1667 1937 1767 1964; x_wconf 82' lang='grc' dir='ltr'>αὐτῶν</span> <span class='ocrx_word' id='word_1_664' title='bbox 1779 1938 1828 1964; x_wconf 82' lang='grc' dir='ltr'><strong>καί</strong></span> 
     </span>
    </p>
   </div>
   <div class='ocr_carea' id='block_1_99' title="bbox 1037 1983 1828 2018">
    <p class='ocr_par' dir='ltr' id='par_1_99' title="bbox 1037 1983 1828 2018">
     <span class='ocr_line' id='line_1_99' title="bbox 1037 1983 1828 2018; baseline -0.001 -8"><span class='ocrx_word' id='word_1_665' title='bbox 1037 1984 1070 2010; x_wconf 84' lang='grc' dir='ltr'><strong>τὸ</strong></span> <span class='ocrx_word' id='word_1_666' title='bbox 1085 1985 1215 2018; x_wconf 80' lang='grc' dir='ltr'>χρυσίον</span> <span class='ocrx_word' id='word_1_667' title='bbox 1224 1983 1323 2011; x_wconf 83' lang='grc' dir='ltr'>αὐτῶν</span> <span class='ocrx_word' id='word_1_668' title='bbox 1334 1984 1482 2018; x_wconf 79' lang='grc' dir='ltr'>ἐποίησαν</span> <span class='ocrx_word' id='word_1_669' title='bbox 1497 1983 1599 2016; x_wconf 81' lang='grc' dir='ltr'>αὐτοῖς</span> <span class='ocrx_word' id='word_1_670' title='bbox 1613 1983 1733 2015; x_wconf 74' lang='grc' dir='ltr'>εἴδωλα,</span> <span class='ocrx_word' id='word_1_671' title='bbox 1748 1983 1828 2015; x_wconf 78' lang='grc' dir='ltr'>ὅπως</span> 
     </span>
    </p>
   </div>
   <div class='ocr_carea' id='block_1_100' title="bbox 1038 2029 1304 2063">
    <p class='ocr_par' dir='ltr' id='par_1_100' title="bbox 1038 2029 1304 2063">
     <span class='ocr_line' id='line_1_100' title="bbox 1038 2029 1304 2063; baseline 0.004 -7"><span class='ocrx_word' id='word_1_672' title='bbox 1038 2029 1304 2063; x_wconf 81' lang='grc' dir='ltr'>ἐξολοθρευθῶσιν.</span> 
     </span>
    </p>
   </div>
   <div class='ocr_carea' id='block_1_101' title="bbox 1072 2074 1827 2112">
    <p class='ocr_par' dir='ltr' id='par_1_101' title="bbox 1072 2074 1827 2112">
     <span class='ocr_line' id='line_1_101' title="bbox 1072 2074 1827 2112; baseline -0.003 -10"><span class='ocrx_word' id='word_1_673' title='bbox 1072 2075 1134 2102; x_wconf 83' lang='grc' dir='ltr'><strong>ΠΖ’.</strong></span> <span class='ocrx_word' id='word_1_674' title='bbox 1158 2076 1292 2111; x_wconf 74' lang='grc' dir='ltr'>Ἀρνεῖται</span> <span class='ocrx_word' id='word_1_675' title='bbox 1315 2076 1364 2112; x_wconf 87' lang='grc' dir='ltr'>τὴν</span> <span class='ocrx_word' id='word_1_676' title='bbox 1389 2075 1527 2111; x_wconf 86' lang='grc' dir='ltr'>βασιλείαν</span> <span class='ocrx_word' id='word_1_677' title='bbox 1552 2076 1602 2111; x_wconf 84' lang='grc' dir='ltr'>τήν</span> <span class='ocrx_word' id='word_1_678' title='bbox 1623 2083 1652 2102; x_wconf 80' lang='grc' dir='ltr'><strong>τε</strong></span> <span class='ocrx_word' id='word_1_679' title='bbox 1674 2075 1722 2102; x_wconf 83' lang='grc' dir='ltr'><strong>τοῦ</strong></span> <span class='ocrx_word' id='word_1_680' title='bbox 1742 2074 1827 2109; x_wconf 82' lang='grc' dir='ltr'>Ἰερο-</span> 
     </span>
    </p>
   </div>
   <div class='ocr_carea' id='block_1_102' title="bbox 1037 2120 1826 2158">
    <p class='ocr_par' dir='ltr' id='par_1_102' title="bbox 1037 2120 1826 2158">
     <span class='ocr_line' id='line_1_102' title="bbox 1037 2120 1826 2158; baseline -0.001 -11"><span class='ocrx_word' id='word_1_681' title='bbox 1037 2121 1120 2156; x_wconf 80' lang='grc' dir='ltr'>6οὰμ,</span> <span class='ocrx_word' id='word_1_682' title='bbox 1129 2121 1176 2148; x_wconf 71' lang='grc' dir='ltr'>καὶ</span> <span class='ocrx_word' id='word_1_683' title='bbox 1182 2121 1236 2148; x_wconf 80' lang='grc' dir='ltr'>τῶν</span> <span class='ocrx_word' id='word_1_684' title='bbox 1244 2122 1361 2157; x_wconf 78' lang='grc' dir='ltr'>καθεξῆς</span> <span class='ocrx_word' id='word_1_685' title='bbox 1369 2123 1600 2158; x_wconf 76' lang='grc' dir='ltr'>βεὸασιλευκότων</span> <span class='ocrx_word' id='word_1_686' title='bbox 1608 2121 1654 2148; x_wconf 74' lang='grc' dir='ltr'><strong>ἐπὶ</strong></span> <span class='ocrx_word' id='word_1_687' title='bbox 1661 2121 1705 2148; x_wconf 72' lang='grc' dir='ltr'><strong>τὸν</strong></span> <span class='ocrx_word' id='word_1_688' title='bbox 1718 2122 1735 2148; x_wconf 89' lang='grc' dir='ltr'>Ί</span> <span class='ocrx_word' id='word_1_689' title='bbox 1740 2120 1826 2157; x_wconf 54' lang='grc' dir='ltr'>σρὶιὴλ</span> 
     </span>
    </p>
   </div>
   <div class='ocr_carea' id='block_1_103' title="bbox 1037 2166 1825 2205">
    <p class='ocr_par' dir='ltr' id='par_1_103' title="bbox 1037 2166 1825 2205">
     <span class='ocr_line' id='line_1_103' title="bbox 1037 2166 1825 2205; baseline 0 -12"><span class='ocrx_word' id='word_1_690' title='bbox 1037 2168 1065 2193; x_wconf 87' lang='grc' dir='ltr'><strong>ἐν</strong></span> <span class='ocrx_word' id='word_1_691' title='bbox 1086 2168 1118 2202; x_wconf 83' lang='grc' dir='ltr'>τῇ</span> <span class='ocrx_word' id='word_1_692' title='bbox 1142 2167 1294 2204; x_wconf 82' lang='grc' dir='ltr'>Σαμαρείᾳ,</span> <span class='ocrx_word' id='word_1_693' title='bbox 1321 2168 1408 2196; x_wconf 87' lang='grc' dir='ltr'>καίτοι</span> <span class='ocrx_word' id='word_1_694' title='bbox 1423 2168 1569 2205; x_wconf 80' lang='grc' dir='ltr'>διαρρήδην</span> <span class='ocrx_word' id='word_1_695' title='bbox 1586 2167 1667 2199; x_wconf 78' lang='grc' dir='ltr'>αὐτὸς</span> <span class='ocrx_word' id='word_1_696' title='bbox 1693 2166 1825 2203; x_wconf 67' lang='grc' dir='ltr'>εἰρηκὼς,</span> 
     </span>
    </p>
   </div>
   <div class='ocr_carea' id='block_1_104' title="bbox 1037 2212 1826 2249">
    <p class='ocr_par' dir='ltr' id='par_1_104' title="bbox 1037 2212 1826 2249">
     <span class='ocr_line' id='line_1_104' title="bbox 1037 2212 1826 2249; baseline 0 -11"><span class='ocrx_word' id='word_1_697' title='bbox 1037 2212 1078 2238; x_wconf 81' lang='grc' dir='ltr'>ὅτι</span> <span class='ocrx_word' id='word_1_698' title='bbox 1096 2222 1105 2237; x_wconf 89' lang='grc' dir='ltr'><strong>ι</strong></span> <span class='ocrx_word' id='word_1_699' title='bbox 1125 2213 1194 2248; x_wconf 74' lang='grc' dir='ltr'>Παρ*</span> <span class='ocrx_word' id='word_1_700' title='bbox 1211 2213 1278 2247; x_wconf 78' lang='grc' dir='ltr'>ἐμοῦ</span> <span class='ocrx_word' id='word_1_701' title='bbox 1295 2213 1389 2248; x_wconf 81' lang='grc' dir='ltr'>γέγονε</span> <span class='ocrx_word' id='word_1_702' title='bbox 1402 2214 1431 2241; x_wconf 81' lang='grc' dir='ltr'><strong>τὸ</strong></span> <span class='ocrx_word' id='word_1_703' title='bbox 1443 2214 1519 2249; x_wconf 78' lang='grc' dir='ltr'>ῥῆμα</span> <span class='ocrx_word' id='word_1_704' title='bbox 1532 2213 1625 2240; x_wconf 82' lang='grc' dir='ltr'>τοῦτο·</span> <span class='ocrx_word' id='word_1_705' title='bbox 1646 2221 1655 2239; x_wconf 79' lang='grc' dir='ltr'><strong>ι</strong></span> <span class='ocrx_word' id='word_1_706' title='bbox 1673 2212 1826 2247; x_wconf 80' lang='grc' dir='ltr'>ἀπειλήσας</span> 
     </span>
    </p>
   </div>
   <div class='ocr_carea' id='block_1_105' title="bbox 1036 2256 1826 2293">
    <p class='ocr_par' dir='ltr' id='par_1_105' title="bbox 1036 2256 1826 2293">
     <span class='ocr_line' id='line_1_105' title="bbox 1036 2256 1826 2293; baseline 0 -10"><span class='ocrx_word' id='word_1_707' title='bbox 1036 2256 1064 2283; x_wconf 84' lang='grc' dir='ltr'>δὲ</span> <span class='ocrx_word' id='word_1_708' title='bbox 1081 2257 1128 2284; x_wconf 79' lang='grc' dir='ltr'>καὶ</span> <span class='ocrx_word' id='word_1_709' title='bbox 1141 2256 1213 2292; x_wconf 85' lang='grc' dir='ltr'><strong>αὑτῷ</strong></span> <span class='ocrx_word' id='word_1_710' title='bbox 1228 2257 1363 2293; x_wconf 85' lang='grc' dir='ltr'>Σολομῶνι</span> <span class='ocrx_word' id='word_1_711' title='bbox 1379 2259 1439 2290; x_wconf 85' lang='grc' dir='ltr'>ταῖς</span> <span class='ocrx_word' id='word_1_712' title='bbox 1451 2258 1505 2284; x_wconf 87' lang='grc' dir='ltr'>τῶν</span> <span class='ocrx_word' id='word_1_713' title='bbox 1519 2257 1675 2292; x_wconf 83' lang='grc' dir='ltr'>ἀλλοφύλων</span> <span class='ocrx_word' id='word_1_714' title='bbox 1688 2257 1826 2291; x_wconf 83' lang='grc' dir='ltr'>γυναικῶν</span> 
     </span>
    </p>
   </div>
   <div class='ocr_carea' id='block_1_106' title="bbox 1033 2303 1827 2339">
    <p class='ocr_par' dir='ltr' id='par_1_106' title="bbox 1033 2303 1827 2339">
     <span class='ocr_line' id='line_1_106' title="bbox 1033 2303 1827 2339; baseline 0.001 -10"><span class='ocrx_word' id='word_1_715' title='bbox 1033 2303 1408 2339; x_wconf 60' lang='grc' dir='ltr'>ἀκολουθήσαντιιγνώμαις,</span> <span class='ocrx_word' id='word_1_716' title='bbox 1435 2304 1482 2331; x_wconf 71' lang='grc' dir='ltr'>καὶ</span> <span class='ocrx_word' id='word_1_717' title='bbox 1508 2305 1608 2339; x_wconf 79' lang='grc' dir='ltr'>τεμένη</span> <span class='ocrx_word' id='word_1_718' title='bbox 1640 2304 1686 2331; x_wconf 71' lang='grc' dir='ltr'>καὶ</span> <span class='ocrx_word' id='word_1_719' title='bbox 1717 2303 1827 2339; x_wconf 69' lang='grc' dir='ltr'>βωμοὺς</span> 
     </span>
    </p>
   </div>
   <div class='ocr_carea' id='block_1_107' title="bbox 1033 2349 1828 2385">
    <p class='ocr_par' dir='ltr' id='par_1_107' title="bbox 1033 2349 1828 2385">
     <span class='ocr_line' id='line_1_107' title="bbox 1033 2349 1828 2385; baseline 0.001 -10"><span class='ocrx_word' id='word_1_720' title='bbox 1033 2350 1088 2381; x_wconf 87' lang='grc' dir='ltr'>τοῖς</span> <span class='ocrx_word' id='word_1_721' title='bbox 1111 2349 1222 2376; x_wconf 78' lang='grc' dir='ltr'>ἐκείνων</span> <span class='ocrx_word' id='word_1_722' title='bbox 1247 2349 1416 2385; x_wconf 75' lang='grc' dir='ltr'>σεῦάσμασιν</span> <span class='ocrx_word' id='word_1_723' title='bbox 1440 2350 1635 2382; x_wconf 82' lang='grc' dir='ltr'>ἀνατεθεικότι,</span> <span class='ocrx_word' id='word_1_724' title='bbox 1662 2350 1704 2376; x_wconf 85' lang='grc' dir='ltr'>ὅτι</span> <span class='ocrx_word' id='word_1_725' title='bbox 1721 2359 1730 2375; x_wconf 86' lang='grc' dir='ltr'><strong>ι</strong></span> <span class='ocrx_word' id='word_1_726' title='bbox 1749 2350 1828 2384; x_wconf 82' lang='grc' dir='ltr'>Διαῤ-</span> 
     </span>
    </p>
   </div>
   <div class='ocr_carea' id='block_1_108' title="bbox 1034 2390 1828 2431">
    <p class='ocr_par' dir='ltr' id='par_1_108' title="bbox 1034 2390 1828 2431">
     <span class='ocr_line' id='line_1_108' title="bbox 1034 2390 1828 2431; baseline 0 -10"><span class='ocrx_word' id='word_1_727' title='bbox 1034 2394 1109 2430; x_wconf 79' lang='grc' dir='ltr'><strong>ῥήξω</strong></span> <span class='ocrx_word' id='word_1_728' title='bbox 1129 2395 1179 2430; x_wconf 81' lang='grc' dir='ltr'>τὴν</span> <span class='ocrx_word' id='word_1_729' title='bbox 1195 2390 1333 2430; x_wconf 78' lang='grc' dir='ltr'>βασιλείαν</span> <span class='ocrx_word' id='word_1_730' title='bbox 1354 2404 1412 2428; x_wconf 84' lang='grc' dir='ltr'>σου,</span> <span class='ocrx_word' id='word_1_731' title='bbox 1426 2397 1471 2424; x_wconf 73' lang='grc' dir='ltr'>καὶ</span> <span class='ocrx_word' id='word_1_732' title='bbox 1488 2396 1566 2423; x_wconf 82' lang='grc' dir='ltr'>δώσω</span> <span class='ocrx_word' id='word_1_733' title='bbox 1587 2395 1671 2431; x_wconf 81' lang='grc' dir='ltr'>αὐτὴν</span> <span class='ocrx_word' id='word_1_734' title='bbox 1687 2395 1727 2431; x_wconf 78' lang='grc' dir='ltr'>τῷ</span> <span class='ocrx_word' id='word_1_735' title='bbox 1741 2395 1828 2431; x_wconf 84' lang='grc' dir='ltr'>δούλῳ</span> 
     </span>
    </p>
   </div>
   <div class='ocr_carea' id='block_1_109' title="bbox 1034 2439 1826 2479">
    <p class='ocr_par' dir='ltr' id='par_1_109' title="bbox 1034 2439 1826 2479">
     <span class='ocr_line' id='line_1_109' title="bbox 1034 2439 1826 2479; baseline 0.001 -12"><span class='ocrx_word' id='word_1_736' title='bbox 1034 2450 1092 2468; x_wconf 89' lang='grc' dir='ltr'>σου.</span> <span class='ocrx_word' id='word_1_737' title='bbox 1108 2451 1117 2467; x_wconf 79' lang='grc' dir='ltr'><strong>ι</strong></span> <span class='ocrx_word' id='word_1_738' title='bbox 1133 2442 1166 2468; x_wconf 89' lang='grc' dir='ltr'>Τί</span> <span class='ocrx_word' id='word_1_739' title='bbox 1179 2439 1226 2469; x_wconf 75' lang='grc' dir='ltr'>οὖν</span> <span class='ocrx_word' id='word_1_740' title='bbox 1236 2443 1369 2478; x_wconf 80' lang='grc' dir='ltr'>ἐροῦμεν;</span> <span class='ocrx_word' id='word_1_741' title='bbox 1385 2443 1520 2479; x_wconf 75' lang='grc' dir='ltr'>ψευδοεπῆ</span> <span class='ocrx_word' id='word_1_742' title='bbox 1535 2443 1580 2470; x_wconf 86' lang='grc' dir='ltr'><strong>τὸν</strong></span> <span class='ocrx_word' id='word_1_743' title='bbox 1591 2442 1644 2469; x_wconf 81' lang='grc' dir='ltr'>τῶν</span> <span class='ocrx_word' id='word_1_744' title='bbox 1655 2442 1724 2469; x_wconf 79' lang='grc' dir='ltr'>ὅλων</span> <span class='ocrx_word' id='word_1_745' title='bbox 1739 2442 1807 2468; x_wconf 80' lang='grc' dir='ltr'>Θεόν</span> <span class='ocrx_word' id='word_1_746' title='bbox 1820 2452 1826 2473; x_wconf 89' lang='grc'>;</span> 
     </span>
    </p>
   </div>
   <div class='ocr_carea' id='block_1_110' title="bbox 1034 2487 1827 2523">
    <p class='ocr_par' dir='ltr' id='par_1_110' title="bbox 1034 2487 1827 2523">
     <span class='ocr_line' id='line_1_110' title="bbox 1034 2487 1827 2523; baseline 0 -10"><span class='ocrx_word' id='word_1_747' title='bbox 1034 2487 1079 2523; x_wconf 79' lang='grc' dir='ltr'><strong>Μὴ</strong></span> <span class='ocrx_word' id='word_1_748' title='bbox 1094 2487 1214 2521; x_wconf 84' lang='grc' dir='ltr'>γένοιτο·</span> <span class='ocrx_word' id='word_1_749' title='bbox 1230 2487 1420 2523; x_wconf 71' lang='grc' dir='ltr'>τετραψόμεθα</span> <span class='ocrx_word' id='word_1_750' title='bbox 1437 2488 1465 2514; x_wconf 83' lang='grc' dir='ltr'>δὲ</span> <span class='ocrx_word' id='word_1_751' title='bbox 1490 2487 1590 2522; x_wconf 74' lang='grc' dir='ltr'>μᾶλλον</span> <span class='ocrx_word' id='word_1_752' title='bbox 1604 2488 1651 2514; x_wconf 82' lang='grc' dir='ltr'>ἐπὶ</span> <span class='ocrx_word' id='word_1_753' title='bbox 1673 2487 1704 2514; x_wconf 82' lang='grc' dir='ltr'><strong>τὸ</strong></span> <span class='ocrx_word' id='word_1_754' title='bbox 1726 2488 1827 2522; x_wconf 82' lang='grc' dir='ltr'>χρῆναι</span> 
     </span>
    </p>
   </div>
   <div class='ocr_carea' id='block_1_111' title="bbox 1034 2534 1826 2570">
    <p class='ocr_par' dir='ltr' id='par_1_111' title="bbox 1034 2534 1826 2570">
     <span class='ocr_line' id='line_1_111' title="bbox 1034 2534 1826 2570; baseline -0.001 -10"><span class='ocrx_word' id='word_1_755' title='bbox 1034 2534 1142 2568; x_wconf 79' lang='grc' dir='ltr'>φρονεῖν</span> <span class='ocrx_word' id='word_1_756' title='bbox 1173 2534 1271 2569; x_wconf 84' lang='grc' dir='ltr'>ὀρθῶς,</span> <span class='ocrx_word' id='word_1_757' title='bbox 1303 2534 1492 2570; x_wconf 80' lang='grc' dir='ltr'>περινοοῦντες</span> <span class='ocrx_word' id='word_1_758' title='bbox 1520 2534 1618 2561; x_wconf 84' lang='grc' dir='ltr'>ἐκεῖνο.</span> <span class='ocrx_word' id='word_1_759' title='bbox 1647 2534 1826 2568; x_wconf 84' lang='grc' dir='ltr'>Γέγραπται,</span> 
     </span>
    </p>
   </div>
   <div class='ocr_carea' id='block_1_112' title="bbox 1035 2579 1823 2615">
    <p class='ocr_par' dir='ltr' id='par_1_112' title="bbox 1035 2579 1823 2615">
     <span class='ocr_line' id='line_1_112' title="bbox 1035 2579 1823 2615; baseline -0.001 -10"><span class='ocrx_word' id='word_1_760' title='bbox 1035 2588 1044 2604; x_wconf 83' lang='grc' dir='ltr'><strong>ι</strong></span> <span class='ocrx_word' id='word_1_761' title='bbox 1062 2579 1107 2614; x_wconf 85' lang='grc' dir='ltr'><strong>Μή</strong></span> <span class='ocrx_word' id='word_1_762' title='bbox 1124 2580 1181 2606; x_wconf 86' lang='grc' dir='ltr'>ἐστι</span> <span class='ocrx_word' id='word_1_763' title='bbox 1193 2580 1277 2606; x_wconf 87' lang='grc' dir='ltr'>κακία</span> <span class='ocrx_word' id='word_1_764' title='bbox 1292 2580 1321 2606; x_wconf 91' lang='grc' dir='ltr'><strong>ἐν</strong></span> <span class='ocrx_word' id='word_1_765' title='bbox 1333 2580 1419 2611; x_wconf 86' lang='grc' dir='ltr'>πόλει,</span> <span class='ocrx_word' id='word_1_766' title='bbox 1436 2580 1469 2615; x_wconf 83' lang='grc' dir='ltr'>ἢν</span> <span class='ocrx_word' id='word_1_767' title='bbox 1483 2579 1585 2615; x_wconf 85' lang='grc' dir='ltr'>Κύριος</span> <span class='ocrx_word' id='word_1_768' title='bbox 1597 2579 1647 2606; x_wconf 83' lang='grc' dir='ltr'><strong>οὐκ</strong></span> <span class='ocrx_word' id='word_1_769' title='bbox 1663 2579 1795 2615; x_wconf 57' lang='lat' dir='ltr'><strong>statuae;</strong></span> <span class='ocrx_word' id='word_1_770' title='bbox 1815 2589 1823 2604; x_wconf 84' lang='grc' dir='ltr'><strong>ι</strong></span> 
     </span>
    </p>
   </div>
   <div class='ocr_carea' id='block_1_113' title="bbox 1032 2625 1814 2662">
    <p class='ocr_par' dir='ltr' id='par_1_113' title="bbox 1032 2625 1814 2662">
     <span class='ocr_line' id='line_1_113' title="bbox 1032 2625 1814 2662; baseline 0 -11"><span class='ocrx_word' id='word_1_771' title='bbox 1032 2625 1138 2652; x_wconf 81' lang='grc' dir='ltr'>Κακίαν</span> <span class='ocrx_word' id='word_1_772' title='bbox 1146 2625 1174 2652; x_wconf 82' lang='grc' dir='ltr'>δὲ</span> <span class='ocrx_word' id='word_1_773' title='bbox 1187 2626 1261 2660; x_wconf 84' lang='grc' dir='ltr'>λέγει</span> <span class='ocrx_word' id='word_1_774' title='bbox 1274 2626 1322 2662; x_wconf 80' lang='grc' dir='ltr'>τὴν</span> <span class='ocrx_word' id='word_1_775' title='bbox 1337 2627 1468 2654; x_wconf 84' lang='grc' dir='ltr'>κάκωσιν.</span> <span class='ocrx_word' id='word_1_776' title='bbox 1483 2626 1522 2653; x_wconf 83' lang='grc' dir='ltr'><strong>Τὰ</strong></span> <span class='ocrx_word' id='word_1_777' title='bbox 1537 2626 1587 2661; x_wconf 73' lang='grc' dir='ltr'>μὲν</span> <span class='ocrx_word' id='word_1_778' title='bbox 1600 2625 1654 2661; x_wconf 85' lang='grc' dir='ltr'><strong>γὰρ</strong></span> <span class='ocrx_word' id='word_1_779' title='bbox 1667 2625 1723 2652; x_wconf 81' lang='grc' dir='ltr'>τῶν</span> <span class='ocrx_word' id='word_1_780' title='bbox 1738 2634 1814 2660; x_wconf 80' lang='grc' dir='ltr'>πραγ</span> 
     </span>
    </p>
   </div>
   <div class='ocr_carea' id='block_1_114' title="bbox 1035 2671 1824 2708">
    <p class='ocr_par' dir='ltr' id='par_1_114' title="bbox 1035 2671 1824 2708">
     <span class='ocr_line' id='line_1_114' title="bbox 1035 2671 1824 2708; baseline -0.001 -10"><span class='ocrx_word' id='word_1_781' title='bbox 1035 2672 1127 2706; x_wconf 83' lang='grc' dir='ltr'>μάτων</span> <span class='ocrx_word' id='word_1_782' title='bbox 1142 2673 1222 2704; x_wconf 81' lang='grc' dir='ltr'>αὐτὸς</span> <span class='ocrx_word' id='word_1_783' title='bbox 1241 2673 1300 2700; x_wconf 80' lang='grc' dir='ltr'>κατ’</span> <span class='ocrx_word' id='word_1_784' title='bbox 1315 2673 1383 2700; x_wconf 76' lang='grc' dir='ltr'>ἰδίαν</span> <span class='ocrx_word' id='word_1_785' title='bbox 1397 2673 1544 2708; x_wconf 74' lang='grc' dir='ltr'>ἐργάζεται</span> <span class='ocrx_word' id='word_1_786' title='bbox 1558 2671 1682 2707; x_wconf 82' lang='grc' dir='ltr'>γνώμην.</span> <span class='ocrx_word' id='word_1_787' title='bbox 1693 2672 1728 2698; x_wconf 75' lang='grc' dir='ltr'>τὰ</span> <span class='ocrx_word' id='word_1_788' title='bbox 1739 2672 1767 2698; x_wconf 82' lang='grc' dir='ltr'>δὲ</span> <span class='ocrx_word' id='word_1_789' title='bbox 1779 2672 1824 2698; x_wconf 74' lang='grc' dir='ltr'>καὶ</span> 
     </span>
    </p>
   </div>
   <div class='ocr_carea' id='block_1_115' title="bbox 1033 2717 1824 2755">
    <p class='ocr_par' dir='ltr' id='par_1_115' title="bbox 1033 2717 1824 2755">
     <span class='ocr_line' id='line_1_115' title="bbox 1033 2717 1824 2755; baseline -0.001 -11"><span class='ocrx_word' id='word_1_790' title='bbox 1033 2718 1155 2751; x_wconf 69' lang='grc' dir='ltr'>γίνεσθαι</span> <span class='ocrx_word' id='word_1_791' title='bbox 1173 2720 1320 2755; x_wconf 83' lang='grc' dir='ltr'>συγχωρεῖ,</span> <span class='ocrx_word' id='word_1_792' title='bbox 1337 2719 1458 2750; x_wconf 72' lang='grc' dir='ltr'>κολάζων</span> <span class='ocrx_word' id='word_1_793' title='bbox 1473 2718 1560 2750; x_wconf 73' lang='grc' dir='ltr'>τινὰς,</span> <span class='ocrx_word' id='word_1_794' title='bbox 1579 2719 1629 2745; x_wconf 83' lang='grc' dir='ltr'>κᾶν</span> <span class='ocrx_word' id='word_1_795' title='bbox 1641 2719 1665 2744; x_wconf 89' lang='grc' dir='ltr'><strong>εί</strong></span> <span class='ocrx_word' id='word_1_796' title='bbox 1680 2717 1824 2753; x_wconf 79' lang='grc' dir='ltr'>πράττοιτό</span> 
     </span>
    </p>
   </div>
   <div class='ocr_carea' id='block_1_116' title="bbox 1034 2764 1824 2801">
    <p class='ocr_par' dir='ltr' id='par_1_116' title="bbox 1034 2764 1824 2801">
     <span class='ocr_line' id='line_1_116' title="bbox 1034 2764 1824 2801; baseline -0.001 -11"><span class='ocrx_word' id='word_1_797' title='bbox 1034 2773 1092 2795; x_wconf 83' lang='grc' dir='ltr'><strong>πως</strong></span> <span class='ocrx_word' id='word_1_798' title='bbox 1109 2764 1277 2799; x_wconf 81' lang='grc' dir='ltr'>ἀνεθελήτως</span> <span class='ocrx_word' id='word_1_799' title='bbox 1294 2765 1380 2801; x_wconf 81' lang='grc' dir='ltr'>αὐτῷ.</span> <span class='ocrx_word' id='word_1_800' title='bbox 1402 2766 1511 2801; x_wconf 76' lang='grc' dir='ltr'>Ἐπειδὴ</span> <span class='ocrx_word' id='word_1_801' title='bbox 1530 2765 1558 2792; x_wconf 84' lang='grc' dir='ltr'>δὲ</span> <span class='ocrx_word' id='word_1_802' title='bbox 1575 2765 1690 2792; x_wconf 80' lang='grc' dir='ltr'>κωλύειν</span> <span class='ocrx_word' id='word_1_803' title='bbox 1709 2764 1824 2799; x_wconf 69' lang='grc' dir='ltr'>δυνάμε-</span> 
     </span>
    </p>
   </div>
   <div class='ocr_carea' id='block_1_117' title="bbox 229 2851 987 2889">
    <p class='ocr_par' dir='ltr' id='par_1_117' title="bbox 229 2851 987 2889">
     <span class='ocr_line' id='line_1_117' title="bbox 229 2851 987 2889; baseline -0.001 -8"><span class='ocrx_word' id='word_1_804' title='bbox 229 2853 252 2870; x_wconf 75' lang='grc'><strong>²⁸</strong></span> <span class='ocrx_word' id='word_1_805' title='bbox 264 2851 362 2882; x_wconf 84' lang='lat' dir='ltr'><strong>Thren.</strong></span> <span class='ocrx_word' id='word_1_806' title='bbox 385 2863 403 2888; x_wconf 91' lang='lat' dir='ltr'><strong>I,</strong></span> <span class='ocrx_word' id='word_1_807' title='bbox 418 2855 441 2882; x_wconf 88' lang='lat' dir='ltr'><strong>I.</strong></span> <span class='ocrx_word' id='word_1_808' title='bbox 480 2855 502 2871; x_wconf 80' lang='grc'>¹¹</span> <span class='ocrx_word' id='word_1_809' title='bbox 516 2853 547 2881; x_wconf 91' lang='grc'><strong>111</strong></span> <span class='ocrx_word' id='word_1_810' title='bbox 565 2853 631 2888; x_wconf 71' lang='lat' dir='ltr'><strong>Reg.</strong></span> <span class='ocrx_word' id='word_1_811' title='bbox 647 2862 693 2886; x_wconf 72' lang='grc' dir='ltr'>λιι,</span> <span class='ocrx_word' id='word_1_812' title='bbox 710 2853 754 2880; x_wconf 83' lang='lat'><strong>30.</strong></span> <span class='ocrx_word' id='word_1_813' title='bbox 793 2852 816 2868; x_wconf 82' lang='lat'>&quot;</span> <span class='ocrx_word' id='word_1_814' title='bbox 832 2852 862 2880; x_wconf 93' lang='lat' dir='ltr'><strong>IlI</strong></span> <span class='ocrx_word' id='word_1_815' title='bbox 882 2853 946 2889; x_wconf 71' lang='lat' dir='ltr'><strong>Reg.</strong></span> <span class='ocrx_word' id='word_1_816' title='bbox 963 2862 987 2880; x_wconf 57' lang='lat' dir='ltr'><strong>xt</strong></span> 
     </span>
    </p>
   </div>
   <div class='ocr_carea' id='block_1_118' title="bbox 1042 2851 1307 2889">
    <p class='ocr_par' dir='ltr' id='par_1_118' title="bbox 1042 2854 1307 2886">
     <span class='ocr_line' id='line_1_118' title="bbox 1042 2854 1307 2886; baseline 0 -5"><span class='ocrx_word' id='word_1_817' title='bbox 1042 2854 1060 2881; x_wconf 68' lang='lat'><strong>3.</strong></span> <span class='ocrx_word' id='word_1_818' title='bbox 1101 2855 1122 2870; x_wconf 73' lang='lat'>“</span> <span class='ocrx_word' id='word_1_819' title='bbox 1137 2854 1218 2881; x_wconf 53' lang='lat' dir='ltr'><strong>Arnus</strong></span> <span class='ocrx_word' id='word_1_820' title='bbox 1233 2863 1273 2886; x_wconf 84' lang='lat' dir='ltr'><strong>nt,</strong></span> <span class='ocrx_word' id='word_1_821' title='bbox 1292 2856 1307 2880; x_wconf 71' lang='lat' dir='ltr'><strong>ti</strong></span> 
     </span>
    </p>
   </div>
  </div>
