1919 3042
57 137 97 166 9.0!
520 135 795 166 (.OMMENTARIUS
815 134 847 163 iN

901 135 976 162 .EAM
995 133 1217 162 ΡΙῑΟΡΗΕΤΑΜ.

1630 139 1684 167 ’2θῖ

59 203 106 227 νος,
117 193 212 229 ἑφίησί
235 203 264 220 τι
290 194 340 222 καὶ
358 194 483 229 γίνεσθαι
506 195 635 227 πολλάκις
659 194 848 230 οἰκονομικῶς,

901 193 959 220 haec
988 193 1113 226 operari,
1143 199 1290 228 eorumque
1321 198 1415 221 auctor
1444 193 1551 221 dicitur.
1584 194 1683 221 Exem-

59 240 90 271 ὡς
100 239 180 270 αὐτὸς
194 240 333 275 ὑπάρχων
349 241 470 276 ἐργάτης
483 241 529 267 καὶ
541 240 643 266 τούτων
653 240 771 274 λέγεται,
784 236 847 266 Οἷον

60 285 109 321 (ἐπ’
128 285 212 311 αὑτὸν
227 285 284 321 γὰρ
307 285 360 321 ἤδη
381 286 428 312 τὸν
449 285 594 320 Σολομῶνα
608 284 782 320 βαδιούμεθα)
805 284 849 310 δὲ-

59 330 123 356 δωκε
138 329 187 363 μὲν
203 329 260 364 γὰρ
268 329 346 364 αὐτῷ
366 330 413 356 τὸν
432 331 464 356 ἐκ
487 329 568 356 λίθων
580 330 609 356 ὲν
627 331 683 361 τοῖς
702 328 848 364 Ἰεροσολύ-

61 384 117 410 μοις
140 374 345 410 ἀναδείμασθαι
374 375 448 408 ναὸν,
473 375 555 410 σοφὸν
575 375 712 406 ἀπετέλει,
732 374 779 400 καὶ
803 373 847 400 ἐπ’

58 421 214 456 ἁσυγκρὶτῳ
235 421 345 447 συνέσει
362 421 511 457 διαπρεπῆ.
531 422 631 457 Ἔργον
649 420 727 446 τοῦτο
738 420 787 454 τῆς
799 420 848 446 αὺ-

58 464 102 491 τοῦ
117 465 242 500 γνώμης.
261 465 478 501 Συγκεχώρηκεν
495 465 577 492 αὐτοῦ
600 465 715 501 ῥαγῆναι
734 465 783 500 τὴν
798 464 848 500 βα-

59 510 168 542 σιλείαν,
183 511 235 537 οὐκ
247 511 330 543 αὐτὸς
345 512 384 543 εἰς
400 511 479 538 τοῦτο
492 511 562 538 κατὰ
574 510 686 546 γνώμην
703 510 770 537 ἰδίαν
781 511 848 537 ἁπο-

58 557 147 592 ςέρων
170 557 205 583 τὰ
231 557 396 593 πράγματα,
421 557 531 584 σιωπῶν
554 557 583 583 δὲ
604 557 709 592 ὥσπερ,
734 558 781 584 καὶ
802 557 848 583 ἐπὶ

57 606 109 634 τοῖς
123 603 300 639 ἀϐουλήτοις,
317 603 361 631 διὰ
384 603 434 639 τὴν
459 603 527 639 πρὸς
548 603 630 630 αὑτὸν
651 603 847 639 ἀγανάκτησιν.

58 650 164 676 Οὐκοῦν
177 651 203 676 εἰ
218 650 267 676 καὶ
282 650 475 685 βεϐασίλευκεν
494 650 647 687 Ἱεροΰοὰμ,
669 650 716 677 καὶ
738 650 763 676 οἱ
783 649 848 675 καθ-

58 696 129 730 εξῆς.
142 696 203 722 ἀλλ’
218 696 280 731 οὐχὶ
298 696 327 722 δὲ
339 697 448 728 πάντως
461 696 528 723 Θεοῦ
546 696 726 726 συννεύοντος.
743 695 782 721 Τὰ
795 695 848 729 γὰρ

59 741 85 774 ἐξ
96 742 183 777 ὀργῆς
198 742 248 777 τῆς
261 742 332 777 πρός
343 750 419 773 τινας
443 742 480 774 ὡς
493 743 522 768 ὲν
533 741 644 768 κολάσει
655 740 847 776 συμὸαίνοντα,

59 789 157 823 τρόπον
169 788 265 824 ἓτερον
280 788 348 823 ἔχει,
365 789 413 814 καὶ
424 788 474 814 οὐκ
487 788 519 814 ἂν
534 788 619 814 νοοῖτο
630 786 742 814 τοιαῦτα
756 785 847 819 τυχὸν,

59 835 135 860 ὁποῖά
149 842 202 869 περ
214 834 248 860 ἂν
263 834 305 869 εῐη
320 834 354 860 τὰ
364 833 435 860 κατὰ
450 832 577 868 βούλησιν
588 832 706 865 ἀληθῶς.
728 831 849 861 Ἑαυτοῖς

897 239 934 273 pli
949 246 1029 266 causa
1042 238 1052 274 (
1064 243 1095 266 ut
1109 240 1142 266 ad
1159 239 1329 267 Salomonem
1347 240 1487 268 veniamus
1504 240 1599 276 )dedit
1626 240 1683 274 illi,

898 284 931 312 de
940 284 1205 319 lapidibustemplum
1221 284 1413 321 Hierosolymis
1426 286 1563 320 excitare;
1580 286 1684 320 sapien-

899 330 935 356 tia
957 329 1183 363 perfectissimum
1213 335 1240 357 et
1269 331 1471 366 incomparabili
1505 331 1682 366 intelligentia

898 375 1070 410 conspicuum
1099 374 1223 402 reddidit.
1242 375 1315 410 Opus
1333 377 1383 403 hoc
1408 375 1458 403 fuit
1474 377 1620 404 voluntatis
1642 377 1683 411 ip-

898 419 965 447 sius.
991 419 1117 447 Permisit
1139 420 1197 455 ejus
1221 428 1332 455 regnum
1354 421 1450 453 scindi,
1476 430 1527 449 non
1551 423 1607 457 ipse
1628 421 1683 448 huc.

897 463 1034 492 voluntate
1059 472 1106 492 sua
1122 472 1178 506 rem
1194 465 1354 500 perducens,
1366 467 1411 493 sed
1425 472 1532 502 propter
1557 467 1682 502 indigna-

895 510 998 537 tionem
1024 511 1153 538 adversus
1169 512 1267 548 ipsum,
1281 513 1358 546 quasi
1383 519 1463 547 super
1496 513 1682 540 iuvoluntariis

899 560 1001 582 tacens.
1030 555 1283 589 Quamobremrclsi
1304 561 1459 591 regnarunt
1486 556 1627 584 Jeroboam
1654 562 1682 584 et

899 607 1069 638 successores
1087 601 1155 635 ejus,
1174 609 1228 629 non
1240 605 1330 629 tamen
1340 601 1394 629 Deo
1410 602 1489 636 plane
1516 603 1682 637 approbante

899 649 1052 681 regnarunt.
1066 639 1130 680 Quae
1145 647 1216 674 enim
1235 655 1269 674 ex
1283 647 1323 674 ira
1346 647 1490 674 adversum
1508 647 1613 682 aliquos
1624 648 1682 675 loco

897 699 985 727 poenae
1007 693 1176 727 contingunt,
1193 692 1273 719 aliam
1290 692 1421 720 rationem
1440 692 1549 725 habent,
1563 700 1614 720 nec
1626 700 1683 727 pos-

899 742 961 764 sunt
989 737 1058 764 forte
1081 737 1143 764 talia
1169 737 1291 772 intelligi,
1309 737 1400 772 qualia
1427 744 1485 772 quin
1501 745 1563 765 vere
1588 745 1684 765 secun-

900 782 962 810 dum
985 782 1148 809 Voluntatem
1173 782 1250 809 ﬁunt.
1265 782 1446 817 Sibimetipsis
1459 782 1551 818 igitur,
1566 789 1619 810 nan
1636 789 1685 816 per

900 835 943 854 me
970 832 1124 862 regnarunt.
1150 827 1296 862 Postquam
1328 830 1420 855 autem
1446 828 1580 862 principes
1599 827 1685 855 exsti-

60 879 201 914 τοιγαροῦν
219 878 440 914 βεϐασιλεύκασι,
457 878 504 905 καλ⁵
518 879 548 905 οὐ
561 879 596 905 δι’
609 877 686 912 ἐμοῦ.
704 876 811 911 Ἐπειδὴ
821 876 849 902 δὲ

901 876 1000 905 terunt,
1015 877 1116 899 tantum
1132 879 1185 900 non
1197 873 1334 900 nesciente
1349 873 1404 900 Deo
1419 877 1427 908 (
1441 874 1515 908 quod
1532 874 1604 901 enim
1614 879 1685 908 pne-

62 923 157 961 ἦρξαν,
168 924 313 960 μονονουχὶ
329 925 397 961 μηδὲ
413 925 561 959 ἐγνωκότος
571 923 638 950 Θεοῦ
651 923 691 958 (τὺ
705 921 759 958 γὰρ
775 921 850 957 παρὰ

61 970 170 1005 γνώμην
197 970 261 997 οὐδὲ
284 970 385 996 ειδέναι
408 969 501 1004 δοκεῖ),
529 969 640 1003 γέγονεν
661 967 776 1002 ἀσθενὴς
804 967 851 993 καὶ

60 1017 193 1048 εὐάλωτος
209 1017 225 1051 ἡ
245 1017 328 1052 ἀρχὴ,
355 1016 402 1043 καὶ
417 1016 552 1047 ἀνικάνως
569 1015 666 1050 ἔχουσα
690 1013 759 1048 προς
776 1012 849 1039 ἀντί-

61 1071 160 1094 στασιν,
179 1063 229 1089 καὶ
255 1061 399 1093 διασώζειν
419 1062 466 1096 οὐχ
480 1058 524 1088 οἷά
546 1069 575 1087 τε
594 1060 658 1092 τοὺς
678 1057 849 1093 ὑπεζευγμέ-

60 1116 126 1138 von;
144 1116 153 1132 ι
171 1107 212 1134 Δι’
228 1107 312 1134 αὑτοῦ
330 1107 384 1143 γὰρ
403 1107 521 1141 βασιλεῖς
545 1106 724 1141 βασιλεύουσι,
743 1104 790 1131 καὶ
803 1104 849 1130 τύ-

61 1162 146 1188 pawn:
175 1153 310 1189 κρατοῦσι
331 1154 393 1188 γῆς.
415 1159 423 1178 i
442 1153 500 1179 ’Ὁτι
527 1152 555 1178 δὲ
575 1151 674 1186 πολλὴν
694 1151 739 1176 ἐπὶ
762 1151 848 1184 τούτῳ

60 1200 178 1226 νοσοῦσιν
205 1199 398 1233 ἀναισθησίαν,
421 1199 468 1224 καὶ
493 1199 548 1230 τοῖς
563 1197 663 1224 δοθεῖσι
685 1196 760 1232 παρὰ
781 1195 848 1223 Θεοῦ

60 1246 123 1280 πρὸς
146 1245 196 1281 τὴν
223 1245 286 1271 κατ’
301 1245 384 1271 αὑτοῦ
408 1245 494 1280 λύπην
512 1245 671 1279 ἐχρήσαντο,
701 1243 800 1278 μᾶλλον
820 1242 848 1269 δὲ

60 1291 102 1317 καὶ
124 1292 165 1323 εἰς
185 1291 298 1326 δλεθρον
320 1290 375 1317 τῶν
403 1290 474 1317 ἰδίων
495 1290 600 1325 ψυχῶν,
622 1288 739 1321 ἐδίδαξεν
753 1288 847 1315 εἰπών·

63 1346 70 1362 ι
89 1337 123 1364 Τὸ
136 1337 273 1372 ἀργύριον
285 1337 385 1369 αὐτῶν,
407 1336 454 1363 καὶ
469 1336 498 1362 τὸ
512 1335 624 1371 χρυσίον
643 1335 772 1370 ἐποίησαν
785 1335 848 1361 ἑαυο

59 1384 109 1414 τοῖς
124 1383 237 1416 εἴδωλα,
261 1383 337 1414 ὅπως
359 1381 594 1417 ὲξολοθρευθῶσιν.
612 1390 622 1406 ι
639 1379 721 1408 Ὅθεν
743 1380 797 1415 γὰρ
814 1377 848 1415 ἦν

60 1429 153 1464 αὐτοὺς
174 1428 330 1462 εὐδοκιμεῖν
355 1427 495 1460 δύνασθαι,
513 1426 749 1461 κατοικτείροντας
772 1425 848 1451 ἀδελ-

61 1475 130 1508 φοὺς,
145 1474 274 1501 ἐντεῦθεν
287 1474 348 1509 Θεῷ
362 1473 571 1509 προσκρούουσι,
588 1472 635 1499 καὶ
648 1472 697 1506 τῆς
714 1471 848 1506 σωτηρίας

59 1520 100 1546 τὸν
113 1521 218 1554 τρόπον
230 1520 424 1554 μετανιστᾶσιν
434 1518 554 1550 ἁὸοὑλως
573 1518 619 1544 ἐπί
633 1525 665 1551 γε
679 1517 709 1543 τὸ
724 1517 753 1548 ἐξ
765 1515 847 1543 αὑτοῦ

60 1566 210 1592 διόλλυσθαι
223 1566 289 1592 δεῖν.

98 1613 274 1645 Ἀπότριψαι
296 1612 351 1638 τὸν
370 1611 489 1646 μόσχον
507 1619 574 1642 σου,
595 1609 752 1644 Σαμάρεια,
776 1615 849 1641 παρ-

61 1658 176 1691 ωξύνθη
190 1660 206 1684 ό
223 1659 318 1692 θυμός
329 1666 389 1692 μου
403 1657 449 1684 ἐπ’
459 1656 548 1689 αὐτῷ.
562 1657 636 1688 Ἕως
653 1656 735 1687 τίνος
755 1655 790 1681 οὐ
803 1653 847 1688 μὴ

61 1703 206 1729 δύνωνται
218 1701 433 1736 καθαρισθῆναι
444 1702 478 1728 ἐν
492 1701 531 1734 τῷ
554 1700 694 1735 Ἰσραήλ;
708 1700 761 1727 Καὶ
776 1699 848 1725 αὐτὸ

61 1747 170 1773 τέκτων
185 1747 323 1780 ἐποίησε,
340 1746 389 1773 καὶ
408 1747 443 1773 οὺ
458 1746 530 1779 Θεός
544 1746 619 1778 ἐστι,
634 1745 709 1771 διότι
726 1743 850 1771 πλανῶν

61 1791 123 1828 ἦνό
136 1794 257 1827 μόσχος
271 1800 340 1825 σου,
360 1793 515 1826 Σαμάρεια.

93 1839 159 1865 ΠΗ’.
185 1839 229 1869 Ὠς
251 1837 314 1872 εὖγε
337 1837 369 1872 δὴ
393 1838 453 1864 λίαν
478 1838 508 1864 τὸ
525 1847 533 1863 ι
561 1836 709 1871 ἁπότριψαι
735 1845 744 1861 ι
764 1835 848 1870 φησι,

62 1884 96 1915 ὡς
108 1884 154 1910 ἐπὶ
173 1883 294 1918 κηλίδος,
307 1883 355 1910 καὶ
370 1883 519 1917 μολυσμοῦ,
536 1883 582 1908 καὶ
595 1883 644 1917 τῆς
657 1882 773 1917 ἐσχάτης
784 1881 850 1907 ἀκε-

64 1930 193 1964 ῦαρσῐαςί
210 1930 295 1956 Τοῦτο
316 1929 372 1964 γὰρ
392 1928 499 1964 ἀληθῶς
518 1929 567 1963 τῆς
593 1927 798 1963 εἰδωλολατρίας
820 1926 850 1952 τὸ

64 1975 339 2011 χρῆμα,βδελυράντε
357 1974 405 2000 καὶ
415 1975 564 2008 κάκοσμον,
574 1973 620 2000 καὶ
631 1972 850 2008 κατη[φη]μένην

65 2021 136 2056 παρὰ
146 2021 208 2055 Θεῴ
222 2021 273 2055 τὴν
283 2019 331 2046 τοῦ
342 2019 499 2054 ἀκαθάρτου
513 2019 602 2054 ψυχὴν
613 2018 770 2045 ἀποτελοῦν.
783 2019 851 2052 Συμ-

65 2067 182 2093 ὃουλεύει
206 2066 241 2101 δὴ
255 2064 303 2092 οὖν
322 2065 359 2097 ὡς
380 2065 586 2101 φιλοικτίρμων,
605 2065 652 2091 καὶ
673 2064 783 2098 ἀγαθὸς,
803 2073 850 2100 με-

65 2113 218 2140 τατίθεσθαι
231 2112 300 2147 πρὸς
312 2112 343 2138 τὺ
353 2111 476 2146 ἄμεινον,
493 2111 540 2138 καὶ
553 2109 789 2141 ἀποσκευάζεσθαι
803 2111 852 2145 τὴν

65 2160 154 2194 ὀργὴν,
172 2159 220 2185 καὶ
239 2158 288 2188 τὰς
307 2156 360 2184 τῶν
377 2156 591 2192 συμϐησομένων
606 2156 695 2187 αἰτίας
716 2157 851 2192 περιστεῖ-

900 923 942 945 ter
957 917 1015 952 ejus
1032 918 1193 946 sententiam
1216 919 1257 952 ﬁt,
1276 926 1325 946 nec
1340 919 1411 946 scire
1431 920 1539 954 quidem
1554 919 1682 954 videtur),

899 963 1053 991 debilitatus
1071 968 1099 991 et
1115 969 1267 999 expugnatu
1290 964 1378 992 facilis
1394 965 1481 992 evasit
1503 965 1682 1000 principatus,

899 1014 927 1036 et
938 1009 973 1036 ad
990 1009 1168 1037 resistendum
1186 1010 1346 1042 imbecillus,
1365 1016 1393 1037 et
1406 1011 1538 1046 impotens
1560 1011 1592 1038 ad
1605 1016 1683 1037 tuen-

899 1054 947 1081 dos
972 1054 1116 1089 subjectos.
1140 1063 1149 1080 ι
1165 1054 1216 1082 Per
1243 1055 1331 1089 ipsum
1353 1055 1424 1083 enim
1455 1062 1532 1091 reges
1559 1059 1681 1091 regnant,

899 1102 926 1125 et
942 1099 1047 1134 tyranni
1077 1099 1251 1127 dominantur
1268 1104 1347 1127 terrae
1361 1099 1412 1127 ⁸³.»
1429 1099 1504 1135 ipsos
1517 1104 1605 1127 autem
1619 1107 1683 1134 pro-

899 1147 989 1178 pterea
1005 1144 1087 1172 multa
1109 1145 1244 1172 dementia
1265 1145 1400 1178 laborare,
1423 1151 1450 1173 et
1464 1146 1571 1173 donatis
1588 1154 1602 1172 a
1628 1145 1683 1173 Deo

899 1189 933 1217 ad
948 1190 1036 1224 ipsum
1057 1191 1233 1223 irritanduui,
1258 1192 1311 1218 imo
1341 1192 1374 1218 ad
1399 1192 1549 1218 animarum
1573 1198 1683 1219 suarum

898 1237 1045 1271 perniciem
1063 1238 1172 1271 abusos,
1200 1239 1293 1265 docuit
1313 1238 1349 1265 ita
1366 1245 1373 1263 :
1392 1247 1401 1263 ι
1417 1239 1564 1273 Argentum
1589 1243 1616 1265 et
1633 1245 1684 1264 au-

899 1290 959 1309 rum
974 1289 1051 1310 suum
1062 1282 1185 1310 fecerunt
1206 1284 1257 1311 sibi
1273 1284 1355 1316 idola,
1373 1288 1403 1310 ut
1419 1284 1581 1319 dispeream.
1601 1293 1611 1309 ι
1627 1283 1684 1311 Un-

899 1329 933 1357 de
949 1329 1021 1357 enim
1041 1329 1144 1357 laudari
1172 1334 1299 1364 poterant
1317 1330 1352 1357 ab
1374 1330 1510 1362 omnibus,
1526 1337 1560 1358 ex
1574 1330 1684 1358 miseri-

899 1375 990 1403 cordia
1010 1375 1036 1402 in
1052 1375 1150 1404 fratres
1172 1380 1324 1410 erogantes,
1345 1376 1406 1403 inde
1428 1375 1511 1403 Deum
1534 1374 1682 1411 oﬁendunt,

898 1424 925 1446 et
941 1420 1148 1448 instrumentum
1171 1420 1266 1448 salutis
1281 1421 1312 1447 ad
1326 1421 1439 1448 exitium
1451 1421 1515 1448 inde
1535 1421 1587 1449 sibi
1609 1427 1685 1449 com-

899 1465 1049 1499 parandum
1063 1465 1136 1492 fatue
1154 1470 1324 1493 convertunt.

934 1606 1016 1634 Vens.
1040 1607 1068 1640 5,
1086 1607 1112 1634 6.
1135 1606 1231 1635 Exiere
1253 1610 1362 1636 vitulum
1379 1615 1463 1643 tuum,
1479 1610 1612 1646 Samaria,
1627 1620 1686 1640 con-

899 1653 993 1680 citatus
1012 1658 1049 1680 est
1066 1653 1141 1688 furor
1159 1662 1231 1681 meus
1247 1663 1325 1689 super
1338 1664 1378 1683 ea.
1400 1655 1538 1692 Usquequo
1562 1667 1613 1685 non
1639 1667 1686 1694 po—

899 1705 986 1727 terunt
1011 1701 1148 1727 emundari
1175 1701 1202 1727 in
1224 1700 1331 1728 Israel?
1352 1700 1387 1729 Et
1402 1703 1449 1729 hoc
1466 1703 1563 1737 artifex
1578 1705 1649 1738 fecit,
1663 1711 1686 1732 et

901 1754 952 1772 non
980 1745 1048 1772 Deus
1070 1750 1118 1778 est,
1137 1746 1199 1780 quia
1216 1748 1340 1774 adducens
1359 1753 1414 1774 erat
1432 1749 1529 1776 vitulus
1550 1754 1620 1781 tuus,
1636 1749 1686 1777 Sn-

900 1792 995 1817 maria.

936 1836 1100 1864 LXXXVIII.
1118 1836 1202 1869 Quum
1229 1837 1298 1865 lzelle
1324 1843 1351 1865 et
1374 1841 1577 1866 accommodate
1599 1840 1687 1874 inquit

904 1891 913 1908 ι
925 1888 1027 1914 extere,
1043 1891 1053 1908 ι
1069 1883 1144 1917 quasi
1159 1883 1192 1909 de
1211 1884 1314 1910 macula
1330 1887 1356 1910 et
1380 1884 1592 1918 inquinamento,
1611 1894 1641 1913 ac
1653 1887 1686 1914 de

901 1933 1022 1955 extrema
1049 1929 1173 1962 quapiam
1189 1928 1318 1962 spurcitie
1341 1928 1514 1964 loqueretur!
1533 1929 1602 1958 Vere
1613 1931 1684 1959 enim

901 1974 1051 2001 idololatria
1074 1974 1125 2001 ista
1152 1973 1367 2007 abominandam,
1392 1979 1418 2002 et
1434 1976 1503 2003 male
1514 1975 1641 2009 olentem,
1659 1982 1687 2004 cl.

902 2019 1021 2046 odiosam
1046 2019 1116 2054 apud
1134 2018 1216 2046 Deum
1238 2020 1367 2047 immundi
1384 2021 1500 2048 animam
1521 2021 1597 2049 facit.
1618 2022 1686 2050 Sua-

902 2066 947 2092 det
963 2065 1045 2100 igitur
1059 2071 1088 2091 ut
1107 2064 1262 2092 misericors
1278 2069 1304 2092 et
1330 2065 1416 2093 bonus
1436 2067 1584 2095 transferre
1601 2076 1630 2096 se
1653 2070 1686 2096 ad

903 2111 1026 2145 meliora,
1045 2114 1073 2138 et
1094 2111 1198 2138 amoliri
1215 2111 1296 2143 iram,
1313 2115 1342 2138 et
1354 2119 1453 2140 causas
1466 2113 1616 2141 futurorum
1638 2121 1685 2142 co-

903 2157 995 2183 hibere
1017 2157 1051 2184 dc
1070 2161 1179 2189 caztero,
1197 2161 1223 2184 et
1238 2158 1396 2191 pamitentia
1417 2159 1564 2192 praecidere
1597 2161 1685 2194 mala,

65 2204 105 2230 λαι
115 2204 220 2235 λοιπὸν,
232 2203 281 2229 καὶ
291 2204 348 2234 ταῖς
361 2201 563 2237 μεταγνώσεσιν
574 2202 705 2236 ἀνακόψαι
716 2203 751 2227 τὰ
763 2201 848 2233 δεινὰ,

903 2203 983 2240 120
1007 2211 1068 2232 sero
1095 2205 1190 2233 saltem
1227 2205 1428 2240 resipiscentes.
1453 2205 1567 2242 Propter
1599 2207 1686 2242 ipsum

65 2250 112 2276 xiv
129 2250 196 2284 γοῦν
209 2249 260 2283 ὀψὲ
273 2248 481 2284 διεκνήψαντας.
501 2248 560 2274 Ἐπ’
572 2248 645 2282 αὐτῷ
662 2247 716 2282 γὰρ
731 2247 850 2281 δηλονότι

64 2296 100 2330 τῷ
117 2297 212 2331 μόσχῳ
239 2293 415 2329 παρωξύνθαι
433 2294 509 2328 φησι,
531 2293 648 2324 δεικνὺς,
671 2293 713 2319 ὃτι
735 2293 850 2327 παρίησι

66 2341 112 2374 μὲν
125 2340 182 2366 ἔσθ’
200 2340 246 2366 ὅτε
271 2339 462 2373 φιλάνθρωπος
484 2338 522 2364 ὢν
545 2338 578 2364 τὰ
592 2338 621 2370 ἐξ
643 2337 783 2369 ἀσθενείας
802 2338 851 2373 τῆς

66 2386 236 2421 ἀνθρωπίνης
251 2384 422 2419 πταίσματα,
437 2383 546 2415 κολάζει
557 2384 584 2410 δὲ
601 2384 706 2415 πάντως
719 2383 768 2419 τὴν
784 2385 852 2410 ἀπο-

67 2432 191 2467 προφήν.
209 2430 356 2456 Δύσοιστόν
373 2438 402 2456 τε
418 2430 533 2456 ποιεῖται
549 2429 599 2464 τὴν
620 2429 852 2465 τῶνκὺὃριζόντων

66 2479 220 2509 ἁπόνευσιν,
235 2477 276 2508 εἷς
298 2484 330 2510 γε
346 2476 376 2502 τὸ
397 2476 505 2510 χρῆναι,
522 2476 603 2511 φημὶ,
627 2478 683 2507 τοῖς
706 2475 853 2510 δαιμονίοις

65 2523 234 2556 προσκυνεῖν.
252 2522 342 2557 Μέχρι
363 2521 419 2556 γὰρ
434 2521 504 2552 τίνος
520 2521 548 2547 ἐν
569 2521 723 2557 ἀκαθαρσίᾳ
742 2521 851 2555 γεγονό-

65 2577 107 2599 τες
117 2567 319 2603 ἁμεταποίητοι
333 2568 456 2601 μενεῖτε;
478 2567 557 2598 licio;
579 2567 642 2601 ὑμῖν
658 2566 772 2602 ἀρκέσει
792 2575 852 2593 και-

66 2614 108 2648 ρὸς
127 2615 165 2645 εἰς
177 2613 228 2648 τὴν
240 2613 291 2647 τῆς
301 2611 428 2647 εὐηθείας
438 2612 566 2638 ἀπόθεσιν
579 2614 628 2644 ;Ὂ
640 2612 694 2647 γὰρ
705 2613 852 2648 εἰργάσατο

64 2660 176 2691 τέκτων,
189 2658 256 2685 Θεὸν
270 2656 339 2684 εἶναι
356 2657 499 2684 πιστεύετε
509 2667 515 2673 ·
530 2659 577 2685 καί
591 2659 620 2685 τὸ
633 2658 754 2692 ὠφελοῦν
765 2659 850 2691 οὐδὲν,

64 2704 232 2737 ἀποκομίςον
243 2704 272 2730 δὲ
287 2704 390 2735 μᾶλλον
401 2703 520 2738 ὄλεθρον,
533 2705 580 2730 καὶ
591 2704 738 2736 ἀπώλειαν,
755 2706 852 2731 σεπτὸν

64 2751 182 2783 ἡγεῖσθε,
198 2751 247 2777 καὶ
262 2750 438 2784 ἀξιόληπτον.
463 2750 555 2785 Πλανᾷ
575 2750 629 2786 γὰρ
643 2753 657 2778 ὁ
681 2751 789 2787 μόσχος,
806 2752 852 2778 καὶ

63 2798 154 2830 Ξτερον
170 2796 257 2823 οὐδέν.

97 2854 119 2869 ⁸⁵
135 2853 214 2882 Prov.
234 2861 292 2886 vm,
310 2854 356 2881 15.

218 2903 357 2933 ΡΑΤιιοι.
385 2899 445 2930 Gtt.
470 2900 570 2931 LXXL

901 2252 973 2278 enim
993 2251 1105 2278 vitulum
1118 2252 1221 2279 scilicet
1237 2259 1267 2279 se
1294 2252 1463 2280 concitatum
1477 2254 1556 2289 dicit,
1592 2259 1687 2282 ostcn-

902 2297 969 2324 dens
982 2304 1011 2324 se
1032 2304 1226 2331 nonnunquam
1252 2297 1348 2325 delicta
1369 2305 1403 2325 ex
1427 2298 1542 2326 humana
1567 2300 1687 2327 imbecil-

903 2342 978 2370 litate
991 2343 1107 2371 admissa
1130 2350 1164 2370 ex
1185 2343 1351 2378 benignitate
1370 2344 1511 2379 praeterire
1523 2365 1530 2378 ,
1547 2344 1593 2372 sed
1609 2353 1687 2372 aver-

903 2389 1005 2416 sionem
1035 2390 1146 2416 omnino
1176 2389 1282 2424 punire.
1307 2389 1499 2417 Protervorum
1521 2396 1609 2419 autem
1642 2393 1687 2419 de-

903 2435 1074 2462 clinationem
1102 2436 1134 2461 ad
1158 2435 1283 2462 colendos
1320 2435 1456 2462 daemones
1490 2436 1687 2465 intolerandam

902 2481 985 2507 ducit.
1014 2480 1159 2514 Quousque
1184 2480 1255 2507 enim
1283 2481 1308 2507 in
1335 2481 1532 2508 immunditiam
1563 2482 1687 2517 delapsi,

902 2525 1082 2552 itnmutabiles
1114 2525 1278 2552 manebitis?
1307 2525 1383 2558 Quod
1417 2526 1492 2554 vobis
1519 2531 1623 2562 tempus
1654 2530 1687 2556 ad

901 2570 1084 2604 deponendam
1105 2569 1254 2596 fatuitatem
1272 2568 1388 2596 Sulﬁcit?
1404 2568 1478 2602 Quod
1495 2572 1566 2598 enim
1589 2573 1685 2599 artifex

905 2616 1052 2643 fabricatus
1078 2620 1128 2648 est,
1143 2616 1221 2642 deum
1249 2622 1309 2642 esse
1327 2615 1458 2648 creditis;
1477 2620 1504 2642 et
1524 2617 1594 2651 quod
1619 2618 1686 2644 nihil

905 2666 1024 2697 prodest,
1038 2662 1091 2689 imo
1108 2666 1209 2696 pestem
1235 2666 1262 2688 et
1281 2660 1419 2688 interitum
1449 2661 1537 2695 affert,
1556 2671 1687 2691 verteran-

907 2709 968 2735 dum
984 2706 1252 2741 amplecteudumque
1266 2705 1394 2733 Statuitis.
1409 2705 1518 2733 Seducit
1536 2706 1607 2734 enim
1624 2707 1689 2735 vitu‘

906 2754 957 2786 ius,
973 2753 1042 2780 aliud
1062 2753 1127 2780 nihil
1144 2751 1213 2780 valet
