1919 3042
234 137 287 164 205

234 242 366 270 aubverrio
386 250 474 269 eorum
489 241 610 272 surripiat
626 248 666 266 ea.
684 239 834 272 Manipulru
852 247 902 265 non
922 240 1019 266 habens

232 288 312 318 vires,
326 293 352 313 ut
364 287 446 322 faciat
460 285 586 319 farinam.
603 284 632 312 Si
645 289 731 312 autent
744 284 844 318 fecerit,
871 284 951 311 alieni
974 292 1019 311 co-

233 334 333 360 medent
347 340 416 359 eum.

270 375 413 403 LXXXIX.
432 374 614 402 Similitudine
630 374 746 409 quadam
775 373 876 401 frustra
897 373 924 401 in
950 373 1020 408 agri-

238 422 346 448 cultura
367 421 568 454 laborantium,
595 419 710 447 infelicis
743 427 836 447 eorum
864 418 969 446 consilii
994 423 1022 446 et

231 468 314 495 atuJii
343 475 471 494 vunarunl
493 467 582 494 reium
605 466 708 494 exitum
728 465 924 492 infructuosum
953 464 1020 492 sub-

234 513 347 540 indicat.
377 512 405 539 In
429 513 462 540 iis
481 513 553 540 enim
575 512 643 540 velle
667 511 798 546 quosdam
824 510 944 538 laborem
974 517 1021 544 po-

234 565 311 591 nere,
327 562 354 584 et
367 557 567 591 superstitionis
583 557 717 584 interdum
732 556 874 590 diligenter
904 555 942 582 uti
970 563 1022 582 ca:-

235 603 367 630 remoniis
389 603 636 638 anatliematisque,
664 608 692 630 et
723 602 864 636 sacriﬁciis
892 601 1020 628 honorem

237 649 380 682 exhibere,
395 649 459 676 nihil
475 649 557 677 fuerit
573 649 655 681 aliud,
676 656 756 683 quam
767 652 846 675 vento
865 651 1020 682 corruptum

232 702 325 722 semen
332 694 474 730 colligere;
489 701 504 721 e
522 702 574 729 quo
589 694 637 728 qui
649 693 762 726 laborat,
774 693 914 720 utilitatem
925 699 1021 720 cense-

233 741 280 775 qui
291 740 391 767 nullam
404 740 499 776 possit.
510 739 575 773 Quae
586 740 658 767 enim
675 739 754 766 studii
764 739 923 766 idololatrici
937 745 1022 765 remu-

234 787 362 813 neratio!
389 791 436 813 aut
457 793 516 820 quae
537 793 553 812 e
565 785 735 820 sculptilibus
758 784 959 812 commoditas?
975 789 1022 811 aut

232 839 350 867 quonam
379 833 459 859 modo
485 832 648 859 recreabunt
671 831 835 865 quempiam,
856 837 917 864 qua:
936 830 1022 857 omni-

749 133 777 161 S.
797 132 934 160 CYRILLI
952 132 1187 161 ALEXANDRINl
1204 133 1366 162 ARCIIIEP.

271 195 353 224 Vttlts.
375 197 400 224 7.
419 197 487 229 Quin
515 199 638 228 corrupta
664 198 737 220 uento
765 194 969 227 seminaverunt,
993 199 1014 220 et
1033 200 1054 228 Α

1809 131 1864 157 ἳθὶ

1105 194 1169 220 ’Ὀτι
1191 195 1379 229 ἀνεμόφθορα
1397 193 1542 228 ἕσπειραν
1555 214 1561 225 ,
1580 194 1628 220 καὶ
1648 194 1668 226 ἢ
1695 201 1863 226 καταστρο-

1069 239 1112 274 φὴ
1125 239 1224 266 αὐτῶν
1231 239 1380 272 ἐκδέξεται
1390 240 1475 267 αὐτὰ.
1484 239 1600 274 Δρᾶτμα
1611 240 1668 266 οὐκ
1678 239 1754 273 ἕχον
1770 238 1865 272 ἰσχὺν

1070 284 1125 312 τοῦ
1144 283 1269 318 ποιῆσαι
1289 285 1428 319 ἄλευρον.
1451 286 1518 313 Ἐὰν
1542 285 1577 311 δὲ
1593 285 1642 312 καὶ
1659 284 1787 318 ποιήσῃ,
1807 284 1850 311 ἀλ

1069 330 1180 362 λότριοι
1195 330 1414 364 καταφάγονται
1431 331 1514 357 αὑτό.

1105 375 1168 402 ΠΘ¹.
1192 375 1236 407 Ὠς
1257 375 1286 408 ἐξ
1309 376 1466 410 ὁμοιότητος
1485 376 1539 403 τῶν
1564 376 1625 411 εικῆ
1651 376 1812 411 καμνόντων
1835 375 1865 400 ἐν

1070 421 1243 454 γεωπονίαις,
1266 421 1315 456 τῆς
1331 421 1443 457 ἐνούσης
1455 423 1546 453 αὐτοῖς
1563 421 1733 453 δυσϐουλίας,
1749 421 1797 447 καὶ
1811 421 1864 454 τῆς

1071 467 1136 502 περὶ
1159 467 1193 493 τὰ
1209 467 1312 501 μάταια
1339 467 1456 501 σπουδῆς
1468 468 1499 494 τὺ
1517 467 1641 503 ἄκαρπον
1661 467 1801 502 ὑποδηλοὶ
1827 467 1865 492 Τὸ

1071 511 1125 546 γὰρ
1140 511 1183 537 ἐπ’
1199 511 1290 542 αὐτοῖς
1303 512 1393 537 πονεῖν
1417 511 1523 539 ἑλέσθαι
1538 511 1624 544 τινὰς,
1641 511 1786 546 ’ἐπιμελῶς
1806 511 1863 537 ἐσθ’

1070 557 1114 583 ὅτε
1128 555 1301 592 θρησκεύειν,
1324 555 1481 591 ἀναθήμασί
1504 565 1534 582 τε
1562 556 1609 583 καὶ
1631 555 1740 587 θυσίαις
1767 556 1864 590 τιμᾷν,

1071 602 1113 637 εἴη
1131 601 1165 628 ἂν
1187 601 1281 637 ἕτερον
1305 601 1392 633 οὐδὲν,
1414 601 1430 636 ἢ
1451 601 1497 627 τὸν
1520 601 1614 636 ἀνέμῳ
1637 600 1866 636 κατεφθαρμένῃ

1072 647 1244 682 συναγείρειν
1259 648 1371 683 σπόρον,
1384 647 1461 674 οὐδὲν
1472 647 1567 682 ὀνῆσαι
1581 647 1720 679 παντελῶς
1735 647 1783 674 τὸν
1800 655 1865 673 ποι-

1071 690 1154 718 οὖντα
1169 691 1327 727 δυνάμενον.
1341 692 1410 718 Ποία
1441 691 1494 727 γὰρ
1508 691 1641 723 ἀντίδοσις
1653 691 1703 726 τῆς
1721 692 1762 723 εἰς
1785 691 1865 717 εἰδω-

1071 736 1214 774 λολατρίαν
1230 738 1346 773 σπουδῆς
1357 746 1364 771 ;
1377 738 1394 773 ἢ
1407 737 1472 765 ποία
1484 737 1559 774 παρὰ
1578 737 1705 772 γλυπτῶν
1719 737 1833 773 δνησιςς
1848 737 1864 771 ἦ

1072 783 1142 810 κατὰ
1154 783 1213 810 τίνα
1229 783 1328 820 τρόπον
1340 783 1503 819 εὐφρανοῦσί
1515 792 1591 815 τινας
1607 784 1625 810 ἂ
1640 783 1681 810 δεῖ
1697 784 1809 815 πάντως
1820 783 1865 809 ἑλ-

1072 829 1129 856 Θεῖν
1142 830 1182 861 εἰς
1204 830 1412 866 καταστροφήν;
1434 829 1553 857 Ἐοίκασι
1572 829 1661 857 τοίνυν
1679 831 1703 857 οι
1726 830 1762 857 τὰ
1774 829 1864 856 τοιάδε

232 885 269 906 uo
300 878 478 905 subvertenda
495 877 578 904 sunt?
602 876 694 911 Itaque
717 876 763 910 qui
777 875 840 903 talia
856 875 944 902 facere
955 883 1019 903 con-

1073 877 1159 902 ποιεῖν
1170 875 1306 908 εἰωθότες,
1320 876 1368 902 καὶ
1380 876 1439 908 ταῖς
1451 875 1568 903 είδώλων
1581 877 1674 911 τιμαῖς
1689 875 1865 906 ἀνατιθέντες

231 929 388 955 sueverunt,
403 927 429 950 et
448 924 546 950 seriam
570 929 682 957 operum
708 921 785 949 idolis
812 921 912 954 dicant.
926 928 1019 948 eorum

231 970 356 996 videntur
371 968 482 1000 similes,
495 967 539 1002 qui
565 975 580 994 a
597 972 677 996 vento
697 971 824 1001 corrupta
840 967 1018 1001 seminarum,

231 1015 422 1050 spicarumque
451 1013 587 1048 manipqu
616 1013 777 1041 frumentum
814 1020 866 1040 non
889 1012 1018 1044 habenti,

231 1067 258 1089 et
283 1061 316 1089 ad
342 1068 419 1088 usum
444 1060 537 1086 farina:
564 1059 676 1086 minime
703 1058 777 1085 lacti.
802 1057 879 1091 Quod
898 1057 921 1085 si
955 1057 1019 1092 quid

229 1107 313 1134 etiam
339 1105 527 1141 pnestiterint,
545 1105 599 1132 hoc
609 1110 664 1136 est,
680 1104 804 1138 quamvis
818 1103 903 1131 videri
916 1104 1020 1138 possint

231 1153 323 1188 aliquo
341 1151 419 1179 modo
434 1151 495 1179 boui
516 1155 543 1178 et
565 1151 663 1178 sinceri
680 1151 754 1178 circa
774 1157 854 1185 opera
884 1149 1020 1177 seductio-

231 1201 296 1228 nis;
315 1204 343 1227 et
368 1200 418 1226 hoc
443 1199 468 1225 in
491 1198 595 1224 alienos
623 1198 658 1224 ab
682 1197 746 1232 ipsis
773 1196 938 1229 conferetur,
964 1195 1019 1223 Deo

231 1252 297 1272 vero
320 1244 480 1278 neutiquam
504 1242 600 1277 gaudio
614 1242 676 1268 erit.
691 1241 800 1268 Alienos
819 1241 939 1268 nominat
953 1239 1020 1267 falso

232 1290 342 1318 nomine
356 1289 503 1324 appellatos
514 1288 589 1315 deos.
605 1286 686 1314 Caret
701 1286 784 1321 igitur
799 1286 872 1313 omni
893 1285 1019 1314 mercede

231 1341 261 1364 et
295 1336 415 1372 probitas
450 1338 541 1361 nostra
577 1333 602 1360 in
634 1332 686 1365 his,
721 1340 781 1366 qua:
807 1332 877 1359 Deus
903 1332 1019 1363 odit;et

231 1388 323 1410 mores
341 1380 404 1408 boni
419 1379 453 1406 ad
468 1386 562 1406 verum
582 1378 681 1405 bonum
704 1385 756 1404 non
771 1378 932 1409 eminentes,
948 1384 1020 1404 surr-

231 1435 282 1464 per
300 1432 327 1455 et
348 1426 510 1454 omnimodis
529 1425 563 1452 ab
577 1433 610 1452 co
630 1425 872 1460 reprehendemur.

272 1473 352 1501 Vsus.
381 1471 408 1503 8,
431 1471 458 1498 9.
480 1471 624 1504 Absorptus
651 1474 690 1496 ert
717 1469 810 1502 Israel,
842 1477 910 1496 nunc
933 1470 1018 1504 factus

231 1523 270 1546 est
293 1518 319 1544 in
342 1517 460 1552 gentibus
485 1515 560 1550 quasi
577 1522 620 1541 vas
640 1514 744 1546 inutile,
765 1515 826 1548 quia
850 1513 900 1548 ipsi
925 1522 1018 1540 arcen-

1071 921 1103 949 τδ
1114 921 1284 957 σπούδασμα,
1296 923 1351 954 τοῖς
1363 921 1521 958 σπείρουσιν
1536 922 1773 957 ἀνεμόφθορα,καὶ
1783 922 1864 948 ἀστα-

1072 967 1144 1003 χύων
1160 967 1306 1003 δράγματι,
1331 968 1402 994 σῖτον
1427 967 1477 994 οὐκ
1497 966 1596 1002 ἔχοντι,
1613 966 1660 993 καὶ
1682 968 1722 998 εἰς
1744 965 1863 1002 ἀλεύρου

1072 1013 1165 1048 χρείαν
1182 1013 1212 1039 οὺ
1230 1013 1417 1048 πεποιημένῳ.
1433 1013 1465 1039 Εἰ
1477 1013 1505 1039 δὲ
1516 1013 1547 1048 δή
1562 1021 1589 1039 τι
1607 1012 1655 1039 καὶ
1674 1013 1783 1047 γένοιτο
1799 1012 1863 1047 παρ’

1071 1057 1171 1090 αὐτῶν,
1187 1058 1323 1090 τουτέστι,
1335 1057 1386 1084 κᾶν
1401 1058 1427 1084 εί
1439 1057 1543 1091 segem
1551 1066 1610 1090 πως
1622 1055 1693 1084 εἶναι
1707 1057 1862 1088 σπουδαῖοι,

1071 1103 1120 1130 καὶ
1136 1103 1241 1139 γνήσιοι
1259 1103 1324 1138 περὶ
1339 1103 1374 1130 τὰ
1390 1104 1440 1138 τῆς
1456 1103 1560 1138 πλάνης
1575 1103 1655 1139 ἔργα,
1667 1103 1714 1130 καὶ
1729 1102 1813 1129 τοῦτο
1826 1103 1864 1133 εἰς

1072 1148 1229 1183 ἀλλοτρίους
1253 1149 1397 1183 γενήσεται
1413 1149 1478 1184 παρ’
1504 1148 1603 1179 αὐτῶν.
1630 1149 1819 1182 κατευφρανεῖ
1837 1147 1863 1173 δὲ

1072 1193 1138 1219 Θεὸν
1158 1193 1218 1220 κατ’
1233 1193 1329 1219 οὐδένα
1350 1193 1462 1226 τρόπον.
1484 1193 1653 1228 Ἀλλοτρίους
1667 1193 1696 1220 δέ
1716 1201 1786 1228 φησι
1803 1193 1864 1223 τοὺς

1071 1238 1266 1274 ψευδωνύμους
1286 1239 1375 1271 οεούς.
1396 1239 1528 1274 Ἀμιτθον
1541 1237 1587 1266 οὖν
1599 1239 1652 1273 ἄρα
1667 1238 1808 1270 παντελῶς
1819 1239 1865 1265 καὶ

1071 1284 1103 1310 τὺ
1122 1284 1264 1311 σπουδαῖον
1277 1285 1368 1320 ἡμῶν,
1393 1285 1422 1310 ὲν
1439 1286 1496 1317 τοῖς
1517 1284 1631 1318 λυποῦσι
1654 1284 1731 1317 Θεὸν,
1747 1285 1796 1310 καὶ
1816 1283 1864 1318 τῆς

1072 1331 1223 1362 ἐπιεικείας
1237 1331 1262 1357 οι
1280 1331 1376 1367 τρόποι
1397 1332 1523 1364 πάντοτε,
1540 1332 1588 1358 καὶ
1601 1332 1710 1362 πάντως
1720 1329 1864 1364 διαϐεϐλή-

1073 1385 1164 1404 σονται
1189 1378 1254 1412 παρ’
1276 1378 1361 1413 αὐτῷ,
1382 1378 1434 1414 τῆς
1458 1378 1504 1404 τοῦ
1527 1377 1630 1413 ἀγαθοῦ
1657 1377 1863 1408 διεκπίπτοντες

1072 1423 1169 1458 Οὴρας.

1107 1469 1262 1502 Κατεπόθη
1284 1469 1418 1503 Ἰσραὴλ,
1441 1470 1500 1497 νῦν
1516 1470 1633 1505 ἐγένετο
1647 1469 1682 1496 ἐν
1700 1469 1765 1502 toic
1785 1456 1863 1496 ἐδη-

1072 1522 1123 1541 σιν
1137 1514 1177 1547 ὡς
1188 1513 1299 1548 σκεῦος
1314 1514 1478 1550 ἄχρηστον,
1499 1515 1543 1542 ὅτι
1557 1516 1642 1542 αὐτοὶ
1656 1515 1813 1549 ἀνέϐησαν
1823 1516 1863 1548 εις

232 1566 325 1592 derunt
343 1551 382 1590 fail
400 1562 532 1597 Assyrios.
548 1560 672 1595 Reﬂoruit
686 1569 732 1595 per
745 1562 859 1594 sei,:sum
882 1559 1018 1594 Epltraim,

1078 1560 1263 1594 Ἀσσυρίους.
1295 1561 1450 1588 Ὰνέθαλεν
1493 1562 1557 1589 καθ’
1586 1562 1694 1588 ἐαυτδν
1722 1561 1861 1595 Ἐςεραῖμι

232 1617 342 1637 munera
373 1609 532 1641 dilexerunt,
563 1612 699 1641 propterea
737 1606 876 1634 tradentur
902 1607 929 1633 in
961 1613 1022 1641 gen-

233 1655 313 1683 tibus.

270 1701 347 1736 121
372 1699 427 1728 XC.
453 1700 620 1734 Absorptum
640 1699 706 1726 dicit
720 1697 858 1731 lsraelem,
871 1698 1022 1725 utmisera-

233 1747 288 1774 bile
329 1746 498 1782 naufragium
532 1752 708 1780 perpessum,
735 1744 811 1772 etin
846 1748 1020 1779 peccatorum

235 1799 350 1819 suorum
372 1792 499 1819 ﬂuctibus
517 1790 689 1821 sull‘ocatuin.
708 1797 740 1817 ac
761 1790 833 1817 velut
851 1790 884 1816 ad
918 1794 1021 1824 petram

232 1837 381 1872 quamdam
411 1837 509 1864 divinae
527 1836 574 1863 ivre
607 1835 766 1870 impulsibus
786 1835 892 1862 allisum
919 1835 1022 1862 contri-

233 1889 353 1919 tumquc.
374 1884 428 1910 Aut
457 1888 531 1911 certe
556 1882 634 1917 juxta
666 1883 746 1910 aliam
771 1882 1020 1916 interpretationem

232 1931 395 1966 absorptum‘
429 1928 496 1957 dicit
518 1930 595 1964 quasi
621 1929 656 1956 ab
683 1928 805 1955 horribili
829 1932 856 1955 et
876 1927 1021 1955 insatiabili

231 1976 350 2004 dracone
381 1974 657 2003 Nabucliodonosore.
693 1974 739 2003 Sic
767 1974 839 2001 enim
876 1978 918 2001 est
950 1975 1021 2007 apud

231 2020 313 2048 alium
329 2025 486 2047 sanctorum
511 2020 715 2054 prophetarum,
733 2019 759 2045 in
779 2025 892 2053 persona
914 2018 1021 2045 lsraclis

227 2066 284 2100 jam
302 2065 411 2100 captivi,
434 2070 463 2092 et.
478 2065 595 2092 dominis
610 2064 666 2092 suis
681 2063 825 2091 servientis
844 2070 852 2089 :
870 2072 879 2088 ι
897 2063 1021 2090 Comedit

231 2119 285 2142 me.
300 2110 391 2138 divisit
410 2118 461 2143 Ine,
489 2110 754 2145 comprehenderunt
777 2116 818 2135 me
847 2109 963 2136 tenebrae
982 2114 1021 2135 te-

230 2165 309 2184 nues.
345 2155 594 2184 Nabuchodonosor
633 2162 678 2182 rex
712 2153 857 2190 Babylonis
881 2153 1021 2181 absorbuit

230 2210 275 2230 me
292 2203 370 2237 quasi
397 2203 492 2235 draco,
520 2201 642 2236 implevit
674 2205 796 2227 ventrem
817 2207 894 2227 suum
919 2208 934 2226 a
958 2199 1020 2226 cibo

231 2255 290 2274 meo
305 2248 354 2274 ἀ.»
371 2247 418 2275 Est
432 2251 460 2274 et
477 2247 577 2280 alioqui
597 2253 700 2277 verum,
727 2245 874 2272 draconem
901 2244 1018 2272 multici-

230 2294 312 2328 piteni
337 2294 471 2320 charitate
488 2293 514 2319 in
531 2292 615 2319 Deum
641 2290 798 2318 excidentes
824 2290 935 2317 sorbere
953 2297 1018 2324 quo-

229 2340 384 2370 dammodo,
401 2344 429 2365 et
452 2346 533 2365 suum
564 2337 615 2363 sibi
642 2337 732 2363 cibum
759 2334 869 2367 facere;
893 2343 972 2369 quem
992 2341 1019 2363 et

230 2384 374 2412 Psalmista
392 2384 458 2411 dicit
478 2391 569 2410 escam
592 2382 683 2408 datum
705 2380 810 2415 populis
834 2380 1018 2415 [Etliiopibusu

228 2431 318 2464 lnquit
333 2430 404 2456 enim
422 2439 429 2456 :
446 2438 454 2453 ι
471 2429 510 2455 Tu
533 2427 690 2461 confregisti
711 2431 793 2460 caput
815 2426 951 2459 draconis,
967 2428 1016 2454 de—

229 2475 292 2502 disti
311 2482 373 2501 eum
397 2481 486 2500 escam
507 2472 612 2506 populis
627 2471 799 2506 (Etlriopibus
811 2473 860 2500 ".i
878 2472 928 2505 Qui
943 2473 1015 2500 enim

231 2520 404 2555 nigerrintam
429 2523 457 2545 et
474 2518 542 2544 lucis
557 2517 651 2544 orbam
667 2517 693 2543 in
710 2518 806 2553 seipsis
832 2523 949 2544 utentem
967 2518 1014 2544 ha-

229 2567 304 2598 bent,
317 2565 378 2599 jure
389 2563 530 2597 jEthiopes
545 2568 571 2589 et
588 2562 699 2598 intelligi
715 2570 741 2591 et
758 2564 810 2591 dici
831 2571 845 2590 a
859 2563 937 2591 nobis
951 2563 1015 2598 ipsis

229 2617 257 2639 et
268 2620 284 2638 a
299 2611 480 2644 Deopossnnt.
493 2608 524 2635 ili
535 2608 721 2644 multicipitem
735 2610 877 2637 draconem
892 2613 1016 2643 pascunt,

231 2658 335 2692 ipsique
354 2655 472 2682 vicissim
494 2655 528 2682 ab
541 2662 574 2682 eo
593 2659 750 2690 pascuntur.
775 2663 784 2680 ι
802 2655 952 2689 Absorptus
975 2659 1017 2682 est

231 2703 313 2736 igitur
336 2698 429 2733 Israel,
447 2705 473 2728 et
496 2699 582 2728 factus
605 2705 645 2727 est
671 2701 741 2727 inter
772 2705 865 2734 gentes
888 2705 1014 2732 tanquam

229 2754 278 2775 Vas
300 2746 420 2774 inutile.»
435 2746 574 2774 Alrduetus
600 2746 670 2773 enim
687 2746 720 2773 ad
736 2746 863 2780 Assyrios
877 2750 904 2772 et
925 2745 1014 2773 Medos

633 2790 639 2803 I

264 2840 287 2856 “
300 2839 355 2867 Jer.
373 2847 409 2872 LI,
427 2840 470 2867 54.
509 2839 530 2854 ’⁷
547 2837 616 2866 Psal.
631 2845 727 2870 uxm,
747 2837 788 2863 1i.

1073 1605 1153 1639 δῶρα
1169 1605 1342 1640 ἠγάπησαν,
1358 1606 1406 1634 διὰ
1433 1607 1519 1634 τοῦτο
1545 1607 1811 1642 παραδοθήσονται
1829 1607 1860 1633 ὲ»-

1072 1651 1135 1684 τοῖς
1153 1653 1265 1679 ἔθνεσι.

1109 1698 1143 1730 μ’.
1170 1696 1383 1723 Καταπεπόσθαι
1396 1696 1463 1732 φησὶ
1483 1697 1528 1724 τὸν
1553 1696 1671 1732 Ἰσραὴλ,
1688 1696 1727 1727 ὡς
1745 1696 1859 1731 οἰκτρὰν

1073 1743 1256 1778 ὑπομείναντα
1267 1742 1410 1777 ναυαγίαν,
1429 1743 1476 1769 καὶ
1491 1743 1546 1774 τοῖς
1560 1742 1613 1769 τῶν
1629 1742 1701 1768 ἰδίων
1719 1741 1862 1777 ἁμαρτιῶν

1072 1789 1286 1823 ὲναποπνιγέντα
1296 1788 1410 1824 κύμασι,
1423 1789 1470 1815 καὶ
1483 1788 1578 1823 ὥσπερ
1589 1787 1643 1814 τινὶ
1659 1788 1748 1823 πέτρᾳ
1759 1789 1818 1819 τοῖς
1832 1788 1861 1813 ὲκ

1073 1834 1148 1866 θείας
1174 1835 1258 1870 ὀργῆς
1282 1835 1416 1869 κινήμασι
1445 1834 1726 1870 περιτεθραυσμένον.
1761 1835 1861 1867 Ἥγοον

1072 1880 1120 1907 καὶ
1131 1880 1192 1907 καθ’
1206 1881 1298 1916 ἕτερον
1319 1881 1431 1916 τρόπον,
1450 1880 1658 1908 καταπεπόσθαι
1672 1880 1755 1915 φησιν
1771 1880 1861 1911 αὑτὸν,

1071 1924 1110 1956 ὡς
1133 1924 1185 1951 ὑπὸ
1201 1924 1288 1951 δεινοῦ
1323 1926 1370 1952 καὶ
1395 1925 1534 1960 ἀπλήστου
1553 1924 1708 1959 δράκοντος,
1731 1923 1780 1950 τοῦ
1806 1924 1860 1950 Να-

1071 1971 1272 2007 ῧουχοδονόσορ.
1296 1972 1366 2007 Ἔφη
1392 1972 1446 2006 γὰρ
1465 1970 1516 1998 ὦδε
1537 1972 1584 1998 καὶ
1606 1971 1698 2006 ἕτερος
1718 1972 1788 2006 ἡμῖν
1810 1972 1861 1997 τῶν

1071 2016 1157 2050 ἁγίων
1175 2017 1333 2052 προφητῶν,
1357 2017 1388 2043 τὸ
1410 2017 1456 2044 τοῦ
1487 2017 1593 2052 Ἰσραὴλ
1612 2017 1758 2053 πρόσωπον
1777 2017 1860 2052 ἐαυτῷ

1071 2061 1221 2096 περιτιθεὶς
1233 2081 1240 2093 ,
1254 2062 1413 2097 δορικτήτου
1429 2071 1458 2088 τε
1476 2062 1552 2094 ὄντος
1565 2063 1626 2098 ἤδη,
1640 2063 1687 2090 καὶ
1700 2065 1758 2094 τοῖς
1772 2063 1860 2089 ἑλοῦσι

1070 2106 1252 2140 δουλεύοντος·
1268 2117 1277 2134 ‹
1291 2108 1437 2143 Κατέφαγὲ
1454 2117 1499 2144 με,
1514 2109 1660 2144 ἐμερίσατὸ
1671 2118 1716 2144 με,
1730 2109 1861 2136 κατέλαϐέ

1073 2161 1107 2186 με
1126 2153 1221 2184 σκότος
1235 2152 1343 2181 λεπτόν.
1365 2153 1600 2189 Ναῦουχοδονόσορ
1620 2154 1747 2189 βασιλεὺς
1772 2154 1859 2181 Βαϐυ-

1071 2197 1167 2229 λῶνος,
1187 2198 1301 2225 κατέπιέ
1325 2208 1359 2234 με
1375 2200 1412 2231 ὠς
1427 2200 1545 2236 δράκων,
1571 2200 1672 2236 ἔπλησε
1695 2201 1746 2236 τὴν
1761 2201 1861 2227 κοιλίαν

1073 2244 1154 2271 αὑτοῦ
1167 2245 1221 2271 ἀπὸ
1235 2246 1283 2280 τῆς
1295 2246 1397 2281 τροφῆς
1411 2255 1471 2282 μου.
1487 2256 1497 2272 ι
1521 2247 1632 2282 Ἀληοὲς
1645 2247 1673 2274 δὲ
1685 2248 1733 2274 καὶ
1750 2248 1862 2283 ἑτέρως.

1072 2291 1109 2322 ὡς
1125 2292 1293 2327 καταρῤοφεῖ
1302 2293 1403 2327 τρόπον
1415 2293 1475 2320 τινὰ
1487 2295 1551 2325 τοὺς
1564 2294 1613 2329 τῆς
1621 2295 1661 2326 εἰς
1673 2294 1740 2321 Θεὸν
1754 2294 1861 2329 ἀγάπης

1072 2336 1264 2369 ἐκπίπτοντας,
1291 2337 1338 2364 καὶ
1365 2338 1434 2364 ἰδίαν
1454 2340 1571 2366 ποιεῖται
1590 2340 1692 2375 τροφὴν
1713 2340 1728 2365 ὁ
1751 2339 1861 2366 πολυκέι

1073 2381 1156 2415 φαλος
1174 2381 1293 2417 δράκων,
1307 2383 1336 2409 ὃν
1352 2383 1398 2409 καὶ
1412 2384 1428 2418 ἡ
1443 2383 1490 2410 τοῦ
1502 2384 1655 2417 Ψάλ).οντος
1670 2385 1746 2420 φωνὴ
1766 2385 1862 2421 βρῶμα

1070 2427 1190 2454 διδόσθαι
1212 2429 1278 2462 φησὶ
1295 2428 1370 2460 λαοῖς
1390 2430 1448 2460 τοῖς
1471 2430 1588 2464 ΔίΘίοζιι,
1607 2441 1616 2456 ι
1629 2431 1664 2456 Σὺ
1674 2431 1738 2466 γὰρ,
1787 2433 1861 2466 φησὶ,

1072 2473 1237 2504 συνέολασας
1269 2473 1318 2508 τὴν
1345 2474 1465 2509 κεφαλὴν
1495 2475 1542 2501 τοῦ
1566 2475 1711 2511 δράκοντος
1728 2485 1735 2490 ·
1759 2476 1861 2508 ἔδωκας

1071 2519 1151 2545 αὑτὸν
1169 2519 1266 2554 βρῶμα
1284 2519 1358 2551 λαοῖς
1381 2521 1437 2552 τοῖς
1458 2521 1592 2555 Αἰθίοψιν.
1605 2531 1614 2548 ι
1641 2522 1671 2547 Οἱ
1689 2521 1744 2556 γὰρ
1767 2523 1860 2557 μελαν-

1070 2573 1149 2591 τατον
1169 2565 1276 2599 ἔχοντες
1298 2563 1376 2600 ἐν’γε
1395 2567 1426 2601 δὴ
1452 2567 1543 2601 σφίσιν
1568 2567 1670 2600 αὐτοῖς,
1690 2569 1737 2594 καὶ
1754 2569 1859 2602 ἀρρεγγῆ

1069 2610 1114 2636 τὸν
1137 2610 1209 2642 νοῦν,
1244 2611 1371 2644 Αἰθίοπες
1396 2613 1509 2644 εἰκότως
1541 2613 1587 2640 καὶ
1618 2614 1711 2640 νοοῖντ¹
1744 2614 1789 2643 ἂν.
1817 2615 1860 2640 καὶ

1068 2655 1188 2689 λέγοιντο
1202 2656 1269 2690 πρός
1283 2665 1313 2682 τε
1330 2657 1407 2691 ἡμῶν
1418 2657 1519 2689 αὐτῶν,
1534 2658 1581 2685 καὶ
1596 2658 1670 2693 παρὰ
1686 2657 1766 2684 Θεοῦ.
1784 2655 1859 2685 Οὗτοι

1068 2700 1198 2736 τρέφουσι
1219 2701 1264 2728 τὸν
1289 2702 1474 2736 πολυκέφαλον
1497 2702 1641 2738 δράκοντα,
1666 2703 1714 2729 καὶ
1737 2703 1815 2730 αὐτοὶ
1833 2703 1859 2730 δὲ

1068 2746 1148 2773 αὑτὸν
1179 2747 1315 2774 σιτοῦνται
1346 2747 1438 2775 πάλιν,
1473 2749 1691 2776 (Καταπέποται
1722 2750 1815 2777 τοίνυν
1843 2747 1855 2772 ὁ
