1919 3042
78 133 127 161 9οὸ

539 129 815 159 COMMENTARIUS
837 129 869 157 IN
889 129 1003 157 OSEAM
1024 129 1244 158 PROPHETAM.

1650 135 1704 162 2οη

82 189 197 225 Ἰσραὴλ,
224 188 272 216 καὶ
296 188 412 223 γέγονεν
438 190 466 216 ὲν
495 191 551 221 τοῖς
575 190 679 216 ἔθνεσιν
705 190 742 221 ὡς
774 189 865 220 σκεῦος

921 189 1006 215 evasit
1027 188 1129 216 inutilis
1159 188 1276 223 penitus,
1294 195 1325 216 ex
1349 195 1441 216 eorum
1469 189 1582 218 cerebro
1612 198 1707 226 Sapere

76 237 220 271 ἄχρηστον.
245 245 255 260 ι
290 235 527 270 ’Λπενηνεγμένος
555 235 609 270 γὰρ
636 236 676 266 εἰς
708 234 868 270 Ἄσσυρίους

77 283 121 308 καὶ
143 281 264 316 Μήδους,
287 281 427 316 ὴχρειώϐη
453 281 602 313 παντελῶς,
628 281 662 307 τὰ
687 280 801 312 ἐκείνοις
825 279 869 306 δο-

77 326 174 352 κοῦντα
190 327 300 361 φρονεῖν
319 328 391 360 τάχα
416 335 467 353 που
489 326 674 361 βεϐιασμένος.
696 327 807 360 Ἤγουν,
828 326 868 352 ὅτι

76 372 170 406 γέγονε
193 372 291 403 σκεῦος
313 372 470 407 ἄχρηστον,
492 372 622 407 ταύτῃτοι
642 372 689 398 καὶ
719 371 867 406 κατεπόθη,

76 418 120 444 καὶ
134 418 184 453 τὴν
197 418 364 452 ἐνεγκοῦσαν
380 419 469 452 ἀφεὶς,
488 419 681 454 μετεςοῐτησεν
694 419 734 449 εἰς
748 418 782 445 τὰ
793 418 867 453 ἔθνη.

76 464 186 490 Τοιοῦτό
201 465 227 490 τί
240 473 325 499 φησιν
346 465 361 490 ὁ
379 465 486 492 πάντων
496 464 635 500 Δεσπότης
648 465 695 491 καὶ
714 464 758 491 διὰ
779 464 869 499 φωνῆς

81 509 226 544 Ἰερεμίου,
248 509 314 545 περί
331 518 405 542 τινος
421 510 475 536 τῶν
496 511 525 536 ἐν
546 510 687 545 Σαμαρείᾳ
714 510 869 545 βεὸασιλευ-

72 555 161 580 κάτων
190 555 237 581 ἐπὶ
260 555 306 581 τὸν
335 555 453 591 Ἰσραήλ·
486 555 655 591 (Ἦτιμώθη
686 555 811 590 Ἰεχονίας
831 555 869 587 ὡς

74 600 183 632 σκεῦος,
199 599 230 628 οὗ
243 601 295 628 οὐκ
315 601 372 627 ἔστι
387 601 466 636 χρεία
480 601 574 632 αὑτοῦ,
603 601 643 627 ὃτι
660 601 801 637 ἐξερρίφη,
822 602 869 628 καὶ

74 646 209 682 ἐξεϐλήθη
223 648 265 678 είς
280 649 342 682 γῆν,
356 647 390 682 ἢν
402 649 451 674 οὐκ
470 647 539 682 ᾔδει.
563 647 611 682 Γῆ,
624 647 671 681 γῆ,
689 647 771 673 ἄκουε
791 647 869 679 λόγον

74 692 192 727 Κυρίου,
206 693 313 727 γράψον
327 692 373 719 τὸν
384 692 469 727 ἀνδρα
483 691 577 718 τοῖτον
589 692 759 727 ἐκκήρυκτον
770 691 817 718 ἄνθ
823 700 870 727 ρω-

75 748 134 766 πον.
162 748 172 764 ι
197 737 351 773 Ἥχρειῶοη
374 738 463 764 τοίνυν
484 738 498 764 ὁ
528 737 646 773 Ἰσραὴλ,
668 738 715 764 καὶ
733 737 868 773 ὴτιμὼοη.

74 784 141 810 Ποία
164 784 220 818 γὰρ
243 784 324 818 χρεία
347 783 437 818 ψυχῆς
458 782 498 817 τῷ
519 782 579 818 Θεῷ
602 783 792 818 πλανωμένης,
822 783 880 809 καὶ·

73 830 327 865 τριλαμαρτήμονος,
342 829 389 855 καὶ
406 828 610 864 ἀποτρεχούσης
627 828 744 860 εὐκόλως
759 829 799 860 εἰς
812 829 867 855 πᾶν

921 234 1032 261 forsitan
1057 234 1223 269 compulsus.
1238 234 1292 262 Aut
1306 242 1374 263 sane
1395 235 1457 270 quia
1481 235 1569 264 factus
1594 243 1636 265 est
1662 245 1707 265 vas

921 279 1024 311 inutile,
1049 280 1149 307 idcirco
1169 285 1196 307 et
1210 282 1355 316 absorptus
1375 286 1427 314 est,
1447 285 1484 309 .cl
1503 281 1594 310 relicta
1618 284 1706 317 patria

920 325 952 351 ad
970 331 1064 360 gentes
1081 327 1295 362 trnnsmigravit.
1312 326 1405 354 Simile
1420 328 1484 362 quid
1505 328 1543 356 ait
1557 329 1640 356 etiam
1657 337 1706 364 per

919 371 1064 399 Jercmiam
1076 372 1196 399 omnium
1214 373 1345 401 Dominus
1361 374 1394 402 de
1407 375 1522 409 quodam
1541 383 1603 410 rege
1618 376 1705 404 Israe-

924 417 955 444 hs
972 417 999 444 in
1020 417 1142 445 Samaria
1157 427 1183 446 ι(
1201 418 1380 446 Inhonoratus
1397 425 1439 447 cst
1460 420 1612 454 Jcehonias,
1629 423 1705 456 quasi

921 471 967 490 vas
997 463 1073 497 cujus
1094 472 1147 491 non
1177 468 1219 491 est
1239 472 1303 491 usus
1331 465 1399 498 ejus,
1420 466 1482 500 quia
1508 466 1644 501 projeclus
1663 472 1706 496 est

921 510 946 536 in
970 514 1069 537 terram
1088 518 1169 544 quam
1187 510 1334 538 nesciebat.
1349 510 1444 544 Terra,
1462 517 1545 544 terra,
1565 514 1627 540 audi
1643 521 1704 541 ver-

921 557 982 583 bum
1005 556 1121 583 Domini.
1137 556 1231 584 Scribe
1250 557 1336 583 virum
1364 557 1443 583 istum
1474 558 1627 586 abdicatum
1654 560 1704 588 lio-

920 601 1018 628 minem
1031 600 1079 628 η.»
1099 600 1199 629 Factus
1213 606 1254 629 est
1268 601 1351 637 igitur
1365 601 1468 629 inutilis
1485 607 1512 629 et
1529 603 1706 631 inhonoratus

920 647 1011 674 lsrael.
1035 647 1099 681 Quze
1115 655 1231 682 namque
1245 648 1346 675 utilitas
1357 648 1392 675 ab
1407 649 1496 675 anima
1513 648 1559 675 Dci
1574 649 1704 676 desertri-

920 701 960 724 ce.
981 698 1007 720 et
1026 694 1144 728 peccatis
1160 693 1260 726 dedita,
1287 699 1313 721 et
1332 694 1412 721 facile
1426 695 1452 721 in
1475 701 1556 722 omne
1584 702 1669 729 genus
1691 703 1707 722 ιι

921 739 1023 766 ratione
1041 739 1245 767 abhorrentium
1270 740 1467 775 prmeipitante,
1489 745 1517 767 et
1531 741 1603 775 quod
1620 739 1706 768 malo-

921 792 979 811 rum
1001 789 1082 819 cnput
1100 789 1140 812 est
1150 804 1157 815 .
1180 792 1194 811 a
1208 785 1340 813 servitute
1355 784 1402 812 Dei
1416 792 1477 812 sese
1490 789 1643 818 avertente,
1656 792 1706 812 ex-

920 831 1062 864 spectanda
1081 831 1239 864 est?Qnam
1260 831 1342 865 igitur
1360 831 1395 858 ob
1411 838 1521 858 causam
1539 831 1597 858 haec
1610 839 1707 866 passus

72 875 161 901 ὁτιοῦν
176 875 233 901 τῶν
247 875 382 907 ἐκτόπων,
402 875 448 900 καὶ
458 875 497 905 εἰς
511 874 541 900 τὸ
554 874 662 901 πάντων
674 874 802 901 ἐπέκεινα
814 873 865 900 τῶν

920 880 960 902 est
980 875 1087 903 Israel?
1106 885 1115 901 ι
1131 876 1197 909 Quia
1229 876 1278 910 ipsi
1304 876 1494 903 ascenderunt.
1511 885 1520 901 ι
1545 875 1585 903 Ad
1617 876 1708 903 hostes

72 921 176 952 κακῶν.
199 920 248 955 τῆς
265 920 317 946 ὑπὸ
331 920 398 946 Θεοῦ
417 920 537 951 δουλείας
553 920 603 955 τὴν
619 920 796 954 ἀποστροφήν
812 927 820 952 ;
837 919 869 946 Τί

72 965 117 994 οὖν
129 968 147 1002 ή
160 967 238 992 αῐτία
255 966 302 992 τοῦ
317 966 352 992 τὰ
363 966 451 993 τοιάδε
467 966 583 1001 πάσχειν
593 966 638 992 τὸν
651 965 776 1001 Ίσραήλ;
792 965 868 991 (Ὅτι

73 1014 149 1040 αὐτοὶ.
165 1012 316 1046 ἁνέὸησαν.
331 1022 339 1038 ι
355 1012 506 1046 Μονονουχὶ
528 1011 593 1046 γὰρ,
613 1011 704 1046 φησὶν,
726 1010 869 1046 αὐτόμολοι

71 1058 261 1094 ὃεδραμήκασι
276 1057 344 1093 πρὸς
359 1057 481 1095 ἐχθροιξᾳ
497 1057 593 1092 Πῶς,ἢ
605 1057 665 1083 τίνα
680 1057 798 1092 τρόπον;
819 1057 868 1082 Δε-

71 1104 157 1135 διότες
170 1104 227 1138 γὰρ
241 1104 292 1138 τὴν
309 1103 420 1131 ἐκείνων
439 1095 544 1137 ἔφοδον,
568 1103 599 1129 οὐ
613 1102 663 1137 τὴν
679 1101 746 1128 Θεοῦ
770 1102 869 1137 μᾶλλον

71 1150 236 1186 ἐπικουρίαν
265 1149 388 1185 ἐζήτουν,
421 1148 681 1184 μεταγινώσκοντες.
711 1148 814 1183 Δώροις
839 1148 869 1174 δὲ

72 1196 173 1232 μᾶλλον
202 1197 432 1231 μεταπεπείκασι,
459 1196 652 1231 κατηρεμῆσαι
681 1195 779 1231 βραχὺ,
809 1194 869 1223 εἶτα

69 1243 118 1277 τὴν
138 1242 250 1269 τοιάνδε
265 1242 372 1277 σκέψιν,
387 1242 424 1273 ὡς
439 1242 545 1268 εἰκαίαν
558 1242 649 1273 αὐτοῖς
665 1242 807 1278 ἐσομένην,
822 1243 869 1269 καὶ

69 1289 220 1323 ἄχρηστον,
235 1289 348 1324 διαγελᾷ
362 1289 466 1324 τρόπον
481 1288 552 1321 τινὰ,
568 1288 655 1322 λέγων
674 1288 738 1323 περὶ
757 1287 812 1314 τῶν
836 1289 869 1315 ἐκ

69 1335 157 1370 φυλῆς
173 1335 299 1372 Ἐφροϊμ
315 1336 557 1370 βεϐασιλευκότων,
574 1336 598 1362 οἳ
616 1336 663 1363 καὶ
674 1335 749 1371 δῶρα
763 1335 869 1371 πεττόμ-

69 1390 134 1414 ςασι
163 1383 224 1413 τοῖς
251 1382 403 1417 Ἀσσυρίων
434 1382 576 1417 τυράννοις
592 1390 600 1398 ·
628 1391 637 1407 ι
655 1382 780 1409 Ἀνέοαλε
808 1382 870 1409 καθ’

68 1427 164 1454 ἑαυτὸν
191 1428 324 1463 Ἐφραῖμ.
340 1437 349 1453 ι
381 1428 492 1462 Ὅμοιον
518 1428 556 1459 ὡς
587 1428 610 1454 εἰ
636 1428 730 1462 λέγοι·
756 1428 869 1455 Μέλλων

68 1474 255 1500 ἐκκόπτεσθαι
269 1474 396 1509 καθάπερ
407 1483 433 1500 τι
445 1474 568 1509 στέλεχος
581 1475 596 1500 δ
608 1475 639 1500 ἐκ
652 1474 736 1510 φυλῆς
750 1474 868 1510 Ἐφραῒμ

69 1516 288 1551 βεῦασιλευκὼς.
308 1518 355 1544 καὶ
375 1516 430 1545 οἷον
448 1519 499 1545 ὑπὸ
516 1519 601 1555 πυρὸς
618 1519 667 1553 τῆς
686 1519 760 1550 θείας
783 1519 868 1554 ὀργῆς

69 1563 329 1599 καταμαραίνεσοαι
343 1584 350 1596 ,

68 1609 134 1644 ἐμοῦ
153 1610 229 1644 δίχα,
245 1611 293 1636 καὶ
303 1610 456 1645 σύμπνοιαν
470 1610 518 1645 τὴν
535 1610 604 1645 ἐμὴν
618 1611 668 1637 οὐκ
682 1610 760 1646 ἔχων,
777 1610 863 1646 ᾠήθη,

69 1655 162 1690 φησὶν,
183 1656 225 1682 ὅτι
241 1655 365 1690 ζήσεται,
394 1657 441 1683 καὶ
453 1655 532 1682 δώσει
546 1656 623 1691 ῥίζαν
642 1657 683 1688 είς
703 1655 795 1691 βάθος,
818 1657 865 1683 καὶ

68 1700 122 1726 τῶν
136 1700 212 1726 ἰδίων
226 1701 276 1727 οὐκ
287 1701 498 1736 ἀπολισθήσεται
511 1701 622 1737 θρόνων.
640 1702 797 1738 Ἑξεπρίατο
809 1702 864 1738 γὰρ

69 1745 241 1781 πρόσκαιρον
272 1755 302 1772 τε
332 1748 378 1774 καὶ
404 1747 496 1783 ὀλίγην
523 1747 670 1784 ἀνάϐλησιν
691 1749 738 1775 τοῦ
767 1748 863 1782 κακοῦ,

68 1790 143 1826 δῶρα
159 1791 311 1826 ἀγαπήσας
333 1792 364 1818 οὐ
387 1792 512 1827 δέχεσθαι
533 1793 644 1828 μᾶλλον,
665 1792 733 1820 ἀλλὰ
752 1793 862 1820 διδόναι.

69 1838 125 1864 Καὶ
139 1838 168 1864 τί
186 1838 218 1864 τὸ
239 1838 379 1872 ὲντεῦθεν;
408 1839 502 1874 ὄφελος
524 1838 574 1874 μὲν
594 1839 680 1871 οὐδὲν,
707 1838 862 1875 παραδοθή-

919 921 994 954 quasi
1014 921 1084 948 ultro
1112 921 1325 956 transfugerunt.
1345 921 1397 955 Qui
1415 921 1547 948 tandem?
1566 920 1705 949 Timentes

920 966 991 993 enim
1005 966 1109 993 illorum
1125 967 1314 1001 irruptionem,
1326 975 1388 1000 non,
1400 971 1559 1002 utparerat,
1567 968 1614 996 Dei
1627 975 1705 1003 opem

919 1012 1083 1046 pcenitentes
1113 1017 1311 1047 poposcerunt;
1344 1013 1392 1040 sed
1428 1013 1584 1041 muneribus
1616 1014 1706 1048 potius

920 1056 972 1084 illis
987 1057 1262 1092 persuaseruntaliud
1274 1077 1282 1090 ,
1297 1062 1327 1084 nt
1341 1058 1508 1093 aliquantum
1523 1058 1703 1094 quiescerent.

922 1101 1021 1130 Deinde
1035 1103 1222 1138 hujuscemodi
1240 1103 1384 1131 consilium
1412 1107 1440 1130 ut
1467 1111 1566 1131 vanum
1586 1104 1652 1138 ipsis
1679 1109 1706 1132 et

921 1147 1016 1175 inutil'e
1035 1147 1155 1175 futurum
1181 1148 1275 1176 irridet
1292 1148 1382 1183 aliquo
1408 1151 1497 1182 modo,
1518 1149 1596 1184 122
1612 1149 1706 1176 dicens

920 1194 953 1221 de
980 1194 1089 1229 regibus
1120 1202 1153 1222 ex
1170 1194 1242 1222 tribu
1263 1195 1403 1230 Ephraim,
1417 1195 1462 1230 qui
1484 1199 1510 1222 et
1540 1195 1610 1222 dona
1625 1195 1707 1232 Assy-

920 1240 1023 1267 riorum
1039 1240 1162 1276 tyrannis
1182 1241 1314 1268 miserunt
1329 1249 1337 1268 :
1355 1249 1364 1267 ι
1379 1240 1511 1268 Reﬂoruit
1525 1248 1575 1276 per
1589 1241 1706 1276 seipsum

920 1286 1059 1320 Ephraim.
1078 1296 1087 1312 ι
1104 1287 1142 1314 Ac
1164 1287 1187 1314 si
1206 1287 1276 1314 dicat
1294 1295 1300 1314 :
1321 1286 1525 1315 Exscindcndus
1549 1288 1618 1315 sicut
1631 1293 1707 1315 trun—

919 1339 968 1359 cus
990 1340 1037 1359 rex
1064 1332 1098 1360 de
1128 1333 1198 1360 tribu
1220 1332 1360 1367 Ephraim,
1375 1337 1403 1360 et
1431 1338 1559 1368 tanquam
1584 1334 1619 1361 ab
1646 1334 1708 1369 igne

919 1378 1017 1405 divina:
1053 1379 1101 1406 irae
1126 1379 1337 1412 consumendus,
1361 1379 1481 1407 reﬂoruit
1510 1388 1558 1415 per
1575 1381 1705 1415 seipsnm.

919 1424 971 1451 hoc
987 1429 1039 1456 eat,
1058 1425 1118 1452 sine
1139 1432 1199 1457 me;
1213 1429 1241 1452 et
1266 1425 1458 1460 aspirationem
1477 1433 1563 1453 meam
1579 1434 1633 1454 non
1657 1426 1707 1453 ba-

919 1469 997 1503 bens,
1013 1470 1117 1505 putavit
1141 1477 1171 1498 se
1182 1471 1329 1503 victurum.
1346 1475 1374 1499 et
1400 1471 1505 1499 radices
1526 1471 1595 1499 altas
1628 1476 1706 1498 actu-

921 1523 991 1549 rum,
1028 1521 1057 1545 et
1082 1517 1207 1545 thronum
1240 1525 1320 1545 suum
1352 1525 1405 1545 non
1439 1517 1612 1546 amissurum.
1636 1518 1707 1545 Emit

378 1564 490 1591 ἁνέθαλε
507 1564 570 1591 καθ’
585 1565 690 1597 ἐαυτὸν,
716 1565 865 1596 τουτέστιν,

920 1561 991 1589 enim
1004 1561 1162 1590 dilationem
1178 1562 1244 1590 mali
1260 1563 1293 1590 ad
1310 1567 1415 1598 tempus
1428 1563 1575 1596 modicum,
1595 1568 1707 1591 conten-

922 1612 966 1635 tus
985 1608 1054 1635 dona
1072 1615 1125 1636 non
1149 1608 1284 1643 accipere,
1304 1608 1352 1636 sed
1366 1609 1440 1636 dare.
1457 1608 1525 1642 Quid
1542 1609 1627 1637 inde?
1646 1609 1707 1638 Uti—

918 1654 982 1681 litas
999 1654 1084 1681 nulla.
1112 1653 1267 1682 Tradcntur
1300 1659 1390 1683 autem
1414 1655 1547 1691 gentibus,
1565 1660 1592 1682 et
1610 1662 1658 1690 per
1673 1662 1705 1683 ea

918 1708 979 1736 qua:
993 1700 1083 1728 futura
1099 1705 1161 1729 sunt
1182 1704 1356 1736 cognoscent,
1372 1701 1506 1729 neminem
1521 1702 1706 1737 regerminare

919 1754 967 1781 per
992 1753 1032 1779 se,
1049 1754 1135 1782 neque
1160 1747 1289 1782 prodesse
1306 1747 1390 1775 Deum
1414 1747 1613 1776 oﬂ'endentibus
1635 1748 1704 1776 dona

919 1793 983 1820 dare
1010 1792 1153 1826 hostibus;
1180 1792 1259 1827 paulo
1273 1797 1335 1828 post
1358 1793 1430 1820 enim
1456 1793 1587 1828 supplicio
1612 1793 1705 1828 subia-

916 1837 1026 1865 cebunt.

70 1891 164 1910 σον-ται
180 1883 209 1910 δὲ
224 1885 282 1915 τοῖς
293 1884 394 1918 ἔθνεσι,
416 1885 463 1912 καὶ
483 1885 517 1912 δι’
538 1884 627 1911 αὐτῶν
642 1885 792 1920 μαθήσουσι
827 1885 881 1912 τῶν
901 1884 1126 1919 συμϐησομένων,
1141 1884 1179 1915 ὼς
1189 1884 1238 1910 οὐκ
1252 1883 1285 1911 ἄν
1316 1892 1358 1914 τις
1374 1883 1501 1911 ἀναθὰλοι
1516 1885 1577 1912 καθ’
1597 1885 1703 1917 ἐαυτὺν,

68 1928 123 1954 οὐδ’
139 1930 172 1955 ἂν
194 1929 303 1965 ὀνήσειε
327 1931 391 1962 τοὺς
417 1930 477 1966 Θεῷ
500 1930 719 1966 προσκρούοντας
742 1931 772 1958 τὸ
788 1931 863 1966 δῶρα
880 1930 980 1958 διδόναι
996 1930 1054 1961 τοῖς
1081 1929 1189 1965 ἐχθροῖς
1206 1936 1214 1944 ·
1235 1929 1425 1956 ὑποκείσονται
1444 1929 1508 1965 γὰρ,
1529 1931 1575 1957 καὶ
1591 1932 1642 1958 οὐκ
1662 1931 1704 1963 εἰς

70 1975 194 2011 μακρὰν,
210 1977 244 2010 τῇ
260 1975 334 2011 δίκῃ.

104 2021 170 2048 Νῦν
177 2021 353 2056 εἰσδέξομαι
364 2022 484 2055 αὐτοὺς,
499 2023 548 2049 καὶ
560 2022 732 2050 κοπάσουσι
745 2021 864 2057 μικρὸν,

68 2067 122 2094 τοῦ
137 2068 238 2101 χρίειν
253 2068 388 2099 βασιλέα
401 2069 450 2095 καὶ
463 2068 621 2103 ἄρχοντας.

956 2017 1038 2045 Vens.
1051 2017 1095 2045 10.
1113 2016 1191 2044 Nunc
1200 2018 1341 2052 suscipiant
1353 2027 1407 2052 eos,
1418 2025 1442 2046 el
1454 2020 1586 2054 quiescent
1596 2029 1702 2056 parum,

919 2071 947 2090 ut
960 2068 1058 2098 ungunt
1073 2071 1158 2098 regem
1171 2068 1196 2090 et
1212 2064 1352 2100 principes.

105 2114 165 2146 l._A’.
193 2113 327 2148 ’Δπάσης,
346 2113 384 2145 ὡς
405 2114 469 2146 ἔπος
488 2116 585 2146 είπεῖν,
617 2114 667 2149 τῆς
686 2113 733 2140 τοῦ
756 2113 864 2150 Ἰσραὴλ

952 2109 1019 2136 XCI.
1043 2108 1137 2137 Omnis
1150 2109 1329 2144 improbitatis
1341 2110 1434 2144 Israel,
1455 2112 1583 2140 utdicam
1597 2114 1702 2148 paucis.

69 2159 243 2194 φαυλότητος
269 2158 410 2193 παραίτιοι
435 2159 579 2193 γεγόνασιν
601 2160 626 2186 οί
643 2160 676 2185 ὲκ
705 2158 790 2194 φυλῆς
817 2159 864 2184 τοῦ

75 2205 197 2241 Ἐειςραῖμ
222 2205 266 2231 ἐπ’
291 2205 388 2237 αὐτοὺς
421 2205 654 2239 βεὸασιλευκότες.
681 2204 792 2239 Πρῶτος
814 2203 864 2238 μὲν

68 2252 123 2287 γὰρ
142 2252 156 2277 δ
176 2252 315 2286 ἐπάρατος
342 2250 481 2287 Ἱεροὸοὰμ
503 2253 551 2286 τῆς
565 2250 733 2281 ἀποστασίας
751 2250 863 2284 γέγονεν

68 2298 198 2334 εὖρετὴς,
223 2298 356 2333 δαμάλεις
378 2298 471 2328 αὐτοῖς
494 2298 648 2333 ἀναστήσας
677 2297 790 2332 χρυσᾶς.
816 2296 863 2322 καὶ

66 2345 121 2371 τῶν
144 2344 325 2379 καλουμένων
350 2343 469 2379 ὑψηλῶν,
493 2344 627 2375 τουτέστι,
648 2343 703 2369 τῶν
721 2343 750 2369 ἐν
774 2342 860 2377 ὅρεσι,

68 2391 114 2416 καὶ
141 2389 250 2425 βουνοῖς
267 2390 388 2424 τεμενῶν
411 2389 542 2420 καθιστὰς
563 2390 654 2424 ἱερεῖς,
673 2389 735 2419 τοὺς
757 2389 807 2414 οὐκ
830 2388 862 2414 ἐκ

68 2435 152 2471 φυλῆς
172 2435 250 2466 Λευῖ,
271 2434 329 2461 ἀλλ’
344 2434 401 2460 ὅσοι
414 2434 514 2469 μᾶλλον
527 2443 537 2459 ε
557 2433 706 2469 Ἐπλήρουν
723 2433 772 2469 τὴν
785 2434 863 2468 χεῖρα

68 2481 167 2511 αὐτῶν,
181 2490 191 2506 ι
216 2479 290 2507 κατὰ
310 2479 341 2506 τὸ
359 2480 560 2515 γεγραμμένον.
581 2478 648 2506 Εἶτα
672 2479 729 2514 μετ’
749 2480 863 2512 ἐκεῖνον,

67 2527 120 2554 τῶν
138 2527 293 2563 Ἀσσυρίων
310 2525 554 2561 προσδοκωμένων,
577 2526 606 2552 ἐν
618 2525 706 2560 καιρῷ
720 2525 770 2559 τῆς
789 2525 865 2560 βασι-

68 2575 140 2606 λείας
151 2574 278 2609 Μαναῒμ,
300 2572 464 2608 πεπόμφασι
482 2573 621 2607 χρήματα,
638 2571 776 2602 πείθοντες
796 2570 865 2596 ἁπο-

69 2620 176 2656 σχέσθαι
195 2620 248 2655 τῆς
274 2621 339 2655 γῆς.
360 2618 495 2654 Ταύτῃτοι
516 2617 628 2649 δικαίως
643 2618 660 2653 ή
679 2616 739 2643 θεία
754 2616 865 2651 γέγονεν

67 2667 160 2702 dum]
174 2665 250 2694 κατὰ
264 2665 319 2700 τῆς
339 2663 490 2698 βασιλείας,
510 2662 560 2698 τῆς
579 2663 611 2689 ἐκ
635 2662 721 2697 φυλῆς
744 2660 865 2696 Ἐφραῖμ

66 2712 251 2749 γεγενημένης
277 2710 328 2737 ἐπὶ
357 2709 403 2736 τὸν
434 2709 550 2744 Ἰσραήλ.
582 2707 662 2734 (Νῦν
688 2707 741 2742 γὰρ
765 2707 864 2738 αὐτοὺς

64 2760 225 2795 εισδέξομαι,
242 2767 254 2784 ι
277 2755 377 2792 φησὶν,
399 2755 448 2790 οὐχ
459 2754 496 2786 ὡς
513 2755 613 2790 τρόπον
627 2753 737 2789 ἔχοντας
751 2751 864 2787 ἀγαθὸν,

917 2161 1000 2182 causa
1018 2153 1137 2186 fuerunt,
1153 2154 1197 2190 qui
1225 2155 1259 2182 de
1289 2155 1359 2182 tribu
1384 2155 1512 2190 Ephraim
1534 2165 1645 2193 regnum
1676 2160 1703 2187 in

918 2205 965 2226 eos
1001 2203 1158 2226 tenuerunt.
1188 2199 1295 2227 Primus
1324 2200 1395 2227 enim
1424 2205 1610 2231 exsecrandus
1632 2204 1704 2231 Jero—

918 2244 997 2271 beam
1022 2245 1163 2279 apostasia:
1187 2245 1310 2273 inventor
1323 2245 1386 2279 fuit,
1402 2248 1511 2282 quando
1527 2248 1592 2283 ipsis
1617 2250 1704 2277 erexit

917 2291 984 2318 duos
998 2291 1106 2324 vitulos,
1132 2295 1160 2318 et
1189 2293 1295 2318 excelsa
1322 2299 1381 2326 quae
1408 2298 1548 2326 vocantur,
1573 2298 1625 2322 hoc
1651 2299 1701 2327 est,

916 2336 1013 2371 templa
1028 2337 1055 2364 in
1072 2337 1207 2364 montibus
1228 2341 1255 2364 et
1272 2337 1393 2370 collibus,
1409 2339 1562 2366 constitutis
1576 2341 1703 2368 sacerdo-

916 2382 988 2410 tibus
1013 2383 1057 2417 qui
1073 2390 1124 2410 non
1138 2388 1214 2410 erant
1238 2383 1271 2410 de
1287 2383 1358 2411 tribu
1382 2383 1456 2418 Levi,
1475 2385 1522 2412 sed
1541 2385 1586 2419 qui
1609 2386 1700 2421 potius

921 2437 930 2454 ε
949 2429 1092 2463 implerent
1116 2436 1224 2456 manum
1251 2437 1326 2456 suam
1343 2430 1364 2446 "
1380 2449 1387 2462 ,
1410 2439 1419 2456 ι
1444 2434 1473 2457 ιιι
1494 2431 1623 2465 scriptum
1649 2437 1700 2460 est.

917 2474 1018 2502 Deinde
1037 2478 1096 2509 post
1124 2473 1211 2506 illum,
1244 2482 1303 2501 cum
1328 2475 1432 2510 Assyrii
1460 2480 1699 2510 exspectarentur,

918 2525 1047 2555 regnante
1063 2519 1194 2551 Manaim,
1210 2520 1341 2547 miserunt
1362 2521 1501 2556 pecunias,
1529 2522 1628 2556 quibus
1652 2530 1699 2549 eos

918 2574 932 2593 a
948 2565 1107 2593 vastitudine
1123 2564 1263 2591 inferenda
1282 2565 1448 2594 abstinerent
1463 2567 1494 2593 ’°.
1514 2567 1602 2600 Quare
1617 2567 1700 2594 tueri-

918 2619 944 2641 to
959 2614 1038 2641 mina:
1063 2616 1156 2640 contra
1181 2618 1303 2646 regnum,
1319 2618 1352 2637 ex
1370 2611 1440 2638 tribu
1469 2611 1596 2647 Ephraim
1618 2618 1700 2646 super

917 2658 998 2686 Israel
1013 2658 1163 2685 institutum
1180 2655 1308 2684 divinitus
1334 2656 1472 2683 intentata:
1502 2661 1575 2684 sunt.
1595 2665 1605 2683 ι
1626 2655 1702 2684 Nune

916 2705 988 2732 enim
1005 2711 1053 2732 eos
1068 2703 1213 2738 suscipiam
1225 2722 1233 2736 ,
1245 2712 1255 2729 ι
1271 2702 1367 2737 inquit,
1383 2709 1435 2729 non
1446 2706 1474 2729 ut
1484 2703 1552 2730 bene
1571 2709 1701 2738 moratos,

917 2757 1004 2785 neque
1024 2749 1193 2786 utoptimam
1219 2748 1325 2777 vivendi
1342 2747 1411 2776 viam
1442 2748 1588 2784 ingressos,
1614 2756 1703 2785 neque

87 2847 109 2863 "
125 2851 184 2881 Jer.
209 2857 285 2883 xxn,
303 2847 409 2875 28’50.
450 2846 471 2863 "
489 2844 522 2872 Ill
538 2845 603 2879 Reg.
623 2852 682 2878 xm,
699 2845 742 2872 55.
787 2843 808 2860 ³ο
824 2841 857 2870 ιν

920 2850 940 2877 ς.
960 2849 1004 2874 xv,
1021 2841 1066 2868 19.
