1919 3042
232 126 283 154 207

749 123 777 150 S.
799 121 934 150 CYBILLI
954 121 1189 150 ALEXANDlthl
1208 121 1368 149 Al‘tClllEP.

1804 124 1861 152 2.:8

231 183 357 220 legalium
390 183 572 211 institutorum
588 180 710 215 cupidos,
727 180 773 208 sed
798 185 826 207 ut
842 185 980 208 corrector
996 189 1010 207 ε

1074 180 1133 206 οὐδὲ
1152 179 1190 211 ὡς
1204 179 1303 214 ἄριστα
1319 179 1392 214 βιοῦν
1405 179 1558 215 ἑλομένους,
1580 180 1642 207 οὔτε
1660 181 1714 216 μὴν
1731 182 1806 208 κατὰ
1819 182 1869 208 τὶν

232 236 327 264 poenas
340 228 459 263 exigens,
475 225 567 259 etiam
590 224 622 251 ad
637 224 769 258 judicium
788 232 897 252 vocans.
911 225 1020 259 Suppli-

231 276 274 302 cia
291 274 372 304 enim,
400 279 461 306 qua:
478 272 563 299 iratus
597 269 769 302 inveherent,
785 270 921 305 praeterito
951 275 1020 297 tcm-

231 326 298 355 pore
323 326 357 346 ex
382 315 588 345 mansuetudine
612 315 715 344 distuli.
749 315 802 343 Sed
816 315 909 343 «Nunc
933 315 1020 343 susci-

230 366 300 399 piam
316 371 372 396 eos,
394 372 403 388 ι
419 362 515 397 inquit,
531 366 560 389 ut
577 362 709 390 malorum
728 362 893 396 experientia
915 361 1020 389 discant

229 409 336 437 tandem
357 415 387 435 se
414 408 464 435 sub
491 407 616 441 Domino,
636 415 685 434 nec
703 412 778 434 extra
800 414 908 434 manum
933 414 1019 433 meam

231 462 302 483 eSse.
331 454 389 481 Non
409 458 498 482 autem
516 461 612 489 poenas
629 454 736 481 diutius
752 453 862 482 dilatum
876 453 919 486 iri,
946 457 1020 481 certo

235 506 360 534 testatur,
375 501 475 529 utendo
488 500 621 535 particula
646 508 727 528 nunc.
749 499 873 534 Suscepli
895 499 977 534 igitur
992 504 1018 526 ut

228 547 422 581 corripiantur,
440 547 566 580 deinceps
581 553 683 580 ungere
713 553 803 581 regem
830 551 857 573 et
881 545 1018 580 principes

234 593 377 620 dcsistent.
395 591 515 626 Assyriis
541 599 660 626 namque
675 596 702 618 et
717 591 800 618 Medis
817 591 977 622 servientes.
986 590 1020 617 ad

227 646 309 673 opcra
327 639 468 672 apostasia:
492 636 687 672 frequentanda
712 637 784 671 quod
815 635 923 663 tandem
935 635 1019 663 otium

227 685 370 716 haberent,
386 683 463 718 123
481 683 659 709 lamentantes
680 681 829 714 assidue,et
850 681 1020 717 inexspecta-

228 735 281 756 tam
316 729 497 756 calamitatem
529 727 717 761 deplorantes?
748 726 892 754 Sciendum
917 731 1018 762 autem,

227 779 373 809 postquam
405 773 491 810 Cyrus
528 773 669 808 Cambysae
701 773 771 800 filius
795 772 922 800 lsraelem
951 772 1019 800 libe-

226 829 287 847 rum
299 820 413 853 dimisit,
426 828 477 847 non
492 819 575 847 fuisse
589 823 686 846 unctos
702 819 729 846 in
750 818 872 846 Samaria
894 818 928 845 de
945 817 1017 845 tribu

1072 225 1154 260 νόμον
1170 225 1307 256 πολιτείας
1322 225 1491 260 ἐφιεμένους,
1508 226 1566 253 ἀλλ’
1585 226 1623 258 ὡς
1639 227 1799 262 παιδευτὴς,
1818 228 1868 254 καὶ

1070 270 1146 302 δίκας
1162 269 1253 300 αίτῶν,
1272 270 1319 297 καὶ
1335 270 1386 296 ὑπὸ
1401 271 1488 305 κρίσιν
1504 271 1553 306 ἥδη
1568 271 1667 299 καλῶν.
1682 272 1803 307 Παρῆκα
1817 272 1868 307 μὲν

1071 315 1125 351 γὰρ
1136 316 1166 348 eg
1180 315 1348 351 ἡμερότητος
1361 315 1401 347 εἰς
1421 315 1565 351 ὑπέρθεσιν
1581 317 1612 342 τὰ
1628 316 1661 343 ἐκ
1677 316 1754 348 θείας
1764 317 1864 351 ὀργῆς,

1071 361 1142 388 κατὰ
1150 361 1195 388 τὸν
1209 362 1259 396 ἤδη
1275 362 1458 396 παρῳχηκότα
1472 362 1577 397 καιρόν.
1593 362 1672 389 ’Λλλὰ
1689 362 1752 388 «νῦν
1765 363 1867 394 αὐτοὺς

1070 407 1235 442 εισδέξομαι,
1248 416 1257 433 ι
1278 408 1370 442 φησὶν,
1397 407 1440 434 ἵνα
1462 409 1495 442 τῇ
1510 407 1564 434 τῶν
1581 408 1675 434 δεινῶν
1691 409 1779 444 πείρᾳ
1796 417 1865 444 μαν-

1070 452 1172 480 Θάνωσι
1190 452 1276 487 μόλις,
1294 452 1334 479 ὃτι
1359 452 1407 479 καὶ
1431 452 1483 478 ὑπὸ
1506 452 1640 487 δεσπότην
1657 453 1722 484 εἰσὶ,
1747 453 1797 479 καὶ
1816 453 1866 487 τῆς

1071 498 1142 533 ὲμῆς
1155 498 1206 525 οὐκ
1224 497 1276 531 ἔξω
1295 498 1395 534 χειρός.
1414 498 1475 524 Ὅτι
1491 497 1530 528 δὲ.
1546 498 1597 524 οὐκ
1613 499 1652 530 εἰς
1663 498 1818 532 ἀνάὸλησιν
1831 500 1864 525 τὰ

1069 544 1100 576 ἐξ
1119 543 1215 579 ὀργῆς,
1230 544 1269 570 ἔτι
1288 544 1530 579 πεπληροφόρηκε,
1545 544 1630 578 λέγων
1653 544 1694 575 τὸ,
1716 544 1776 570 νῦν.
1803 545 1863 571 Εἰσ-

1068 588 1207 624 δεχθέντες
1233 589 1266 624 δὴ
1295 586 1341 615 οὖν
1369 589 1412 615 ἴνα
1445 589 1634 621 παιδεύωνται,
1672 589 1863 616 πεπαύσονται

1069 634 1161 662 λοιπὸν
1174 634 1221 662 τοῦ
1232 635 1320 670 χρίειν
1332 634 1445 669 βασιλέα
1460 635 1507 662 καὶ
1528 635 1670 669 ἄρχοντας.
1682 634 1862 666 Δουλεύοντες

1068 680 1124 716 γὰρ
1143 681 1296 716 ’Δσσυρίοις
1309 681 1358 714 καὶ
1372 681 1482 716 Μήδοις,
1496 681 1574 707 ποίαν
1587 681 1640 716 γὰρ
1655 681 1736 716 ἔσχον
1763 681 1862 715 σχολὴν

1068 726 1103 753 τὰ
1114 727 1164 762 τῆς
1178 727 1347 758 ἀποστασίας
1361 726 1429 762 ἔργα
1443 726 1573 762 πληροῦν,
1587 727 1644 760 οἵγε
1660 727 1707 753 καὶ
1721 727 1862 760 κατοιμώ-

1048 772 1161 805 -ζοντες
1194 773 1344 806 διετέλουν,
1369 773 1416 800 καὶ
1439 773 1489 808 τὴν
1517 772 1646 808 ἀδόκητον
1674 772 1861 807 κατεθρήνουν

1070 819 1232 854 συμφοράνς
1261 819 1359 845 ’ἰστέον
1381 818 1409 844 δὲ
1424 819 1476 850 ὅτι,
1494 817 1562 853 μετὰ
1594 817 1624 844 τὸ
1643 819 1750 844 ἀνεῖναι
1770 817 1860 852 Κῦρον

229 866 370 900 Ephraim,
389 866 435 892 sed
448 872 546 892 censos
571 865 605 891 ab
621 871 673 891 uno
693 864 757 899 jugo
772 871 876 896 omnes,
893 862 1010 891 Hierosot

1068 864 1115 891 τοῦ
1141 863 1292 900 Καμϐύσου
1318 863 1367 898 τῆς
1394 863 1581 898 αἰχμαλωσίας
1606 863 1651 891 τὸν
1679 863 1802 898 Ἰσραὴλ,
1830 864 1859 888 οὐ

227 911 308 946 lymis
322 911 355 938 de
373 911 442 938 tribu
463 909 531 937 Juda
555 909 739 944 regnantibus.
765 909 823 937 Non
853 910 924 937 enim
947 909 1010 938 ultra

1067 909 1228 944 κεχρίκασιν
1252 910 1282 935 ὲν
1306 909 1449 944 Σαμαρείᾳ
1472 909 1535 941 τοὺς
1554 909 1587 935 ὲκ
1609 908 1697 943 φυλῆς
1727 907 1856 943 Ἐφραῖμ.

225 956 333 983 divisim
360 955 528 986 habitabant,
549 955 594 982 scd
611 954 806 990 Hierosolymis
827 954 957 982 universi.
974 954 1010 982 ln-

1065 954 1122 980 ἀλλ’
1137 954 1181 988 ὑφ’
1193 954 1241 980 ἕνα
1257 954 1356 986 πάντες
1368 955 1496 988 γεγόνασι
1509 954 1601 988 ζυγὸν,
1618 953 1815 989 βασιλευόντων
1830 955 1857 979 ἐν

223 1001 287 1035 cipit
304 1006 393 1028 autent
409 1001 513 1035 primus
528 1005 591 1034 post
604 1000 788 1035 captivitatem
804 1005 895 1027 tenere
906 1005 1010 1027 utrum-

1069 999 1267 1035 Ἰεροσολύμοις
1281 1000 1334 1027 τῶν
1345 1001 1373 1033 ἐξ
1391 999 1475 1026 Ἰούδα
1489 1000 1584 1035 φυλῆς.
1600 1001 1790 1035 Κατῳκήκασι
1805 999 1858 1033 γὰρ

224 1051 277 1078 que
293 1051 413 1078 regnum,
437 1043 532 1077 lsrael,
548 1047 669 1078 inquam,
683 1049 709 1071 el
726 1043 807 1077 inda,
819 1044 875 1071 sive
892 1045 1010 1071 omnium

1062 1045 1155 1072 οὐκέτι
1194 1046 1376 1082 διῃρημένως.
1419 1046 1476 1076 ἀλλ’
1504 1047 1532 1073 ὲν
1568 1047 1624 1078 τοῖς
1659 1045 1858 1082 Ἰεροσολύμοις

222 1089 364 1117 duodecim
396 1089 527 1121 tribuum,
557 1089 707 1118 Zorobabel
735 1090 808 1118 ﬁlius
835 1089 966 1118 Salathiel
984 1090 1010 1118 ἀι

1068 1091 1197 1123 ἅπαντες.
1214 1092 1343 1126 Ἀρχεται
1354 1091 1382 1118 δὲ
1403 1091 1509 1126 πρῶτος
1528 1091 1597 1126 μετὰ
1619 1092 1681 1124 τοὺς
1697 1091 1749 1126 τῆς
1775 1091 1857 1125 αἰχμ-

223 1135 293 1162 tribu
319 1134 386 1162 luda
400 1134 513 1175 “,‘Jesu
530 1135 584 1162 filio
607 1135 737 1163 losedec‘
758 1135 880 1170 principe
912 1136 1010 1164 ordinis

1068 1137 1188 1169 αλωσίας
1203 1138 1314 1172 καιροὺς
1327 1137 1377 1172 τῆς
1392 1137 1436 1164 ἐπ’
1452 1138 1554 1172 ἀμφοῖν
1575 1137 1726 1172 βασιλείας,
1741 1137 1816 1172 φημὶ
1827 1136 1858 1170 δὴ

222 1179 343 1212 Leritici,
361 1185 389 1208 et
409 1181 506 1208 summi
528 1181 670 1209 sacerdotii
696 1181 879 1223 ministerium
901 1182 1010 1210 admini-

1067 1183 1117 1209 τοῦ
1136 1192 1166 1209 τε
1187 1183 1294 1219 Ἰσραὴλ
1320 1183 1367 1209 καὶ
1387 1183 1435 1209 τοῦ
1455 1183 1551 1216 Ἰούδα,
1576 1183 1635 1218 ἦτοι
1660 1183 1757 1209 πασῶν
1771 1181 1857 1213 ἁπαξ-

224 1230 340 1253 strante.
1067 1227 1159 1259 απλῶς
1173 1227 1226 1254 τῶν
1239 1227 1398 1254 δυοκαίδεκα
1416 1227 1506 1262 φυλῶν
1521 1228 1671 1264 Ζοροϐάϐελ
1686 1228 1700 1254 ὁ
1715 1226 1762 1254 τοῦ
1772 1227 1858 1253 Σαλα-

224 1273 330 1307 θιὴλέκ
345 1272 431 1308 φυλῆς
453 1272 547 1305 Ἰούδα,
564 1272 619 1300 τῶν
655 1273 808 1301 Λευιτῖκῶν
842 1272 1048 1309 καθηγουμένου
1067 1274 1225 1309 ταγμάτων,
1253 1275 1301 1300 καὶ
1327 1276 1376 1309 τὴν
1401 1274 1450 1309 τῆς
1481 1274 1686 1310 ἀρχιερωσύνης
1715 1273 1857 1301 Sisarath

222 1320 395 1356 λειτουργίαν
425 1320 512 1355 Ἰησοῦ
537 1320 584 1347 τοῦ
615 1321 748 1354 Ἰωσεδὲκ,
773 1321 820 1348 τοῦ
846 1321 941 1356 ἱερέως
966 1321 1012 1348 τοῦ
1032 1321 1161 1356 μεγάλου.

259 1365 342 1393 Vens.
359 1367 402 1398 M,
422 1366 465 1393 19.
481 1366 552 1398 Quia
568 1367 751 1402 multiplicauit
775 1367 901 1403 Ephraim
916 1369 1010 1395 altaria

1101 1369 1165 1395 Ὅτι
1203 1368 1374 1402 ἐπλήθυνεν
1415 1369 1539 1403 Ἑφραΐμ
1571 1367 1773 1402 θυσιαστήρια
1813 1368 1856 1400 εἰς

221 1413 248 1440 in
261 1412 456 1448 peccata,far!n
472 1416 532 1438 sunt
546 1413 569 1440 ei
581 1414 679 1440 altaria
694 1413 801 1440 dilecta.
816 1413 969 1441 Describam
989 1417 1010 1443 ei

1064 1414 1219 1449 ἁμαρτίας,
1245 1415 1383 1449 ἐγένοντο
1406 1414 1486 1447 αὐτῷ
1511 1413 1710 1447 θυσιαστήρια
1736 1414 1854 1448 ἠγαπη-

221 1460 425 1490 multitudinem,
447 1465 470 1487 ιι
482 1459 598 1494 legitima
613 1467 712 1488 eorum.
729 1459 762 1487 In
778 1460 865 1489 aliena
885 1466 1004 1495 reputate

1062 1461 1148 1494 μέγα.
1165 1459 1350 1495 Καταπράψω
1375 1460 1454 1493 αὐτῷ
1469 1460 1596 1494 πλῆθος,
1625 1459 1673 1486 καὶ
1688 1460 1724 1486 τὰ
1743 1460 1855 1494 νόμιμα

221 1511 282 1533 sunt
297 1506 319 1533 ei
332 1505 431 1533 altaria
445 1506 551 1534 dilecta.

1062 1504 1178 1535 αὐτῶν,
1197 1506 1248 1537 Εἰς
1262 1506 1404 1539 ἀλλότρια
1421 1506 1627 1540 ἐλογίσθησαν
1643 1504 1723 1537 αὐτῷ
1746 1506 1854 1531 θυσια-

255 1589 334 1621 XCII.
349 1594 464 1622 Causam
480 1594 594 1629 profert,
613 1599 724 1630 propter
743 1603 824 1631 quam
847 1595 920 1630 juste
933 1601 1009 1630 pote-

221 1643 277 1667 stas
286 1640 358 1674 regia
371 1639 480 1667 tollatur
491 1640 517 1667 in
529 1641 772 1676 posterum.Longe
781 1641 896 1676 plurima
909 1641 1009 1677 quippe

219 1685 316 1712 altaria
329 1685 355 1712 in
367 1688 543 1719 peccata,seu
557 1685 590 1712 ad
607 1686 773 1720 peccandum
790 1687 855 1714 fecit
868 1687 1007 1722 Ephraim.

221 1729 352 1765 Tangitur
367 1731 441 1765 prior
454 1730 608 1765 Jeroboam,
625 1731 671 1766 qui
688 1732 720 1760 de
734 1732 803 1759 tribu
820 1733 947 1767 Ephraim
961 1741 1009 1760 na-

221 1780 265 1803 tus
277 1776 407 1811 regnavit,
425 1781 454 1804 et
471 1777 516 1812 qui
532 1785 595 1804 eum
610 1777 706 1805 ordine
720 1783 896 1813 exceperunt,
908 1779 1008 1814 quique

220 1821 248 1848 in
266 1821 339 1848 omni
361 1827 452 1848 monte
463 1826 490 1848 et
504 1822 574 1850 colle
589 1829 652 1850 aras
669 1822 836 1851 damonibus
849 1827 1006 1856 erexerunt.

220 1871 248 1894 et
273 1867 408 1895 lsraelitas
423 1867 457 1895 ad
483 1867 692 1896 sacrificandum
713 1868 889 1897 induxerunt.
905 1870 1008 1898 Deinde

221 1919 280 1940 cum
288 1919 368 1947 super
375 1914 442 1941 adeo
453 1914 570 1942 infandis
583 1913 748 1942 facinoribus
763 1915 854 1942 dolere
867 1915 1007 1948 deberent,

223 1967 232 1983 ι
245 1958 456 1993 multiplicarunt
475 1960 547 1986 enim
563 1960 658 1987 altaria
677 1960 703 1987 in
722 1966 860 1995 peccata,»
873 1960 1006 1994 fecerunt,

221 2004 318 2040 inquit,
328 2005 408 2031 etiam
420 2014 430 2030 ι
444 2005 557 2039 dilecta,
574 2009 601 2033 et
617 2005 726 2041 insuper
739 2006 766 2034 in
779 2006 866 2034 aliena
883 2012 1007 2042 reputata

219 2053 284 2076 sunt
293 2048 339 2081 ιΙΙί,
347 2059 357 2075 ι
371 2049 463 2084 utique
473 2049 625 2084 Ephraim,t
633 2050 727 2078 altaria
739 2051 1008 2086 dilectanSigniticat

219 2093 299 2129 plane
314 2093 340 2121 in
357 2094 439 2121 veteri
450 2094 632 2128 tabernaculo,
647 2096 702 2123 sive
715 2095 910 2131 Hierosolymis
927 2097 953 2125 in
968 2097 1008 2124 di-

219 2140 282 2166 vino
292 2139 388 2174 templo
403 2139 498 2174 posita.
511 2139 596 2167 Erant
606 2145 696 2169 autem
711 2141 773 2173 duo,
788 2149 869 2175 unum
887 2141 1007 2169 victima-

216 2193 279 2213 rum
305 2186 330 2212 in
354 2186 442 2221 primo
468 2193 515 2213 seu
535 2187 671 2214 exteriore
693 2186 877 2220 tabernaculo,
893 2187 1007 2216 alterum

221 2230 402 2265 thymiamatis
415 2237 537 2263 aureum,
551 2231 577 2258 in
593 2231 713 2258 secundo
725 2235 752 2258 et
766 2231 863 2259 intimo
880 2232 1004 2260 taberna-

220 2275 281 2303 culo
289 2275 322 2302 ³¹.
338 2275 420 2304 Multa
439 2276 520 2311 igitur
535 2282 628 2310 regum
641 2275 872 2310 Ephraimitarum
883 2277 1004 2306 scelera:

219 2321 336 2357 primum
353 2321 472 2356 quidem,
487 2321 550 2355 quia
562 2320 777 2356 multiplicarunt
791 2321 885 2350 altaria
902 2322 929 2351 in
944 2330 1006 2359 pee-

220 2371 280 2392 cata
291 2374 299 2396 ς
309 2369 416 2400 postea,
430 2366 493 2405 quia
508 2370 536 2393 et
554 2365 651 2392 dilecta
666 2365 802 2399 fecerunt,
818 2365 853 2394 ob
877 2374 936 2401 quae
946 2368 1007 2403 jure

220 2410 364 2437 lamentari
378 2415 406 2439 et
422 2410 514 2449 lugere
533 2409 698 2443 debuissent,
714 2415 743 2438 ut
757 2412 804 2447 qui
821 2412 905 2441 Deum
921 2413 1007 2442 oﬂ‘en-

220 2458 338 2490 dissent;
362 2461 393 2485 et
412 2456 484 2491 quod
506 2455 593 2491 majus
612 2460 665 2490 est,
682 2461 712 2484 ut
731 2458 777 2492 qui
803 2458 829 2486 in
853 2460 1005 2489 vecordiam

220 2504 361 2536 antissent,
384 2502 526 2536 alienaque
543 2502 682 2530 duxissent
706 2503 804 2539 dilecta
816 2504 924 2539 altaria,
946 2513 1006 2542 quae

221 2550 289 2577 adeo
300 2549 413 2584 diligere
435 2552 462 2575 et
472 2547 546 2575 omni
561 2549 712 2576 reverentia
720 2550 846 2585 prosequi
860 2552 1005 2579 convenie-

220 2596 275 2623 bat.
292 2594 463 2629 lnterjectum
481 2598 522 2621 est
540 2598 648 2622 autem:
664 2604 673 2622 ι
686 2595 853 2630 Describam,
877 2604 925 2625 seu
938 2605 1005 2626 con-

221 2640 336 2668 scribam
353 2640 377 2667 ei
392 2638 589 2668 multitudinem
601 2646 629 2668 et
641 2641 843 2677 legitima-ejus.
854 2652 865 2670 ι
883 2643 1004 2677 Quonam

220 2685 324 2714 sensu?
340 2685 419 2724 124
433 2685 627 2721 Multitudiuem
647 2687 719 2715 enim
744 2688 888 2723 altarium,
905 2689 1003 2724 inquit,

220 2731 248 2758 in
268 2737 378 2781 peccata
393 2733 427 2761 ab
450 2732 516 2768 ipsis
533 2738 760 2766 constructorum.
779 2739 806 2763 et
819 2735 940 2771 legitima
961 2743 1004 2765 eo-

256 2817 279 2835 “
292 2818 392 2850 IEsdr.
407 2827 447 2851 ιιι.
465 2818 492 2847 8.
529 2819 551 2835 ³¹
571 2819 656 2848 Exod.
676 2827 720 2853 ιι..
735 2820 780 2847 27.

1060 1550 1169 1585 στήρια
1184 1551 1220 1578 τὰ
1231 1551 1418 1586 ήμιπημένα.

1093 1597 1150 1630 ιιιΒ’.
1179 1597 1330 1632 Ἑξηγείται
1356 1596 1405 1632 τὴν
1427 1596 1527 1629 αἰτίαν,
1553 1595 1586 1623 δι’
1609 1595 1641 1631 ἦν
1666 1595 1778 1626 εἰκότως
1795 1595 1852 1626 τοῖς

1059 1643 1229 1678 βασιλεύουσι
1250 1643 1280 1669 τὸ
1305 1643 1499 1670 ἀποπεσεῖσθαι
1514 1643 1562 1677 τῆς
1576 1642 1661 1678 ἀρχῆς
1677 1642 1741 1673 δεῖν,
1756 1641 1853 1675 ἐπιφέ-

1060 1698 1099 1724 ρει
1111 1689 1212 1716 λοιπόν.
1227 1689 1342 1715 Πλεῖστα
1354 1689 1403 1724 μὲν
1419 1688 1472 1723 γὰρ
1485 1688 1535 1714 ὅσα
1552 1687 1742 1722 θυσιαστήρια,
1760 1687 1795 1713 τὰ
1812 1687 1853 1718 εἰς

1058 1735 1196 1770 ἁμαρτίας
1208 1734 1356 1769 πεποίηται
1372 1734 1410 1769 τῷ
1428 1734 1556 1769 Ἐφραῖμ.
1576 1735 1674 1760 "Amat
1692 1733 1720 1759 δὲ
1739 1734 1754 1759 ὁ
1772 1732 1852 1766 λόγος

1058 1780 1105 1806 καὶ
1116 1780 1162 1807 ἐπὶ
1176 1780 1221 1807 τὸν
1234 1781 1341 1814 πρῶτον
1360 1781 1512 1815 Ἱεροὸοὰμ,
1528 1780 1572 1807 τὸν
1586 1781 1618 1806 ἐκ
1631 1779 1853 1814 φυλῆςἘφραίμ

1059 1824 1265 1859 βασιλεύσαντα,
1283 1825 1329 1851 καὶ
1346 1827 1404 1860 μετ’
1421 1827 1525 1852 ἐκεῖνον
1543 1826 1583 1856 εἰς
1602 1825 1664 1856 τοὺς
1688 1825 1800 1860 ἑφεξῆς,
1825 1824 1850 1850 οἱ

1058 1871 1088 1896 ὲν
1101 1870 1159 1906 ὄρει
1170 1871 1252 1897 παντὶ
1263 1871 1309 1897 καὶ
1327 1870 1413 1906 βουνῷ
1429 1871 1537 1906 βωμοὺς
1553 1871 1709 1901 ἀνιστάντες
1723 1871 1780 1902 τοῖς
1791 1870 1850 1896 δαί-

1059 1924 1132 1951 μοσι,
1148 1915 1222 1943 θύειν
1239 1916 1346 1943 ἐπειοον
1361 1917 1423 1947 τοὺς
1436 1916 1464 1950 ἐξ
1490 1917 1605 1952 Ἰσραήλ.
1622 1913 1687 1942 Εἶτα
1705 1915 1851 1943 λυπεῖσθαι

1057 1959 1115 1986 δέον
1127 1961 1172 1986 ἐπὶ
1185 1961 1242 1992 τοῖς
1252 1960 1337 1993 οὕτως
1348 1960 1472 1992 ἐκτόποις
1482 1961 1606 1996 ὲπιχειρή
1611 1969 1704 1996 μασιν,
1723 1971 1731 1986 ι
1748 1961 1851 1996 12:1.“-

1057 2004 1139 2031 θυναν
1151 2005 1205 2040 γὰρ
1217 2006 1396 2042 θυσιαστήρια
1407 2006 1442 2033 τὰ
1452 2006 1491 2038 εἰς
1500 2007 1662 2041 ἁμαρτίας,ι
1675 2007 1753 2042 ὲποιή
1759 2015 1849 2038 σαντο,

1057 2051 1151 2086 φησὶν,
1169 2051 1238 2078 αὐτὰ
1254 2052 1301 2078 καὶ
1321 2062 1330 2078 ι
1351 2052 1540 2088 Ἠγαπημένα,
1558 2053 1603 2079 καὶ
1615 2052 1726 2087 προσέτι
1744 2051 1850 2082 τούτοις

1058 2097 1097 2128 είς
1123 2097 1251 2132 ἀλλότρια
1274 2097 1453 2134 ἐλογίσθησαν
1467 2097 1541 2133 αὺτῷ
1592 2098 1684 2134 (δῆλον
1700 2098 1728 2123 δὲ
1744 2098 1785 2123 ὅτι
1814 2097 1850 2131 τις)

1065 2141 1206 2177 Ἐφραῖμ)
1235 2141 1416 2178 θυσιαστήρια
1446 2142 1480 2169 τὰ
1507 2141 1794 2177 ὴγαπημένα.»Δηλοί
1821 2141 1850 2167 δὲ

1061 2187 1170 2218 πάντως
1184 2186 1216 2213 τὰ
1229 2187 1257 2213 ἐν
1272 2188 1305 2222 τῇ
1322 2187 1424 2223 ἀρχαίᾳ
1436 2189 1533 2223 σκηνῇ.
1547 2189 1630 2223 ἤγουν
1644 2188 1673 2214 ὲν
1686 2188 1743 2218 τοῖς
1767 2187 1850 2221 Ἰερο-

1061 2232 1199 2267 σολύμοις,
1226 2233 1255 2258 ἐν
1276 2232 1315 2268 τῷ
1335 2232 1398 2268 θείῳ
1419 2233 1531 2268 κείμενα
1556 2233 1622 2267 ναῷ.
1648 2233 1701 2259 Δύο
1730 2232 1758 2258 δὲ
1778 2230 1850 2266 ἦσαν

1060 2278 1149 2310 ταυτὶ,
1160 2278 1189 2305 τὺ
1202 2278 1250 2314 μὲν
1262 2279 1316 2305 τῶν
1333 2279 1536 2314 καρπωμάτων,
1554 2280 1582 2305 ἐν
1595 2280 1628 2314 τῇ
1642 2278 1737 2313 πρώτῃ
1750 2279 1849 2313 σκηνῇ,

1059 2325 1088 2351 τὸ
1104 2325 1133 2352 δὲ
1150 2325 1244 2360 ἕτερον
1259 2324 1307 2352 τοῦ
1322 2324 1494 2360 ουμιάματος
1505 2326 1535 2352 τὸ
1547 2324 1675 2360 χρυσοῦν,
1691 2325 1720 2350 ὲν
1734 2325 1768 2359 τῇ
1788 2324 1850 2350 δευ-

1056 2371 1134 2406 τέρᾳ,
1149 2371 1197 2397 καὶ
1207 2370 1345 2398 ἐσωτάτω.
1356 2370 1444 2397 Πολλὰ
1457 2370 1601 2406 τοιγαροῦν
1615 2370 1669 2396 τῶν
1683 2369 1713 2402 ἐξ
1728 2369 1851 2404 Ἐφραίμ

1056 2417 1288 2452 βεϐασιλευκότων
1319 2417 1354 2443 τὰ
1381 2416 1551 2452 ἐγκλήματα·
1578 2415 1687 2451 πρῶτον
1721 2415 1773 2450 μὲν
1807 2415 1850 2441 ὅτι

1055 2463 1210 2499 ὲπλήθυναν
1230 2463 1411 2499 θυσιαστήρια
1428 2463 1468 2495 εἰς
1484 2462 1637 2498 ἁμαρτίας·
1660 2459 1720 2487 εἷτα
1739 2461 1781 2487 ὅτι
1802 2461 1850 2488 καὶ

1055 2509 1221 2544 ὴγαπημὲνα
1242 2508 1414 2544 πεποίηνται,
1432 2508 1475 2540 τὰ,
1491 2508 1533 2542 ἐφ’
1552 2504 1593 2539 οἷς
1604 2505 1638 2543 ἦν
1654 2507 1728 2538 εἰκὸς
1748 2507 1849 2541 ὀλοφύ-

1058 2554 1152 2589 ρεσθαι
1167 2554 1215 2581 καὶ
1233 2554 1352 2590 Θρηνείν,
1377 2554 1415 2585 ὡς
1435 2552 1692 2589 προσκεκρουκότας
1709 2560 1716 2566 ·
1744 2551 1795 2578 καὶ
1818 2551 1850 2577 τὺ

1057 2599 1097 2627 ἔτι
1114 2600 1218 2634 μεῖζον,
1234 2600 1272 2632 ὡς
1285 2599 1494 2630 ἀπονενευκότες
1505 2599 1545 2630 εἰς
1558 2598 1697 2629 ἀπόνοιαν,
1717 2597 1848 2632 ἀλλότρια

1057 2645 1219 2681 πεποίηνται
1242 2645 1278 2673 τὰ
1304 2645 1470 2681 ὴγαπημένα
1487 2644 1686 2680 θυσιαστήρια,
1715 2643 1734 2669 ἃ
1762 2643 1847 2678 ἐχρῆν

1057 2690 1143 2723 οὕτως
1160 2691 1270 2727 ἀγαπᾷν
1292 2691 1339 2718 καὶ
1361 2691 1390 2717 ὲν
1410 2690 1490 2718 παντὶ
1511 2688 1645 2716 ποιεῖσθαι
1664 2688 1846 2723 1679.11905-

1056 2736 1168 2772 έρῤιπτε
1185 2736 1213 2763 δὲ
1227 2736 1270 2764 διὰ
1288 2736 1371 2773 μέσου
1397 2736 1427 2763 τό
1441 2745 1447 2751 '
1467 2746 1475 2762 ι
1493 2734 1671 2771 Καταγράψω
1684 2732 1760 2768 αὐτῷ
1778 2731 1845 2767 πλῆ-
