1919 3042
206 178 255 205 2H

721 179 749 208 S.
770 180 908 209 CYRILLI
925 180 1159 211 ALEXANDRINI
1182 184 1339 214 ARCliiEP.

1789 190 1845 218 ειει

208 238 367 273 iniquitates
396 245 499 266 eorum.
528 238 561 266 Et
587 238 745 274 incipiebat,
771 241 843 276 quod
873 241 994 269 futurum

1055 244 1146 271 ιὺτῶν.
1159 244 1214 270 Καὶ
1229 241 1262 279 ἦν
1275 244 1303 271 ἐν
1321 245 1418 280 ἀρχαῖς
1433 245 1464 271 τὸ
1477 245 1662 281 συμϐήσεσθαι
1681 247 1842 283 προσδοκώ-

207 284 436 319 exspectabatur,
467 288 587 312 terrente
612 284 669 319 jam
695 284 822 314 lsraelem
850 286 939 321 bello,
968 293 995 315 et

209 330 294 358 ferme
308 331 363 364 jam
379 330 546 364 provinciam
564 329 719 359 invadente.
740 331 842 360 Deinde
858 341 920 360 cum
932 341 993 368 Sup-

209 375 332 410 plicando
348 380 375 402 et
397 375 582 410 reslpiscendo
606 376 690 404 Deum
713 377 838 413 mitigare
853 379 994 410 deberent,

209 422 340 456 aliterque
357 421 389 449 ad
410 421 468 456 ejus
487 422 685 457 beneplacitum
701 424 814 455 erudiri,
836 429 863 452 et
883 432 995 451 conver-

209 468 285 494 sione
308 467 340 494 ad
367 467 478 495 meliora
502 468 568 495 iram
585 469 704 503 ejusdem
729 469 849 501 ﬂectere,
869 475 994 503 tanquam

208 512 242 539 ad
262 513 434 540 utilissimum
451 514 590 548 quiddam,
609 521 636 543 et
653 516 724 542 unde
748 515 861 543 liberari'
875 520 996 550 possent,

211 559 297 586 aversi
313 559 418 587 suntin
432 559 589 596 Egyptum,
607 561 744 588 hominem
762 560 928 596 Egyptium,
943 569 996 587 non

210 603 305 637 Deum,
335 606 457 633 subsidio
482 613 619 638 vocantes,
645 616 655 632 ι
673 613 770 634 carnes
794 614 925 641 equorum
935 606 968 639 ³⁵,
985 615 994 632 ›

153 680 156 682 γ
209 651 286 684 juxta
303 650 482 686 Scripturam.
502 661 511 677 ‹
526 652 606 686 Atqui
621 658 673 679 non
691 651 806 679 salvabit
822 659 869 678 rex
886 657 998 687 propter

213 697 324 724 multam
347 698 486 731 virtutem,
512 704 539 726 ct
566 699 641 735 gigas
666 707 719 728 non
744 699 859 727 salvabit
889 705 998 735 propter

213 744 412 772 multitudinem
444 745 610 774 fortitudinis
644 754 716 780 suae;
741 746 822 774 fallax
853 754 938 781 equus
964 747 998 774 ad

212 791 327 819 salutem
338 791 372 818 ³³.
387 791 491 820 Bonum
508 792 646 820 conlidere
659 793 684 819 in
697 792 822 826 Domino,
837 800 917 828 quam
935 800 1000 820 con-

213 837 296 865 fidere
313 838 339 865 in
356 838 511 866 hominibus
522 837 556 866 ’7.
572 847 580 864 ι
598 837 670 865 Nihil
684 843 775 865 autem
792 838 832 866 eis
847 843 900 865 tam
916 843 999 865 teme-

213 884 314 912 rarium
345 884 486 912 consilium
517 883 661 919 profuisse,
693 885 760 918 ipsa,
794 883 891 919 inquit,
919 890 1000 918 cxpe-

213 930 309 958 rientia
336 931 466 965 magistra
493 935 669 964 cognoscent.
696 929 837 965 Deportati
867 930 938 957 enim
966 929 998 956 ad
1015 932 1036 960 Β

211 976 340 1010 Assyrios
358 982 440 1011 atque
460 976 565 1009 Medos,
587 986 596 1002 ι
612 977 648 1004 ibi
665 976 802 1003 immunda
818 976 969 1007 comedent,
987 985 996 1001 ι

213 1022 263 1048 hoc
277 1026 330 1054 est,
344 1029 430 1049 aevum
445 1024 588 1050 traducent
605 1022 707 1057 rejecla
727 1030 785 1057 quae
799 1023 919 1050 restabat
936 1030 999 1057 erga

212 1069 297 1104 legem
315 1071 476 1102 reverentia,
501 1075 529 1097 et
545 1070 654 1105 quidvis
673 1069 741 1096 citra
765 1076 872 1096 omnem
887 1076 1000 1102 scrupu-

213 1116 266 1142 lum
284 1115 466 1144 contedentes.
485 1116 539 1144 Sed
564 1116 675 1150 objiciet
697 1115 815 1142 fortasse
838 1115 971 1148 quispiam
991 1122 998 1141 :

211 1160 354 1195 Quomodo
382 1161 433 1188 hoc
459 1160 585 1195 scrupulo
605 1167 666 1188 esse
694 1159 824 1187 lsraelitis
848 1159 951 1192 potuit,
975 1159 998 1185 si

212 1206 324 1241 quidem
340 1206 423 1234 falsos
443 1206 506 1234 deos
523 1205 651 1233 colendos
661 1205 858 1240 susceperant?
873 1202 998 1238 ResponL

214 1253 309 1280 demus
339 1252 409 1281 lmic.
427 1252 591 1287 quaestioni,
619 1251 645 1278 in
671 1258 793 1279 errorem
822 1257 852 1278 se
880 1249 1000 1277 induisse

214 1299 386 1327 concorditer
398 1306 404 1331 ;
417 1299 465 1326 sed
477 1298 503 1326 in
516 1298 614 1326 animis
628 1305 722 1325 eorum
736 1296 823 1324 adhuc
835 1297 1000 1331 aliquantam

213 1344 420 1373 sollicitudinem
441 1343 508 1379 legis
529 1343 708 1378 superfuisse,
727 1347 755 1370 et
776 1349 823 1370 eos
847 1350 861 1369 a
882 1341 1002 1370 Judaicis

215 1390 456 1419 consuetudinibus
478 1397 530 1417 non
554 1390 587 1417 ad
604 1396 718 1424 unguem
742 1389 913 1422 discessisse,
932 1392 1001 1415 tant-

215 1437 267 1464 etsi
288 1437 315 1464 in
331 1435 463 1464 idolorum
485 1435 592 1470 templis
607 1442 702 1470 preces
722 1435 908 1468 conciperent.
929 1434 1001 1466 Quo-

215 1483 290 1510 circa
303 1487 329 1510 et
344 1482 439 1510 beatus
457 1481 586 1516 propheta
603 1480 675 1507 Elius
692 1484 721 1507 ut
734 1479 840 1507 duobus
854 1479 1000 1514 poplitibus

215 1527 413 1559 claudicantes,
432 1531 461 1554 et
485 1533 573 1561 neque
598 1524 664 1552 Baal
687 1526 807 1558 omnino,
833 1532 920 1559 neque
946 1523 1000 1551 Deo

216 1572 336 1607 perfecte
348 1573 488 1600 adhaerere
497 1571 618 1599 volentes
627 1571 773 1606 aliquando
785 1570 958 1605 reprehendit
966 1569 998 1596 ".

219 1618 316 1646 Verum
334 1619 459 1646 redactus
474 1618 499 1645 in
521 1618 705 1653 captivitatem
728 1616 822 1648 lsrael,
839 1616 904 1651 legis
922 1623 1000 1642 reve-

217 1664 328 1692 rentiam
343 1663 464 1692 funditus
479 1663 586 1699 abiecit,
598 1671 687 1691 mores
701 1667 729 1690 et
744 1663 815 1697 leges
828 1661 999 1689 dominorum

218 1717 327 1738 suorum
349 1710 512 1738 necessitate
537 1711 647 1738 adactus
664 1717 790 1745 sequens.
809 1709 843 1736 Et
858 1709 920 1742 hoc,
941 1707 1001 1742 opi-

218 1764 288 1790 nor,
317 1762 375 1789 est,
396 1757 467 1791 quod
497 1761 524 1784 et
553 1758 610 1792 ipse
634 1757 760 1784 Christus
780 1755 848 1783 dixit
871 1764 879 1782 :
898 1764 907 1780 ί
921 1753 1000 1782 Omni

221 1803 329 1831 habenti
347 1803 464 1835 dabitur,
486 1808 513 1830 et
536 1803 694 1830 abundabit.
720 1802 761 1829 Ab
785 1809 817 1829 eo
841 1807 930 1828 autent
956 1799 1002 1834 qui

221 1857 274 1877 non
298 1848 390 1880 habet,
411 1853 438 1876 et
453 1850 524 1883 quod
549 1849 653 1875 videtur
675 1848 783 1879 habere,
811 1846 949 1873 auferetur
968 1845 1002 1872 ab

220 1904 252 1923 (ιο
264 1896 296 1922 ⁸⁹.
316 1904 326 1922 ι
355 1894 413 1922 Non
440 1899 503 1921 sunt
531 1894 611 1929 igitur
635 1894 713 1921 nobis
734 1892 885 1928 spernenda
912 1891 1003 1918 divina

221 1941 400 1975 charismata;
424 1942 471 1968 sed
494 1948 553 1975 qua:
580 1939 752 1967 habuerimus
772 1946 787 1966 a
810 1939 874 1969 Deo.
894 1937 1004 1964 maximi

221 1987 391 2016 mstimanda.
413 1987 480 2014 Nam
505 1986 529 2013 si
551 1985 626 2013 cordi
650 1985 727 2012 nobis
750 1984 861 2016 fuerint,
887 1983 1005 2010 libenter

220 2033 307 2069 gratia
332 2038 359 2060 et
382 2033 481 2060 donum
509 2031 536 2059 in
566 2031 642 2058 nobis
666 2030 808 2058 habitabit.
842 2029 888 2056 Sin
915 2034 1005 2055 autem

221 2079 311 2115 ignavi
336 2084 364 2106 et
388 2077 495 2105 remissi
527 2078 553 2104 in
584 2084 616 2104 eo
647 2075 825 2104 custodiendo
853 2074 1004 2105 fuerimus,

222 2125 309 2160 ipsum
328 2130 440 2158 prorsus
459 2122 585 2150 avolabit.

259 2169 339 2204 126
355 2168 436 2195 Vsus.
450 2168 493 2195 14.
512 2168 542 2195 Et
555 2168 650 2195 oblitus
665 2172 702 2194 est
716 2165 802 2193 Israel
815 2165 872 2199 ejus
886 2165 930 2199 qui
945 2163 1007 2199 fecit

222 2214 309 2242 illum.
326 2214 359 2241 Et
375 2214 570 2248 aediﬁcaverth
583 2215 658 2250 fana.
678 2213 709 2239 Et
725 2211 811 2238 ludas
826 2210 1008 2245 multiplicauit

222 2261 297 2289 urbe:
316 2266 443 2287 murales.
467 2260 502 2287 Et
525 2261 628 2289 mittam
648 2260 733 2293 ignem
756 2257 783 2284 in
806 2257 922 2283 civitates
939 2256 1004 2290 ejus,
1022 2275 1044 2304 D

222 2312 246 2333 et
261 2306 394 2333 devorubit
410 2305 580 2340 fundamenta
594 2304 711 2330 illarum.

261 2393 337 2420 XCV.
358 2392 444 2420 Ambo
466 2398 548 2426 regna
565 2390 700 2425 obiurgat,
723 2388 862 2421 Samaria,
886 2390 1006 2424 inquam,

223 2438 340 2472 ctJuda,
356 2445 452 2474 nempe
463 2437 534 2472 qupd
555 2440 597 2464 est
609 2434 814 2470 Hierosolymis.
831 2433 899 2468 Quid
917 2438 1007 2461 autem

226 2484 306 2512 ambo
317 2483 442 2516 fecerint,
463 2480 607 2508 videndutn
621 2485 648 2507 et
665 2479 851 2514 exponendum
868 2484 918 2506 est.
940 2478 1008 2505 Cum

225 2529 325 2558 bellum
347 2531 560 2564 exspectaretur,
578 2530 605 2553 et
626 2529 713 2552 terror
734 2524 927 2560 propemodum
943 2523 1009 2557 ipsis

227 2575 330 2603 foribus
355 2574 520 2605 immineret,
548 2575 740 2606 oporteretque
768 2575 824 2597 tum
846 2569 1007 2600 Samaritas,

227 2625 285 2649 tum
303 2622 336 2649 de
353 2620 424 2648 tribu
438 2617 507 2646 Juda
523 2621 666 2651 regnantes
679 2623 693 2643 a
706 2616 760 2643 Deo
776 2615 919 2643 Salvatore
935 2614 1009 2641 auxi-

227 2668 294 2696 lium
318 2672 449 2702 qurerere,
476 2665 499 2691 si
523 2663 632 2699 quidem
645 2667 672 2690 et
695 2661 802 2690 inutiles
821 2666 850 2689 et
876 2661 1012 2696 improbas

227 2712 404 2747 cogitationes
428 2717 493 2737 suas
525 2712 677 2740 mutarent,
705 2711 733 2735 et
759 2715 821 2734 eum
846 2706 1012 2741 prenitentiis

227 2758 329 2790 colere,
351 2756 465 2791 amplius
486 2755 697 2790 omnipotentem
723 2753 864 2781 Dominum
882 2753 1012 2780 adversus

229 2811 260 2831 sc
277 2802 428 2830 irritabant.
447 2802 528 2830 Israel
547 2802 630 2834 enim,
653 2800 703 2828 hoc
728 2804 781 2833 est,
798 2799 890 2827 decem
913 2799 1010 2831 tribus,

264 2882 286 2898 "
304 2889 399 2917 Ezcrh.
420 2898 509 2923 ητις,
525 2890 570 2916 20.
609 2889 630 2905 ³⁸
647 2887 719 2916 Psal.
732 2886 930 2920 xntt,16,l7.
970 2886 988 2901 ³⁷
1007 2884 1078 2913 Psal.
1103 2892 1186 2917 cxvu,
1204 2883 1229 2910 8.
1270 2884 1291 2900 "
1308 2883 1341 2911 Ill
1358 2883 1422 2919 lteg.
1443 2891 1509 2922 xvttt
1522 2883 1568 2912 ‘ll.

1049 298 1137 325 μενον,
1154 289 1371 322 καταπτοοῦντος
1384 291 1433 326 ἤδη
1451 291 1497 318 τὸν
1519 292 1628 328 Ἰσραὴλ
1643 293 1691 319 τοῦ
1705 293 1842 327 πολέμου,

1047 335 1094 361 καὶ
1114 336 1257 370 μονονουχὶ
1279 337 1313 371 τῇ
1339 337 1416 372 χώρα
1438 337 1646 372 προϐάλλοντος.
1672 337 1751 370 Εἶτα,
1783 339 1843 364 δέον

1048 380 1146 411 αὐτοὺς
1169 380 1255 412 λιταῖς
1271 389 1301 407 τε
1319 382 1366 407 καὶ
1384 382 1588 416 μεταγνώσεσιν
1615 383 1843 418 ἔκμειλίσσεσθαι

1047 425 1123 458 Θεὸν,
1141 426 1188 452 καὶ
1201 427 1445 461 μεταπαιδεύεσθαι
1462 428 1510 463 μὲν
1523 429 1554 455 τὸ
1571 428 1666 455 δοκοῦν
1680 429 1767 464 αὐτῷ,
1782 431 1844 460 ταῖς

1047 471 1073 498 δὲ
1087 472 1126 504 εἰς
1139 472 1168 498 τὸ
1183 472 1293 508 ἄμεινον
1309 474 1475 510 ἀναδρομαῖς
1482 474 1665 501 ὲπιδυσωπεῖν
1682 476 1732 509 τὴν
1744 475 1842 509 ὀργὴν,

1048 518 1085 549 ὡς
1101 518 1146 545 ὲπί
1161 527 1187 545 τι
1202 519 1255 545 τῶν
1272 519 1341 553 ἄγαν
1356 520 1498 556 χρησίμων
1514 520 1653 552 ἐξελέσθαι
1682 521 1843 555 δυναμένων

1049 564 1158 596 αὐτοὺς.
1182 565 1357 601 ἀπέστρεψαν
1376 567 1415 597 εἰς
1443 567 1588 601 Αἴγυπτονὶ
1627 567 1773 598 καλοῦντες
1803 568 1842 598 εἰς

1050 610 1211 645 ἐπικουρίαν
1248 611 1392 646 ἄνθρωπον
1428 612 1587 645 Αἰγύπτιον,
1627 613 1675 639 καὶ
1703 613 1734 638 οὐ
1764 612 1842 638 Θεὸν.

1053 664 1062 680 I
1077 655 1182 682 Ἵππων
1208 656 1343 691 σάρκας.»
1363 656 1433 683 κατὰ
1456 657 1487 683 τὸ
1506 658 1710 692 γεγραμμένον.
1739 667 1747 682 ι
1771 657 1842 683 Ἀλλ’

1050 701 1080 727 οὐ
1098 701 1216 734 σώζεται
1236 702 1363 737 βασιλεὺς
1380 703 1424 729 διὰ
1441 703 1541 738 πολλὴν
1555 703 1681 738 δύναμιν,
1698 704 1746 730 καὶ
1760 704 1842 737 γίγας

1049 747 1080 773 οὐ
1097 747 1251 783 σωθήσεται
1266 748 1295 774 ὲν
1308 747 1405 783 πλήθει
1420 748 1511 783 ἰσχύος
1526 747 1620 778 αὑτοῦ.
1638 749 1738 784 ψευδὴς
1759 749 1844 780 ἵππος

1050 793 1090 825 εἰς
1114 793 1260 829 σωτηρίαν.
1288 794 1402 828 Ἀγαθὸν
1429 794 1588 821 πεποιθέναι
1615 795 1661 821 ἐπὶ
1681 795 1797 830 Κύριον,
1825 795 1841 830 ἢ

1051 839 1210 866 πεποιθέναι
1231 840 1275 866 ἐπ’
1292 840 1446 875 ἄνθρωπον.
1460 850 1468 866 ι
1483 841 1544 867 Ὂτι
1559 841 1587 866 δὲ
1600 841 1641 872 εἰς
1656 841 1734 867 οὐδὲν
1750 841 1844 872 αὐτοῖς

1051 884 1105 912 τῶν
1117 885 1273 919 ἀναγκαίων
1287 886 1321 912 τὰ
1336 886 1385 921 τῆς
1400 886 1518 918 τοιᾶσδε,
1535 887 1628 921 φησὶν,
1643 886 1844 917 εἰκαιοϐουλίας

1050 932 1211 968 ἐκϐέϐηκεν,
1239 932 1269 965 ἐξ
1290 933 1376 968 αὐτῆς
1400 933 1518 960 εἴσονται
1538 933 1587 968 τῆς
1610 932 1718 968 πείρας,
1739 933 1844 959 ἀποκο-

1052 978 1194 1012 μισθέντες
1214 978 1269 1013 γὰρ
1291 979 1331 1009 εἰς
1364 978 1522 1014 Ἀσσυρίους
1540 978 1588 1004 καὶ
1611 978 1731 1013 Μήδους,
1761 978 1846 1003 «ἐκεῖ

1049 1024 1194 1059 ἀκάθαρτα
1208 1024 1350 1058 φάγονται,
1364 1034 1372 1049 ι
1385 1024 1520 1055 τουτέστι,
1531 1023 1722 1049 διαῦιώσονται
1737 1023 1788 1057 τῆς
1804 1023 1846 1054 εἷς

1049 1069 1096 1096 τὸν
1110 1069 1190 1104 νόμον
1208 1068 1299 1100 αἰδοῦς
1311 1068 1494 1100 ἀποϐαλόντες
1511 1069 1540 1095 τὸ
1553 1068 1690 1102 λείψανον,
1711 1069 1758 1094 καὶ
1773 1069 1844 1101 ἀφυ-

1050 1116 1157 1147 λάκτως
1171 1115 1306 1147 ἐσθίοντες
1315 1115 1344 1142 τὸ
1357 1115 1523 1150 παρατυχόν.
1548 1114 1617 1141 Ἀλλ’
1635 1115 1700 1144 ἴσως
1717 1115 1776 1150 ἐρεῖ
1790 1121 1844 1144 τις⁶

1051 1162 1114 1194 Πῶς
1129 1161 1207 1188 τοῦτο
1219 1160 1370 1195 λελύπηκεν
1387 1161 1420 1187 ἂν
1433 1161 1495 1192 τοὺς
1512 1160 1541 1193 ἐξ
1566 1160 1683 1196 Ἰσραὴλ,
1700 1159 1845 1186 εἰδωλολα-

1050 1209 1124 1243 τρείν
1141 1208 1302 1242 ἑλομένους
1318 1207 1390 1242 Πρὸς
1406 1205 1493 1233 ταῦτά
1515 1214 1614 1241 φαμεν,
1629 1207 1669 1232 ὃτι
1686 1205 1845 1251 «xliv-qv-

1050 1263 1095 1280 ται
1123 1253 1172 1288 μὲν
1195 1252 1429 1288 ὁμολογουμένως.
1454 1252 1510 1278 ἀλλ’
1527 1250 1560 1287 ἦν
1587 1261 1628 1283 τις
1654 1252 1748 1282 αὐτοῖς
1774 1250 1846 1278 κατὰ

1051 1299 1113 1326 νοῦν
1124 1299 1164 1325 ἔτι
1179 1298 1267 1334 μικρὰ
1276 1298 1322 1325 τοῦ
1334 1299 1417 1334 νόμου
1434 1299 1554 1334 φροντὶς,
1568 1298 1615 1324 καὶ
1629 1299 1682 1325 τῶν
1690 1298 1846 1325 Ἰουδαϊκῶν

1051 1345 1121 1372 ἐθῶν
1134 1344 1184 1372 οὒκ
1195 1344 1349 1371 ἀπώλισθον
1360 1344 1510 1375 παντελῶς,
1526 1344 1614 1370 καίτοι
1628 1343 1846 1379 προσκυνοῦντες

1051 1393 1080 1418 ἐν
1097 1392 1153 1423 τοϊς
1169 1391 1222 1418 τῶν
1238 1390 1354 1417 εἰδώλων
1371 1391 1453 1422 ναοῖς.
1467 1390 1601 1425 Ταύτῃτοι
1616 1390 1663 1416 καί
1678 1391 1691 1416 ὁ
1708 1388 1846 1424 μακάριος

1051 1437 1196 1473 προφήτης
1226 1436 1326 1468 Ἠλιοῦ,
1350 1436 1388 1468 ὡς
1411 1436 1486 1462 δυσὶν
1505 1435 1610 1470 ἰγνύαις
1627 1434 1846 1470 ὲπιχωλεύοντας

1051 1483 1198 1520 κατῃτιᾶτο
1223 1491 1287 1509 ποτε
1301 1502 1308 1514 ,
1338 1482 1385 1509 καὶ
1414 1485 1482 1518 μήτε
1504 1482 1542 1517 τῷ
1574 1481 1648 1508 Βάαλ
1678 1480 1844 1516 όλοτρόπως,

1053 1529 1120 1564 μήτε
1150 1528 1203 1564 μὴν
1221 1528 1281 1562 Θεῷ
1299 1528 1409 1559 τελείως
1424 1527 1601 1562 προσκεῖσθαι
1618 1525 1844 1561 βεδουλημένους.

1053 1573 1156 1600 Οὐκοῦν
1168 1572 1288 1608 γεγονὼς
1303 1573 1474 1608 αἰχμάλωτος
1496 1574 1510 1599 ὁ
1534 1573 1651 1607 Ἰσραὴλ,
1671 1571 1846 1604 ἀποϐέϐληκε

1051 1619 1161 1651 τελείως
1174 1619 1224 1654 τὴν
1239 1619 1279 1650 εἰς
1294 1618 1340 1645 τὸν
1352 1619 1435 1653 νόμον
1444 1619 1519 1650 αἰδῶ,
1532 1620 1588 1649 τοῖς
1604 1618 1657 1644 τῶν
1671 1617 1846 1653 κρατούντων

1051 1665 1125 1691 ἔθεσί
1141 1673 1180 1696 τε,
1207 1663 1254 1691 καὶ
1267 1664 1370 1699 νόμοις,
1389 1664 1427 1695 ὠς
1450 1664 1478 1696 ὲξ
1493 1664 1615 1698 ἀνάγκης
1629 1664 1771 1698 ἑπόμενος.
1790 1662 1848 1689 Καὶ

1051 1710 1140 1741 τοῦτο,
1153 1708 1240 1744 οἶμαι,
1266 1709 1341 1736 ἐστὶν
1365 1709 1379 1735 δ
1394 1709 1448 1736 Mat
1463 1710 1545 1741 αὐτὸς
1575 1710 1626 1745 ἔφη
1650 1709 1779 1743 Χριστὸς,
1804 1708 1847 1734 ὅτι

1056 1766 1064 1782 ι
1078 1755 1164 1783 Παντὶ
1187 1756 1225 1790 τῷ
1242 1755 1330 1790 ἔχοντι
1344 1755 1498 1790 δοθήσεται,
1520 1756 1566 1782 καὶ
1585 1755 1845 1790 περισσευθήσεται-

1059 1802 1126 1828 Ἀπδ
1136 1802 1163 1828 δὲ
1179 1801 1226 1828 τοῦ
1240 1803 1276 1836 μὴ
1292 1801 1412 1836 ἔχοντος,
1429 1801 1477 1828 καὶ
1487 1801 1500 1828 ὃ
1513 1802 1586 1828 δοκεῖ
1602 1802 1683 1836 ἔχειν,
1696 1801 1847 1836 ἀρθήσεται

1055 1847 1102 1874 ἀπ’
1115 1846 1208 1873 αὐτοῦ.
1217 1857 1225 1872 ι
1239 1848 1284 1872 Δεῖ
1292 1847 1323 1882 δὴ
1341 1845 1387 1873 οὗν
1399 1848 1452 1882 ἄρα
1465 1847 1519 1873 τῶν
1533 1846 1612 1872 θείων
1622 1847 1696 1880 ἡμᾶς
1705 1845 1847 1881 χαρισμά-

1054 1902 1106 1920 των
1138 1893 1175 1927 μὴ
1199 1893 1396 1927 καταφρονεῖν·
1426 1892 1483 1918 ἀλλ’
1507 1889 1545 1918 ὧν
1571 1892 1603 1918 ἂν
1631 1892 1739 1926 ἔχοιμεν
1770 1891 1848 1925 παρὰ

1055 1939 1134 1971 Θεοῦ,
1154 1939 1278 1966 πλεῖστον
1293 1939 1355 1965 ὅσον
1377 1938 1512 1965 ποιεῖσθαι
1535 1938 1623 1972 λόγον.
1648 1936 1847 1972 Πεφροντικόσι

1059 1985 1106 2020 μὲν
1120 1985 1174 2020 γὰρ
1192 1984 1416 2020 ὲμφυλοχωρήσει
1435 1984 1465 2010 τὸ
1481 1984 1614 2020 χάρισμα.
1627 1983 1657 2010 Εἰ
1672 1983 1699 2009 δὲ
1716 1982 1847 2018 ρᾴθυμοι,

1057 2030 1104 2056 καὶ
1127 2030 1356 2060 ἀναπεπτωκότες
1377 2030 1440 2064 περὶ¹
1463 2029 1529 2055 αὐτὸ
1545 2027 1686 2063 γινόμεθα,
1711 2027 1758 2054 καὶ
1780 2025 1850 2054 αὐτὸ

1057 2076 1088 2111 δὴ
1106 2075 1215 2107 πάντως
1230 2075 1427 2111 ἁποπτήσεται.

1095 2163 1149 2190 Kal
1159 2162 1320 2189 ἐπελάθετο
1339 2161 1462 2196 Ἰσραὴλ
1478 2161 1530 2188 τοῦ
1544 2160 1730 2193 ποιήσαντος
1741 2159 1848 2187 αὐτόν.

1059 2208 1114 2235 Kal
1129 2207 1327 2242 ᾠκοδόμησαν
1345 2207 1464 2242 τεμένη.
1487 2207 1540 2233 Kal
1562 2206 1618 2232 Ἰοί
1622 2205 1677 2237 δας
1694 2205 1850 2238 ἐπλήθυνε

1059 2255 1164 2286 πόλεις
1185 2253 1418 2287 τετειχισμένας.
1437 2252 1492 2279 Kal
1507 2250 1699 2284 ἐξαποστελῶ
1719 2250 1780 2285 πῦρ
1806 2251 1850 2283 εἰς

1058 2300 1112 2332 τὰς
1136 2300 1241 2331 πόλεις
1275 2299 1385 2333 αὐτοῦ,
1429 2297 1629 2332 καταφάγεται
1655 2297 1691 2324 τὰ
1725 2296 1851 2330 θεμέλια

1060 2344 1169 2373 αὐτῶν.

1097 2392 1152 2424 με’.
1163 2391 1343 2426 Ἀμφοτέραις
1358 2390 1517 2425 ἐπιπλήττει
1529 2390 1588 2420 ταῖς
1600 2387 1760 2423 βασιλείαις,
1773 2388 1807 2422 τῇ
1821 2396 1851 2413 τε

1061 2437 1090 2463 ὲν
1104 2435 1256 2471 Σαμαρείᾳ,
1277 2436 1359 2470 φημὶ,
1377 2435 1423 2461 καί
1435 2435 1468 2470 τῇ
1484 2434 1530 2461 τοῦ
1554 2433 1648 2464 Ἰούδα,
1663 2432 1798 2464 τουτέστι,
1818 2433 1850 2468 τῇ

1061 2480 1128 2516 οὖσῃ
1141 2481 1211 2507 κατὰ
1222 2480 1271 2516 τὴν
1279 2479 1466 2515 Ἰερουσαλήμ.
1482 2479 1514 2505 Τί
1528 2479 1580 2514 γὰρ
1594 2478 1676 2513 ἄμφω
1690 2477 1851 2512 δεδράκασι,

1061 2526 1229 2560 καταθρῆσαι
1253 2534 1282 2552 τε
1311 2525 1369 2560 ἃμα
1388 2525 1435 2551 καὶ
1455 2525 1542 2550 εἰπεῖν
1572 2523 1730 2557 ἀναγκαῖον.
1762 2522 1852 2556 Προσ-

1061 2570 1213 2605 δοκωμένου
1236 2570 1290 2606 γὰρ
1309 2569 1418 2596 ἔσεσθαι
1440 2568 1486 2596 τοῦ
1510 2568 1638 2603 πολέμου,
1657 2567 1801 2602 μονονουγὶ
1823 2566 1851 2592 δὲ

1062 2616 1109 2642 καὶ
1126 2615 1169 2642 ἐπ’
1186 2615 1280 2646 αὐταῖς
1301 2616 1351 2650 ἥδη
1370 2615 1513 2649 γεγονότος
1533 2615 1593 2645 ταῖς
1612 2613 1708 2648 θύραις
1732 2612 1782 2639 τοῦ
1799 2612 1851 2638 δείς

1064 2669 1158 2695 ματος,
1176 2661 1234 2687 δέον
1245 2660 1344 2692 αὐτοὺς
1356 2661 1419 2693 τούς
1439 2669 1468 2687 τε
1492 2661 1521 2688 ἐν
1538 2659 1690 2696 Σαμαρείᾳ,
1716 2659 1765 2686 καὶ
1789 2659 1850 2690 τοὺς

1063 2704 1252 2740 βασιλεύοντας
1264 2705 1297 2731 ὲκ
1308 2705 1394 2739 φυλῆς
1413 2705 1507 2737 Ἰούδα,
1523 2705 1572 2739 τὴν
1585 2704 1660 2739 παρὰ
1672 2703 1742 2730 θεοῦ
1755 2703 1851 2734 σώζον-

1062 2759 1107 2783 τος
1134 2751 1295 2785 ἐπικουρίαν
1310 2750 1412 2785 ζητεῖν,
1429 2751 1454 2776 εἰ
1471 2750 1614 2781 ἐκτύπους,
1631 2749 1679 2776 καὶ
1701 2749 1850 2783 ἀνωφελεῖς

1062 2797 1210 2831 ἐτράποντο
1221 2796 1343 2831 γνώμας,
1354 2796 1401 2822 καὶ
1413 2797 1472 2827 ταῖς
1487 2794 1674 2830 μεταγνώσεσι
1688 2794 1849 2831 θεραπεύειν

1611 2884 1634 2900 ³³
1646 2883 1712 2912 Luc.
1730 2891 1790 2918 XIX,
1805 2883 1845 2910 26.
