1919 3042
80 169 126 196 ‘lI‘f

542 170 819 199 COMMENTARIUS
838 171 874 199 IN
892 171 1007 200 OSEAM
1027 171 1248 201 PROPIIETAII.

1659 177 1713 204 218

82 227 269 265 πιμπλάμεθα,
287 228 334 255 τὸν
348 230 444 267 νοητὸν
460 231 541 266 ἄρτον
555 231 726 267 τρεφόμενοι,
743 233 790 259 καὶ
801 229 871 259 οἶνον

931 241 1039 268 superna
1069 235 1256 262 benedictione
1282 234 1427 269 replentur,
1449 243 1519 270 pane
1542 235 1592 262 sub
1615 236 1714 263 iuchII-

81 275 183 310 ἔχοντες
197 274 245 300 τὸν
261 274 291 308 ἐξ
307 276 439 311 ούρανοῦ,
455 286 464 302 ι
485 276 536 303 Τὸν
561 278 741 313 εὐφραίνοντα
757 277 871 314 καρδίαν

81 320 232 356 ἀνθρώπου.
252 330 262 345 ι
281 321 376 348 Ταῦτα
392 324 498 358 φρονεῖν
513 323 657 358 ᾑρημένοι,
672 324 872 359 κατοικήσομεν

82 367 127 402 τὴν
154 366 238 400 ἁγίαν
257 367 321 402 γῆν.
357 367 492 403 Ἐσόμεθα
518 371 570 404 γὰρ
591 369 659 403 μετὰ
675 369 754 400 Θεοῦ,
781 369 826 396 καὶ
843 371 872 396 ὲν

88 411 242 446 ’Δσσυρίοις
258 411 404 446 ἀκάθαρτα
420 412 449 438 οὺ
476 412 629 447 φαγὸμεθα.
663 413 872 440 Καταϐόσκουσι

82 455 132 490 γὰρ
143 456 172 481 ἐν
185 455 372 491 ἁκαθαρσίαις
383 456 446 488 τοὺς
464 457 626 492 προσιόντας
641 457 732 489 αὐτοῖς
754 465 763 482 ί
781 458 812 483 Ol
826 466 872 484 κο-

83 501 271 536 σμοκράτορες
287 501 335 528 τοῦ
352 502 450 534 αἰῶνος
459 502 565 534 τούτου,
581 502 616 528 τὰ.
635 503 808 538 πνευματικὰ
823 503 872 538 τῆς

81 547 212 582 πονηρίας
229 548 259 573 ὲν
273 548 328 578 τοῖς
343 548 523 584 ἐπουρανίοις.
542 558 551 574 ι

116 593 145 620 Τί
164 592 312 626 ποιήσετε
322 592 357 619 ἐν
369 593 463 628 ’ἡμέρᾳ
475 596 678 630 πανηγύρεως,
694 594 743 622 καί
757 595 792 622 ἐν
803 594 873 630 ἠμέ-

79 647 143 672 μινς
161 637 272 672 ἑορτῆς
286 638 398 672 Κυρίου
408 646 417 670 ;

115 685 171 716 L.Z'.
181 684 295 719 Ἐπειδὴ
301 684 356 719 γὰρ
369 685 407 715 εἰς
419 683 507 718 τοῦτο,
518 685 595 720 φησὶ,
608 685 754 712 καθίκεσθε
760 685 874 712 δυσϐου-

80 728 137 759 λίας
159 728 208 754 καὶ
231 728 428 764 ἀσεϐημάτων,
451 729 574 765 βδελυροὶ
598 730 626 756 δὲ
644 729 715 756 οὕτω
732 730 871 764 γεγόνατε,

80 775 126 801 καὶ
141 775 349 810 ἀπηχθημένοι,
365 776 440 807 ποῖος
454 776 518 811 ὑμῖν
533 775 587 810 ἄρα
609 775 737 812 βοηθήσει
752 776 871 812 τρόπος;

80 821 134 856 ῆτί
150 821 326 857 πεπραχότες
351 822 398 848 καὶ
423 822 644 857 βουλευσάμενοι,
668 823 718 858 τῆς
735 822 806 849 οὕτω
819 822 874 849 δει-

80 868 126 902 νῆς
142 868 191 894 καὶ
210 868 315 903 ἀγρίας
335 868 479 895 ὲκνεύσετε
504 871 665 905 συμφορᾶς,
683 870 746 896 ὅταν
775 871 792 905 ἡ
818 869 872 905 ἐμὴ

923 280 1040 314 gentiam
1064 281 1180 307 cadente
1205 281 1310 313 nutriti,
1335 286 1363 308 et
1388 282 1481 307 vinum
1505 281 1638 308 habentes
1654 289 1712 308 cm-

923 325 1000 358 leste,
1018 333 1027 350 t
1043 325 1112 359 quod
1132 325 1251 352 laetificat
1272 333 1319 352 cor
1343 326 1500 354 hominis".
1515 336 1525 352 ι
1548 326 1585 353 Ita
1611 326 1711 360 affecti,

924 375 1024 397 terram
1050 375 1173 397 sanctam
1201 370 1392 399 habitabimus.
1417 371 1525 399 Erimus
1550 372 1621 399 enim
1649 377 1719 399 cum-

924 415 990 448 Deo,
1016 421 1043 442 et
1068 416 1140 443 inter
1163 416 1289 451 Assyrios
1310 417 1458 444 immundis
1482 425 1533 444 non
1557 425 1710 445 vcsccntur.

922 461 1042 489 Pascunt
1067 462 1138 489 enim
1169 462 1195 488 in
1225 462 1403 489 immunditiis
1431 464 1463 489 ad
1494 471 1524 490 se
1551 465 1711 490 accedentes

926 508 1085 543 «prtncipes
1113 508 1203 534 mundi
1234 508 1324 542 hujus,
1351 508 1502 542 spiritualia
1531 509 1657 544 nequitiae
1684 510 1710 536 in

923 554 1078 581 coelestibus
1089 553 1122 580 ⁸³.
1141 563 1150 580 ι

960 598 1041 633 129
1064 598 1133 631 Quid
1147 598 1249 632 facietis
1270 599 1297 626 in
1312 599 1354 626 die
1375 605 1526 633 conventus.
1542 606 1564 627 et
1580 601 1606 628 in
1623 601 1712 628 diebus

923 643 1095 671 solemnitatis
1125 644 1253 671 Domini?

958 689 1061 718 XCVII.
1077 689 1209 721 Quoniam
1225 690 1297 718 enim
1310 690 1363 718 huc
1376 698 1462 726 usque
1476 691 1546 719 male
1561 692 1636 719 vobis
1649 700 1713 719 con-

923 735 1036 763 sulendo
1048 740 1074 762 et
1091 735 1173 770 impie
1187 736 1291 771 agendo
1317 737 1499 771 processistis,
1525 738 1646 772 adeoque
1668 739 1714 764 (le-

924 781 1063 809 testabilt-s
1079 785 1106 808 et
1122 781 1208 809 odiosi
1232 781 1375 814 evasistis,
1399 790 1516 817 quonam
1540 783 1619 810 modo
1638 783 1713 810 vobis

923 828 1114 855 succurratur?
1126 831 1173 854 aut
1184 828 1247 862 quid
1260 827 1409 862 incipietis,
1427 829 1526 863 quidve
1540 829 1645 856 consilii
1670 837 1715 857 ca-

924 875 1015 908 pietis,
1030 879 1058 901 ut
1074 879 1127 901 tam
1139 874 1224 901 diram
1240 879 1266 901 et
1280 879 1398 902 atrocem
1416 875 1595 902 calamitatem
1604 873 1714 909 effugia-

78 913 189 948 τελῆται
218 914 383 950 πανήγυρις,
410 914 584 946 δαπανῶντος
605 915 651 942 τοῦ
673 915 793 950 πολέμου
810 916 873 947 τοὺς

931 921 970 953 is,
988 920 1095 954 quando
1110 920 1215 947 scilicet
1232 920 1304 947 bello
1321 919 1481 947 absumente
1495 921 1541 954 qui
1568 927 1611 947 me
1627 920 1713 947 oll‘eu-

78 959 278 994 λελυπηκὸταςς
293 959 398 986 Οὐκοῦν
417 959 514 995 ἑορτὴν
531 960 598 987 ίδίαν
620 960 748 996 ὀνομάζει
767 960 781 986 ὁ
796 959 872 993 Θεὸς,

78 1006 121 1031 τὶν
133 1005 231 1041 καιρὸν
245 1006 377 1041 δηλονότι,
392 1005 452 1033 καθ’
461 1006 490 1032 ὃν
503 1007 517 1032 ό
530 1007 640 1043 Ἰσραὴλ
651 1007 784 1038 ἐξαιτοῖτο
797 1006 875 1038 δίκας

77 1051 128 1077 τῶν
144 1052 187 1083 είς
203 1051 287 1078 αὑτὸν
301 1052 590 1088 πεπλημμελημένων.

110 1097 171 1133 Χρὴ
184 1098 338 1134 τοιγαροῦν
354 1098 393 1133 μὴ
404 1098 498 1130 ἁπλῶς
513 1097 542 1124 τὸ
555 1096 650 1124 δοκοῦν
665 1096 874 1132 ἀπερισκέπτως

77 1143 222 1175 ἐπιτελεῖν,
241 1145 360 1175 καὶτοῖς
377 1143 510 1178 παροῦσιν
523 1142 682 1178 ἐφήδεσθαι,
701 1142 874 1178 συναρπαζο-

78 1189 178 1224 μένους
209 1191 272 1222 ταῖς
298 1189 455 1225 ἐπιθυμίαις
478 1190 518 1220 εἰς
543 1189 573 1215 τὸ
597 1187 781 1224 προσκρούειν
803 1187 873 1222 Θεῷ,

79 1236 245 1271 περιαθρεῖν
277 1235 306 1262 δὲ
333 1235 433 1270 μᾶλλον
447 1234 495 1261 καὶ
511 1234 545 1260 τὰ
558 1234 687 1268 ἐσόμενα,
708 1233 756 1259 καὶ
769 1232 875 1259 διεκδύ-

77 1292 132 1311 νειν
149 1282 313 1316 ἐπείγεσθαι
328 1281 362 1308 τὰ
380 1281 412 1307 ἐκ
424 1281 499 1312 θείας
516 1280 610 1316 ὀργῆς·
627 1279 745 1315 ἐσόμεθα
760 1279 814 1315 γὰρ
828 1278 875 1305 οὓ-

78 1339 116 1356 τω
129 1329 221 1364 σοφοὶ,
236 1329 284 1355 καὶ
295 1328 350 1357 τῶν
364 1327 558 1364 συμφερόντων
574 1327 767 1362 ἐπιστήμονες.

115 1418 168 1444 Διὰ
178 1416 269 1444 τοῦτο
284 1416 350 1443 ὶδοὺ
361 1416 540 1450 πορεύονται
553 1415 588 1442 ἐκ
607 1414 809 1448 ταλαιπωρίας
827 1413 876 1440 Αι-

81 1466 210 1501 τύπτου,
224 1463 274 1490 καὶ
289 1462 441 1495 ἐκδέξεται
457 1461 567 1494 αὐτοὺς
582 1461 707 1495 Μέμφις,
725 1459 774 1486 καί
786 1459 876 1493 θάψει

82 1511 195 1544 αὐτοὺς
221 1509 361 1544 Μαχμάς.
390 1509 425 1535 Τὸ
453 1508 595 1542 ἀργύριον
630 1505 728 1533 αὐτῶν
753 1504 876 1538 ὄλεθρος

81 1555 324 1591 κληρονομήσει,
362 1554 487 1582 ἄκανθαι
520 1553 556 1580 ἐν
589 1552 651 1585 τοῖς
678 1550 876 1586 σκηνώμασιν

82 1602 192 1631 αὐτῶν.

117 1649 182 1683 ιιιίν.
198 1646 415 1683 Καταδῃούντων
429 1646 479 1682 τὴν
497 1647 653 1682 Σαμάρειαν
672 1645 726 1672 τῶν
749 1644 877 1671 Βαϐυλω-

82 1696 157 1728 νίων,
170 1695 196 1721 οἱ
211 1694 351 1729 διαφυγεῖν
369 1693 540 1728 ἰσχύσαντες,
568 1693 644 1728 μόλις
661 1692 820 1727 ἀπέδραμον
838 1691 878 1721 εἰς

82 1743 133 1778 τὴν
141 1740 313 1776 Διγυπτίων.
321 1740 403 1767 Ἀλλὰ
410 1740 458 1767 καὶ
468 1739 552 1775 αὐτὴν
561 1739 675 1766 ἑλόντων
686 1739 735 1774 τὴν
743 1738 878 1773 Ἰερουσα-

82 1785 149 1820 λὴμ,
168 1785 197 1811 ὲν
216 1783 325 1818 χρόνοις
346 1782 395 1817 τῆς
414 1782 546 1817 Ἰερεμίου
571 1781 759 1817 προφητείας,
784 1778 877 1814 εὐαρί-

83 1831 183 1867 θμητοι
206 1830 306 1865 κομιδῇ
326 1829 542 1864 κατελείφθησαν
559 1829 591 1855 ὲκ
612 1828 663 1863 τῆς
685 1827 769 1854 ’ἰούδα
791 1826 878 1861 φυλῆς

83 1880 131 1906 καὶ
141 1877 284 1913 Βενιαμίν.
299 1873 380 1903 Οὗτοί
392 1884 422 1902 τε
436 1875 560 1909 εἰσῆλθον
575 1875 614 1907 είς
628 1874 777 1908 Αἴγυπτον,
789 1872 877 1898 καίτοι

85 1923 300 1960 παρεγγυῶντος
314 1921 382 1948 Θεοῦ
391 1921 434 1948 διὰ
447 1919 687 1956 φωνῆςίερεμίου,
698 1919 745 1945 καὶ
753 1918 877 1951 λέγοντος

85 1970 220 2005 ἐναργῶς,
239 1969 278 2005 μὴ
288 1969 387 2004 χρῆναι
403 1967 521 2002 βαδίζειν
543 1966 593 2002 τὴν
610 1964 775 1999 ἐνεγκοῦσαν
796 1964 878 1998 ἀφέν-

85 2025 132 2048 τας
147 2017 188 2047 εἰς
204 2015 256 2050 τὴν
271 2014 440 2048 Αίγυπτίων,
460 2012 635 2047 ἠπειληκότος
654 2011 694 2043 δὲ,
719 2011 759 2037 ὅτι
780 2009 833 2037 κᾶν
853 2009 878 2035 εί

85 2065 161 2092 τοῦτο
172 2064 259 2099 δρῷεν
273 2063 348 2098 παρὰ
357 2062 387 2088 ’τὸ
398 2061 469 2096 αὐτῷ
478 2059 583 2091 δοκοῦν,
595 2058 807 2094 περιπεσοῦνται
822 2058 878 2088 τοῖς

88 2111 172 2142 ἵσοις,-
186 2109 204 2144 ἢ
229 2110 287 2140 τοῖς
304 2108 344 2134 ἔτι
369 2107 588 2142 φορτικωτέροις.
619 2105 695 2139 Ἔχει
713 2104 741 2131 δὲ
761 2103 832 2130 οὕτω
848 2103 880 2129 τὸ

86 2151 473 2192 γεγραμμένον-«Οὖτωςεῑπε
488 2153 590 2188 Κύριος
601 2159 607 2166 ·
645 2151 708 2178 Ἐὰν
722 2151 800 2185 ὑμεῖς
811 2149 879 2176 δῶτε

85 2203 114 2229 τὸ
129 2202 280 2237 πρόσωπον
292 2200 368 2236 ὑμῶν
382 2201 422 2232 είς
439 2199 576 2233 Αῐγυπτον
593 2199 639 2225 καὶ
664 2196 803 2232 εἰσέλθητε
820 2196 879 2222 ἐκεῖ

85 2248 131 2275 τοῦ
162 2248 315 2278 κατοικεῖν,
334 2246 381 2273 καῖ¹
401 2245 487 2277 ἔσται,
504 2245 521 2280 ἡ
539 2243 660 2280 ῥομφαία
681 2244 715 2278 ἢν
732 2243 811 2278 ὑμεῖς
831 2250 879 2276 φο-
895 2264 917 2292 D

85 2293 177 2320 ὕεῖσθε
192 2292 248 2319 ἀπὸ
261 2291 407 2327 προσώπου
422 2291 516 2325 αὐτῆς,
529 2290 640 2326 εὑρήσει
660 2290 732 2324 ὑμᾶς
747 2289 775 2315 ὲν
795 2287 878 2320 Αἰγύ-

85 2348 172 2374 πτῳ.»
197 2337 309 2373 Ἐπειδὴ
323 2337 376 2373 γὰρ
390 2338 449 2368 ταῖς
462 2336 618 2370 Αἰγυπτίων
635 2334 806 2370 ἐπικουρίαις
819 2335 879 2360 ἑπι-

86 2385 276 2420 οαρσήσαντες
286 2383 464 2419 ἀντεφέροντο
477 2384 533 2414 τοῖς
546 2381 740 2412 Βαϐυλωνίοις,
751 2379 879 2416 ταύτῃτοι

86 2421 272 2466 λελυπημένοι
304 2429 373 2464 μετὰ
393 2429 443 2464 τὴν
462 2428 516 2455 τῶν
540 2427 736 2463 Ἰεροσολύμων
758 2426 805 2453 καὶ
829 2425 879 2459 τῆς

88 2476 246 2511 Σαμαρείας
259 2475 370 2507 ἅλωσιν,
389 2474 539 2509 ἐτράποντο
562 2473 632 2500 κατὰ
651 2473 705 2499 τῶν
722 2471 879 2505 Δίγυπτίων

88 2524 112 2549 οἱ
134 2521 315 2552 Βαῆυλώνιοι,
337 2521 384 2547 καὶ
409 2520 527 2556 ἀμογητὶ
542 2520 712 2555 νενικήκασι,
734 2518 794 2544 τότε
813 2526 881 2552 συμ-

89 2568 188 2603 ϐέϐηκε
204 2567 269 2598 τοὺς
294 2565 515 2602 περιλειφθέντας
532 2565 562 2598 ἐξ
582 2564 715 2592 Ἰουδαίων
731 2563 882 2590 συνδιόλλυ-

90 2614 151 2640 σθαι
172 2614 231 2645 τοῖς
250 2611 420 2647 Αἰγυπτίοις.
439 2612 470 2638 Ol.
495 2612 522 2638 δὲ
549 2611 581 2646 δὴ
612 2611 754 2643 διαφυγεῖν
783 2609 832 2644 τὴν
853 2610 882 2635 ὲν

88 2660 220 2695 Αἰγύπτῳ
248 2659 436 2694 ταλαιπωρίαν
465 2658 634 2692 ἰσχύσαντες,
652 2656 727 2692 μόλις
753 2656 882 2682 ἐπέκεινα

89 2705 302 2741 δεδραμήκασιν,
318 2705 366 2731 ἐπὶ
381 2705 431 2740 τὴν
449 2703 586 2739 Ἀρκάδων
602 2703 685 2733 ἰόντες
702 2701 803 2737 χώραν.
826 2701 882 2728 Καὶ

89 2752 174 2784 ὠςεὶς
195 2752 276 2778 πόλιν
297 2750 475 2786 ὀχυρωτάτην
493 2749 672 2784 κατῳκήκασι
694 2748 743 2783 τὴν
757 2747 880 2782 Μέμφιν,

89 2797 133 2824 καὶ
147 2797 195 2831 τὴν
209 2796 347 2833 Μαχμὰς,
363 2795 444 2831 ἑτέρα
455 2796 484 2822 δὲ
494 2795 562 2830 αὕτη
579 2794 678 2829 γείτων
693 2802 742 2820 που
762 2793 879 2825 πάντως,

925 966 1030 998 derant,
1043 966 1187 993 celebritas
1200 973 1258 993 mea
1274 967 1437 1001 peragetur?
1451 966 1542 1000 Itaque
1557 966 1715 994 solemnita—

926 1016 980 1038 tem
998 1019 1073 1039 suam
1088 1016 1167 1039 vocat
1183 1012 1264 1044 Deus,
1280 1017 1385 1047 tempus
1404 1013 1536 1043 videlicet.
1557 1020 1610 1047 quo
1631 1012 1713 1039 Israel

925 1065 1037 1085 suorum
1056 1057 1082 1084 in
1098 1057 1185 1092 ipsum
1200 1063 1370 1092 peccatorum
1387 1065 1480 1092 ptnuas
1497 1058 1532 1085 sit
1548 1059 1668 1086 (laturus.

962 1104 1140 1137 Quamobrem
1155 1104 1226 1138 quod
1244 1103 1369 1135 lubescit,
1383 1111 1434 1129 non
1450 1103 1610 1137 simpliciter
1627 1108 1653 1130 et
1672 1103 1712 1129 in.

925 1149 1095 1177 considerate
1108 1149 1321 1183 exsequendum,
1344 1152 1372 1174 et
1391 1148 1570 1182 praesentibus
1592 1149 1713 1182 gauden-

926 1195 987 1222 dutn
1000 1197 1051 1225 est,
1064 1194 1087 1221 SI
1102 1201 1151 1220 nos
1165 1193 1326 1228 cupiditates
1340 1197 1439 1220 nostra:
1459 1193 1491 1219 ad
1514 1193 1560 1220 Dei
1585 1192 1713 1220 oﬂettsam

925 1240 1098 1275 pertraltant;
1117 1239 1163 1266 sed
1179 1239 1266 1265 futura
1288 1238 1377 1273 potius
1396 1239 1648 1271 circumspicienda,
1667 1245 1715 1264 cu-

925 1286 1094 1320 randumque
1108 1285 1212 1316 sedulo,
1231 1285 1268 1312 uti
1284 1285 1423 1318 suppliciis
1447 1285 1480 1310 ab
1502 1284 1571 1310 irato
1591 1283 1646 1310 Deo
1666 1283 1716 1309 iut-

926 1331 1066 1358 mittendis
1081 1330 1230 1358 elaltantur.
1248 1330 1293 1357 Sic
1307 1331 1379 1357 enim
1394 1330 1532 1364 sapientes
1545 1333 1573 1356 et
1590 1329 1715 1356 utilitatis

926 1382 1027 1405 nostra:
1040 1376 1157 1403 scientes
1171 1376 1282 1402 erinuts.

961 1422 1043 1449 Vens.
1060 1422 1087 1454 5,
1103 1420 1130 1449 6.
1156 1421 1268 1454 Propter
1291 1421 1340 1448 hoc
1365 1429 1422 1448 ecce
1453 1421 1527 1447 ibunt
1553 1428 1585 1447 ea:
1610 1420 1717 1446 miseria

926 1468 1046 1503 Egypli,
1057 1473 1080 1494 et
1091 1467 1212 1502 suscipiet
1225 1475 1268 1494 eos
1278 1467 1417 1501 Memphis,
1425 1471 1448 1494 et
1459 1466 1564 1500 sepeliet
1574 1475 1617 1493 eos
1626 1466 1718 1492 Μηδίου

926 1523 992 1542 mas.
1016 1514 1160 1548 Argentum
1184 1514 1251 1540 enim
1276 1521 1366 1540 eorum
1391 1513 1512 1539 interitus
1539 1512 1718 1543 Ittereditabit;

927 1562 1010 1597 spina:
1022 1561 1051 1588 in
1069 1561 1244 1588 tabernaculis
1259 1568 1360 1587 eorum.

962 1648 1078 1677 XCVIII.
1105 1649 1284 1677 Vastantibus
1310 1648 1461 1676 Samariam
1486 1647 1652 1682 Babyloniis,
1672 1645 1718 1681 qui

928 1695 1044 1731 cllugere
1065 1699 1220 1729 potuerunt,
1239 1695 1283 1721 vix
1308 1695 1335 1721 in
1360 1693 1507 1729 tEgyptum
1530 1696 1719 1728 penetrarunt.

928 1742 978 1775 Qui
993 1749 1054 1769 cum
1078 1745 1106 1768 et
1127 1741 1212 1775 ipsam
1233 1740 1459 1775 Hierosolymam,
1489 1738 1606 1766 Ieremia
1625 1738 1721 1765 vatici-

929 1791 1020 1819 nante,
1037 1789 1210 1817 evertissent,
1225 1785 1380 1820 paucissimi
1397 1785 1430 1812 de
1447 1785 1518 1811 tribu
1532 1784 1599 1811 Juda
1613 1789 1640 1810 et
1648 1783 1721 1810 Ben-

926 1832 1010 1865 jatnin
1027 1831 1124 1863 relicti,
1143 1831 1171 1857 in
1187 1829 1334 1866 Egyptum
1352 1838 1381 1858 se
1396 1830 1585 1862 contulerunt;
1611 1829 1721 1856 tametsi

928 1879 998 1905 Deus
1010 1885 1057 1912 per
1070 1876 1216 1904 Jeremiam
1246 1883 1376 1909 expresse
1397 1876 1496 1909 iubens
1523 1876 1640 1907 dixerat,
1666 1882 1721 1901 non

929 1932 990 1952 esse
1010 1923 1064 1950 illis
1083 1922 1170 1958 patria
1195 1922 1303 1950 deserta
1333 1921 1536 1956 ingrediendam
1562 1921 1720 1956 Egyptum,

929 1969 1110 1997 committatus
1125 1969 1244 2002 insuper,
1261 1967 1284 1995 si
1308 1967 1334 1994 id
1347 1975 1376 1993 se
1398 1967 1506 1994 nolente
1530 1967 1668 1998 fecissent,
1694 1966 1721 1993 in

929 2015 1042 2048 similes,
1055 2019 1098 2042 aut
1113 2014 1195 2042 etiam
1210 2013 1349 2049 graviores
1365 2012 1534 2040 calamitates
1551 2013 1718 2039 incursuros.

931 2063 977 2090 Sic
993 2067 1083 2089 autem
1098 2065 1140 2089 est
1153 2061 1187 2088 ad
1206 2059 1336 2088 verbum:
1355 2069 1364 2085 ι
1378 2059 1424 2086 Sic
1439 2059 1507 2086 dixit
1523 2059 1651 2086 Dominus
1667 2066 1674 2084 :
1691 2058 1721 2084 Si

931 2116 979 2136 vos
999 2108 1128 2135 dederitis
1145 2106 1240 2134 faciem
1265 2110 1382 2133 vestram
1406 2106 1432 2132 in
1454 2104 1612 2140 Egyptum,
1627 2109 1654 2132 et
1681 2104 1722 2131 iu-

929 2154 1015 2190 gressi
1041 2153 1147 2181 fueritis
1172 2152 1234 2179 illuc
1256 2156 1286 2179 ut
1311 2151 1452 2184 habitetis;
1479 2156 1506 2179 et
1536 2151 1598 2184 erit,
1617 2151 1721 2186 gladius

930 2207 1010 2233 quem
1028 2206 1076 2226 vos
1087 2197 1237 2226 formidatis
1251 2205 1266 2224 a
1285 2197 1355 2225 facie
1378 2197 1447 2232 ejus,
1474 2197 1594 2225 inveniet
1618 2204 1666 2224 vos
1694 2197 1722 2224 in

933 2244 1049 2280 Egypto
1065 2244 1098 2271 '°.
1120 2253 1129 2270 ›
1148 2243 1297 2278 Postquam
1313 2243 1385 2270 enim
1404 2242 1594 2279 Egyptiorum
1615 2242 1722 2270 auxiliis

932 2291 1002 2323 freti,
1020 2289 1175 2325 Babyloniis
1191 2290 1358 2322 restiterunt,
1374 2296 1460 2323 eaque
1475 2297 1504 2316 re
1521 2289 1619 2316 irritati
1635 2288 1723 2323 Baby-

932 2335 1007 2368 lonii,
1022 2334 1207 2369 Hierosolyma
1223 2339 1251 2361 et
1265 2334 1388 2361 Samaria
1404 2334 1565 2369 subiugatis,
1592 2334 1616 2360 itt
1639 2333 1724 2368 ὴν-

932 2382 1004 2416 ptios
1018 2385 1171 2413 moverunt,
1186 2388 1219 2408 ac
1238 2380 1312 2407 nullo
1338 2380 1447 2414 negotio
1463 2380 1497 2407 de
1518 2380 1551 2407 iis
1575 2380 1724 2414 triumpha-

936 2431 1006 2459 runt,
1031 2432 1088 2454 tum
1105 2426 1150 2461 qtti
1166 2426 1306 2453 restabant
1321 2425 1404 2453 Judaei
1421 2426 1499 2453 simul
1514 2434 1574 2453 cum
1590 2425 1724 2460 Egyptiis

934 2473 1084 2509 perierunt.
1102 2471 1207 2505 Quibus
1222 2476 1313 2498 autem
1329 2471 1467 2498 miseriam
1484 2471 1638 2506 Egyptian)
1663 2471 1724 2506 fuga

935 2521 1021 2547 vitare
1038 2517 1124 2550 licuit.
1149 2517 1255 2544 tandem
1276 2517 1304 2543 in
1326 2516 1459 2543 Arcadum
1483 2517 1620 2550 regionem
1642 2525 1724 2544 verte-

936 2569 1009 2597 runt,
1024 2569 1052 2591 et
1064 2562 1209 2597 Memphim
1230 2562 1337 2593 urbem,
1363 2565 1393 2588 ut
1412 2561 1634 2594 munitissimam,
1651 2563 1725 2589 inco-

933 2610 1050 2644 luerunt,
1071 2610 1151 2645 130
1162 2608 1299 2636 Macltmas
1315 2608 1377 2634 item
1393 2607 1473 2633 aliam
1495 2606 1598 2638 urbem,
1616 2611 1644 2633 et
1658 2607 1725 2634 viei-

933 2664 995 2683 nam
1017 2655 1108 2690 plane,
1132 2659 1160 2682 et
1187 2653 1298 2687 reliquis
1319 2652 1514 2679 ﬂoreutiorem.
1544 2651 1580 2678 Ibi
1604 2658 1723 2685 quoque,

933 2701 1064 2728 confectis
1077 2699 1200 2728 videlicet
1218 2698 1304 2732 Iungis
1317 2697 1379 2724 vitae
1394 2695 1499 2731 spatiis,
1513 2695 1650 2733 obierunt,
1662 2703 1723 2722 cutn

933 2747 960 2773 in
976 2746 1095 2774 Iudaeam
1110 2745 1208 2774 reverti
1230 2744 1425 2776 nequivissent.
1450 2741 1496 2769 Ait
1515 2747 1597 2776 porro
1616 2746 1724 2768 rursum

931 2790 1117 2821 Jeremiashis
1130 2790 1221 2819 verbis
1237 2798 1244 2816 :
1262 2798 1272 2815 ι
1293 2788 1405 2824 Propter
1416 2788 1468 2816 hoc
1483 2788 1523 2815 sic
1543 2787 1609 2816 dicit
1632 2786 1723 2814 Domi-

122 2878 142 2895 "
158 2885 304 2915 acut“,
327 2883 373 2910 eo.
413 2884 434 2899 ιη
456 2882 551 2919 Ephcs.
566 2890 603 2916 νι,
620 2882 664 2909 I2.
701 2881 724 2897 ευ
740 2879 794 2907 Jer.
811 2886 856 2913 xc,
871 2878 917 2912 IS,
932 2878 975 2905 to.
