  <div class='ocr_page' id='page_1' title='image "/cluster/home/n/w/nwhite01/storage/ocr_20150623/71/njp.32101077772745/117.png"; bbox 0 0 1919 3042; ppageno 0'>
   <div class='ocr_carea' id='block_1_1' title="bbox 172 163 225 193">
    <p class='ocr_par' dir='ltr' id='par_1_1' title="bbox 172 163 225 193">
     <span class='ocr_line' id='line_1_1' title="bbox 172 163 225 193; baseline 0.038 -2"><span class='ocrx_word' id='word_1_1' title='bbox 172 163 225 193; x_wconf 70' lang='grc'><strong>919</strong></span> 
     </span>
    </p>
   </div>
   <div class='ocr_carea' id='block_1_2' title="bbox 682 163 1303 195">
    <p class='ocr_par' dir='ltr' id='par_1_2' title="bbox 682 163 1303 195">
     <span class='ocr_line' id='line_1_2' title="bbox 682 163 1303 195; baseline 0.002 -3"><span class='ocrx_word' id='word_1_2' title='bbox 682 165 711 192; x_wconf 91' lang='lat' dir='ltr'><strong>S.</strong></span> <span class='ocrx_word' id='word_1_3' title='bbox 732 163 870 192; x_wconf 81' lang='lat' dir='ltr'><strong>CYRILLI</strong></span> <span class='ocrx_word' id='word_1_4' title='bbox 888 163 1124 194; x_wconf 77' lang='lat' dir='ltr'><strong>ALEXANDRINI</strong></span> <span class='ocrx_word' id='word_1_5' title='bbox 1143 165 1303 195; x_wconf 76' lang='lat' dir='ltr'><strong>ARCIIIEP.</strong></span> 
     </span>
    </p>
   </div>
   <div class='ocr_carea' id='block_1_3' title="bbox 1748 165 1804 193">
    <p class='ocr_par' dir='ltr' id='par_1_3' title="bbox 1748 165 1804 193">
     <span class='ocr_line' id='line_1_3' title="bbox 1748 165 1804 193; baseline -0.036 0"><span class='ocrx_word' id='word_1_6' title='bbox 1748 165 1804 193; x_wconf 62' lang='lat'><strong>920</strong></span> 
     </span>
    </p>
   </div>
   <div class='ocr_carea' id='block_1_4' title="bbox 173 223 966 260">
    <p class='ocr_par' dir='ltr' id='par_1_4' title="bbox 173 223 961 260">
     <span class='ocr_line' id='line_1_4' title="bbox 173 223 961 260; baseline 0.003 -9"><span class='ocrx_word' id='word_1_7' title='bbox 173 231 224 252; x_wconf 88' lang='lat' dir='ltr'><strong>nus</strong></span> <span class='ocrx_word' id='word_1_8' title='bbox 241 233 248 251; x_wconf 92' lang='lat'><strong>:</strong></span> <span class='ocrx_word' id='word_1_9' title='bbox 267 223 336 252; x_wconf 84' lang='lat' dir='ltr'><strong>Ecce</strong></span> <span class='ocrx_word' id='word_1_10' title='bbox 359 232 409 259; x_wconf 78' lang='lat' dir='ltr'><strong>ego</strong></span> <span class='ocrx_word' id='word_1_11' title='bbox 430 231 500 258; x_wconf 90' lang='lat' dir='ltr'><strong>pono</strong></span> <span class='ocrx_word' id='word_1_12' title='bbox 523 223 618 252; x_wconf 80' lang='lat' dir='ltr'><strong>faciem</strong></span> <span class='ocrx_word' id='word_1_13' title='bbox 639 231 738 258; x_wconf 85' lang='lat' dir='ltr'><strong>meam,</strong></span> <span class='ocrx_word' id='word_1_14' title='bbox 760 230 789 252; x_wconf 91' lang='lat' dir='ltr'><strong>ut</strong></span> <span class='ocrx_word' id='word_1_15' title='bbox 809 225 961 260; x_wconf 86' lang='lat' dir='ltr'><strong>disperdam</strong></span> 
     </span>
    </p>
   </div>
   <div class='ocr_carea' id='block_1_5' title="bbox 1020 223 1806 260">
    <p class='ocr_par' dir='ltr' id='par_1_5' title="bbox 1020 224 1806 260">
     <span class='ocr_line' id='line_1_5' title="bbox 1020 224 1806 260; baseline -0.003 -7"><span class='ocrx_word' id='word_1_16' title='bbox 1020 226 1062 253; x_wconf 70' lang='lat' dir='ltr'><strong>mi.</strong></span> <span class='ocrx_word' id='word_1_17' title='bbox 1076 226 1129 253; x_wconf 88' lang='grc' dir='ltr'><strong>τῶν</strong></span> <span class='ocrx_word' id='word_1_18' title='bbox 1145 226 1232 254; x_wconf 80' lang='grc' dir='ltr'>ἄλλων</span> <span class='ocrx_word' id='word_1_19' title='bbox 1247 224 1433 260; x_wconf 81' lang='grc' dir='ltr'>ὲπισημοτέρα</span> <span class='ocrx_word' id='word_1_20' title='bbox 1448 225 1533 257; x_wconf 81' lang='grc' dir='ltr'>πόλις.</span> <span class='ocrx_word' id='word_1_21' title='bbox 1563 225 1636 251; x_wconf 84' lang='grc' dir='ltr'><strong>Ἐκεῖ</strong></span> <span class='ocrx_word' id='word_1_22' title='bbox 1658 226 1706 252; x_wconf 76' lang='grc' dir='ltr'>καὶ</span> <span class='ocrx_word' id='word_1_23' title='bbox 1726 233 1806 251; x_wconf 78' lang='grc' dir='ltr'>τετε-</span> 
     </span>
    </p>
   </div>
   <div class='ocr_carea' id='block_1_6' title="bbox 173 270 960 306">
    <p class='ocr_par' dir='ltr' id='par_1_6' title="bbox 173 270 960 306">
     <span class='ocr_line' id='line_1_6' title="bbox 173 270 960 306; baseline 0.001 -9"><span class='ocrx_word' id='word_1_24' title='bbox 173 277 268 298; x_wconf 87' lang='lat' dir='ltr'><strong>omnes</strong></span> <span class='ocrx_word' id='word_1_25' title='bbox 283 271 400 304; x_wconf 86' lang='lat' dir='ltr'><strong>reliquos</strong></span> <span class='ocrx_word' id='word_1_26' title='bbox 412 271 438 297; x_wconf 90' lang='lat' dir='ltr'><strong>in</strong></span> <span class='ocrx_word' id='word_1_27' title='bbox 461 270 589 306; x_wconf 66' lang='lat' dir='ltr'><strong>Egypto,</strong></span> <span class='ocrx_word' id='word_1_28' title='bbox 613 275 640 298; x_wconf 89' lang='lat' dir='ltr'><strong>et</strong></span> <span class='ocrx_word' id='word_1_29' title='bbox 656 271 753 298; x_wconf 83' lang='lat' dir='ltr'><strong>cadent</strong></span> <span class='ocrx_word' id='word_1_30' title='bbox 771 271 797 297; x_wconf 90' lang='lat' dir='ltr'><strong>in</strong></span> <span class='ocrx_word' id='word_1_31' title='bbox 817 271 915 306; x_wconf 83' lang='lat' dir='ltr'><strong>gladio,</strong></span> <span class='ocrx_word' id='word_1_32' title='bbox 933 277 960 299; x_wconf 85' lang='lat' dir='ltr'><strong>et</strong></span> 
     </span>
    </p>
   </div>
   <div class='ocr_carea' id='block_1_7' title="bbox 174 316 960 353">
    <p class='ocr_par' dir='ltr' id='par_1_7' title="bbox 174 316 960 353">
     <span class='ocr_line' id='line_1_7' title="bbox 174 316 960 353; baseline 0.001 -10"><span class='ocrx_word' id='word_1_33' title='bbox 174 316 287 344; x_wconf 75' lang='lat' dir='ltr'><strong>infame</strong></span> <span class='ocrx_word' id='word_1_34' title='bbox 305 316 429 343; x_wconf 81' lang='lat' dir='ltr'><strong>deﬁcient</strong></span> <span class='ocrx_word' id='word_1_35' title='bbox 454 323 468 342; x_wconf 88' lang='lat' dir='ltr'><strong>a</strong></span> <span class='ocrx_word' id='word_1_36' title='bbox 489 323 572 350; x_wconf 88' lang='lat' dir='ltr'><strong>parvo</strong></span> <span class='ocrx_word' id='word_1_37' title='bbox 591 325 676 353; x_wconf 88' lang='lat' dir='ltr'><strong>usque</strong></span> <span class='ocrx_word' id='word_1_38' title='bbox 707 317 740 344; x_wconf 87' lang='lat' dir='ltr'><strong>ad</strong></span> <span class='ocrx_word' id='word_1_39' title='bbox 767 325 903 352; x_wconf 76' lang='lat' dir='ltr'><strong>magnum,</strong></span> <span class='ocrx_word' id='word_1_40' title='bbox 933 322 960 344; x_wconf 89' lang='lat' dir='ltr'><strong>et</strong></span> 
     </span>
    </p>
   </div>
   <div class='ocr_carea' id='block_1_8' title="bbox 173 361 961 398">
    <p class='ocr_par' dir='ltr' id='par_1_8' title="bbox 173 361 961 398">
     <span class='ocr_line' id='line_1_8' title="bbox 173 361 961 398; baseline 0.003 -10"><span class='ocrx_word' id='word_1_41' title='bbox 173 367 254 388; x_wconf 80' lang='lat' dir='ltr'><strong>erun&#39;.</strong></span> <span class='ocrx_word' id='word_1_42' title='bbox 268 362 294 388; x_wconf 87' lang='lat' dir='ltr'><strong>itt</strong></span> <span class='ocrx_word' id='word_1_43' title='bbox 314 361 497 396; x_wconf 85' lang='lat' dir='ltr'><strong>opprobrium,</strong></span> <span class='ocrx_word' id='word_1_44' title='bbox 519 367 546 390; x_wconf 91' lang='lat' dir='ltr'><strong>et</strong></span> <span class='ocrx_word' id='word_1_45' title='bbox 565 363 590 390; x_wconf 91' lang='lat' dir='ltr'><strong>iu</strong></span> <span class='ocrx_word' id='word_1_46' title='bbox 615 363 803 398; x_wconf 77' lang='lat' dir='ltr'><strong>perditionem,</strong></span> <span class='ocrx_word' id='word_1_47' title='bbox 819 363 885 390; x_wconf 86' lang='lat' dir='ltr'><strong>etin</strong></span> <span class='ocrx_word' id='word_1_48' title='bbox 903 371 961 390; x_wconf 88' lang='lat' dir='ltr'><strong>ma-</strong></span> 
     </span>
    </p>
   </div>
   <div class='ocr_carea' id='block_1_9' title="bbox 173 407 960 442">
    <p class='ocr_par' dir='ltr' id='par_1_9' title="bbox 173 407 960 442">
     <span class='ocr_line' id='line_1_9' title="bbox 173 407 960 442; baseline 0.005 -10"><span class='ocrx_word' id='word_1_49' title='bbox 173 407 354 433; x_wconf 77' lang='lat' dir='ltr'><strong>ledictioncm.</strong></span> <span class='ocrx_word' id='word_1_50' title='bbox 374 407 405 433; x_wconf 85' lang='lat' dir='ltr'><strong>Et</strong></span> <span class='ocrx_word' id='word_1_51' title='bbox 431 407 545 434; x_wconf 88' lang='lat' dir='ltr'><strong>visitabo</strong></span> <span class='ocrx_word' id='word_1_52' title='bbox 572 415 654 442; x_wconf 87' lang='lat' dir='ltr'><strong>super</strong></span> <span class='ocrx_word' id='word_1_53' title='bbox 679 409 806 436; x_wconf 81' lang='lat' dir='ltr'><strong>sedentes</strong></span> <span class='ocrx_word' id='word_1_54' title='bbox 838 409 866 435; x_wconf 91' lang='lat' dir='ltr'><strong>in</strong></span> <span class='ocrx_word' id='word_1_55' title='bbox 889 414 960 435; x_wconf 86' lang='lat' dir='ltr'><strong>terra</strong></span> 
     </span>
    </p>
   </div>
   <div class='ocr_carea' id='block_1_10' title="bbox 171 451 960 489">
    <p class='ocr_par' dir='ltr' id='par_1_10' title="bbox 171 451 960 489">
     <span class='ocr_line' id='line_1_10' title="bbox 171 451 960 489; baseline 0.004 -12"><span class='ocrx_word' id='word_1_56' title='bbox 171 451 290 486; x_wconf 67' lang='lat' dir='ltr'><strong>Egypti.</strong></span> <span class='ocrx_word' id='word_1_57' title='bbox 307 452 340 478; x_wconf 86' lang='lat' dir='ltr'><strong>Et</strong></span> <span class='ocrx_word' id='word_1_58' title='bbox 354 459 405 479; x_wconf 92' lang='lat' dir='ltr'><strong>uou</strong></span> <span class='ocrx_word' id='word_1_59' title='bbox 421 453 474 480; x_wconf 87' lang='lat' dir='ltr'><strong>erit</strong></span> <span class='ocrx_word' id='word_1_60' title='bbox 494 453 613 481; x_wconf 78' lang='lat' dir='ltr'><strong>salvatus</strong></span> <span class='ocrx_word' id='word_1_61' title='bbox 631 453 701 481; x_wconf 81' lang='lat' dir='ltr'><strong>ullus</strong></span> <span class='ocrx_word' id='word_1_62' title='bbox 723 454 757 482; x_wconf 87' lang='lat' dir='ltr'><strong>de</strong></span> <span class='ocrx_word' id='word_1_63' title='bbox 771 454 881 489; x_wconf 73' lang='lat' dir='ltr'><strong>reliquis</strong></span> <span class='ocrx_word' id='word_1_64' title='bbox 893 453 960 481; x_wconf 87' lang='lat' dir='ltr'><strong>Juda</strong></span> 
     </span>
    </p>
   </div>
   <div class='ocr_carea' id='block_1_11' title="bbox 172 497 960 534">
    <p class='ocr_par' dir='ltr' id='par_1_11' title="bbox 172 497 960 534">
     <span class='ocr_line' id='line_1_11' title="bbox 172 497 960 534; baseline 0.004 -12"><span class='ocrx_word' id='word_1_65' title='bbox 172 497 408 531; x_wconf 79' lang='lat' dir='ltr'><strong>peregrinantibus</strong></span> <span class='ocrx_word' id='word_1_66' title='bbox 423 499 448 524; x_wconf 94' lang='lat' dir='ltr'><strong>iu</strong></span> <span class='ocrx_word' id='word_1_67' title='bbox 470 502 542 525; x_wconf 81' lang='lat' dir='ltr'><strong>terra</strong></span> <span class='ocrx_word' id='word_1_68' title='bbox 563 498 683 534; x_wconf 62' lang='lat' dir='ltr'><strong>Egypti,</strong></span> <span class='ocrx_word' id='word_1_69' title='bbox 709 504 738 526; x_wconf 88' lang='grc' dir='ltr'><strong>ιιι</strong></span> <span class='ocrx_word' id='word_1_70' title='bbox 762 502 910 526; x_wconf 74' lang='lat' dir='ltr'><strong>revertatur</strong></span> <span class='ocrx_word' id='word_1_71' title='bbox 934 498 960 525; x_wconf 89' lang='lat' dir='ltr'><strong>in</strong></span> 
     </span>
    </p>
   </div>
   <div class='ocr_carea' id='block_1_12' title="bbox 173 541 961 578">
    <p class='ocr_par' dir='ltr' id='par_1_12' title="bbox 173 541 961 578">
     <span class='ocr_line' id='line_1_12' title="bbox 173 541 961 578; baseline 0.003 -10"><span class='ocrx_word' id='word_1_72' title='bbox 173 546 273 569; x_wconf 85' lang='lat' dir='ltr'><strong>terram</strong></span> <span class='ocrx_word' id='word_1_73' title='bbox 287 541 365 575; x_wconf 87' lang='lat' dir='ltr'><strong>Juda,</strong></span> <span class='ocrx_word' id='word_1_74' title='bbox 381 543 413 569; x_wconf 80' lang='lat' dir='ltr'><strong>ad</strong></span> <span class='ocrx_word' id='word_1_75' title='bbox 433 551 513 577; x_wconf 84' lang='lat' dir='ltr'><strong>quam</strong></span> <span class='ocrx_word' id='word_1_76' title='bbox 540 543 589 578; x_wconf 87' lang='lat' dir='ltr'><strong>ipsi</strong></span> <span class='ocrx_word' id='word_1_77' title='bbox 610 549 720 578; x_wconf 88' lang='lat' dir='ltr'><strong>sperant</strong></span> <span class='ocrx_word' id='word_1_78' title='bbox 744 544 883 572; x_wconf 80' lang='lat' dir='ltr'><strong>animabus</strong></span> <span class='ocrx_word' id='word_1_79' title='bbox 905 543 961 571; x_wconf 89' lang='lat' dir='ltr'><strong>suis</strong></span> 
     </span>
    </p>
   </div>
   <div class='ocr_carea' id='block_1_13' title="bbox 173 586 961 615">
    <p class='ocr_par' dir='ltr' id='par_1_13' title="bbox 173 586 961 615">
     <span class='ocr_line' id='line_1_13' title="bbox 173 586 961 615; baseline 0.004 -3"><span class='ocrx_word' id='word_1_80' title='bbox 173 586 273 612; x_wconf 76' lang='lat' dir='ltr'><strong>reverti</strong></span> <span class='ocrx_word' id='word_1_81' title='bbox 290 586 363 614; x_wconf 89' lang='lat' dir='ltr'><strong>illuc.</strong></span> <span class='ocrx_word' id='word_1_82' title='bbox 380 586 438 614; x_wconf 87' lang='lat' dir='ltr'><strong>Non</strong></span> <span class='ocrx_word' id='word_1_83' title='bbox 457 593 627 614; x_wconf 89' lang='lat' dir='ltr'><strong>revertentur</strong></span> <span class='ocrx_word' id='word_1_84' title='bbox 643 588 676 615; x_wconf 74' lang='grc' dir='ltr'><strong>ιι.</strong></span> <span class='ocrx_word' id='word_1_85' title='bbox 698 597 707 614; x_wconf 74' lang='grc' dir='ltr'><strong>ι</strong></span> <span class='ocrx_word' id='word_1_86' title='bbox 730 588 814 615; x_wconf 80' lang='lat' dir='ltr'><strong>Audis</strong></span> <span class='ocrx_word' id='word_1_87' title='bbox 841 592 961 615; x_wconf 87' lang='lat' dir='ltr'><strong>tuortuos</strong></span> 
     </span>
    </p>
   </div>
   <div class='ocr_carea' id='block_1_14' title="bbox 173 632 963 667">
    <p class='ocr_par' dir='ltr' id='par_1_14' title="bbox 173 632 963 667">
     <span class='ocr_line' id='line_1_14' title="bbox 173 632 963 667; baseline 0.003 -9"><span class='ocrx_word' id='word_1_88' title='bbox 173 638 234 659; x_wconf 83' lang='lat' dir='ltr'><strong>esse</strong></span> <span class='ocrx_word' id='word_1_89' title='bbox 249 632 274 658; x_wconf 93' lang='lat' dir='ltr'><strong>iu</strong></span> <span class='ocrx_word' id='word_1_90' title='bbox 288 632 416 666; x_wconf 66' lang='lat' dir='ltr'><strong>Egyptn,</strong></span> <span class='ocrx_word' id='word_1_91' title='bbox 434 634 514 660; x_wconf 85' lang='lat' dir='ltr'><strong>etiam</strong></span> <span class='ocrx_word' id='word_1_92' title='bbox 528 633 582 661; x_wconf 88' lang='lat' dir='ltr'><strong>illic</strong></span> <span class='ocrx_word' id='word_1_93' title='bbox 597 634 686 661; x_wconf 88' lang='lat' dir='ltr'><strong>divina</strong></span> <span class='ocrx_word' id='word_1_94' title='bbox 705 642 752 661; x_wconf 88' lang='lat' dir='ltr'><strong>eos</strong></span> <span class='ocrx_word' id='word_1_95' title='bbox 778 634 880 661; x_wconf 81' lang='lat' dir='ltr'><strong>ultione</strong></span> <span class='ocrx_word' id='word_1_96' title='bbox 901 641 963 667; x_wconf 90' lang='lat' dir='ltr'><strong>per-</strong></span> 
     </span>
    </p>
   </div>
   <div class='ocr_carea' id='block_1_15' title="bbox 174 677 961 714">
    <p class='ocr_par' dir='ltr' id='par_1_15' title="bbox 174 677 961 714">
     <span class='ocr_line' id='line_1_15' title="bbox 174 677 961 714; baseline 0.004 -11"><span class='ocrx_word' id='word_1_97' title='bbox 174 677 324 711; x_wconf 81' lang='lat' dir='ltr'><strong>sequente?</strong></span> <span class='ocrx_word' id='word_1_98' title='bbox 340 677 405 704; x_wconf 92' lang='lat' dir='ltr'><strong>Cum</strong></span> <span class='ocrx_word' id='word_1_99' title='bbox 425 678 505 713; x_wconf 73' lang='lat' dir='ltr'><strong>igitur</strong></span> <span class='ocrx_word' id='word_1_100' title='bbox 521 679 629 706; x_wconf 77' lang='lat' dir='ltr'><strong>miseria</strong></span> <span class='ocrx_word' id='word_1_101' title='bbox 647 680 672 705; x_wconf 92' lang='lat' dir='ltr'><strong>in</strong></span> <span class='ocrx_word' id='word_1_102' title='bbox 687 678 804 714; x_wconf 64' lang='lat' dir='ltr'><strong>Egypto</strong></span> <span class='ocrx_word' id='word_1_103' title='bbox 817 678 961 712; x_wconf 87' lang='lat' dir='ltr'><strong>declinata,</strong></span> 
     </span>
    </p>
   </div>
   <div class='ocr_carea' id='block_1_16' title="bbox 175 722 962 757">
    <p class='ocr_par' dir='ltr' id='par_1_16' title="bbox 175 722 962 757">
     <span class='ocr_line' id='line_1_16' title="bbox 175 722 962 757; baseline 0.004 -9"><span class='ocrx_word' id='word_1_104' title='bbox 175 722 330 756; x_wconf 83' lang='lat' dir='ltr'><strong>Memphim,</strong></span> <span class='ocrx_word' id='word_1_105' title='bbox 347 726 375 750; x_wconf 90' lang='lat' dir='ltr'><strong>ut</strong></span> <span class='ocrx_word' id='word_1_106' title='bbox 387 723 413 749; x_wconf 92' lang='lat' dir='ltr'><strong>in</strong></span> <span class='ocrx_word' id='word_1_107' title='bbox 431 723 524 750; x_wconf 84' lang='lat' dir='ltr'><strong>urbem</strong></span> <span class='ocrx_word' id='word_1_108' title='bbox 543 723 700 757; x_wconf 71' lang='lat' dir='ltr'><strong>praeclaram</strong></span> <span class='ocrx_word' id='word_1_109' title='bbox 717 724 886 756; x_wconf 85' lang='lat' dir='ltr'><strong>adveneriut,</strong></span> <span class='ocrx_word' id='word_1_110' title='bbox 900 732 962 752; x_wconf 87' lang='lat' dir='ltr'><strong>sus—</strong></span> 
     </span>
    </p>
   </div>
   <div class='ocr_carea' id='block_1_17' title="bbox 174 762 964 803">
    <p class='ocr_par' dir='ltr' id='par_1_17' title="bbox 174 762 964 803">
     <span class='ocr_line' id='line_1_17' title="bbox 174 762 964 803; baseline 0.003 -8"><span class='ocrx_word' id='word_1_111' title='bbox 174 768 256 802; x_wconf 86' lang='lat' dir='ltr'><strong>cipiet</strong></span> <span class='ocrx_word' id='word_1_112' title='bbox 272 769 380 803; x_wconf 85' lang='lat' dir='ltr'><strong>quidem</strong></span> <span class='ocrx_word' id='word_1_113' title='bbox 402 776 465 801; x_wconf 82' lang='lat' dir='ltr'><strong>eos;</strong></span> <span class='ocrx_word' id='word_1_114' title='bbox 494 762 678 796; x_wconf 85' lang='lat' dir='ltr'><strong>verumtamen</strong></span> <span class='ocrx_word' id='word_1_115' title='bbox 699 770 724 796; x_wconf 94' lang='lat' dir='ltr'><strong>in</strong></span> <span class='ocrx_word' id='word_1_116' title='bbox 743 769 881 798; x_wconf 79' lang='lat' dir='ltr'><strong>Machmas</strong></span> <span class='ocrx_word' id='word_1_117' title='bbox 906 778 964 797; x_wconf 91' lang='lat' dir='ltr'><strong>mo-</strong></span> 
     </span>
    </p>
   </div>
   <div class='ocr_carea' id='block_1_18' title="bbox 175 814 959 848">
    <p class='ocr_par' dir='ltr' id='par_1_18' title="bbox 175 814 959 848">
     <span class='ocr_line' id='line_1_18' title="bbox 175 814 959 848; baseline 0.003 -8"><span class='ocrx_word' id='word_1_118' title='bbox 175 814 289 840; x_wconf 81' lang='lat' dir='ltr'><strong>rientur.</strong></span> <span class='ocrx_word' id='word_1_119' title='bbox 301 814 356 842; x_wconf 88' lang='lat' dir='ltr'><strong>lloc</strong></span> <span class='ocrx_word' id='word_1_120' title='bbox 367 815 437 841; x_wconf 87' lang='lat' dir='ltr'><strong>enim</strong></span> <span class='ocrx_word' id='word_1_121' title='bbox 447 815 498 842; x_wconf 85' lang='lat' dir='ltr'><strong>sibi</strong></span> <span class='ocrx_word' id='word_1_122' title='bbox 508 814 573 847; x_wconf 86' lang='lat' dir='ltr'><strong>vult,</strong></span> <span class='ocrx_word' id='word_1_123' title='bbox 590 814 722 848; x_wconf 67' lang='lat' dir='ltr'><strong>(Sepeliet</strong></span> <span class='ocrx_word' id='word_1_124' title='bbox 733 822 779 842; x_wconf 86' lang='lat' dir='ltr'><strong>eos</strong></span> <span class='ocrx_word' id='word_1_125' title='bbox 788 814 936 842; x_wconf 83' lang='lat' dir='ltr'><strong>Machmas.</strong></span> <span class='ocrx_word' id='word_1_126' title='bbox 950 825 959 842; x_wconf 78' lang='grc' dir='ltr'><strong>ι</strong></span> 
     </span>
    </p>
   </div>
   <div class='ocr_carea' id='block_1_19' title="bbox 175 858 962 895">
    <p class='ocr_par' dir='ltr' id='par_1_19' title="bbox 175 858 962 895">
     <span class='ocr_line' id='line_1_19' title="bbox 175 858 962 895; baseline 0.003 -9"><span class='ocrx_word' id='word_1_127' title='bbox 175 858 307 892; x_wconf 78' lang='lat' dir='ltr'><strong>Quocirca</strong></span> <span class='ocrx_word' id='word_1_128' title='bbox 325 859 423 887; x_wconf 84' lang='lat' dir='ltr'><strong>iui‘estn</strong></span> <span class='ocrx_word' id='word_1_129' title='bbox 440 860 504 891; x_wconf 82' lang='lat' dir='ltr'><strong>Deo.</strong></span> <span class='ocrx_word' id='word_1_130' title='bbox 526 867 604 887; x_wconf 82' lang='lat' dir='ltr'><strong>neuio</strong></span> <span class='ocrx_word' id='word_1_131' title='bbox 626 860 756 894; x_wconf 84' lang='lat' dir='ltr'><strong>periculis</strong></span> <span class='ocrx_word' id='word_1_132' title='bbox 776 860 905 895; x_wconf 75' lang='lat' dir='ltr'><strong>agitatum</strong></span> <span class='ocrx_word' id='word_1_133' title='bbox 929 861 962 888; x_wconf 90' lang='lat' dir='ltr'><strong>ad</strong></span> 
     </span>
    </p>
   </div>
   <div class='ocr_carea' id='block_1_20' title="bbox 1010 271 1804 307">
    <p class='ocr_par' dir='ltr' id='par_1_20' title="bbox 1010 271 1804 307">
     <span class='ocr_line' id='line_1_20' title="bbox 1010 271 1804 307; baseline -0.003 -9"><span class='ocrx_word' id='word_1_134' title='bbox 1010 272 1170 307; x_wconf 81' lang='grc' dir='ltr'>λευτὴκασι,</span> <span class='ocrx_word' id='word_1_135' title='bbox 1189 271 1310 306; x_wconf 78' lang='grc' dir='ltr'>μακροὺς</span> <span class='ocrx_word' id='word_1_136' title='bbox 1322 271 1443 306; x_wconf 84' lang='grc' dir='ltr'>δηλονότι</span> <span class='ocrx_word' id='word_1_137' title='bbox 1458 271 1664 302; x_wconf 75' lang='grc' dir='ltr'>διατελέσαντες</span> <span class='ocrx_word' id='word_1_138' title='bbox 1676 271 1804 306; x_wconf 78' lang='grc' dir='ltr'>χρόνους,</span> 
     </span>
    </p>
   </div>
   <div class='ocr_carea' id='block_1_21' title="bbox 1011 315 1803 352">
    <p class='ocr_par' dir='ltr' id='par_1_21' title="bbox 1011 315 1803 352">
     <span class='ocr_line' id='line_1_21' title="bbox 1011 315 1803 352; baseline -0.003 -8"><span class='ocrx_word' id='word_1_139' title='bbox 1011 317 1194 351; x_wconf 86' lang='grc' dir='ltr'>ὑπονοστῆσαί</span> <span class='ocrx_word' id='word_1_140' title='bbox 1219 325 1249 342; x_wconf 86' lang='grc' dir='ltr'><strong>τε</strong></span> <span class='ocrx_word' id='word_1_141' title='bbox 1277 317 1313 352; x_wconf 83' lang='grc' dir='ltr'>μὴ</span> <span class='ocrx_word' id='word_1_142' title='bbox 1339 316 1498 352; x_wconf 84' lang='grc' dir='ltr'><strong>δυνηθέντες</strong></span> <span class='ocrx_word' id='word_1_143' title='bbox 1528 317 1568 348; x_wconf 84' lang='grc' dir='ltr'><strong>είς</strong></span> <span class='ocrx_word' id='word_1_144' title='bbox 1590 315 1638 350; x_wconf 82' lang='grc' dir='ltr'>τὴν</span> <span class='ocrx_word' id='word_1_145' title='bbox 1660 316 1803 342; x_wconf 80' lang='grc' dir='ltr'>Ἰουδαίαν.</span> 
     </span>
    </p>
   </div>
   <div class='ocr_carea' id='block_1_22' title="bbox 1013 361 1806 397">
    <p class='ocr_par' dir='ltr' id='par_1_22' title="bbox 1013 361 1806 397">
     <span class='ocr_line' id='line_1_22' title="bbox 1013 361 1806 397; baseline -0.003 -9"><span class='ocrx_word' id='word_1_146' title='bbox 1013 363 1085 397; x_wconf 83' lang='grc' dir='ltr'>Ἔφη</span> <span class='ocrx_word' id='word_1_147' title='bbox 1109 362 1137 387; x_wconf 73' lang='grc' dir='ltr'>δὲ</span> <span class='ocrx_word' id='word_1_148' title='bbox 1162 361 1232 388; x_wconf 78' lang='grc' dir='ltr'>οὕτω</span> <span class='ocrx_word' id='word_1_149' title='bbox 1259 361 1338 388; x_wconf 83' lang='grc' dir='ltr'>πάλιν</span> <span class='ocrx_word' id='word_1_150' title='bbox 1353 362 1367 388; x_wconf 84' lang='grc' dir='ltr'>ὁ</span> <span class='ocrx_word' id='word_1_151' title='bbox 1382 362 1526 397; x_wconf 71' lang='grc' dir='ltr'>προφήτης</span> <span class='ocrx_word' id='word_1_152' title='bbox 1552 361 1695 396; x_wconf 57' lang='grc' dir='ltr'>Ἱερεμίας</span> <span class='ocrx_word' id='word_1_153' title='bbox 1720 370 1729 386; x_wconf 87' lang='grc'><em>‹</em></span> <span class='ocrx_word' id='word_1_154' title='bbox 1754 361 1806 386; x_wconf 68' lang='grc' dir='ltr'><strong>Διὰ</strong></span> 
     </span>
    </p>
   </div>
   <div class='ocr_carea' id='block_1_23' title="bbox 1011 405 1807 441">
    <p class='ocr_par' dir='ltr' id='par_1_23' title="bbox 1011 405 1807 441">
     <span class='ocr_line' id='line_1_23' title="bbox 1011 405 1807 441; baseline -0.003 -8"><span class='ocrx_word' id='word_1_155' title='bbox 1011 407 1089 434; x_wconf 78' lang='grc' dir='ltr'>τοῦτο</span> <span class='ocrx_word' id='word_1_156' title='bbox 1117 407 1202 438; x_wconf 75' lang='grc' dir='ltr'>οὕτως</span> <span class='ocrx_word' id='word_1_157' title='bbox 1227 405 1287 433; x_wconf 75' lang='grc' dir='ltr'>εἷπε</span> <span class='ocrx_word' id='word_1_158' title='bbox 1309 406 1428 441; x_wconf 86' lang='grc' dir='ltr'>Κύριος·</span> <span class='ocrx_word' id='word_1_159' title='bbox 1455 406 1519 432; x_wconf 77' lang='grc' dir='ltr'>Ἰδοὺ</span> <span class='ocrx_word' id='word_1_160' title='bbox 1539 406 1594 440; x_wconf 79' lang='grc' dir='ltr'>ἐγὼ</span> <span class='ocrx_word' id='word_1_161' title='bbox 1615 405 1748 440; x_wconf 81' lang='grc' dir='ltr'>ὲφίστημι</span> <span class='ocrx_word' id='word_1_162' title='bbox 1773 405 1807 431; x_wconf 79' lang='grc' dir='ltr'>τὸ</span> 
     </span>
    </p>
   </div>
   <div class='ocr_carea' id='block_1_24' title="bbox 1012 451 1806 488">
    <p class='ocr_par' dir='ltr' id='par_1_24' title="bbox 1012 451 1806 488">
     <span class='ocr_line' id='line_1_24' title="bbox 1012 451 1806 488; baseline -0.001 -10"><span class='ocrx_word' id='word_1_163' title='bbox 1012 452 1155 488; x_wconf 79' lang='grc' dir='ltr'>πρόσωπόν</span> <span class='ocrx_word' id='word_1_164' title='bbox 1172 461 1234 488; x_wconf 87' lang='grc' dir='ltr'>μου,</span> <span class='ocrx_word' id='word_1_165' title='bbox 1255 452 1302 479; x_wconf 85' lang='grc' dir='ltr'><strong>τοῦ</strong></span> <span class='ocrx_word' id='word_1_166' title='bbox 1323 452 1454 479; x_wconf 74' lang='grc' dir='ltr'>ἀπολέσαι</span> <span class='ocrx_word' id='word_1_167' title='bbox 1478 451 1582 483; x_wconf 81' lang='grc' dir='ltr'><strong>πάντας</strong></span> <span class='ocrx_word' id='word_1_168' title='bbox 1597 452 1659 483; x_wconf 79' lang='grc' dir='ltr'>τοὺς</span> <span class='ocrx_word' id='word_1_169' title='bbox 1675 451 1806 478; x_wconf 77' lang='grc' dir='ltr'>καταλοῖ-</span> 
     </span>
    </p>
   </div>
   <div class='ocr_carea' id='block_1_25' title="bbox 1011 496 1804 534">
    <p class='ocr_par' dir='ltr' id='par_1_25' title="bbox 1011 496 1804 534">
     <span class='ocr_line' id='line_1_25' title="bbox 1011 496 1804 534; baseline -0.003 -10"><span class='ocrx_word' id='word_1_170' title='bbox 1011 506 1080 529; x_wconf 83' lang='grc' dir='ltr'>πους</span> <span class='ocrx_word' id='word_1_171' title='bbox 1103 498 1167 529; x_wconf 83' lang='grc' dir='ltr'>τοὺς</span> <span class='ocrx_word' id='word_1_172' title='bbox 1191 499 1220 524; x_wconf 87' lang='grc' dir='ltr'><strong>ἐν</strong></span> <span class='ocrx_word' id='word_1_173' title='bbox 1243 498 1385 534; x_wconf 78' lang='grc' dir='ltr'>Αἰγύπτῳ,</span> <span class='ocrx_word' id='word_1_174' title='bbox 1404 498 1451 525; x_wconf 82' lang='grc' dir='ltr'>καὶ</span> <span class='ocrx_word' id='word_1_175' title='bbox 1467 498 1589 523; x_wconf 78' lang='grc' dir='ltr'>πεσεῖται</span> <span class='ocrx_word' id='word_1_176' title='bbox 1615 497 1643 523; x_wconf 88' lang='grc' dir='ltr'><strong>ἐν</strong></span> <span class='ocrx_word' id='word_1_177' title='bbox 1667 496 1804 532; x_wconf 77' lang='grc' dir='ltr'>ῥομφαίᾳ,</span> 
     </span>
    </p>
   </div>
   <div class='ocr_carea' id='block_1_26' title="bbox 1011 541 1804 579">
    <p class='ocr_par' dir='ltr' id='par_1_26' title="bbox 1011 541 1804 579">
     <span class='ocr_line' id='line_1_26' title="bbox 1011 541 1804 579; baseline -0.003 -10"><span class='ocrx_word' id='word_1_178' title='bbox 1011 543 1058 569; x_wconf 80' lang='grc' dir='ltr'>καὶ</span> <span class='ocrx_word' id='word_1_179' title='bbox 1074 545 1102 570; x_wconf 80' lang='grc' dir='ltr'><strong>ἐν</strong></span> <span class='ocrx_word' id='word_1_180' title='bbox 1119 543 1190 579; x_wconf 88' lang='grc' dir='ltr'><strong>λιμῷ</strong></span> <span class='ocrx_word' id='word_1_181' title='bbox 1205 544 1376 578; x_wconf 78' lang='grc' dir='ltr'><strong>ἐκλείψουσιν</strong></span> <span class='ocrx_word' id='word_1_182' title='bbox 1395 543 1449 570; x_wconf 83' lang='grc' dir='ltr'>ἀπὸ</span> <span class='ocrx_word' id='word_1_183' title='bbox 1473 542 1571 578; x_wconf 82' lang='grc' dir='ltr'><strong>μικροῦ</strong></span> <span class='ocrx_word' id='word_1_184' title='bbox 1598 542 1650 573; x_wconf 71' lang='grc' dir='ltr'>ἕως</span> <span class='ocrx_word' id='word_1_185' title='bbox 1670 541 1804 577; x_wconf 82' lang='grc' dir='ltr'><strong>μεγάλου,</strong></span> 
     </span>
    </p>
   </div>
   <div class='ocr_carea' id='block_1_27' title="bbox 1012 586 1804 624">
    <p class='ocr_par' dir='ltr' id='par_1_27' title="bbox 1012 586 1804 624">
     <span class='ocr_line' id='line_1_27' title="bbox 1012 586 1804 624; baseline -0.003 -10"><span class='ocrx_word' id='word_1_186' title='bbox 1012 589 1059 615; x_wconf 76' lang='grc' dir='ltr'>καὶ</span> <span class='ocrx_word' id='word_1_187' title='bbox 1073 588 1178 616; x_wconf 77' lang='grc' dir='ltr'>ἔσονται</span> <span class='ocrx_word' id='word_1_188' title='bbox 1194 590 1234 620; x_wconf 81' lang='grc' dir='ltr'><strong>εἰς</strong></span> <span class='ocrx_word' id='word_1_189' title='bbox 1243 589 1405 624; x_wconf 77' lang='grc' dir='ltr'>ὀνειδισμὺν,</span> <span class='ocrx_word' id='word_1_190' title='bbox 1419 588 1467 615; x_wconf 68' lang='grc' dir='ltr'>καὶ</span> <span class='ocrx_word' id='word_1_191' title='bbox 1484 588 1523 619; x_wconf 85' lang='grc' dir='ltr'><strong>είς</strong></span> <span class='ocrx_word' id='word_1_192' title='bbox 1535 587 1683 614; x_wconf 80' lang='grc' dir='ltr'>ἀπώλειαν.</span> <span class='ocrx_word' id='word_1_193' title='bbox 1700 586 1748 613; x_wconf 77' lang='grc' dir='ltr'>καὶ</span> <span class='ocrx_word' id='word_1_194' title='bbox 1763 587 1804 617; x_wconf 83' lang='grc' dir='ltr'><strong>εἰς</strong></span> 
     </span>
    </p>
   </div>
   <div class='ocr_carea' id='block_1_28' title="bbox 1012 631 1806 668">
    <p class='ocr_par' dir='ltr' id='par_1_28' title="bbox 1012 631 1806 668">
     <span class='ocr_line' id='line_1_28' title="bbox 1012 631 1806 668; baseline -0.004 -8"><span class='ocrx_word' id='word_1_195' title='bbox 1012 633 1144 668; x_wconf 84' lang='grc' dir='ltr'>κατάραν.</span> <span class='ocrx_word' id='word_1_196' title='bbox 1168 635 1222 661; x_wconf 79' lang='grc' dir='ltr'><strong>Καὶ</strong></span> <span class='ocrx_word' id='word_1_197' title='bbox 1238 634 1422 668; x_wconf 75' lang='grc' dir='ltr'><strong>ἐπισκέψομαι</strong></span> <span class='ocrx_word' id='word_1_198' title='bbox 1443 633 1488 658; x_wconf 74' lang='grc' dir='ltr'>ἐπὶ</span> <span class='ocrx_word' id='word_1_199' title='bbox 1504 632 1568 663; x_wconf 78' lang='grc' dir='ltr'>τοὺς</span> <span class='ocrx_word' id='word_1_200' title='bbox 1586 631 1758 666; x_wconf 75' lang='grc' dir='ltr'>καθημένους</span> <span class='ocrx_word' id='word_1_201' title='bbox 1774 632 1806 657; x_wconf 86' lang='grc' dir='ltr'>ἐν</span> 
     </span>
    </p>
   </div>
   <div class='ocr_carea' id='block_1_29' title="bbox 1013 677 1807 716">
    <p class='ocr_par' dir='ltr' id='par_1_29' title="bbox 1013 677 1807 716">
     <span class='ocr_line' id='line_1_29' title="bbox 1013 677 1807 716; baseline -0.006 -9"><span class='ocrx_word' id='word_1_202' title='bbox 1013 682 1047 716; x_wconf 80' lang='grc' dir='ltr'>γῇ</span> <span class='ocrx_word' id='word_1_203' title='bbox 1064 680 1203 715; x_wconf 77' lang='grc' dir='ltr'>Αἰγύπτῳ.</span> <span class='ocrx_word' id='word_1_204' title='bbox 1220 679 1275 706; x_wconf 68' lang='grc' dir='ltr'><strong>Καὶ</strong></span> <span class='ocrx_word' id='word_1_205' title='bbox 1292 680 1341 706; x_wconf 81' lang='grc' dir='ltr'>οὐκ</span> <span class='ocrx_word' id='word_1_206' title='bbox 1356 679 1433 705; x_wconf 76' lang='grc' dir='ltr'>ἔσται</span> <span class='ocrx_word' id='word_1_207' title='bbox 1455 679 1624 713; x_wconf 81' lang='grc' dir='ltr'><strong>σεσωσμένος</strong></span> <span class='ocrx_word' id='word_1_208' title='bbox 1641 677 1729 709; x_wconf 73' lang='grc' dir='ltr'>οὐδεὶς</span> <span class='ocrx_word' id='word_1_209' title='bbox 1749 677 1807 702; x_wconf 84' lang='grc' dir='ltr'><strong>τῶν</strong></span> 
     </span>
    </p>
   </div>
   <div class='ocr_carea' id='block_1_30' title="bbox 1013 723 1806 759">
    <p class='ocr_par' dir='ltr' id='par_1_30' title="bbox 1013 723 1806 759">
     <span class='ocr_line' id='line_1_30' title="bbox 1013 723 1806 759; baseline -0.004 -8"><span class='ocrx_word' id='word_1_210' title='bbox 1013 725 1160 752; x_wconf 71' lang='grc' dir='ltr'>ἐπιλοίπων</span> <span class='ocrx_word' id='word_1_211' title='bbox 1179 725 1274 756; x_wconf 79' lang='grc' dir='ltr'>Ἰούδα,</span> <span class='ocrx_word' id='word_1_212' title='bbox 1287 725 1341 751; x_wconf 84' lang='grc' dir='ltr'><strong>τῶν</strong></span> <span class='ocrx_word' id='word_1_213' title='bbox 1355 725 1559 759; x_wconf 79' lang='grc' dir='ltr'><strong>παροικούντων</strong></span> <span class='ocrx_word' id='word_1_214' title='bbox 1573 725 1601 751; x_wconf 90' lang='grc' dir='ltr'><strong>ἐν</strong></span> <span class='ocrx_word' id='word_1_215' title='bbox 1613 725 1648 759; x_wconf 85' lang='grc' dir='ltr'><strong>γῇ</strong></span> <span class='ocrx_word' id='word_1_216' title='bbox 1661 723 1806 757; x_wconf 76' lang='grc' dir='ltr'>Αἰγύπτῳ,</span> 
     </span>
    </p>
   </div>
   <div class='ocr_carea' id='block_1_31' title="bbox 1013 767 1807 805">
    <p class='ocr_par' dir='ltr' id='par_1_31' title="bbox 1013 767 1807 805">
     <span class='ocr_line' id='line_1_31' title="bbox 1013 767 1807 805; baseline -0.004 -9"><span class='ocrx_word' id='word_1_217' title='bbox 1013 769 1059 796; x_wconf 87' lang='grc' dir='ltr'><strong>τοῦ</strong></span> <span class='ocrx_word' id='word_1_218' title='bbox 1076 769 1239 805; x_wconf 55' lang='grc' dir='ltr'>ἐπιστρέψαι</span> <span class='ocrx_word' id='word_1_219' title='bbox 1256 770 1294 801; x_wconf 82' lang='grc' dir='ltr'><strong>εἰς</strong></span> <span class='ocrx_word' id='word_1_220' title='bbox 1312 769 1364 804; x_wconf 82' lang='grc' dir='ltr'>γῆν</span> <span class='ocrx_word' id='word_1_221' title='bbox 1386 769 1480 803; x_wconf 84' lang='grc' dir='ltr'><strong>Ἰούδα,</strong></span> <span class='ocrx_word' id='word_1_222' title='bbox 1507 770 1548 803; x_wconf 79' lang='grc' dir='ltr'>ἐφ’</span> <span class='ocrx_word' id='word_1_223' title='bbox 1563 769 1596 804; x_wconf 82' lang='grc' dir='ltr'>ἢν</span> <span class='ocrx_word' id='word_1_224' title='bbox 1623 768 1698 795; x_wconf 76' lang='grc' dir='ltr'>αὐτοὶ</span> <span class='ocrx_word' id='word_1_225' title='bbox 1726 767 1807 794; x_wconf 74' lang='grc' dir='ltr'>ἑλπί-</span> 
     </span>
    </p>
   </div>
   <div class='ocr_carea' id='block_1_32' title="bbox 1013 813 1806 850">
    <p class='ocr_par' dir='ltr' id='par_1_32' title="bbox 1013 813 1806 850">
     <span class='ocr_line' id='line_1_32' title="bbox 1013 813 1806 850; baseline -0.003 -9"><span class='ocrx_word' id='word_1_226' title='bbox 1013 815 1088 847; x_wconf 77' lang='grc' dir='ltr'>ζουσι</span> <span class='ocrx_word' id='word_1_227' title='bbox 1103 816 1163 846; x_wconf 86' lang='grc' dir='ltr'>ταῖς</span> <span class='ocrx_word' id='word_1_228' title='bbox 1181 815 1279 850; x_wconf 75' lang='grc' dir='ltr'>ψυχαῖς</span> <span class='ocrx_word' id='word_1_229' title='bbox 1301 814 1390 841; x_wconf 77' lang='grc' dir='ltr'>αὐτῶν</span> <span class='ocrx_word' id='word_1_230' title='bbox 1417 815 1463 841; x_wconf 82' lang='grc' dir='ltr'><strong>τοῦ</strong></span> <span class='ocrx_word' id='word_1_231' title='bbox 1487 814 1651 850; x_wconf 75' lang='grc' dir='ltr'>ἐπιστρέψαι</span> <span class='ocrx_word' id='word_1_232' title='bbox 1671 814 1739 840; x_wconf 77' lang='grc' dir='ltr'>ἐκεῖ.</span> <span class='ocrx_word' id='word_1_233' title='bbox 1766 813 1806 839; x_wconf 77' lang='grc' dir='ltr'><strong>Οὐ</strong></span> 
     </span>
    </p>
   </div>
   <div class='ocr_carea' id='block_1_33' title="bbox 1016 857 1808 895">
    <p class='ocr_par' dir='ltr' id='par_1_33' title="bbox 1016 857 1808 895">
     <span class='ocr_line' id='line_1_33' title="bbox 1016 857 1808 895; baseline -0.003 -9"><span class='ocrx_word' id='word_1_234' title='bbox 1016 859 1053 894; x_wconf 84' lang='grc' dir='ltr'>μὴ</span> <span class='ocrx_word' id='word_1_235' title='bbox 1071 859 1282 895; x_wconf 73' lang='grc' dir='ltr'>ἐπιστρέψωσιν.</span> <span class='ocrx_word' id='word_1_236' title='bbox 1304 868 1313 884; x_wconf 76' lang='grc' dir='ltr'><strong>ι</strong></span> <span class='ocrx_word' id='word_1_237' title='bbox 1339 859 1460 891; x_wconf 79' lang='grc' dir='ltr'>’Λκούεις</span> <span class='ocrx_word' id='word_1_238' title='bbox 1477 859 1517 885; x_wconf 83' lang='grc' dir='ltr'>ὅτι</span> <span class='ocrx_word' id='word_1_239' title='bbox 1533 859 1760 893; x_wconf 81' lang='grc' dir='ltr'><strong>τετελευτήκασιν</strong></span> <span class='ocrx_word' id='word_1_240' title='bbox 1775 857 1808 883; x_wconf 83' lang='grc' dir='ltr'><strong>ἐν</strong></span> 
     </span>
    </p>
   </div>
   <div class='ocr_carea' id='block_1_34' title="bbox 175 894 966 942">
    <p class='ocr_par' dir='ltr' id='par_1_34' title="bbox 175 905 964 942">
     <span class='ocr_line' id='line_1_34' title="bbox 175 905 964 942; baseline 0.003 -10"><span class='ocrx_word' id='word_1_241' title='bbox 175 905 290 934; x_wconf 81' lang='lat' dir='ltr'><strong>salutent</strong></span> <span class='ocrx_word' id='word_1_242' title='bbox 305 906 444 940; x_wconf 89' lang='lat' dir='ltr'><strong>pristinam</strong></span> <span class='ocrx_word' id='word_1_243' title='bbox 466 905 619 939; x_wconf 85' lang='lat' dir='ltr'><strong>revocabit;</strong></span> <span class='ocrx_word' id='word_1_244' title='bbox 642 907 688 933; x_wconf 86' lang='lat' dir='ltr'><strong>sed</strong></span> <span class='ocrx_word' id='word_1_245' title='bbox 704 914 866 942; x_wconf 87' lang='lat' dir='ltr'><strong>quocunque</strong></span> <span class='ocrx_word' id='word_1_246' title='bbox 886 907 964 935; x_wconf 86' lang='lat' dir='ltr'><strong>iverit</strong></span> 
     </span>
    </p>
   </div>
   <div class='ocr_carea' id='block_1_35' title="bbox 1020 894 1807 942">
    <p class='ocr_par' dir='ltr' id='par_1_35' title="bbox 1020 894 1807 940">
     <span class='ocr_line' id='line_1_35' title="bbox 1020 894 1807 940; baseline -0.004 -9"><span class='ocrx_word' id='word_1_247' title='bbox 1020 894 1159 940; x_wconf 70' lang='grc' dir='ltr'>Αἰγύπτῳ,</span> <span class='ocrx_word' id='word_1_248' title='bbox 1172 905 1252 931; x_wconf 83' lang='grc' dir='ltr'>κάκεῖ</span> <span class='ocrx_word' id='word_1_249' title='bbox 1262 905 1311 940; x_wconf 82' lang='grc' dir='ltr'>τῆς</span> <span class='ocrx_word' id='word_1_250' title='bbox 1323 903 1397 936; x_wconf 85' lang='grc' dir='ltr'><strong>Θείας</strong></span> <span class='ocrx_word' id='word_1_251' title='bbox 1412 904 1503 936; x_wconf 79' lang='grc' dir='ltr'>αὐτοῖς</span> <span class='ocrx_word' id='word_1_252' title='bbox 1515 904 1598 939; x_wconf 82' lang='grc' dir='ltr'>ὀργῆς</span> <span class='ocrx_word' id='word_1_253' title='bbox 1617 902 1807 938; x_wconf 74' lang='grc' dir='ltr'>ἐπενηνεγμέ-</span> 
     </span>
    </p>
   </div>
   <div class='ocr_carea' id='block_1_36' title="bbox 175 951 961 987">
    <p class='ocr_par' dir='ltr' id='par_1_36' title="bbox 175 951 961 987">
     <span class='ocr_line' id='line_1_36' title="bbox 175 951 961 987; baseline 0.005 -11"><span class='ocrx_word' id='word_1_254' title='bbox 175 951 319 985; x_wconf 84' lang='lat' dir='ltr'><strong>quispiam,</strong></span> <span class='ocrx_word' id='word_1_255' title='bbox 346 951 406 985; x_wconf 87' lang='lat' dir='ltr'><strong>ejus</strong></span> <span class='ocrx_word' id='word_1_256' title='bbox 425 951 493 978; x_wconf 81' lang='lat' dir='ltr'><strong>iram</strong></span> <span class='ocrx_word' id='word_1_257' title='bbox 519 951 683 986; x_wconf 77' lang='lat' dir='ltr'><strong>experietur.</strong></span> <span class='ocrx_word' id='word_1_258' title='bbox 713 952 746 979; x_wconf 81' lang='lat' dir='ltr'><strong>Et.</strong></span> <span class='ocrx_word' id='word_1_259' title='bbox 769 953 825 980; x_wconf 55' lang='lat' dir='ltr'><strong>hac</strong></span> <span class='ocrx_word' id='word_1_260' title='bbox 853 953 961 987; x_wconf 81' lang='lat' dir='ltr'><strong>quidem</strong></span> 
     </span>
    </p>
   </div>
   <div class='ocr_carea' id='block_1_37' title="bbox 176 996 961 1031">
    <p class='ocr_par' dir='ltr' id='par_1_37' title="bbox 176 996 961 1031">
     <span class='ocr_line' id='line_1_37' title="bbox 176 996 961 1031; baseline 0.003 -9"><span class='ocrx_word' id='word_1_261' title='bbox 176 996 240 1030; x_wconf 88' lang='lat' dir='ltr'><strong>ipsis</strong></span> <span class='ocrx_word' id='word_1_262' title='bbox 255 997 280 1022; x_wconf 89' lang='lat' dir='ltr'><strong>itt</strong></span> <span class='ocrx_word' id='word_1_263' title='bbox 295 996 412 1031; x_wconf 60' lang='lat' dir='ltr'><strong>Egypto</strong></span> <span class='ocrx_word' id='word_1_264' title='bbox 428 996 517 1024; x_wconf 81' lang='lat' dir='ltr'><strong>futura</strong></span> <span class='ocrx_word' id='word_1_265' title='bbox 537 1003 638 1024; x_wconf 85' lang='lat' dir='ltr'><strong>narrat.</strong></span> <span class='ocrx_word' id='word_1_266' title='bbox 658 997 789 1031; x_wconf 87' lang='lat' dir='ltr'><strong>Quoniam</strong></span> <span class='ocrx_word' id='word_1_267' title='bbox 804 1006 868 1025; x_wconf 87' lang='lat' dir='ltr'><strong>vero</strong></span> <span class='ocrx_word' id='word_1_268' title='bbox 881 999 961 1026; x_wconf 88' lang='lat' dir='ltr'><strong>etiam</strong></span> 
     </span>
    </p>
   </div>
   <div class='ocr_carea' id='block_1_38' title="bbox 176 1041 963 1078">
    <p class='ocr_par' dir='ltr' id='par_1_38' title="bbox 176 1041 963 1078">
     <span class='ocr_line' id='line_1_38' title="bbox 176 1041 963 1078; baseline 0.005 -11"><span class='ocrx_word' id='word_1_269' title='bbox 176 1048 192 1068; x_wconf 88' lang='lat' dir='ltr'><strong>e</strong></span> <span class='ocrx_word' id='word_1_270' title='bbox 206 1041 307 1069; x_wconf 85' lang='lat' dir='ltr'><strong>divitiis</strong></span> <span class='ocrx_word' id='word_1_271' title='bbox 320 1042 376 1069; x_wconf 86' lang='lat' dir='ltr'><strong>suis</strong></span> <span class='ocrx_word' id='word_1_272' title='bbox 395 1049 456 1069; x_wconf 91' lang='lat' dir='ltr'><strong>eum</strong></span> <span class='ocrx_word' id='word_1_273' title='bbox 470 1042 648 1076; x_wconf 81' lang='lat' dir='ltr'><strong>oiienderunt,</strong></span> <span class='ocrx_word' id='word_1_274' title='bbox 666 1052 675 1069; x_wconf 79' lang='grc' dir='ltr'><strong>ι</strong></span> <span class='ocrx_word' id='word_1_275' title='bbox 693 1043 841 1078; x_wconf 74' lang='lat' dir='ltr'><strong>Argentum</strong></span> <span class='ocrx_word' id='word_1_276' title='bbox 851 1045 922 1071; x_wconf 91' lang='lat' dir='ltr'><strong>enim</strong></span> <span class='ocrx_word' id='word_1_277' title='bbox 937 1048 963 1071; x_wconf 85' lang='lat' dir='ltr'><strong>et</strong></span> 
     </span>
    </p>
   </div>
   <div class='ocr_carea' id='block_1_39' title="bbox 176 1087 967 1123">
    <p class='ocr_par' dir='ltr' id='par_1_39' title="bbox 176 1087 967 1123">
     <span class='ocr_line' id='line_1_39' title="bbox 176 1087 967 1123; baseline 0.004 -9"><span class='ocrx_word' id='word_1_278' title='bbox 176 1095 271 1114; x_wconf 88' lang='lat' dir='ltr'><strong>aurum</strong></span> <span class='ocrx_word' id='word_1_279' title='bbox 284 1095 360 1115; x_wconf 91' lang='lat' dir='ltr'><strong>suum</strong></span> <span class='ocrx_word' id='word_1_280' title='bbox 375 1087 498 1115; x_wconf 79' lang='lat' dir='ltr'><strong>fecerunt</strong></span> <span class='ocrx_word' id='word_1_281' title='bbox 514 1088 564 1116; x_wconf 90' lang='lat' dir='ltr'><strong>sibi</strong></span> <span class='ocrx_word' id='word_1_282' title='bbox 580 1088 649 1116; x_wconf 86' lang='lat' dir='ltr'><strong>idola</strong></span> <span class='ocrx_word' id='word_1_283' title='bbox 665 1089 699 1120; x_wconf 83' lang='lat'><strong>&quot;,</strong></span> <span class='ocrx_word' id='word_1_284' title='bbox 717 1098 726 1114; x_wconf 75' lang='grc' dir='ltr'><strong>ι</strong></span> <span class='ocrx_word' id='word_1_285' title='bbox 746 1089 843 1123; x_wconf 87' lang='lat' dir='ltr'><strong>inquit,</strong></span> <span class='ocrx_word' id='word_1_286' title='bbox 864 1089 967 1117; x_wconf 87' lang='lat' dir='ltr'><strong>idcirco</strong></span> 
     </span>
    </p>
   </div>
   <div class='ocr_carea' id='block_1_40' title="bbox 177 1133 967 1167">
    <p class='ocr_par' dir='ltr' id='par_1_40' title="bbox 177 1133 967 1167">
     <span class='ocr_line' id='line_1_40' title="bbox 177 1133 967 1167; baseline 0.003 -7"><span class='ocrx_word' id='word_1_287' title='bbox 177 1133 263 1167; x_wconf 87' lang='lat' dir='ltr'><strong>ipsum</strong></span> <span class='ocrx_word' id='word_1_288' title='bbox 276 1133 338 1167; x_wconf 88' lang='lat' dir='ltr'><strong>jure</strong></span> <span class='ocrx_word' id='word_1_289' title='bbox 356 1134 480 1161; x_wconf 85' lang='lat' dir='ltr'><strong>interitus</strong></span> <span class='ocrx_word' id='word_1_290' title='bbox 496 1134 675 1166; x_wconf 70' lang='lat' dir='ltr'><strong>hmreditabit,</strong></span> <span class='ocrx_word' id='word_1_291' title='bbox 693 1135 743 1162; x_wconf 91' lang='lat' dir='ltr'><strong>hoc</strong></span> <span class='ocrx_word' id='word_1_292' title='bbox 757 1139 809 1167; x_wconf 85' lang='lat' dir='ltr'><strong>est,</strong></span> <span class='ocrx_word' id='word_1_293' title='bbox 833 1142 892 1162; x_wconf 87' lang='lat' dir='ltr'><strong>sors</strong></span> <span class='ocrx_word' id='word_1_294' title='bbox 914 1135 967 1162; x_wconf 82' lang='lat' dir='ltr'><strong>erit</strong></span> 
     </span>
    </p>
   </div>
   <div class='ocr_carea' id='block_1_41' title="bbox 176 1179 967 1215">
    <p class='ocr_par' dir='ltr' id='par_1_41' title="bbox 176 1179 967 1215">
     <span class='ocr_line' id='line_1_41' title="bbox 176 1179 967 1215; baseline 0.001 -9"><span class='ocrx_word' id='word_1_295' title='bbox 176 1180 307 1207; x_wconf 84' lang='lat' dir='ltr'><strong>vastatori</strong></span> <span class='ocrx_word' id='word_1_296' title='bbox 324 1189 331 1207; x_wconf 91' lang='lat'>:</span> <span class='ocrx_word' id='word_1_297' title='bbox 349 1180 486 1208; x_wconf 87' lang='lat' dir='ltr'><strong>interitum</strong></span> <span class='ocrx_word' id='word_1_298' title='bbox 511 1179 583 1207; x_wconf 87' lang='lat' dir='ltr'><strong>enim</strong></span> <span class='ocrx_word' id='word_1_299' title='bbox 616 1184 695 1207; x_wconf 88' lang='lat' dir='ltr'><strong>vocat</strong></span> <span class='ocrx_word' id='word_1_300' title='bbox 710 1180 862 1215; x_wconf 81' lang='lat' dir='ltr'><strong>Assyrium.</strong></span> <span class='ocrx_word' id='word_1_301' title='bbox 878 1184 906 1207; x_wconf 90' lang='lat' dir='ltr'><strong>ut</strong></span> <span class='ocrx_word' id='word_1_302' title='bbox 922 1180 967 1214; x_wconf 90' lang='lat' dir='ltr'><strong>qui</strong></span> 
     </span>
    </p>
   </div>
   <div class='ocr_carea' id='block_1_42' title="bbox 177 1225 967 1260">
    <p class='ocr_par' dir='ltr' id='par_1_42' title="bbox 177 1225 967 1260">
     <span class='ocr_line' id='line_1_42' title="bbox 177 1225 967 1260; baseline 0.001 -8"><span class='ocrx_word' id='word_1_303' title='bbox 177 1225 251 1252; x_wconf 84' lang='lat' dir='ltr'><strong>ferus</strong></span> <span class='ocrx_word' id='word_1_304' title='bbox 264 1230 291 1252; x_wconf 88' lang='lat' dir='ltr'><strong>et</strong></span> <span class='ocrx_word' id='word_1_305' title='bbox 305 1225 421 1253; x_wconf 86' lang='lat' dir='ltr'><strong>crudelis</strong></span> <span class='ocrx_word' id='word_1_306' title='bbox 438 1226 464 1252; x_wconf 92' lang='lat' dir='ltr'><strong>in</strong></span> <span class='ocrx_word' id='word_1_307' title='bbox 481 1225 665 1252; x_wconf 77' lang='lat' dir='ltr'><strong>exscindenda</strong></span> <span class='ocrx_word' id='word_1_308' title='bbox 688 1225 888 1260; x_wconf 73' lang='lat' dir='ltr'><strong>prteliandoque</strong></span> <span class='ocrx_word' id='word_1_309' title='bbox 910 1225 967 1253; x_wconf 82' lang='lat' dir='ltr'><strong>fue-</strong></span> 
     </span>
    </p>
   </div>
   <div class='ocr_carea' id='block_1_43' title="bbox 177 1270 966 1305">
    <p class='ocr_par' dir='ltr' id='par_1_43' title="bbox 177 1270 966 1305">
     <span class='ocr_line' id='line_1_43' title="bbox 177 1270 966 1305; baseline -0.001 -7"><span class='ocrx_word' id='word_1_310' title='bbox 177 1271 222 1298; x_wconf 88' lang='lat' dir='ltr'><strong>rit.</strong></span> <span class='ocrx_word' id='word_1_311' title='bbox 240 1270 427 1298; x_wconf 85' lang='lat' dir='ltr'><strong>Producentur</strong></span> <span class='ocrx_word' id='word_1_312' title='bbox 441 1275 530 1297; x_wconf 88' lang='lat' dir='ltr'><strong>autent</strong></span> <span class='ocrx_word' id='word_1_313' title='bbox 548 1275 575 1297; x_wconf 89' lang='lat' dir='ltr'><strong>et</strong></span> <span class='ocrx_word' id='word_1_314' title='bbox 590 1279 599 1296; x_wconf 81' lang='grc' dir='ltr'><strong>ι</strong></span> <span class='ocrx_word' id='word_1_315' title='bbox 616 1271 711 1305; x_wconf 78' lang='lat' dir='ltr'><strong>spiuze,</strong></span> <span class='ocrx_word' id='word_1_316' title='bbox 727 1271 822 1305; x_wconf 82' lang='lat' dir='ltr'><strong>inquit.l</strong></span> <span class='ocrx_word' id='word_1_317' title='bbox 837 1271 862 1297; x_wconf 94' lang='lat' dir='ltr'><strong>iu</strong></span> <span class='ocrx_word' id='word_1_318' title='bbox 877 1271 966 1298; x_wconf 86' lang='lat' dir='ltr'><strong>taber-</strong></span> 
     </span>
    </p>
   </div>
   <div class='ocr_carea' id='block_1_44' title="bbox 177 1315 966 1351">
    <p class='ocr_par' dir='ltr' id='par_1_44' title="bbox 177 1315 966 1351">
     <span class='ocr_line' id='line_1_44' title="bbox 177 1315 966 1351; baseline 0.003 -9"><span class='ocrx_word' id='word_1_319' title='bbox 177 1315 281 1343; x_wconf 84' lang='lat' dir='ltr'><strong>naculis</strong></span> <span class='ocrx_word' id='word_1_320' title='bbox 294 1323 398 1343; x_wconf 90' lang='lat' dir='ltr'><strong>eorum.</strong></span> <span class='ocrx_word' id='word_1_321' title='bbox 415 1325 424 1342; x_wconf 80' lang='grc' dir='ltr'><strong>ι</strong></span> <span class='ocrx_word' id='word_1_322' title='bbox 441 1316 480 1343; x_wconf 83' lang='lat' dir='ltr'><strong>Ad</strong></span> <span class='ocrx_word' id='word_1_323' title='bbox 496 1321 598 1344; x_wconf 85' lang='lat' dir='ltr'><strong>tantam</strong></span> <span class='ocrx_word' id='word_1_324' title='bbox 614 1316 712 1351; x_wconf 86' lang='lat' dir='ltr'><strong>quippe</strong></span> <span class='ocrx_word' id='word_1_325' title='bbox 729 1316 902 1343; x_wconf 88' lang='lat' dir='ltr'><strong>solitudinem</strong></span> <span class='ocrx_word' id='word_1_326' title='bbox 924 1324 966 1344; x_wconf 84' lang='lat' dir='ltr'><strong>re-</strong></span> 
     </span>
    </p>
   </div>
   <div class='ocr_carea' id='block_1_45' title="bbox 177 1361 966 1397">
    <p class='ocr_par' dir='ltr' id='par_1_45' title="bbox 177 1361 966 1397">
     <span class='ocr_line' id='line_1_45' title="bbox 177 1361 966 1397; baseline 0.001 -9"><span class='ocrx_word' id='word_1_327' title='bbox 177 1362 263 1389; x_wconf 67' lang='lat' dir='ltr'><strong>dacta:</strong></span> <span class='ocrx_word' id='word_1_328' title='bbox 279 1367 341 1389; x_wconf 89' lang='lat' dir='ltr'><strong>sunt</strong></span> <span class='ocrx_word' id='word_1_329' title='bbox 354 1361 444 1395; x_wconf 89' lang='lat' dir='ltr'><strong>urbes,</strong></span> <span class='ocrx_word' id='word_1_330' title='bbox 460 1366 489 1388; x_wconf 88' lang='lat' dir='ltr'><strong>ut</strong></span> <span class='ocrx_word' id='word_1_331' title='bbox 505 1363 589 1397; x_wconf 88' lang='lat' dir='ltr'><strong>spinis</strong></span> <span class='ocrx_word' id='word_1_332' title='bbox 602 1361 784 1397; x_wconf 85' lang='lat' dir='ltr'><strong>replerentur,</strong></span> <span class='ocrx_word' id='word_1_333' title='bbox 797 1362 868 1397; x_wconf 84' lang='lat' dir='ltr'><strong>quod</strong></span> <span class='ocrx_word' id='word_1_334' title='bbox 887 1367 966 1389; x_wconf 72' lang='lat' dir='ltr'><strong>terra:</strong></span> 
     </span>
    </p>
   </div>
   <div class='ocr_carea' id='block_1_46' title="bbox 178 1405 630 1441">
    <p class='ocr_par' dir='ltr' id='par_1_46' title="bbox 178 1405 630 1441">
     <span class='ocr_line' id='line_1_46' title="bbox 178 1405 630 1441; baseline 0.002 -9"><span class='ocrx_word' id='word_1_335' title='bbox 178 1405 256 1433; x_wconf 78' lang='lat' dir='ltr'><strong>inviae</strong></span> <span class='ocrx_word' id='word_1_336' title='bbox 269 1411 297 1433; x_wconf 91' lang='lat' dir='ltr'><strong>et</strong></span> <span class='ocrx_word' id='word_1_337' title='bbox 313 1407 441 1434; x_wconf 81' lang='lat' dir='ltr'><strong>desolata:</strong></span> <span class='ocrx_word' id='word_1_338' title='bbox 455 1407 560 1441; x_wconf 78' lang='lat' dir='ltr'><strong>signum</strong></span> <span class='ocrx_word' id='word_1_339' title='bbox 578 1410 630 1434; x_wconf 91' lang='lat' dir='ltr'><strong>est.</strong></span> 
     </span>
    </p>
   </div>
   <div class='ocr_carea' id='block_1_47' title="bbox 1017 949 1808 985">
    <p class='ocr_par' dir='ltr' id='par_1_47' title="bbox 1017 949 1808 985">
     <span class='ocr_line' id='line_1_47' title="bbox 1017 949 1808 985; baseline -0.004 -8"><span class='ocrx_word' id='word_1_340' title='bbox 1017 958 1084 985; x_wconf 86' lang='grc' dir='ltr'>νης;</span> <span class='ocrx_word' id='word_1_341' title='bbox 1099 950 1182 976; x_wconf 84' lang='grc' dir='ltr'><strong>Ὅταν</strong></span> <span class='ocrx_word' id='word_1_342' title='bbox 1198 950 1288 976; x_wconf 83' lang='grc' dir='ltr'>τοίνυν</span> <span class='ocrx_word' id='word_1_343' title='bbox 1297 950 1347 985; x_wconf 86' lang='grc' dir='ltr'>τὴν</span> <span class='ocrx_word' id='word_1_344' title='bbox 1363 951 1392 976; x_wconf 85' lang='grc' dir='ltr'><strong>ἐν</strong></span> <span class='ocrx_word' id='word_1_345' title='bbox 1407 949 1536 984; x_wconf 81' lang='grc' dir='ltr'>Αἰγύπτῳ</span> <span class='ocrx_word' id='word_1_346' title='bbox 1551 949 1735 984; x_wconf 76' lang='grc' dir='ltr'><strong>ταλαιπωρίαν</strong></span> <span class='ocrx_word' id='word_1_347' title='bbox 1754 956 1808 974; x_wconf 84' lang='grc' dir='ltr'>πα-</span> 
     </span>
    </p>
   </div>
   <div class='ocr_carea' id='block_1_48' title="bbox 1017 995 1811 1032">
    <p class='ocr_par' dir='ltr' id='par_1_48' title="bbox 1017 995 1811 1032">
     <span class='ocr_line' id='line_1_48' title="bbox 1017 995 1811 1032; baseline -0.004 -9"><span class='ocrx_word' id='word_1_348' title='bbox 1017 997 1200 1032; x_wconf 82' lang='grc' dir='ltr'>ραιτούμενοι,</span> <span class='ocrx_word' id='word_1_349' title='bbox 1216 996 1344 1032; x_wconf 83' lang='grc' dir='ltr'>καθάπερ</span> <span class='ocrx_word' id='word_1_350' title='bbox 1361 998 1399 1028; x_wconf 86' lang='grc' dir='ltr'><strong>είς</strong></span> <span class='ocrx_word' id='word_1_351' title='bbox 1420 997 1553 1031; x_wconf 74' lang='grc' dir='ltr'>ἐπίσημον</span> <span class='ocrx_word' id='word_1_352' title='bbox 1575 996 1652 1022; x_wconf 75' lang='grc' dir='ltr'>πόλιν</span> <span class='ocrx_word' id='word_1_353' title='bbox 1666 995 1811 1030; x_wconf 84' lang='grc' dir='ltr'>ἀφίκοιντο</span> 
     </span>
    </p>
   </div>
   <div class='ocr_carea' id='block_1_49' title="bbox 1015 1039 1810 1078">
    <p class='ocr_par' dir='ltr' id='par_1_49' title="bbox 1015 1039 1810 1078">
     <span class='ocr_line' id='line_1_49' title="bbox 1015 1039 1810 1078; baseline -0.003 -10"><span class='ocrx_word' id='word_1_354' title='bbox 1015 1043 1064 1078; x_wconf 81' lang='grc' dir='ltr'><strong>τὴν</strong></span> <span class='ocrx_word' id='word_1_355' title='bbox 1081 1043 1200 1077; x_wconf 75' lang='grc' dir='ltr'>Μέμφιν,</span> <span class='ocrx_word' id='word_1_356' title='bbox 1213 1042 1352 1074; x_wconf 82' lang='grc' dir='ltr'>ἐκδέξεται</span> <span class='ocrx_word' id='word_1_357' title='bbox 1371 1043 1420 1078; x_wconf 83' lang='grc' dir='ltr'><strong>μὲν</strong></span> <span class='ocrx_word' id='word_1_358' title='bbox 1433 1042 1543 1074; x_wconf 80' lang='grc' dir='ltr'>αὐτοὺς,</span> <span class='ocrx_word' id='word_1_359' title='bbox 1555 1041 1624 1078; x_wconf 85' lang='grc' dir='ltr'>πλὴν</span> <span class='ocrx_word' id='word_1_360' title='bbox 1640 1042 1668 1068; x_wconf 82' lang='grc' dir='ltr'><strong>ἐν</strong></span> <span class='ocrx_word' id='word_1_361' title='bbox 1685 1039 1810 1075; x_wconf 82' lang='grc' dir='ltr'>Μαχμάς</span> 
     </span>
    </p>
   </div>
   <div class='ocr_carea' id='block_1_50' title="bbox 1014 1087 1806 1124">
    <p class='ocr_par' dir='ltr' id='par_1_50' title="bbox 1014 1087 1806 1124">
     <span class='ocr_line' id='line_1_50' title="bbox 1014 1087 1806 1124; baseline -0.003 -10"><span class='ocrx_word' id='word_1_362' title='bbox 1014 1087 1196 1123; x_wconf 82' lang='grc' dir='ltr'>τεθνήξονται.</span> <span class='ocrx_word' id='word_1_363' title='bbox 1209 1087 1294 1114; x_wconf 83' lang='grc' dir='ltr'>Τοῦτο</span> <span class='ocrx_word' id='word_1_364' title='bbox 1305 1088 1359 1124; x_wconf 77' lang='grc' dir='ltr'><strong>γὰρ</strong></span> <span class='ocrx_word' id='word_1_365' title='bbox 1368 1088 1409 1121; x_wconf 84' lang='grc' dir='ltr'>τὸ,</span> <span class='ocrx_word' id='word_1_366' title='bbox 1424 1098 1432 1114; x_wconf 82' lang='grc' dir='ltr'><strong>ι</strong></span> <span class='ocrx_word' id='word_1_367' title='bbox 1447 1087 1532 1123; x_wconf 77' lang='grc' dir='ltr'>Θάψει</span> <span class='ocrx_word' id='word_1_368' title='bbox 1542 1088 1640 1119; x_wconf 74' lang='grc' dir='ltr'>αὐτοὺς</span> <span class='ocrx_word' id='word_1_369' title='bbox 1651 1087 1782 1121; x_wconf 84' lang='grc' dir='ltr'>Μαχμάς.</span> <span class='ocrx_word' id='word_1_370' title='bbox 1795 1094 1806 1110; x_wconf 72' lang='grc' dir='ltr'><strong>ι</strong></span> 
     </span>
    </p>
   </div>
   <div class='ocr_carea' id='block_1_51' title="bbox 1017 1133 1811 1169">
    <p class='ocr_par' dir='ltr' id='par_1_51' title="bbox 1017 1133 1811 1169">
     <span class='ocr_line' id='line_1_51' title="bbox 1017 1133 1811 1169; baseline -0.003 -9"><span class='ocrx_word' id='word_1_371' title='bbox 1017 1134 1100 1160; x_wconf 83' lang='grc' dir='ltr'>Ὅταν</span> <span class='ocrx_word' id='word_1_372' title='bbox 1118 1133 1208 1160; x_wconf 83' lang='grc' dir='ltr'>τοίνυν</span> <span class='ocrx_word' id='word_1_373' title='bbox 1225 1133 1311 1169; x_wconf 83' lang='grc' dir='ltr'>διώκῃ</span> <span class='ocrx_word' id='word_1_374' title='bbox 1325 1134 1401 1165; x_wconf 70' lang='grc' dir='ltr'>Θεὸς,</span> <span class='ocrx_word' id='word_1_375' title='bbox 1424 1134 1511 1165; x_wconf 69' lang='grc' dir='ltr'>οὐδεὶς</span> <span class='ocrx_word' id='word_1_376' title='bbox 1532 1133 1667 1160; x_wconf 85' lang='grc' dir='ltr'>ἁνασώσει</span> <span class='ocrx_word' id='word_1_377' title='bbox 1683 1133 1728 1158; x_wconf 70' lang='grc' dir='ltr'><strong>τὸν</strong></span> <span class='ocrx_word' id='word_1_378' title='bbox 1755 1141 1811 1158; x_wconf 87' lang='grc' dir='ltr'>κιν-</span> 
     </span>
    </p>
   </div>
   <div class='ocr_carea' id='block_1_52' title="bbox 1015 1178 1811 1215">
    <p class='ocr_par' dir='ltr' id='par_1_52' title="bbox 1015 1178 1811 1215">
     <span class='ocr_line' id='line_1_52' title="bbox 1015 1178 1811 1215; baseline -0.003 -10"><span class='ocrx_word' id='word_1_379' title='bbox 1015 1179 1169 1211; x_wconf 84' lang='grc' dir='ltr'>δυνεύοντα,</span> <span class='ocrx_word' id='word_1_380' title='bbox 1180 1179 1237 1206; x_wconf 86' lang='grc' dir='ltr'>ἀλλ’</span> <span class='ocrx_word' id='word_1_381' title='bbox 1254 1179 1372 1215; x_wconf 78' lang='grc' dir='ltr'><strong>ἔνθαπερ</strong></span> <span class='ocrx_word' id='word_1_382' title='bbox 1384 1179 1415 1206; x_wconf 79' lang='grc' dir='ltr'>ἂν</span> <span class='ocrx_word' id='word_1_383' title='bbox 1430 1179 1465 1205; x_wconf 76' lang='grc' dir='ltr'><strong>ῖοι</strong></span> <span class='ocrx_word' id='word_1_384' title='bbox 1477 1188 1529 1210; x_wconf 84' lang='grc' dir='ltr'>τις,</span> <span class='ocrx_word' id='word_1_385' title='bbox 1545 1180 1604 1205; x_wconf 84' lang='grc' dir='ltr'>ἐκεῖ</span> <span class='ocrx_word' id='word_1_386' title='bbox 1619 1178 1811 1213; x_wconf 76' lang='grc' dir='ltr'>περιτευξεται</span> 
     </span>
    </p>
   </div>
   <div class='ocr_carea' id='block_1_53' title="bbox 1016 1223 1812 1260">
    <p class='ocr_par' dir='ltr' id='par_1_53' title="bbox 1016 1223 1812 1260">
     <span class='ocr_line' id='line_1_53' title="bbox 1016 1223 1812 1260; baseline -0.004 -9"><span class='ocrx_word' id='word_1_387' title='bbox 1016 1224 1056 1260; x_wconf 85' lang='grc' dir='ltr'>τῷ</span> <span class='ocrx_word' id='word_1_388' title='bbox 1071 1224 1159 1260; x_wconf 83' lang='grc' dir='ltr'>θυμῷ.</span> <span class='ocrx_word' id='word_1_389' title='bbox 1177 1225 1232 1251; x_wconf 79' lang='grc' dir='ltr'><strong>Καὶ</strong></span> <span class='ocrx_word' id='word_1_390' title='bbox 1249 1225 1328 1251; x_wconf 72' lang='grc' dir='ltr'>ταυτὶ</span> <span class='ocrx_word' id='word_1_391' title='bbox 1348 1225 1396 1260; x_wconf 86' lang='grc' dir='ltr'>μὲν</span> <span class='ocrx_word' id='word_1_392' title='bbox 1412 1225 1504 1256; x_wconf 82' lang='grc' dir='ltr'>αὐτοῖς</span> <span class='ocrx_word' id='word_1_393' title='bbox 1518 1225 1546 1250; x_wconf 80' lang='grc' dir='ltr'><strong>ἐν</strong></span> <span class='ocrx_word' id='word_1_394' title='bbox 1562 1223 1692 1259; x_wconf 81' lang='grc' dir='ltr'>Αἰγύπτῳ</span> <span class='ocrx_word' id='word_1_395' title='bbox 1707 1223 1812 1258; x_wconf 79' lang='grc' dir='ltr'>συμϐή-</span> 
     </span>
    </p>
   </div>
   <div class='ocr_carea' id='block_1_54' title="bbox 1019 1269 1810 1306">
    <p class='ocr_par' dir='ltr' id='par_1_54' title="bbox 1019 1269 1810 1306">
     <span class='ocr_line' id='line_1_54' title="bbox 1019 1269 1810 1306; baseline 0 -11"><span class='ocrx_word' id='word_1_396' title='bbox 1019 1269 1112 1296; x_wconf 79' lang='grc' dir='ltr'>σεσθαι</span> <span class='ocrx_word' id='word_1_397' title='bbox 1129 1269 1213 1304; x_wconf 83' lang='grc' dir='ltr'><strong>λέγει.</strong></span> <span class='ocrx_word' id='word_1_398' title='bbox 1231 1270 1342 1306; x_wconf 82' lang='grc' dir='ltr'>Ἐπειδὴ</span> <span class='ocrx_word' id='word_1_399' title='bbox 1361 1270 1389 1296; x_wconf 85' lang='grc' dir='ltr'><strong>δέ</strong></span> <span class='ocrx_word' id='word_1_400' title='bbox 1407 1271 1454 1297; x_wconf 78' lang='grc' dir='ltr'>καὶ</span> <span class='ocrx_word' id='word_1_401' title='bbox 1478 1272 1533 1302; x_wconf 84' lang='grc' dir='ltr'>τοῖς</span> <span class='ocrx_word' id='word_1_402' title='bbox 1562 1270 1591 1302; x_wconf 75' lang='grc' dir='ltr'>ἐξ</span> <span class='ocrx_word' id='word_1_403' title='bbox 1612 1270 1675 1297; x_wconf 79' lang='grc' dir='ltr'>ἰδίου</span> <span class='ocrx_word' id='word_1_404' title='bbox 1692 1269 1810 1296; x_wconf 79' lang='grc' dir='ltr'>πλούτου</span> 
     </span>
    </p>
   </div>
   <div class='ocr_carea' id='block_1_55' title="bbox 1017 1315 1811 1352">
    <p class='ocr_par' dir='ltr' id='par_1_55' title="bbox 1017 1315 1811 1352">
     <span class='ocr_line' id='line_1_55' title="bbox 1017 1315 1811 1352; baseline 0 -11"><span class='ocrx_word' id='word_1_405' title='bbox 1017 1315 1200 1350; x_wconf 87' lang='grc' dir='ltr'>λελυπήκασι,</span> <span class='ocrx_word' id='word_1_406' title='bbox 1220 1326 1229 1342; x_wconf 79' lang='grc' dir='ltr'><strong>ι</strong></span> <span class='ocrx_word' id='word_1_407' title='bbox 1247 1316 1284 1342; x_wconf 83' lang='grc' dir='ltr'>Τὸ</span> <span class='ocrx_word' id='word_1_408' title='bbox 1295 1316 1349 1351; x_wconf 75' lang='grc' dir='ltr'><strong>γὰρ</strong></span> <span class='ocrx_word' id='word_1_409' title='bbox 1360 1315 1493 1351; x_wconf 84' lang='grc' dir='ltr'>ἀργύριον</span> <span class='ocrx_word' id='word_1_410' title='bbox 1509 1317 1610 1349; x_wconf 75' lang='grc' dir='ltr'>αὐτῶν,</span> <span class='ocrx_word' id='word_1_411' title='bbox 1633 1316 1680 1343; x_wconf 74' lang='grc' dir='ltr'>καὶ</span> <span class='ocrx_word' id='word_1_412' title='bbox 1690 1316 1721 1342; x_wconf 66' lang='grc' dir='ltr'><strong>τὸ</strong></span> <span class='ocrx_word' id='word_1_413' title='bbox 1743 1325 1811 1352; x_wconf 83' lang='grc' dir='ltr'>χρυ-</span> 
     </span>
    </p>
   </div>
   <div class='ocr_carea' id='block_1_56' title="bbox 1019 1361 1810 1397">
    <p class='ocr_par' dir='ltr' id='par_1_56' title="bbox 1019 1361 1810 1397">
     <span class='ocr_line' id='line_1_56' title="bbox 1019 1361 1810 1397; baseline 0 -10"><span class='ocrx_word' id='word_1_414' title='bbox 1019 1361 1077 1388; x_wconf 83' lang='grc' dir='ltr'>σίον</span> <span class='ocrx_word' id='word_1_415' title='bbox 1092 1361 1223 1397; x_wconf 83' lang='grc' dir='ltr'>ἐποίησαν</span> <span class='ocrx_word' id='word_1_416' title='bbox 1243 1362 1349 1394; x_wconf 76' lang='grc' dir='ltr'><strong>ἑαυτοῖς</strong></span> <span class='ocrx_word' id='word_1_417' title='bbox 1373 1362 1480 1394; x_wconf 78' lang='grc' dir='ltr'>εἴδωλα,</span> <span class='ocrx_word' id='word_1_418' title='bbox 1501 1372 1510 1388; x_wconf 85' lang='grc'><strong>›</strong></span> <span class='ocrx_word' id='word_1_419' title='bbox 1535 1365 1611 1397; x_wconf 83' lang='grc' dir='ltr'>φησὶ,</span> <span class='ocrx_word' id='word_1_420' title='bbox 1626 1362 1757 1397; x_wconf 76' lang='grc' dir='ltr'>ταύτῃτοι</span> <span class='ocrx_word' id='word_1_421' title='bbox 1769 1361 1810 1387; x_wconf 90' lang='grc' dir='ltr'>δι-</span> 
     </span>
    </p>
   </div>
   <div class='ocr_carea' id='block_1_57' title="bbox 1019 1407 1812 1444">
    <p class='ocr_par' dir='ltr' id='par_1_57' title="bbox 1019 1407 1812 1444">
     <span class='ocr_line' id='line_1_57' title="bbox 1019 1407 1812 1444; baseline 0 -11"><span class='ocrx_word' id='word_1_422' title='bbox 1019 1407 1103 1438; x_wconf 79' lang='grc' dir='ltr'>καίως</span> <span class='ocrx_word' id='word_1_423' title='bbox 1118 1407 1227 1442; x_wconf 73' lang='grc' dir='ltr'>ὃλεθρος</span> <span class='ocrx_word' id='word_1_424' title='bbox 1239 1408 1320 1434; x_wconf 81' lang='grc' dir='ltr'>αὐτὸν</span> <span class='ocrx_word' id='word_1_425' title='bbox 1331 1408 1542 1444; x_wconf 84' lang='grc' dir='ltr'><strong>κληρονομήσει,</strong></span> <span class='ocrx_word' id='word_1_426' title='bbox 1556 1409 1690 1439; x_wconf 82' lang='grc' dir='ltr'>τουτέστι,</span> <span class='ocrx_word' id='word_1_427' title='bbox 1707 1407 1812 1442; x_wconf 86' lang='grc' dir='ltr'>κλῆρος</span> 
     </span>
    </p>
   </div>
   <div class='ocr_carea' id='block_1_58' title="bbox 177 1450 1814 1489">
    <p class='ocr_par' dir='ltr' id='par_1_58' title="bbox 177 1450 1814 1489">
     <span class='ocr_line' id='line_1_58' title="bbox 177 1450 1814 1489; baseline 0.001 -10"><span class='ocrx_word' id='word_1_428' title='bbox 177 1451 253 1479; x_wconf 79' lang='grc' dir='ltr'>ἔσται</span> <span class='ocrx_word' id='word_1_429' title='bbox 279 1452 319 1487; x_wconf 83' lang='grc' dir='ltr'>τῷ</span> <span class='ocrx_word' id='word_1_430' title='bbox 343 1453 501 1488; x_wconf 82' lang='grc' dir='ltr'>ὀλοθρευτῇ.</span> <span class='ocrx_word' id='word_1_431' title='bbox 533 1453 662 1488; x_wconf 88' lang='grc' dir='ltr'>Ὄλεθρον</span> <span class='ocrx_word' id='word_1_432' title='bbox 689 1453 744 1488; x_wconf 83' lang='grc' dir='ltr'><strong>γὰρ</strong></span> <span class='ocrx_word' id='word_1_433' title='bbox 773 1452 905 1479; x_wconf 79' lang='grc' dir='ltr'><strong>ἀποκαλεῖ</strong></span> <span class='ocrx_word' id='word_1_434' title='bbox 923 1452 969 1479; x_wconf 77' lang='grc' dir='ltr'><strong>τὸν</strong></span> <span class='ocrx_word' id='word_1_435' title='bbox 987 1453 1142 1488; x_wconf 79' lang='grc' dir='ltr'>Ἀσσύριον,</span> <span class='ocrx_word' id='word_1_436' title='bbox 1174 1453 1211 1485; x_wconf 86' lang='grc' dir='ltr'>ὼς</span> <span class='ocrx_word' id='word_1_437' title='bbox 1231 1454 1333 1488; x_wconf 85' lang='grc' dir='ltr'>ἀγρίως</span> <span class='ocrx_word' id='word_1_438' title='bbox 1348 1463 1389 1486; x_wconf 85' lang='grc' dir='ltr'><strong>τε,</strong></span> <span class='ocrx_word' id='word_1_439' title='bbox 1422 1455 1468 1481; x_wconf 84' lang='grc' dir='ltr'>καὶ</span> <span class='ocrx_word' id='word_1_440' title='bbox 1483 1455 1594 1489; x_wconf 81' lang='grc' dir='ltr'>ἀπηνῶς</span> <span class='ocrx_word' id='word_1_441' title='bbox 1617 1455 1745 1481; x_wconf 78' lang='grc' dir='ltr'><strong>ἀνελόντα</strong></span> <span class='ocrx_word' id='word_1_442' title='bbox 1765 1450 1814 1481; x_wconf 75' lang='grc' dir='ltr'>καὶ</span> 
     </span>
    </p>
   </div>
   <div class='ocr_carea' id='block_1_59' title="bbox 178 1499 1809 1536">
    <p class='ocr_par' dir='ltr' id='par_1_59' title="bbox 178 1499 1809 1536">
     <span class='ocr_line' id='line_1_59' title="bbox 178 1499 1809 1536; baseline 0 -10"><span class='ocrx_word' id='word_1_443' title='bbox 178 1499 380 1535; x_wconf 81' lang='grc' dir='ltr'>μεμαχημένον.</span> <span class='ocrx_word' id='word_1_444' title='bbox 402 1500 596 1534; x_wconf 79' lang='grc' dir='ltr'>Ἀναφύσονται</span> <span class='ocrx_word' id='word_1_445' title='bbox 627 1500 655 1526; x_wconf 83' lang='grc' dir='ltr'><strong>δέ</strong></span> <span class='ocrx_word' id='word_1_446' title='bbox 669 1502 715 1527; x_wconf 78' lang='grc' dir='ltr'>καὶ</span> <span class='ocrx_word' id='word_1_447' title='bbox 732 1509 742 1526; x_wconf 76' lang='grc' dir='ltr'>ί</span> <span class='ocrx_word' id='word_1_448' title='bbox 764 1499 906 1529; x_wconf 83' lang='grc' dir='ltr'>Ἀκανθαι,</span> <span class='ocrx_word' id='word_1_449' title='bbox 939 1499 1031 1534; x_wconf 78' lang='grc' dir='ltr'>φησὶν,</span> <span class='ocrx_word' id='word_1_450' title='bbox 1047 1500 1076 1526; x_wconf 83' lang='grc' dir='ltr'><strong>ἐν</strong></span> <span class='ocrx_word' id='word_1_451' title='bbox 1105 1501 1162 1530; x_wconf 84' lang='grc' dir='ltr'>τοῖς</span> <span class='ocrx_word' id='word_1_452' title='bbox 1183 1500 1360 1535; x_wconf 85' lang='grc' dir='ltr'>σκηνώμασιν</span> <span class='ocrx_word' id='word_1_453' title='bbox 1393 1500 1492 1527; x_wconf 59' lang='grc' dir='ltr'>αὐτῶν,</span> <span class='ocrx_word' id='word_1_454' title='bbox 1511 1510 1520 1525; x_wconf 77' lang='grc' dir='ltr'><strong>ι</strong></span> <span class='ocrx_word' id='word_1_455' title='bbox 1538 1501 1671 1536; x_wconf 85' lang='grc' dir='ltr'>Ἐρημίας</span> <span class='ocrx_word' id='word_1_456' title='bbox 1689 1500 1743 1535; x_wconf 77' lang='grc' dir='ltr'><strong>γὰρ</strong></span> <span class='ocrx_word' id='word_1_457' title='bbox 1766 1501 1809 1532; x_wconf 81' lang='grc' dir='ltr'>εἰς</span> 
     </span>
    </p>
   </div>
   <div class='ocr_carea' id='block_1_60' title="bbox 176 1545 1821 1583">
    <p class='ocr_par' dir='ltr' id='par_1_60' title="bbox 176 1545 1821 1583">
     <span class='ocr_line' id='line_1_60' title="bbox 176 1545 1821 1583; baseline 0 -12"><span class='ocrx_word' id='word_1_458' title='bbox 176 1545 256 1572; x_wconf 81' lang='grc' dir='ltr'>τοῦτο</span> <span class='ocrx_word' id='word_1_459' title='bbox 268 1547 471 1581; x_wconf 76' lang='grc' dir='ltr'>κατηντήκασιν</span> <span class='ocrx_word' id='word_1_460' title='bbox 485 1547 512 1573; x_wconf 79' lang='lat' dir='ltr'><strong>ai</strong></span> <span class='ocrx_word' id='word_1_461' title='bbox 529 1546 631 1579; x_wconf 84' lang='grc' dir='ltr'>πόλεις,</span> <span class='ocrx_word' id='word_1_462' title='bbox 644 1546 680 1578; x_wconf 82' lang='grc' dir='ltr'>ὡς</span> <span class='ocrx_word' id='word_1_463' title='bbox 704 1545 830 1573; x_wconf 83' lang='grc' dir='ltr'>ἀκανθῶν</span> <span class='ocrx_word' id='word_1_464' title='bbox 857 1545 984 1579; x_wconf 76' lang='grc' dir='ltr'>γενέσθαι</span> <span class='ocrx_word' id='word_1_465' title='bbox 1006 1546 1117 1580; x_wconf 80' lang='grc' dir='ltr'>μεστάς.</span> <span class='ocrx_word' id='word_1_466' title='bbox 1133 1546 1249 1581; x_wconf 83' lang='grc' dir='ltr'>Σημεῖον</span> <span class='ocrx_word' id='word_1_467' title='bbox 1277 1546 1304 1572; x_wconf 81' lang='grc' dir='ltr'>δὲ</span> <span class='ocrx_word' id='word_1_468' title='bbox 1321 1546 1401 1572; x_wconf 81' lang='grc' dir='ltr'>τοῦτο</span> <span class='ocrx_word' id='word_1_469' title='bbox 1417 1546 1468 1581; x_wconf 75' lang='grc' dir='ltr'><strong>γῆς</strong></span> <span class='ocrx_word' id='word_1_470' title='bbox 1484 1546 1586 1573; x_wconf 80' lang='grc' dir='ltr'>ἀϐάτου</span> <span class='ocrx_word' id='word_1_471' title='bbox 1603 1546 1649 1572; x_wconf 72' lang='grc' dir='ltr'>καὶ</span> <span class='ocrx_word' id='word_1_472' title='bbox 1664 1554 1804 1581; x_wconf 77' lang='grc' dir='ltr'>κεχερσω-</span> <span class='ocrx_word' id='word_1_473' title='bbox 1818 1554 1821 1583; x_wconf 59' lang='lat'>1</span> 
     </span>
    </p>
   </div>
   <div class='ocr_carea' id='block_1_61' title="bbox 179 1592 273 1628">
    <p class='ocr_par' dir='ltr' id='par_1_61' title="bbox 179 1592 273 1628">
     <span class='ocr_line' id='line_1_61' title="bbox 179 1592 273 1628; baseline -0.032 0"><span class='ocrx_word' id='word_1_474' title='bbox 179 1592 273 1628; x_wconf 74' lang='grc' dir='ltr'>μένης·</span> 
     </span>
    </p>
   </div>
   <div class='ocr_carea' id='block_1_62' title="bbox 213 1637 1004 1673">
    <p class='ocr_par' dir='ltr' id='par_1_62' title="bbox 213 1637 1004 1673">
     <span class='ocr_line' id='line_1_62' title="bbox 213 1637 1004 1673; baseline 0.001 -10"><span class='ocrx_word' id='word_1_475' title='bbox 213 1637 326 1671; x_wconf 79' lang='lat' dir='ltr'><strong>Quando</strong></span> <span class='ocrx_word' id='word_1_476' title='bbox 335 1638 415 1672; x_wconf 81' lang='lat' dir='ltr'><strong>igitur</strong></span> <span class='ocrx_word' id='word_1_477' title='bbox 422 1637 501 1665; x_wconf 88' lang='lat' dir='ltr'><strong>bonis</strong></span> <span class='ocrx_word' id='word_1_478' title='bbox 510 1642 553 1664; x_wconf 89' lang='lat' dir='ltr'><strong>aut</strong></span> <span class='ocrx_word' id='word_1_479' title='bbox 564 1638 758 1672; x_wconf 88' lang='lat' dir='ltr'><strong>corporalibus,</strong></span> <span class='ocrx_word' id='word_1_480' title='bbox 769 1642 813 1665; x_wconf 87' lang='lat' dir='ltr'><strong>aut</strong></span> <span class='ocrx_word' id='word_1_481' title='bbox 821 1637 969 1673; x_wconf 83' lang='lat' dir='ltr'><strong>spirituali-</strong></span> <span class='ocrx_word' id='word_1_482' title='bbox 983 1639 1004 1668; x_wconf 91' lang='lat' dir='ltr'><strong>c</strong></span> 
     </span>
    </p>
   </div>
   <div class='ocr_carea' id='block_1_63' title="bbox 178 1683 967 1719">
    <p class='ocr_par' dir='ltr' id='par_1_63' title="bbox 178 1683 967 1719">
     <span class='ocr_line' id='line_1_63' title="bbox 178 1683 967 1719; baseline -0.001 -9"><span class='ocrx_word' id='word_1_483' title='bbox 178 1683 228 1712; x_wconf 86' lang='lat' dir='ltr'><strong>bus</strong></span> <span class='ocrx_word' id='word_1_484' title='bbox 236 1692 250 1710; x_wconf 94' lang='lat' dir='ltr'><strong>a</strong></span> <span class='ocrx_word' id='word_1_485' title='bbox 263 1684 319 1710; x_wconf 83' lang='lat' dir='ltr'><strong>Deo</strong></span> <span class='ocrx_word' id='word_1_486' title='bbox 326 1684 501 1718; x_wconf 85' lang='lat' dir='ltr'><strong>suppeditatis</strong></span> <span class='ocrx_word' id='word_1_487' title='bbox 511 1684 643 1719; x_wconf 84' lang='lat' dir='ltr'><strong>quispiam</strong></span> <span class='ocrx_word' id='word_1_488' title='bbox 655 1692 703 1711; x_wconf 88' lang='lat' dir='ltr'><strong>nee</strong></span> <span class='ocrx_word' id='word_1_489' title='bbox 714 1689 853 1715; x_wconf 84' lang='lat' dir='ltr'><strong>recte,nec</strong></span> <span class='ocrx_word' id='word_1_490' title='bbox 862 1684 895 1710; x_wconf 84' lang='lat' dir='ltr'><strong>ad</strong></span> <span class='ocrx_word' id='word_1_491' title='bbox 908 1683 967 1717; x_wconf 85' lang='lat' dir='ltr'><strong>ejus</strong></span> 
     </span>
    </p>
   </div>
   <div class='ocr_carea' id='block_1_64' title="bbox 179 1728 966 1763">
    <p class='ocr_par' dir='ltr' id='par_1_64' title="bbox 179 1728 966 1763">
     <span class='ocr_line' id='line_1_64' title="bbox 179 1728 966 1763; baseline -0.001 -9"><span class='ocrx_word' id='word_1_492' title='bbox 179 1728 292 1763; x_wconf 77' lang='lat' dir='ltr'><strong>gloriam</strong></span> <span class='ocrx_word' id='word_1_493' title='bbox 304 1728 398 1761; x_wconf 85' lang='lat' dir='ltr'><strong>utitur,</strong></span> <span class='ocrx_word' id='word_1_494' title='bbox 417 1728 481 1755; x_wconf 82' lang='lat' dir='ltr'><strong>facit</strong></span> <span class='ocrx_word' id='word_1_495' title='bbox 501 1735 588 1755; x_wconf 88' lang='lat' dir='ltr'><strong>autem</strong></span> <span class='ocrx_word' id='word_1_496' title='bbox 604 1729 672 1755; x_wconf 91' lang='lat' dir='ltr'><strong>citra</strong></span> <span class='ocrx_word' id='word_1_497' title='bbox 695 1728 774 1755; x_wconf 86' lang='lat' dir='ltr'><strong>ullam</strong></span> <span class='ocrx_word' id='word_1_498' title='bbox 798 1728 966 1761; x_wconf 80' lang='lat' dir='ltr'><strong>religionem,</strong></span> 
     </span>
    </p>
   </div>
   <div class='ocr_carea' id='block_1_65' title="bbox 180 1771 969 1806">
    <p class='ocr_par' dir='ltr' id='par_1_65' title="bbox 180 1771 969 1806">
     <span class='ocr_line' id='line_1_65' title="bbox 180 1771 969 1806; baseline 0 -8"><span class='ocrx_word' id='word_1_499' title='bbox 180 1772 279 1806; x_wconf 88' lang='lat' dir='ltr'><strong>quibus</strong></span> <span class='ocrx_word' id='word_1_500' title='bbox 296 1780 356 1799; x_wconf 87' lang='lat' dir='ltr'><strong>euttt</strong></span> <span class='ocrx_word' id='word_1_501' title='bbox 369 1772 506 1800; x_wconf 82' lang='lat' dir='ltr'><strong>oiiendere</strong></span> <span class='ocrx_word' id='word_1_502' title='bbox 519 1777 544 1798; x_wconf 89' lang='lat' dir='ltr'><strong>et</strong></span> <span class='ocrx_word' id='word_1_503' title='bbox 565 1772 671 1799; x_wconf 86' lang='lat' dir='ltr'><strong>irritare</strong></span> <span class='ocrx_word' id='word_1_504' title='bbox 683 1773 868 1804; x_wconf 77' lang='lat' dir='ltr'><strong>convincatur,</strong></span> <span class='ocrx_word' id='word_1_505' title='bbox 884 1771 969 1799; x_wconf 87' lang='lat' dir='ltr'><strong>abibit</strong></span> 
     </span>
    </p>
   </div>
   <div class='ocr_carea' id='block_1_66' title="bbox 180 1818 967 1853">
    <p class='ocr_par' dir='ltr' id='par_1_66' title="bbox 180 1818 967 1853">
     <span class='ocr_line' id='line_1_66' title="bbox 180 1818 967 1853; baseline 0.001 -9"><span class='ocrx_word' id='word_1_506' title='bbox 180 1818 207 1845; x_wconf 93' lang='lat' dir='ltr'><strong>in</strong></span> <span class='ocrx_word' id='word_1_507' title='bbox 221 1818 343 1851; x_wconf 82' lang='lat' dir='ltr'><strong>exitium,</strong></span> <span class='ocrx_word' id='word_1_508' title='bbox 358 1818 462 1852; x_wconf 88' lang='lat' dir='ltr'><strong>eritque</strong></span> <span class='ocrx_word' id='word_1_509' title='bbox 477 1819 610 1852; x_wconf 90' lang='lat' dir='ltr'><strong>peculium</strong></span> <span class='ocrx_word' id='word_1_510' title='bbox 622 1819 774 1853; x_wconf 86' lang='lat' dir='ltr'><strong>diripientis</strong></span> <span class='ocrx_word' id='word_1_511' title='bbox 799 1818 916 1850; x_wconf 64' lang='lat' dir='ltr'><strong>Satanas,</strong></span> <span class='ocrx_word' id='word_1_512' title='bbox 941 1823 967 1845; x_wconf 84' lang='lat' dir='ltr'><strong>et</strong></span> 
     </span>
    </p>
   </div>
   <div class='ocr_carea' id='block_1_67' title="bbox 179 1863 966 1897">
    <p class='ocr_par' dir='ltr' id='par_1_67' title="bbox 179 1863 966 1897">
     <span class='ocr_line' id='line_1_67' title="bbox 179 1863 966 1897; baseline 0.001 -8"><span class='ocrx_word' id='word_1_513' title='bbox 179 1863 319 1897; x_wconf 86' lang='lat' dir='ltr'><strong>spinarum</strong></span> <span class='ocrx_word' id='word_1_514' title='bbox 342 1863 521 1896; x_wconf 84' lang='lat' dir='ltr'><strong>domicilium,</strong></span> <span class='ocrx_word' id='word_1_515' title='bbox 542 1864 699 1891; x_wconf 82' lang='lat' dir='ltr'><strong>immanium</strong></span> <span class='ocrx_word' id='word_1_516' title='bbox 725 1863 828 1891; x_wconf 89' lang='lat' dir='ltr'><strong>scilicet</strong></span> <span class='ocrx_word' id='word_1_517' title='bbox 856 1869 883 1890; x_wconf 88' lang='lat' dir='ltr'><strong>et</strong></span> <span class='ocrx_word' id='word_1_518' title='bbox 905 1871 966 1890; x_wconf 88' lang='lat' dir='ltr'><strong>cum</strong></span> 
     </span>
    </p>
   </div>
   <div class='ocr_carea' id='block_1_68' title="bbox 182 1908 968 1944">
    <p class='ocr_par' dir='ltr' id='par_1_68' title="bbox 182 1908 968 1944">
     <span class='ocr_line' id='line_1_68' title="bbox 182 1908 968 1944; baseline -0.001 -9"><span class='ocrx_word' id='word_1_519' title='bbox 182 1909 286 1936; x_wconf 88' lang='lat' dir='ltr'><strong>ratione</strong></span> <span class='ocrx_word' id='word_1_520' title='bbox 310 1909 487 1944; x_wconf 78' lang='lat' dir='ltr'><strong>pugnantium</strong></span> <span class='ocrx_word' id='word_1_521' title='bbox 509 1910 696 1944; x_wconf 83' lang='lat' dir='ltr'><strong>cupiditatum.</strong></span> <span class='ocrx_word' id='word_1_522' title='bbox 721 1913 748 1936; x_wconf 89' lang='lat' dir='ltr'><strong>et</strong></span> <span class='ocrx_word' id='word_1_523' title='bbox 769 1908 872 1935; x_wconf 83' lang='lat' dir='ltr'><strong>fruetus</strong></span> <span class='ocrx_word' id='word_1_524' title='bbox 890 1908 968 1935; x_wconf 80' lang='lat' dir='ltr'><strong>mites</strong></span> 
     </span>
    </p>
   </div>
   <div class='ocr_carea' id='block_1_69' title="bbox 183 1952 967 1987">
    <p class='ocr_par' dir='ltr' id='par_1_69' title="bbox 183 1952 967 1987">
     <span class='ocr_line' id='line_1_69' title="bbox 183 1952 967 1987; baseline -0.001 -7"><span class='ocrx_word' id='word_1_525' title='bbox 183 1953 210 1980; x_wconf 83' lang='lat' dir='ltr'><strong>iu</strong></span> <span class='ocrx_word' id='word_1_526' title='bbox 226 1953 317 1980; x_wconf 85' lang='lat' dir='ltr'><strong>animo</strong></span> <span class='ocrx_word' id='word_1_527' title='bbox 329 1961 377 1980; x_wconf 89' lang='lat' dir='ltr'><strong>suo</strong></span> <span class='ocrx_word' id='word_1_528' title='bbox 390 1961 441 1980; x_wconf 89' lang='lat' dir='ltr'><strong>uou</strong></span> <span class='ocrx_word' id='word_1_529' title='bbox 459 1953 576 1980; x_wconf 89' lang='lat' dir='ltr'><strong>habebit.</strong></span> <span class='ocrx_word' id='word_1_530' title='bbox 594 1953 733 1987; x_wconf 76' lang='lat' dir='ltr'><strong>Coutingit</strong></span> <span class='ocrx_word' id='word_1_531' title='bbox 745 1953 804 1985; x_wconf 84' lang='lat' dir='ltr'><strong>hoc,</strong></span> <span class='ocrx_word' id='word_1_532' title='bbox 820 1957 847 1980; x_wconf 89' lang='lat' dir='ltr'><strong>et</strong></span> <span class='ocrx_word' id='word_1_533' title='bbox 859 1952 967 1986; x_wconf 85' lang='lat' dir='ltr'><strong>quidem</strong></span> 
     </span>
    </p>
   </div>
   <div class='ocr_carea' id='block_1_70' title="bbox 180 1997 968 2033">
    <p class='ocr_par' dir='ltr' id='par_1_70' title="bbox 180 1997 968 2033">
     <span class='ocr_line' id='line_1_70' title="bbox 180 1997 968 2033; baseline -0.003 -7"><span class='ocrx_word' id='word_1_534' title='bbox 180 1997 314 2026; x_wconf 69' lang='lat' dir='ltr'><strong>haereticis</strong></span> <span class='ocrx_word' id='word_1_535' title='bbox 329 2003 392 2026; x_wconf 86' lang='lat' dir='ltr'><strong>ante</strong></span> <span class='ocrx_word' id='word_1_536' title='bbox 405 2006 510 2031; x_wconf 88' lang='lat' dir='ltr'><strong>omnes,</strong></span> <span class='ocrx_word' id='word_1_537' title='bbox 525 1999 744 2033; x_wconf 67' lang='lat' dir='ltr'><strong>quisermouem</strong></span> <span class='ocrx_word' id='word_1_538' title='bbox 764 1998 844 2032; x_wconf 85' lang='lat' dir='ltr'><strong>impie</strong></span> <span class='ocrx_word' id='word_1_539' title='bbox 865 1999 891 2025; x_wconf 84' lang='lat' dir='ltr'><strong>iit</strong></span> <span class='ocrx_word' id='word_1_540' title='bbox 912 1998 968 2024; x_wconf 79' lang='lat' dir='ltr'><strong>fra-</strong></span> 
     </span>
    </p>
   </div>
   <div class='ocr_carea' id='block_1_71' title="bbox 182 2043 969 2079">
    <p class='ocr_par' dir='ltr' id='par_1_71' title="bbox 182 2043 969 2079">
     <span class='ocr_line' id='line_1_71' title="bbox 182 2043 969 2079; baseline -0.001 -8"><span class='ocrx_word' id='word_1_541' title='bbox 182 2045 268 2071; x_wconf 87' lang='lat' dir='ltr'><strong>tribus</strong></span> <span class='ocrx_word' id='word_1_542' title='bbox 289 2044 503 2078; x_wconf 81' lang='lat' dir='ltr'><strong>corrumpendis,</strong></span> <span class='ocrx_word' id='word_1_543' title='bbox 525 2045 601 2079; x_wconf 81' lang='lat'><strong>131</strong></span> <span class='ocrx_word' id='word_1_544' title='bbox 622 2049 649 2071; x_wconf 87' lang='lat' dir='ltr'><strong>et</strong></span> <span class='ocrx_word' id='word_1_545' title='bbox 664 2043 770 2070; x_wconf 81' lang='lat' dir='ltr'><strong>inﬁrma</strong></span> <span class='ocrx_word' id='word_1_546' title='bbox 789 2051 882 2070; x_wconf 82' lang='lat' dir='ltr'><strong>eorum</strong></span> <span class='ocrx_word' id='word_1_547' title='bbox 903 2051 969 2071; x_wconf 87' lang='lat' dir='ltr'><strong>con-</strong></span> 
     </span>
    </p>
   </div>
   <div class='ocr_carea' id='block_1_72' title="bbox 182 2090 970 2124">
    <p class='ocr_par' dir='ltr' id='par_1_72' title="bbox 182 2090 970 2124">
     <span class='ocr_line' id='line_1_72' title="bbox 182 2090 970 2124; baseline -0.003 -6"><span class='ocrx_word' id='word_1_548' title='bbox 182 2090 296 2118; x_wconf 82' lang='lat' dir='ltr'><strong>seieutia</strong></span> <span class='ocrx_word' id='word_1_549' title='bbox 312 2090 483 2124; x_wconf 75' lang='lat' dir='ltr'><strong>percutienda</strong></span> <span class='ocrx_word' id='word_1_550' title='bbox 503 2094 676 2122; x_wconf 87' lang='lat' dir='ltr'><strong>consumunt,</strong></span> <span class='ocrx_word' id='word_1_551' title='bbox 702 2090 825 2124; x_wconf 85' lang='lat' dir='ltr'><strong>quamvis</strong></span> <span class='ocrx_word' id='word_1_552' title='bbox 846 2090 970 2117; x_wconf 84' lang='lat' dir='ltr'><strong>Christus</strong></span> 
     </span>
    </p>
   </div>
   <div class='ocr_carea' id='block_1_73' title="bbox 182 2135 515 2170">
    <p class='ocr_par' dir='ltr' id='par_1_73' title="bbox 182 2135 515 2170">
     <span class='ocr_line' id='line_1_73' title="bbox 182 2135 515 2170; baseline 0.003 -8"><span class='ocrx_word' id='word_1_553' title='bbox 182 2143 232 2170; x_wconf 91' lang='lat' dir='ltr'><strong>pro</strong></span> <span class='ocrx_word' id='word_1_554' title='bbox 246 2135 323 2162; x_wconf 86' lang='lat' dir='ltr'><strong>nobis</strong></span> <span class='ocrx_word' id='word_1_555' title='bbox 335 2141 456 2163; x_wconf 86' lang='lat' dir='ltr'><strong>mortuus</strong></span> <span class='ocrx_word' id='word_1_556' title='bbox 470 2136 515 2163; x_wconf 82' lang='lat' dir='ltr'><strong>sit.</strong></span> 
     </span>
    </p>
   </div>
   <div class='ocr_carea' id='block_1_74' title="bbox 217 2180 970 2212">
    <p class='ocr_par' dir='ltr' id='par_1_74' title="bbox 217 2180 970 2212">
     <span class='ocr_line' id='line_1_74' title="bbox 217 2180 970 2212; baseline 0 -4"><span class='ocrx_word' id='word_1_557' title='bbox 217 2180 300 2208; x_wconf 65' lang='lat' dir='ltr'><strong>Vens.</strong></span> <span class='ocrx_word' id='word_1_558' title='bbox 313 2181 338 2207; x_wconf 89' lang='lat'><strong>7.</strong></span> <span class='ocrx_word' id='word_1_559' title='bbox 362 2181 492 2209; x_wconf 78' lang='lat' dir='ltr'><strong>Venerunt</strong></span> <span class='ocrx_word' id='word_1_560' title='bbox 508 2182 562 2209; x_wconf 77' lang='lat' dir='ltr'><strong>diu</strong></span> <span class='ocrx_word' id='word_1_561' title='bbox 576 2181 697 2212; x_wconf 78' lang='lat' dir='ltr'><strong>ultionis.</strong></span> <span class='ocrx_word' id='word_1_562' title='bbox 713 2186 835 2208; x_wconf 82' lang='lat' dir='ltr'><strong>venerunt</strong></span> <span class='ocrx_word' id='word_1_563' title='bbox 849 2181 904 2208; x_wconf 77' lang='lat' dir='ltr'><strong>dies</strong></span> <span class='ocrx_word' id='word_1_564' title='bbox 920 2181 970 2208; x_wconf 73' lang='lat' dir='ltr'><strong>tri-</strong></span> 
     </span>
    </p>
   </div>
   <div class='ocr_carea' id='block_1_75' title="bbox 183 2227 970 2263">
    <p class='ocr_par' dir='ltr' id='par_1_75' title="bbox 183 2227 970 2263">
     <span class='ocr_line' id='line_1_75' title="bbox 183 2227 970 2263; baseline 0 -9"><span class='ocrx_word' id='word_1_565' title='bbox 183 2228 324 2255; x_wconf 76' lang='lat' dir='ltr'><strong>bulationis</strong></span> <span class='ocrx_word' id='word_1_566' title='bbox 339 2233 401 2260; x_wconf 67' lang='lat' dir='ltr'><strong>tuae,</strong></span> <span class='ocrx_word' id='word_1_567' title='bbox 416 2233 440 2255; x_wconf 73' lang='lat' dir='ltr'><strong>et</strong></span> <span class='ocrx_word' id='word_1_568' title='bbox 453 2229 581 2263; x_wconf 77' lang='lat' dir='ltr'><strong>aﬂligelur</strong></span> <span class='ocrx_word' id='word_1_569' title='bbox 593 2227 677 2254; x_wconf 79' lang='lat' dir='ltr'><strong>Israel</strong></span> <span class='ocrx_word' id='word_1_570' title='bbox 690 2227 892 2262; x_wconf 74' lang='lat' dir='ltr'><strong>sicutpropltela</strong></span> <span class='ocrx_word' id='word_1_571' title='bbox 904 2229 970 2255; x_wconf 76' lang='lat' dir='ltr'><strong>iusa-</strong></span> 
     </span>
    </p>
   </div>
   <div class='ocr_carea' id='block_1_76' title="bbox 183 2272 645 2308">
    <p class='ocr_par' dir='ltr' id='par_1_76' title="bbox 183 2272 645 2308">
     <span class='ocr_line' id='line_1_76' title="bbox 183 2272 645 2308; baseline 0 -10"><span class='ocrx_word' id='word_1_572' title='bbox 183 2273 265 2305; x_wconf 70' lang='lat' dir='ltr'><strong>niena,</strong></span> <span class='ocrx_word' id='word_1_573' title='bbox 278 2272 354 2299; x_wconf 81' lang='lat' dir='ltr'><strong>homo</strong></span> <span class='ocrx_word' id='word_1_574' title='bbox 367 2273 412 2308; x_wconf 80' lang='lat' dir='ltr'><strong>qui</strong></span> <span class='ocrx_word' id='word_1_575' title='bbox 423 2273 499 2300; x_wconf 84' lang='lat' dir='ltr'><strong>habet</strong></span> <span class='ocrx_word' id='word_1_576' title='bbox 513 2273 645 2306; x_wconf 76' lang='lat' dir='ltr'><strong>spiritum.</strong></span> 
     </span>
    </p>
   </div>
   <div class='ocr_carea' id='block_1_77' title="bbox 219 2359 970 2395">
    <p class='ocr_par' dir='ltr' id='par_1_77' title="bbox 219 2359 970 2395">
     <span class='ocr_line' id='line_1_77' title="bbox 219 2359 970 2395; baseline 0 -7"><span class='ocrx_word' id='word_1_577' title='bbox 219 2360 311 2389; x_wconf 75' lang='lat' dir='ltr'><strong>XCIX.</strong></span> <span class='ocrx_word' id='word_1_578' title='bbox 328 2361 456 2389; x_wconf 87' lang='lat' dir='ltr'><strong>Solebant</strong></span> <span class='ocrx_word' id='word_1_579' title='bbox 466 2359 595 2388; x_wconf 67' lang='lat' dir='ltr'><strong>Israelita:</strong></span> <span class='ocrx_word' id='word_1_580' title='bbox 610 2364 764 2388; x_wconf 83' lang='lat' dir='ltr'><strong>sanctorum</strong></span> <span class='ocrx_word' id='word_1_581' title='bbox 777 2361 970 2395; x_wconf 86' lang='lat' dir='ltr'><strong>prophetarum</strong></span> 
     </span>
    </p>
   </div>
   <div class='ocr_carea' id='block_1_78' title="bbox 184 2406 970 2441">
    <p class='ocr_par' dir='ltr' id='par_1_78' title="bbox 184 2406 970 2441">
     <span class='ocr_line' id='line_1_78' title="bbox 184 2406 970 2441; baseline 0 -7"><span class='ocrx_word' id='word_1_582' title='bbox 184 2415 322 2434; x_wconf 85' lang='lat' dir='ltr'><strong>sermones</strong></span> <span class='ocrx_word' id='word_1_583' title='bbox 344 2407 496 2441; x_wconf 83' lang='lat' dir='ltr'><strong>repudiare,</strong></span> <span class='ocrx_word' id='word_1_584' title='bbox 514 2413 627 2440; x_wconf 61' lang='lat' dir='ltr'><strong>quaeque</strong></span> <span class='ocrx_word' id='word_1_585' title='bbox 649 2414 665 2433; x_wconf 86' lang='lat' dir='ltr'><strong>a</strong></span> <span class='ocrx_word' id='word_1_586' title='bbox 683 2406 738 2433; x_wconf 90' lang='lat' dir='ltr'><strong>Deo</strong></span> <span class='ocrx_word' id='word_1_587' title='bbox 762 2408 970 2439; x_wconf 83' lang='lat' dir='ltr'><strong>mandabantur,</strong></span> 
     </span>
    </p>
   </div>
   <div class='ocr_carea' id='block_1_79' title="bbox 184 2452 972 2487">
    <p class='ocr_par' dir='ltr' id='par_1_79' title="bbox 184 2452 972 2487">
     <span class='ocr_line' id='line_1_79' title="bbox 184 2452 972 2487; baseline 0 -7"><span class='ocrx_word' id='word_1_588' title='bbox 184 2460 233 2487; x_wconf 84' lang='lat' dir='ltr'><strong>pro</strong></span> <span class='ocrx_word' id='word_1_589' title='bbox 246 2453 331 2480; x_wconf 88' lang='lat' dir='ltr'><strong>nihilo</strong></span> <span class='ocrx_word' id='word_1_590' title='bbox 345 2458 451 2487; x_wconf 86' lang='lat' dir='ltr'><strong>putare,</strong></span> <span class='ocrx_word' id='word_1_591' title='bbox 471 2459 625 2486; x_wconf 86' lang='lat' dir='ltr'><strong>quanquam</strong></span> <span class='ocrx_word' id='word_1_592' title='bbox 641 2452 722 2479; x_wconf 85' lang='lat' dir='ltr'><strong>toties</strong></span> <span class='ocrx_word' id='word_1_593' title='bbox 736 2452 788 2479; x_wconf 83' lang='lat' dir='ltr'><strong>illis</strong></span> <span class='ocrx_word' id='word_1_594' title='bbox 807 2453 875 2479; x_wconf 90' lang='lat' dir='ltr'><strong>mala</strong></span> <span class='ocrx_word' id='word_1_595' title='bbox 891 2460 972 2480; x_wconf 87' lang='lat' dir='ltr'><strong>even-</strong></span> 
     </span>
    </p>
   </div>
   <div class='ocr_carea' id='block_1_80' title="bbox 185 2497 973 2534">
    <p class='ocr_par' dir='ltr' id='par_1_80' title="bbox 185 2497 973 2534">
     <span class='ocr_line' id='line_1_80' title="bbox 185 2497 973 2534; baseline 0 -8"><span class='ocrx_word' id='word_1_596' title='bbox 185 2504 245 2526; x_wconf 84' lang='lat' dir='ltr'><strong>tura</strong></span> <span class='ocrx_word' id='word_1_597' title='bbox 259 2499 440 2534; x_wconf 73' lang='lat' dir='ltr'><strong>prtedixisset.</strong></span> <span class='ocrx_word' id='word_1_598' title='bbox 455 2497 547 2532; x_wconf 84' lang='lat' dir='ltr'><strong>itaque</strong></span> <span class='ocrx_word' id='word_1_599' title='bbox 563 2497 660 2524; x_wconf 90' lang='lat' dir='ltr'><strong>alicubi</strong></span> <span class='ocrx_word' id='word_1_600' title='bbox 675 2497 832 2532; x_wconf 88' lang='lat' dir='ltr'><strong>prophetam</strong></span> <span class='ocrx_word' id='word_1_601' title='bbox 843 2499 973 2526; x_wconf 74' lang='lat' dir='ltr'><strong>Ezechie-</strong></span> 
     </span>
    </p>
   </div>
   <div class='ocr_carea' id='block_1_81' title="bbox 186 2542 973 2578">
    <p class='ocr_par' dir='ltr' id='par_1_81' title="bbox 186 2542 973 2578">
     <span class='ocr_line' id='line_1_81' title="bbox 186 2542 973 2578; baseline 0 -7"><span class='ocrx_word' id='word_1_602' title='bbox 186 2545 239 2573; x_wconf 84' lang='lat' dir='ltr'><strong>lem</strong></span> <span class='ocrx_word' id='word_1_603' title='bbox 260 2544 301 2572; x_wconf 88' lang='lat' dir='ltr'><strong>sic</strong></span> <span class='ocrx_word' id='word_1_604' title='bbox 319 2543 461 2578; x_wconf 81' lang='lat' dir='ltr'><strong>compellat</strong></span> <span class='ocrx_word' id='word_1_605' title='bbox 489 2551 495 2569; x_wconf 88' lang='lat'><strong>:</strong></span> <span class='ocrx_word' id='word_1_606' title='bbox 518 2552 527 2568; x_wconf 81' lang='grc' dir='ltr'><strong>ι</strong></span> <span class='ocrx_word' id='word_1_607' title='bbox 553 2542 602 2570; x_wconf 84' lang='lat' dir='ltr'><strong>Fili</strong></span> <span class='ocrx_word' id='word_1_608' title='bbox 635 2542 763 2574; x_wconf 89' lang='lat' dir='ltr'><strong>hominis,</strong></span> <span class='ocrx_word' id='word_1_609' title='bbox 793 2551 856 2570; x_wconf 81' lang='lat' dir='ltr'><strong>ecce</strong></span> <span class='ocrx_word' id='word_1_610' title='bbox 877 2545 973 2571; x_wconf 85' lang='lat' dir='ltr'><strong>domus</strong></span> 
     </span>
    </p>
   </div>
   <div class='ocr_carea' id='block_1_82' title="bbox 137 2588 972 2624">
    <p class='ocr_par' dir='ltr' id='par_1_82' title="bbox 137 2588 972 2624">
     <span class='ocr_line' id='line_1_82' title="bbox 137 2588 972 2624; baseline -0.001 -7"><span class='ocrx_word' id='word_1_611' title='bbox 137 2607 140 2611; x_wconf 67' lang='grc' dir='ltr'><strong><em>η</em></strong></span> <span class='ocrx_word' id='word_1_612' title='bbox 185 2589 266 2618; x_wconf 84' lang='lat' dir='ltr'><strong>Israel</strong></span> <span class='ocrx_word' id='word_1_613' title='bbox 278 2596 457 2622; x_wconf 85' lang='lat' dir='ltr'><strong>exasperans;</strong></span> <span class='ocrx_word' id='word_1_614' title='bbox 473 2588 594 2615; x_wconf 83' lang='lat' dir='ltr'><strong>dicentes</strong></span> <span class='ocrx_word' id='word_1_615' title='bbox 607 2589 719 2616; x_wconf 86' lang='lat' dir='ltr'><strong>dicunt:</strong></span> <span class='ocrx_word' id='word_1_616' title='bbox 737 2589 810 2616; x_wconf 88' lang='lat' dir='ltr'><strong>Visio</strong></span> <span class='ocrx_word' id='word_1_617' title='bbox 827 2596 907 2624; x_wconf 87' lang='lat' dir='ltr'><strong>quam</strong></span> <span class='ocrx_word' id='word_1_618' title='bbox 922 2589 972 2617; x_wconf 86' lang='lat' dir='ltr'><strong>iste</strong></span> 
     </span>
    </p>
   </div>
   <div class='ocr_carea' id='block_1_83' title="bbox 187 2632 972 2669">
    <p class='ocr_par' dir='ltr' id='par_1_83' title="bbox 187 2632 972 2669">
     <span class='ocr_line' id='line_1_83' title="bbox 187 2632 972 2669; baseline 0 -9"><span class='ocrx_word' id='word_1_619' title='bbox 187 2635 270 2667; x_wconf 85' lang='lat' dir='ltr'><strong>videt,</strong></span> <span class='ocrx_word' id='word_1_620' title='bbox 287 2634 314 2661; x_wconf 94' lang='lat' dir='ltr'><strong>in</strong></span> <span class='ocrx_word' id='word_1_621' title='bbox 332 2633 389 2660; x_wconf 84' lang='lat' dir='ltr'><strong>dies</strong></span> <span class='ocrx_word' id='word_1_622' title='bbox 405 2632 513 2666; x_wconf 84' lang='lat' dir='ltr'><strong>multos,</strong></span> <span class='ocrx_word' id='word_1_623' title='bbox 529 2638 555 2661; x_wconf 89' lang='lat' dir='ltr'><strong>et.</strong></span> <span class='ocrx_word' id='word_1_624' title='bbox 572 2633 598 2660; x_wconf 93' lang='lat' dir='ltr'><strong>in</strong></span> <span class='ocrx_word' id='word_1_625' title='bbox 614 2638 734 2668; x_wconf 79' lang='lat' dir='ltr'><strong>tempora</strong></span> <span class='ocrx_word' id='word_1_626' title='bbox 753 2633 831 2668; x_wconf 76' lang='lat' dir='ltr'><strong>longa</strong></span> <span class='ocrx_word' id='word_1_627' title='bbox 845 2635 895 2662; x_wconf 82' lang='lat' dir='ltr'><strong>iste</strong></span> <span class='ocrx_word' id='word_1_628' title='bbox 909 2642 972 2669; x_wconf 89' lang='lat' dir='ltr'><strong>pro-</strong></span> 
     </span>
    </p>
   </div>
   <div class='ocr_carea' id='block_1_84' title="bbox 186 2679 972 2716">
    <p class='ocr_par' dir='ltr' id='par_1_84' title="bbox 186 2679 972 2716">
     <span class='ocr_line' id='line_1_84' title="bbox 186 2679 972 2716; baseline -0.003 -8"><span class='ocrx_word' id='word_1_629' title='bbox 186 2682 288 2716; x_wconf 84' lang='lat' dir='ltr'><strong>phetat.</strong></span> <span class='ocrx_word' id='word_1_630' title='bbox 300 2680 445 2714; x_wconf 86' lang='lat' dir='ltr'><strong>Propterea</strong></span> <span class='ocrx_word' id='word_1_631' title='bbox 456 2680 500 2707; x_wconf 88' lang='lat' dir='ltr'><strong>die</strong></span> <span class='ocrx_word' id='word_1_632' title='bbox 514 2681 547 2707; x_wconf 86' lang='lat' dir='ltr'><strong>ad</strong></span> <span class='ocrx_word' id='word_1_633' title='bbox 563 2687 609 2707; x_wconf 82' lang='lat' dir='ltr'><strong>eos</strong></span> <span class='ocrx_word' id='word_1_634' title='bbox 626 2689 632 2707; x_wconf 88' lang='lat'><strong>:</strong></span> <span class='ocrx_word' id='word_1_635' title='bbox 650 2679 711 2707; x_wconf 61' lang='lat' dir='ltr'><strong>Haec</strong></span> <span class='ocrx_word' id='word_1_636' title='bbox 725 2680 789 2707; x_wconf 90' lang='lat' dir='ltr'><strong>dicit</strong></span> <span class='ocrx_word' id='word_1_637' title='bbox 800 2680 902 2708; x_wconf 79' lang='lat' dir='ltr'><strong>Adouai</strong></span> <span class='ocrx_word' id='word_1_638' title='bbox 923 2680 972 2706; x_wconf 93' lang='lat' dir='ltr'><strong>Do-</strong></span> 
     </span>
    </p>
   </div>
   <div class='ocr_carea' id='block_1_85' title="bbox 187 2724 971 2760">
    <p class='ocr_par' dir='ltr' id='par_1_85' title="bbox 187 2724 971 2760">
     <span class='ocr_line' id='line_1_85' title="bbox 187 2724 971 2760; baseline 0.001 -8"><span class='ocrx_word' id='word_1_639' title='bbox 187 2726 277 2760; x_wconf 81' lang='lat' dir='ltr'><strong>minus</strong></span> <span class='ocrx_word' id='word_1_640' title='bbox 293 2733 300 2751; x_wconf 91' lang='lat'>:</span> <span class='ocrx_word' id='word_1_641' title='bbox 314 2724 371 2751; x_wconf 82' lang='lat' dir='ltr'><strong>Non</strong></span> <span class='ocrx_word' id='word_1_642' title='bbox 381 2724 608 2760; x_wconf 75' lang='lat' dir='ltr'><strong>prolougabuntur</strong></span> <span class='ocrx_word' id='word_1_643' title='bbox 619 2724 688 2751; x_wconf 88' lang='lat' dir='ltr'><strong>ultra</strong></span> <span class='ocrx_word' id='word_1_644' title='bbox 701 2725 792 2752; x_wconf 88' lang='lat' dir='ltr'><strong>omnia</strong></span> <span class='ocrx_word' id='word_1_645' title='bbox 805 2725 885 2752; x_wconf 87' lang='lat' dir='ltr'><strong>verba</strong></span> <span class='ocrx_word' id='word_1_646' title='bbox 901 2732 971 2758; x_wconf 82' lang='lat' dir='ltr'><strong>mea,</strong></span> 
     </span>
    </p>
   </div>
   <div class='ocr_carea' id='block_1_86' title="bbox 187 2768 972 2806">
    <p class='ocr_par' dir='ltr' id='par_1_86' title="bbox 187 2768 972 2806">
     <span class='ocr_line' id='line_1_86' title="bbox 187 2768 972 2806; baseline 0.001 -9"><span class='ocrx_word' id='word_1_647' title='bbox 187 2777 355 2806; x_wconf 64' lang='lat' dir='ltr'><strong>quwcuuque</strong></span> <span class='ocrx_word' id='word_1_648' title='bbox 372 2770 475 2798; x_wconf 85' lang='lat' dir='ltr'><strong>locutus</strong></span> <span class='ocrx_word' id='word_1_649' title='bbox 494 2770 580 2798; x_wconf 79' lang='lat' dir='ltr'><strong>fuero.</strong></span> <span class='ocrx_word' id='word_1_650' title='bbox 597 2769 665 2802; x_wconf 77' lang='lat' dir='ltr'><strong>Quia</strong></span> <span class='ocrx_word' id='word_1_651' title='bbox 690 2768 784 2804; x_wconf 89' lang='lat' dir='ltr'><strong>loquar</strong></span> <span class='ocrx_word' id='word_1_652' title='bbox 806 2769 928 2801; x_wconf 82' lang='lat' dir='ltr'><strong>verbum,</strong></span> <span class='ocrx_word' id='word_1_653' title='bbox 945 2775 972 2798; x_wconf 87' lang='lat' dir='ltr'><strong>et</strong></span> 
     </span>
    </p>
   </div>
   <div class='ocr_carea' id='block_1_87' title="bbox 221 2852 813 2894">
    <p class='ocr_par' dir='ltr' id='par_1_87' title="bbox 221 2852 813 2894">
     <span class='ocr_line' id='line_1_87' title="bbox 221 2852 813 2894; baseline -0.003 -6"><span class='ocrx_word' id='word_1_654' title='bbox 221 2852 241 2867; x_wconf 73' lang='grc'>⁸¹</span> <span class='ocrx_word' id='word_1_655' title='bbox 262 2859 359 2888; x_wconf 79' lang='lat' dir='ltr'><strong>Jcreut.</strong></span> <span class='ocrx_word' id='word_1_656' title='bbox 377 2869 448 2894; x_wconf 61' lang='grc' dir='ltr'>κων,</span> <span class='ocrx_word' id='word_1_657' title='bbox 466 2861 555 2888; x_wconf 81' lang='lat' dir='ltr'><strong>H—H.</strong></span> <span class='ocrx_word' id='word_1_658' title='bbox 597 2861 618 2876; x_wconf 79' lang='lat'>“</span> <span class='ocrx_word' id='word_1_659' title='bbox 633 2860 700 2887; x_wconf 55' lang='lat' dir='ltr'><strong>Oece</strong></span> <span class='ocrx_word' id='word_1_660' title='bbox 718 2867 776 2893; x_wconf 78' lang='lat' dir='ltr'><strong>\‘lll,</strong></span> <span class='ocrx_word' id='word_1_661' title='bbox 790 2858 813 2886; x_wconf 85' lang='grc' dir='ltr'>ι.</span> 
     </span>
    </p>
   </div>
   <div class='ocr_carea' id='block_1_88' title="bbox 1056 1632 1812 1669">
    <p class='ocr_par' dir='ltr' id='par_1_88' title="bbox 1056 1632 1812 1669">
     <span class='ocr_line' id='line_1_88' title="bbox 1056 1632 1812 1669; baseline 0.003 -10"><span class='ocrx_word' id='word_1_662' title='bbox 1056 1632 1140 1660; x_wconf 83' lang='grc' dir='ltr'>Ὅταν</span> <span class='ocrx_word' id='word_1_663' title='bbox 1157 1633 1246 1660; x_wconf 85' lang='grc' dir='ltr'>τοίνυν</span> <span class='ocrx_word' id='word_1_664' title='bbox 1263 1634 1320 1665; x_wconf 83' lang='grc' dir='ltr'>τοῖς</span> <span class='ocrx_word' id='word_1_665' title='bbox 1336 1633 1412 1669; x_wconf 86' lang='grc' dir='ltr'><strong>παρά</strong></span> <span class='ocrx_word' id='word_1_666' title='bbox 1427 1633 1495 1660; x_wconf 81' lang='grc' dir='ltr'>Θεοῦ</span> <span class='ocrx_word' id='word_1_667' title='bbox 1520 1633 1634 1660; x_wconf 84' lang='grc' dir='ltr'>δοθεῖσιν</span> <span class='ocrx_word' id='word_1_668' title='bbox 1657 1634 1778 1667; x_wconf 72' lang='grc' dir='ltr'>ἀγαθοῖς,</span> <span class='ocrx_word' id='word_1_669' title='bbox 1794 1635 1812 1669; x_wconf 82' lang='grc' dir='ltr'>ἢ</span> 
     </span>
    </p>
   </div>
   <div class='ocr_carea' id='block_1_89' title="bbox 1019 1679 1812 1715">
    <p class='ocr_par' dir='ltr' id='par_1_89' title="bbox 1019 1679 1812 1715">
     <span class='ocr_line' id='line_1_89' title="bbox 1019 1679 1812 1715; baseline 0.003 -11"><span class='ocrx_word' id='word_1_670' title='bbox 1019 1680 1195 1712; x_wconf 79' lang='grc' dir='ltr'>σωματικοῖς,</span> <span class='ocrx_word' id='word_1_671' title='bbox 1212 1679 1228 1714; x_wconf 87' lang='grc' dir='ltr'>ἢ</span> <span class='ocrx_word' id='word_1_672' title='bbox 1244 1680 1438 1713; x_wconf 79' lang='grc' dir='ltr'>πνευματικοῖς</span> <span class='ocrx_word' id='word_1_673' title='bbox 1456 1679 1492 1715; x_wconf 83' lang='grc' dir='ltr'>μὴ</span> <span class='ocrx_word' id='word_1_674' title='bbox 1505 1679 1537 1714; x_wconf 84' lang='grc' dir='ltr'>δὴ</span> <span class='ocrx_word' id='word_1_675' title='bbox 1554 1680 1641 1714; x_wconf 84' lang='grc' dir='ltr'>χρῷτὸ</span> <span class='ocrx_word' id='word_1_676' title='bbox 1657 1689 1698 1711; x_wconf 82' lang='grc' dir='ltr'><strong>τις</strong></span> <span class='ocrx_word' id='word_1_677' title='bbox 1713 1681 1812 1714; x_wconf 74' lang='grc' dir='ltr'>ὀρθῶς,</span> 
     </span>
    </p>
   </div>
   <div class='ocr_carea' id='block_1_90' title="bbox 1019 1724 1813 1760">
    <p class='ocr_par' dir='ltr' id='par_1_90' title="bbox 1019 1724 1813 1760">
     <span class='ocr_line' id='line_1_90' title="bbox 1019 1724 1813 1760; baseline 0.004 -11"><span class='ocrx_word' id='word_1_678' title='bbox 1019 1724 1087 1759; x_wconf 86' lang='grc' dir='ltr'>μήτε</span> <span class='ocrx_word' id='word_1_679' title='bbox 1105 1724 1157 1759; x_wconf 83' lang='grc' dir='ltr'>μὴν</span> <span class='ocrx_word' id='word_1_680' title='bbox 1170 1725 1210 1755; x_wconf 84' lang='grc' dir='ltr'><strong>είς</strong></span> <span class='ocrx_word' id='word_1_681' title='bbox 1222 1724 1300 1757; x_wconf 80' lang='grc' dir='ltr'>δόξαν</span> <span class='ocrx_word' id='word_1_682' title='bbox 1320 1724 1414 1756; x_wconf 78' lang='grc' dir='ltr'>αὑτοῦ,</span> <span class='ocrx_word' id='word_1_683' title='bbox 1429 1725 1544 1760; x_wconf 78' lang='grc' dir='ltr'>πράττοι</span> <span class='ocrx_word' id='word_1_684' title='bbox 1559 1725 1588 1751; x_wconf 75' lang='grc' dir='ltr'>δὲ</span> <span class='ocrx_word' id='word_1_685' title='bbox 1603 1726 1813 1760; x_wconf 79' lang='grc' dir='ltr'>ἀπερισκέπτως</span> 
     </span>
    </p>
   </div>
   <div class='ocr_carea' id='block_1_91' title="bbox 1017 1766 1813 1805">
    <p class='ocr_par' dir='ltr' id='par_1_91' title="bbox 1017 1766 1813 1805">
     <span class='ocr_line' id='line_1_91' title="bbox 1017 1766 1813 1805; baseline 0.005 -10"><span class='ocrx_word' id='word_1_686' title='bbox 1017 1769 1052 1795; x_wconf 81' lang='grc' dir='ltr'><strong>τὰ</strong></span> <span class='ocrx_word' id='word_1_687' title='bbox 1064 1768 1098 1795; x_wconf 81' lang='grc' dir='ltr'>δι’</span> <span class='ocrx_word' id='word_1_688' title='bbox 1116 1766 1153 1795; x_wconf 84' lang='grc' dir='ltr'><strong>ὧν</strong></span> <span class='ocrx_word' id='word_1_689' title='bbox 1168 1769 1201 1796; x_wconf 77' lang='grc' dir='ltr'>ἂν</span> <span class='ocrx_word' id='word_1_690' title='bbox 1215 1770 1392 1805; x_wconf 83' lang='grc' dir='ltr'>προσκρούοι,</span> <span class='ocrx_word' id='word_1_691' title='bbox 1406 1771 1452 1796; x_wconf 69' lang='grc' dir='ltr'>καὶ</span> <span class='ocrx_word' id='word_1_692' title='bbox 1463 1770 1600 1797; x_wconf 83' lang='grc' dir='ltr'>ἁλίσκοιτο</span> <span class='ocrx_word' id='word_1_693' title='bbox 1608 1771 1712 1804; x_wconf 80' lang='grc' dir='ltr'>λυπῶν,</span> <span class='ocrx_word' id='word_1_694' title='bbox 1722 1781 1813 1799; x_wconf 81' lang='grc' dir='ltr'>κατοι-</span> 
     </span>
    </p>
   </div>
   <div class='ocr_carea' id='block_1_92' title="bbox 1018 1811 1823 1853">
    <p class='ocr_par' dir='ltr' id='par_1_92' title="bbox 1018 1811 1823 1853">
     <span class='ocr_line' id='line_1_92' title="bbox 1018 1811 1823 1853; baseline 0.007 -14"><span class='ocrx_word' id='word_1_695' title='bbox 1018 1814 1133 1849; x_wconf 85' lang='grc' dir='ltr'>χήσεται</span> <span class='ocrx_word' id='word_1_696' title='bbox 1149 1815 1198 1849; x_wconf 77' lang='grc' dir='ltr'>μὲν</span> <span class='ocrx_word' id='word_1_697' title='bbox 1213 1816 1251 1847; x_wconf 81' lang='grc' dir='ltr'><strong>είς</strong></span> <span class='ocrx_word' id='word_1_698' title='bbox 1264 1815 1383 1850; x_wconf 71' lang='grc' dir='ltr'>ὀλεθρον,</span> <span class='ocrx_word' id='word_1_699' title='bbox 1398 1816 1474 1842; x_wconf 77' lang='grc' dir='ltr'>ἔσται</span> <span class='ocrx_word' id='word_1_700' title='bbox 1488 1815 1515 1842; x_wconf 84' lang='grc' dir='ltr'>δὲ</span> <span class='ocrx_word' id='word_1_701' title='bbox 1529 1816 1622 1851; x_wconf 82' lang='grc' dir='ltr'>κλῆσις</span> <span class='ocrx_word' id='word_1_702' title='bbox 1635 1817 1681 1843; x_wconf 86' lang='grc' dir='ltr'><strong>τοῦ</strong></span> <span class='ocrx_word' id='word_1_703' title='bbox 1694 1811 1823 1853; x_wconf 39' lang='grc' dir='ltr'>διαρπάλ</span> 
     </span>
    </p>
   </div>
   <div class='ocr_carea' id='block_1_93' title="bbox 1019 1859 1813 1899">
    <p class='ocr_par' dir='ltr' id='par_1_93' title="bbox 1019 1859 1813 1899">
     <span class='ocr_line' id='line_1_93' title="bbox 1019 1859 1813 1899; baseline 0.006 -14"><span class='ocrx_word' id='word_1_704' title='bbox 1019 1859 1111 1891; x_wconf 79' lang='grc' dir='ltr'>ζοντος</span> <span class='ocrx_word' id='word_1_705' title='bbox 1140 1861 1258 1892; x_wconf 80' lang='grc' dir='ltr'>Σατανᾶ,</span> <span class='ocrx_word' id='word_1_706' title='bbox 1287 1861 1333 1887; x_wconf 65' lang='grc' dir='ltr'>καὶ</span> <span class='ocrx_word' id='word_1_707' title='bbox 1358 1861 1480 1896; x_wconf 80' lang='grc' dir='ltr'><strong>ἀκάνθης</strong></span> <span class='ocrx_word' id='word_1_708' title='bbox 1514 1861 1679 1897; x_wconf 82' lang='grc' dir='ltr'>ἐναύλισμα,</span> <span class='ocrx_word' id='word_1_709' title='bbox 1706 1863 1813 1899; x_wconf 81' lang='grc' dir='ltr'>ἀγρίων</span> 
     </span>
    </p>
   </div>
   <div class='ocr_carea' id='block_1_94' title="bbox 1018 1904 1812 1941">
    <p class='ocr_par' dir='ltr' id='par_1_94' title="bbox 1018 1904 1812 1941">
     <span class='ocr_line' id='line_1_94' title="bbox 1018 1904 1812 1941; baseline 0.004 -11"><span class='ocrx_word' id='word_1_710' title='bbox 1018 1904 1152 1938; x_wconf 78' lang='grc' dir='ltr'>δηλονότι,</span> <span class='ocrx_word' id='word_1_711' title='bbox 1161 1905 1209 1931; x_wconf 82' lang='grc' dir='ltr'>καὶ</span> <span class='ocrx_word' id='word_1_712' title='bbox 1224 1905 1346 1932; x_wconf 84' lang='grc' dir='ltr'>ἐκτόπων</span> <span class='ocrx_word' id='word_1_713' title='bbox 1363 1905 1517 1940; x_wconf 73' lang='grc' dir='ltr'>ἐπιθυμιῶν</span> <span class='ocrx_word' id='word_1_714' title='bbox 1527 1912 1534 1919; x_wconf 82' lang='grc'><strong><em>⁸</em></strong></span> <span class='ocrx_word' id='word_1_715' title='bbox 1555 1906 1602 1932; x_wconf 73' lang='grc' dir='ltr'><strong>καὶ</strong></span> <span class='ocrx_word' id='word_1_716' title='bbox 1612 1907 1736 1940; x_wconf 82' lang='grc' dir='ltr'>καρποὺς</span> <span class='ocrx_word' id='word_1_717' title='bbox 1745 1908 1812 1941; x_wconf 76' lang='grc' dir='ltr'>ἡμέ-</span> 
     </span>
    </p>
   </div>
   <div class='ocr_carea' id='block_1_95' title="bbox 1020 1950 1812 1986">
    <p class='ocr_par' dir='ltr' id='par_1_95' title="bbox 1020 1950 1812 1986">
     <span class='ocr_line' id='line_1_95' title="bbox 1020 1950 1812 1986; baseline 0.004 -10"><span class='ocrx_word' id='word_1_718' title='bbox 1020 1958 1083 1985; x_wconf 85' lang='grc' dir='ltr'>ρους</span> <span class='ocrx_word' id='word_1_719' title='bbox 1096 1951 1144 1977; x_wconf 83' lang='grc' dir='ltr'>οὒκ</span> <span class='ocrx_word' id='word_1_720' title='bbox 1159 1950 1191 1977; x_wconf 85' lang='grc' dir='ltr'>ἂν</span> <span class='ocrx_word' id='word_1_721' title='bbox 1207 1950 1262 1986; x_wconf 75' lang='grc' dir='ltr'>ἔχοι</span> <span class='ocrx_word' id='word_1_722' title='bbox 1275 1951 1345 1977; x_wconf 79' lang='grc' dir='ltr'><strong>κατά</strong></span> <span class='ocrx_word' id='word_1_723' title='bbox 1359 1950 1404 1976; x_wconf 76' lang='grc' dir='ltr'>τὸν</span> <span class='ocrx_word' id='word_1_724' title='bbox 1424 1950 1496 1977; x_wconf 78' lang='grc' dir='ltr'>νοῦν.</span> <span class='ocrx_word' id='word_1_725' title='bbox 1515 1951 1630 1977; x_wconf 78' lang='grc' dir='ltr'>Πάθοιεν</span> <span class='ocrx_word' id='word_1_726' title='bbox 1642 1952 1663 1978; x_wconf 83' lang='grc' dir='ltr'>δ’</span> <span class='ocrx_word' id='word_1_727' title='bbox 1683 1951 1717 1979; x_wconf 78' lang='grc' dir='ltr'><strong>ἂν</strong></span> <span class='ocrx_word' id='word_1_728' title='bbox 1732 1952 1812 1979; x_wconf 79' lang='grc' dir='ltr'>τοῦτο</span> 
     </span>
    </p>
   </div>
   <div class='ocr_carea' id='block_1_96' title="bbox 1020 1997 1811 2034">
    <p class='ocr_par' dir='ltr' id='par_1_96' title="bbox 1020 1997 1811 2034">
     <span class='ocr_line' id='line_1_96' title="bbox 1020 1997 1811 2034; baseline 0.004 -12"><span class='ocrx_word' id='word_1_729' title='bbox 1020 1997 1067 2022; x_wconf 78' lang='grc' dir='ltr'>καὶ</span> <span class='ocrx_word' id='word_1_730' title='bbox 1079 1997 1131 2032; x_wconf 81' lang='grc' dir='ltr'><strong>πρό</strong></span> <span class='ocrx_word' id='word_1_731' title='bbox 1143 2005 1175 2030; x_wconf 85' lang='grc' dir='ltr'><strong>γε</strong></span> <span class='ocrx_word' id='word_1_732' title='bbox 1184 1998 1238 2023; x_wconf 87' lang='grc' dir='ltr'><strong>τῶν</strong></span> <span class='ocrx_word' id='word_1_733' title='bbox 1249 1998 1335 2024; x_wconf 79' lang='grc' dir='ltr'>ἄλλων</span> <span class='ocrx_word' id='word_1_734' title='bbox 1347 1997 1493 2033; x_wconf 71' lang='grc' dir='ltr'>αἱρετικοὶ,</span> <span class='ocrx_word' id='word_1_735' title='bbox 1506 1998 1555 2033; x_wconf 84' lang='grc' dir='ltr'>τὴν</span> <span class='ocrx_word' id='word_1_736' title='bbox 1567 1999 1614 2024; x_wconf 82' lang='grc' dir='ltr'><strong>τοῦ</strong></span> <span class='ocrx_word' id='word_1_737' title='bbox 1626 1998 1707 2032; x_wconf 83' lang='grc' dir='ltr'>λόγου</span> <span class='ocrx_word' id='word_1_738' title='bbox 1717 2000 1811 2034; x_wconf 74' lang='grc' dir='ltr'>χρείαν</span> 
     </span>
    </p>
   </div>
   <div class='ocr_carea' id='block_1_97' title="bbox 1019 2042 1812 2080">
    <p class='ocr_par' dir='ltr' id='par_1_97' title="bbox 1019 2042 1812 2080">
     <span class='ocr_line' id='line_1_97' title="bbox 1019 2042 1812 2080; baseline 0.004 -12"><span class='ocrx_word' id='word_1_739' title='bbox 1019 2042 1191 2073; x_wconf 79' lang='grc' dir='ltr'>δαπανῶντες</span> <span class='ocrx_word' id='word_1_740' title='bbox 1214 2043 1350 2075; x_wconf 73' lang='grc' dir='ltr'>δυσσεϐῶς</span> <span class='ocrx_word' id='word_1_741' title='bbox 1373 2045 1413 2076; x_wconf 84' lang='grc' dir='ltr'>εἰς</span> <span class='ocrx_word' id='word_1_742' title='bbox 1436 2045 1466 2070; x_wconf 83' lang='grc' dir='ltr'><strong>τὺ</strong></span> <span class='ocrx_word' id='word_1_743' title='bbox 1488 2044 1639 2080; x_wconf 75' lang='grc' dir='ltr'>παραλύειν</span> <span class='ocrx_word' id='word_1_744' title='bbox 1663 2044 1812 2079; x_wconf 47' lang='grc' dir='ltr'>ἀδελαοὺς,</span> 
     </span>
    </p>
   </div>
   <div class='ocr_carea' id='block_1_98' title="bbox 1021 2087 1814 2126">
    <p class='ocr_par' dir='ltr' id='par_1_98' title="bbox 1021 2087 1814 2126">
     <span class='ocr_line' id='line_1_98' title="bbox 1021 2087 1814 2126; baseline 0.005 -14"><span class='ocrx_word' id='word_1_745' title='bbox 1021 2087 1067 2112; x_wconf 80' lang='grc' dir='ltr'>καὶ</span> <span class='ocrx_word' id='word_1_746' title='bbox 1083 2087 1195 2114; x_wconf 80' lang='grc' dir='ltr'>τύπτειν</span> <span class='ocrx_word' id='word_1_747' title='bbox 1206 2088 1294 2115; x_wconf 76' lang='grc' dir='ltr'>αὐτῶν</span> <span class='ocrx_word' id='word_1_748' title='bbox 1308 2089 1475 2116; x_wconf 77' lang='grc' dir='ltr'>ἀσθενοῦσαν</span> <span class='ocrx_word' id='word_1_749' title='bbox 1487 2090 1536 2125; x_wconf 83' lang='grc' dir='ltr'><strong>τὴν</strong></span> <span class='ocrx_word' id='word_1_750' title='bbox 1550 2090 1713 2126; x_wconf 81' lang='grc' dir='ltr'>συνείδησιν,</span> <span class='ocrx_word' id='word_1_751' title='bbox 1725 2091 1814 2117; x_wconf 74' lang='grc' dir='ltr'>καίτοι</span> 
     </span>
    </p>
   </div>
   <div class='ocr_carea' id='block_1_99' title="bbox 1021 2133 1521 2171">
    <p class='ocr_par' dir='ltr' id='par_1_99' title="bbox 1021 2133 1521 2171">
     <span class='ocr_line' id='line_1_99' title="bbox 1021 2133 1521 2171; baseline 0.012 -13"><span class='ocrx_word' id='word_1_752' title='bbox 1021 2133 1140 2168; x_wconf 86' lang='grc' dir='ltr'>Χριστοῦ</span> <span class='ocrx_word' id='word_1_753' title='bbox 1155 2134 1288 2166; x_wconf 79' lang='grc' dir='ltr'>παθόντος</span> <span class='ocrx_word' id='word_1_754' title='bbox 1307 2136 1376 2171; x_wconf 81' lang='grc' dir='ltr'>ὑπὲρ</span> <span class='ocrx_word' id='word_1_755' title='bbox 1388 2136 1477 2171; x_wconf 82' lang='grc' dir='ltr'>ἡμῶν.</span> <span class='ocrx_word' id='word_1_756' title='bbox 1517 2144 1521 2147; x_wconf 86' lang='grc'><strong>·</strong></span> 
     </span>
    </p>
   </div>
   <div class='ocr_carea' id='block_1_100' title="bbox 1059 2179 1815 2216">
    <p class='ocr_par' dir='ltr' id='par_1_100' title="bbox 1059 2179 1815 2216">
     <span class='ocr_line' id='line_1_100' title="bbox 1059 2179 1815 2216; baseline 0.005 -11"><span class='ocrx_word' id='word_1_757' title='bbox 1059 2179 1191 2206; x_wconf 81' lang='grc' dir='ltr'>’Ἠκασιν</span> <span class='ocrx_word' id='word_1_758' title='bbox 1208 2182 1238 2207; x_wconf 86' lang='lat' dir='ltr'><strong>al</strong></span> <span class='ocrx_word' id='word_1_759' title='bbox 1254 2181 1360 2215; x_wconf 75' lang='grc' dir='ltr'>ἡμέραι</span> <span class='ocrx_word' id='word_1_760' title='bbox 1387 2182 1442 2216; x_wconf 79' lang='grc' dir='ltr'><strong>τῆς</strong></span> <span class='ocrx_word' id='word_1_761' title='bbox 1468 2182 1670 2216; x_wconf 74' lang='grc' dir='ltr'>ἐκδικήσεως,</span> <span class='ocrx_word' id='word_1_762' title='bbox 1701 2183 1815 2216; x_wconf 61' lang='lat' dir='ltr'><strong>ﬁxam:-</strong></span> 
     </span>
    </p>
   </div>
   <div class='ocr_carea' id='block_1_101' title="bbox 1020 2225 1812 2260">
    <p class='ocr_par' dir='ltr' id='par_1_101' title="bbox 1020 2225 1812 2260">
     <span class='ocr_line' id='line_1_101' title="bbox 1020 2225 1812 2260; baseline 0.003 -8"><span class='ocrx_word' id='word_1_763' title='bbox 1020 2226 1050 2252; x_wconf 79' lang='grc' dir='ltr'>αἱ</span> <span class='ocrx_word' id='word_1_764' title='bbox 1064 2225 1169 2260; x_wconf 75' lang='grc' dir='ltr'>ἡμέραι</span> <span class='ocrx_word' id='word_1_765' title='bbox 1184 2225 1239 2259; x_wconf 84' lang='grc' dir='ltr'><strong>τῆς</strong></span> <span class='ocrx_word' id='word_1_766' title='bbox 1251 2227 1480 2259; x_wconf 76' lang='grc' dir='ltr'>ἀνταποὸὀσεώς</span> <span class='ocrx_word' id='word_1_767' title='bbox 1504 2236 1573 2258; x_wconf 82' lang='grc' dir='ltr'>σου.</span> <span class='ocrx_word' id='word_1_768' title='bbox 1602 2228 1651 2254; x_wconf 79' lang='grc' dir='ltr'>καὶ</span> <span class='ocrx_word' id='word_1_769' title='bbox 1678 2227 1812 2260; x_wconf 71' lang='grc' dir='ltr'>κακωθῆ-</span> 
     </span>
    </p>
   </div>
   <div class='ocr_carea' id='block_1_102' title="bbox 1022 2270 1815 2306">
    <p class='ocr_par' dir='ltr' id='par_1_102' title="bbox 1022 2270 1815 2306">
     <span class='ocr_line' id='line_1_102' title="bbox 1022 2270 1815 2306; baseline 0.003 -10"><span class='ocrx_word' id='word_1_770' title='bbox 1022 2277 1108 2296; x_wconf 80' lang='grc' dir='ltr'>σεται</span> <span class='ocrx_word' id='word_1_771' title='bbox 1128 2270 1245 2303; x_wconf 77' lang='grc' dir='ltr'>Ἰσραὴλ</span> <span class='ocrx_word' id='word_1_772' title='bbox 1264 2270 1366 2304; x_wconf 79' lang='grc' dir='ltr'>ὥσπερ</span> <span class='ocrx_word' id='word_1_773' title='bbox 1392 2273 1408 2297; x_wconf 89' lang='grc' dir='ltr'><em>ὁ</em></span> <span class='ocrx_word' id='word_1_774' title='bbox 1429 2272 1584 2305; x_wconf 63' lang='grc' dir='ltr'>προφήτης</span> <span class='ocrx_word' id='word_1_775' title='bbox 1601 2273 1617 2297; x_wconf 85' lang='grc' dir='ltr'><em>ό</em></span> <span class='ocrx_word' id='word_1_776' title='bbox 1631 2272 1815 2306; x_wconf 71' lang='grc' dir='ltr'>παρεξεσῖη-</span> 
     </span>
    </p>
   </div>
   <div class='ocr_carea' id='block_1_103' title="bbox 987 2315 1558 2351">
    <p class='ocr_par' dir='ltr' id='par_1_103' title="bbox 987 2315 1558 2351">
     <span class='ocr_line' id='line_1_103' title="bbox 987 2315 1558 2351; baseline 0.002 -9"><span class='ocrx_word' id='word_1_777' title='bbox 987 2318 1009 2345; x_wconf 90' lang='lat' dir='ltr'><strong>D</strong></span> <span class='ocrx_word' id='word_1_778' title='bbox 1023 2316 1092 2348; x_wconf 83' lang='grc' dir='ltr'>κὼς,</span> <span class='ocrx_word' id='word_1_779' title='bbox 1109 2315 1265 2350; x_wconf 75' lang='grc' dir='ltr'>ἅνθρωπος</span> <span class='ocrx_word' id='word_1_780' title='bbox 1276 2318 1291 2343; x_wconf 80' lang='grc' dir='ltr'><em>ὁ</em></span> <span class='ocrx_word' id='word_1_781' title='bbox 1305 2317 1558 2351; x_wconf 67' lang='grc' dir='ltr'>πνειιματοφόρος.</span> 
     </span>
    </p>
   </div>
   <div class='ocr_carea' id='block_1_104' title="bbox 1059 2359 1813 2398">
    <p class='ocr_par' dir='ltr' id='par_1_104' title="bbox 1059 2359 1813 2398">
     <span class='ocr_line' id='line_1_104' title="bbox 1059 2359 1813 2398; baseline 0.001 -11"><span class='ocrx_word' id='word_1_782' title='bbox 1059 2361 1115 2394; x_wconf 64' lang='grc' dir='ltr'><strong>ιιΘσ.</strong></span> <span class='ocrx_word' id='word_1_783' title='bbox 1129 2361 1209 2393; x_wconf 81' lang='grc' dir='ltr'>Ἐθος</span> <span class='ocrx_word' id='word_1_784' title='bbox 1222 2359 1255 2397; x_wconf 78' lang='grc' dir='ltr'><strong>ἦν</strong></span> <span class='ocrx_word' id='word_1_785' title='bbox 1272 2363 1328 2394; x_wconf 90' lang='grc' dir='ltr'>τοῖς</span> <span class='ocrx_word' id='word_1_786' title='bbox 1344 2363 1373 2394; x_wconf 79' lang='grc' dir='ltr'>ἐξ</span> <span class='ocrx_word' id='word_1_787' title='bbox 1391 2363 1499 2398; x_wconf 76' lang='grc' dir='ltr'>Ἰσραὴλ</span> <span class='ocrx_word' id='word_1_788' title='bbox 1511 2364 1574 2394; x_wconf 75' lang='grc' dir='ltr'>τοὺς</span> <span class='ocrx_word' id='word_1_789' title='bbox 1587 2363 1640 2389; x_wconf 77' lang='grc' dir='ltr'><strong>τῶν</strong></span> <span class='ocrx_word' id='word_1_790' title='bbox 1652 2363 1737 2396; x_wconf 81' lang='grc' dir='ltr'>ἁγίων</span> <span class='ocrx_word' id='word_1_791' title='bbox 1749 2371 1813 2398; x_wconf 86' lang='grc' dir='ltr'>προ-</span> 
     </span>
    </p>
   </div>
   <div class='ocr_carea' id='block_1_105' title="bbox 1024 2406 1814 2442">
    <p class='ocr_par' dir='ltr' id='par_1_105' title="bbox 1024 2406 1814 2442">
     <span class='ocr_line' id='line_1_105' title="bbox 1024 2406 1814 2442; baseline 0.001 -10"><span class='ocrx_word' id='word_1_792' title='bbox 1024 2406 1119 2441; x_wconf 83' lang='grc' dir='ltr'>φητῶν</span> <span class='ocrx_word' id='word_1_793' title='bbox 1136 2407 1313 2433; x_wconf 79' lang='grc' dir='ltr'>ἀποσείεσθαι</span> <span class='ocrx_word' id='word_1_794' title='bbox 1331 2407 1437 2441; x_wconf 80' lang='grc' dir='ltr'>λόγους,</span> <span class='ocrx_word' id='word_1_795' title='bbox 1468 2408 1514 2434; x_wconf 81' lang='grc' dir='ltr'>καὶ</span> <span class='ocrx_word' id='word_1_796' title='bbox 1536 2407 1611 2433; x_wconf 79' lang='grc' dir='ltr'>οὐδὲν</span> <span class='ocrx_word' id='word_1_797' title='bbox 1640 2407 1765 2442; x_wconf 78' lang='grc' dir='ltr'>ἡγεῖσθαι</span> <span class='ocrx_word' id='word_1_798' title='bbox 1782 2407 1814 2433; x_wconf 75' lang='grc' dir='ltr'><strong>τὰ</strong></span> 
     </span>
    </p>
   </div>
   <div class='ocr_carea' id='block_1_106' title="bbox 1025 2451 1814 2487">
    <p class='ocr_par' dir='ltr' id='par_1_106' title="bbox 1025 2451 1814 2487">
     <span class='ocr_line' id='line_1_106' title="bbox 1025 2451 1814 2487; baseline 0 -9"><span class='ocrx_word' id='word_1_799' title='bbox 1025 2451 1101 2487; x_wconf 75' lang='grc' dir='ltr'>παρὰ</span> <span class='ocrx_word' id='word_1_800' title='bbox 1114 2451 1195 2484; x_wconf 72' lang='grc' dir='ltr'>Θεοῦ,</span> <span class='ocrx_word' id='word_1_801' title='bbox 1211 2453 1302 2478; x_wconf 87' lang='grc' dir='ltr'>καίτοι</span> <span class='ocrx_word' id='word_1_802' title='bbox 1319 2453 1448 2485; x_wconf 82' lang='grc' dir='ltr'>πολλάκις</span> <span class='ocrx_word' id='word_1_803' title='bbox 1463 2453 1503 2480; x_wconf 82' lang='grc' dir='ltr'>ὅτι</span> <span class='ocrx_word' id='word_1_804' title='bbox 1524 2453 1619 2479; x_wconf 85' lang='grc' dir='ltr'>παθεῖν</span> <span class='ocrx_word' id='word_1_805' title='bbox 1635 2453 1726 2484; x_wconf 70' lang='grc' dir='ltr'>αὐτοῖς</span> <span class='ocrx_word' id='word_1_806' title='bbox 1747 2461 1814 2487; x_wconf 87' lang='grc' dir='ltr'>συμ-</span> 
     </span>
    </p>
   </div>
   <div class='ocr_carea' id='block_1_107' title="bbox 1026 2496 1814 2533">
    <p class='ocr_par' dir='ltr' id='par_1_107' title="bbox 1026 2496 1814 2533">
     <span class='ocr_line' id='line_1_107' title="bbox 1026 2496 1814 2533; baseline -0.001 -10"><span class='ocrx_word' id='word_1_807' title='bbox 1026 2496 1140 2531; x_wconf 76' lang='grc' dir='ltr'>ϐήσεται</span> <span class='ocrx_word' id='word_1_808' title='bbox 1157 2497 1191 2524; x_wconf 87' lang='grc' dir='ltr'>τὰ</span> <span class='ocrx_word' id='word_1_809' title='bbox 1209 2497 1284 2524; x_wconf 85' lang='grc' dir='ltr'>δεινὰ</span> <span class='ocrx_word' id='word_1_810' title='bbox 1309 2498 1565 2533; x_wconf 80' lang='grc' dir='ltr'>περιηγορευκότος·</span> <span class='ocrx_word' id='word_1_811' title='bbox 1589 2499 1635 2524; x_wconf 70' lang='grc' dir='ltr'>καὶ</span> <span class='ocrx_word' id='word_1_812' title='bbox 1649 2498 1713 2532; x_wconf 79' lang='grc' dir='ltr'>γοῦν</span> <span class='ocrx_word' id='word_1_813' title='bbox 1729 2499 1743 2524; x_wconf 82' lang='grc' dir='ltr'><em>ὁ</em></span> <span class='ocrx_word' id='word_1_814' title='bbox 1762 2498 1814 2523; x_wconf 78' lang='grc' dir='ltr'><strong>τῶν</strong></span> 
     </span>
    </p>
   </div>
   <div class='ocr_carea' id='block_1_108' title="bbox 1025 2543 1812 2579">
    <p class='ocr_par' dir='ltr' id='par_1_108' title="bbox 1025 2543 1812 2579">
     <span class='ocr_line' id='line_1_108' title="bbox 1025 2543 1812 2579; baseline -0.001 -9"><span class='ocrx_word' id='word_1_815' title='bbox 1025 2544 1094 2571; x_wconf 81' lang='grc' dir='ltr'>ὅλων</span> <span class='ocrx_word' id='word_1_816' title='bbox 1105 2544 1171 2575; x_wconf 79' lang='grc' dir='ltr'>Θεὸς</span> <span class='ocrx_word' id='word_1_817' title='bbox 1182 2544 1400 2579; x_wconf 83' lang='grc' dir='ltr'>προσπεφώνηκέ</span> <span class='ocrx_word' id='word_1_818' title='bbox 1417 2553 1467 2570; x_wconf 84' lang='grc' dir='ltr'><strong>που</strong></span> <span class='ocrx_word' id='word_1_819' title='bbox 1484 2543 1522 2578; x_wconf 84' lang='grc' dir='ltr'>τῷ</span> <span class='ocrx_word' id='word_1_820' title='bbox 1535 2544 1662 2579; x_wconf 79' lang='grc' dir='ltr'>προφήτῃ</span> <span class='ocrx_word' id='word_1_821' title='bbox 1677 2543 1812 2578; x_wconf 77' lang='grc' dir='ltr'>Ίεζεχιὴλ,</span> 
     </span>
    </p>
   </div>
   <div class='ocr_carea' id='block_1_109' title="bbox 1021 2587 1813 2624">
    <p class='ocr_par' dir='ltr' id='par_1_109' title="bbox 1021 2587 1813 2624">
     <span class='ocr_line' id='line_1_109' title="bbox 1021 2587 1813 2624; baseline -0.003 -8"><span class='ocrx_word' id='word_1_822' title='bbox 1021 2589 1119 2623; x_wconf 81' lang='grc' dir='ltr'>λέγων’</span> <span class='ocrx_word' id='word_1_823' title='bbox 1140 2599 1149 2615; x_wconf 79' lang='grc' dir='ltr'><strong>ι</strong></span> <span class='ocrx_word' id='word_1_824' title='bbox 1166 2589 1214 2615; x_wconf 75' lang='grc' dir='ltr'><strong>Υἱὲ</strong></span> <span class='ocrx_word' id='word_1_825' title='bbox 1227 2589 1381 2624; x_wconf 81' lang='grc' dir='ltr'>ἀνθρώπου,</span> <span class='ocrx_word' id='word_1_826' title='bbox 1399 2589 1453 2616; x_wconf 79' lang='grc' dir='ltr'>ἰδοὺ</span> <span class='ocrx_word' id='word_1_827' title='bbox 1470 2589 1484 2614; x_wconf 85' lang='grc' dir='ltr'>ὁ</span> <span class='ocrx_word' id='word_1_828' title='bbox 1511 2587 1585 2620; x_wconf 80' lang='grc' dir='ltr'>οἶκος</span> <span class='ocrx_word' id='word_1_829' title='bbox 1607 2589 1713 2624; x_wconf 73' lang='grc' dir='ltr'>Ἰσραὴλ</span> <span class='ocrx_word' id='word_1_830' title='bbox 1733 2590 1747 2615; x_wconf 87' lang='grc' dir='ltr'>ὁ</span> <span class='ocrx_word' id='word_1_831' title='bbox 1763 2598 1813 2614; x_wconf 83' lang='grc' dir='ltr'>πα-</span> 
     </span>
    </p>
   </div>
   <div class='ocr_carea' id='block_1_110' title="bbox 1024 2631 1812 2671">
    <p class='ocr_par' dir='ltr' id='par_1_110' title="bbox 1024 2631 1812 2671">
     <span class='ocr_line' id='line_1_110' title="bbox 1024 2631 1812 2671; baseline -0.003 -9"><span class='ocrx_word' id='word_1_832' title='bbox 1024 2635 1221 2671; x_wconf 80' lang='grc' dir='ltr'>ραπικραίνων,</span> <span class='ocrx_word' id='word_1_833' title='bbox 1237 2635 1361 2669; x_wconf 80' lang='grc' dir='ltr'>λέγοντες</span> <span class='ocrx_word' id='word_1_834' title='bbox 1376 2635 1510 2669; x_wconf 80' lang='grc' dir='ltr'>λέγουσιν’</span> <span class='ocrx_word' id='word_1_835' title='bbox 1530 2636 1560 2661; x_wconf 87' lang='lat' dir='ltr'><strong>&#39;H</strong></span> <span class='ocrx_word' id='word_1_836' title='bbox 1580 2636 1673 2670; x_wconf 71' lang='grc' dir='ltr'>ὅρασις</span> <span class='ocrx_word' id='word_1_837' title='bbox 1687 2635 1719 2669; x_wconf 79' lang='grc' dir='ltr'>ἦν</span> <span class='ocrx_word' id='word_1_838' title='bbox 1734 2631 1812 2666; x_wconf 68' lang='grc' dir='ltr'>οὗτος</span> 
     </span>
    </p>
   </div>
   <div class='ocr_carea' id='block_1_111' title="bbox 1023 2680 1812 2717">
    <p class='ocr_par' dir='ltr' id='par_1_111' title="bbox 1023 2680 1812 2717">
     <span class='ocr_line' id='line_1_111' title="bbox 1023 2680 1812 2717; baseline 0 -10"><span class='ocrx_word' id='word_1_839' title='bbox 1023 2682 1084 2716; x_wconf 81' lang='grc' dir='ltr'>ὁρᾷ,</span> <span class='ocrx_word' id='word_1_840' title='bbox 1103 2681 1142 2712; x_wconf 83' lang='grc' dir='ltr'><strong>είς</strong></span> <span class='ocrx_word' id='word_1_841' title='bbox 1166 2680 1273 2717; x_wconf 81' lang='grc' dir='ltr'>ἡμέρας</span> <span class='ocrx_word' id='word_1_842' title='bbox 1296 2681 1406 2713; x_wconf 81' lang='grc' dir='ltr'>πολλὰς,</span> <span class='ocrx_word' id='word_1_843' title='bbox 1436 2682 1482 2707; x_wconf 79' lang='grc' dir='ltr'>καὶ</span> <span class='ocrx_word' id='word_1_844' title='bbox 1499 2682 1540 2712; x_wconf 83' lang='grc' dir='ltr'><strong>είς</strong></span> <span class='ocrx_word' id='word_1_845' title='bbox 1564 2681 1674 2716; x_wconf 83' lang='grc' dir='ltr'>καιροὺς</span> <span class='ocrx_word' id='word_1_846' title='bbox 1692 2681 1812 2715; x_wconf 66' lang='grc' dir='ltr'>μακροὺς</span> 
     </span>
    </p>
   </div>
   <div class='ocr_carea' id='block_1_112' title="bbox 1025 2723 1811 2763">
    <p class='ocr_par' dir='ltr' id='par_1_112' title="bbox 1025 2723 1811 2763">
     <span class='ocr_line' id='line_1_112' title="bbox 1025 2723 1811 2763; baseline 0.001 -11"><span class='ocrx_word' id='word_1_847' title='bbox 1025 2723 1103 2758; x_wconf 68' lang='grc' dir='ltr'>οὗτος</span> <span class='ocrx_word' id='word_1_848' title='bbox 1114 2727 1290 2763; x_wconf 62' lang='grc' dir='ltr'>προψητεύει.</span> <span class='ocrx_word' id='word_1_849' title='bbox 1300 2728 1347 2753; x_wconf 75' lang='grc' dir='ltr'>Διὰ</span> <span class='ocrx_word' id='word_1_850' title='bbox 1362 2727 1440 2754; x_wconf 87' lang='grc' dir='ltr'>τοῦτο</span> <span class='ocrx_word' id='word_1_851' title='bbox 1455 2727 1531 2753; x_wconf 81' lang='grc' dir='ltr'>εἰπὸν</span> <span class='ocrx_word' id='word_1_852' title='bbox 1545 2727 1612 2762; x_wconf 75' lang='grc' dir='ltr'>πρὸς</span> <span class='ocrx_word' id='word_1_853' title='bbox 1623 2727 1731 2758; x_wconf 77' lang='grc' dir='ltr'>αὐτούς·</span> <span class='ocrx_word' id='word_1_854' title='bbox 1747 2727 1811 2753; x_wconf 72' lang='grc' dir='ltr'>Τάδε</span> 
     </span>
    </p>
   </div>
   <div class='ocr_carea' id='block_1_113' title="bbox 1023 2773 1813 2809">
    <p class='ocr_par' dir='ltr' id='par_1_113' title="bbox 1023 2773 1813 2809">
     <span class='ocr_line' id='line_1_113' title="bbox 1023 2773 1813 2809; baseline -0.001 -10"><span class='ocrx_word' id='word_1_855' title='bbox 1023 2773 1099 2807; x_wconf 81' lang='grc' dir='ltr'>λέγει</span> <span class='ocrx_word' id='word_1_856' title='bbox 1119 2773 1232 2801; x_wconf 77' lang='grc' dir='ltr'>’Λδωναῖ</span> <span class='ocrx_word' id='word_1_857' title='bbox 1257 2773 1356 2809; x_wconf 79' lang='grc' dir='ltr'>Κύριος</span> <span class='ocrx_word' id='word_1_858' title='bbox 1376 2781 1383 2788; x_wconf 81' lang='lat'><strong>&#39;</strong></span> <span class='ocrx_word' id='word_1_859' title='bbox 1404 2774 1441 2800; x_wconf 82' lang='grc' dir='ltr'>Οὐ</span> <span class='ocrx_word' id='word_1_860' title='bbox 1473 2773 1509 2808; x_wconf 85' lang='grc' dir='ltr'>μὴ</span> <span class='ocrx_word' id='word_1_861' title='bbox 1539 2773 1696 2809; x_wconf 77' lang='grc' dir='ltr'>μηκύνωσιν</span> <span class='ocrx_word' id='word_1_862' title='bbox 1724 2773 1813 2799; x_wconf 70' lang='grc' dir='ltr'>οὖκέτι</span> 
     </span>
    </p>
   </div>
  </div>
