1919 3042
64 172 108 199 ραι
528 180 802 212 COMMENTARIUS
823 184 855 212 IN
876 186 990 216 OSEAM
1009 189 1228 220 PIlOI‘IIE'I‘AM.

1645 198 1698 226 Ξ.)Ξῖ

66 229 162 260 ’πάντες
173 230 199 256 ⁰ί
216 231 294 266 λόγοι
319 242 386 268 μου.
403 235 449 267 οὓς
476 235 509 263 ἂν
536 237 654 273 λαλήσω.
671 240 730 266 Ὅτι
754 240 862 276 λαλήσω

66 276 139 287 ἰλιι-μ.
165 284 213 287 -.μμ
234 286 239 287 γ
255 286 259 287 ν
284 279 291 286 Ι
361 280 370 287 ι
385 281 390 287 ι
453 282 473 287 ιι
485 282 496 287 μ
555 283 561 287 ι
592 285 610 287 μ.
625 284 629 287 .
755 285 774 287 Α

917 245 1020 276 l'aciam.
1035 248 1099 275 dicit
1115 249 1217 277 Adonai
1234 251 1362 278 Dominus
1376 252 1409 279 ⁵³.
1427 239 1441 278 ιλ
1452 251 1515 279 Tale
1528 253 1654 287 quiddam
1670 259 1697 280 et

66 276 149 309 λόγον,
165 284 216 302 και
230 279 349 313 ποιήσω,
361 280 436 315 λέγει
453 282 564 309 Ἀδωναῒ
592 284 701 318 Κύριος.
722 296 731 312 ι
755 285 863 314 Τοιοῦτό

68 322 169 372 τίφησι
188 324 323 372 κανθάδε.
353 337 363 353 ι
384 328 485 355 "limat
501 329 565 366 γὰρ,
588 332 680 366 φησὶν,
702 335 729 360 al
760 335 863 370 ἡμέραι

71 369 114 416 τῆς
125 369 309 416 ἐκδικήσεως.
324 382 333 398 ι
347 373 459 409 ’Ὅμοιον
475 376 512 407 ὡς
524 377 547 402 εἰ
563 377 648 411 λέγοι,
659 379 741 413 ἐγγὺς
754 381 768 414 ή
781 380 843 416 δίκη
853 401 861 414 ,

71 415 112 461 καί
122 415 164 441 ἐπ’
176 416 277 450 αὑταῖς
288 418 338 454 ἤδη
351 419 448 455 θύραις
460 422 473 447 ὁ
487 421 572 456 ἀγὼν,
585 423 681 456 γείτων
693 426 709 459 ἡ
724 427 861 461 συμφορὰ,

72 460 113 486 καὶ
126 461 154 486 ὲν
171 461 328 495 ὀφθαλμοῖς
347 465 362 490 ὁ
378 465 504 500 πόλεμος.
529 467 690 502 ,Ἐνέστηκεν
704 470 720 504 ἡ
739 470 787 504 τῆς
801 460 863 497 ἀντ-

72 506 224 539 αποδόσεως
252 509 355 544 ἡμέρα.
388 511 558 547 Κακουμένῳ
589 513 618 539 δέ
652 515 820 550 σοι,·φησὶν,
839 514 861 543 ὦ

77 552 192 597 Ἰσραὴλ,
204 555 454 590 συγκακωθήσεται
470 558 588 590 πάντως,
604 560 651 586 καὶ
664 560 693 585 ὲν
706 560 755 596 ἴσῳ
768 562 861 597 τρόπῳ

74 596 178 629 μεθέξει
196 599 247 634 τῆς
265 599 355 636 δίκης,
369 603 382 628 ὁ
407 603 460 634 πᾶς
481 604 510 629 ἐν
538 604 578 630 σοὶ
595 596 828 642 ψευδοπροφήτης,
845 609 859 634 ό

74 642 284 679 παρεξεστηκὼς
313 646 465 682 ἅνθρωπος,
479 649 626 682 τουτέστιν,
654 651 667 676 ὁ
695 651 788 683 ἔνθους
813 654 860 679 καὶ

75 688 248 723 μαινόμενος,
271 691 318 717 καὶ
338 692 517 725 ἀπολωλεκὼς
538 695 588 726 τὰς
606 696 715 730 φρένας,
726 697 755 723 ὃν
772 699 803 724 σὺ
816 707 860 724 νε-

74 732 184 766 νόμικας
197 733 270 761 εἶναι
290 739 521 774 πνευματοφόρον.
549 740 631 774 Ὀμοῦ
656 742 710 776 γὰρ
733 743 790 773 τοῖς
812 743 860 769 ἄλ-

74 778 125 809 λοις
138 779 285 808 διολώλασι
300 783 327 808 o't'
341 792 370 809 τε
389 785 470 819 ἱερεῖς
489 785 542 811 τῶν
561 786 681 821 ὑψηλῶν,
703 788 749 814 καὶ
764 789 788 814 oi
807 789 861 816 τῶν

74 823 185 851 εἰδώλων
209 826 393 862 θεραπευταὶ,
421 830 468 856 καὶ
493 831 602 864 πάντες,
617 833 674 859 ὅσοι
701 833 861 867 ψευδοεπεῖς

74 878 101 896 τε
117 871 163 897 καὶ
179 872 378 908 ψευδομάντεις
402 873 471 911 ἦσαν
495 879 524 903 ὲν
541 878 579 912 τῷ
608 879 726 913 Ἰσραήλ.
750 880 859 916 Ἐπειδὴ

914 291 958 319 hic
973 293 1091 327 loquitur
1104 303 1110 322 :
1123 304 1132 320 ‹
1154 296 1288 323 Venertmt
1301 297 1360 324 dies
1372 298 1490 325 ultionis.
1505 307 1513 323 ι
1530 299 1568 324 A'c
1584 298 1605 325 si
1615 298 1696 329 dicat,

914 343 996 370 prope
1011 343 1052 365 est
1069 339 1145 371 ultio,
1160 345 1187 366 et
1201 340 1256 373 jam
1275 342 1300 368 in
1320 342 1384 376 ipsis
1407 343 1509 370 foribus
1525 343 1669 369 discrimen
1687 350 1695 368 :

914 381 999 408 vicina
1014 383 1113 414 clades,
1131 389 1158 410 et
1182 385 1278 412 helhtm
1295 392 1357 414 ante
1377 387 1468 414 oculos
1492 392 1541 414 est.
1569 387 1696 414 Retribu—

916 427 996 455 tionis
1010 429 1067 456 dies
1089 430 1174 456 adest.
1193 430 1258 457 Dum
1286 436 1313 458 tu
1336 437 1424 459 autem
1450 433 1585 467 affliget-is,
1602 433 1693 464 Israel,

913 474 1022 500 omnino
1047 479 1074 501 et
1102 475 1198 510 wquali
1226 483 1304 510 poena
1330 481 1419 503 tecutn
1451 478 1582 512 aIIligetur
1608 477 1695 504 omnis

912 521 1142 555 pseudopropheta
1156 523 1224 556 apttd
1244 526 1279 554 te,
1297 523 1377 550 homo
1392 523 1426 550 de
1449 528 1518 550 statu
1534 523 1631 550 mentis
1652 523 1694 549 di-

913 569 1010 597 motus,
1023 566 1073 592 hoc
1087 571 1137 601 est,
1155 567 1297 598 fanaticus,
1316 572 1342 594 et
1365 568 1485 600 insanus,
1502 574 1527 594 et
1550 569 1595 602 qui
1622 576 1696 594 uten-

914 612 966 635 tem
991 610 1116 643 perdidit,
1137 619 1215 645 quem
1236 617 1261 638 tu
1285 613 1383 646 putasti
1408 612 1584 645 spiritualem.
1610 612 1695 638 Simul
1731 630 1733 634 .

913 654 1045 688 siquidem
1059 663 1118 682 cum
1130 657 1188 683 aliis
1201 658 1338 692 perierunt
1347 657 1504 684 sacerdotes
1515 656 1694 688 excelsorum,

914 705 939 727 et
958 701 1075 728 cultores
1091 702 1235 736 idolorum,
1247 708 1273 730 et
1291 708 1421 737 quotquot
1437 703 1579 730 mendaces
1594 707 1621 729 et
1638 702 1695 728 falsi

911 751 987 773 vates
1001 753 1077 774 erant
1092 748 1116 774 in
1134 748 1224 775 Israel.
1238 749 1305 781 Quia
1323 749 1394 776 enim
1413 748 1586 775 vaticinaturi
1607 748 1697 774 furcro

912 798 941 817 se
966 791 1138 824 simulabant,
1163 798 1190 820 ct
1209 794 1286 825 quasi
1311 793 1436 820 Phcehmo
1460 793 1569 820 numine
1593 791 1696 819 aﬁlatos

912 836 1058 871 fingebant,
1078 838 1137 866 ideo
1163 844 1189 865 et
1214 839 1349 865 hominem
1376 839 1499 866 insanum
1528 846 1574 865 seu
1607 842 1697 864 mente

912 887 1018 916 captum
1035 883 1185 911 istiusmodi
1201 885 1360 912 nominavit.

75 916 125 967 γὰρ
136 917 281 951 μαίνεσθαι
316 922 525 956 προσεποιοῦντο
554 923 603 954 τὰς
623 926 753 958 μαντείας
777 927 970 962 ποιησόμενοι,
997 929 1044 954 καὶ
1069 930 1166 965 φοιόᾷν
1202 931 1389 966 ὑπεκρίνοντο,
1419 931 1547 967 ταύτῃτοι
1577 931 1624 956 καὶ
1649 929 1697 957 ἄν-

76 962 179 998 θρωπον
202 966 425 1003 παρεξεστηκότα
443 969 489 995 τὸν
505 970 623 997 τοιοῦτον
637 971 776 1007 ὀνομάζει.

112 1011 186 1038 Ὑπὸ
200 1013 255 1040 τοῦ
270 1014 406 1048 πλήθους
416 1015 474 1042 τῶν
488 1016 610 1043 ἀδικιῶν
621 1025 679 1044 σου
693 1018 862 1054 ἐπληθύνθη

953 1020 1015 1047 Prw
1028 1021 1195 1048 multitudine
1210 1022 1377 1056 iniquilutuut
1398 1027 1502 1048 qurunt
1523 1023 1697 1055 multiplicata

71 1057 161 1091 μανία
171 1066 242 1085 σου.
326 1080 330 1086 .
373 1075 394 1084 ο

105 1102 142 1129 Ρ’.
165 1103 274 1138 Πλῆθος
291 1104 398 1136 ἀδικπκς
415 1106 507 1141 φησὶν,
522 1107 604 1133 οἱονεὶ
623 1108 672 1143 τὴν
694 1109 862 1145 πολύτροπον

74 1156 101 1174 τε
120 1148 167 1175 καὶ
191 1149 319 1184 πολυειδῆ
336 1150 482 1186 θρησκείαν
510 1152 556 1178 τοῦ
581 1153 697 1189 Ἰσραήλ.
731 1155 787 1181 Ἑνὶ
812 1155 862 1190 μὲν

75 1193 154 1229 λόγῳ,
169 1195 355 1230 πεπλάνηντο,
374 1197 420 1223 καὶ
444 1197 544 1229 πάντες
564 1196 634 1234 ἦσαν
659 1200 860 1236 εἰδωλολάτραι.

75 1240 145 1276 Πλὴν
159 1241 321 1276 ἐμερίζοντο
342 1243 406 1275 τοὺς
425 1243 475 1278 τῆς
491 1244 651 1278 πλανήσεως
670 1246 796 1281 τρόπους,
816 1247 863 1274 ἄλο

74 1284 111 1311 λοι
137 1294 169 1311 τε
198 1286 292 1318 ἄλλοις
323 1288 462 1323 προσῆγον
496 1289 544 1320 τὰς
572 1290 700 1322 τελετὰς,
732 1292 779 1318 καὶ
805 1293 862 1324 τοῖς

75 1332 234 1366 προσιοῦσιν
249 1334 389 1360 ἑποιοῦντο
398 1335 446 1366 τὰς
460 1335 682 1370 ψευδομαντείας.
698 1338 728 1363 Οἱ
741 1338 789 1372 μὲν
809 1339 862 1373 γὰρ

75 1378 131 1409 ταῖς
144 1377 295 1412 δαμάλεσιν
310 1379 466 1414 ὲλάτρευον·
485 1381 510 1407 οἰ
532 1381 559 1407 δὲ
578 1381 616 1416 τῷ
634 1382 745 1416 Χαμὼς,
762 1383 863 1418 εἰδώλῳ

75 1424 169 1451 Μωάὃ·
189 1424 280 1460 ἕτεροι
299 1425 327 1451 δὲ
342 1426 376 1460 τῇ
402 1426 546 1462 ’Δστάρτῃ.
564 1425 653 1454 Ἦσαν
668 1428 706 1460 δὲ,
725 1429 749 1455 οἳ
768 1430 814 1456 καὶ
824 1430 862 1465 τῷ

76 1469 156 1503 Βάαλ,
172 1470 221 1496 καὶ
244 1472 277 1506 τῇ
292 1472 407 1507 στρατιᾷ
431 1472 478 1498 τοῦ
498 1473 623 1508 οὐρανοῦ.
640 1473 774 1510 Ταύτῃτοι
796 1475 863 1507 Θεὸς

76 1515 213 1550 ingrato,
237 1516 325 1550 λέγων
346 1517 390 1543 διὰ
417 1519 506 1553 φωνῆς
529 1519 673 1554 Ἰερεμίου,
689 1521 730 1546 ὅτι
758 1529 767 1546 ι
785 1520 863 1547 Κατὰ

75 1560 188 1596 ἀριθμὸν
201 1561 306 1589 πόλεών
321 1571 380 1593 σου,
391 1560 459 1598 ἦσαν
474 1563 529 1590 θεοί
544 1573 602 1597 σου,
617 1564 727 1591 Ἰούδα.»
744 1565 861 1602 Ἐκάστη

75 1606 127 1642 γὰρ
141 1607 220 1639 πόλις
248 1607 302 1634 τῶν
333 1609 398 1644 παρ’
425 1609 517 1641 αὐτοῖς
541 1609 606 1636 ἴδιον
630 1609 700 1645 ἔχειν
730 1611 862 1646 ὡμολόγει

78 1652 149 1681 θεὸν.
157 1653 244 1679 Τοῦτο
255 1653 321 1680 αὐτὸ
332 1663 341 1679 ι
353 1655 458 1689 Πλῆθος
466 1655 573 1686 ἀδικίας
585 1665 594 1680 ι
603 1655 730 1690 ὀνομάζει
739 1656 861 1688 δικαίως.

81 1698 218 1733 ’Δδίκημα
228 1699 283 1734 γὰρ
298 1699 416 1734 ἀληθῶς,
438 1701 485 1726 καὶ
500 1699 578 1734 ὓϐρις
597 1701 637 1732 είς
656 1701 733 1734 Θεὸν,
744 1701 774 1727 τὸ
796 1702 862 1728 ἀπο·
877 1697 900 1727 C

77 1745 170 1779 ᾳοιτᾷν
197 1745 246 1779 μὲν
271 1745 365 1775 αὑτοῦ,
385 1745 563 1780 προσκεῖσθαι
585 1746 613 1772 δὲ
645 1746 732 1778 ξύλοις
756 1755 785 1773 τε
814 1747 862 1773 καὶ

76 1788 169 1821 λῑθοις,
187 1791 235 1816 καὶ
249 1799 259 1815 ι
280 1790 342 1821 Τοῖς
359 1790 449 1825 ἔργοις
467 1791 520 1818 τῶν
540 1791 637 1826 χειρῶν
656 1791 737 1818 αὑτοῦ
751 1813 758 1824 ,
780 1801 789 1817 ι
814 1801 863 1819 κα-

78 1835 162 1871 Θάπερ
184 1836 351 1871 γέγραπται.
373 1837 480 1863 Μανίαν
508 1837 535 1863 δὲ
562 1837 636 1871 λέγει
651 1838 700 1872 τὴν
722 1837 861 1872 μαντείαν.

78 1881 180 1909 Οὐκοῦν
198 1882 350 1917 ἐπειδήπερ
370 1882 470 1917 πλῆθος
492 1882 599 1914 ἀδικίας
623 1882 737 1917 εὓρηται
756 1883 785 1909 ἐν
809 1883 862 1916 σοὶ,

77 1927 151 1960 φησὶ,
164 1927 295 1963 ταύτῃτοι
312 1928 361 1955 καὶ
385 1928 461 1963 παρὰ
481 1928 522 1955 σοὶ
549 1928 736 1964 πεπλήθυνται
759 1928 841 1963 μανία
853 1948 862 1961 ,

77 1973 225 2005 τουτέστιν,
239 1974 257 2009 ἡ
271 1973 481 2008 ψευδομαντεία,
504 1974 621 2000 ἑκάστου
647 1973 718 2000 κατά
736 1973 767 2000 τὺ
789 1974 863 2005 εἰκὸς

77 2019 128 2047 τῶν
142 2020 356 2055 ψευδομάντεων
385 2020 449 2046 [διον
479 2020 586 2055 ἔχοντος
612 2020 722 2055 τρόπον,
751 2020 812 2047 καθ’
833 2020 862 2046 ὃν

78 2066 251 2101 ἐμαντεύετο.
266 2066 401 2093 Ἔκτοπον
411 2064 457 2093 οὖν
474 2066 538 2101 ἄρα,
554 2066 601 2093 καὶ
622 2066 794 2101 παράνομον,
816 2066 864 2092 καὶ

78 2112 190 2148 βέϐηλον
207 2112 326 2147 ἀληθῶς,
343 2112 390 2139 καὶ
405 2113 455 2139 οὐκ
482 2111 617 2143 ἁνικάνως
634 2111 706 2147 ἔχον,
722 2110 764 2142 είς
786 2119 817 2145 γε
833 2111 863 2137 τὸ

76 2157 205 2184 δύνασθαι
234 2158 342 2189 λυπεῖν,
369 2157 416 2184 καὶ
439 2156 608 2193 παροτρύναι
626 2157 719 2189 δεινῶς
742 2157 788 2183 τὸν
810 2157 864 2183 τῶν

76 2203 142 2230 ὅλων
158 2203 239 2234 Θεὸν,
258 2203 289 2229 τὸ
298 2203 486 2238 ψευδοεπείαις
506 2203 683 2238 προσκεῖσθαι
698 2203 795 2237 φιλεῖν,
810 2203 863 2229 τῶν

76 2248 164 2275 λαλεῖν
187 2248 323 2275 εἰωθότων
349 2257 358 2274 ι
379 2247 420 2274 Τὰ
440 2248 493 2274 ἀπὸ
516 2247 628 2282 καρδίας
647 2247 746 2278 αὐτῶν,
764 2256 774 2272 ›
793 2246 864 2273 καθᾶ

76 2295 242 2330 γέγραπται,
262 2303 270 2319 ι
286 2294 334 2320 καὶ
344 2294 394 2320 οὐκ
404 2294 459 2320 ἀπὸ
479 2294 611 2329 στόματος
623 2293 735 2328 Κυρίου.
749 2302 757 2318 ι
771 2293 865 2327 Παρα-

76 2340 228 2375 φυλακτὲον
251 2340 283 2375 δὴ
302 2337 349 2366 οὖν
364 2340 535 2374 Χριστιανοῖς
546 2340 575 2366 τὸ
586 2340 786 2375 πλημμέλημα.
803 2340 862 2366 Μό-

75 2395 130 2417 νοις
145 2386 202 2421 γὰρ
214 2385 249 2413 ἂν
275 2385 377 2420 πρέποι
391 2385 422 2411 τὺ
435 2385 524 2413 τοιάδε
539 2386 627 2412 νοσεῖν
639 2386 694 2416 τοῖς
707 2385 761 2411 τῶν
777 2385 863 2418 ἁγίων

76 2432 271 2467 Θεραπευταῖς.
380 2448 385 2452 υ

109 2476 229 2510 Σκοπὸς
254 2475 379 2511 Ἑφραῒμ
399 2467 475 2510 ῖλετὰ
496 2474 569 2502 Θεοῦ
591 2473 756 2509 προφήτης,
776 2474 866 2509 παγίς

77 2522 186 2550 σκολιὰ
198 2522 249 2549 ἐπὶ
265 2521 367 2554 πάσας
383 2521 436 2554 τὰς
447 2521 535 2554 ὁδοὺς
553 2521 657 2548 αὐτοῦ.

111 2569 174 2595 PA’.
187 2569 310 2599 Σκοποὺς
323 2567 467 2602 ὀνομάζειν
483 2566 542 2598 ἔθος
555 2568 588 2602 τῇ
603 2566 664 2602 θεία
691 2566 784 2602 Γραφῇ
801 2566 865 2597 τοὺς

78 2613 130 2639 τῶν
141 2613 215 2640 λαῶν
227 2612 442 2648 προεστηκότας,
450 2611 517 2646 ὑψοῦ
532 2620 562 2638 τε
572 2611 708 2646 ἠρμένους
719 2610 763 2637 διὰ
772 2611 864 2646 τιμὴν,

76 2657 117 2690 οἷς
129 2659 162 2686 ἂν
177 2659 227 2685 καὶ
243 2658 349 2694 ὲνορῲη
363 2667 416 2689 τις.
430 2658 454 2684 εί
473 2657 505 2693 δὴ
524 2656 644 2692 βούλοιτο
659 2656 704 2683 τὸν
718 2656 804 2692 ὀρθὸνΙ
820 2657 867 2683 καὶ

77 2705 279 2740 ἀνεπίπληκτον
294 2704 423 2739 διαζῆσαι
439 2704 506 2739 βίον.
519 2703 574 2730 Καὶ
588 2703 653 2738 γοῦν
665 2702 715 2738 ἔφη
736 2712 787 2730 που
801 2703 866 2735 Θεὸς

77 2751 145 2786 πρὸς
156 2751 202 2778 τὸν
221 2751 360 2786 μακάριον
379 2750 522 2785 προφήτην
547 2749 676 2784 Ίεζεχιῆλ
697 2757 705 2765 σ
723 2757 732 2774 ι
749 2749 796 2776 Υἱὲ
818 2750 867 2776 ἀν-

78 2796 195 2832 ορώπου,
217 2796 321 2824 σκοπὸν
347 2794 452 2821 δέδωκά
478 2803 508 2820 σε
531 2793 570 2829 τῷ
586 2794 652 2828 οἴκῳ
676 2793 792 2829 Ἰσραὴλ,
821 2794 867 2820 καὶ

913 1071 949 1092 ett
962 1066 1066 1092 insania
1081 1071 1137 1093 tua.

948 1110 980 1138 C.
997 1111 1193 1138 Multitudinetn
1210 1111 1359 1145 iniquitatis
1377 1111 1496 1138 nominat
1516 1111 1590 1144 qttasi
1608 1110 1698 1138 multi-

914 1157 1020 1183 modam
1032 1160 1060 1183 et
1075 1156 1264 1184 multiformem
1278 1157 1494 1190 superstitionem
1510 1156 1622 1183 lsraelis.
1636 1156 1697 1184 Uno

913 1202 1006 1236 verbo,
1019 1203 1136 1236 corrupti
1152 1207 1228 1229 erant
1243 1210 1336 1229 omnes
1356 1207 1383 1228 et
1405 1202 1561 1228 idololatrae.
1587 1201 1697 1228 Verum-

916 1253 1004 1276 tamen
1017 1248 1164 1276 secundum
1181 1248 1274 1275 modos
1292 1247 1457 1281 deceptionis
1475 1246 1563 1279 divisi,
1580 1246 1624 1272 alii
1639 1246 1698 1273 aliis

915 1301 992 1321 sacra
1006 1294 1149 1326 faciebant,
1163 1297 1190 1320 et
1203 1301 1231 1321 se
1245 1293 1470 1320 convenientibus
1485 1292 1550 1319 falsa
1570 1292 1698 1326 praediui-

913 1340 987 1367 bant.
1001 1339 1067 1366 Nam
1084 1340 1192 1373 quidam
1221 1339 1327 1371 vitulos,
1345 1339 1453 1373 quidam
1468 1338 1583 1365 Chamos
1597 1338 1696 1364 idoluut

914 1385 1005 1417 Moab,
1022 1385 1065 1411 alii
1083 1386 1207 1411 Astarten
1221 1384 1355 1411 colebant.
1371 1383 1428 1410 Non
1443 1383 1554 1410 deerant
1569 1383 1631 1409 item
1653 1382 1698 1416 qui

913 1430 977 1457 Baal
999 1435 1027 1457 et
1048 1430 1170 1456 militiam
1187 1429 1249 1456 coeli
1273 1429 1300 1456 in
1324 1429 1434 1455 deorum
1458 1435 1570 1454 numero
1589 1434 1699 1454 venera-

915 1481 1016 1504 reutur.
1047 1476 1148 1504 Idcirco
1171 1476 1241 1503 Deus
1258 1476 1385 1503 incusans
1409 1482 1466 1506 eos,
1488 1483 1535 1510 per
1555 1474 1698 1502 Jeremiam

914 1523 952 1550 ait
969 1531 975 1550 :
995 1522 1073 1557 132
1092 1532 1100 1547 t
1120 1522 1272 1549 Secundum
1285 1529 1424 1548 numerum
1439 1521 1576 1548 civitatum
1592 1526 1698 1546 tuarum

913 1573 989 1596 erant
1006 1568 1040 1595 dii
1058 1568 1105 1599 tui,
1120 1567 1187 1594 .luda
1202 1567 1235 1594 ⁵⁸.
1254 1577 1263 1592 ›
1286 1567 1457 1601 Unaquaeque
1474 1566 1545 1592 enim
1565 1565 1628 1592 urbs
1641 1564 1699 1591 ilio-

914 1622 972 1641 rum
987 1614 1122 1648 proprium
1137 1614 1215 1641 deum
1243 1613 1341 1639 habere
1366 1619 1396 1639 se
1424 1612 1609 1646 profitebatur.
1639 1610 1698 1637 lloc

914 1660 1001 1695 ipsum
1023 1669 1032 1685 ι
1058 1659 1256 1686 mttltitudinetn
1286 1657 1437 1692 iniquitatis
1470 1666 1479 1682 ι
1510 1657 1699 1683 convenienter

916 1705 1041 1740 appellat.
1061 1705 1130 1732 Vere
1145 1705 1216 1732 enitn
1234 1704 1361 1738 iniquitas
1376 1709 1417 1730 est
1432 1703 1458 1729 in
1475 1702 1569 1734 Deum,
1583 1706 1610 1729 et
1630 1701 1702 1734 it.ju-’

916 1753 968 1784 ria,
995 1752 1028 1778 ab
1054 1751 1100 1778 illo
1126 1750 1267 1780 recedere.
1283 1755 1309 1776 et
1336 1749 1431 1783 lignis,
1461 1749 1594 1782 lapidibus
1619 1752 1700 1781 atque

919 1808 928 1824 ι
946 1797 1072 1832 operibus
1085 1804 1210 1823 mantnnn
1226 1803 1336 1823 suarum
1357 1795 1390 1826 ⁵⁵,
1411 1803 1420 1820 ι
1443 1799 1473 1821 ιιι
1497 1794 1626 1828 scriptum
1649 1799 1699 1824 est.

917 1843 1036 1874 colendis
1060 1843 1179 1869 deditum
1198 1849 1267 1868 esse.
1294 1840 1429 1867 Insaniam
1452 1845 1542 1866 autem
1565 1844 1701 1873 nuncupat

916 1888 1144 1916 vaticinationem.
1161 1886 1259 1919 Quare,
1276 1886 1402 1920 quoniam
1417 1885 1559 1912 multitudo
1574 1884 1701 1918 iniquita-

918 1935 952 1962 tis
966 1935 992 1961 in
1008 1939 1033 1961 te
1044 1934 1151 1961 inventa
1166 1937 1218 1964 est,
1231 1932 1328 1964 inquit,
1343 1931 1443 1957 idcirco
1461 1934 1487 1955 et
1507 1930 1576 1963 apud
1593 1934 1617 1956 te
1634 1928 1701 1955 mul-

918 1980 1035 2014 tiplicata
1049 1984 1091 2006 est
1103 1978 1219 2010 insania,
1237 1977 1262 2004 id
1278 1981 1331 2008 est,
1353 1975 1520 2006 vaticinatio,
1542 1981 1702 2008 unoquoque

918 2025 984 2051 falso
1000 2028 1070 2055 vate.
1086 2027 1115 2050 ut
1136 2026 1345 2050 consentaneum
1364 2025 1415 2054 csl,
1434 2027 1511 2047 suum
1537 2018 1700 2046 vaticinandi

918 2071 1025 2098 modum
1051 2070 1175 2097 habente.
1198 2068 1350 2095 Absurdutn
1368 2074 1432 2101 ergo
1459 2070 1486 2093 et
1517 2066 1637 2099 iniquum
1660 2069 1702 2091 est

918 2123 1022 2148 revera,
1042 2119 1068 2142 ct
1082 2115 1152 2149 qttod
1166 2114 1232 2141 satis
1245 2114 1280 2140 sit
1292 2113 1324 2139 ad
1340 2113 1458 2147 graviter
1471 2111 1660 2138 offendendum
1675 2115 1702 2137 et

918 2161 1077 2188 irritandum
1093 2159 1175 2186 Deum
1202 2159 1401 2189 universorum,
1426 2157 1542 2183 libenter
1564 2155 1702 2183 attendere

917 2206 993 2233 falsis
1008 2204 1175 2232 sermonibus
1188 2203 1330 2231 solitorum
1347 2201 1417 2236 loqui
1436 2211 1445 2227 ι
1462 2201 1495 2228 de
1521 2202 1601 2228 corde
1616 2209 1676 2232 suo,
1691 2211 1700 2227 ι

917 2252 987 2279 sicut
998 2251 1126 2285 scripttttn
1136 2254 1189 2281 est.
1204 2254 1245 2276 «et
1256 2256 1306 2275 non
1318 2248 1351 2275 de
1358 2255 1405 2275 ore
1417 2246 1520 2273 Domini
1533 2247 1584 2273 ⁵⁸.»
1599 2246 1703 2273 Caven-

918 2298 980 2325 dum
993 2297 1074 2331 igitur
1088 2295 1247 2323 Christianis
1270 2299 1419 2329 peccatum.
1442 2292 1519 2319 Solos
1542 2293 1613 2320 enim
1641 2299 1703 2318 san-

918 2347 1021 2370 ctarum
1048 2349 1138 2368 rerum
1153 2340 1271 2368 cultores
1292 2339 1324 2366 ad
1350 2338 1501 2372 hujusmodi
1528 2337 1657 2372 languere
1676 2341 1703 2364 et

920 2388 1042 2415 infirmos
1053 2394 1114 2414 esse
1129 2386 1266 2413 condecet.

954 2474 1036 2502 Vens.
1057 2473 1084 2502 8.
1101 2474 1200 2508 Scopas
1213 2473 1340 2505 Epltraim
1353 2480 1410 2499 cum
1422 2471 1476 2498 Deo
1493 2470 1630 2505 propheta,
1662 2469 1703 2497 la-

918 2527 1000 2555 queus
1016 2523 1149 2546 tortuosus
1166 2526 1243 2552 super
1260 2525 1347 2544 omnes
1363 2517 1416 2543 vias
1431 2516 1496 2551 ejus.

908 2569 915 2577 ‘
954 2565 996 2594 Cl.
1011 2564 1086 2592 Solet
1100 2564 1189 2591 divina
1205 2564 1345 2597 Scriptura
1362 2570 1459 2597 scopos
1479 2561 1619 2588 nominare
1635 2567 1703 2593 pra).-

919 2611 992 2639 sides
1002 2615 1029 2638 et
1042 2610 1225 2637 moderatores
1236 2607 1334 2642 populi,
1347 2612 1373 2634 et
1386 2608 1411 2634 in
1426 2606 1533 2633 sublimi
1543 2604 1702 2639 dignitatum

920 2656 1004 2692 gradu
1022 2655 1176 2686 collocatos,
1196 2654 1222 2680 in
1245 2660 1311 2688 quos
1334 2652 1471 2678 intueatur
1487 2651 1531 2685 qui
1553 2654 1651 2677 rectam
1675 2653 1702 2675 et

921 2701 1083 2734 inculpatam
1100 2699 1181 2726 vitam
1201 2699 1298 2734 degere
1321 2697 1392 2724 velit.
1408 2696 1497 2729 Quare
1519 2695 1614 2722 alicubi
1635 2693 1703 2721 Deus

920 2747 954 2774 ad
966 2746 1071 2773 beatum
1087 2745 1244 2779 prophetam
1265 2741 1432 2769 Eaechielem
1448 2750 1454 2768 :
1474 2750 1484 2766 ι
1502 2741 1551 2767 Fili
1575 2737 1701 2769 hominis.

921 2798 1030 2826 scopum
1041 2790 1102 2818 dedi
1116 2794 1142 2817 te
1160 2788 1250 2817 domui
1269 2787 1359 2821 Israel,
1385 2790 1412 2814 et
1433 2791 1582 2814 sermonem
1609 2782 1703 2810 audies

112 2886 134 2902 "
149 2886 248 2915 Ezecb.
264 2893 314 2918 χιι,
334 2885 380 2919 9.7,
395 2884 440 2911 28.
480 2883 503 2900 "
516 2882 570 2911 Jcr.
587 2891 617 2916 ιι,
629 2883 674 2910 28.
712 2883 734 2898 ⁸³
752 2882 820 2910 Osce
833 2888 859 2907 ιιι

922 2899 927 2906 .
966 2880 988 2896 ⁵⁵
1005 2879 1059 2907 Jer.
1079 2886 1154 2912 unt,
1171 2877 1212 2905 I6.
