  <div class='ocr_page' id='page_1' title='image "/cluster/home/n/w/nwhite01/storage/ocr_20150623/71/njp.32101077772745/119.png"; bbox 0 0 1919 3042; ppageno 0'>
   <div class='ocr_carea' id='block_1_1' title="bbox 189 154 243 182">
    <p class='ocr_par' dir='ltr' id='par_1_1' title="bbox 189 154 243 182">
     <span class='ocr_line' id='line_1_1' title="bbox 189 154 243 182; baseline -0.019 0"><span class='ocrx_word' id='word_1_1' title='bbox 189 154 243 182; x_wconf 72' lang='lat'><strong>223</strong></span> 
     </span>
    </p>
   </div>
   <div class='ocr_carea' id='block_1_2' title="bbox 698 151 1313 180">
    <p class='ocr_par' dir='ltr' id='par_1_2' title="bbox 698 151 1313 180">
     <span class='ocr_line' id='line_1_2' title="bbox 698 151 1313 180; baseline -0.002 0"><span class='ocrx_word' id='word_1_2' title='bbox 698 152 725 180; x_wconf 91' lang='lat' dir='ltr'><strong>S.</strong></span> <span class='ocrx_word' id='word_1_3' title='bbox 747 152 883 180; x_wconf 74' lang='lat' dir='ltr'><strong>CYRlLLl</strong></span> <span class='ocrx_word' id='word_1_4' title='bbox 903 151 1136 180; x_wconf 78' lang='lat' dir='ltr'><strong>ALEXANDRINI</strong></span> <span class='ocrx_word' id='word_1_5' title='bbox 1154 151 1313 180; x_wconf 81' lang='lat' dir='ltr'><strong>ARCHIEP.</strong></span> 
     </span>
    </p>
   </div>
   <div class='ocr_carea' id='block_1_3' title="bbox 1761 145 1821 176">
    <p class='ocr_par' dir='ltr' id='par_1_3' title="bbox 1761 145 1821 176">
     <span class='ocr_line' id='line_1_3' title="bbox 1761 145 1821 176; baseline -0.033 0"><span class='ocrx_word' id='word_1_6' title='bbox 1761 145 1821 176; x_wconf 64' lang='grc' dir='ltr'><strong>εει</strong></span> 
     </span>
    </p>
   </div>
   <div class='ocr_carea' id='block_1_4' title="bbox 187 207 973 249">
    <p class='ocr_par' dir='ltr' id='par_1_4' title="bbox 187 210 970 244">
     <span class='ocr_line' id='line_1_4' title="bbox 187 210 970 244; baseline 0.003 -5"><span class='ocrx_word' id='word_1_7' title='bbox 187 218 219 237; x_wconf 81' lang='lat' dir='ltr'><strong>ex</strong></span> <span class='ocrx_word' id='word_1_8' title='bbox 234 219 282 240; x_wconf 88' lang='lat' dir='ltr'><strong>ore</strong></span> <span class='ocrx_word' id='word_1_9' title='bbox 295 219 366 244; x_wconf 81' lang='lat' dir='ltr'><strong>meo.</strong></span> <span class='ocrx_word' id='word_1_10' title='bbox 381 216 408 239; x_wconf 92' lang='lat' dir='ltr'><strong>et</strong></span> <span class='ocrx_word' id='word_1_11' title='bbox 421 210 566 239; x_wconf 80' lang='lat' dir='ltr'><strong>minaberis</strong></span> <span class='ocrx_word' id='word_1_12' title='bbox 588 210 628 238; x_wconf 86' lang='lat' dir='ltr'><strong>eis</strong></span> <span class='ocrx_word' id='word_1_13' title='bbox 647 218 662 238; x_wconf 83' lang='lat' dir='ltr'><strong>a</strong></span> <span class='ocrx_word' id='word_1_14' title='bbox 681 218 723 239; x_wconf 87' lang='lat' dir='ltr'><strong>me</strong></span> <span class='ocrx_word' id='word_1_15' title='bbox 747 211 781 239; x_wconf 86' lang='lat'><strong>&quot;.</strong></span> <span class='ocrx_word' id='word_1_16' title='bbox 799 221 809 238; x_wconf 78' lang='grc' dir='ltr'>ι</span> <span class='ocrx_word' id='word_1_17' title='bbox 835 213 970 241; x_wconf 78' lang='lat' dir='ltr'><strong>Usitatum</strong></span> 
     </span>
    </p>
   </div>
   <div class='ocr_carea' id='block_1_5' title="bbox 1027 207 1817 249">
    <p class='ocr_par' dir='ltr' id='par_1_5' title="bbox 1027 207 1817 249">
     <span class='ocr_line' id='line_1_5' title="bbox 1027 207 1817 249; baseline -0.009 -9"><span class='ocrx_word' id='word_1_18' title='bbox 1027 213 1125 249; x_wconf 51' lang='grc' dir='ltr'>ἀκούσῃ</span> <span class='ocrx_word' id='word_1_19' title='bbox 1140 213 1172 240; x_wconf 82' lang='grc' dir='ltr'>ἐκ</span> <span class='ocrx_word' id='word_1_20' title='bbox 1183 211 1317 247; x_wconf 82' lang='grc' dir='ltr'>στόματός</span> <span class='ocrx_word' id='word_1_21' title='bbox 1332 218 1383 246; x_wconf 85' lang='grc' dir='ltr'><strong>μου</strong></span> <span class='ocrx_word' id='word_1_22' title='bbox 1399 208 1488 243; x_wconf 83' lang='grc' dir='ltr'>λόγον,</span> <span class='ocrx_word' id='word_1_23' title='bbox 1513 208 1560 235; x_wconf 77' lang='grc' dir='ltr'>καὶ</span> <span class='ocrx_word' id='word_1_24' title='bbox 1584 208 1749 243; x_wconf 80' lang='grc' dir='ltr'>οιαπειλήσῃ</span> <span class='ocrx_word' id='word_1_25' title='bbox 1763 207 1817 249; x_wconf 54' lang='grc' dir='ltr'><strong>σξ-</strong></span> 
     </span>
    </p>
   </div>
   <div class='ocr_carea' id='block_1_6' title="bbox 190 255 975 292">
    <p class='ocr_par' dir='ltr' id='par_1_6' title="bbox 190 255 975 292">
     <span class='ocr_line' id='line_1_6' title="bbox 190 255 975 292; baseline 0 -8"><span class='ocrx_word' id='word_1_26' title='bbox 190 257 261 284; x_wconf 90' lang='lat' dir='ltr'><strong>euim</strong></span> <span class='ocrx_word' id='word_1_27' title='bbox 273 262 332 285; x_wconf 86' lang='lat' dir='ltr'><strong>erat</strong></span> <span class='ocrx_word' id='word_1_28' title='bbox 345 257 386 284; x_wconf 85' lang='lat' dir='ltr'><strong>his</strong></span> <span class='ocrx_word' id='word_1_29' title='bbox 397 256 495 290; x_wconf 85' lang='lat' dir='ltr'><strong>scopis.</strong></span> <span class='ocrx_word' id='word_1_30' title='bbox 509 263 560 283; x_wconf 90' lang='lat' dir='ltr'><strong>non</strong></span> <span class='ocrx_word' id='word_1_31' title='bbox 574 255 659 283; x_wconf 86' lang='lat' dir='ltr'><strong>solum</strong></span> <span class='ocrx_word' id='word_1_32' title='bbox 670 256 702 284; x_wconf 87' lang='lat' dir='ltr'><strong>iis</strong></span> <span class='ocrx_word' id='word_1_33' title='bbox 712 264 780 292; x_wconf 80' lang='lat' dir='ltr'><strong>quos</strong></span> <span class='ocrx_word' id='word_1_34' title='bbox 792 257 975 292; x_wconf 81' lang='lat' dir='ltr'><strong>instituerent,</strong></span> 
     </span>
    </p>
   </div>
   <div class='ocr_carea' id='block_1_7' title="bbox 192 301 974 338">
    <p class='ocr_par' dir='ltr' id='par_1_7' title="bbox 192 301 974 338">
     <span class='ocr_line' id='line_1_7' title="bbox 192 301 974 338; baseline 0.001 -9"><span class='ocrx_word' id='word_1_35' title='bbox 192 302 224 329; x_wconf 84' lang='lat' dir='ltr'><strong>ad</strong></span> <span class='ocrx_word' id='word_1_36' title='bbox 241 302 446 336; x_wconf 77' lang='lat' dir='ltr'><strong>descriptionem</strong></span> <span class='ocrx_word' id='word_1_37' title='bbox 462 306 488 327; x_wconf 91' lang='lat' dir='ltr'><strong>et</strong></span> <span class='ocrx_word' id='word_1_38' title='bbox 502 301 618 328; x_wconf 86' lang='lat' dir='ltr'><strong>formam</strong></span> <span class='ocrx_word' id='word_1_39' title='bbox 633 301 752 336; x_wconf 84' lang='lat' dir='ltr'><strong>virtutis,</strong></span> <span class='ocrx_word' id='word_1_40' title='bbox 764 310 815 330; x_wconf 85' lang='lat' dir='ltr'><strong>una</strong></span> <span class='ocrx_word' id='word_1_41' title='bbox 831 311 891 330; x_wconf 87' lang='lat' dir='ltr'><strong>cum</strong></span> <span class='ocrx_word' id='word_1_42' title='bbox 909 303 974 338; x_wconf 75' lang='lat' dir='ltr'><strong>legi-</strong></span> 
     </span>
    </p>
   </div>
   <div class='ocr_carea' id='block_1_8' title="bbox 191 347 974 384">
    <p class='ocr_par' dir='ltr' id='par_1_8' title="bbox 191 347 974 384">
     <span class='ocr_line' id='line_1_8' title="bbox 191 347 974 384; baseline 0.001 -10"><span class='ocrx_word' id='word_1_43' title='bbox 191 348 239 374; x_wconf 88' lang='lat' dir='ltr'><strong>bus</strong></span> <span class='ocrx_word' id='word_1_44' title='bbox 254 355 328 374; x_wconf 87' lang='lat' dir='ltr'><strong>suam</strong></span> <span class='ocrx_word' id='word_1_45' title='bbox 343 347 461 380; x_wconf 81' lang='lat' dir='ltr'><strong>ipsorum</strong></span> <span class='ocrx_word' id='word_1_46' title='bbox 479 347 560 373; x_wconf 87' lang='lat' dir='ltr'><strong>vitam</strong></span> <span class='ocrx_word' id='word_1_47' title='bbox 575 354 742 382; x_wconf 85' lang='lat' dir='ltr'><strong>proponere,</strong></span> <span class='ocrx_word' id='word_1_48' title='bbox 761 348 807 376; x_wconf 85' lang='lat' dir='ltr'><strong>sed</strong></span> <span class='ocrx_word' id='word_1_49' title='bbox 830 349 911 376; x_wconf 86' lang='lat' dir='ltr'><strong>etiam</strong></span> <span class='ocrx_word' id='word_1_50' title='bbox 925 357 974 384; x_wconf 91' lang='lat' dir='ltr'><strong>op-</strong></span> 
     </span>
    </p>
   </div>
   <div class='ocr_carea' id='block_1_9' title="bbox 191 392 974 428">
    <p class='ocr_par' dir='ltr' id='par_1_9' title="bbox 191 392 974 428">
     <span class='ocr_line' id='line_1_9' title="bbox 191 392 974 428; baseline 0.004 -10"><span class='ocrx_word' id='word_1_51' title='bbox 191 393 254 419; x_wconf 82' lang='lat' dir='ltr'><strong>tima</strong></span> <span class='ocrx_word' id='word_1_52' title='bbox 271 396 402 426; x_wconf 57' lang='lat' dir='ltr'><strong>praecepta</strong></span> <span class='ocrx_word' id='word_1_53' title='bbox 419 392 534 425; x_wconf 82' lang='lat' dir='ltr'><strong>tradere,</strong></span> <span class='ocrx_word' id='word_1_54' title='bbox 546 397 574 420; x_wconf 89' lang='lat' dir='ltr'><strong>et</strong></span> <span class='ocrx_word' id='word_1_55' title='bbox 589 393 633 420; x_wconf 86' lang='lat' dir='ltr'><strong>Dei</strong></span> <span class='ocrx_word' id='word_1_56' title='bbox 648 392 812 420; x_wconf 84' lang='lat' dir='ltr'><strong>voluntatem</strong></span> <span class='ocrx_word' id='word_1_57' title='bbox 834 394 916 428; x_wconf 88' lang='lat' dir='ltr'><strong>probe</strong></span> <span class='ocrx_word' id='word_1_58' title='bbox 931 394 974 421; x_wconf 82' lang='lat' dir='ltr'><strong>in-</strong></span> 
     </span>
    </p>
   </div>
   <div class='ocr_carea' id='block_1_10' title="bbox 191 436 973 474">
    <p class='ocr_par' dir='ltr' id='par_1_10' title="bbox 191 436 973 474">
     <span class='ocr_line' id='line_1_10' title="bbox 191 436 973 474; baseline 0.005 -11"><span class='ocrx_word' id='word_1_59' title='bbox 191 437 343 471; x_wconf 86' lang='lat' dir='ltr'><strong>terpretari.</strong></span> <span class='ocrx_word' id='word_1_60' title='bbox 367 436 499 464; x_wconf 69' lang='lat' dir='ltr'><strong>therum</strong></span> <span class='ocrx_word' id='word_1_61' title='bbox 522 437 566 464; x_wconf 88' lang='lat' dir='ltr'><strong>alii</strong></span> <span class='ocrx_word' id='word_1_62' title='bbox 580 438 689 472; x_wconf 85' lang='lat' dir='ltr'><strong>quidem</strong></span> <span class='ocrx_word' id='word_1_63' title='bbox 711 439 798 474; x_wconf 81' lang='lat' dir='ltr'><strong>scopis</strong></span> <span class='ocrx_word' id='word_1_64' title='bbox 816 439 894 466; x_wconf 85' lang='lat' dir='ltr'><strong>bonis</strong></span> <span class='ocrx_word' id='word_1_65' title='bbox 908 440 973 467; x_wconf 85' lang='lat' dir='ltr'><strong>sub-</strong></span> 
     </span>
    </p>
   </div>
   <div class='ocr_carea' id='block_1_11' title="bbox 186 481 972 518">
    <p class='ocr_par' dir='ltr' id='par_1_11' title="bbox 186 481 972 518">
     <span class='ocr_line' id='line_1_11' title="bbox 186 481 972 518; baseline 0.003 -10"><span class='ocrx_word' id='word_1_66' title='bbox 186 481 262 516; x_wconf 69' lang='lat' dir='ltr'><strong>jt&#39;Cll,</strong></span> <span class='ocrx_word' id='word_1_67' title='bbox 280 482 411 509; x_wconf 81' lang='lat' dir='ltr'><strong>directum</strong></span> <span class='ocrx_word' id='word_1_68' title='bbox 432 483 482 509; x_wconf 83' lang='lat' dir='ltr'><strong>iter</strong></span> <span class='ocrx_word' id='word_1_69' title='bbox 499 482 578 510; x_wconf 82' lang='lat' dir='ltr'><strong>olﬁcii</strong></span> <span class='ocrx_word' id='word_1_70' title='bbox 600 484 769 511; x_wconf 81' lang='lat' dir='ltr'><strong>ambulantes</strong></span> <span class='ocrx_word' id='word_1_71' title='bbox 785 484 972 518; x_wconf 79' lang='lat' dir='ltr'><strong>salvabantur;</strong></span> 
     </span>
    </p>
   </div>
   <div class='ocr_carea' id='block_1_12' title="bbox 189 526 972 561">
    <p class='ocr_par' dir='ltr' id='par_1_12' title="bbox 189 526 972 561">
     <span class='ocr_line' id='line_1_12' title="bbox 189 526 972 561; baseline 0.004 -9"><span class='ocrx_word' id='word_1_72' title='bbox 189 527 233 552; x_wconf 90' lang='lat' dir='ltr'><strong>alii</strong></span> <span class='ocrx_word' id='word_1_73' title='bbox 247 526 337 560; x_wconf 81' lang='lat' dir='ltr'><strong>pravis</strong></span> <span class='ocrx_word' id='word_1_74' title='bbox 349 531 377 554; x_wconf 86' lang='lat' dir='ltr'><strong>et</strong></span> <span class='ocrx_word' id='word_1_75' title='bbox 390 527 519 561; x_wconf 87' lang='lat' dir='ltr'><strong>improbis</strong></span> <span class='ocrx_word' id='word_1_76' title='bbox 532 527 687 554; x_wconf 88' lang='lat' dir='ltr'><strong>hominibus</strong></span> <span class='ocrx_word' id='word_1_77' title='bbox 703 527 853 554; x_wconf 89' lang='lat' dir='ltr'><strong>animorum</strong></span> <span class='ocrx_word' id='word_1_78' title='bbox 863 535 972 555; x_wconf 86' lang='lat' dir='ltr'><strong>suorum</strong></span> 
     </span>
    </p>
   </div>
   <div class='ocr_carea' id='block_1_13' title="bbox 190 572 973 607">
    <p class='ocr_par' dir='ltr' id='par_1_13' title="bbox 190 572 973 607">
     <span class='ocr_line' id='line_1_13' title="bbox 190 572 973 607; baseline 0.004 -9"><span class='ocrx_word' id='word_1_79' title='bbox 190 576 326 599; x_wconf 85' lang='lat' dir='ltr'><strong>momenta</strong></span> <span class='ocrx_word' id='word_1_80' title='bbox 345 572 555 604; x_wconf 81' lang='lat' dir='ltr'><strong>committentes,</strong></span> <span class='ocrx_word' id='word_1_81' title='bbox 576 573 705 600; x_wconf 83' lang='lat' dir='ltr'><strong>seducere</strong></span> <span class='ocrx_word' id='word_1_82' title='bbox 726 578 752 600; x_wconf 86' lang='lat' dir='ltr'><strong>et</strong></span> <span class='ocrx_word' id='word_1_83' title='bbox 769 574 859 600; x_wconf 85' lang='lat' dir='ltr'><strong>seduci</strong></span> <span class='ocrx_word' id='word_1_84' title='bbox 882 581 973 607; x_wconf 82' lang='lat' dir='ltr'><strong>perse-</strong></span> 
     </span>
    </p>
   </div>
   <div class='ocr_carea' id='block_1_14' title="bbox 189 617 974 654">
    <p class='ocr_par' dir='ltr' id='par_1_14' title="bbox 189 617 974 654">
     <span class='ocr_line' id='line_1_14' title="bbox 189 617 974 654; baseline 0.005 -12"><span class='ocrx_word' id='word_1_85' title='bbox 189 617 329 650; x_wconf 81' lang='lat' dir='ltr'><strong>verabant,</strong></span> <span class='ocrx_word' id='word_1_86' title='bbox 346 622 435 644; x_wconf 87' lang='lat' dir='ltr'><strong>mente</strong></span> <span class='ocrx_word' id='word_1_87' title='bbox 451 619 484 645; x_wconf 90' lang='lat' dir='ltr'><strong>ab</strong></span> <span class='ocrx_word' id='word_1_88' title='bbox 495 619 567 645; x_wconf 91' lang='lat' dir='ltr'><strong>omni</strong></span> <span class='ocrx_word' id='word_1_89' title='bbox 583 626 664 653; x_wconf 85' lang='lat' dir='ltr'><strong>opere</strong></span> <span class='ocrx_word' id='word_1_90' title='bbox 684 619 756 646; x_wconf 88' lang='lat' dir='ltr'><strong>bono</strong></span> <span class='ocrx_word' id='word_1_91' title='bbox 779 624 806 646; x_wconf 83' lang='lat' dir='ltr'><strong>ct</strong></span> <span class='ocrx_word' id='word_1_92' title='bbox 822 620 974 654; x_wconf 79' lang='lat' dir='ltr'><strong>cognitione</strong></span> 
     </span>
    </p>
   </div>
   <div class='ocr_carea' id='block_1_15' title="bbox 189 662 971 698">
    <p class='ocr_par' dir='ltr' id='par_1_15' title="bbox 189 662 971 698">
     <span class='ocr_line' id='line_1_15' title="bbox 189 662 971 698; baseline 0.004 -11"><span class='ocrx_word' id='word_1_93' title='bbox 189 668 251 688; x_wconf 84' lang='lat' dir='ltr'><strong>vera</strong></span> <span class='ocrx_word' id='word_1_94' title='bbox 269 662 371 690; x_wconf 82' lang='lat' dir='ltr'><strong>inanes.</strong></span> <span class='ocrx_word' id='word_1_95' title='bbox 385 662 498 696; x_wconf 81' lang='lat' dir='ltr'><strong>Propter</strong></span> <span class='ocrx_word' id='word_1_96' title='bbox 511 663 694 697; x_wconf 72' lang='lat' dir='ltr'><strong>hujuscemodi</strong></span> <span class='ocrx_word' id='word_1_97' title='bbox 710 663 821 691; x_wconf 87' lang='lat' dir='ltr'><strong>tribules</strong></span> <span class='ocrx_word' id='word_1_98' title='bbox 833 663 971 698; x_wconf 77' lang='lat' dir='ltr'><strong>prraim,</strong></span> 
     </span>
    </p>
   </div>
   <div class='ocr_carea' id='block_1_16' title="bbox 189 707 972 743">
    <p class='ocr_par' dir='ltr' id='par_1_16' title="bbox 189 707 972 743">
     <span class='ocr_line' id='line_1_16' title="bbox 189 707 972 743; baseline 0.003 -10"><span class='ocrx_word' id='word_1_99' title='bbox 189 707 246 733; x_wconf 81' lang='lat' dir='ltr'><strong>sive</strong></span> <span class='ocrx_word' id='word_1_100' title='bbox 259 707 384 734; x_wconf 84' lang='lat' dir='ltr'><strong>lsraelem</strong></span> <span class='ocrx_word' id='word_1_101' title='bbox 400 713 427 734; x_wconf 88' lang='lat' dir='ltr'><strong>et</strong></span> <span class='ocrx_word' id='word_1_102' title='bbox 443 716 514 734; x_wconf 88' lang='lat' dir='ltr'><strong>nunc</strong></span> <span class='ocrx_word' id='word_1_103' title='bbox 537 710 662 743; x_wconf 81' lang='lat' dir='ltr'><strong>castigat.</strong></span> <span class='ocrx_word' id='word_1_104' title='bbox 689 717 698 734; x_wconf 72' lang='grc' dir='ltr'>α</span> <span class='ocrx_word' id='word_1_105' title='bbox 724 708 820 736; x_wconf 81' lang='lat' dir='ltr'><strong>Factus</strong></span> <span class='ocrx_word' id='word_1_106' title='bbox 836 713 877 736; x_wconf 87' lang='lat' dir='ltr'><strong>est</strong></span> <span class='ocrx_word' id='word_1_107' title='bbox 899 709 972 735; x_wconf 91' lang='lat' dir='ltr'><strong>enim</strong></span> 
     </span>
    </p>
   </div>
   <div class='ocr_carea' id='block_1_17' title="bbox 189 751 972 787">
    <p class='ocr_par' dir='ltr' id='par_1_17' title="bbox 189 751 972 787">
     <span class='ocr_line' id='line_1_17' title="bbox 189 751 972 787; baseline 0.004 -9"><span class='ocrx_word' id='word_1_108' title='bbox 189 751 227 778; x_wconf 89' lang='lat' dir='ltr'><strong>illi</strong></span> <span class='ocrx_word' id='word_1_109' title='bbox 243 759 349 787; x_wconf 79' lang='lat' dir='ltr'><strong>scopus,</strong></span> <span class='ocrx_word' id='word_1_110' title='bbox 365 753 461 787; x_wconf 91' lang='lat' dir='ltr'><strong>inquit,</strong></span> <span class='ocrx_word' id='word_1_111' title='bbox 474 760 534 780; x_wconf 85' lang='lat' dir='ltr'><strong>cum</strong></span> <span class='ocrx_word' id='word_1_112' title='bbox 553 754 607 780; x_wconf 89' lang='lat' dir='ltr'><strong>Deo</strong></span> <span class='ocrx_word' id='word_1_113' title='bbox 622 753 776 787; x_wconf 63' lang='lat' dir='ltr'><strong>propheta.»</strong></span> <span class='ocrx_word' id='word_1_114' title='bbox 796 753 876 787; x_wconf 85' lang='lat' dir='ltr'><strong>Quasi</strong></span> <span class='ocrx_word' id='word_1_115' title='bbox 891 754 972 786; x_wconf 84' lang='lat' dir='ltr'><strong>dicat,</strong></span> 
     </span>
    </p>
   </div>
   <div class='ocr_carea' id='block_1_18' title="bbox 190 797 973 834">
    <p class='ocr_par' dir='ltr' id='par_1_18' title="bbox 190 797 973 834">
     <span class='ocr_line' id='line_1_18' title="bbox 190 797 973 834; baseline 0.004 -11"><span class='ocrx_word' id='word_1_116' title='bbox 190 797 323 832; x_wconf 78' lang='lat' dir='ltr'><strong>cujusque</strong></span> <span class='ocrx_word' id='word_1_117' title='bbox 341 798 386 825; x_wconf 91' lang='lat' dir='ltr'><strong>Dei</strong></span> <span class='ocrx_word' id='word_1_118' title='bbox 410 798 480 830; x_wconf 82' lang='lat' dir='ltr'><strong>falsi,</strong></span> <span class='ocrx_word' id='word_1_119' title='bbox 503 798 585 824; x_wconf 82' lang='lat' dir='ltr'><strong>falsus</strong></span> <span class='ocrx_word' id='word_1_120' title='bbox 600 799 739 834; x_wconf 81' lang='lat' dir='ltr'><strong>propheta.</strong></span> <span class='ocrx_word' id='word_1_121' title='bbox 760 799 794 826; x_wconf 60' lang='lat' dir='ltr'><strong>lit</strong></span> <span class='ocrx_word' id='word_1_122' title='bbox 808 800 879 827; x_wconf 89' lang='lat' dir='ltr'><strong>enim</strong></span> <span class='ocrx_word' id='word_1_123' title='bbox 892 806 973 834; x_wconf 85' lang='lat' dir='ltr'><strong>supra</strong></span> 
     </span>
    </p>
   </div>
   <div class='ocr_carea' id='block_1_19' title="bbox 189 843 972 878">
    <p class='ocr_par' dir='ltr' id='par_1_19' title="bbox 189 843 972 878">
     <span class='ocr_line' id='line_1_19' title="bbox 189 843 972 878; baseline 0.004 -9"><span class='ocrx_word' id='word_1_124' title='bbox 189 843 256 876; x_wconf 82' lang='lat' dir='ltr'><strong>dixi,</strong></span> <span class='ocrx_word' id='word_1_125' title='bbox 275 843 302 870; x_wconf 92' lang='lat' dir='ltr'><strong>in</strong></span> <span class='ocrx_word' id='word_1_126' title='bbox 315 843 474 878; x_wconf 78' lang='lat' dir='ltr'><strong>multiplices</strong></span> <span class='ocrx_word' id='word_1_127' title='bbox 485 851 592 870; x_wconf 85' lang='lat' dir='ltr'><strong>errores</strong></span> <span class='ocrx_word' id='word_1_128' title='bbox 609 844 741 877; x_wconf 81' lang='lat' dir='ltr'><strong>dispertiti</strong></span> <span class='ocrx_word' id='word_1_129' title='bbox 753 844 869 871; x_wconf 88' lang='lat' dir='ltr'><strong>fuerunt.</strong></span> <span class='ocrx_word' id='word_1_130' title='bbox 889 845 972 872; x_wconf 83' lang='lat' dir='ltr'><strong>Etalii</strong></span> 
     </span>
    </p>
   </div>
   <div class='ocr_carea' id='block_1_20' title="bbox 1023 246 1818 292">
    <p class='ocr_par' dir='ltr' id='par_1_20' title="bbox 1023 246 1818 292">
     <span class='ocr_line' id='line_1_20' title="bbox 1023 246 1818 292; baseline -0.009 -7"><span class='ocrx_word' id='word_1_131' title='bbox 1023 260 1080 290; x_wconf 80' lang='grc' dir='ltr'>τοῖς</span> <span class='ocrx_word' id='word_1_132' title='bbox 1098 246 1164 292; x_wconf 69' lang='grc' dir='ltr'>παρ’</span> <span class='ocrx_word' id='word_1_133' title='bbox 1183 246 1261 292; x_wconf 61' lang='grc' dir='ltr'>ἐμοῦ.</span> <span class='ocrx_word' id='word_1_134' title='bbox 1279 265 1288 281; x_wconf 72' lang='grc' dir='ltr'><strong>ι</strong></span> <span class='ocrx_word' id='word_1_135' title='bbox 1320 254 1402 286; x_wconf 85' lang='grc' dir='ltr'>Ἐοος</span> <span class='ocrx_word' id='word_1_136' title='bbox 1429 254 1483 289; x_wconf 84' lang='grc' dir='ltr'><strong>γὰρ</strong></span> <span class='ocrx_word' id='word_1_137' title='bbox 1499 254 1586 281; x_wconf 85' lang='grc' dir='ltr'>τοῖσδε</span> <span class='ocrx_word' id='word_1_138' title='bbox 1615 254 1737 284; x_wconf 84' lang='grc' dir='ltr'>σκοποῖς,</span> <span class='ocrx_word' id='word_1_139' title='bbox 1753 246 1818 287; x_wconf 48' lang='grc' dir='ltr'><strong>οὐχὶ</strong></span> 
     </span>
    </p>
   </div>
   <div class='ocr_carea' id='block_1_21' title="bbox 1025 298 1815 338">
    <p class='ocr_par' dir='ltr' id='par_1_21' title="bbox 1025 298 1815 338">
     <span class='ocr_line' id='line_1_21' title="bbox 1025 298 1815 338; baseline -0.01 -7"><span class='ocrx_word' id='word_1_140' title='bbox 1025 304 1105 338; x_wconf 86' lang='grc' dir='ltr'>μόνον</span> <span class='ocrx_word' id='word_1_141' title='bbox 1120 304 1176 334; x_wconf 78' lang='grc' dir='ltr'>τοῖς</span> <span class='ocrx_word' id='word_1_142' title='bbox 1193 300 1397 335; x_wconf 82' lang='grc' dir='ltr'><strong>παιδευομένοις</strong></span> <span class='ocrx_word' id='word_1_143' title='bbox 1420 299 1488 336; x_wconf 69' lang='grc' dir='ltr'>πρὸς</span> <span class='ocrx_word' id='word_1_144' title='bbox 1502 299 1675 326; x_wconf 76' lang='grc' dir='ltr'><strong>ὑποτύπωσιν</strong></span> <span class='ocrx_word' id='word_1_145' title='bbox 1691 298 1795 334; x_wconf 79' lang='grc' dir='ltr'>ἀρετῆς</span> <span class='ocrx_word' id='word_1_146' title='bbox 1807 318 1815 329; x_wconf 84' lang='grc'><strong>,</strong></span> 
     </span>
    </p>
   </div>
   <div class='ocr_carea' id='block_1_22' title="bbox 1024 343 1815 384">
    <p class='ocr_par' dir='ltr' id='par_1_22' title="bbox 1024 343 1815 384">
     <span class='ocr_line' id='line_1_22' title="bbox 1024 343 1815 384; baseline -0.006 -10"><span class='ocrx_word' id='word_1_147' title='bbox 1024 349 1082 384; x_wconf 73' lang='grc' dir='ltr'>ἦτοι</span> <span class='ocrx_word' id='word_1_148' title='bbox 1097 348 1234 379; x_wconf 76' lang='grc' dir='ltr'>πολιτείας</span> <span class='ocrx_word' id='word_1_149' title='bbox 1243 347 1291 373; x_wconf 73' lang='grc' dir='ltr'>σὺν</span> <span class='ocrx_word' id='word_1_150' title='bbox 1300 346 1391 381; x_wconf 85' lang='grc' dir='ltr'>νόμοις</span> <span class='ocrx_word' id='word_1_151' title='bbox 1401 346 1446 372; x_wconf 83' lang='grc' dir='ltr'>τὸν</span> <span class='ocrx_word' id='word_1_152' title='bbox 1456 345 1559 372; x_wconf 70' lang='grc' dir='ltr'>ἑαυτῶν</span> <span class='ocrx_word' id='word_1_153' title='bbox 1576 343 1732 379; x_wconf 80' lang='grc' dir='ltr'>προτιθέναι</span> <span class='ocrx_word' id='word_1_154' title='bbox 1745 343 1815 378; x_wconf 80' lang='grc' dir='ltr'>βίον,</span> 
     </span>
    </p>
   </div>
   <div class='ocr_carea' id='block_1_23' title="bbox 1023 388 1818 427">
    <p class='ocr_par' dir='ltr' id='par_1_23' title="bbox 1023 388 1818 427">
     <span class='ocr_line' id='line_1_23' title="bbox 1023 388 1818 427; baseline -0.006 -8"><span class='ocrx_word' id='word_1_155' title='bbox 1023 392 1091 420; x_wconf 83' lang='grc' dir='ltr'><strong>ἀλλά</strong></span> <span class='ocrx_word' id='word_1_156' title='bbox 1103 391 1158 427; x_wconf 82' lang='grc' dir='ltr'><strong>γὰρ</strong></span> <span class='ocrx_word' id='word_1_157' title='bbox 1187 392 1233 418; x_wconf 75' lang='grc' dir='ltr'><strong>καὶ</strong></span> <span class='ocrx_word' id='word_1_158' title='bbox 1258 390 1425 426; x_wconf 77' lang='grc' dir='ltr'>εἰσηγεῖσθαι</span> <span class='ocrx_word' id='word_1_159' title='bbox 1447 389 1481 416; x_wconf 82' lang='grc' dir='ltr'><strong>τὰ</strong></span> <span class='ocrx_word' id='word_1_160' title='bbox 1504 390 1635 425; x_wconf 82' lang='grc' dir='ltr'>χρήσιμα,</span> <span class='ocrx_word' id='word_1_161' title='bbox 1665 389 1711 415; x_wconf 80' lang='grc' dir='ltr'><strong>καὶ</strong></span> <span class='ocrx_word' id='word_1_162' title='bbox 1730 388 1761 414; x_wconf 73' lang='grc' dir='ltr'>τὸ</span> <span class='ocrx_word' id='word_1_163' title='bbox 1775 388 1818 423; x_wconf 84' lang='grc' dir='ltr'><strong>τῷ</strong></span> 
     </span>
    </p>
   </div>
   <div class='ocr_carea' id='block_1_24' title="bbox 1024 435 1817 473">
    <p class='ocr_par' dir='ltr' id='par_1_24' title="bbox 1024 435 1817 473">
     <span class='ocr_line' id='line_1_24' title="bbox 1024 435 1817 473; baseline -0.005 -8"><span class='ocrx_word' id='word_1_164' title='bbox 1024 439 1083 473; x_wconf 85' lang='grc' dir='ltr'><strong>Θεῷ</strong></span> <span class='ocrx_word' id='word_1_165' title='bbox 1098 437 1193 465; x_wconf 83' lang='grc' dir='ltr'><strong>δοκοῦν</strong></span> <span class='ocrx_word' id='word_1_166' title='bbox 1219 435 1407 472; x_wconf 84' lang='grc' dir='ltr'>διερμηνεὺειν</span> <span class='ocrx_word' id='word_1_167' title='bbox 1433 435 1528 471; x_wconf 79' lang='grc' dir='ltr'><strong>ὀρθῶς.</strong></span> <span class='ocrx_word' id='word_1_168' title='bbox 1552 436 1622 462; x_wconf 78' lang='grc' dir='ltr'>Ἀλλ’</span> <span class='ocrx_word' id='word_1_169' title='bbox 1645 436 1670 461; x_wconf 82' lang='grc' dir='ltr'>οἱ</span> <span class='ocrx_word' id='word_1_170' title='bbox 1695 435 1746 470; x_wconf 75' lang='grc' dir='ltr'>μὲν</span> <span class='ocrx_word' id='word_1_171' title='bbox 1761 435 1817 461; x_wconf 72' lang='grc' dir='ltr'><strong>ὑπὸ</strong></span> 
     </span>
    </p>
   </div>
   <div class='ocr_carea' id='block_1_25' title="bbox 1025 482 1815 516">
    <p class='ocr_par' dir='ltr' id='par_1_25' title="bbox 1025 482 1815 516">
     <span class='ocr_line' id='line_1_25' title="bbox 1025 482 1815 516; baseline -0.004 -6"><span class='ocrx_word' id='word_1_172' title='bbox 1025 484 1143 515; x_wconf 82' lang='grc' dir='ltr'>σκοποὺς</span> <span class='ocrx_word' id='word_1_173' title='bbox 1167 483 1242 514; x_wconf 73' lang='grc' dir='ltr'>ὄντες</span> <span class='ocrx_word' id='word_1_174' title='bbox 1264 482 1393 516; x_wconf 76' lang='grc' dir='ltr'>ἀγαθοὺς,</span> <span class='ocrx_word' id='word_1_175' title='bbox 1421 483 1481 508; x_wconf 82' lang='grc' dir='ltr'>κατ’</span> <span class='ocrx_word' id='word_1_176' title='bbox 1503 482 1567 508; x_wconf 74' lang='grc' dir='ltr'><strong>εὐθὺ</strong></span> <span class='ocrx_word' id='word_1_177' title='bbox 1590 482 1636 508; x_wconf 80' lang='grc' dir='ltr'>τοῦ</span> <span class='ocrx_word' id='word_1_178' title='bbox 1659 482 1815 516; x_wconf 72' lang='grc' dir='ltr'><strong>πρέποντος</strong></span> 
     </span>
    </p>
   </div>
   <div class='ocr_carea' id='block_1_26' title="bbox 1025 526 1817 562">
    <p class='ocr_par' dir='ltr' id='par_1_26' title="bbox 1025 526 1817 562">
     <span class='ocr_line' id='line_1_26' title="bbox 1025 526 1817 562; baseline -0.004 -7"><span class='ocrx_word' id='word_1_179' title='bbox 1025 529 1119 560; x_wconf 73' lang='grc' dir='ltr'>ἰόντες,</span> <span class='ocrx_word' id='word_1_180' title='bbox 1131 527 1271 559; x_wconf 74' lang='grc' dir='ltr'>ἐσώζοντο·</span> <span class='ocrx_word' id='word_1_181' title='bbox 1286 528 1310 553; x_wconf 88' lang='grc' dir='ltr'>οἱ</span> <span class='ocrx_word' id='word_1_182' title='bbox 1322 527 1350 553; x_wconf 77' lang='grc' dir='ltr'>δὲ</span> <span class='ocrx_word' id='word_1_183' title='bbox 1367 528 1494 562; x_wconf 77' lang='grc' dir='ltr'>πονηροῖς</span> <span class='ocrx_word' id='word_1_184' title='bbox 1516 527 1563 553; x_wconf 75' lang='grc' dir='ltr'>καὶ</span> <span class='ocrx_word' id='word_1_185' title='bbox 1577 526 1687 560; x_wconf 60' lang='grc' dir='ltr'>φαύλοις</span> <span class='ocrx_word' id='word_1_186' title='bbox 1699 527 1817 562; x_wconf 73' lang='grc' dir='ltr'>ἀνδράσι</span> 
     </span>
    </p>
   </div>
   <div class='ocr_carea' id='block_1_27' title="bbox 1023 571 1819 607">
    <p class='ocr_par' dir='ltr' id='par_1_27' title="bbox 1023 571 1819 607">
     <span class='ocr_line' id='line_1_27' title="bbox 1023 571 1819 607; baseline -0.001 -9"><span class='ocrx_word' id='word_1_187' title='bbox 1023 572 1071 607; x_wconf 80' lang='grc' dir='ltr'>τῆς</span> <span class='ocrx_word' id='word_1_188' title='bbox 1090 571 1194 598; x_wconf 78' lang='grc' dir='ltr'><strong>ἑαυτῶν</strong></span> <span class='ocrx_word' id='word_1_189' title='bbox 1207 571 1324 602; x_wconf 79' lang='grc' dir='ltr'><strong>διανοίας</strong></span> <span class='ocrx_word' id='word_1_190' title='bbox 1340 571 1538 606; x_wconf 78' lang='grc' dir='ltr'>προσνέμοντες</span> <span class='ocrx_word' id='word_1_191' title='bbox 1555 571 1604 606; x_wconf 86' lang='grc' dir='ltr'>τὴν</span> <span class='ocrx_word' id='word_1_192' title='bbox 1624 571 1721 607; x_wconf 79' lang='grc' dir='ltr'>ῥοπὴν,</span> <span class='ocrx_word' id='word_1_193' title='bbox 1742 571 1819 597; x_wconf 79' lang='grc' dir='ltr'>πλα-</span> 
     </span>
    </p>
   </div>
   <div class='ocr_carea' id='block_1_28' title="bbox 1023 616 1817 652">
    <p class='ocr_par' dir='ltr' id='par_1_28' title="bbox 1023 616 1817 652">
     <span class='ocr_line' id='line_1_28' title="bbox 1023 616 1817 652; baseline -0.003 -8"><span class='ocrx_word' id='word_1_194' title='bbox 1023 617 1122 649; x_wconf 81' lang='grc' dir='ltr'>νῶντές</span> <span class='ocrx_word' id='word_1_195' title='bbox 1143 626 1184 649; x_wconf 89' lang='grc' dir='ltr'><strong>τε,</strong></span> <span class='ocrx_word' id='word_1_196' title='bbox 1208 617 1254 644; x_wconf 76' lang='grc' dir='ltr'><strong>καὶ</strong></span> <span class='ocrx_word' id='word_1_197' title='bbox 1281 616 1450 652; x_wconf 81' lang='grc' dir='ltr'>πλανώμενοι</span> <span class='ocrx_word' id='word_1_198' title='bbox 1473 616 1616 649; x_wconf 76' lang='grc' dir='ltr'><strong>διετέλουν,</strong></span> <span class='ocrx_word' id='word_1_199' title='bbox 1632 618 1678 643; x_wconf 56' lang='grc' dir='ltr'>καὶ</span> <span class='ocrx_word' id='word_1_200' title='bbox 1702 616 1817 650; x_wconf 74' lang='grc' dir='ltr'>ἀπάσης</span> 
     </span>
    </p>
   </div>
   <div class='ocr_carea' id='block_1_29' title="bbox 1023 662 1816 697">
    <p class='ocr_par' dir='ltr' id='par_1_29' title="bbox 1023 662 1816 697">
     <span class='ocr_line' id='line_1_29' title="bbox 1023 662 1816 697; baseline -0.001 -8"><span class='ocrx_word' id='word_1_201' title='bbox 1023 662 1206 697; x_wconf 84' lang='grc' dir='ltr'>ἀγαθουργίας</span> <span class='ocrx_word' id='word_1_202' title='bbox 1234 663 1282 689; x_wconf 68' lang='grc' dir='ltr'><strong>καὶ</strong></span> <span class='ocrx_word' id='word_1_203' title='bbox 1312 662 1438 695; x_wconf 79' lang='grc' dir='ltr'>γνώσεως</span> <span class='ocrx_word' id='word_1_204' title='bbox 1472 662 1589 697; x_wconf 79' lang='grc' dir='ltr'>ἀληοοῧς</span> <span class='ocrx_word' id='word_1_205' title='bbox 1631 663 1816 697; x_wconf 78' lang='grc' dir='ltr'><strong>ἐξῳκισμένον</strong></span> 
     </span>
    </p>
   </div>
   <div class='ocr_carea' id='block_1_30' title="bbox 1023 700 1816 742">
    <p class='ocr_par' dir='ltr' id='par_1_30' title="bbox 1023 700 1816 742">
     <span class='ocr_line' id='line_1_30' title="bbox 1023 700 1816 742; baseline -0.001 -8"><span class='ocrx_word' id='word_1_206' title='bbox 1023 700 1129 742; x_wconf 70' lang='grc' dir='ltr'>ἔχοντες</span> <span class='ocrx_word' id='word_1_207' title='bbox 1141 707 1185 733; x_wconf 79' lang='grc' dir='ltr'><strong>τὸν</strong></span> <span class='ocrx_word' id='word_1_208' title='bbox 1209 707 1280 733; x_wconf 81' lang='grc' dir='ltr'><strong>νοῦν.</strong></span> <span class='ocrx_word' id='word_1_209' title='bbox 1297 707 1374 733; x_wconf 71' lang='grc' dir='ltr'>Οὕτω</span> <span class='ocrx_word' id='word_1_210' title='bbox 1394 707 1561 738; x_wconf 75' lang='grc' dir='ltr'>πεπονθότας</span> <span class='ocrx_word' id='word_1_211' title='bbox 1579 708 1753 733; x_wconf 78' lang='grc' dir='ltr'><strong>καταιτιᾶται</strong></span> <span class='ocrx_word' id='word_1_212' title='bbox 1767 707 1816 733; x_wconf 72' lang='grc' dir='ltr'>καὶ</span> 
     </span>
    </p>
   </div>
   <div class='ocr_carea' id='block_1_31' title="bbox 1023 752 1814 788">
    <p class='ocr_par' dir='ltr' id='par_1_31' title="bbox 1023 752 1814 788">
     <span class='ocr_line' id='line_1_31' title="bbox 1023 752 1814 788; baseline 0.001 -10"><span class='ocrx_word' id='word_1_213' title='bbox 1023 753 1070 779; x_wconf 81' lang='grc' dir='ltr'>νῦν</span> <span class='ocrx_word' id='word_1_214' title='bbox 1085 753 1147 784; x_wconf 81' lang='grc' dir='ltr'>τοὺς</span> <span class='ocrx_word' id='word_1_215' title='bbox 1163 753 1195 778; x_wconf 81' lang='grc' dir='ltr'><strong>ὲκ</strong></span> <span class='ocrx_word' id='word_1_216' title='bbox 1215 752 1266 786; x_wconf 74' lang='grc' dir='ltr'>τῆς</span> <span class='ocrx_word' id='word_1_217' title='bbox 1290 753 1376 786; x_wconf 78' lang='grc' dir='ltr'>φυλῆς</span> <span class='ocrx_word' id='word_1_218' title='bbox 1400 752 1528 788; x_wconf 78' lang='grc' dir='ltr'>Ἐφραῖμ,</span> <span class='ocrx_word' id='word_1_219' title='bbox 1545 753 1604 787; x_wconf 77' lang='grc' dir='ltr'>ἦτοι</span> <span class='ocrx_word' id='word_1_220' title='bbox 1626 753 1672 779; x_wconf 80' lang='grc' dir='ltr'>τὸν</span> <span class='ocrx_word' id='word_1_221' title='bbox 1691 752 1814 788; x_wconf 75' lang='grc' dir='ltr'>Ἰσραήλ.</span> 
     </span>
    </p>
   </div>
   <div class='ocr_carea' id='block_1_32' title="bbox 1026 797 1816 833">
    <p class='ocr_par' dir='ltr' id='par_1_32' title="bbox 1026 797 1816 833">
     <span class='ocr_line' id='line_1_32' title="bbox 1026 797 1816 833; baseline 0.001 -10"><span class='ocrx_word' id='word_1_222' title='bbox 1026 807 1035 823; x_wconf 73' lang='grc' dir='ltr'>ι</span> <span class='ocrx_word' id='word_1_223' title='bbox 1051 798 1149 831; x_wconf 78' lang='grc' dir='ltr'>Γέγονε</span> <span class='ocrx_word' id='word_1_224' title='bbox 1165 798 1218 833; x_wconf 71' lang='grc' dir='ltr'><strong>γὰρ</strong></span> <span class='ocrx_word' id='word_1_225' title='bbox 1233 797 1317 832; x_wconf 79' lang='grc' dir='ltr'>αὐτῷ,</span> <span class='ocrx_word' id='word_1_226' title='bbox 1335 798 1411 832; x_wconf 68' lang='grc' dir='ltr'>φησὶ,</span> <span class='ocrx_word' id='word_1_227' title='bbox 1441 798 1541 829; x_wconf 71' lang='grc' dir='ltr'>σκοπὸς</span> <span class='ocrx_word' id='word_1_228' title='bbox 1557 798 1627 833; x_wconf 80' lang='grc' dir='ltr'>μετὰ</span> <span class='ocrx_word' id='word_1_229' title='bbox 1653 798 1721 825; x_wconf 84' lang='grc' dir='ltr'>Θεοῦ</span> <span class='ocrx_word' id='word_1_230' title='bbox 1747 807 1816 833; x_wconf 87' lang='grc' dir='ltr'>προ-</span> 
     </span>
    </p>
   </div>
   <div class='ocr_carea' id='block_1_33' title="bbox 1024 843 1816 878">
    <p class='ocr_par' dir='ltr' id='par_1_33' title="bbox 1024 843 1816 878">
     <span class='ocr_line' id='line_1_33' title="bbox 1024 843 1816 878; baseline -0.001 -9"><span class='ocrx_word' id='word_1_231' title='bbox 1024 845 1121 878; x_wconf 78' lang='grc' dir='ltr'>φήτης.</span> <span class='ocrx_word' id='word_1_232' title='bbox 1136 853 1145 869; x_wconf 72' lang='grc' dir='ltr'>ι</span> <span class='ocrx_word' id='word_1_233' title='bbox 1163 844 1274 876; x_wconf 80' lang='grc' dir='ltr'>Ὅμοιον</span> <span class='ocrx_word' id='word_1_234' title='bbox 1284 844 1323 875; x_wconf 81' lang='grc' dir='ltr'>ὡς</span> <span class='ocrx_word' id='word_1_235' title='bbox 1339 844 1363 870; x_wconf 79' lang='grc' dir='ltr'>ει</span> <span class='ocrx_word' id='word_1_236' title='bbox 1375 843 1460 877; x_wconf 80' lang='grc' dir='ltr'>λέγοι,</span> <span class='ocrx_word' id='word_1_237' title='bbox 1478 843 1538 870; x_wconf 79' lang='grc' dir='ltr'>καθ’</span> <span class='ocrx_word' id='word_1_238' title='bbox 1550 843 1664 870; x_wconf 70' lang='grc' dir='ltr'>ἕκαστον</span> <span class='ocrx_word' id='word_1_239' title='bbox 1679 843 1733 870; x_wconf 85' lang='grc' dir='ltr'><strong>τῶν</strong></span> <span class='ocrx_word' id='word_1_240' title='bbox 1749 843 1816 878; x_wconf 77' lang='grc' dir='ltr'>ψευ-</span> 
     </span>
    </p>
   </div>
   <div class='ocr_carea' id='block_1_34' title="bbox 190 881 973 924">
    <p class='ocr_par' dir='ltr' id='par_1_34' title="bbox 190 888 973 924">
     <span class='ocr_line' id='line_1_34' title="bbox 190 888 973 924; baseline 0.003 -9"><span class='ocrx_word' id='word_1_241' title='bbox 190 889 297 922; x_wconf 86' lang='lat' dir='ltr'><strong>quidem</strong></span> <span class='ocrx_word' id='word_1_242' title='bbox 312 889 464 915; x_wconf 85' lang='lat' dir='ltr'><strong>servierunt</strong></span> <span class='ocrx_word' id='word_1_243' title='bbox 479 889 559 921; x_wconf 85' lang='lat' dir='ltr'><strong>Baal,</strong></span> <span class='ocrx_word' id='word_1_244' title='bbox 577 889 621 917; x_wconf 88' lang='lat' dir='ltr'><strong>alii</strong></span> <span class='ocrx_word' id='word_1_245' title='bbox 637 888 765 922; x_wconf 73' lang='lat' dir='ltr'><strong>(Ibamus,</strong></span> <span class='ocrx_word' id='word_1_246' title='bbox 777 890 833 917; x_wconf 78' lang='lat' dir='ltr'><strong>sive</strong></span> <span class='ocrx_word' id='word_1_247' title='bbox 845 890 973 924; x_wconf 88' lang='lat' dir='ltr'><strong>Beelpbe-</strong></span> 
     </span>
    </p>
   </div>
   <div class='ocr_carea' id='block_1_35' title="bbox 1027 881 1815 924">
    <p class='ocr_par' dir='ltr' id='par_1_35' title="bbox 1027 888 1815 924">
     <span class='ocr_line' id='line_1_35' title="bbox 1027 888 1815 924; baseline 0 -9"><span class='ocrx_word' id='word_1_248' title='bbox 1027 888 1155 924; x_wconf 82' lang='grc' dir='ltr'>δωνύμων</span> <span class='ocrx_word' id='word_1_249' title='bbox 1170 889 1249 920; x_wconf 82' lang='grc' dir='ltr'>θεῶν,</span> <span class='ocrx_word' id='word_1_250' title='bbox 1264 889 1312 915; x_wconf 77' lang='grc' dir='ltr'><strong>καὶ</strong></span> <span class='ocrx_word' id='word_1_251' title='bbox 1324 888 1504 924; x_wconf 76' lang='grc' dir='ltr'>ψευδόμαντις</span> <span class='ocrx_word' id='word_1_252' title='bbox 1525 889 1617 921; x_wconf 78' lang='grc' dir='ltr'>ίδικύς.</span> <span class='ocrx_word' id='word_1_253' title='bbox 1638 890 1681 921; x_wconf 85' lang='grc' dir='ltr'>Ὡς</span> <span class='ocrx_word' id='word_1_254' title='bbox 1692 889 1748 924; x_wconf 82' lang='grc' dir='ltr'><strong>γὰρ</strong></span> <span class='ocrx_word' id='word_1_255' title='bbox 1764 890 1815 924; x_wconf 63' lang='grc' dir='ltr'><strong>ἤδη</strong></span> 
     </span>
    </p>
   </div>
   <div class='ocr_carea' id='block_1_36' title="bbox 189 932 971 968">
    <p class='ocr_par' dir='ltr' id='par_1_36' title="bbox 189 932 971 968">
     <span class='ocr_line' id='line_1_36' title="bbox 189 932 971 968; baseline 0.004 -10"><span class='ocrx_word' id='word_1_256' title='bbox 189 939 238 966; x_wconf 76' lang='lat' dir='ltr'><strong>gor</strong></span> <span class='ocrx_word' id='word_1_257' title='bbox 254 932 351 967; x_wconf 75' lang='lat'><strong>:133</strong></span> <span class='ocrx_word' id='word_1_258' title='bbox 369 938 395 959; x_wconf 90' lang='lat' dir='ltr'><strong>et</strong></span> <span class='ocrx_word' id='word_1_259' title='bbox 413 933 437 959; x_wconf 92' lang='lat' dir='ltr'><strong>in</strong></span> <span class='ocrx_word' id='word_1_260' title='bbox 453 933 571 968; x_wconf 83' lang='lat' dir='ltr'><strong>quolibet</strong></span> <span class='ocrx_word' id='word_1_261' title='bbox 585 933 647 960; x_wconf 85' lang='lat' dir='ltr'><strong>fano</strong></span> <span class='ocrx_word' id='word_1_262' title='bbox 668 933 814 961; x_wconf 81' lang='lat' dir='ltr'><strong>formatum</strong></span> <span class='ocrx_word' id='word_1_263' title='bbox 835 939 862 961; x_wconf 89' lang='lat' dir='ltr'><strong>et</strong></span> <span class='ocrx_word' id='word_1_264' title='bbox 879 942 971 961; x_wconf 86' lang='lat' dir='ltr'><strong>mauu-</strong></span> 
     </span>
    </p>
   </div>
   <div class='ocr_carea' id='block_1_37' title="bbox 191 977 974 1014">
    <p class='ocr_par' dir='ltr' id='par_1_37' title="bbox 191 977 974 1014">
     <span class='ocr_line' id='line_1_37' title="bbox 191 977 974 1014; baseline 0.003 -10"><span class='ocrx_word' id='word_1_265' title='bbox 191 977 289 1004; x_wconf 79' lang='lat' dir='ltr'><strong>factum</strong></span> <span class='ocrx_word' id='word_1_266' title='bbox 306 979 478 1006; x_wconf 80' lang='lat' dir='ltr'><strong>sinnilacrum</strong></span> <span class='ocrx_word' id='word_1_267' title='bbox 493 979 602 1013; x_wconf 87' lang='lat' dir='ltr'><strong>aliquod</strong></span> <span class='ocrx_word' id='word_1_268' title='bbox 630 979 784 1014; x_wconf 76' lang='lat' dir='ltr'><strong>idolurnque</strong></span> <span class='ocrx_word' id='word_1_269' title='bbox 801 980 974 1014; x_wconf 81' lang='lat' dir='ltr'><strong>cernebatur,</strong></span> 
     </span>
    </p>
   </div>
   <div class='ocr_carea' id='block_1_38' title="bbox 189 1024 973 1061">
    <p class='ocr_par' dir='ltr' id='par_1_38' title="bbox 189 1024 973 1061">
     <span class='ocr_line' id='line_1_38' title="bbox 189 1024 973 1061; baseline 0.003 -11"><span class='ocrx_word' id='word_1_270' title='bbox 189 1024 232 1050; x_wconf 87' lang='lat' dir='ltr'><strong>cui</strong></span> <span class='ocrx_word' id='word_1_271' title='bbox 252 1024 387 1051; x_wconf 81' lang='lat' dir='ltr'><strong>assidebat</strong></span> <span class='ocrx_word' id='word_1_272' title='bbox 401 1026 564 1060; x_wconf 79' lang='lat' dir='ltr'><strong>assiduoque</strong></span> <span class='ocrx_word' id='word_1_273' title='bbox 586 1026 723 1053; x_wconf 82' lang='lat' dir='ltr'><strong>serviebat</strong></span> <span class='ocrx_word' id='word_1_274' title='bbox 742 1026 973 1061; x_wconf 83' lang='lat' dir='ltr'><strong>pseudopropltcta</strong></span> 
     </span>
    </p>
   </div>
   <div class='ocr_carea' id='block_1_39' title="bbox 189 1071 975 1108">
    <p class='ocr_par' dir='ltr' id='par_1_39' title="bbox 189 1071 975 1108">
     <span class='ocr_line' id='line_1_39' title="bbox 189 1071 975 1108; baseline 0.008 -14"><span class='ocrx_word' id='word_1_275' title='bbox 189 1071 332 1108; x_wconf 34' lang='lat' dir='ltr'><strong>proprius,’</strong></span> <span class='ocrx_word' id='word_1_276' title='bbox 342 1076 454 1105; x_wconf 87' lang='lat' dir='ltr'><strong>eratque</strong></span> <span class='ocrx_word' id='word_1_277' title='bbox 476 1073 545 1107; x_wconf 82' lang='lat' dir='ltr'><strong>apud</strong></span> <span class='ocrx_word' id='word_1_278' title='bbox 561 1079 608 1099; x_wconf 89' lang='lat' dir='ltr'><strong>eos</strong></span> <span class='ocrx_word' id='word_1_279' title='bbox 633 1080 730 1107; x_wconf 39' lang='lat' dir='ltr'><strong>genus.</strong></span> <span class='ocrx_word' id='word_1_280' title='bbox 743 1073 908 1100; x_wconf 76' lang='lat' dir='ltr'><strong>vaticinandi</strong></span> <span class='ocrx_word' id='word_1_281' title='bbox 929 1080 975 1100; x_wconf 83' lang='lat' dir='ltr'><strong>va-</strong></span> 
     </span>
    </p>
   </div>
   <div class='ocr_carea' id='block_1_40' title="bbox 189 1115 973 1153">
    <p class='ocr_par' dir='ltr' id='par_1_40' title="bbox 189 1115 973 1153">
     <span class='ocr_line' id='line_1_40' title="bbox 189 1115 973 1153; baseline 0.008 -13"><span class='ocrx_word' id='word_1_282' title='bbox 189 1115 269 1141; x_wconf 89' lang='lat' dir='ltr'><strong>rium.</strong></span> <span class='ocrx_word' id='word_1_283' title='bbox 294 1115 325 1142; x_wconf 89' lang='lat' dir='ltr'><strong>Et</strong></span> <span class='ocrx_word' id='word_1_284' title='bbox 348 1118 506 1144; x_wconf 76' lang='lat' dir='ltr'><strong>eructabant</strong></span> <span class='ocrx_word' id='word_1_285' title='bbox 528 1119 719 1145; x_wconf 81' lang='lat' dir='ltr'><strong>accedentibus</strong></span> <span class='ocrx_word' id='word_1_286' title='bbox 738 1120 809 1153; x_wconf 92' lang='lat' dir='ltr'><strong>quod</strong></span> <span class='ocrx_word' id='word_1_287' title='bbox 838 1119 973 1152; x_wconf 84' lang='lat' dir='ltr'><strong>volebant,</strong></span> 
     </span>
    </p>
   </div>
   <div class='ocr_carea' id='block_1_41' title="bbox 189 1159 972 1196">
    <p class='ocr_par' dir='ltr' id='par_1_41' title="bbox 189 1159 972 1196">
     <span class='ocr_line' id='line_1_41' title="bbox 189 1159 972 1196; baseline 0.006 -10"><span class='ocrx_word' id='word_1_288' title='bbox 189 1159 247 1187; x_wconf 82' lang='lat' dir='ltr'><strong>sine</strong></span> <span class='ocrx_word' id='word_1_289' title='bbox 263 1161 365 1187; x_wconf 84' lang='lat' dir='ltr'><strong>ratione</strong></span> <span class='ocrx_word' id='word_1_290' title='bbox 389 1165 516 1196; x_wconf 77' lang='lat' dir='ltr'><strong>tauquam</strong></span> <span class='ocrx_word' id='word_1_291' title='bbox 535 1164 705 1191; x_wconf 87' lang='lat' dir='ltr'><strong>conducibile</strong></span> <span class='ocrx_word' id='word_1_292' title='bbox 729 1170 756 1191; x_wconf 82' lang='lat' dir='ltr'><strong>et</strong></span> <span class='ocrx_word' id='word_1_293' title='bbox 781 1166 972 1192; x_wconf 68' lang='lat' dir='ltr'><strong>necossarium.</strong></span> 
     </span>
    </p>
   </div>
   <div class='ocr_carea' id='block_1_42' title="bbox 188 1205 973 1244">
    <p class='ocr_par' dir='ltr' id='par_1_42' title="bbox 188 1205 973 1244">
     <span class='ocr_line' id='line_1_42' title="bbox 188 1205 973 1244; baseline 0.009 -14"><span class='ocrx_word' id='word_1_294' title='bbox 188 1205 319 1239; x_wconf 84' lang='lat' dir='ltr'><strong>Quoniam</strong></span> <span class='ocrx_word' id='word_1_295' title='bbox 335 1206 414 1240; x_wconf 81' lang='lat' dir='ltr'><strong>igitur</strong></span> <span class='ocrx_word' id='word_1_296' title='bbox 427 1206 514 1234; x_wconf 80' lang='lat' dir='ltr'><strong>factus</strong></span> <span class='ocrx_word' id='word_1_297' title='bbox 522 1213 562 1235; x_wconf 85' lang='lat' dir='ltr'><strong>est</strong></span> <span class='ocrx_word' id='word_1_298' title='bbox 577 1216 675 1243; x_wconf 88' lang='lat' dir='ltr'><strong>scopus</strong></span> <span class='ocrx_word' id='word_1_299' title='bbox 689 1209 830 1236; x_wconf 88' lang='lat' dir='ltr'><strong>tribulibus</strong></span> <span class='ocrx_word' id='word_1_300' title='bbox 848 1210 973 1244; x_wconf 83' lang='lat' dir='ltr'><strong>prraim</strong></span> 
     </span>
    </p>
   </div>
   <div class='ocr_carea' id='block_1_43' title="bbox 189 1252 974 1290">
    <p class='ocr_par' dir='ltr' id='par_1_43' title="bbox 189 1252 974 1290">
     <span class='ocr_line' id='line_1_43' title="bbox 189 1252 974 1290; baseline 0.008 -14"><span class='ocrx_word' id='word_1_301' title='bbox 189 1259 250 1277; x_wconf 88' lang='lat' dir='ltr'><strong>eum</strong></span> <span class='ocrx_word' id='word_1_302' title='bbox 264 1258 424 1285; x_wconf 81' lang='lat' dir='ltr'><strong>unoquoque</strong></span> <span class='ocrx_word' id='word_1_303' title='bbox 437 1252 506 1279; x_wconf 80' lang='lat' dir='ltr'><strong>falso</strong></span> <span class='ocrx_word' id='word_1_304' title='bbox 521 1254 571 1280; x_wconf 89' lang='lat' dir='ltr'><strong>deo</strong></span> <span class='ocrx_word' id='word_1_305' title='bbox 586 1255 666 1281; x_wconf 83' lang='lat' dir='ltr'><strong>etiam</strong></span> <span class='ocrx_word' id='word_1_306' title='bbox 688 1256 816 1289; x_wconf 84' lang='lat' dir='ltr'><strong>propheta</strong></span> <span class='ocrx_word' id='word_1_307' title='bbox 839 1257 974 1290; x_wconf 87' lang='lat' dir='ltr'><strong>proprius,</strong></span> 
     </span>
    </p>
   </div>
   <div class='ocr_carea' id='block_1_44' title="bbox 189 1296 976 1336">
    <p class='ocr_par' dir='ltr' id='par_1_44' title="bbox 189 1296 976 1336">
     <span class='ocr_line' id='line_1_44' title="bbox 189 1296 976 1336; baseline 0.008 -13"><span class='ocrx_word' id='word_1_308' title='bbox 189 1296 291 1324; x_wconf 87' lang='lat' dir='ltr'><strong>idcirco</strong></span> <span class='ocrx_word' id='word_1_309' title='bbox 304 1303 395 1332; x_wconf 87' lang='lat' dir='ltr'><strong>postea</strong></span> <span class='ocrx_word' id='word_1_310' title='bbox 413 1298 447 1325; x_wconf 87' lang='lat' dir='ltr'><strong>ad</strong></span> <span class='ocrx_word' id='word_1_311' title='bbox 470 1300 578 1333; x_wconf 81' lang='lat' dir='ltr'><strong>quidvis</strong></span> <span class='ocrx_word' id='word_1_312' title='bbox 603 1302 786 1334; x_wconf 79' lang='lat' dir='ltr'><strong>turpissimum</strong></span> <span class='ocrx_word' id='word_1_313' title='bbox 814 1302 976 1336; x_wconf 77' lang='lat' dir='ltr'><strong>impotenter</strong></span> 
     </span>
    </p>
   </div>
   <div class='ocr_carea' id='block_1_45' title="bbox 189 1343 976 1381">
    <p class='ocr_par' dir='ltr' id='par_1_45' title="bbox 189 1343 976 1381">
     <span class='ocr_line' id='line_1_45' title="bbox 189 1343 976 1381; baseline 0.009 -13"><span class='ocrx_word' id='word_1_314' title='bbox 189 1349 219 1368; x_wconf 86' lang='lat' dir='ltr'><strong>se</strong></span> <span class='ocrx_word' id='word_1_315' title='bbox 230 1343 370 1370; x_wconf 86' lang='lat' dir='ltr'><strong>dederunt.</strong></span> <span class='ocrx_word' id='word_1_316' title='bbox 389 1343 443 1370; x_wconf 81' lang='lat' dir='ltr'><strong>Hoc</strong></span> <span class='ocrx_word' id='word_1_317' title='bbox 459 1345 509 1372; x_wconf 82' lang='lat' dir='ltr'><strong>illis</strong></span> <span class='ocrx_word' id='word_1_318' title='bbox 526 1344 627 1372; x_wconf 80' lang='lat' dir='ltr'><strong>factum</strong></span> <span class='ocrx_word' id='word_1_319' title='bbox 649 1351 690 1374; x_wconf 91' lang='lat' dir='ltr'><strong>est</strong></span> <span class='ocrx_word' id='word_1_320' title='bbox 717 1357 726 1372; x_wconf 85' lang='grc'><strong><em>‹</em></strong></span> <span class='ocrx_word' id='word_1_321' title='bbox 747 1351 774 1374; x_wconf 88' lang='lat' dir='ltr'><strong>et</strong></span> <span class='ocrx_word' id='word_1_322' title='bbox 793 1347 904 1381; x_wconf 82' lang='lat' dir='ltr'><strong>laqueus</strong></span> <span class='ocrx_word' id='word_1_323' title='bbox 920 1353 976 1375; x_wconf 93' lang='lat' dir='ltr'><strong>tor-</strong></span> 
     </span>
    </p>
   </div>
   <div class='ocr_carea' id='block_1_46' title="bbox 190 1388 974 1428">
    <p class='ocr_par' dir='ltr' id='par_1_46' title="bbox 190 1388 974 1428">
     <span class='ocr_line' id='line_1_46' title="bbox 190 1388 974 1428; baseline 0.009 -15"><span class='ocrx_word' id='word_1_324' title='bbox 190 1391 293 1414; x_wconf 83' lang='lat' dir='ltr'><strong>tuosus.</strong></span> <span class='ocrx_word' id='word_1_325' title='bbox 313 1398 322 1414; x_wconf 80' lang='grc'><strong>»</strong></span> <span class='ocrx_word' id='word_1_326' title='bbox 334 1388 389 1415; x_wconf 85' lang='grc' dir='ltr'><strong>Νοη</strong></span> <span class='ocrx_word' id='word_1_327' title='bbox 406 1390 477 1416; x_wconf 83' lang='lat' dir='ltr'><strong>enim</strong></span> <span class='ocrx_word' id='word_1_328' title='bbox 492 1395 617 1425; x_wconf 83' lang='lat' dir='ltr'><strong>poterant</strong></span> <span class='ocrx_word' id='word_1_329' title='bbox 634 1393 723 1426; x_wconf 76' lang='lat' dir='ltr'><strong>dirigi,</strong></span> <span class='ocrx_word' id='word_1_330' title='bbox 734 1398 761 1419; x_wconf 90' lang='lat' dir='ltr'><strong>et</strong></span> <span class='ocrx_word' id='word_1_331' title='bbox 776 1398 974 1428; x_wconf 82' lang='lat' dir='ltr'><strong>rectauuquam</strong></span> 
     </span>
    </p>
   </div>
   <div class='ocr_carea' id='block_1_47' title="bbox 189 1433 974 1473">
    <p class='ocr_par' dir='ltr' id='par_1_47' title="bbox 189 1433 974 1473">
     <span class='ocr_line' id='line_1_47' title="bbox 189 1433 974 1473; baseline 0.01 -14"><span class='ocrx_word' id='word_1_332' title='bbox 189 1433 316 1461; x_wconf 83' lang='lat' dir='ltr'><strong>incedere</strong></span> <span class='ocrx_word' id='word_1_333' title='bbox 331 1435 357 1461; x_wconf 94' lang='lat' dir='ltr'><strong>in</strong></span> <span class='ocrx_word' id='word_1_334' title='bbox 381 1439 420 1462; x_wconf 90' lang='lat' dir='ltr'><strong>tot</strong></span> <span class='ocrx_word' id='word_1_335' title='bbox 437 1436 548 1463; x_wconf 76' lang='lat' dir='ltr'><strong>deorum</strong></span> <span class='ocrx_word' id='word_1_336' title='bbox 578 1438 677 1464; x_wconf 86' lang='lat' dir='ltr'><strong>cultum</strong></span> <span class='ocrx_word' id='word_1_337' title='bbox 705 1439 833 1473; x_wconf 80' lang='lat' dir='ltr'><strong>prolapsi.</strong></span> <span class='ocrx_word' id='word_1_338' title='bbox 864 1445 892 1465; x_wconf 91' lang='lat' dir='ltr'><strong>ut</strong></span> <span class='ocrx_word' id='word_1_339' title='bbox 913 1447 974 1467; x_wconf 88' lang='lat' dir='ltr'><strong>cum</strong></span> 
     </span>
    </p>
   </div>
   <div class='ocr_carea' id='block_1_48' title="bbox 189 1479 976 1518">
    <p class='ocr_par' dir='ltr' id='par_1_48' title="bbox 189 1479 976 1518">
     <span class='ocr_line' id='line_1_48' title="bbox 189 1479 976 1518; baseline 0.009 -13"><span class='ocrx_word' id='word_1_340' title='bbox 189 1479 309 1513; x_wconf 87' lang='lat' dir='ltr'><strong>quolibet</strong></span> <span class='ocrx_word' id='word_1_341' title='bbox 330 1481 379 1508; x_wconf 89' lang='lat' dir='ltr'><strong>deo</strong></span> <span class='ocrx_word' id='word_1_342' title='bbox 400 1486 427 1508; x_wconf 87' lang='lat' dir='ltr'><strong>et</strong></span> <span class='ocrx_word' id='word_1_343' title='bbox 448 1483 584 1516; x_wconf 89' lang='lat' dir='ltr'><strong>proprium</strong></span> <span class='ocrx_word' id='word_1_344' title='bbox 606 1484 763 1518; x_wconf 85' lang='lat' dir='ltr'><strong>prophetam</strong></span> <span class='ocrx_word' id='word_1_345' title='bbox 789 1485 928 1516; x_wconf 78' lang='lat' dir='ltr'><strong>haberent,</strong></span> <span class='ocrx_word' id='word_1_346' title='bbox 948 1490 976 1512; x_wconf 87' lang='lat' dir='ltr'><strong>et</strong></span> 
     </span>
    </p>
   </div>
   <div class='ocr_carea' id='block_1_49' title="bbox 190 1526 1009 1578">
    <p class='ocr_par' dir='ltr' id='par_1_49' title="bbox 190 1526 1009 1578">
     <span class='ocr_line' id='line_1_49' title="bbox 190 1526 1009 1578; baseline 0.007 -27"><span class='ocrx_word' id='word_1_347' title='bbox 190 1526 299 1560; x_wconf 88' lang='lat' dir='ltr'><strong>insuper</strong></span> <span class='ocrx_word' id='word_1_348' title='bbox 309 1534 419 1560; x_wconf 86' lang='lat' dir='ltr'><strong>scopum</strong></span> <span class='ocrx_word' id='word_1_349' title='bbox 435 1529 486 1554; x_wconf 83' lang='lat' dir='ltr'><strong>sibi</strong></span> <span class='ocrx_word' id='word_1_350' title='bbox 501 1528 631 1560; x_wconf 83' lang='lat' dir='ltr'><strong>facerent,</strong></span> <span class='ocrx_word' id='word_1_351' title='bbox 648 1530 692 1563; x_wconf 85' lang='lat' dir='ltr'><strong>qui</strong></span> <span class='ocrx_word' id='word_1_352' title='bbox 708 1538 754 1557; x_wconf 85' lang='lat' dir='ltr'><strong>eos</strong></span> <span class='ocrx_word' id='word_1_353' title='bbox 771 1538 785 1556; x_wconf 90' lang='lat' dir='ltr'><strong>a</strong></span> <span class='ocrx_word' id='word_1_354' title='bbox 799 1531 898 1564; x_wconf 81' lang='lat' dir='ltr'><strong>pietate</strong></span> <span class='ocrx_word' id='word_1_355' title='bbox 911 1539 973 1566; x_wconf 74' lang='lat' dir='ltr'><strong>erga</strong></span> <span class='ocrx_word' id='word_1_356' title='bbox 988 1549 1009 1578; x_wconf 59' lang='grc' dir='ltr'>ο</span> 
     </span>
    </p>
   </div>
   <div class='ocr_carea' id='block_1_50' title="bbox 190 1570 973 1609">
    <p class='ocr_par' dir='ltr' id='par_1_50' title="bbox 190 1570 973 1609">
     <span class='ocr_line' id='line_1_50' title="bbox 190 1570 973 1609; baseline 0.006 -12"><span class='ocrx_word' id='word_1_357' title='bbox 190 1570 273 1598; x_wconf 88' lang='lat' dir='ltr'><strong>Deum</strong></span> <span class='ocrx_word' id='word_1_358' title='bbox 287 1572 449 1605; x_wconf 82' lang='lat' dir='ltr'><strong>abducebat,</strong></span> <span class='ocrx_word' id='word_1_359' title='bbox 468 1579 492 1600; x_wconf 89' lang='lat' dir='ltr'><strong>et</strong></span> <span class='ocrx_word' id='word_1_360' title='bbox 508 1574 534 1600; x_wconf 94' lang='lat' dir='ltr'><strong>in</strong></span> <span class='ocrx_word' id='word_1_361' title='bbox 550 1574 654 1600; x_wconf 77' lang='lat' dir='ltr'><strong>loream</strong></span> <span class='ocrx_word' id='word_1_362' title='bbox 671 1576 829 1609; x_wconf 79' lang='lat' dir='ltr'><strong>perditionis</strong></span> <span class='ocrx_word' id='word_1_363' title='bbox 852 1576 973 1609; x_wconf 63' lang='lat' dir='ltr'><strong>prmcipi-</strong></span> 
     </span>
    </p>
   </div>
   <div class='ocr_carea' id='block_1_51' title="bbox 190 1616 973 1655">
    <p class='ocr_par' dir='ltr' id='par_1_51' title="bbox 190 1616 973 1655">
     <span class='ocr_line' id='line_1_51' title="bbox 190 1616 973 1655; baseline 0.009 -13"><span class='ocrx_word' id='word_1_364' title='bbox 190 1616 275 1645; x_wconf 83' lang='lat' dir='ltr'><strong>tabat.</strong></span> <span class='ocrx_word' id='word_1_365' title='bbox 297 1617 422 1645; x_wconf 84' lang='lat' dir='ltr'><strong>Volentes</strong></span> <span class='ocrx_word' id='word_1_366' title='bbox 438 1620 517 1654; x_wconf 80' lang='lat' dir='ltr'><strong>igitur</strong></span> <span class='ocrx_word' id='word_1_367' title='bbox 534 1620 637 1654; x_wconf 79' lang='lat' dir='ltr'><strong>legibus</strong></span> <span class='ocrx_word' id='word_1_368' title='bbox 657 1621 851 1648; x_wconf 82' lang='lat' dir='ltr'><strong>convenienter</strong></span> <span class='ocrx_word' id='word_1_369' title='bbox 875 1622 973 1655; x_wconf 81' lang='lat' dir='ltr'><strong>vivere,</strong></span> 
     </span>
    </p>
   </div>
   <div class='ocr_carea' id='block_1_52' title="bbox 189 1662 975 1702">
    <p class='ocr_par' dir='ltr' id='par_1_52' title="bbox 189 1662 975 1702">
     <span class='ocr_line' id='line_1_52' title="bbox 189 1662 975 1702; baseline 0.009 -14"><span class='ocrx_word' id='word_1_370' title='bbox 189 1662 343 1691; x_wconf 69' lang='lat' dir='ltr'><strong>auscultare</strong></span> <span class='ocrx_word' id='word_1_371' title='bbox 360 1664 457 1691; x_wconf 85' lang='lat' dir='ltr'><strong>deban</strong></span> <span class='ocrx_word' id='word_1_372' title='bbox 479 1673 530 1693; x_wconf 92' lang='lat' dir='ltr'><strong>non</strong></span> <span class='ocrx_word' id='word_1_373' title='bbox 552 1667 708 1694; x_wconf 87' lang='lat' dir='ltr'><strong>docentibus</strong></span> <span class='ocrx_word' id='word_1_374' title='bbox 731 1667 899 1702; x_wconf 78' lang='lat' dir='ltr'><strong>simpliciter,</strong></span> <span class='ocrx_word' id='word_1_375' title='bbox 926 1675 975 1695; x_wconf 88' lang='lat' dir='ltr'><strong>nec</strong></span> 
     </span>
    </p>
   </div>
   <div class='ocr_carea' id='block_1_53' title="bbox 190 1705 976 1747">
    <p class='ocr_par' dir='ltr' id='par_1_53' title="bbox 190 1705 976 1747">
     <span class='ocr_line' id='line_1_53' title="bbox 190 1705 976 1747; baseline 0.009 -14"><span class='ocrx_word' id='word_1_376' title='bbox 190 1705 361 1742; x_wconf 85' lang='lat' dir='ltr'><strong>loquentibus</strong></span> <span class='ocrx_word' id='word_1_377' title='bbox 373 1709 406 1736; x_wconf 89' lang='lat' dir='ltr'><strong>de</strong></span> <span class='ocrx_word' id='word_1_378' title='bbox 421 1710 502 1737; x_wconf 86' lang='lat' dir='ltr'><strong>corde</strong></span> <span class='ocrx_word' id='word_1_379' title='bbox 517 1718 565 1738; x_wconf 90' lang='lat' dir='ltr'><strong>suo</strong></span> <span class='ocrx_word' id='word_1_380' title='bbox 587 1711 621 1743; x_wconf 77' lang='grc'><strong>⁵⁵,</strong></span> <span class='ocrx_word' id='word_1_381' title='bbox 649 1712 694 1739; x_wconf 87' lang='lat' dir='ltr'><strong>sed</strong></span> <span class='ocrx_word' id='word_1_382' title='bbox 714 1712 813 1747; x_wconf 86' lang='lat' dir='ltr'><strong>quibus</strong></span> <span class='ocrx_word' id='word_1_383' title='bbox 836 1713 926 1739; x_wconf 77' lang='lat' dir='ltr'><strong>divina</strong></span> <span class='ocrx_word' id='word_1_384' title='bbox 948 1717 976 1740; x_wconf 90' lang='lat' dir='ltr'><strong>et</strong></span> 
     </span>
    </p>
   </div>
   <div class='ocr_carea' id='block_1_54' title="bbox 190 1755 975 1791">
    <p class='ocr_par' dir='ltr' id='par_1_54' title="bbox 190 1755 975 1791">
     <span class='ocr_line' id='line_1_54' title="bbox 190 1755 975 1791; baseline 0.008 -13"><span class='ocrx_word' id='word_1_385' title='bbox 190 1759 306 1787; x_wconf 88' lang='lat' dir='ltr'><strong>superna</strong></span> <span class='ocrx_word' id='word_1_386' title='bbox 324 1755 409 1789; x_wconf 73' lang='lat' dir='ltr'><strong>gratia</strong></span> <span class='ocrx_word' id='word_1_387' title='bbox 423 1756 537 1783; x_wconf 61' lang='lat' dir='ltr'><strong>sincera</strong></span> <span class='ocrx_word' id='word_1_388' title='bbox 559 1764 622 1791; x_wconf 79' lang='lat' dir='ltr'><strong>erga</strong></span> <span class='ocrx_word' id='word_1_389' title='bbox 637 1756 720 1784; x_wconf 85' lang='lat' dir='ltr'><strong>Deum</strong></span> <span class='ocrx_word' id='word_1_390' title='bbox 738 1758 881 1785; x_wconf 84' lang='lat' dir='ltr'><strong>charitatis</strong></span> <span class='ocrx_word' id='word_1_391' title='bbox 898 1759 975 1785; x_wconf 84' lang='lat' dir='ltr'><strong>testi-</strong></span> 
     </span>
    </p>
   </div>
   <div class='ocr_carea' id='block_1_55' title="bbox 190 1798 974 1835">
    <p class='ocr_par' dir='ltr' id='par_1_55' title="bbox 190 1798 974 1835">
     <span class='ocr_line' id='line_1_55' title="bbox 190 1798 974 1835; baseline 0.008 -11"><span class='ocrx_word' id='word_1_392' title='bbox 190 1798 309 1825; x_wconf 90' lang='lat' dir='ltr'><strong>monium</strong></span> <span class='ocrx_word' id='word_1_393' title='bbox 332 1801 446 1828; x_wconf 85' lang='lat' dir='ltr'><strong>dederit.</strong></span> <span class='ocrx_word' id='word_1_394' title='bbox 475 1801 542 1829; x_wconf 90' lang='lat' dir='ltr'><strong>llinc</strong></span> <span class='ocrx_word' id='word_1_395' title='bbox 566 1807 592 1829; x_wconf 88' lang='lat' dir='ltr'><strong>et</strong></span> <span class='ocrx_word' id='word_1_396' title='bbox 613 1802 736 1830; x_wconf 85' lang='lat' dir='ltr'><strong>Christus</strong></span> <span class='ocrx_word' id='word_1_397' title='bbox 756 1812 762 1830; x_wconf 92' lang='lat'>:</span> <span class='ocrx_word' id='word_1_398' title='bbox 790 1812 799 1829; x_wconf 77' lang='grc' dir='ltr'>ι</span> <span class='ocrx_word' id='word_1_399' title='bbox 826 1803 974 1835; x_wconf 80' lang='lat' dir='ltr'><strong>Atlcndite,</strong></span> 
     </span>
    </p>
   </div>
   <div class='ocr_carea' id='block_1_56' title="bbox 191 1844 975 1882">
    <p class='ocr_par' dir='ltr' id='par_1_56' title="bbox 191 1844 975 1882">
     <span class='ocr_line' id='line_1_56' title="bbox 191 1844 975 1882; baseline 0.01 -13"><span class='ocrx_word' id='word_1_400' title='bbox 191 1844 287 1877; x_wconf 77' lang='lat' dir='ltr'><strong>inquit,</strong></span> <span class='ocrx_word' id='word_1_401' title='bbox 306 1853 320 1871; x_wconf 88' lang='lat' dir='ltr'><strong>a</strong></span> <span class='ocrx_word' id='word_1_402' title='bbox 333 1846 409 1872; x_wconf 74' lang='lat' dir='ltr'><strong>falsis</strong></span> <span class='ocrx_word' id='word_1_403' title='bbox 424 1848 574 1881; x_wconf 86' lang='lat' dir='ltr'><strong>prophetis,</strong></span> <span class='ocrx_word' id='word_1_404' title='bbox 592 1849 637 1882; x_wconf 89' lang='lat' dir='ltr'><strong>qui</strong></span> <span class='ocrx_word' id='word_1_405' title='bbox 658 1849 765 1876; x_wconf 87' lang='lat' dir='ltr'><strong>veniunt</strong></span> <span class='ocrx_word' id='word_1_406' title='bbox 781 1850 813 1876; x_wconf 89' lang='lat' dir='ltr'><strong>ad</strong></span> <span class='ocrx_word' id='word_1_407' title='bbox 830 1857 876 1877; x_wconf 84' lang='lat' dir='ltr'><strong>vos</strong></span> <span class='ocrx_word' id='word_1_408' title='bbox 890 1850 914 1876; x_wconf 94' lang='lat' dir='ltr'><strong>in</strong></span> <span class='ocrx_word' id='word_1_409' title='bbox 930 1857 975 1877; x_wconf 87' lang='lat' dir='ltr'><strong>ve-</strong></span> 
     </span>
    </p>
   </div>
   <div class='ocr_carea' id='block_1_57' title="bbox 189 1889 975 1931">
    <p class='ocr_par' dir='ltr' id='par_1_57' title="bbox 189 1889 975 1931">
     <span class='ocr_line' id='line_1_57' title="bbox 189 1889 975 1931; baseline 0.009 -15"><span class='ocrx_word' id='word_1_410' title='bbox 189 1889 325 1918; x_wconf 78' lang='lat' dir='ltr'><strong>stimentis</strong></span> <span class='ocrx_word' id='word_1_411' title='bbox 343 1891 445 1925; x_wconf 71' lang='lat' dir='ltr'><strong>ovium,</strong></span> <span class='ocrx_word' id='word_1_412' title='bbox 463 1893 625 1922; x_wconf 79' lang='lat' dir='ltr'><strong>intrinsecus</strong></span> <span class='ocrx_word' id='word_1_413' title='bbox 642 1902 730 1922; x_wconf 82' lang='lat' dir='ltr'><strong>autem</strong></span> <span class='ocrx_word' id='word_1_414' title='bbox 746 1901 808 1923; x_wconf 86' lang='lat' dir='ltr'><strong>sunt</strong></span> <span class='ocrx_word' id='word_1_415' title='bbox 829 1896 882 1931; x_wconf 87' lang='lat' dir='ltr'><strong>lupi</strong></span> <span class='ocrx_word' id='word_1_416' title='bbox 899 1903 975 1931; x_wconf 86' lang='lat' dir='ltr'><strong>rapa-</strong></span> 
     </span>
    </p>
   </div>
   <div class='ocr_carea' id='block_1_58' title="bbox 189 1935 308 1962">
    <p class='ocr_par' dir='ltr' id='par_1_58' title="bbox 189 1935 308 1962">
     <span class='ocr_line' id='line_1_58' title="bbox 189 1935 308 1962; baseline 0.008 -1"><span class='ocrx_word' id='word_1_417' title='bbox 189 1941 235 1962; x_wconf 88' lang='lat' dir='ltr'><strong>ces</strong></span> <span class='ocrx_word' id='word_1_418' title='bbox 250 1935 282 1962; x_wconf 85' lang='lat'><strong>&quot;.</strong></span> <span class='ocrx_word' id='word_1_419' title='bbox 298 1945 308 1962; x_wconf 75' lang='grc' dir='ltr'>ι</span> 
     </span>
    </p>
   </div>
   <div class='ocr_carea' id='block_1_59' title="bbox 224 2022 973 2060">
    <p class='ocr_par' dir='ltr' id='par_1_59' title="bbox 224 2022 973 2060">
     <span class='ocr_line' id='line_1_59' title="bbox 224 2022 973 2060; baseline 0.007 -12"><span class='ocrx_word' id='word_1_420' title='bbox 224 2022 243 2048; x_wconf 82' lang='grc' dir='ltr'><strong>Α</strong></span> <span class='ocrx_word' id='word_1_421' title='bbox 257 2023 410 2052; x_wconf 88' lang='lat' dir='ltr'><strong>crudelibus</strong></span> <span class='ocrx_word' id='word_1_422' title='bbox 429 2030 517 2052; x_wconf 86' lang='lat' dir='ltr'><strong>autem</strong></span> <span class='ocrx_word' id='word_1_423' title='bbox 543 2026 607 2053; x_wconf 84' lang='lat' dir='ltr'><strong>leris</strong></span> <span class='ocrx_word' id='word_1_424' title='bbox 629 2033 722 2060; x_wconf 88' lang='lat' dir='ltr'><strong>parum</strong></span> <span class='ocrx_word' id='word_1_425' title='bbox 743 2027 898 2060; x_wconf 48' lang='lat' dir='ltr'><strong>discrepare</strong></span> <span class='ocrx_word' id='word_1_426' title='bbox 921 2034 973 2053; x_wconf 87' lang='lat' dir='ltr'><strong>non</strong></span> 
     </span>
    </p>
   </div>
   <div class='ocr_carea' id='block_1_60' title="bbox 190 2066 975 2103">
    <p class='ocr_par' dir='ltr' id='par_1_60' title="bbox 190 2066 975 2103">
     <span class='ocr_line' id='line_1_60' title="bbox 190 2066 975 2103; baseline 0.009 -12"><span class='ocrx_word' id='word_1_427' title='bbox 190 2066 257 2093; x_wconf 86' lang='lat' dir='ltr'><strong>falso</strong></span> <span class='ocrx_word' id='word_1_428' title='bbox 272 2068 435 2096; x_wconf 87' lang='lat' dir='ltr'><strong>allirmamus</strong></span> <span class='ocrx_word' id='word_1_429' title='bbox 456 2070 598 2103; x_wconf 84' lang='lat' dir='ltr'><strong>impiarum</strong></span> <span class='ocrx_word' id='word_1_430' title='bbox 620 2071 751 2098; x_wconf 70' lang='grc' dir='ltr'>ιιωγρειιιιι</span> <span class='ocrx_word' id='word_1_431' title='bbox 773 2072 925 2098; x_wconf 72' lang='lat' dir='ltr'><strong>iuvenlorcs</strong></span> <span class='ocrx_word' id='word_1_432' title='bbox 947 2076 975 2098; x_wconf 90' lang='lat' dir='ltr'><strong>ct</strong></span> 
     </span>
    </p>
   </div>
   <div class='ocr_carea' id='block_1_61' title="bbox 190 2113 974 2149">
    <p class='ocr_par' dir='ltr' id='par_1_61' title="bbox 190 2113 974 2149">
     <span class='ocr_line' id='line_1_61' title="bbox 190 2113 974 2149; baseline 0.009 -14"><span class='ocrx_word' id='word_1_433' title='bbox 190 2115 328 2143; x_wconf 83' lang='lat' dir='ltr'><strong>patronos,</strong></span> <span class='ocrx_word' id='word_1_434' title='bbox 345 2113 390 2146; x_wconf 94' lang='lat' dir='ltr'><strong>qui</strong></span> <span class='ocrx_word' id='word_1_435' title='bbox 405 2120 452 2140; x_wconf 91' lang='lat' dir='ltr'><strong>ore</strong></span> <span class='ocrx_word' id='word_1_436' title='bbox 469 2115 576 2141; x_wconf 86' lang='lat' dir='ltr'><strong>diducto</strong></span> <span class='ocrx_word' id='word_1_437' title='bbox 591 2115 715 2141; x_wconf 81' lang='lat' dir='ltr'><strong>lsraclem</strong></span> <span class='ocrx_word' id='word_1_438' title='bbox 739 2116 879 2142; x_wconf 72' lang='lat' dir='ltr'><strong>devorant.</strong></span> <span class='ocrx_word' id='word_1_439' title='bbox 904 2119 974 2149; x_wconf 73' lang='lat' dir='ltr'><strong>Quo-</strong></span> 
     </span>
    </p>
   </div>
   <div class='ocr_carea' id='block_1_62' title="bbox 189 2155 972 2195">
    <p class='ocr_par' dir='ltr' id='par_1_62' title="bbox 189 2155 972 2195">
     <span class='ocr_line' id='line_1_62' title="bbox 189 2155 972 2195; baseline 0.01 -15"><span class='ocrx_word' id='word_1_440' title='bbox 189 2155 332 2184; x_wconf 87' lang='lat' dir='ltr'><strong>dammodo</strong></span> <span class='ocrx_word' id='word_1_441' title='bbox 355 2158 427 2185; x_wconf 88' lang='lat' dir='ltr'><strong>enim</strong></span> <span class='ocrx_word' id='word_1_442' title='bbox 454 2165 618 2186; x_wconf 89' lang='lat' dir='ltr'><strong>consumunt</strong></span> <span class='ocrx_word' id='word_1_443' title='bbox 644 2160 837 2195; x_wconf 78' lang='lat' dir='ltr'><strong>sin-pliciorum</strong></span> <span class='ocrx_word' id='word_1_444' title='bbox 857 2162 972 2194; x_wconf 75' lang='lat' dir='ltr'><strong>animus,</strong></span> 
     </span>
    </p>
   </div>
   <div class='ocr_carea' id='block_1_63' title="bbox 190 2201 974 2241">
    <p class='ocr_par' dir='ltr' id='par_1_63' title="bbox 190 2201 974 2241">
     <span class='ocr_line' id='line_1_63' title="bbox 190 2201 974 2241; baseline 0.009 -14"><span class='ocrx_word' id='word_1_445' title='bbox 190 2201 302 2229; x_wconf 71' lang='lat' dir='ltr'><strong>fallaciae</strong></span> <span class='ocrx_word' id='word_1_446' title='bbox 316 2203 442 2232; x_wconf 83' lang='lat' dir='ltr'><strong>dentibus</strong></span> <span class='ocrx_word' id='word_1_447' title='bbox 454 2212 501 2232; x_wconf 89' lang='lat' dir='ltr'><strong>eos</strong></span> <span class='ocrx_word' id='word_1_448' title='bbox 515 2205 740 2233; x_wconf 83' lang='lat' dir='ltr'><strong>couuninuentes.</strong></span> <span class='ocrx_word' id='word_1_449' title='bbox 762 2206 869 2233; x_wconf 56' lang='lat' dir='ltr'><strong>Dicatur</strong></span> <span class='ocrx_word' id='word_1_450' title='bbox 884 2208 974 2241; x_wconf 85' lang='lat' dir='ltr'><strong>itaque</strong></span> 
     </span>
    </p>
   </div>
   <div class='ocr_carea' id='block_1_64' title="bbox 193 2247 972 2280">
    <p class='ocr_par' dir='ltr' id='par_1_64' title="bbox 193 2247 972 2280">
     <span class='ocr_line' id='line_1_64' title="bbox 193 2247 972 2280; baseline 0.006 -7"><span class='ocrx_word' id='word_1_451' title='bbox 193 2247 295 2275; x_wconf 85' lang='lat' dir='ltr'><strong>anobis</strong></span> <span class='ocrx_word' id='word_1_452' title='bbox 311 2249 412 2277; x_wconf 88' lang='lat' dir='ltr'><strong>etiam:</strong></span> <span class='ocrx_word' id='word_1_453' title='bbox 432 2259 441 2276; x_wconf 73' lang='grc' dir='ltr'>ι</span> <span class='ocrx_word' id='word_1_454' title='bbox 468 2250 537 2278; x_wconf 86' lang='lat' dir='ltr'><strong>Deus</strong></span> <span class='ocrx_word' id='word_1_455' title='bbox 557 2257 680 2279; x_wconf 88' lang='lat' dir='ltr'><strong>conteret</strong></span> <span class='ocrx_word' id='word_1_456' title='bbox 703 2252 797 2280; x_wconf 85' lang='lat' dir='ltr'><strong>dentes</strong></span> <span class='ocrx_word' id='word_1_457' title='bbox 820 2260 913 2279; x_wconf 88' lang='lat' dir='ltr'><strong>eorum</strong></span> <span class='ocrx_word' id='word_1_458' title='bbox 946 2254 972 2279; x_wconf 94' lang='lat' dir='ltr'><strong>in</strong></span> 
     </span>
    </p>
   </div>
   <div class='ocr_carea' id='block_1_65' title="bbox 189 2295 971 2334">
    <p class='ocr_par' dir='ltr' id='par_1_65' title="bbox 189 2295 971 2334">
     <span class='ocr_line' id='line_1_65' title="bbox 189 2295 971 2334; baseline 0.006 -14"><span class='ocrx_word' id='word_1_459' title='bbox 189 2300 236 2320; x_wconf 83' lang='lat' dir='ltr'><strong>ore</strong></span> <span class='ocrx_word' id='word_1_460' title='bbox 250 2295 382 2329; x_wconf 87' lang='lat' dir='ltr'><strong>ipsorum;</strong></span> <span class='ocrx_word' id='word_1_461' title='bbox 407 2295 490 2323; x_wconf 80' lang='lat' dir='ltr'><strong>molas</strong></span> <span class='ocrx_word' id='word_1_462' title='bbox 504 2297 609 2324; x_wconf 85' lang='lat' dir='ltr'><strong>leonum</strong></span> <span class='ocrx_word' id='word_1_463' title='bbox 626 2298 760 2334; x_wconf 79' lang='lat' dir='ltr'><strong>confregit</strong></span> <span class='ocrx_word' id='word_1_464' title='bbox 776 2298 916 2325; x_wconf 69' lang='lat' dir='ltr'><strong>Dominus.</strong></span> <span class='ocrx_word' id='word_1_465' title='bbox 932 2298 971 2325; x_wconf 85' lang='lat' dir='ltr'><strong>Ad</strong></span> 
     </span>
    </p>
   </div>
   <div class='ocr_carea' id='block_1_66' title="bbox 190 2339 974 2378">
    <p class='ocr_par' dir='ltr' id='par_1_66' title="bbox 190 2339 974 2378">
     <span class='ocr_line' id='line_1_66' title="bbox 190 2339 974 2378; baseline 0.008 -12"><span class='ocrx_word' id='word_1_466' title='bbox 190 2339 302 2367; x_wconf 90' lang='lat' dir='ltr'><strong>nihilum</strong></span> <span class='ocrx_word' id='word_1_467' title='bbox 322 2342 475 2374; x_wconf 85' lang='lat' dir='ltr'><strong>devenient,</strong></span> <span class='ocrx_word' id='word_1_468' title='bbox 491 2347 520 2369; x_wconf 94' lang='lat' dir='ltr'><strong>ut</strong></span> <span class='ocrx_word' id='word_1_469' title='bbox 533 2351 601 2378; x_wconf 88' lang='lat' dir='ltr'><strong>aqua</strong></span> <span class='ocrx_word' id='word_1_470' title='bbox 619 2346 777 2372; x_wconf 88' lang='lat' dir='ltr'><strong>decurrens.</strong></span> <span class='ocrx_word' id='word_1_471' title='bbox 798 2344 919 2372; x_wconf 86' lang='lat' dir='ltr'><strong>lntendet</strong></span> <span class='ocrx_word' id='word_1_472' title='bbox 928 2352 974 2371; x_wconf 84' lang='lat' dir='ltr'><strong>ar-</strong></span> 
     </span>
    </p>
   </div>
   <div class='ocr_carea' id='block_1_67' title="bbox 190 2387 708 2416">
    <p class='ocr_par' dir='ltr' id='par_1_67' title="bbox 190 2387 708 2416">
     <span class='ocr_line' id='line_1_67' title="bbox 190 2387 708 2416; baseline 0.008 -4"><span class='ocrx_word' id='word_1_473' title='bbox 190 2393 251 2413; x_wconf 90' lang='lat' dir='ltr'><strong>cum</strong></span> <span class='ocrx_word' id='word_1_474' title='bbox 268 2394 346 2414; x_wconf 90' lang='lat' dir='ltr'><strong>suum</strong></span> <span class='ocrx_word' id='word_1_475' title='bbox 358 2387 443 2415; x_wconf 85' lang='lat' dir='ltr'><strong>donec</strong></span> <span class='ocrx_word' id='word_1_476' title='bbox 458 2388 628 2416; x_wconf 88' lang='lat' dir='ltr'><strong>inlirmentur</strong></span> <span class='ocrx_word' id='word_1_477' title='bbox 643 2390 676 2416; x_wconf 76' lang='lat'><strong>°°.</strong></span> <span class='ocrx_word' id='word_1_478' title='bbox 699 2400 708 2416; x_wconf 75' lang='grc' dir='ltr'>ι</span> 
     </span>
    </p>
   </div>
   <div class='ocr_carea' id='block_1_68' title="bbox 226 2476 973 2514">
    <p class='ocr_par' dir='ltr' id='par_1_68' title="bbox 226 2476 973 2514">
     <span class='ocr_line' id='line_1_68' title="bbox 226 2476 973 2514; baseline 0.001 -10"><span class='ocrx_word' id='word_1_479' title='bbox 226 2476 308 2504; x_wconf 71' lang='lat' dir='ltr'><strong>Vens.</strong></span> <span class='ocrx_word' id='word_1_480' title='bbox 320 2476 347 2504; x_wconf 89' lang='lat'><strong>9.</strong></span> <span class='ocrx_word' id='word_1_481' title='bbox 363 2476 497 2503; x_wconf 76' lang='lat' dir='ltr'><strong>Insaniam</strong></span> <span class='ocrx_word' id='word_1_482' title='bbox 512 2477 540 2504; x_wconf 82' lang='lat' dir='ltr'><strong>in</strong></span> <span class='ocrx_word' id='word_1_483' title='bbox 561 2478 638 2505; x_wconf 85' lang='lat' dir='ltr'><strong>domo</strong></span> <span class='ocrx_word' id='word_1_484' title='bbox 662 2478 709 2506; x_wconf 85' lang='lat' dir='ltr'><strong>Dei</strong></span> <span class='ocrx_word' id='word_1_485' title='bbox 724 2479 882 2514; x_wconf 70' lang='lat' dir='ltr'><strong>deﬁxerant.</strong></span> <span class='ocrx_word' id='word_1_486' title='bbox 907 2479 973 2507; x_wconf 79' lang='lat' dir='ltr'><strong>Cor-</strong></span> 
     </span>
    </p>
   </div>
   <div class='ocr_carea' id='block_1_69' title="bbox 191 2522 975 2560">
    <p class='ocr_par' dir='ltr' id='par_1_69' title="bbox 191 2522 975 2560">
     <span class='ocr_line' id='line_1_69' title="bbox 191 2522 975 2560; baseline 0.006 -12"><span class='ocrx_word' id='word_1_487' title='bbox 191 2523 261 2556; x_wconf 81' lang='lat' dir='ltr'><strong>rupli</strong></span> <span class='ocrx_word' id='word_1_488' title='bbox 277 2526 336 2549; x_wconf 76' lang='lat' dir='ltr'><strong>sunt</strong></span> <span class='ocrx_word' id='word_1_489' title='bbox 350 2522 490 2549; x_wconf 71' lang='lat' dir='ltr'><strong>secundum</strong></span> <span class='ocrx_word' id='word_1_490' title='bbox 502 2524 557 2550; x_wconf 68' lang='lat' dir='ltr'><strong>dies</strong></span> <span class='ocrx_word' id='word_1_491' title='bbox 572 2523 656 2552; x_wconf 76' lang='lat' dir='ltr'><strong>callis.</strong></span> <span class='ocrx_word' id='word_1_492' title='bbox 672 2525 864 2553; x_wconf 82' lang='lat' dir='ltr'><strong>Recordabitur</strong></span> <span class='ocrx_word' id='word_1_493' title='bbox 876 2526 975 2560; x_wconf 76' lang='lat' dir='ltr'><strong>iniqui-</strong></span> 
     </span>
    </p>
   </div>
   <div class='ocr_carea' id='block_1_70' title="bbox 192 2567 753 2602">
    <p class='ocr_par' dir='ltr' id='par_1_70' title="bbox 192 2567 753 2602">
     <span class='ocr_line' id='line_1_70' title="bbox 192 2567 753 2602; baseline 0.011 -10"><span class='ocrx_word' id='word_1_494' title='bbox 192 2567 254 2594; x_wconf 77' lang='lat' dir='ltr'><strong>tatis</strong></span> <span class='ocrx_word' id='word_1_495' title='bbox 270 2575 370 2599; x_wconf 82' lang='lat' dir='ltr'><strong>eorum,</strong></span> <span class='ocrx_word' id='word_1_496' title='bbox 386 2568 526 2595; x_wconf 77' lang='lat' dir='ltr'><strong>ulciscetur</strong></span> <span class='ocrx_word' id='word_1_497' title='bbox 534 2576 638 2602; x_wconf 75' lang='lat' dir='ltr'><strong>peccata</strong></span> <span class='ocrx_word' id='word_1_498' title='bbox 654 2579 753 2598; x_wconf 79' lang='lat' dir='ltr'><strong>eorum.</strong></span> 
     </span>
    </p>
   </div>
   <div class='ocr_carea' id='block_1_71' title="bbox 227 2611 975 2651">
    <p class='ocr_par' dir='ltr' id='par_1_71' title="bbox 227 2611 975 2651">
     <span class='ocr_line' id='line_1_71' title="bbox 227 2611 975 2651; baseline 0.003 -11"><span class='ocrx_word' id='word_1_499' title='bbox 227 2611 281 2640; x_wconf 86' lang='lat' dir='ltr'><strong>Cll.</strong></span> <span class='ocrx_word' id='word_1_500' title='bbox 295 2611 430 2640; x_wconf 82' lang='lat' dir='ltr'><strong>insaniant</strong></span> <span class='ocrx_word' id='word_1_501' title='bbox 446 2619 473 2641; x_wconf 89' lang='lat' dir='ltr'><strong>et</strong></span> <span class='ocrx_word' id='word_1_502' title='bbox 486 2614 530 2642; x_wconf 82' lang='lat' dir='ltr'><strong>hic</strong></span> <span class='ocrx_word' id='word_1_503' title='bbox 546 2623 620 2642; x_wconf 90' lang='lat' dir='ltr'><strong>more</strong></span> <span class='ocrx_word' id='word_1_504' title='bbox 633 2616 711 2643; x_wconf 89' lang='lat' dir='ltr'><strong>solito</strong></span> <span class='ocrx_word' id='word_1_505' title='bbox 727 2616 810 2644; x_wconf 86' lang='lat' dir='ltr'><strong>falsas</strong></span> <span class='ocrx_word' id='word_1_506' title='bbox 823 2616 975 2651; x_wconf 75' lang='lat' dir='ltr'><strong>pnedictio-</strong></span> 
     </span>
    </p>
   </div>
   <div class='ocr_carea' id='block_1_72' title="bbox 193 2659 975 2691">
    <p class='ocr_par' dir='ltr' id='par_1_72' title="bbox 193 2659 975 2691">
     <span class='ocr_line' id='line_1_72' title="bbox 193 2659 975 2691; baseline 0.006 -7"><span class='ocrx_word' id='word_1_507' title='bbox 193 2665 242 2685; x_wconf 85' lang='lat' dir='ltr'><strong>nes</strong></span> <span class='ocrx_word' id='word_1_508' title='bbox 254 2659 387 2691; x_wconf 87' lang='lat' dir='ltr'><strong>nominat,</strong></span> <span class='ocrx_word' id='word_1_509' title='bbox 409 2659 516 2687; x_wconf 91' lang='lat' dir='ltr'><strong>domum</strong></span> <span class='ocrx_word' id='word_1_510' title='bbox 532 2665 620 2688; x_wconf 80' lang='lat' dir='ltr'><strong>autem</strong></span> <span class='ocrx_word' id='word_1_511' title='bbox 646 2662 748 2689; x_wconf 83' lang='lat' dir='ltr'><strong>Domini</strong></span> <span class='ocrx_word' id='word_1_512' title='bbox 768 2662 905 2690; x_wconf 81' lang='lat' dir='ltr'><strong>lsraelem.</strong></span> <span class='ocrx_word' id='word_1_513' title='bbox 932 2662 975 2689; x_wconf 91' lang='lat' dir='ltr'><strong>Di-</strong></span> 
     </span>
    </p>
   </div>
   <div class='ocr_carea' id='block_1_73' title="bbox 193 2704 973 2743">
    <p class='ocr_par' dir='ltr' id='par_1_73' title="bbox 193 2704 973 2743">
     <span class='ocr_line' id='line_1_73' title="bbox 193 2704 973 2743; baseline 0.008 -13"><span class='ocrx_word' id='word_1_514' title='bbox 193 2709 266 2731; x_wconf 84' lang='lat' dir='ltr'><strong>ctum</strong></span> <span class='ocrx_word' id='word_1_515' title='bbox 281 2709 320 2731; x_wconf 87' lang='lat' dir='ltr'><strong>est</strong></span> <span class='ocrx_word' id='word_1_516' title='bbox 333 2704 413 2740; x_wconf 80' lang='lat' dir='ltr'><strong>igitur</strong></span> <span class='ocrx_word' id='word_1_517' title='bbox 422 2707 536 2740; x_wconf 89' lang='lat' dir='ltr'><strong>quodam</strong></span> <span class='ocrx_word' id='word_1_518' title='bbox 546 2707 604 2735; x_wconf 92' lang='lat' dir='ltr'><strong>loco</strong></span> <span class='ocrx_word' id='word_1_519' title='bbox 615 2715 662 2743; x_wconf 89' lang='lat' dir='ltr'><strong>per</strong></span> <span class='ocrx_word' id='word_1_520' title='bbox 671 2707 814 2735; x_wconf 81' lang='lat' dir='ltr'><strong>Jererniam</strong></span> <span class='ocrx_word' id='word_1_521' title='bbox 824 2709 856 2735; x_wconf 82' lang='lat' dir='ltr'><strong>ad</strong></span> <span class='ocrx_word' id='word_1_522' title='bbox 867 2708 958 2736; x_wconf 71' lang='lat' dir='ltr'><strong>Judaeo</strong></span> <span class='ocrx_word' id='word_1_523' title='bbox 966 2723 973 2728; x_wconf 88' lang='lat'><strong>-</strong></span> 
     </span>
    </p>
   </div>
   <div class='ocr_carea' id='block_1_74' title="bbox 193 2749 976 2789">
    <p class='ocr_par' dir='ltr' id='par_1_74' title="bbox 193 2749 976 2789">
     <span class='ocr_line' id='line_1_74' title="bbox 193 2749 976 2789; baseline 0.006 -14"><span class='ocrx_word' id='word_1_524' title='bbox 193 2756 252 2776; x_wconf 86' lang='lat' dir='ltr'><strong>rum</strong></span> <span class='ocrx_word' id='word_1_525' title='bbox 271 2749 451 2787; x_wconf 74' lang='lat' dir='ltr'><strong>Synagogam,</strong></span> <span class='ocrx_word' id='word_1_526' title='bbox 472 2752 545 2780; x_wconf 87' lang='lat' dir='ltr'><strong>velut</strong></span> <span class='ocrx_word' id='word_1_527' title='bbox 561 2761 592 2780; x_wconf 80' lang='lat' dir='ltr'><strong>ex</strong></span> <span class='ocrx_word' id='word_1_528' title='bbox 625 2761 739 2789; x_wconf 83' lang='lat' dir='ltr'><strong>persona</strong></span> <span class='ocrx_word' id='word_1_529' title='bbox 758 2754 803 2781; x_wconf 87' lang='lat' dir='ltr'><strong>Dei</strong></span> <span class='ocrx_word' id='word_1_530' title='bbox 822 2762 853 2781; x_wconf 69' lang='grc' dir='ltr'><strong>ζ(</strong></span> <span class='ocrx_word' id='word_1_531' title='bbox 880 2753 976 2787; x_wconf 85' lang='lat' dir='ltr'><strong>Nonne</strong></span> 
     </span>
    </p>
   </div>
   <div class='ocr_carea' id='block_1_75' title="bbox 227 2837 492 2873">
    <p class='ocr_par' dir='ltr' id='par_1_75' title="bbox 227 2837 492 2873">
     <span class='ocr_line' id='line_1_75' title="bbox 227 2837 492 2873; baseline 0.008 -7"><span class='ocrx_word' id='word_1_532' title='bbox 227 2837 250 2854; x_wconf 71' lang='grc' dir='ltr'>δ’</span> <span class='ocrx_word' id='word_1_533' title='bbox 270 2837 365 2867; x_wconf 84' lang='lat' dir='ltr'><strong>Ezech.</strong></span> <span class='ocrx_word' id='word_1_534' title='bbox 386 2848 428 2873; x_wconf 80' lang='lat' dir='ltr'><strong>tu.</strong></span> <span class='ocrx_word' id='word_1_535' title='bbox 448 2841 492 2868; x_wconf 81' lang='lat' dir='ltr'><strong>l7.</strong></span> 
     </span>
    </p>
   </div>
   <div class='ocr_carea' id='block_1_76' title="bbox 1026 933 1816 970">
    <p class='ocr_par' dir='ltr' id='par_1_76' title="bbox 1026 933 1816 970">
     <span class='ocr_line' id='line_1_76' title="bbox 1026 933 1816 970; baseline 0 -10"><span class='ocrx_word' id='word_1_536' title='bbox 1026 935 1165 969; x_wconf 78' lang='grc' dir='ltr'>προεῖπον,</span> <span class='ocrx_word' id='word_1_537' title='bbox 1184 935 1224 966; x_wconf 84' lang='grc' dir='ltr'><strong>είς</strong></span> <span class='ocrx_word' id='word_1_538' title='bbox 1236 933 1404 969; x_wconf 78' lang='grc' dir='ltr'>πολύτροπον</span> <span class='ocrx_word' id='word_1_539' title='bbox 1417 934 1575 970; x_wconf 75' lang='grc' dir='ltr'>ἐμερίζοντο</span> <span class='ocrx_word' id='word_1_540' title='bbox 1587 933 1701 970; x_wconf 82' lang='grc' dir='ltr'>πλάνην.</span> <span class='ocrx_word' id='word_1_541' title='bbox 1718 936 1775 961; x_wconf 68' lang='grc' dir='ltr'><strong>Καὶ</strong></span> <span class='ocrx_word' id='word_1_542' title='bbox 1791 935 1816 961; x_wconf 85' lang='grc' dir='ltr'><strong>οί</strong></span> 
     </span>
    </p>
   </div>
   <div class='ocr_carea' id='block_1_77' title="bbox 1027 978 1817 1015">
    <p class='ocr_par' dir='ltr' id='par_1_77' title="bbox 1027 978 1817 1015">
     <span class='ocr_line' id='line_1_77' title="bbox 1027 978 1817 1015; baseline 0 -10"><span class='ocrx_word' id='word_1_543' title='bbox 1027 979 1075 1014; x_wconf 84' lang='grc' dir='ltr'>μὲν</span> <span class='ocrx_word' id='word_1_544' title='bbox 1086 979 1283 1014; x_wconf 87' lang='grc' dir='ltr'>λελατρεύκασι</span> <span class='ocrx_word' id='word_1_545' title='bbox 1294 978 1332 1013; x_wconf 78' lang='grc' dir='ltr'>τῷ</span> <span class='ocrx_word' id='word_1_546' title='bbox 1342 979 1427 1006; x_wconf 75' lang='grc' dir='ltr'>Βάαλ·</span> <span class='ocrx_word' id='word_1_547' title='bbox 1435 980 1459 1005; x_wconf 89' lang='grc' dir='ltr'>οἰ</span> <span class='ocrx_word' id='word_1_548' title='bbox 1467 979 1494 1006; x_wconf 81' lang='grc' dir='ltr'>δὲ</span> <span class='ocrx_word' id='word_1_549' title='bbox 1506 979 1544 1015; x_wconf 82' lang='grc' dir='ltr'><strong>τῷ</strong></span> <span class='ocrx_word' id='word_1_550' title='bbox 1555 980 1667 1014; x_wconf 85' lang='grc' dir='ltr'>Χαμὼς,</span> <span class='ocrx_word' id='word_1_551' title='bbox 1677 980 1762 1015; x_wconf 74' lang='grc' dir='ltr'>ἤγουν</span> <span class='ocrx_word' id='word_1_552' title='bbox 1777 978 1817 1014; x_wconf 87' lang='grc' dir='ltr'>τῷ</span> 
     </span>
    </p>
   </div>
   <div class='ocr_carea' id='block_1_78' title="bbox 1025 1024 1816 1060">
    <p class='ocr_par' dir='ltr' id='par_1_78' title="bbox 1025 1024 1816 1060">
     <span class='ocr_line' id='line_1_78' title="bbox 1025 1024 1816 1060; baseline 0 -10"><span class='ocrx_word' id='word_1_553' title='bbox 1025 1024 1192 1059; x_wconf 79' lang='grc' dir='ltr'>Βεελφεγώρ.</span> <span class='ocrx_word' id='word_1_554' title='bbox 1207 1025 1260 1052; x_wconf 78' lang='grc' dir='ltr'><strong>Καὶ</strong></span> <span class='ocrx_word' id='word_1_555' title='bbox 1277 1026 1304 1051; x_wconf 82' lang='grc' dir='ltr'>ὲν</span> <span class='ocrx_word' id='word_1_556' title='bbox 1315 1025 1421 1059; x_wconf 77' lang='grc' dir='ltr'><strong>ἑκάστῳ</strong></span> <span class='ocrx_word' id='word_1_557' title='bbox 1437 1025 1548 1059; x_wconf 83' lang='grc' dir='ltr'>τεμένει</span> <span class='ocrx_word' id='word_1_558' title='bbox 1570 1024 1816 1060; x_wconf 78' lang='grc' dir='ltr'>πεπλαστούργητό</span> 
     </span>
    </p>
   </div>
   <div class='ocr_carea' id='block_1_79' title="bbox 1024 1070 1818 1106">
    <p class='ocr_par' dir='ltr' id='par_1_79' title="bbox 1024 1070 1818 1106">
     <span class='ocr_line' id='line_1_79' title="bbox 1024 1070 1818 1106; baseline 0 -10"><span class='ocrx_word' id='word_1_559' title='bbox 1024 1079 1051 1096; x_wconf 87' lang='grc' dir='ltr'><strong>τι</strong></span> <span class='ocrx_word' id='word_1_560' title='bbox 1078 1070 1125 1097; x_wconf 75' lang='grc' dir='ltr'>καὶ</span> <span class='ocrx_word' id='word_1_561' title='bbox 1145 1070 1323 1105; x_wconf 84' lang='grc' dir='ltr'>χειρόκμητον</span> <span class='ocrx_word' id='word_1_562' title='bbox 1348 1070 1459 1105; x_wconf 82' lang='grc' dir='ltr'>ἄγαλμά</span> <span class='ocrx_word' id='word_1_563' title='bbox 1487 1079 1516 1097; x_wconf 90' lang='grc' dir='ltr'><strong>τε</strong></span> <span class='ocrx_word' id='word_1_564' title='bbox 1534 1071 1581 1097; x_wconf 74' lang='grc' dir='ltr'><strong>καὶ</strong></span> <span class='ocrx_word' id='word_1_565' title='bbox 1605 1071 1716 1106; x_wconf 77' lang='grc' dir='ltr'>βρέτας,</span> <span class='ocrx_word' id='word_1_566' title='bbox 1732 1070 1779 1096; x_wconf 70' lang='grc' dir='ltr'><strong>καὶ</strong></span> <span class='ocrx_word' id='word_1_567' title='bbox 1800 1071 1818 1096; x_wconf 72' lang='grc' dir='ltr'>ὁ</span> 
     </span>
    </p>
   </div>
   <div class='ocr_carea' id='block_1_80' title="bbox 1025 1115 1814 1150">
    <p class='ocr_par' dir='ltr' id='par_1_80' title="bbox 1025 1115 1814 1150">
     <span class='ocr_line' id='line_1_80' title="bbox 1025 1115 1814 1150; baseline 0 -9"><span class='ocrx_word' id='word_1_568' title='bbox 1025 1115 1211 1150; x_wconf 76' lang='grc' dir='ltr'>προσεδρεύων</span> <span class='ocrx_word' id='word_1_569' title='bbox 1224 1115 1330 1150; x_wconf 76' lang='grc' dir='ltr'>ἑκάστῳ</span> <span class='ocrx_word' id='word_1_570' title='bbox 1346 1115 1569 1150; x_wconf 74' lang='grc' dir='ltr'>ψευδοπροφήτης</span> <span class='ocrx_word' id='word_1_571' title='bbox 1589 1115 1682 1147; x_wconf 83' lang='grc' dir='ltr'>ίδικὸς,</span> <span class='ocrx_word' id='word_1_572' title='bbox 1699 1116 1746 1142; x_wconf 75' lang='grc' dir='ltr'>καὶ</span> <span class='ocrx_word' id='word_1_573' title='bbox 1756 1115 1814 1141; x_wconf 80' lang='grc' dir='ltr'>διά-</span> 
     </span>
    </p>
   </div>
   <div class='ocr_carea' id='block_1_81' title="bbox 1025 1160 1815 1197">
    <p class='ocr_par' dir='ltr' id='par_1_81' title="bbox 1025 1160 1815 1197">
     <span class='ocr_line' id='line_1_81' title="bbox 1025 1160 1815 1197; baseline -0.003 -9"><span class='ocrx_word' id='word_1_574' title='bbox 1025 1169 1106 1196; x_wconf 73' lang='grc' dir='ltr'>φορος</span> <span class='ocrx_word' id='word_1_575' title='bbox 1120 1161 1184 1196; x_wconf 78' lang='grc' dir='ltr'>παρ’</span> <span class='ocrx_word' id='word_1_576' title='bbox 1198 1161 1290 1192; x_wconf 80' lang='grc' dir='ltr'>αὐτοῖς</span> <span class='ocrx_word' id='word_1_577' title='bbox 1308 1162 1322 1187; x_wconf 83' lang='grc' dir='ltr'>ὁ</span> <span class='ocrx_word' id='word_1_578' title='bbox 1336 1161 1386 1195; x_wconf 80' lang='grc' dir='ltr'>’τῆς</span> <span class='ocrx_word' id='word_1_579' title='bbox 1398 1161 1527 1196; x_wconf 74' lang='grc' dir='ltr'>μαντείας</span> <span class='ocrx_word' id='word_1_580' title='bbox 1543 1160 1575 1196; x_wconf 79' lang='grc' dir='ltr'>ἦν</span> <span class='ocrx_word' id='word_1_581' title='bbox 1585 1161 1694 1197; x_wconf 83' lang='grc' dir='ltr'>τρόπος.</span> <span class='ocrx_word' id='word_1_582' title='bbox 1718 1160 1815 1197; x_wconf 79' lang='grc' dir='ltr'>Ἦρεύ-</span> 
     </span>
    </p>
   </div>
   <div class='ocr_carea' id='block_1_82' title="bbox 1025 1207 1815 1242">
    <p class='ocr_par' dir='ltr' id='par_1_82' title="bbox 1025 1207 1815 1242">
     <span class='ocr_line' id='line_1_82' title="bbox 1025 1207 1815 1242; baseline -0.001 -8"><span class='ocrx_word' id='word_1_583' title='bbox 1025 1215 1103 1242; x_wconf 90' lang='grc' dir='ltr'>γοντο</span> <span class='ocrx_word' id='word_1_584' title='bbox 1125 1208 1152 1233; x_wconf 82' lang='grc' dir='ltr'>δὲ</span> <span class='ocrx_word' id='word_1_585' title='bbox 1175 1209 1230 1238; x_wconf 84' lang='grc' dir='ltr'>τοῖς</span> <span class='ocrx_word' id='word_1_586' title='bbox 1249 1207 1478 1242; x_wconf 66' lang='grc' dir='ltr'>προσερχομένας</span> <span class='ocrx_word' id='word_1_587' title='bbox 1505 1207 1536 1233; x_wconf 82' lang='grc' dir='ltr'>τὸ</span> <span class='ocrx_word' id='word_1_588' title='bbox 1558 1207 1653 1233; x_wconf 81' lang='grc' dir='ltr'>δοκοῦν</span> <span class='ocrx_word' id='word_1_589' title='bbox 1669 1207 1762 1239; x_wconf 82' lang='grc' dir='ltr'>ἀπλῶς</span> <span class='ocrx_word' id='word_1_590' title='bbox 1777 1207 1815 1238; x_wconf 79' lang='grc' dir='ltr'>ὼς</span> 
     </span>
    </p>
   </div>
   <div class='ocr_carea' id='block_1_83' title="bbox 1025 1253 1815 1288">
    <p class='ocr_par' dir='ltr' id='par_1_83' title="bbox 1025 1253 1815 1288">
     <span class='ocr_line' id='line_1_83' title="bbox 1025 1253 1815 1288; baseline 0.001 -10"><span class='ocrx_word' id='word_1_591' title='bbox 1025 1253 1158 1288; x_wconf 80' lang='grc' dir='ltr'>χρήσιμόν</span> <span class='ocrx_word' id='word_1_592' title='bbox 1171 1262 1200 1279; x_wconf 84' lang='grc' dir='ltr'><strong>τε</strong></span> <span class='ocrx_word' id='word_1_593' title='bbox 1231 1253 1276 1279; x_wconf 70' lang='grc' dir='ltr'>καὶ</span> <span class='ocrx_word' id='word_1_594' title='bbox 1297 1253 1454 1284; x_wconf 76' lang='grc' dir='ltr'>ἀναγκαῖον.</span> <span class='ocrx_word' id='word_1_595' title='bbox 1481 1253 1586 1280; x_wconf 68' lang='grc' dir='ltr'>Οὐκοῦν</span> <span class='ocrx_word' id='word_1_596' title='bbox 1606 1254 1756 1288; x_wconf 77' lang='grc' dir='ltr'>ἐπειδήπερ</span> <span class='ocrx_word' id='word_1_597' title='bbox 1768 1253 1815 1287; x_wconf 81' lang='grc' dir='ltr'><strong>γὲ-</strong></span> 
     </span>
    </p>
   </div>
   <div class='ocr_carea' id='block_1_84' title="bbox 1025 1297 1815 1333">
    <p class='ocr_par' dir='ltr' id='par_1_84' title="bbox 1025 1297 1815 1333">
     <span class='ocr_line' id='line_1_84' title="bbox 1025 1297 1815 1333; baseline 0 -9"><span class='ocrx_word' id='word_1_598' title='bbox 1025 1306 1087 1332; x_wconf 87' lang='grc' dir='ltr'>γονε</span> <span class='ocrx_word' id='word_1_599' title='bbox 1106 1298 1204 1329; x_wconf 76' lang='grc' dir='ltr'>σκοπὸς</span> <span class='ocrx_word' id='word_1_600' title='bbox 1219 1299 1272 1330; x_wconf 79' lang='grc' dir='ltr'>τοῖς</span> <span class='ocrx_word' id='word_1_601' title='bbox 1290 1297 1318 1329; x_wconf 72' lang='grc' dir='ltr'><strong>ἐξ</strong></span> <span class='ocrx_word' id='word_1_602' title='bbox 1335 1298 1453 1333; x_wconf 70' lang='grc' dir='ltr'>Ἐφραῒμ</span> <span class='ocrx_word' id='word_1_603' title='bbox 1472 1299 1531 1333; x_wconf 76' lang='grc' dir='ltr'>μεθ’</span> <span class='ocrx_word' id='word_1_604' title='bbox 1547 1298 1661 1324; x_wconf 74' lang='grc' dir='ltr'>ἑκάστου</span> <span class='ocrx_word' id='word_1_605' title='bbox 1679 1298 1733 1324; x_wconf 85' lang='grc' dir='ltr'>τῶν</span> <span class='ocrx_word' id='word_1_606' title='bbox 1747 1298 1815 1332; x_wconf 74' lang='grc' dir='ltr'>ψευ-</span> 
     </span>
    </p>
   </div>
   <div class='ocr_carea' id='block_1_85' title="bbox 1027 1343 1815 1380">
    <p class='ocr_par' dir='ltr' id='par_1_85' title="bbox 1027 1343 1815 1380">
     <span class='ocr_line' id='line_1_85' title="bbox 1027 1343 1815 1380; baseline -0.003 -10"><span class='ocrx_word' id='word_1_607' title='bbox 1027 1343 1158 1379; x_wconf 81' lang='grc' dir='ltr'>δωνύμων</span> <span class='ocrx_word' id='word_1_608' title='bbox 1176 1344 1254 1372; x_wconf 75' lang='grc' dir='ltr'>θεῶν.</span> <span class='ocrx_word' id='word_1_609' title='bbox 1269 1344 1317 1370; x_wconf 67' lang='grc' dir='ltr'>καὶ</span> <span class='ocrx_word' id='word_1_610' title='bbox 1328 1345 1469 1379; x_wconf 53' lang='grc' dir='ltr'>προρήτης</span> <span class='ocrx_word' id='word_1_611' title='bbox 1483 1344 1573 1375; x_wconf 75' lang='grc' dir='ltr'>ίδικὸς,</span> <span class='ocrx_word' id='word_1_612' title='bbox 1583 1343 1710 1380; x_wconf 73' lang='grc' dir='ltr'>ταύτῃτοι</span> <span class='ocrx_word' id='word_1_613' title='bbox 1721 1343 1815 1369; x_wconf 71' lang='grc' dir='ltr'>λοιπὸν</span> 
     </span>
    </p>
   </div>
   <div class='ocr_carea' id='block_1_86' title="bbox 1027 1388 1815 1425">
    <p class='ocr_par' dir='ltr' id='par_1_86' title="bbox 1027 1388 1815 1425">
     <span class='ocr_line' id='line_1_86' title="bbox 1027 1388 1815 1425; baseline -0.001 -9"><span class='ocrx_word' id='word_1_614' title='bbox 1027 1389 1094 1424; x_wconf 73' lang='grc' dir='ltr'>πρὸς</span> <span class='ocrx_word' id='word_1_615' title='bbox 1108 1391 1160 1416; x_wconf 74' lang='grc' dir='ltr'><strong>πᾶν</strong></span> <span class='ocrx_word' id='word_1_616' title='bbox 1180 1390 1267 1416; x_wconf 74' lang='grc' dir='ltr'>ὁτιοῦν</span> <span class='ocrx_word' id='word_1_617' title='bbox 1280 1390 1332 1416; x_wconf 83' lang='grc' dir='ltr'>τῶν</span> <span class='ocrx_word' id='word_1_618' title='bbox 1361 1390 1508 1424; x_wconf 75' lang='grc' dir='ltr'>αἰσχίστων</span> <span class='ocrx_word' id='word_1_619' title='bbox 1523 1390 1643 1425; x_wconf 81' lang='grc' dir='ltr'>ἀσχέτως</span> <span class='ocrx_word' id='word_1_620' title='bbox 1666 1388 1815 1416; x_wconf 65' lang='grc' dir='ltr'>ἁπονενεΰυ</span> 
     </span>
    </p>
   </div>
   <div class='ocr_carea' id='block_1_87' title="bbox 1026 1434 1814 1470">
    <p class='ocr_par' dir='ltr' id='par_1_87' title="bbox 1026 1434 1814 1470">
     <span class='ocr_line' id='line_1_87' title="bbox 1026 1434 1814 1470; baseline -0.001 -9"><span class='ocrx_word' id='word_1_621' title='bbox 1026 1443 1101 1461; x_wconf 84' lang='grc' dir='ltr'>χασι.</span> <span class='ocrx_word' id='word_1_622' title='bbox 1120 1435 1206 1462; x_wconf 78' lang='grc' dir='ltr'>Τοῦτο</span> <span class='ocrx_word' id='word_1_623' title='bbox 1228 1436 1340 1470; x_wconf 79' lang='grc' dir='ltr'>γέγονεν</span> <span class='ocrx_word' id='word_1_624' title='bbox 1355 1436 1429 1470; x_wconf 74' lang='grc' dir='ltr'>αὐτῷ</span> <span class='ocrx_word' id='word_1_625' title='bbox 1447 1445 1455 1461; x_wconf 83' lang='grc' dir='ltr'>ι</span> <span class='ocrx_word' id='word_1_626' title='bbox 1471 1435 1518 1462; x_wconf 75' lang='grc' dir='ltr'><strong>καὶ</strong></span> <span class='ocrx_word' id='word_1_627' title='bbox 1533 1435 1614 1469; x_wconf 62' lang='grc' dir='ltr'>παγίς</span> <span class='ocrx_word' id='word_1_628' title='bbox 1628 1435 1732 1461; x_wconf 60' lang='lat' dir='ltr'><strong>exalia.</strong></span> <span class='ocrx_word' id='word_1_629' title='bbox 1748 1444 1758 1460; x_wconf 72' lang='grc' dir='ltr'>ι</span> <span class='ocrx_word' id='word_1_630' title='bbox 1776 1434 1814 1460; x_wconf 87' lang='grc' dir='ltr'><strong>Οὐ</strong></span> 
     </span>
    </p>
   </div>
   <div class='ocr_carea' id='block_1_88' title="bbox 1025 1479 1816 1518">
    <p class='ocr_par' dir='ltr' id='par_1_88' title="bbox 1025 1479 1816 1518">
     <span class='ocr_line' id='line_1_88' title="bbox 1025 1479 1816 1518; baseline -0.003 -10"><span class='ocrx_word' id='word_1_631' title='bbox 1025 1483 1079 1517; x_wconf 78' lang='grc' dir='ltr'><strong>γὰρ</strong></span> <span class='ocrx_word' id='word_1_632' title='bbox 1095 1481 1128 1518; x_wconf 84' lang='grc' dir='ltr'>ἦν</span> <span class='ocrx_word' id='word_1_633' title='bbox 1140 1483 1365 1514; x_wconf 68' lang='grc' dir='ltr'>χατευθύνεσοαι,</span> <span class='ocrx_word' id='word_1_634' title='bbox 1378 1484 1425 1509; x_wconf 81' lang='grc' dir='ltr'><strong>καὶ</strong></span> <span class='ocrx_word' id='word_1_635' title='bbox 1436 1483 1523 1518; x_wconf 76' lang='grc' dir='ltr'>ὀρθῶς</span> <span class='ocrx_word' id='word_1_636' title='bbox 1546 1482 1664 1517; x_wconf 77' lang='grc' dir='ltr'>βαδίζειν</span> <span class='ocrx_word' id='word_1_637' title='bbox 1683 1479 1816 1507; x_wconf 76' lang='grc' dir='ltr'>δύνασοαί</span> 
     </span>
    </p>
   </div>
   <div class='ocr_carea' id='block_1_89' title="bbox 1027 1525 1817 1562">
    <p class='ocr_par' dir='ltr' id='par_1_89' title="bbox 1027 1525 1817 1562">
     <span class='ocr_line' id='line_1_89' title="bbox 1027 1525 1817 1562; baseline -0.004 -8"><span class='ocrx_word' id='word_1_638' title='bbox 1027 1537 1091 1554; x_wconf 85' lang='grc' dir='ltr'>ποτε</span> <span class='ocrx_word' id='word_1_639' title='bbox 1108 1529 1171 1559; x_wconf 68' lang='grc' dir='ltr'>τοὺς</span> <span class='ocrx_word' id='word_1_640' title='bbox 1188 1529 1227 1559; x_wconf 85' lang='grc' dir='ltr'><strong>εἰς</strong></span> <span class='ocrx_word' id='word_1_641' title='bbox 1244 1528 1379 1562; x_wconf 79' lang='grc' dir='ltr'>τοσαύτην</span> <span class='ocrx_word' id='word_1_642' title='bbox 1400 1527 1544 1554; x_wconf 81' lang='grc' dir='ltr'>πολυϐεἳαν</span> <span class='ocrx_word' id='word_1_643' title='bbox 1557 1526 1757 1560; x_wconf 81' lang='grc' dir='ltr'>ὼλισοηκότας,</span> <span class='ocrx_word' id='word_1_644' title='bbox 1778 1525 1817 1556; x_wconf 80' lang='grc' dir='ltr'>ὡς</span> 
     </span>
    </p>
   </div>
   <div class='ocr_carea' id='block_1_90' title="bbox 1027 1571 1817 1608">
    <p class='ocr_par' dir='ltr' id='par_1_90' title="bbox 1027 1571 1817 1608">
     <span class='ocr_line' id='line_1_90' title="bbox 1027 1571 1817 1608; baseline -0.003 -9"><span class='ocrx_word' id='word_1_645' title='bbox 1027 1575 1075 1599; x_wconf 59' lang='grc' dir='ltr'>σὺν</span> <span class='ocrx_word' id='word_1_646' title='bbox 1100 1574 1208 1608; x_wconf 70' lang='grc' dir='ltr'><strong>ἑκάστῳ</strong></span> <span class='ocrx_word' id='word_1_647' title='bbox 1224 1573 1282 1608; x_wconf 82' lang='grc' dir='ltr'><strong>Θεῷ</strong></span> <span class='ocrx_word' id='word_1_648' title='bbox 1305 1574 1351 1599; x_wconf 80' lang='grc' dir='ltr'><strong>καὶ</strong></span> <span class='ocrx_word' id='word_1_649' title='bbox 1380 1575 1522 1608; x_wconf 58' lang='grc' dir='ltr'>προφήτην</span> <span class='ocrx_word' id='word_1_650' title='bbox 1547 1572 1618 1607; x_wconf 79' lang='grc' dir='ltr'>ἔχειν</span> <span class='ocrx_word' id='word_1_651' title='bbox 1646 1572 1744 1598; x_wconf 68' lang='grc' dir='ltr'>ίδικόψ</span> <span class='ocrx_word' id='word_1_652' title='bbox 1769 1571 1817 1598; x_wconf 76' lang='grc' dir='ltr'>καὶ</span> 
     </span>
    </p>
   </div>
   <div class='ocr_carea' id='block_1_91' title="bbox 1027 1615 1817 1654">
    <p class='ocr_par' dir='ltr' id='par_1_91' title="bbox 1027 1615 1817 1654">
     <span class='ocr_line' id='line_1_91' title="bbox 1027 1615 1817 1654; baseline -0.003 -9"><span class='ocrx_word' id='word_1_653' title='bbox 1027 1619 1151 1654; x_wconf 79' lang='grc' dir='ltr'>προσέτι,</span> <span class='ocrx_word' id='word_1_654' title='bbox 1163 1619 1298 1645; x_wconf 78' lang='grc' dir='ltr'>ποιεῖσθαι</span> <span class='ocrx_word' id='word_1_655' title='bbox 1314 1620 1424 1649; x_wconf 76' lang='grc' dir='ltr'>σκοπὸν,</span> <span class='ocrx_word' id='word_1_656' title='bbox 1437 1622 1482 1644; x_wconf 81' lang='grc' dir='ltr'><strong>τον</strong></span> <span class='ocrx_word' id='word_1_657' title='bbox 1493 1619 1542 1652; x_wconf 74' lang='grc' dir='ltr'>τῆς</span> <span class='ocrx_word' id='word_1_658' title='bbox 1552 1618 1664 1649; x_wconf 50' lang='lat' dir='ltr'><strong>suam</strong></span> <span class='ocrx_word' id='word_1_659' title='bbox 1673 1615 1817 1648; x_wconf 73' lang='grc' dir='ltr'>εὐσεϐείας</span> 
     </span>
    </p>
   </div>
   <div class='ocr_carea' id='block_1_92' title="bbox 1026 1663 1814 1699">
    <p class='ocr_par' dir='ltr' id='par_1_92' title="bbox 1026 1663 1814 1699">
     <span class='ocr_line' id='line_1_92' title="bbox 1026 1663 1814 1699; baseline -0.003 -9"><span class='ocrx_word' id='word_1_660' title='bbox 1026 1664 1236 1699; x_wconf 77' lang='grc' dir='ltr'>ἀποκομίζοντα,</span> <span class='ocrx_word' id='word_1_661' title='bbox 1247 1665 1292 1691; x_wconf 75' lang='grc' dir='ltr'>καὶ</span> <span class='ocrx_word' id='word_1_662' title='bbox 1306 1665 1361 1696; x_wconf 80' lang='grc' dir='ltr'>τοῖς</span> <span class='ocrx_word' id='word_1_663' title='bbox 1373 1664 1422 1699; x_wconf 83' lang='grc' dir='ltr'>τῆς</span> <span class='ocrx_word' id='word_1_664' title='bbox 1433 1663 1568 1694; x_wconf 81' lang='grc' dir='ltr'>ἀπωλείας</span> <span class='ocrx_word' id='word_1_665' title='bbox 1585 1663 1688 1690; x_wconf 74' lang='grc' dir='ltr'>ἐνιέντα</span> <span class='ocrx_word' id='word_1_666' title='bbox 1700 1663 1814 1697; x_wconf 76' lang='grc' dir='ltr'>βάθροις.</span> 
     </span>
    </p>
   </div>
   <div class='ocr_carea' id='block_1_93' title="bbox 1026 1707 1816 1744">
    <p class='ocr_par' dir='ltr' id='par_1_93' title="bbox 1026 1707 1816 1744">
     <span class='ocr_line' id='line_1_93' title="bbox 1026 1707 1816 1744; baseline -0.003 -9"><span class='ocrx_word' id='word_1_667' title='bbox 1026 1709 1194 1744; x_wconf 77' lang='grc' dir='ltr'>Προσεκτέον</span> <span class='ocrx_word' id='word_1_668' title='bbox 1209 1709 1242 1744; x_wconf 84' lang='grc' dir='ltr'>δὴ</span> <span class='ocrx_word' id='word_1_669' title='bbox 1256 1707 1302 1736; x_wconf 72' lang='grc' dir='ltr'>οὖν</span> <span class='ocrx_word' id='word_1_670' title='bbox 1318 1711 1371 1740; x_wconf 81' lang='grc' dir='ltr'>τοῖς</span> <span class='ocrx_word' id='word_1_671' title='bbox 1385 1709 1506 1735; x_wconf 76' lang='grc' dir='ltr'>ἐθέλουσι</span> <span class='ocrx_word' id='word_1_672' title='bbox 1525 1708 1599 1743; x_wconf 82' lang='grc' dir='ltr'>βιοῦν</span> <span class='ocrx_word' id='word_1_673' title='bbox 1611 1708 1741 1740; x_wconf 73' lang='grc' dir='ltr'>ἐννόμως,</span> <span class='ocrx_word' id='word_1_674' title='bbox 1756 1707 1816 1742; x_wconf 72' lang='grc' dir='ltr'><strong>οὐχὶ</strong></span> 
     </span>
    </p>
   </div>
   <div class='ocr_carea' id='block_1_94' title="bbox 1025 1751 1832 1785">
    <p class='ocr_par' dir='ltr' id='par_1_94' title="bbox 1025 1751 1832 1785">
     <span class='ocr_line' id='line_1_94' title="bbox 1025 1751 1832 1785; baseline -0.001 -5"><span class='ocrx_word' id='word_1_675' title='bbox 1025 1756 1081 1785; x_wconf 82' lang='grc' dir='ltr'>τοῖς</span> <span class='ocrx_word' id='word_1_676' title='bbox 1096 1754 1268 1781; x_wconf 78' lang='grc' dir='ltr'>διδάσκουσιν</span> <span class='ocrx_word' id='word_1_677' title='bbox 1293 1755 1396 1785; x_wconf 77' lang='grc' dir='ltr'>ἁπλῶς,</span> <span class='ocrx_word' id='word_1_678' title='bbox 1426 1754 1488 1780; x_wconf 76' lang='grc' dir='ltr'>οὐδὲ</span> <span class='ocrx_word' id='word_1_679' title='bbox 1504 1755 1562 1785; x_wconf 89' lang='grc' dir='ltr'>τοῖς</span> <span class='ocrx_word' id='word_1_680' title='bbox 1578 1753 1688 1780; x_wconf 84' lang='grc' dir='ltr'>λαλοῦσι</span> <span class='ocrx_word' id='word_1_681' title='bbox 1703 1753 1737 1780; x_wconf 82' lang='grc' dir='ltr'>τὰ</span> <span class='ocrx_word' id='word_1_682' title='bbox 1762 1751 1815 1779; x_wconf 81' lang='grc' dir='ltr'>ἀπὸ</span> <span class='ocrx_word' id='word_1_683' title='bbox 1826 1760 1832 1768; x_wconf 84' lang='grc'>·</span> 
     </span>
    </p>
   </div>
   <div class='ocr_carea' id='block_1_95' title="bbox 1025 1797 1816 1835">
    <p class='ocr_par' dir='ltr' id='par_1_95' title="bbox 1025 1797 1816 1835">
     <span class='ocr_line' id='line_1_95' title="bbox 1025 1797 1816 1835; baseline -0.004 -9"><span class='ocrx_word' id='word_1_684' title='bbox 1025 1800 1139 1835; x_wconf 79' lang='grc' dir='ltr'>καρδίας</span> <span class='ocrx_word' id='word_1_685' title='bbox 1153 1799 1253 1829; x_wconf 84' lang='grc' dir='ltr'>αὐτῶν,</span> <span class='ocrx_word' id='word_1_686' title='bbox 1263 1797 1365 1830; x_wconf 75' lang='grc' dir='ltr'>ἀλλὀἶς</span> <span class='ocrx_word' id='word_1_687' title='bbox 1376 1799 1409 1825; x_wconf 86' lang='grc' dir='ltr'>ἂν</span> <span class='ocrx_word' id='word_1_688' title='bbox 1420 1800 1436 1834; x_wconf 82' lang='grc' dir='ltr'>ἡ</span> <span class='ocrx_word' id='word_1_689' title='bbox 1448 1799 1506 1825; x_wconf 81' lang='grc' dir='ltr'>θεία</span> <span class='ocrx_word' id='word_1_690' title='bbox 1519 1799 1564 1825; x_wconf 72' lang='grc' dir='ltr'>καὶ</span> <span class='ocrx_word' id='word_1_691' title='bbox 1579 1798 1681 1825; x_wconf 78' lang='grc' dir='ltr'>ἄνωθεν</span> <span class='ocrx_word' id='word_1_692' title='bbox 1696 1799 1816 1832; x_wconf 79' lang='grc' dir='ltr'>ἐπιμαρ-</span> 
     </span>
    </p>
   </div>
   <div class='ocr_carea' id='block_1_96' title="bbox 1024 1843 1816 1880">
    <p class='ocr_par' dir='ltr' id='par_1_96' title="bbox 1024 1843 1816 1880">
     <span class='ocr_line' id='line_1_96' title="bbox 1024 1843 1816 1880; baseline -0.004 -9"><span class='ocrx_word' id='word_1_693' title='bbox 1024 1849 1129 1880; x_wconf 80' lang='grc' dir='ltr'>τυρήσῃ</span> <span class='ocrx_word' id='word_1_694' title='bbox 1142 1845 1220 1880; x_wconf 83' lang='grc' dir='ltr'>χάρις</span> <span class='ocrx_word' id='word_1_695' title='bbox 1240 1845 1291 1879; x_wconf 82' lang='grc' dir='ltr'>τῆς</span> <span class='ocrx_word' id='word_1_696' title='bbox 1311 1845 1350 1876; x_wconf 75' lang='grc' dir='ltr'>εἰς</span> <span class='ocrx_word' id='word_1_697' title='bbox 1361 1844 1427 1871; x_wconf 79' lang='grc' dir='ltr'>Θεὸν</span> <span class='ocrx_word' id='word_1_698' title='bbox 1443 1845 1552 1878; x_wconf 79' lang='grc' dir='ltr'><strong>ἀγάπης</strong></span> <span class='ocrx_word' id='word_1_699' title='bbox 1567 1843 1597 1870; x_wconf 79' lang='grc' dir='ltr'><strong>τὺ</strong></span> <span class='ocrx_word' id='word_1_700' title='bbox 1613 1843 1735 1878; x_wconf 77' lang='grc' dir='ltr'>γνήσιον.</span> <span class='ocrx_word' id='word_1_701' title='bbox 1754 1843 1816 1869; x_wconf 79' lang='grc' dir='ltr'>Τοι-</span> 
     </span>
    </p>
   </div>
   <div class='ocr_carea' id='block_1_97' title="bbox 1025 1888 1816 1926">
    <p class='ocr_par' dir='ltr' id='par_1_97' title="bbox 1025 1888 1816 1926">
     <span class='ocr_line' id='line_1_97' title="bbox 1025 1888 1816 1926; baseline -0.005 -8"><span class='ocrx_word' id='word_1_702' title='bbox 1025 1891 1119 1926; x_wconf 82' lang='grc' dir='ltr'>γάρτοι</span> <span class='ocrx_word' id='word_1_703' title='bbox 1133 1891 1179 1917; x_wconf 84' lang='grc' dir='ltr'>κα¹ι</span> <span class='ocrx_word' id='word_1_704' title='bbox 1192 1891 1206 1917; x_wconf 86' lang='grc' dir='ltr'>ὁ</span> <span class='ocrx_word' id='word_1_705' title='bbox 1222 1890 1349 1925; x_wconf 77' lang='grc' dir='ltr'>Χριστός·</span> <span class='ocrx_word' id='word_1_706' title='bbox 1368 1900 1377 1916; x_wconf 87' lang='grc'><strong>‹</strong></span> <span class='ocrx_word' id='word_1_707' title='bbox 1397 1889 1559 1925; x_wconf 75' lang='grc' dir='ltr'>Προσέχετε,</span> <span class='ocrx_word' id='word_1_708' title='bbox 1580 1889 1672 1924; x_wconf 77' lang='grc' dir='ltr'>φησὶν,</span> <span class='ocrx_word' id='word_1_709' title='bbox 1689 1889 1744 1915; x_wconf 75' lang='grc' dir='ltr'><strong>ἀπὸ</strong></span> <span class='ocrx_word' id='word_1_710' title='bbox 1762 1888 1816 1915; x_wconf 87' lang='grc' dir='ltr'><strong>τῶν</strong></span> 
     </span>
    </p>
   </div>
   <div class='ocr_carea' id='block_1_98' title="bbox 1025 1934 1814 1972">
    <p class='ocr_par' dir='ltr' id='par_1_98' title="bbox 1025 1934 1814 1972">
     <span class='ocr_line' id='line_1_98' title="bbox 1025 1934 1814 1972; baseline -0.003 -10"><span class='ocrx_word' id='word_1_711' title='bbox 1025 1936 1270 1972; x_wconf 75' lang='grc' dir='ltr'>ψευδοπροφητῶν,</span> <span class='ocrx_word' id='word_1_712' title='bbox 1285 1936 1381 1966; x_wconf 75' lang='grc' dir='ltr'>οἵτινες</span> <span class='ocrx_word' id='word_1_713' title='bbox 1392 1934 1518 1969; x_wconf 73' lang='grc' dir='ltr'>ἔρχονται</span> <span class='ocrx_word' id='word_1_714' title='bbox 1534 1934 1601 1969; x_wconf 70' lang='grc' dir='ltr'>πρὸς</span> <span class='ocrx_word' id='word_1_715' title='bbox 1613 1934 1685 1969; x_wconf 76' lang='grc' dir='ltr'>ὑμᾶς</span> <span class='ocrx_word' id='word_1_716' title='bbox 1696 1935 1725 1960; x_wconf 86' lang='grc' dir='ltr'>ὲν</span> <span class='ocrx_word' id='word_1_717' title='bbox 1740 1934 1814 1960; x_wconf 66' lang='lat' dir='ltr'><strong>evas-</strong></span> 
     </span>
    </p>
   </div>
   <div class='ocr_carea' id='block_1_99' title="bbox 1026 1979 1760 2017">
    <p class='ocr_par' dir='ltr' id='par_1_99' title="bbox 1026 1979 1760 2017">
     <span class='ocr_line' id='line_1_99' title="bbox 1026 1979 1760 2017; baseline -0.003 -9"><span class='ocrx_word' id='word_1_718' title='bbox 1026 1990 1094 2017; x_wconf 88' lang='grc' dir='ltr'>μασι</span> <span class='ocrx_word' id='word_1_719' title='bbox 1107 1982 1262 2017; x_wconf 76' lang='grc' dir='ltr'>προϐάτων,</span> <span class='ocrx_word' id='word_1_720' title='bbox 1283 1980 1384 2007; x_wconf 73' lang='grc' dir='ltr'>ἔσωθεν</span> <span class='ocrx_word' id='word_1_721' title='bbox 1394 1980 1423 2006; x_wconf 80' lang='grc' dir='ltr'><strong>δέ</strong></span> <span class='ocrx_word' id='word_1_722' title='bbox 1440 1981 1492 2006; x_wconf 90' lang='grc' dir='ltr'>εἱσι</span> <span class='ocrx_word' id='word_1_723' title='bbox 1507 1979 1583 2006; x_wconf 74' lang='grc' dir='ltr'>λύκοι</span> <span class='ocrx_word' id='word_1_724' title='bbox 1599 1980 1733 2016; x_wconf 74' lang='grc' dir='ltr'>ἅρπαγες.</span> <span class='ocrx_word' id='word_1_725' title='bbox 1751 1989 1760 2006; x_wconf 79' lang='grc' dir='ltr'><strong>ι</strong></span> 
     </span>
    </p>
   </div>
   <div class='ocr_carea' id='block_1_100' title="bbox 1062 2025 1815 2061">
    <p class='ocr_par' dir='ltr' id='par_1_100' title="bbox 1062 2025 1815 2061">
     <span class='ocr_line' id='line_1_100' title="bbox 1062 2025 1815 2061; baseline -0.001 -9"><span class='ocrx_word' id='word_1_726' title='bbox 1062 2026 1159 2061; x_wconf 86' lang='grc' dir='ltr'>Θηρῶν</span> <span class='ocrx_word' id='word_1_727' title='bbox 1177 2025 1231 2061; x_wconf 76' lang='grc' dir='ltr'><strong>γὰρ</strong></span> <span class='ocrx_word' id='word_1_728' title='bbox 1246 2025 1348 2060; x_wconf 84' lang='grc' dir='ltr'>ἀγρίων</span> <span class='ocrx_word' id='word_1_729' title='bbox 1363 2025 1441 2058; x_wconf 79' lang='grc' dir='ltr'>ὀλίγα</span> <span class='ocrx_word' id='word_1_730' title='bbox 1467 2025 1613 2058; x_wconf 72' lang='grc' dir='ltr'>διενεγκεῖν</span> <span class='ocrx_word' id='word_1_731' title='bbox 1637 2033 1727 2059; x_wconf 77' lang='grc' dir='ltr'>φαμεν</span> <span class='ocrx_word' id='word_1_732' title='bbox 1753 2025 1815 2059; x_wconf 78' lang='grc' dir='ltr'>ἀλη-</span> 
     </span>
    </p>
   </div>
   <div class='ocr_carea' id='block_1_101' title="bbox 1026 2070 1815 2107">
    <p class='ocr_par' dir='ltr' id='par_1_101' title="bbox 1026 2070 1815 2107">
     <span class='ocr_line' id='line_1_101' title="bbox 1026 2070 1815 2107; baseline -0.003 -9"><span class='ocrx_word' id='word_1_733' title='bbox 1026 2072 1159 2103; x_wconf 81' lang='grc' dir='ltr'>θεύοντες,</span> <span class='ocrx_word' id='word_1_734' title='bbox 1177 2072 1240 2102; x_wconf 79' lang='grc' dir='ltr'>τοὺς</span> <span class='ocrx_word' id='word_1_735' title='bbox 1255 2071 1308 2097; x_wconf 81' lang='grc' dir='ltr'>τῶν</span> <span class='ocrx_word' id='word_1_736' title='bbox 1325 2071 1438 2097; x_wconf 82' lang='grc' dir='ltr'>ἀνοσίων</span> <span class='ocrx_word' id='word_1_737' title='bbox 1466 2071 1598 2107; x_wconf 77' lang='grc' dir='ltr'>αἱρέσεων</span> <span class='ocrx_word' id='word_1_738' title='bbox 1623 2070 1748 2105; x_wconf 71' lang='grc' dir='ltr'>εὑρετὰς,</span> <span class='ocrx_word' id='word_1_739' title='bbox 1769 2071 1815 2096; x_wconf 80' lang='grc' dir='ltr'>καὶ</span> 
     </span>
    </p>
   </div>
   <div class='ocr_carea' id='block_1_102' title="bbox 1026 2115 1815 2153">
    <p class='ocr_par' dir='ltr' id='par_1_102' title="bbox 1026 2115 1815 2153">
     <span class='ocr_line' id='line_1_102' title="bbox 1026 2115 1815 2153; baseline -0.003 -10"><span class='ocrx_word' id='word_1_740' title='bbox 1026 2117 1236 2153; x_wconf 75' lang='grc' dir='ltr'>προεστηκότας,</span> <span class='ocrx_word' id='word_1_741' title='bbox 1250 2117 1312 2147; x_wconf 79' lang='grc' dir='ltr'>τοὺς</span> <span class='ocrx_word' id='word_1_742' title='bbox 1326 2116 1516 2147; x_wconf 76' lang='grc' dir='ltr'>κατεσθίοντας</span> <span class='ocrx_word' id='word_1_743' title='bbox 1530 2116 1575 2142; x_wconf 76' lang='grc' dir='ltr'>τὸν</span> <span class='ocrx_word' id='word_1_744' title='bbox 1590 2115 1698 2151; x_wconf 78' lang='grc' dir='ltr'>Ἰσραὴλ</span> <span class='ocrx_word' id='word_1_745' title='bbox 1712 2116 1766 2150; x_wconf 85' lang='grc' dir='ltr'>ὅλῳ</span> <span class='ocrx_word' id='word_1_746' title='bbox 1778 2116 1815 2151; x_wconf 88' lang='grc' dir='ltr'>τῷ</span> 
     </span>
    </p>
   </div>
   <div class='ocr_carea' id='block_1_103' title="bbox 1027 2161 1816 2197">
    <p class='ocr_par' dir='ltr' id='par_1_103' title="bbox 1027 2161 1816 2197">
     <span class='ocr_line' id='line_1_103' title="bbox 1027 2161 1816 2197; baseline -0.001 -8"><span class='ocrx_word' id='word_1_747' title='bbox 1027 2163 1150 2197; x_wconf 83' lang='grc' dir='ltr'>στόματι.</span> <span class='ocrx_word' id='word_1_748' title='bbox 1168 2162 1313 2188; x_wconf 83' lang='grc' dir='ltr'>Δαπανῶσι</span> <span class='ocrx_word' id='word_1_749' title='bbox 1329 2162 1382 2196; x_wconf 73' lang='grc' dir='ltr'><strong>γὰρ</strong></span> <span class='ocrx_word' id='word_1_750' title='bbox 1400 2161 1494 2196; x_wconf 75' lang='grc' dir='ltr'>ὥσπερ</span> <span class='ocrx_word' id='word_1_751' title='bbox 1511 2162 1561 2193; x_wconf 75' lang='grc' dir='ltr'><strong>τὰς</strong></span> <span class='ocrx_word' id='word_1_752' title='bbox 1585 2161 1639 2188; x_wconf 77' lang='grc' dir='ltr'>τῶν</span> <span class='ocrx_word' id='word_1_753' title='bbox 1665 2162 1816 2189; x_wconf 79' lang='grc' dir='ltr'>ἁπλουστέ-</span> 
     </span>
    </p>
   </div>
   <div class='ocr_carea' id='block_1_104' title="bbox 990 2205 1813 2251">
    <p class='ocr_par' dir='ltr' id='par_1_104' title="bbox 990 2205 1813 2251">
     <span class='ocr_line' id='line_1_104' title="bbox 990 2205 1813 2251; baseline 0 -18"><span class='ocrx_word' id='word_1_754' title='bbox 990 2224 1011 2251; x_wconf 78' lang='lat' dir='ltr'><strong>D</strong></span> <span class='ocrx_word' id='word_1_755' title='bbox 1028 2216 1082 2243; x_wconf 89' lang='grc' dir='ltr'><strong>ρων</strong></span> <span class='ocrx_word' id='word_1_756' title='bbox 1093 2206 1194 2242; x_wconf 75' lang='grc' dir='ltr'>ψυχὰς,</span> <span class='ocrx_word' id='word_1_757' title='bbox 1215 2208 1271 2238; x_wconf 84' lang='grc' dir='ltr'>τοῖς</span> <span class='ocrx_word' id='word_1_758' title='bbox 1299 2206 1347 2240; x_wconf 76' lang='grc' dir='ltr'>τῆς</span> <span class='ocrx_word' id='word_1_759' title='bbox 1374 2206 1483 2240; x_wconf 81' lang='grc' dir='ltr'>ἀπάτης</span> <span class='ocrx_word' id='word_1_760' title='bbox 1504 2205 1594 2232; x_wconf 73' lang='grc' dir='ltr'>ὀδοῦσι</span> <span class='ocrx_word' id='word_1_761' title='bbox 1615 2206 1813 2242; x_wconf 73' lang='grc' dir='ltr'>συντρίϐοντες.</span> 
     </span>
    </p>
   </div>
   <div class='ocr_carea' id='block_1_105' title="bbox 1027 2250 1815 2288">
    <p class='ocr_par' dir='ltr' id='par_1_105' title="bbox 1027 2250 1815 2288">
     <span class='ocr_line' id='line_1_105' title="bbox 1027 2250 1815 2288; baseline -0.001 -9"><span class='ocrx_word' id='word_1_762' title='bbox 1027 2253 1152 2288; x_wconf 80' lang='grc' dir='ltr'>Εἰρήσθω</span> <span class='ocrx_word' id='word_1_763' title='bbox 1165 2253 1196 2287; x_wconf 82' lang='grc' dir='ltr'>δὴ</span> <span class='ocrx_word' id='word_1_764' title='bbox 1215 2250 1261 2279; x_wconf 84' lang='grc' dir='ltr'>οὖν</span> <span class='ocrx_word' id='word_1_765' title='bbox 1276 2253 1322 2279; x_wconf 77' lang='grc' dir='ltr'>καὶ</span> <span class='ocrx_word' id='word_1_766' title='bbox 1337 2251 1405 2287; x_wconf 80' lang='grc' dir='ltr'>πρὸς</span> <span class='ocrx_word' id='word_1_767' title='bbox 1421 2252 1510 2287; x_wconf 85' lang='grc' dir='ltr'>ἡμῶν·</span> <span class='ocrx_word' id='word_1_768' title='bbox 1528 2262 1537 2278; x_wconf 74' lang='grc' dir='ltr'><strong>ι</strong></span> <span class='ocrx_word' id='word_1_769' title='bbox 1554 2252 1584 2279; x_wconf 89' lang='lat'><strong>&#39;0</strong></span> <span class='ocrx_word' id='word_1_770' title='bbox 1593 2252 1659 2283; x_wconf 81' lang='grc' dir='ltr'>Θεὸς</span> <span class='ocrx_word' id='word_1_771' title='bbox 1675 2252 1815 2287; x_wconf 68' lang='grc' dir='ltr'>συντρίψει</span> 
     </span>
    </p>
   </div>
   <div class='ocr_carea' id='block_1_106' title="bbox 1026 2297 1815 2332">
    <p class='ocr_par' dir='ltr' id='par_1_106' title="bbox 1026 2297 1815 2332">
     <span class='ocr_line' id='line_1_106' title="bbox 1026 2297 1815 2332; baseline -0.001 -8"><span class='ocrx_word' id='word_1_772' title='bbox 1026 2299 1090 2330; x_wconf 88' lang='grc' dir='ltr'>τοὺς</span> <span class='ocrx_word' id='word_1_773' title='bbox 1101 2298 1209 2329; x_wconf 79' lang='grc' dir='ltr'>ὀδόντας</span> <span class='ocrx_word' id='word_1_774' title='bbox 1223 2298 1313 2324; x_wconf 82' lang='grc' dir='ltr'>αὐτῶν</span> <span class='ocrx_word' id='word_1_775' title='bbox 1327 2299 1355 2324; x_wconf 76' lang='grc' dir='ltr'>ὲν</span> <span class='ocrx_word' id='word_1_776' title='bbox 1363 2297 1402 2332; x_wconf 81' lang='grc' dir='ltr'>τῷ</span> <span class='ocrx_word' id='word_1_777' title='bbox 1419 2297 1531 2332; x_wconf 77' lang='grc' dir='ltr'>στόματι</span> <span class='ocrx_word' id='word_1_778' title='bbox 1545 2297 1645 2329; x_wconf 77' lang='grc' dir='ltr'>αὐτῶν,</span> <span class='ocrx_word' id='word_1_779' title='bbox 1662 2297 1712 2328; x_wconf 71' lang='grc' dir='ltr'><strong>τὰς</strong></span> <span class='ocrx_word' id='word_1_780' title='bbox 1730 2297 1815 2331; x_wconf 79' lang='grc' dir='ltr'>μύλας</span> 
     </span>
    </p>
   </div>
   <div class='ocr_carea' id='block_1_107' title="bbox 1026 2341 1815 2377">
    <p class='ocr_par' dir='ltr' id='par_1_107' title="bbox 1026 2341 1815 2377">
     <span class='ocr_line' id='line_1_107' title="bbox 1026 2341 1815 2377; baseline -0.001 -8"><span class='ocrx_word' id='word_1_781' title='bbox 1026 2343 1080 2370; x_wconf 84' lang='grc' dir='ltr'><strong>τῶν</strong></span> <span class='ocrx_word' id='word_1_782' title='bbox 1095 2343 1210 2370; x_wconf 86' lang='grc' dir='ltr'>λεόντων</span> <span class='ocrx_word' id='word_1_783' title='bbox 1238 2342 1422 2369; x_wconf 82' lang='grc' dir='ltr'>συνέθλασενὸ</span> <span class='ocrx_word' id='word_1_784' title='bbox 1435 2343 1546 2377; x_wconf 81' lang='grc' dir='ltr'>Κύριος.</span> <span class='ocrx_word' id='word_1_785' title='bbox 1571 2341 1815 2377; x_wconf 80' lang='grc' dir='ltr'>Ἐξουδενωῦήσον-</span> 
     </span>
    </p>
   </div>
   <div class='ocr_carea' id='block_1_108' title="bbox 1026 2387 1812 2423">
    <p class='ocr_par' dir='ltr' id='par_1_108' title="bbox 1026 2387 1812 2423">
     <span class='ocr_line' id='line_1_108' title="bbox 1026 2387 1812 2423; baseline -0.001 -8"><span class='ocrx_word' id='word_1_786' title='bbox 1026 2397 1070 2415; x_wconf 84' lang='grc' dir='ltr'><strong>ται</strong></span> <span class='ocrx_word' id='word_1_787' title='bbox 1081 2389 1117 2420; x_wconf 82' lang='grc' dir='ltr'>ὡς</span> <span class='ocrx_word' id='word_1_788' title='bbox 1132 2388 1203 2423; x_wconf 77' lang='grc' dir='ltr'>ὕδωρ</span> <span class='ocrx_word' id='word_1_789' title='bbox 1213 2389 1450 2423; x_wconf 81' lang='grc' dir='ltr'>διαπορευόμενον.</span> <span class='ocrx_word' id='word_1_790' title='bbox 1466 2389 1581 2415; x_wconf 84' lang='grc' dir='ltr'>Ἐντενεῖ</span> <span class='ocrx_word' id='word_1_791' title='bbox 1594 2388 1623 2414; x_wconf 82' lang='grc' dir='ltr'>τὸ</span> <span class='ocrx_word' id='word_1_792' title='bbox 1633 2387 1709 2420; x_wconf 81' lang='grc' dir='ltr'>τόξον</span> <span class='ocrx_word' id='word_1_793' title='bbox 1720 2387 1812 2419; x_wconf 79' lang='grc' dir='ltr'>αὐτοῦ,</span> 
     </span>
    </p>
   </div>
   <div class='ocr_carea' id='block_1_109' title="bbox 1025 2432 1361 2469">
    <p class='ocr_par' dir='ltr' id='par_1_109' title="bbox 1025 2432 1361 2469">
     <span class='ocr_line' id='line_1_109' title="bbox 1025 2432 1361 2469; baseline -0.003 -9"><span class='ocrx_word' id='word_1_794' title='bbox 1025 2434 1078 2466; x_wconf 74' lang='grc' dir='ltr'>ἕως</span> <span class='ocrx_word' id='word_1_795' title='bbox 1090 2432 1120 2460; x_wconf 74' lang='grc' dir='ltr'>οὒ</span> <span class='ocrx_word' id='word_1_796' title='bbox 1136 2434 1331 2469; x_wconf 80' lang='grc' dir='ltr'>ἀσθενήσωσιν.</span> <span class='ocrx_word' id='word_1_797' title='bbox 1353 2443 1361 2459; x_wconf 71' lang='grc' dir='ltr'><strong>ι</strong></span> 
     </span>
    </p>
   </div>
   <div class='ocr_carea' id='block_1_110' title="bbox 1058 2478 1814 2513">
    <p class='ocr_par' dir='ltr' id='par_1_110' title="bbox 1058 2478 1814 2513">
     <span class='ocr_line' id='line_1_110' title="bbox 1058 2478 1814 2513; baseline -0.004 -6"><span class='ocrx_word' id='word_1_798' title='bbox 1058 2480 1176 2507; x_wconf 80' lang='grc' dir='ltr'>Μανίαν</span> <span class='ocrx_word' id='word_1_799' title='bbox 1191 2480 1225 2506; x_wconf 73' lang='grc' dir='ltr'>ἐν</span> <span class='ocrx_word' id='word_1_800' title='bbox 1242 2480 1313 2511; x_wconf 79' lang='grc' dir='ltr'><strong>οῑκῳ</strong></span> <span class='ocrx_word' id='word_1_801' title='bbox 1332 2479 1446 2513; x_wconf 82' lang='grc' dir='ltr'>Κυρίου</span> <span class='ocrx_word' id='word_1_802' title='bbox 1460 2479 1645 2512; x_wconf 70' lang='grc' dir='ltr'>κατέπηξαν.</span> <span class='ocrx_word' id='word_1_803' title='bbox 1670 2478 1814 2512; x_wconf 75' lang='grc' dir='ltr'><strong>Ἑφθάρηο</strong></span> 
     </span>
    </p>
   </div>
   <div class='ocr_carea' id='block_1_111' title="bbox 1024 2524 1811 2560">
    <p class='ocr_par' dir='ltr' id='par_1_111' title="bbox 1024 2524 1811 2560">
     <span class='ocr_line' id='line_1_111' title="bbox 1024 2524 1811 2560; baseline -0.003 -8"><span class='ocrx_word' id='word_1_804' title='bbox 1024 2534 1084 2553; x_wconf 85' lang='grc' dir='ltr'><strong>σαν</strong></span> <span class='ocrx_word' id='word_1_805' title='bbox 1112 2525 1187 2552; x_wconf 81' lang='grc' dir='ltr'>κατὰ</span> <span class='ocrx_word' id='word_1_806' title='bbox 1219 2525 1331 2560; x_wconf 65' lang='grc' dir='ltr'>’ἡμέρας</span> <span class='ocrx_word' id='word_1_807' title='bbox 1362 2525 1415 2552; x_wconf 80' lang='grc' dir='ltr'>τοῦ</span> <span class='ocrx_word' id='word_1_808' title='bbox 1443 2525 1572 2557; x_wconf 81' lang='grc' dir='ltr'>βουνοῦ.</span> <span class='ocrx_word' id='word_1_809' title='bbox 1600 2524 1811 2556; x_wconf 63' lang='lat' dir='ltr'><strong>lily-nominarat</strong></span> 
     </span>
    </p>
   </div>
   <div class='ocr_carea' id='block_1_112' title="bbox 1023 2569 1708 2604">
    <p class='ocr_par' dir='ltr' id='par_1_112' title="bbox 1023 2569 1708 2604">
     <span class='ocr_line' id='line_1_112' title="bbox 1023 2569 1708 2604; baseline -0.003 -6"><span class='ocrx_word' id='word_1_810' title='bbox 1023 2571 1140 2604; x_wconf 83' lang='grc' dir='ltr'>ἀδικίας</span> <span class='ocrx_word' id='word_1_811' title='bbox 1153 2569 1262 2602; x_wconf 79' lang='grc' dir='ltr'>αὐτῶν,</span> <span class='ocrx_word' id='word_1_812' title='bbox 1276 2570 1429 2603; x_wconf 76' lang='grc' dir='ltr'>ἐκδικήσει</span> <span class='ocrx_word' id='word_1_813' title='bbox 1440 2571 1583 2604; x_wconf 81' lang='grc' dir='ltr'>ἁμαρτίας</span> <span class='ocrx_word' id='word_1_814' title='bbox 1600 2569 1708 2596; x_wconf 64' lang='grc' dir='ltr'>αὐτῶν.</span> 
     </span>
    </p>
   </div>
   <div class='ocr_carea' id='block_1_113' title="bbox 1063 2614 1811 2650">
    <p class='ocr_par' dir='ltr' id='par_1_113' title="bbox 1063 2614 1811 2650">
     <span class='ocr_line' id='line_1_113' title="bbox 1063 2614 1811 2650; baseline -0.004 -8"><span class='ocrx_word' id='word_1_815' title='bbox 1063 2617 1123 2643; x_wconf 87' lang='lat' dir='ltr'><strong>PB’.</strong></span> <span class='ocrx_word' id='word_1_816' title='bbox 1134 2616 1241 2642; x_wconf 87' lang='grc' dir='ltr'>Μανίαν</span> <span class='ocrx_word' id='word_1_817' title='bbox 1256 2615 1372 2643; x_wconf 77' lang='grc' dir='ltr'>κάνθάδε</span> <span class='ocrx_word' id='word_1_818' title='bbox 1387 2616 1508 2650; x_wconf 80' lang='grc' dir='ltr'>συνήθως</span> <span class='ocrx_word' id='word_1_819' title='bbox 1520 2615 1585 2650; x_wconf 78' lang='grc' dir='ltr'>φησὶ</span> <span class='ocrx_word' id='word_1_820' title='bbox 1604 2615 1653 2650; x_wconf 86' lang='grc' dir='ltr'>τὴν</span> <span class='ocrx_word' id='word_1_821' title='bbox 1662 2614 1811 2649; x_wconf 63' lang='grc' dir='ltr'>ψευδομανα</span> 
     </span>
    </p>
   </div>
   <div class='ocr_carea' id='block_1_114' title="bbox 1027 2659 1810 2697">
    <p class='ocr_par' dir='ltr' id='par_1_114' title="bbox 1027 2659 1810 2697">
     <span class='ocr_line' id='line_1_114' title="bbox 1027 2659 1810 2697; baseline -0.004 -9"><span class='ocrx_word' id='word_1_822' title='bbox 1027 2662 1112 2690; x_wconf 83' lang='grc' dir='ltr'>τείαν.</span> <span class='ocrx_word' id='word_1_823' title='bbox 1131 2661 1233 2697; x_wconf 84' lang='grc' dir='ltr'>Κυρίου</span> <span class='ocrx_word' id='word_1_824' title='bbox 1247 2661 1275 2688; x_wconf 81' lang='grc' dir='ltr'>δὲ</span> <span class='ocrx_word' id='word_1_825' title='bbox 1301 2659 1374 2687; x_wconf 75' lang='grc' dir='ltr'>οἷκον</span> <span class='ocrx_word' id='word_1_826' title='bbox 1388 2661 1514 2695; x_wconf 77' lang='grc' dir='ltr'>ὀνομάζει</span> <span class='ocrx_word' id='word_1_827' title='bbox 1537 2661 1582 2686; x_wconf 70' lang='grc' dir='ltr'><strong>τὸν</strong></span> <span class='ocrx_word' id='word_1_828' title='bbox 1616 2660 1736 2695; x_wconf 86' lang='grc' dir='ltr'>Ἰσραήλ.</span> <span class='ocrx_word' id='word_1_829' title='bbox 1759 2659 1810 2686; x_wconf 76' lang='grc' dir='ltr'><strong>Καὶ</strong></span> 
     </span>
    </p>
   </div>
   <div class='ocr_carea' id='block_1_115' title="bbox 1027 2704 1810 2743">
    <p class='ocr_par' dir='ltr' id='par_1_115' title="bbox 1027 2704 1810 2743">
     <span class='ocr_line' id='line_1_115' title="bbox 1027 2704 1810 2743; baseline -0.005 -9"><span class='ocrx_word' id='word_1_830' title='bbox 1027 2707 1092 2742; x_wconf 79' lang='grc' dir='ltr'>γοῦν</span> <span class='ocrx_word' id='word_1_831' title='bbox 1106 2707 1211 2743; x_wconf 84' lang='grc' dir='ltr'>εἴρηταί</span> <span class='ocrx_word' id='word_1_832' title='bbox 1230 2715 1282 2733; x_wconf 87' lang='grc' dir='ltr'><strong>που</strong></span> <span class='ocrx_word' id='word_1_833' title='bbox 1293 2706 1337 2733; x_wconf 73' lang='grc' dir='ltr'><strong>διὰ</strong></span> <span class='ocrx_word' id='word_1_834' title='bbox 1357 2707 1448 2741; x_wconf 85' lang='grc' dir='ltr'>φωνῆς</span> <span class='ocrx_word' id='word_1_835' title='bbox 1464 2706 1596 2742; x_wconf 78' lang='grc' dir='ltr'>Ἱερεμίου</span> <span class='ocrx_word' id='word_1_836' title='bbox 1612 2705 1680 2740; x_wconf 78' lang='grc' dir='ltr'>πρὸς</span> <span class='ocrx_word' id='word_1_837' title='bbox 1693 2706 1743 2740; x_wconf 83' lang='grc' dir='ltr'>τὴν</span> <span class='ocrx_word' id='word_1_838' title='bbox 1758 2704 1810 2730; x_wconf 74' lang='grc' dir='ltr'>τῶν</span> 
     </span>
    </p>
   </div>
   <div class='ocr_carea' id='block_1_116' title="bbox 1035 2749 1808 2786">
    <p class='ocr_par' dir='ltr' id='par_1_116' title="bbox 1035 2749 1808 2786">
     <span class='ocr_line' id='line_1_116' title="bbox 1035 2749 1808 2786; baseline -0.006 -6"><span class='ocrx_word' id='word_1_839' title='bbox 1035 2753 1166 2780; x_wconf 78' lang='grc' dir='ltr'>Ἰουδαίων</span> <span class='ocrx_word' id='word_1_840' title='bbox 1192 2751 1365 2786; x_wconf 83' lang='grc' dir='ltr'>Συναγωγὴν,</span> <span class='ocrx_word' id='word_1_841' title='bbox 1378 2751 1415 2783; x_wconf 85' lang='grc' dir='ltr'><strong>ὡς</strong></span> <span class='ocrx_word' id='word_1_842' title='bbox 1435 2752 1466 2778; x_wconf 76' lang='grc' dir='ltr'><strong>ἐκ</strong></span> <span class='ocrx_word' id='word_1_843' title='bbox 1492 2751 1638 2786; x_wconf 82' lang='grc' dir='ltr'>προσώπου</span> <span class='ocrx_word' id='word_1_844' title='bbox 1656 2751 1702 2778; x_wconf 69' lang='grc' dir='ltr'>τοῦ</span> <span class='ocrx_word' id='word_1_845' title='bbox 1727 2749 1808 2776; x_wconf 75' lang='grc' dir='ltr'>Θεοῦ·</span> 
     </span>
    </p>
   </div>
   <div class='ocr_carea' id='block_1_117' title="bbox 531 2839 1365 2874">
    <p class='ocr_par' dir='ltr' id='par_1_117' title="bbox 531 2839 1365 2874">
     <span class='ocr_line' id='line_1_117' title="bbox 531 2839 1365 2874; baseline -0.002 -5"><span class='ocrx_word' id='word_1_846' title='bbox 531 2841 554 2858; x_wconf 86' lang='lat'>&quot;</span> <span class='ocrx_word' id='word_1_847' title='bbox 568 2841 623 2869; x_wconf 81' lang='lat' dir='ltr'><strong>Jcr.</strong></span> <span class='ocrx_word' id='word_1_848' title='bbox 637 2849 715 2874; x_wconf 74' lang='lat' dir='ltr'><strong>um,</strong></span> <span class='ocrx_word' id='word_1_849' title='bbox 731 2841 772 2868; x_wconf 81' lang='grc'><strong>16.</strong></span> <span class='ocrx_word' id='word_1_850' title='bbox 812 2842 834 2858; x_wconf 70' lang='grc' dir='ltr'><strong>θ’</strong></span> <span class='ocrx_word' id='word_1_851' title='bbox 849 2841 943 2869; x_wconf 85' lang='lat' dir='ltr'><strong>Matth.</strong></span> <span class='ocrx_word' id='word_1_852' title='bbox 959 2849 1006 2874; x_wconf 85' lang='lat' dir='ltr'><strong>vn,</strong></span> <span class='ocrx_word' id='word_1_853' title='bbox 1022 2841 1064 2868; x_wconf 76' lang='grc'><strong>15.</strong></span> <span class='ocrx_word' id='word_1_854' title='bbox 1104 2841 1126 2857; x_wconf 79' lang='grc' dir='ltr'><strong>⁸ο</strong></span> <span class='ocrx_word' id='word_1_855' title='bbox 1140 2840 1210 2867; x_wconf 84' lang='lat' dir='ltr'><strong>Psal.</strong></span> <span class='ocrx_word' id='word_1_856' title='bbox 1226 2839 1325 2872; x_wconf 57' lang='lat'><strong>“11,7,</strong></span> <span class='ocrx_word' id='word_1_857' title='bbox 1337 2839 1365 2867; x_wconf 88' lang='grc'><strong>8.</strong></span> 
     </span>
    </p>
   </div>
  </div>
