1919 3042
77 145 131 172 225

536 143 809 173 COMMENTARIUS
827 143 858 171 IN
879 143 996 172 OSEAM
1016 144 1236 172 I'ROPHETAM.

1649 143 1701 172 2:6

83 213 93 230 ι
105 203 158 238 Οὐχ
172 203 210 234 ὡς
225 200 300 229 οἶκόν
313 211 349 237 με
364 203 508 235 ἐκάλεσας.
527 204 574 230 καὶ
597 206 713 239 πατέρα,
732 204 779 230 καὶ
801 203 867 238 ἀρχ-

925 207 951 229 ιιι
968 203 1075 229 domum
1095 210 1138 229 me
1153 201 1266 235 vocasti,
1285 205 1311 228 et
1328 204 1442 235 patrem,
1461 203 1488 227 et
1506 199 1600 227 ducem
1619 199 1700 235 virgi-

80 250 143 285 ηγὺν
164 248 216 283 τῆς
240 248 396 284 παρθενίας
413 259 476 282 σου;
492 260 501 276 ι
528 249 751 284 Καταπλήττεται
764 248 796 283 δὴ
818 247 865 275 οὖν

79 296 125 330 τῆς
137 293 312 328 ἀποπληξίας
319 294 352 320 τδ
364 295 489 330 μέγεθος,
498 295 544 321 καὶ
554 294 608 321 τῶν
618 295 725 322 ἀτόπων
740 295 867 329 ἐγχειρη-

84 341 172 373 μάτων
187 341 240 376 τὴν
255 341 424 376 ὑπερϐολήν.
448 341 610 376 Ἐληλάκασι
628 340 683 375 γὰρ
707 340 775 374 πρὸς
789 339 869 366 τοῦτο

82 386 169 413 λοιπὸν
185 385 376 420 ἀνοσιότητος,
393 386 485 420 φησιν,
505 386 542 417 ὡς
563 385 661 421 μανίαν
679 384 791 420 ἐνοῖχῳ
811 385 868 411 Κυ-

82 432 137 468 ρίου
153 431 328 466 καταπῆξαι,
351 431 491 462 τουτέστι,
517 430 742 466 ψευδομαντείαν,
766 430 813 456 καὶ
834 429 869 457 τὰ

80 479 133 510 τοῖς
149 477 234 509 θείοις
253 478 348 514 νόμοις
363 478 575 514 ἀπηγορευμένα
592 478 772 513 πλημμελεῖν.
789 476 825 504 Εὖ
839 478 868 504 δὲ

79 522 110 557 δὴ
135 523 230 549 καὶτὸ
256 532 267 548 ι
286 522 443 558 κατέπηξαν
471 531 481 548 ι
507 522 584 557 φησι.
609 521 647 549 Οὐ
665 522 718 558 γὰρ
732 523 867 549 πέπαυται

79 568 211 602 τολμηθὲν
224 567 353 600 εἰσάπαξ,
363 568 420 595 ἀλλ’
428 568 507 594 οἱονεὶ
517 568 622 603 πέπηγε
635 569 682 595 καὶ
691 568 867 604 ἐνεὸοϐρεύοη

80 613 170 639 λοιπὺν
186 614 237 648 τῆς
251 614 412 646 δυσσεϐείας
432 615 462 641 τὸ
486 614 590 649 χρῆμα*
605 615 635 640 οὺ
658 614 712 650 γὰρ
736 614 868 649 κατέληξε

80 659 276 693 ψευδομάντεις
298 659 367 694 ἔχων
400 660 447 686 καὶ
466 659 690 695 ψευδοπροφήτας
716 661 731 686 ὸ
750 659 866 695 Ἰσραήλ.

86 704 194 738 Ἐπειδὴ
225 704 254 730 δὲ
278 705 313 731 τὰ
336 704 424 731 τοιάδε
449 704 666 739 τετολμήκασιν,
693 705 805 735 εἰκότως
830 701 868 730 ὧν

79 751 194 784 ἔδρασαν
229 750 414 785 ἐξαιτούμενοι
444 750 536 782 δίκας,
567 759 577 775 ι
601 749 772 784 Ἐφοάρησον
798 749 868 776 κατὰ

80 798 126 828 τὰς
138 796 249 832 ἡμέρας
259 797 307 822 τοῦ
321 796 425 831 βουνοῦ.
437 796 612 830 Μεμνήσεται
626 795 679 830 γὰρ
697 797 747 831 τῆς
763 795 867 826 ἀδικίας

81 841 179 873 αὐτῶν,
195 841 244 866 καὶ
261 840 399 875 ἐκδικήσει
418 840 506 870 πάσας
525 839 574 870 τὰς
590 838 727 874 ἁμαρτίας
738 838 836 865 αὐτῶν.
856 847 864 863 ι

81 887 134 913 Καὶ
149 886 176 912 τί
196 886 229 921 δὴ
246 885 325 912 τοῦτό
352 886 413 911 ἐστι
437 885 478 917 τὸ,
508 894 517 910 ι
537 885 708 920 Ἐφοάρησαν
725 885 794 910 κατὰ
818 883 868 915 τὰς
884 901 903 928 Β

79 931 185 966 ⁴ἡμέρας
201 931 248 957 τοῦ
267 930 372 966 βουνοῦ,
387 939 396 956 ι
412 930 489 966 φέρε,
505 929 549 956 διὰ
565 929 687 965 βραχέων
703 929 867 964 ὑπομνήσω-

83 985 138 1011 μεν.
156 976 316 1012 Γέγραπται
332 985 358 1002 τι
374 975 493 1003 τοιοῦτον
504 977 533 1002 ἐν
542 977 574 1011 τῇ
590 975 672 1010 βίϐλῳ
683 975 737 1002 τῶν
748 974 866 1010 Κριτῶν,

81 1021 250 1057 ἐπιτομὰδην
260 1022 288 1047 δὲ
304 1022 422 1054 ἃπασαν,
431 1022 468 1053 ὡς
480 1021 530 1053 Evr,
543 1022 692 1056 ποιήσομαι
702 1021 751 1056 τὴν
762 1021 868 1056 ἀφήγη-

82 1075 131 1100 σιν,
162 1066 212 1093 καὶ
243 1066 417 1101 μακροτέραν
439 1064 521 1092 οὖσαν
549 1065 680 1092 συστελῶ.
711 1074 722 1090 ι
747 1064 793 1091 ‘Ev
808 1065 869 1096 ταῖς

81 1113 198 1148 ἡμέραις
209 1112 340 1144 ἐκείναις,
353 1112 445 1147 φησὶν,
459 1112 510 1138 οὑκ
519 1109 553 1147 ἦν
566 1111 694 1146 βασιλεὺς
705 1112 734 1137 ἐν
748 1110 867 1146 Ἰσραὴλ,

83 1158 148 1193 ἀνὴρ
155 1158 188 1184 τὸ
196 1157 276 1189 εύθὲς
284 1158 312 1184 ὲν
323 1157 471 1192 ὀφθαλμοῖς
485 1157 568 1184 αὑτοῦ
578 1157 674 1183 ἐποίει.
683 1156 738 1183 Καὶ
752 1155 869 1191 ἐγενήθη

80 1203 188 1233 νεανίας
199 1204 233 1230 ἐκ
246 1203 381 1238 Βηθλεέμ,
390 1203 475 1238 δήμου
490 1201 584 1235 Ἰούδα,
602 1202 648 1229 καὶ⁵
657 1201 869 1237 αὑτὸςΛευττης,

81 1252 126 1278 καὶ
141 1248 223 1282 οὗτος
242 1250 368 1286 ⁵ιιεοιρῲιιει
395 1251 462 1276 ἐκεῖ.
485 1250 540 1277 Καὶ
558 1249 693 1285 ἐπορεύθη
704 1250 719 1275 ὁ
734 1249 804 1284 ἀνὴρ
816 1248 871 1275 ἀπὸ

81 1296 207 1332 Βηθλεὲμ
234 1295 285 1332 τῆς
305 1295 407 1327 πόλεως
424 1295 518 1328 Ἰούδα,
548 1295 715 1330 παροικῆσαι
738 1295 766 1321 ἐν
792 1291 814 1328 ᾦ
838 1294 871 1321 ἂν

82 1342 147 1378 εὕρῃ
159 1342 250 1376 τόπῳ.
266 1341 318 1368 Καὶ
342 1339 423 1376 ἦλθεν
440 1340 491 1371 ἕως
520 1341 598 1376 Epeo;
616 1339 747 1375 Ἐφραῒμ,
760 1341 807 1366 καὶ
819 1340 872 1371 ἕως

80 1390 153 1416 οῐιιου
167 1387 300 1422 Μιχαίου,
319 1387 365 1414 τοῦ
394 1387 506 1422 ποιῆσαι
526 1387 584 1413 ὁδὸν
609 1386 702 1413 αὑτοῦ.
729 1386 783 1413 Καὶ
797 1384 872 1412 εἶπεν

82 1434 156 1470 αὑτῷ
167 1434 292 1468 Μιχαίας
304 1440 310 1447 ·
328 1432 413 1459 Πόθεν
432 1433 515 1468 ἔρχῃς
537 1432 592 1459 Καὶ
618 1430 679 1458 εἷπε
710 1432 778 1467 πρὸς
794 1432 873 1458 αὑτὸν

83 1481 218 1515 Δευΐτης·
240 1478 311 1513 Ἐγώ
334 1479 390 1513 ειμι
415 1478 468 1505 ἀπὸ
493 1477 616 1513 Βηθλεέμ
638 1478 732 1510 Ἰούδα,
749 1479 795 1505 καὶ
819 1477 874 1512 ἐγὼ

84 1526 239 1562 πορεύομαι
248 1525 413 1559 κατοικῆσαι
427 1526 455 1551 ἐν
467 1521 490 1558 ᾧ
503 1525 537 1552 ἂν
546 1524 618 1559 εὕρω
632 1524 716 1559 τόπῳ.
732 1524 786 1550 Καὶ
798 1521 873 1551 εἶπεν

916 248 1012 275 uitatis
1028 252 1080 275 tua:
1096 248 1137 274 "'1
1155 257 1164 274 ι
1184 247 1367 282 Magnitudiue
1381 246 1461 281 igitur
1474 245 1598 273 amentiae
1613 249 1640 272 et
1656 253 1703 273 tte-

898 293 1060 321 ‘l’audarum
1095 294 1263 321 molitionqu
1301 293 1491 327 exsuperantia
1525 292 1702 325 obstupescit.

918 338 1059 374 Progressi
1077 343 1140 367 sunt
1161 340 1233 366 enim
1256 338 1324 374 jam.
1348 339 1445 374 inquit,
1464 346 1495 365 eo
1507 337 1662 372 impietatis,
1675 341 1705 364 ut

918 385 1050 413 insaniam
1070 385 1095 412 in
1114 385 1193 412 domo
1217 385 1262 411 Dei
1286 386 1437 416 deﬁxerint,
1460 384 1511 411 hoc
1528 388 1580 416 est,
1603 382 1702 410 falsum

918 432 1075 459 vaticinium
1099 431 1307 465 divinarumque
1323 430 1410 464 legum
1426 430 1609 457 violationem.
1634 429 1703 462 Apte

919 483 1007 506 autem
1023 483 1049 505 et
1065 477 1130 504 illud
1150 477 1261 509 dictum,
1288 485 1297 502 ι
1330 477 1489 503 tlcllxeruut.
1514 485 1524 501 ι
1545 475 1624 511 134
1644 475 1702 502 Νοιι

918 525 990 553 enim
1008 525 1085 552 desiit
1101 525 1229 551 audacter
1245 527 1379 558 patratum
1397 522 1490 554 semel,
1508 523 1554 549 sed
1570 523 1702 556 quodam-

920 571 999 598 modo
1018 571 1069 597 ﬁxa
1095 575 1137 598 est
1167 576 1194 597 et
1216 570 1242 596 in
1269 569 1392 596 scrobem
1423 569 1538 603 impacta
1563 568 1701 603 impietas;

919 615 980 650 quia
998 623 1049 642 non
1069 615 1187 642 cessavit
1210 613 1294 640 falsos
1315 618 1389 640 vates
1415 617 1442 640 et
1456 613 1704 647 pseudoprophetas

919 661 1018 689 habere
1032 661 1124 688 lsrael.
1143 661 1211 693 Quia
1229 667 1293 687 vero
1307 659 1332 686 in
1355 659 1425 686 hanc
1441 658 1581 686 audaciam
1607 665 1703 692 erupe-

919 711 991 738 runt,
1010 706 1106 732 merito
1121 705 1252 731 factorum
1267 711 1362 738 poenas
1376 704 1475 736 exacti,
1491 712 1500 728 ε
1513 702 1630 737 corrupti
1642 707 1706 730 sunt

918 753 1064 779 secundum
1082 752 1138 778 dies
1157 751 1242 777 collis.
1259 751 1456 787 Recordabitur
1470 749 1542 776 enim
1556 749 1706 784 iniquitatis

920 798 1050 830 ipsorum,
1065 801 1091 822 et
1109 796 1250 823 ulciscetur
1261 796 1350 822 omnia
1366 800 1473 830 peccata
1487 803 1590 822 eorum.
1604 804 1612 820 ι
1624 794 1706 828 Quid-

920 851 981 870 nam
999 848 1086 869 autem
1103 842 1149 873 sit,
1167 850 1177 868 ι
1192 842 1310 876 corrupti
1327 846 1389 868 sunt
1406 842 1553 868 secundum
1572 841 1628 868 dies
1649 839 1708 867 col-

920 888 962 920 lis,
986 897 995 913 ι
1015 896 1073 922 age,
1093 889 1185 921 paucis
1203 894 1391 922 suggeramus.
1415 887 1552 921 Scriptum
1566 892 1607 914 est
1626 886 1707 921 quid-

918 934 989 969 piam
1010 933 1161 967 hujusmodi
1182 933 1207 959 in
1222 933 1292 960 libro
1308 932 1448 966 Judicum;
1468 938 1550 959 totam
1573 932 1708 959 narratio-

918 987 979 1007 nent
991 987 1071 1014 quam
1091 984 1185 1012 potero
1209 978 1369 1005 brevissime
1389 979 1577 1012 perstringam,
1598 981 1625 1003 et
1649 976 1707 1003 Iou-

918 1024 1018 1059 giorem
1035 1024 1061 1051 in
1077 1031 1159 1058 pauca
1174 1022 1323 1050 conferam.
1345 1032 1354 1048 ι
1375 1024 1402 1049 ln
1418 1023 1511 1050 diebus
1527 1023 1592 1053 illis.
1608 1022 1707 1056 inquit,

919 1077 972 1096 non
988 1073 1046 1096 erat
1061 1076 1107 1096 rex
1125 1069 1151 1096 in
1166 1068 1258 1101 lsrael,
1273 1073 1299 1095 et
1311 1069 1425 1103 quisque
1438 1069 1508 1103 quod
1529 1073 1631 1095 rectum
1646 1072 1707 1095 erat

919 1114 946 1141 in
961 1113 1047 1141 oculis
1063 1113 1129 1145 suis,
1154 1113 1278 1141 faciebat.
1304 1113 1336 1140 Et
1352 1113 1402 1139 fuit
1420 1112 1525 1147 juvenis
1547 1113 1574 1139 iu
1598 1112 1711 1140 Bethle-

919 1160 991 1192 hem,
1006 1159 1092 1186 tribus
1108 1158 1185 1190 Juda.
1201 1163 1227 1186 et
1247 1159 1306 1193 ipse
1324 1158 1440 1191 Levites,
1460 1162 1486 1185 et
1503 1158 1548 1186 hic
1569 1158 1709 1187 habitabat

921 1205 968 1232 ibi.
988 1204 1021 1232 Et
1038 1205 1103 1232 abiit
1117 1204 1160 1232 vir
1175 1204 1220 1232 ille
1236 1212 1250 1231 a
1274 1204 1430 1231 Bethlehcm
1451 1203 1561 1231 civitate
1577 1204 1643 1231 .luda
1660 1205 1710 1231 ha-

921 1251 1008 1277 bitare
1023 1250 1049 1277 in
1066 1250 1123 1277 loco
1137 1257 1218 1284 quem
1240 1250 1399 1280 invenisset.
1422 1254 1448 1276 et
1472 1249 1546 1276 venit
1569 1257 1654 1283 usque
1675 1250 1710 1276 ad

923 1301 1040 1324 montem
1058 1296 1196 1330 Ephraitn,
1215 1299 1242 1322 et
1257 1302 1342 1329 usque
1358 1296 1390 1322 ad
1413 1295 1522 1322 dommn
1550 1294 1656 1327 Michaa,
1681 1300 1711 1321 ut

922 1341 1025 1369 faceret
1040 1342 1090 1368 iter
1108 1349 1197 1368 suum.
1216 1340 1248 1368 Et
1267 1341 1334 1368 dixit
1347 1341 1371 1368 ei
1391 1340 1477 1368 Micha
1492 1350 1498 1367 :
1516 1339 1593 1367 Unde
1618 1340 1712 1367 venis?

922 1387 956 1414 Et
975 1387 1112 1422 respondit
1125 1386 1232 1413 Levites
1252 1396 1258 1413 :
1277 1386 1331 1419 Ego
1343 1393 1403 1412 sum
1416 1387 1448 1413 de
1466 1385 1619 1412 Bcthlchcm
1631 1384 1711 1418 Juda,

923 1438 950 1460 et
961 1440 1010 1466 ego
1021 1433 1090 1459 vado
1103 1432 1227 1459 habitare
1239 1432 1264 1458 iu
1277 1432 1335 1459 loco
1346 1439 1425 1467 quem
1444 1432 1583 1458 invenero.
1603 1431 1635 1457 Et
1645 1431 1713 1458 dixit

924 1479 948 1506 ei
965 1479 1053 1506 Micha
1070 1488 1076 1506 :
1098 1479 1169 1505 Sede
1183 1486 1298 1510 tuecutn,
1317 1483 1343 1505 et
1357 1482 1414 1505 esto
1432 1477 1497 1504 mihi
1512 1477 1537 1503 iu
1560 1481 1673 1511 patrem,
1686 1481 1714 1504 et

927 1526 953 1552 in
966 1525 1147 1558 sacerdotem,
1162 1529 1189 1552 et
1201 1532 1250 1559 ego
1266 1525 1335 1552 dabo
1348 1525 1394 1552 tibi
1412 1525 1504 1552 decem
1525 1529 1666 1558 argenteos
1686 1524 1713 1550 in

85 1573 159 1608 αὑτῷ
179 1572 302 1607 Μιχαίας
313 1579 321 1587 ο
337 1571 429 1598 Κάθου
446 1572 503 1606 μετ’
517 1570 597 1605 ἐμοῦ,
619 1570 666 1596 καὶ
680 1571 756 1604 γίνου
771 1578 815 1605 μοι
834 1570 874 1601 είς

926 1572 1010 1603 diem.
1025 1577 1051 1599 et
1066 1571 1162 1599 stolam
1179 1571 1305 1602 vestium,
1324 1576 1351 1597 et
1369 1577 1428 1605 qua:
1455 1570 1487 1597 ad
1514 1570 1612 1597 victum
1638 1575 1713 1596 tuum

86 1619 192 1654 πατέρα
208 1618 257 1644 καὶ
270 1617 310 1648 εἰς
325 1617 410 1652 ἱερέα·
429 1617 476 1643 καὶ
490 1615 544 1650 ἐγὼ
557 1615 635 1641 δώσω
650 1623 692 1641 σοι
713 1614 779 1642 δέκα
790 1616 875 1650 ἀργυ-

87 1664 160 1699 ρίους
173 1664 215 1693 είς
234 1661 354 1696 ἡμέραν,
369 1661 416 1687 καὶ
436 1660 531 1695 στολὴν
549 1659 675 1695 ῑματίων,
691 1659 738 1686 καὶ
750 1659 784 1685 τὰ
808 1659 876 1694 πρὸς

87 1709 158 1744 ζωήν
186 1717 245 1735 σου.
276 1707 332 1734 Καὶ
356 1705 493 1742 ἐπορεύθη
517 1707 531 1732 ὸ
558 1706 683 1740 Λευϊτης,
708 1706 754 1733 καὶ
775 1705 877 1742 ἤρξατο

88 1754 232 1789 παροικεῖν
255 1752 333 1788 παρὰ
355 1752 395 1786 τῷ
419 1751 506 1787 ἀνδρί.
535 1751 590 1778 Καὶ
611 1749 757 1786 ἐγενήθητε
769 1751 876 1783 νεανίας

87 1799 150 1834 παρ’
162 1798 239 1833 αὐτῷ
254 1798 292 1829 ὡς
320 1795 361 1828 εἷς
376 1797 430 1824 ἀπὸ
453 1796 517 1823 υἱῶν
543 1796 638 1825 αὐτοῦ.
667 1797 722 1823 Καὶ
736 1797 878 1832 ἐπλήρωσε

88 1845 208 1879 Μιχαίας
224 1844 276 1878 τὴν
294 1844 373 1878 χεῖρα
394 1842 440 1869 τοῦ
466 1843 590 1876 Λευΐτου,
603 1843 650 1870 καὶ
674 1842 790 1878 ἐγενήθη
804 1842 878 1878 αύτῷ

89 1891 125 1922 εἰς
139 1890 226 1925 ἱερέα,
247 1889 296 1916 καὶ
310 1888 418 1922 ἐγένετο
432 1889 461 1914 ἐν
475 1888 541 1923 οἴκῳ
553 1887 681 1923 Μιχαίου.
705 1898 714 1914 ι
730 1888 878 1915 Είδωλολά-

87 1945 154 1972 τρης
171 1936 223 1970 μὲν
236 1932 284 1961 οὖν
299 1935 313 1961 ὁ
334 1933 464 1968 Μιχαίας,
481 1933 679 1968 κατεμισϐοὖτό
696 1942 727 1968 γε
756 1933 809 1970 μὴν
832 1934 878 1961 τὸν

89 1982 118 2014 ἐξ
127 1982 246 2016 αἳματος
260 1980 308 2007 τοῦ
315 1981 391 2012 Λευῖ,
404 1980 449 2007 καὶ
462 1980 631 2015 Θεραπευτὴν
642 1980 728 2007 ἐποίει
746 1980 877 2014 γλιυπτοῦ,

89 2028 134 2054 καὶ
150 2029 213 2059 ταῖς
229 2026 285 2053 τῶν
300 2026 417 2052 εἰδώλων
432 2025 552 2054 ἁνετέθει
566 2026 681 2061 χρείαις.
707 2027 761 2052 Καὶ
774 2027 799 2052 τί
812 2026 880 2061 μετὰ

89 2073 168 2100 τοῦτο
194 2072 325 2106 γενέσθαι
355 2071 544 2106 συμόέσηκεν;
575 2072 647 2106 Ἔφη
679 2071 760 2099 πάλιν
783 2072 832 2098 ὡδὶ
849 2073 880 2098 τὸ

90 2119 212 2154 Γρέιμμα
240 2117 272 2144 τὸ
288 2117 370 2152 ίερόψ
391 2126 400 2142 ι
413 2118 466 2143 Καὶ
475 2119 504 2144 ἐν
519 2118 579 2149 ταῖς
593 2117 711 2153 ἡμέραις
729 2118 846 2149 ἐκείναις
861 2119 878 2153 ἡ

91 2165 160 2200 (ξυλὴ
174 2164 231 2190 Δάν
247 2163 339 2198 ἐζήτει
354 2164 422 2198 αὐτῇ
438 2162 621 2198 κληρονομίαν
633 2163 680 2189 τοῦ
701 2163 879 2198 κατοικῆσαι,

88 2211 130 2237 δτι
150 2211 203 2236 οὒκ
230 2209 360 2235 ἐνέπεσεν
382 2209 450 2243 αὐτῇ
467 2209 520 2240 ἐως
542 2209 592 2244 τῆς
607 2208 713 2244 ἡμέρας
727 2209 834 2244 ἐκείνης
851 2209 880 2236 ἐν

92 2255 166 2290 μέσῳ
182 2254 273 2288 φυλῶν
298 2254 405 2289 Ἰσραὴλ
433 2253 606 2289 κληρονομία.
630 2252 695 2280 Εἶτα
711 2255 791 2281 πέντε
805 2255 881 2287 τινὰς

92 2299 294 2334 ἐπιλεξάμενοι,
311 2299 482 2334 προϐαδίζειν
512 2300 616 2326 ἑαυτῶν
631 2300 818 2334 ἀναπείθουσι,
833 2301 881 2327 καὶ

92 2347 295 2381 κατερευνῆσαι
322 2345 372 2380 τὴν
385 2345 437 2380 γῆν
459 2345 493 2380 ἢν
516 2346 550 2372 ἂν
575 2346 698 2373 δύναιντο
712 2346 817 2378 λαὸεῖν,
832 2346 880 2372 καὶ

92 2390 193 2415 οἰκεῖον
207 2388 345 2415 ποιεῖσθαι
359 2389 469 2424 κλῆρον.
485 2390 516 2416 Οἱ
529 2389 557 2417 δέ
570 2390 709 2424 ἀφίκοντο,
726 2391 818 2426 φησὶν,
827 2391 880 2422 ἐως

93 2436 172 2470 ὕρους
193 2435 323 2471 Ἐφραίμ,
341 2435 393 2467 ἕως
406 2437 481 2463 οἴκου
503 2437 632 2471 Μιχαίου,
650 2436 697 2464 καὶ
714 2437 879 2473 ηὐλίσθησαν

94 2483 160 2514 ἐκεῖ,
179 2483 228 2509 καὶ
242 2482 288 2510 τὸν
298 2482 415 2517 Δευῖτην
434 2483 669 2517 ἐπιγινώσκουσιν,
681 2483 718 2516 ὡς
745 2484 861 2519 ὁμογενῆ
876 2504 884 2516 ,

94 2527 137 2554 διὰ
149 2536 191 2554 τοι
210 2528 243 2554 τὺ
256 2527 365 2563 γλώττῃ
382 2528 500 2563 χρῆσθαι
514 2530 548 2564 τῇ
562 2530 622 2556 κατ’
635 2530 730 2564 αὐτῆς·
750 2529 886 2565 Ἑϐραίοις

95 2573 148 2608 γὰρ
170 2570 259 2604 οὖσιν,
283 2572 322 2603 ὡς
343 2571 468 2607 Ἑὸραῑος
500 2572 600 2601 ἐλάλει.
632 2573 771 2609 Ἐρόμενοι
788 2573 816 2599 δέ
835 2572 884 2608 τὴν

95 2618 195 2650 αίτίαν,
209 2618 257 2647 καὶ
272 2617 471 2652 ἁναμαθόντες,
500 2619 575 2651 ὅπως
601 2621 633 2646 ἐκ
647 2620 733 2655 φυλῆς
744 2619 808 2646 ὅντα
819 2619 885 2646 Acut

96 2664 298 2700 κατεμισθοῦτο
315 2664 365 2699 μὲν
375 2664 389 2690 ὁ
403 2665 533 2699 Μιχαίας,
562 2666 702 2701 ἱερουργδν
712 2666 740 2692 δέ
758 2666 811 2693 τῶν
821 2667 885 2693 ἐαυ-

95 2710 143 2738 τοῦ
163 2711 377 2746 κεχειροτόνηκε
395 2710 590 2746 σεὸασμάτων,
621 2712 786 2747 συναλγῆσαι
809 2712 884 2744 δέον,

96 2757 133 2789 ὡς
157 2757 348 2793 αἰχμαλώτῳ,
372 2757 419 2783 καὶ
441 2757 619 2793 ⁴Ιέιιτατημένῳ,
640 2758 685 2785 καὶ
710 2758 884 2794 ἀλητεύοντι,

133 2847 154 2864 ⁶¹
169 2845 226 2875 Jer.
240 2855 284 2880 ιιι,
302 2846 330 2874 4.
370 2846 392 2862 ⁶¹
405 2844 492 2874 Judic.
509 2854 576 2880 xvn,
591 2847 670 2874 (H5.

927 1617 1071 1652 pertinent.
1083 1617 1117 1644 Et
1134 1617 1200 1644 abiit
1216 1615 1335 1648 Levites.
1348 1621 1375 1643 et
1388 1616 1486 1651 incepit
1506 1615 1628 1643 habitare
1644 1615 1713 1648 apud

926 1664 1023 1690 virum.
1036 1663 1068 1690 Et
1084 1663 1135 1690 fuit
1149 1662 1307 1690 adolescens
1321 1662 1390 1696 apud
1403 1662 1488 1694 illum,
1505 1665 1534 1689 ut
1547 1669 1616 1688 unus
1633 1660 1666 1688 de
1683 1660 1716 1687 [i-

927 1708 971 1736 liis
988 1708 1057 1741 ejus.
1078 1708 1108 1735 Et
1124 1707 1347 1743 implevit'Micha
1366 1714 1475 1733 manum
1490 1705 1602 1739 Levitae,
1615 1711 1642 1732 et
1665 1705 1716 1732 fuit

927 1755 951 1782 ei
964 1754 990 1781 in
1006 1753 1185 1784 sacerdotem,
1201 1757 1228 1779 et
1244 1752 1293 1779 fuit
1309 1753 1334 1779 iu
1351 1752 1430 1778 domo
1445 1751 1536 1778 Michze
1553 1752 1585 1779 ".
1602 1761 1610 1777 ι
1630 1751 1716 1778 Idolo-

929 1799 996 1826 latra
1022 1799 1103 1834 igitur
1124 1798 1174 1825 fuit
1191 1797 1305 1830 Michas,
1334 1797 1459 1824 mercede
1486 1797 1661 1825 nihilominus
1682 1797 1717 1824 de

929 1846 1059 1879 sanguine
1074 1844 1138 1871 Levi
1164 1849 1340 1878 propagatum
1368 1844 1506 1875 conduxit,
1533 1849 1560 1871 et
1584 1843 1715 1871 cultorem

929 1891 994 1919 fecit
1014 1891 1155 1924 sculptilis,
1174 1890 1362 1924 idolorumque
1384 1889 1478 1916 usibus
1492 1897 1553 1916 eum
1570 1889 1714 1916 dedicavit.

929 1936 998 1970 Quid
1014 1935 1126 1970 postea?
1137 1935 1236 1961 Narrat
1252 1942 1358 1962 rursum
1369 1933 1506 1967 Scriptura
1519 1941 1594 1960 sacra
1606 1933 1631 1959 in
1644 1933 1717 1960 hunc

930 1984 1037 2010 modum
1053 1990 1059 2008 :
1077 1982 1125 2008 «Et
1139 1981 1165 2007 in
1181 1981 1275 2008 diebus
1290 1980 1343 2007 illis
1353 1980 1439 2007 tribus
1450 1979 1504 2006 Dan
1515 1979 1715 2014 qumrebatsibi

930 2028 1126 2064 possessionem
1143 2027 1178 2053 ad
1193 2026 1380 2057 habitandum,
1402 2025 1528 2059 quoniam
1547 2033 1598 2052 non
1619 2024 1718 2051 cecidit

931 2073 966 2101 illi
981 2081 1065 2108 usque
1080 2073 1112 2099 ad
1130 2073 1200 2099 diem
1221 2071 1295 2098 illum
1318 2071 1345 2098 in
1373 2071 1461 2098 medio
1489 2071 1606 2097 tribuum
1635 2069 1717 2098 lsrael

930 2118 1077 2155 possessio.
1094 2117 1194 2145 Deinde
1209 2117 1327 2152 quinque
1349 2116 1459 2144 delectis
1481 2120 1510 2143 ut
1534 2115 1719 2150 prrecedcrent

931 2168 1132 2199 persuaserunt,
1146 2167 1173 2190 et
1193 2161 1366 2197 explorarent
1387 2165 1496 2194 terram,
1519 2168 1599 2196 quam
1615 2161 1720 2195 possint

932 2217 1073 2245 occupare,
1089 2216 1115 2237 et
1131 2210 1157 2236 in
1180 2213 1280 2236 sortem
1299 2215 1374 2236 suam
1396 2213 1563 2234 convertere.
1580 2206 1619 2233 llli
1637 2213 1718 2233 vene-
1761 2226 1765 2231 .

935 2262 996 2284 runt
1010 2263 1095 2291 usque
1114 2256 1147 2283 ad
1161 2260 1279 2283 montem
1295 2254 1434 2286 Ephraim,
1451 2254 1477 2280 in
1491 2254 1598 2281 domum
1615 2251 1719 2284 Michar,

931 2308 958 2331 et
974 2302 1165 2337 requieverunt
1177 2301 1223 2333 ibi,
1238 2304 1266 2327 ct
1278 2300 1399 2327 Levitam
1409 2303 1437 2326 ut
1449 2302 1591 2334 cognatum
1604 2305 1720 2332 agnove-

933 2354 1006 2380 runt,
1021 2347 1090 2382 quod
1106 2354 1199 2374 eorum
1216 2346 1303 2380 lingua
1323 2349 1452 2372 uteretur.
1470 2343 1590 2371 llebrazis
1605 2343 1675 2370 enim
1691 2347 1721 2369 ut

931 2394 1061 2422 Hebraeus
1088 2392 1256 2426 loquebatur.
1287 2390 1440 2418 Percontati
1460 2390 1540 2424 igitur
1556 2396 1676 2420 causam,
1695 2392 1722 2415 et

930 2439 1038 2475 cognito
1053 2438 1186 2472 quomodo
1204 2445 1235 2463 ex
1259 2436 1328 2463 tribu
1345 2435 1407 2462 Levi
1418 2440 1511 2468 natus,
1525 2443 1538 2461 a
1554 2435 1639 2462 Micha
1655 2441 1721 2461 con—

935 2485 1031 2512 ductus
1045 2487 1127 2515 esset,
1143 2489 1169 2510 et
1186 2482 1263 2509 abeo
1280 2482 1419 2509 sacrilicus
1445 2480 1575 2507 idolorum
1595 2480 1654 2515 ejus
1679 2480 1720 2507 in-

936 2529 1056 2560 stitutus,
1078 2535 1139 2555 cum
1154 2526 1280 2554 miserari
1305 2530 1334 2552 ut
1351 2525 1498 2559 captivum,
1516 2528 1543 2551 et
1568 2525 1720 2560 deceptum.

938 2580 965 2603 et
981 2581 1104 2602 erronem
1126 2573 1264 2604 deberent,
1291 2570 1368 2606 135
1394 2570 1537 2597 confestim
1564 2570 1589 2597 in
1614 2570 1722 2597 eosdem

939 2619 1105 2654 deceptionis
1122 2618 1231 2652 laqueos
1259 2617 1421 2648 inciderunt,
1449 2619 1474 2642 et
1501 2622 1562 2642 eum
1584 2622 1616 2641 cx
1644 2615 1724 2642 idolis

940 2665 1107 2693 sciscitatum
1126 2664 1176 2692 sibi
1194 2663 1296 2690 referre
1310 2661 1487 2696 postularunt,
1504 2660 1525 2686 si
1544 2659 1584 2687 eis
1607 2667 1640 2686 ex
1663 2667 1725 2687 seu-

941 2713 1023 2739 tentia
1045 2715 1162 2745 emptum
1184 2714 1254 2737 esset
1281 2715 1479 2744 processurum,
1507 2712 1535 2733 ut
1559 2706 1723 2738 obtinerent,

940 2759 1060 2794 inquam,
1077 2757 1223 2792 regionem,
1236 2763 1317 2791 quam
1334 2753 1501 2790 exploratum
1512 2752 1665 2780 veniebant.
1678 2751 1723 2780 llle
