1919 3042
223 117 274 145 207

741 113 769 140 S.
791 111 926 140 CYRILLI
946 111 1180 140 ALEXANDlllNl
1200 111 1360 140 ΑΙὶΕΙΙΙΕΡ.

1793 114 1849 142 2ύ3

222 174 348 211 legalium
381 174 563 202 institutorqu
580 171 702 206 cupidos,
719 171 764 199 sed
789 175 818 198 nt
833 176 971 198 corrector
988 179 1001 197 e

1065 170 1125 197 οὐδὲ
1144 169 1181 201 ὡς
1195 170 1295 204 ἄριστα
1310 169 1383 204 βιοῦν
1397 169 1550 205 ἑλομένους,
1572 170 1634 197 οὒτε
1652 170 1706 206 μὴν
1722 171 1794 198 κατὰ
1807 172 1857 198 τὶν

223 227 318 255 poenas
331 219 451 254 exigens,
465 216 559 250 etiam
581 215 613 242 ad
629 215 761 249 judicium
779 222 888 242 vocans.
903 215 1012 249 Suppli-

222 267 265 293 cia
282 265 364 296 enim,
392 270 452 297 qua“:
469 263 554 290 iratus
589 260 761 292 inveherent,
777 261 913 295 praeterito
943 265 1011 287 tern-

222 317 289 346 pore
314 317 348 337 ex
373 306 581 336 mansuetudine
604 306 707 335 distuli.
740 306 794 334 Sed
808 305 900 333 «Nunc
924 306 1011 334 susci-

221 357 292 390 piam
307 362 364 387 eos,
386 363 395 380 ι
411 353 507 388 inquit,
523 358 552 380 ut
569 353 700 381 malorum
719 352 884 387 experientia
907 352 1011 380 discam

222 401 328 428 tandem
350 406 379 427 se
406 399 456 426 sub
483 398 608 432 Domino,
627 405 677 426 nec
694 403 769 425 extra
791 404 900 424 manum
924 404 1010 424 meam

223 454 294 474 esse.
323 445 381 473 Non
401 450 490 473 autem
508 452 603 480 pmnas
621 445 727 472 diutius
743 444 854 473 dilatum
867 444 910 476 iri,
937 448 1011 471 certo

227 497 352 526 testatur,
367 492 466 520 utendo
480 491 612 527 particula
637 499 718 519 nunc.
741 490 864 525 Suscepli
886 490 968 524 igitur
983 494 1009 516 ut

221 539 414 573 corripiantur,
432 538 558 572 deinceps
573 545 675 571 ungere
704 544 794 572 regem
821 541 848 563 et
873 535 1009 570 principes

226 585 369 612 desistent.
386 583 506 618 Assyriis
533 589 651 617 namque
666 587 693 610 et
708 581 792 609 Medis
808 579 1011 612 servientes.ad

219 638 301 664 opera
319 630 459 663 apostasize
484 627 678 663 frequentanda
703 627 776 662 quod
807 626 915 654 tandem
926 626 1011 654 otium

219 676 362 707 haberent.
378 674 455 709 123
473 674 651 700 lamentantes
671 672 820 704 assidue,el.
841 671 1011 706 inexspecta-

220 726 273 747 Iam
307 720 489 748 calamitatem
521 717 709 752 deplorantes?
740 716 884 744 Sciendum
909 721 1010 752 autem,

219 770 365 800 postquam
397 764 482 800 Cyrus
519 764 661 798 Catubysm
692 763 763 790 titius
786 762 913 790 lsraelem
942 762 1011 790 libe-

218 820 278 838 rum
291 811 405 843 dimisit,
418 819 469 838 non
484 810 566 838 fuisse
581 814 677 837 unctos
693 809 720 836 in
741 808 863 836 Samaria
886 808 920 835 de
937 807 1009 835 tribu

220 857 362 892 prraim.
381 857 427 883 sed
440 862 538 884 censos
563 855 597 882 ab
612 862 665 881 uno
684 854 749 889 iugo
763 861 867 886 omnes,
884 852 1010 881 Hieroso-

218 903 300 937 lymis
314 903 347 929 de
365 902 434 929 tribu
455 900 523 928 Juda
547 901 731 935 regnantibus.
757 900 815 928 Non
844 900 916 927 enim
938 899 1008 928 ultra

216 947 325 974 divisim
352 946 519 977 habitabant,
540 946 586 972 sed
603 945 798 980 Hierosolymis
819 945 949 973 universi.
966 945 1008 972 ln-

215 993 279 1026 eipit
297 997 385 1019 autem
401 991 505 1026 primus
520 995 583 1025 post
595 991 780 1026 captivitatem
796 995 888 1018 tenere
898 995 1004 1018 utrum-

216 1042 269 1069 que
285 1042 405 1069 regnum,
430 1034 525 1068 Israel,
540 1037 661 1068 inquam,
676 1039 701 1062 et
718 1034 799 1068 Iuda,
811 1035 868 1062 sive
884 1035 1002 1062 omnium

214 1081 357 1108 duodecim
388 1080 519 1113 tribuum,
549 1080 700 1109 Zorobabel
727 1081 800 1109 [llius
828 1080 958 1109 Salatbiel
976 1081 1010 1108 de

215 1126 285 1153 tribu
311 1125 379 1153 Juda
392 1126 426 1157 ³¹,
441 1125 505 1153 Jesu
523 1126 576 1153 tilio
599 1126 728 1155 losedec‘
749 1127 872 1161 principe
904 1127 1009 1155 ordinis

214 1171 336 1204 Levitici,
353 1176 381 1199 et
401 1163 498 1199 summi
520 1172 663 1200 sacerdotii
688 1172 871 1215 ministerium
893 1173 1009 1200 admini-

216 1222 332 1245 strante.

1063 216 1145 250 νόμον
1162 215 1299 246 πολιτείας
1313 214 1483 249 ἐφιεμένους,
1499 215 1557 242 ἀλλ’
1577 216 1615 247 ὡς
1631 217 1787 252 παιδευτὴς,
1805 219 1856 245 καὶ

1061 261 1138 292 δίκας
1153 260 1245 290 αἰτῶν,
1263 260 1310 286 καὶ
1326 260 1378 286 ὑπὸ
1392 260 1480 295 κρίσιν
1495 261 1545 295 ἤδη
1560 261 1659 288 χαλῶν.
1675 262 1791 296 [Imp-ﬁxa.
1804 262 1856 297 μὲν

1062 306 1117 341 γὰρ
1128 306 1157 338 ἐξ
1171 305 1339 341 ἡμερότητος
1353 305 1393 336 είς
1412 305 1557 340 ὑπέρθεσιν
1573 306 1605 332 τὰ
1620 306 1653 332 ὲκ
1669 306 1744 338 θείας
1753 307 1853 341 ὀργῆς,

1062 351 1134 378 κατὰ
1142 351 1187 378 τὸν
1201 351 1251 386 ἠδη
1267 351 1450 386 παρῳχηκότα
1464 352 1568 386 καιρόν.
1585 351 1664 378 Ἀλλὰ
1681 352 1742 378 «νῦν
1754 353 1855 384 αὐτοὺς

1061 397 1226 432 εἰσδέξομαι,
1240 406 1248 422 ι
1269 397 1361 432 φησιν,
1389 397 1432 424 ἵνα
1454 398 1486 432 τῇ
1502 396 1555 423 τῶν
1573 397 1666 424 δεινῶν
1683 398 1767 433 πείρᾳ.
1784 407 1854 433 μαν-

1061 442 1164 469 θάνωσι
1182 442 1267 476 μόλις,
1285 442 1326 468 ὅτι
1351 441 1399 468 καὶ
1423 441 1475 468 ὑπὸ
1498 442 1631 476 δεσπότην
1649 443 1713 474 εἰσὶ,
1737 443 1784 469 καὶ
1803 443 1855 477 τῆς

1062 487 1133 523 ἐμῆς
1147 487 1197 514 οὐκ
1216 487 1268 520 ἔξω
1286 487 1387 523 χειρός.
1405 487 1467 514 Ὀτι
1482 487 1521 518 δὲ,
1539 488 1589 514 οὐκ
1605 488 1644 519 εἰς
1655 487 1805 522 ἁνάὸλησιν
1818 489 1855 515 τὰ

1060 533 1091 565 es
1111 533 1207 568 ὀργῆς,
1221 534 1261 559 ἔτι
1279 533 1521 569 πεπληροφόρηκε,
1537 533 1622 567 λέγων
1645 533 1686 564 τὸ,
1707 534 1764 560 νῦν.
1790 534 1855 560 Εἰσ-

1059 578 1198 614 δεχθέντες
1225 579 1257 614 δὴ
1287 576 1333 605 οὖν
1361 579 1404 605 ἵνα
1436 579 1625 610 παιδεύωνται,
1664 579 1854 606 πεπαύσονται

1060 624 1153 651 λοιπὸν
1165 624 1213 651 τοῦ
1224 625 1312 660 χρίειν
1323 624 1437 659 βασιλέα
1451 624 1498 651 καὶ
1520 625 1662 659 ἄρχοντας.
1674 623 1854 655 Δουλεύοντες

1059 670 1115 705 γὰρ
1135 671 1287 706 ’Δσσυρίοις
1301 671 1349 703 καὶ
1363 671 1474 706 Μήδοις,
1488 670 1566 697 ποίαν
1578 669 1632 705 γὰρ
1647 670 1726 705 ἔσχον
1753 670 1853 705 σχολὴν

1059 716 1094 743 τὰ
1106 717 1155 752 τῆς
1169 716 1338 748 ἁποστασίας
1353 716 1421 751 ἔργα
1435 716 1565 751 πληροῦν,
1579 716 1636 750 οἵγε
1651 717 1698 743 καὶ
1712 716 1853 750 κατοιμώ-

1039 762 1153 795 ίζοντες
1186 763 1335 795 διετέλουν,
1361 763 1408 790 καὶ
1431 763 1481 798 τὴν
1508 762 1638 797 ἀδόκητον
1666 761 1853 796 κατεθρήνουν

1062 809 1223 843 συμφοράν;
1253 808 1350 834 Ἰστέον
1373 808 1401 834 δὲ
1416 808 1468 839 ὅτι,
1485 807 1554 842 μετὰ
1585 807 1616 833 τὸ
1635 807 1741 833 ἀνεῖναι
1760 806 1853 842 Κῦρον

1024 846 1107 881 Βτοῦ
1133 853 1283 890 Καμϐύσου
1310 853 1359 888 τῆς
1386 853 1573 888 αίχμαλωσὶας
1598 853 1643 880 τὸν
1671 852 1790 888 Ἰσραὴλ,
1819 853 1852 878 οὐ

1058 899 1220 934 κεχρίκασιν
1243 900 1273 925 ὲν
1297 899 1441 934 Σαμαρείᾳ
1464 899 1527 930 τοὺς
1546 899 1579 925 ὲκ
1601 898 1689 933 φυλῆς
1717 897 1850 933 Ἐφραῖμ,

1057 944 1114 971 ἀλλ’
1129 944 1173 978 ὑφ’
1184 944 1232 970 ἕνα
1248 944 1348 976 πάντες
1360 945 1487 978 γεγόνασι
1501 944 1593 978 ζυγὸν,
1610 943 1806 978 βασιλευόντων
1820 944 1851 968 ἐν

1061 990 1258 1025 Ἰεροσολύμοις
1272 990 1325 1016 τῶν
1336 990 1365 1023 ἐξ
1383 989 1466 1016 Ἰούδα
1480 990 1575 1024 φυλῆς.
1592 990 1781 1025 Κατῳκήκασι
1795 989 1852 1023 γὰρ

1054 1036 1147 1062 οὐκέτι
1185 1036 1368 1072 διῃρημένως.
1411 1035 1468 1066 ἀλλ’
1495 1037 1524 1062 ἐν
1560 1037 1616 1067 τοῖς
1651 1035 1852 1071 Ἰεροσολύμοις

1060 1081 1189 1113 ἅπαντες.
1205 1082 1335 1116 Ἀρχεται
1346 1081 1374 1108 δὲ
1395 1081 1501 1116 πρῶτος
1519 1081 1590 1116 μετὰ
1611 1082 1673 1114 τοὺς
1690 1081 1741 1116 τῆς
1766 1080 1850 1115 αἰχμ-

1060 1128 1179 1159 αλωσίας
1194 1128 1306 1162 καιροὺς
1319 1127 1369 1162 τῆς
1384 1127 1428 1153 ἐπ’
1444 1128 1545 1162 ἀμφοῖν
1567 1127 1718 1162 βασιλείας,
1734 1127 1808 1162 φημὶ
1819 1126 1850 1160 δὴ

1059 1173 1108 1200 τοῦ
1128 1182 1157 1200 τε
1178 1173 1285 1209 Ἰσραὴλ
1311 1173 1359 1199 καὶ
1379 1173 1426 1199 τοῦ
1447 1173 1543 1205 Ἰούδα,
1568 1173 1627 1208 ἢτοι
1653 1172 1749 1199 πασῶν
1762 1171 1849 1203 ἁπαξ-

1059 1217 1151 1248 απλῶς
1164 1217 1217 1243 τῶν
1229 1217 1389 1243 δυοκαίδεκα
1408 1217 1498 1252 φυλῶν
1513 1217 1664 1254 Ζοροὸἀΰελ
1678 1218 1693 1244 ὁ
1707 1216 1755 1244 τοῦ
1764 1217 1850 1243 Σαλα-

216 1264 323 1299 θιὴ).ὲκ
337 1264 423 1300 φυλῆς
445 1264 540 1297 Ἰούδα,
557 1264 612 1292 τῶν
647 1264 800 1292 Δευιτῖκῶν
834 1263 1040 1299 καθηγουμένου
1058 1264 1216 1299 ταγμάτων,
1245 1265 1292 1290 καὶ
1319 1266 1368 1299 τήν
1392 1264 1442 1299 τῆς
1473 1264 1678 1300 ἀρχιερωσύνης
1706 1263 1849 1290 διέποντος

214 1312 387 1347 λειτουργίαν
417 1311 504 1347 Ἰησοῦ
529 1311 577 1338 τοῦ
608 1312 740 1344 Ἰωσεδὲκ,
765 1311 812 1338 τοῦ
838 1311 933 1346 ἱερέως
958 1311 1004 1338 τοῦ
1024 1311 1153 1346 μεγάλου.

251 1357 334 1385 Vens.
350 1358 395 1390 Η,
414 1358 458 1385 1‘2.
473 1357 545 1390 Quia
561 1358 743 1392 multiplicauit
767 1358 893 1393 Ephraim
909 1359 1004 1385 altaria

214 1404 240 1431 in
253 1404 449 1439 peccata,facla
464 1408 525 1430 sunt
538 1405 561 1431 ei
574 1405 671 1430 altaria
686 1404 793 1431 dilectu.
808 1404 962 1431 Describam
981 1407 1004 1434 ei

213 1451 418 1482 multitudinem,
439 1456 462 1478 ιι
475 1450 590 1485 legitima
605 1458 705 1478 eorum.
722 1450 753 1478 In
771 1450 858 1479 aliena
877 1456 995 1485 reputate

214 1502 274 1524 sunt
289 1497 312 1524 ei
324 1496 424 1523 altaria
438 1498 543 1524 dilecta.

248 1580 326 1612 XCII.
341 1585 456 1613 Causam
473 1585 586 1620 profert,
605 1590 716 1620 propter
735 1593 816 1621 quam
840 1585 912 1619 iuste
925 1591 1001 1619 pote-

213 1635 270 1658 stas
278 1631 350 1665 regia
364 1630 472 1658 tollatur
484 1631 509 1658 in
521 1631 764 1665 posterum.Longe
773 1631 888 1666 plurima
901 1632 1001 1667 quippe

212 1676 308 1703 altaria
322 1675 348 1702 in
360 1679 480 1710 peccat-9,
490 1683 535 1702 seu
550 1676 583 1703 ad
599 1677 766 1710 peccandum
782 1677 847 1704 fecit
860 1677 999 1712 Epliraim.

213 1721 344 1756 Tangitur
360 1722 434 1756 prior
447 1721 601 1755 Jeroboam,
617 1721 663 1756 qui
680 1722 712 1750 de
727 1722 796 1750 tribu
812 1723 938 1757 prraim
954 1731 1001 1750 na-

214 1771 257 1794 tus
269 1767 399 1802 regnavit,
418 1771 447 1794 et
464 1768 509 1802 qui
525 1775 587 1794 eum
603 1767 698 1795 ordine
712 1773 888 1802 exceperunt,
899 1769 1000 1804 quique

213 1813 241 1839 in
258 1812 332 1840 omni
353 1817 444 1839 monte
456 1816 483 1838 et
497 1812 566 1839 colle
582 1819 645 1840 aras
661 1812 828 1841 demonibus
841 1817 999 1846 erexerunt,

213 1863 240 1886 et
266 1858 401 1886 lsraelitas
416 1857 450 1885 ad
476 1857 685 1885 sacrificandum
705 1858 881 1887 induxerunt.
898 1860 1000 1887 Deinde

214 1911 361 1938 cumsuper
368 1905 435 1931 adeo
446 1904 563 1932 infandis
576 1903 740 1931 facinoribus
756 1904 846 1932 dolere
860 1905 999 1937 deberent,

214 1958 226 1974 ι
238 1950 449 1984 multiplicarunt
468 1950 540 1977 enim
555 1949 652 1976 altaria
669 1949 696 1977 in
715 1955 851 1984 peccatan
864 1949 998 1983 fecerunt,

213 1995 311 2030 inquit,
321 1995 402 2022 etiam
414 2004 423 2021 ι
437 1995 550 2029 dilecta,
567 2000 594 2023 et.
609 1995 719 2030 insuper
731 1996 758 2023 in
771 1996 858 2024 aliena
875 2001 999 2032 reputate

213 2045 277 2067 sunt
286 2040 350 2072 ιΙΙί,›
364 2039 456 2074 utique
466 2039 618 2073 Ephraim,c
625 2040 719 2069 altaria
732 2040 1000 2076 dilectaJSigniticat

212 2085 292 2120 plane
307 2084 334 2112 in
350 2084 432 2111 veteri
443 2084 625 2118 tabernaculo,
639 2086 695 2113 sive
708 2085 903 2122 Hierosolymis
919 2087 945 2116 in
959 2087 1000 2114 di-

211 2131 275 2158 vino
285 2129 381 2164 templo
395 2130 491 2165 posita.
504 2129 588 2157 Erant
599 2136 689 2159 autem
703 2131 765 2163 duo,
780 2139 861 2165 unum
879 2131 999 2159 victima-

210 2183 273 2204 rum
298 2177 324 2203 in
347 2176 436 2210 primo
461 2183 507 2204 seu
527 2178 663 2205 exteriore
685 2177 869 2210 tabernaculo,
885 2177 999 2206 alterum

215 2221 395 2256 thymiamatis
408 2227 529 2254 aureum,
543 2221 570 2249 in
586 2222 706 2249 secundo
718 2226 745 2248 et
759 2222 856 2249 intimo
872 2222 997 2251 taberna-

213 2265 316 2294 Culo".
331 2265 413 2303 llulta
431 2266 512 2302 igitur
528 2273 621 2302 regum
633 2266 864 2301 Ephraimitarum
875 2267 996 2296 scelera:

212 2311 330 2349 primum
346 2311 464 2346 quidem,
480 2312 542 2347 quia
555 2311 769 2346 multiplicarunt
783 2311 877 2345 altaria
894 2312 922 2343 in
937 2320 998 2349 pee-

213 2361 273 2383 cata
284 2365 292 2387 ;
302 2361 409 2391 postea,
423 2357 486 2397 quia
500 2361 529 2384 et
546 2356 643 2382 dilecta
658 2355 794 2389 fecerunt,
811 2355 846 2384 ob
869 2364 928 2391 quae
938 2358 999 2393 jure

214 2402 356 2429 lamentari
370 2406 398 2430 et
414 2401 506 2441 lugere
525 2400 690 2433 debuissent,
707 2405 736 2428 ut
749 2402 797 2437 qui
813 2401 898 2431 Deum
914 2403 999 2432 offen-

213 2449 330 2482 dissent;
354 2453 386 2476 et
404 2447 477 2482 quod
498 2446 586 2481 majus
605 2450 658 2480 est,
675 2451 704 2473 ut
724 2447 769 2482 qui
796 2448 822 2476 in
845 2450 997 2480 vecordiam

213 2496 354 2528 aluissent,
376 2494 518 2528 alienaque
536 2492 675 2520 duxissent
699 2493 796 2528 dilecta
809 2494 916 2529 altaria,
939 2504 999 2531 quae

214 2542 281 2569 adeo
293 2541 406 2576 diligere
427 2543 454 2566 et
465 2537 539 2566 omni
553 2539 704 2570 reverentia
713 2541 839 2575 prosequi
853 2542 998 2569 convenie-

212 2588 268 2615 bat.
285 2585 455 2620 Interjectum
473 2588 514 2612 est
532 2589 641 2612 autem:
657 2595 666 2612 (
678 2585 845 2620 Describam.
870 2594 918 2616 seu
931 2595 998 2616 cun-

213 2631 329 2660 scribam
346 2630 370 2657 ei
385 2629 582 2658 multitudinem
594 2636 622 2658 et
634 2631 857 2667 legitimaejusu
875 2633 996 2667 Quonam

214 2676 317 2705 sensu?
333 2676 412 2714 124
425 2675 620 2712 Multitudiuem
640 2677 712 2705 enim
737 2678 882 2713 altarium,
898 2679 996 2714 inquit,

213 2723 242 2750 in
262 2727 372 2771 peccata
386 2724 420 2752 ab
442 2723 509 2759 ipsis
526 2728 753 2757 constructorum.
771 2729 799 2753 et
812 2725 933 2761 legitima
953 2733 997 2755 eo-

249 2807 273 2825 ⁸¹
286 2807 385 2839 IEsdr.
400 2817 440 2843 in,
458 2809 484 2838 8.
522 2810 544 2826 ³¹
564 2810 648 2838 Exod.
669 2817 713 2843 IL,
728 2810 772 2838 27.

1092 1360 1156 1385 Ὅτι
1194 1359 1365 1392 ἐπλήθυνεν
1398 1359 1531 1393 “Ἑρραῒμ
1563 1358 1764 1392 θυσιαστήρια
1806 1359 1849 1390 εἰς

1056 1404 1210 1439 ἁμαρτίας,
1236 1404 1375 1439 ἐγένοντο
1398 1404 1478 1437 αὐτῷ
1503 1404 1702 1437 θυσιαστήρεα
1729 1404 1846 1438 ἠγαπη-

1053 1451 1140 1484 μένα.
1157 1449 1342 1485 Καταγράψω
1367 1450 1447 1483 αὐτῷ
1462 1450 1588 1485 πλῆθος,
1617 1449 1665 1476 καὶ
1680 1450 1716 1476 τὰ
1736 1450 1847 1484 νόμιμα

1015 1492 1036 1521 C
1053 1494 1163 1521 αὐτῶν.
1189 1496 1240 1527 Εἰς
1254 1496 1397 1529 ἀλλότρια
1413 1496 1619 1530 ἐλογίσθησαν
1635 1494 1715 1527 αὺτῷ
1739 1496 1846 1521 θυσια-

1051 1540 1160 1575 στήρια
1176 1541 1212 1567 τὰ
1223 1541 1410 1576 ἠγαπημένα.

1085 1587 1142 1620 kB'.
1172 1587 1322 1621 Ἐξηγεῖται
1348 1586 1397 1622 τὴν
1419 1585 1519 1619 αἰτίαν,
1545 1585 1578 1612 δι’
1601 1585 1634 1621 ἣν
1658 1585 1771 1616 εἰκότως
1789 1584 1845 1615 τοῖς

1051 1632 1221 1668 βασιλεύουσι
1242 1633 1272 1659 τὸ
1297 1633 1492 1659 ἀποπεσεῖσθαι
1506 1633 1554 1667 τῆς
1568 1632 1654 1667 ἀρχῆς
1669 1631 1734 1662 δεῖν,
1749 1631 1845 1664 ἐπιφέ-

1052 1687 1091 1714 ρει
1103 1679 1204 1706 λοιπόν.
1219 1678 1334 1705 Πλεῖστα
1346 1678 1396 1713 μὲν
1411 1678 1465 1713 γὰρ
1478 1678 1527 1704 ὅσα
1544 1678 1735 1712 Θυσιαστήρια,
1753 1676 1788 1703 τὰ
1806 1677 1844 1707 εἰς

1050 1725 1188 1760 ἁμαρτίας
1200 1723 1348 1758 πεποίηται
1364 1723 1402 1758 τῷ
1420 1724 1549 1758 Ἐφραΐμ.
1568 1724 1666 1749 "Amat
1684 1723 1713 1749 δὲ
1733 1724 1747 1749 ὁ
1766 1722 1843 1756 λόγος

1050 1770 1097 1797 καὶ
1108 1770 1153 1796 ἐπὶ
1168 1769 1213 1796 τὸν
1226 1770 1333 1805 πρῶτον
1352 1770 1503 1804 Ἱεροϐοὰμ,
1520 1770 1564 1796 τὸν
1578 1770 1610 1796 ὲκ
1623 1768 1709 1804 φυλῆς
1718 1768 1843 1803 Ἐφραῒμ

1051 1814 1257 1849 βασιλεύσαντα,
1275 1815 1322 1841 καὶ
1338 1816 1397 1850 μετ¹
1414 1816 1517 1842 ἐκεῖνον
1535 1815 1576 1845 είς
1594 1815 1656 1846 τοὺς
1681 1814 1793 1849 ἑφεξῆς,
1817 1814 1842 1840 οἳ

1050 1861 1080 1886 ὲν
1093 1860 1151 1896 ὅρει
1162 1860 1244 1886 παντὶ
1255 1861 1302 1887 καὶ
1319 1860 1405 1896 βουνῷ
1421 1860 1529 1896 βωμοὺς
1546 1860 1702 1891 ἀνιστάντες
1715 1860 1774 1891 τοῖς
1784 1859 1841 1886 δαί-

1051 1913 1124 1941 μοσι,
1140 1905 1214 1933 θύειν
1231 1905 1338 1932 ἔπειθον
1353 1906 1416 1937 τοὺς
1429 1906 1457 1939 ἐξ
1483 1906 1597 1941 Ἰσραήλ.
1614 1903 1680 1932 Εἶτα
1697 1905 1842 1932 λυπεῖσθαι

1049 1948 1107 1975 δέον
1120 1950 1164 1976 ἐπὶ
1177 1950 1234 1982 τοῖς
1244 1950 1329 1982 οὕτως
1340 1950 1464 1982 ὲκτόποις
1475 1951 1697 1986 ἐπιχειρήμασιν,
1715 1960 1724 1976 ι
1741 1951 1842 1985 Ἐπὶηή-

1050 1993 1131 2021 θυναν
1143 1994 1197 2030 γὰρ
1209 1995 1389 2031 θυσιαστήρια
1400 1996 1435 2023 τὰ
1445 1996 1484 2028 είς
1493 1996 1655 2031 ἁμαρτίας,ι
1667 1997 1840 2031 ἐποιήσαντο,

1049 2041 1143 2076 φησιν,
1162 2041 1231 2068 αὐτὰ
1246 2042 1294 2068 καὶ
1314 2052 1322 2067 ι
1343 2042 1533 2077 Ἦγαπημένα,
1550 2043 1596 2068 καὶ
1607 2041 1720 2077 προσέτι
1736 2041 1841 2072 τούτοις

1050 2087 1089 2118 είς
1115 2086 1244 2122 ἀλλότρια
1267 2087 1446 2123 ἐλογίσθησαν
1459 2087 1533 2123 αὐτῷ
1584 2088 1678 2123 (δῆλον
1693 2088 1721 2113 δὲ
1737 2088 1779 2113 ὃτι
1807 2087 1842 2121 τῷ

1057 2131 1198 2167 Eupolis)
1227 2131 1409 2168 θυσιαστήρια
1439 2132 1472 2159 τὰ
1500 2131 1788 2167 ὴγαπημένα.ιΔηλοῖ
1815 2130 1842 2156 δὲ

1053 2177 1162 2208 πάντως
1176 2176 1209 2203 τὰ
1221 2177 1250 2203 ὲν
1265 2178 1297 2212 τῇ
1314 2177 1416 2212 ἀρχαίᾳ
1429 2179 1525 2213 σκηνῇ,
1540 2178 1624 2212 ἤγουν
1637 2178 1666 2204 ὲν
1679 2178 1735 2208 τοῖς
1760 2177 1841 2211 Ἰερο-

1054 2222 1191 2257 σολύμοις,
1219 2223 1247 2248 ἐν
1269 2222 1308 2257 τῷ
1327 2222 1391 2258 Θείῳ
1411 2223 1524 2258 κείμενα
1548 2223 1614 2257 ναῷ.
1642 2222 1693 2248 Δύο
1723 2222 1751 2248 δὲ
1772 2220 1842 2256 ἦσαν

1053 2269 1141 2300 ταυτὶ,
1152 2268 1182 2294 τὸ
1195 2268 1242 2303 μὲν
1255 2269 1309 2295 τῶν
1326 2269 1529 2304 καρπωμάτων,
1547 2270 1575 2295 ὲν
1587 2269 1621 2304 τῇ
1635 2268 1729 2303 πρώτῃ
1743 2269 1841 2303 σκηνῇ,

1051 2314 1081 2341 τὸ
1097 2314 1125 2341 δὲ
1143 2314 1236 2350 ἕτερον
1251 2314 1300 2342 τοῦ
1315 2314 1487 2350 Θυμιάματος
1498 2315 1527 2342 τὸ
1539 2314 1668 2350 χρυσοῦν,
1684 2315 1712 2340 ὲν
1727 2316 1761 2349 τῇ
1781 2313 1842 2340 δευ-

1048 2361 1126 2396 τέρᾳ,
1142 2361 1189 2388 καὶ
1200 2360 1337 2388 ἐσωτάτω.
1349 2360 1437 2388 Πολλὰ
1450 2360 1594 2396 τοιγαροῦν
1608 2361 1662 2386 τῶν
1677 2359 1706 2393 ἐξ
1721 2359 1843 2394 Ἑφραῖμ.

1049 2407 1281 2442 βεόασιλευχότων
1312 2406 1347 2433 τὰ
1374 2406 1543 2442 ἐγκλήματα·
1571 2405 1680 2441 πρῶτον
1715 2405 1766 2440 μὲν
1799 2405 1841 2430 ετι

1048 2453 1202 2489 ὲπλήθυναν
1223 2453 1404 2488 θυσιαστήρια
1421 2453 1461 2485 είς
1477 2452 1630 2488 ἀμαρτίας²
1653 2449 1714 2477 εἶτα
1731 2451 1774 2477 ὅτι
1795 2451 1841 2477 καὶ

1047 2499 1214 2534 ὴγαπημένα
1235 2499 1407 2535 πεποίηνται,
1424 2498 1468 2530 τὰ,
1484 2498 1526 2532 ἐφ’
1545 2494 1586 2529 οἷς
1597 2495 1630 2533 ἦν
1647 2496 1722 2528 εἰκὸς
1740 2496 1841 2531 ὀλοφύ-

1051 2544 1145 2580 ρεσθαι
1160 2544 1207 2571 καὶ
1225 2544 1344 2580 θρηνεῖν,
1369 2544 1407 2575 ὡς
1428 2542 1685 2579 προσκεκρουκότας
1702 2549 1709 2556 ·
1737 2541 1788 2567 καὶ
1811 2540 1841 2566 τὸ

1050 2589 1090 2617 ἔτι
1107 2589 1211 2624 μεῖζον,
1227 2590 1265 2622 ὡς
1278 2589 1487 2620 ἀπονενευκότες
1498 2589 1538 2620 εἰς
1551 2588 1689 2619 ἀπόνοιαν,
1710 2587 1840 2621 ἀλλότρια

1049 2635 1212 2671 πεποίηνται
1235 2635 1270 2662 τὰ
1297 2635 1463 2670 ἢγαπημένα
1480 2634 1679 2669 θυσιαστήρια,
1708 2632 1726 2659 ἃ.
1755 2633 1839 2667 ἐχρῆν

1049 2680 1136 2712 οὕτως
1153 2681 1264 2716 ἀγαπᾷν
1285 2681 1332 2708 καὶ
1354 2681 1383 2707 ὲν
1403 2681 1483 2708 παντὶ
1504 2678 1637 2706 ποιεῖσθαι
1657 2677 1839 2713 λόγῳ.Προσ-

1049 2726 1161 2762 έῤῥιπτε
1178 2726 1206 2753 δὲ
1219 2726 1263 2754 διὰ
1281 2726 1364 2762 μέσου
1390 2726 1420 2752 τό
1433 2735 1439 2741 ·
1459 2735 1468 2752 ι
1486 2724 1664 2761 Καταγράψω
1677 2722 1753 2758 αὐτῷ
1771 2721 1838 2758 πλῆ-
