1919 3042
45 178 89 205 ξλιῦ
507 177 784 207 COMMENTARIUS
804 178 836 206 IN
858 178 974 207 OSEAM
997 179 1221 208 PROPHETAM.

1631 175 1688 204 2H)

48 238 98 267 θος,
109 232 157 260 καὶ
169 232 205 259 τὰ
220 234 330 268 νόμιμα
345 233 441 260 αὑτοῦ.
455 243 463 259 ι
487 234 541 261 Καὶ
553 234 579 260 τί
595 234 716 261 τοιοῦτον
738 235 840 271 ὑποδη-

912 244 964 269 um,
981 236 1032 264 hoc
1043 242 1095 270 est,
1109 242 1240 271 prmlerea
1255 235 1374 271 legitima
1399 237 1518 271 ipsorum
1540 233 1687 268 sacrificia,

47 280 100 312 λοϊ;
118 278 154 304 Τὸ
183 278 239 313 γάρ
260 287 303 305 τοι
328 279 442 313 πλῆθος,
464 279 539 315 φησὶ,
568 279 622 306 τῶν
645 281 684 312 εἰς
707 280 846 316 ἁμαρτίας

47 325 133 355 αὐτοῖς
155 324 355 358 πεποιημένων
375 323 587 360 θυσιαστηρίων,
609 325 657 351 καὶ
682 326 716 351 τὰ
743 325 846 361 νόμιμα

47 371 143 401 αὐτῶν,
172 371 314 403 τουτέστι,
341 371 426 398 πάλιν
450 371 499 402 τὰς
524 371 617 403 αὐτοῖς
644 372 845 407 νενομισμένας

48 417 150 448 θυσίας,
171 417 231 452 ἦτοι
256 416 321 448 τοὺς
345 417 401 443 τῶν
423 417 523 443 θυσιῶν
543 418 655 450 καιροὺς
677 417 693 453 ἢ
716 418 844 454 τρόπους,

49 465 104 492 καθ’
132 464 181 496 οὒς
206 464 257 496 τὰς
282 464 415 500 βεϐήλους
440 463 581 500 προσῆγον
616 463 728 496 τελετὰς
758 464 845 496 (κατ-

898 281 956 308 sive
971 281 1168 308 sacrificiorum
1191 286 1323 315 tempora,
1336 285 1381 307 ant
1402 281 1505 312 modos,
1523 280 1620 314 quibus
1639 279 1689 306 im-

897 335 980 362 puras
1006 328 1179 355 caerimonias
1201 328 1354 355 tractabant
1370 327 1594 362 (eoncidehautur
1617 327 1692 354 enirn

898 381 979 408 super
1002 373 1139 401 frumento
1159 379 1187 400 et
1206 373 1282 408 vino,
1293 378 1319 402 et
1344 375 1395 401 alia
1414 373 1542 401 nonnulla
1569 372 1629 400 istis
1646 379 1691 399 co-

898 424 979 454 gnata
996 419 1087 448 facere
1102 420 1271 454 studebant),
1287 420 1315 447 in
1335 426 1445 455 peccata
1461 419 1525 456 ipsis
1547 425 1575 447 et
1592 419 1690 446 delicta

897 467 1078 494 conscribam.

49 509 190 544 ετέμνοντο
207 508 264 544 γὰρ
286 509 334 535 ἐπὶ
358 508 423 544 σίτῳ
440 509 488 535 καὶ
508 508 582 543 οἴνῳ,
604 509 652 535 καὶ
672 509 754 545 ἕτερα
774 509 843 536 ἅττα
859 510 965 543 τούτοις
987 512 1095 540 ἐοικότα
1126 512 1193 548 δρᾷ-ι
1207 511 1393 546 ἐσπούδαζον)
1417 512 1456 544 εἰς
1479 511 1615 548 ἁμαρτίας
1630 510 1700 545 αὑ-,

48 558 101 588 τοῖς
117 556 292 592 χαταγράψω
306 556 341 582 τὰ
356 556 527 592 ἐγκλήματα.

82 602 187 636 Χρῆμα
217 601 250 637 δὴ
269 600 316 627 οὖν
342 602 485 636 σωτήριον,
514 600 544 627 τδ
560 601 616 629 τῶν
639 602 719 629 θείων
737 603 846 638 ἔχεσθαι

51 648 264 682 ϐυσιαστηρίων,
287 647 336 673 καὶ
363 647 570 682 μεταποιεῖσθαι
595 647 649 674 τῶν
675 648 751 684 παρὰ
766 647 845 680 Θεοῦ,

52 694 94 720 καὶ
115 693 154 728 μὴ
172 693 264 726 ζητεῖν
279 693 315 718 τὰ
331 692 441 727 ἑτέρων,
455 692 474 719 ἃ
488 693 535 719 καὶ
546 693 620 720 ἔστιν
637 694 678 725 είς
694 693 844 728 ἁμαρτίαν.

52 740 133 765 Τοῦτο
171 738 297 765 ποιοῦσιν
322 739 346 765 οἱ
373 739 410 774 μὴ
440 739 560 774 γνησίως
592 739 844 775 χριστιανίζοντες,

53 786 236 817 ἐκπίπτοντες
259 785 288 810 δὲ
313 784 382 820 μετὰ
405 785 434 812 τὸ
457 785 591 821 σωτήριον
614 786 756 821 βάπτισμα
778 787 847 822 πρὸς

53 833 96 868 ἒϐη
121 833 168 859 καὶ
191 834 402 868 παρατηρήσεις
429 832 588 868 Ἑλληνικὰς
603 855 609 866 ,
634 831 676 866 οἷς
702 834 847 861 ἀκόλουθον

1695 547 1701 587 l

936 603 1061 631 Salutare
1073 603 1164 639 itaque
1176 604 1275 630 divinis
1292 603 1424 630 altaribus
1440 602 1588 634 adhmrere,
1596 607 1622 629 et
1634 611 1700 636 quae.

901 653 964 676 sunt
992 656 1005 675 a
1030 649 1096 682 Deo,
1110 656 1265 683 capessere,
1284 656 1334 676 nec
1353 648 1468 674 aliormn
1486 655 1619 682 qua‘rere,
1635 656 1694 682 qua:

900 695 926 721 in
940 699 1078 729 peccatum
1096 699 1168 722 sunt.
1181 695 1235 722 lloc
1252 695 1353 722 faciunt
1366 703 1419 722 non
1432 694 1694 727 sinceriChristiani,

899 741 943 776 qui
959 746 1019 776 post
1034 742 1179 769 salutarem
1198 741 1362 776 baptismum
1387 741 1420 767 ad
1445 741 1655 769 consuetudines
1669 745 1698 768 et

897 786 1101 814 observationes
1124 787 1248 814 ethnicas
1264 786 1422 813 delabuntur
1439 795 1445 814 :
1465 786 1564 821 quibus
1578 794 1694 814 consen-

901 837 1009 860 taneum
1024 837 1065 860 est
1080 834 1206 860 occinere
1219 833 1283 860 illud
1301 832 1377 859 Pauli
1391 842 1396 860 :
1411 832 1482 860 «Non
1500 833 1612 867 potestis
1621 841 1696 860 men-

54 881 138 906 εἰπεῖν
155 880 187 906 τὸ
200 880 244 906 διὰ
261 880 310 914 τῆς
330 879 377 906 τοῦ
397 880 502 906 Παύλου
525 881 636 915 φωνῆς’
657 890 666 906 t
681 881 718 907 Οὐ
737 880 851 907 δύνασθε

912 887 941 906 ue
951 879 1054 907 Domini
1069 880 1214 915 participes
1222 886 1293 913 esse,
1301 883 1326 906 et
1341 887 1441 907 mensa:
1449 879 1694 907 daamoniorum“.t

54 925 194 961 τραπέζης
221 925 326 962 Κυρίου
352 925 487 961 μετέχειν,
520 927 567 952 καὶ
588 926 730 962 τραπέζης
756 927 851 961 δαιμο-

56 972 128 999 νξων.
144 981 154 997 ι
178 971 235 998 Καὶ
266 972 319 1007 μὴν
350 972 396 998 καὶ
421 972 446 998 οἱ
473 973 529 1003 τοῖς
555 971 674 1003 ἀνοσίοις
704 973 851 1008 αἱρετικοῖς

57 1018 268 1052 συναπτόμενοι,
298 1018 347 1044 καὶ
364 1017 418 1044 τῶν
438 1019 504 1053 παρ’
529 1018 621 1049 αὐτοῖς
649 1017 852 1053 θυσιαστηρίων

58 1065 228 1099 μετέχοντες,
255 1061 296 1095 οἷς
328 1064 375 1090 καὶ
403 1063 474 1090 κατὰ
499 1063 631 1098 ἀλήθειαν
655 1064 695 1096 εἰς
721 1063 852 1099 ἀλλότρια

56 1110 226 1146 ἐγενήθησαν
243 1110 425 1144 θυσιαστήρια
438 1109 472 1136 τὰ
483 1110 660 1145 ὴγαπημένα.
683 1109 853 1145 Ἐπλήθυναν

57 1157 108 1192 γὰρ
137 1157 249 1188 ἑαυτοῖς
275 1155 309 1182 τὰ
335 1157 374 1187 εἰς
405 1156 554 1191 ἁμαρτίας,
585 1155 638 1188 ἔξω
670 1155 780 1187 ούοντες
808 1155 855 1182 τὸν

57 1203 150 1237 ἀμνὸν,
167 1202 219 1237 τῆς
238 1203 315 1238 ἱερᾶς
339 1210 368 1228 τε
383 1204 428 1228 καὶ
446 1202 522 1234 Θείας
538 1202 634 1236 αὐλῆς,
652 1201 786 1234 τουτέστι,
805 1201 854 1236 τῆς

63 1249 240 1283 Ἐχκλησίας.

89 1295 166 1320 Διότι
194 1293 250 1320 ἐὰν
277 1294 392 1320 θύσωσι
408 1293 527 1324 θυσίαν,
554 1292 603 1319 καί
629 1292 744 1326 φάγωσι
771 1291 852 1326 κρέα,

58 1340 163 1373 Κύριος
180 1340 217 1366 οὺ
237 1337 436 1373 προσδέξεται
458 1338 542 1365 αὐτά.
565 1339 629 1365 Νῦν
646 1338 855 1373 μνησθήσεται

59 1386 109 1417 τὰς
122 1384 246 1418 ἀδικίας
264 1384 374 1418 αὐτῶν,
390 1384 439 1411 καὶ
460 1384 616 1419 ἐκδικήσει
640 1384 692 1417 τὰς
709 1384 855 1419 ἁμαρτίας

58 1439 75 1455 tt
79 1441 84 1456 ι
88 1440 93 1452 ι
97 1438 166 1456 των.

91 1476 148 1510 LJ".
170 1476 234 1502 Ὀτι
258 1475 388 1510 γεγόνασι
412 1475 461 1502 καὶ
492 1474 681 1510 πεπλήῦυνται
705 1474 781 1511 παρά
807 1477 854 1500 τοῦ

64 1522 186 1558 ἰ-ἰφραῖμ
199 1522 234 1548 τὰ
248 1523 288 1553 είς
303 1522 441 1557 ἁμαρτίας
456 1522 646 1557 θυσιαστήρια,
671 1521 718 1548 καὶ
733 1521 776 1548 διὰ
792 1520 856 1546 τού--

58 1577 109 1595 των
125 1567 156 1595 εὖ
179 1568 253 1603 μάλα
270 1568 356 1603 δηλοῖ.
379 1568 412 1594 "A
428 1568 482 1603 γὰρ
507 1567 611 1599 θύουσι,
632 1568 725 1603 φησιν,
739 1567 769 1593 οὐ
795 1566 855 1601 Θεῷ

60 1614 172 1649 μᾶλλον.
185 1614 255 1641 ἀλλὰ
269 1615 325 1645 τοῖς
338 1613 391 1640 τῶν
408 1614 524 1640 εἰδώλων
541 1614 668 1648 τεμένεσι
684 1614 748 1649 παρ’
766 1614 855 1641 αὐτῶν

58 1660 259 1695 προσφέρεται.
276 1659 336 1686 Κᾶν
349 1659 513 1694 ὲορτάζωσιν
528 1660 575 1687 ἐπὶ
588 1661 648 1691 ταῖς
660 1659 777 1693 θυσίαις,
793 1669 855 1696 τρο-

59 1704 116 1738 φῶν
129 1705 146 1738 ἦ
161 1704 254 1731 ποτῶν
264 1705 516 1740 ἀναπιμπλάμενοι,
540 1705 608 1740 πρὸς
628 1705 693 1732 Θεὸν
716 1706 746 1732 τὸ
762 1707 857 1742 χρῆμα

59 1751 143 1777 οὐδέν.
161 1751 200 1777 υὺ
216 1750 271 1785 γὰρ
289 1750 363 1786 αὖτῷ
380 1750 487 1777 τελοῦσι
507 1751 557 1786 τὴν
572 1751 736 1787 πανήγυριν,
760 1752 801 1778 ὅτι
822 1751 858 1778 τὰ

60 1798 99 1827 εἰς
112 1796 195 1829 δόξαν
211 1796 358 1832 δαιμονίων
372 1797 557 1833 πραττόμενα,
575 1798 637 1823 κατ’
651 1797 746 1823 οὐδένα
757 1797 858 1832 τρόπον

61 1843 247 1879 παραδέξαιτο
261 1843 294 1870 ἂν
311 1844 328 1878 ἡ
342 1842 401 1869 θεία
418 1851 447 1869 τε
468 1843 515 1869 καὶ
529 1843 666 1878 ἀκήρατος
679 1843 769 1877 φύσις.
783 1843 859 1878 Παρ-

60 1890 186 1922 οξὺνεται
209 1889 239 1916 δὲ
267 1889 368 1925 μᾶλλον
389 1889 427 1920 ὡς
448 1889 609 1924 ὑϐρισμένη.
637 1889 725 1916 Μόνον
749 1889 777 1916 δὲ
798 1890 859 1924 οὐχ).

63 1937 109 1963 ut
120 1938 172 1972 οὐχ
186 1936 288 1963 ἑκοῦσα
300 1935 495 1968 καταϐιάζεται
511 1936 579 1972 πρός
593 1944 625 1970 γε
644 1936 674 1963 τὸ
694 1936 793 1971 χρῆναι
805 1935 860 1962 λοι-

64 1984 112 2008 πὴν
144 1984 202 2013 τοῖς
228 1983 268 2013 εἰς
292 1981 372 2008 τοῦτο
401 1981 529 2008 καλοῦσιν
556 1982 641 2017 ὀργῆς
669 1982 782 2016 ἐπάγειν
811 1982 860 2014 τὰς

64 2031 150 2062 ὗέκας,
171 2030 324 2056 καὶλοιπδν
345 2029 412 2055 ῑέναι
427 2028 494 2064 πρὸς
510 2028 662 2063 ἀνάμνησιν
684 2029 801 2060 πάντων,
823 2027 861 2059 ὡς

65 2077 127 2107 ἔπος
154 2077 254 2107 εἰπεῖν,
280 2075 334 2102 τῶν
358 2076 415 2106 τοῖς
440 2074 638 2110 προσκρούουσι
664 2074 862 2109 πεπλημμελη-

68 2123 165 2156 μὲνων.
179 2120 217 2149 υῦ
230 2122 262 2156 δὴ
277 2121 432 2155 γεγονότος,
448 2121 518 2153 ὀξεῖς
530 2122 554 2147 οἱ
569 2120 660 2156 θυμοὶ,
683 2120 758 2156 παρὰ
778 2120 862 2151 πόδας

67 2169 82 2202 η
106 2168 181 2202 δίκη,
200 2167 248 2194 καὶ
265 2167 352 2199 οὐδεὶς
378 2168 392 2193 ὁ
416 2166 619 2202 ἐξαιρούμενος.
651 2175 661 2191 ι
675 2166 793 2201 ᾧοϐερὺν
815 2163 862 2193 οὖν

902 926 1056 959 Quinetiam
1074 926 1119 961 qui
1137 925 1277 953 sceleratis
1291 925 1426 953 hmrcticis
1443 933 1472 952 se
1490 925 1653 960 adjungunt,
1669 930 1696 953 et

902 979 962 1006 qua:
977 972 1047 1006 apud
1063 971 1136 1007 ipsos
1148 975 1222 1003 sunt,
1241 971 1365 998 altarium
1381 971 1526 1005 participes
1542 971 1618 1003 ﬁunt,
1635 971 1696 1005 qui-

903 1019 953 1045 bus
965 1025 1027 1045 vere
1045 1017 1071 1044 in
1089 1017 1176 1044 aliena
1190 1017 1261 1044 facta
1276 1022 1341 1044 sunt
1359 1016 1455 1044 altaria
1474 1016 1589 1048 dilecta;
1605 1015 1696 1043 multi-

903 1063 1037 1098 plicarunt
1058 1063 1130 1090 enim
1151 1063 1204 1090 sibi
1221 1063 1317 1090 altaria
1333 1062 1360 1089 in
1380 1067 1502 1098 peccata,
1522 1063 1625 1098 Agnum
1645 1069 1695 1089 ev-

905 1114 945 1137 tra
968 1117 1076 1137 sacrum
1093 1113 1121 1137 ct
1144 1109 1265 1137 divinant
1290 1108 1371 1140 ovile,
1390 1108 1538 1136 Ecclesiant
1559 1108 1694 1140 videlicet,

904 1155 1105 1183 sacriﬁcantes.

942 1302 1024 1329 Vnus.
1040 1301 1084 1328 15.
1111 1300 1180 1333 Quia
1195 1308 1217 1327 δι
1232 1299 1424 1326 ιιιιηιοίιιυεήηι
1437 1298 1562 1329 hostium,
1578 1303 1600 1324 et
1614 1305 1700 1324 come-

905 1348 991 1375 derint
1021 1354 1130 1378 carnes,
1155 1345 1283 1372 Dominus
1318 1353 1370 1372 non
1395 1345 1518 1378 suscipiet
1546 1352 1587 1371 ea.
1620 1342 1699 1370 Nunc

907 1393 1088 1422 recardabitur
1108 1392 1262 1427 iniquitates
1276 1399 1379 1423 eorum,
1394 1395 1419 1417 et
1440 1390 1582 1417 ulciscetur
1593 1395 1700 1424 peccata

906 1448 1009 1468 eorum.

941 1485 1031 1513 XCIII.
1060 1485 1144 1512 Facta
1169 1489 1196 1511 et
1222 1483 1398 1518 multiplicata
1421 1490 1483 1511 esse
1509 1482 1544 1510 ab
1572 1481 1701 1516 Ephraitn

908 1532 1003 1559 altaria
1028 1532 1055 1558 in
1081 1535 1204 1564 peccata,
1233 1531 1315 1558 etiam
1342 1529 1385 1556 his
1408 1529 1546 1556 evidenter
1571 1527 1700 1555 ostendit.

908 1580 973 1613 Quae
987 1579 1060 1607 enim
1073 1577 1240 1609 sacriﬁcant,
1255 1576 1355 1611 inquit,
1372 1583 1425 1602 non
1442 1575 1497 1602 Deo
1511 1573 1606 1608 magis,
1619 1580 1699 1607 quant

908 1625 1040 1653 idolorum
1056 1624 1178 1652 delubris
1195 1624 1229 1650 ab
1244 1623 1311 1658 ipsis
1331 1621 1494 1649 offeruntur.
1508 1621 1597 1654 Atque
1618 1620 1700 1646 etiam

907 1670 929 1697 si
957 1669 1028 1697 diem
1060 1669 1161 1696 festum
1187 1668 1214 1695 in
1243 1666 1385 1694 sacriﬁciis
1417 1665 1479 1692 cibo
1515 1668 1562 1691 aut
1592 1663 1701 1698 potione

908 1715 1034 1750 completi
1055 1715 1195 1746 duxerint,
1220 1713 1288 1741 nihil
1313 1713 1365 1740 hoc
1385 1711 1417 1738 ad
1435 1711 1530 1738 Deum.
1552 1709 1611 1737 Non
1628 1709 1699 1736 enim
1725 1701 1732 1708 ’

910 1762 960 1795 ipsi
984 1760 1143 1796 panegyrim
1169 1767 1216 1787 seu
1241 1758 1430 1786 celebritatem
1454 1757 1611 1783 instituunt.
1637 1754 1702 1787 Quae

911 1813 1029 1840 namque
1045 1805 1078 1832 ad
1091 1805 1244 1832 dmnmnum
1257 1802 1371 1838 gloriam
1392 1802 1469 1833 iinnt,
1485 1801 1577 1828 divina
1587 1800 1701 1826 immor-

910 1851 1026 1886 talisque
1043 1855 1139 1878 natura
1158 1849 1232 1877 nullo
1247 1848 1327 1876 modo
1341 1847 1478 1879 admittit;
1493 1846 1560 1880 quin
1575 1845 1699 1872 irritalur

911 1897 1011 1931 potius,
1028 1900 1058 1922 ut
1071 1894 1198 1930 iniuriam
1216 1900 1304 1928 passa,
1321 1896 1350 1920 et
1367 1896 1472 1919 tantum
1493 1898 1546 1917 non
1565 1889 1647 1916 invita
1667 1888 1701 1915 ad

911 1950 1005 1978 pcenas
1027 1943 1080 1969 huc
1103 1948 1163 1968 eam
1187 1939 1397 1974 provocantibus
1422 1945 1456 1965 ex
1482 1937 1521 1964 ira
1543 1935 1701 1970 inﬂigendas

912 1989 1040 2025 adigitur,
1062 1994 1091 2015 et.
1112 1987 1145 2014 ad
1169 1984 1367 2013 recordandum
1388 1984 1421 2011 de
1444 1988 1544 2010 cmtero
1567 1981 1700 2013 omnium,

912 2039 942 2061 ut
956 2033 1039 2061 verbo
1051 2032 1152 2063 dicam,
1167 2037 1227 2065 qua:
1241 2037 1256 2056 a
1271 2028 1490 2062 delinquentibus
1511 2028 1537 2055 in
1551 2035 1580 2055 se
1595 2031 1700 2061 patrata

912 2085 986 2106 sunt.
1001 2078 1078 2111 Quod
1093 2077 1137 2104 ubi
1154 2076 1256 2103 factum
1275 2074 1367 2106 fuerit,
1385 2074 1530 2101 vehemens
1545 2073 1598 2100 erit
1615 2072 1700 2103 furor,

914 2129 976 2152 ante
991 2124 1074 2159 pedes
1091 2122 1220 2154 vindicta,
1234 2124 1262 2147 et
1275 2127 1355 2148 nemo
1369 2119 1415 2154 qui
1430 2119 1538 2153 eripiat.
1554 2127 1563 2143 ι
1581 2117 1702 2144 Horren-

913 2171 976 2198 dum
1003 2170 1085 2205 igitur
1108 2168 1230 2196 incidere
1259 2168 1287 2194 in
1314 2173 1411 2193 manus
1442 2165 1488 2191 Dei
1512 2164 1628 2192 viventis
1640 2162 1672 2189 ³⁸.
1690 2172 1699 2188 ι

66 2215 118 2250 ἄρα
147 2213 180 2239 τὸ
197 2214 330 2248 ἐμπεσεῖν
348 2213 388 2244 είς
404 2214 498 2248 χεῖρας
518 2212 585 2238 Θεοῦ
606 2212 706 2245 ζῶντος
721 2232 727 2239 .
742 2222 750 2237 ι
770 2213 855 2247 Προσ-

916 2217 998 2244 Decet
1008 2216 1108 2251 magis,
1122 2219 1150 2242 et
1165 2215 1234 2242 citra
1249 2211 1479 2247 comparationem
1498 2210 1594 2237 melius
1609 2215 1660 2241 est,
1677 2213 1703 2235 et

66 2263 125 2295 ἠκει
142 2259 172 2285 δὲ
192 2259 305 2294 μᾶλλον,
325 2259 374 2285 καὶ
386 2259 498 2294 ἄμεινον
513 2258 698 2294 ἀσυγκρίτως,
712 2258 759 2285 καὶ
771 2258 862 2294 πάσης

67 2307 129 2341 ἡμῖν
144 2305 297 2341 εὐημερίας
309 2304 448 2341 πρόξενον,
460 2305 500 2337 τὸ,
516 2304 576 2340 Θεῴ
593 2305 742 2340 προσάγειν
756 2304 861 2338 Θυσίας,

67 2351 258 2386 πνευματικὰς
283 2351 416 2386 δηλονότι,
445 2351 493 2377 καὶ
517 2350 591 2386 αὑτῷ
611 2350 732 2385 πληροῦν
754 2350 861 2385 ἑορτὰς,

67 2397 188 2424 διαϐιοῦν
199 2397 291 2432 ὀρθῶς
307 2397 473 2432 ᾑρημένους,
491 2396 538 2423 καὶ
554 2396 585 2422 τὸ
596 2396 666 2423 κατά
677 2404 704 2422 τι
715 2395 780 2430 γοῦν
795 2395 863 2426 ὅλως

68 2444 224 2470 διαπίπτειν
241 2442 507 2474 ἀποσπουδάζοντας.

98 2488 188 2517 Αὐτοὶ
213 2489 247 2515 δὲ
279 2491 324 2521 εις
347 2488 500 2523 Αιγυπτον
522 2487 729 2524 ἀπέστρεψαν,
754 2487 804 2515 καὶ
827 2486 862 2514 ἐν

75 2536 244 2570 Ἀσσυρίοις
254 2534 406 2568 ἀκάθαρτα
419 2533 575 2568 φάγονται.

103 2584 160 2615 LA’.
177 2581 304 2607 Αίτιᾶται
317 2580 410 2612 πάλιν,
421 2580 459 2611 ὡς
468 2579 621 2606 ἁνούστατά
635 2588 666 2606 τε
689 2579 736 2606 καὶ
748 2579 862 2610 ἀνοσίως

70 2628 168 2663 κομιδῇ
195 2626 292 2663 διαζῇν
318 2627 471 2659 ἐθέλοντας,
491 2626 538 2653 καὶ
560 2626 675 2653 είσάπαν
694 2625 863 2660 ἠγνοηκότας

69 2674 117 2708 τὴν
129 2674 178 2700 τοῦ
195 2673 383 2708 συμφέροντος
396 2672 500 2707 τρίὸον.
524 2671 595 2706 Ἐγὼ
611 2671 660 2707 μὲν
683 2671 747 2706 γὰρ,
768 2671 861 2706 φησὶν,

70 2727 109 2751 εις
128 2718 208 2746 τοῦτο
221 2718 336 2753 γνώμης
357 2718 555 2752 ὲνηνεγμένους
575 2717 678 2747 λοιπὸν,
703 2716 862 2750 ὑπενεγκεῖν

70 2765 205 2800 ἠπείλησα
221 2764 284 2796 ταῖς
297 2764 406 2800 ὀργαῖς,
422 2763 469 2790 καὶ
485 2763 640 2798 ἐκδικήσειν
658 2762 707 2793 τὰς
727 2762 863 2797 ἁμαρτίας

71 2811 169 2843 αὑτῶν,
194 2811 241 2838 καὶ
271 2809 533 2845 ἀναμνησθήσεσθαι
557 2809 648 2840 πάσας
674 2808 723 2839 τὰς
749 2807 863 2842 ἀνομίας

107 2901 148 2928 ³³1
167 2901 230 2929 Cor.
251 2909 278 2934 ι,
295 2899 342 2926 ‘20.
385 2898 406 2914 "
424 2897 503 2926 Ilebr.
524 2906 550 2931 Χ,
567 2898 610 2924 Si.

911 2270 1019 2291 omnem
1048 2262 1128 2289 nobis
1157 2260 1314 2288 felicitatem
1343 2256 1486 2289 conciliat,
1515 2256 1570 2283 Deo
1599 2255 1701 2281 hostias

911 2306 1021 2339 oﬂ'erre,
1038 2304 1196 2340 spirituales
1209 2303 1346 2335 nimirum,
1360 2305 1387 2328 et
1404 2300 1454 2335 ipsi
1471 2299 1610 2326 celebrare
1622 2299 1700 2328 festa.
1716 2310 1719 2314 -

912 2354 996 2380 vitam
1012 2356 1088 2379 recte
1103 2350 1281 2382 instituendo,
1296 2352 1324 2376 et
1336 2347 1377 2375 vel
1392 2346 1517 2374 minimas
1528 2344 1610 2372 animi
1626 2344 1686 2372 labe
1698 2350 1709 2367 δ

913 2406 1026 2436 prorsus
1040 2397 1207 2433 repellendo.

951 2486 1102 2523 12511]ιί
1118 2493 1178 2514 vero
1197 2485 1225 2512 in
1246 2484 1391 2520 ngyptum
1410 2479 1524 2508 conuersi
1539 2481 1610 2510 sunt,
1630 2482 1652 2503 et
1674 2477 1701 2503 in

914 2533 1031 2568 Assyriia
1044 2531 1180 2558 immunda
1196 2529 1341 2556 comedent.

950 2565 1041 2606 XCIV.
1069 2576 1187 2604 Rursum
1212 2581 1261 2602 eos
1285 2573 1312 2600 in
1333 2569 1545 2607 reprehensione
1564 2565 1648 2602 ponit,
1673 2569 1701 2591 ut

914 2624 960 2659 qui
991 2620 1212 2656 insipientissime
1238 2623 1266 2646 et
1292 2616 1456 2652 impiissime
1488 2614 1570 2641 vitam
1600 2610 1703 2659 agitare

916 2668 1118 2699 constituerint,
1139 2671 1168 2693 et
1190 2664 1238 2700 qui
1262 2663 1387 2691 semitam
1404 2659 1531 2688 utilitatis
1552 2659 1708 2701 ignorannt

916 2717 1036 2750 penitus.
1056 2714 1110 2749 Ego
1133 2712 1255 2747 quidem,
1273 2709 1372 2744 inquit,
1393 2708 1421 2735 in
1439 2714 1498 2734 eam
1518 2710 1635 2732 mentem
1646 2701 1700 2750 iam

916 2748 1013 2789 delatis
1029 2761 1128 2788 iratum
1149 2759 1209 2786 fore
1223 2764 1265 2784 me
1275 2755 1459 2799 comminatus
1477 2759 1548 2784 sum,
1565 2755 1593 2778 et
1614 2748 1703 2776 vindi-

916 2811 1039 2834 eaturum
1059 2808 1170 2840 peccata
1198 2809 1303 2832 eorum,
1333 2806 1360 2830 οι
1382 2798 1586 2828 recordaturum
1609 2799 1703 2823 omnes
