1919 3042
203 175 252 202 2H

719 176 747 204 S.
769 176 905 204 CYRILLI
922 176 1157 207 ALEXANDRINI
1181 180 1337 211 ARCHIEP.

1785 187 1841 215 E212

205 234 364 269 iniquitates
394 242 497 263 eorum.
525 235 559 262 Et
585 235 742 270 incipiebat,
769 237 841 271 quod
871 237 992 265 futurum

1053 239 1144 267 ιύτῶν.
1157 241 1212 267 Καὶ
1227 238 1260 276 ἦν
1273 241 1301 267 ἐν
1319 242 1417 276 ἀρχαῖς
1432 241 1462 267 τὸ
1475 242 1661 278 συμόήσεσθαι
1679 245 1840 279 προσδοκώ-

205 281 434 315 exspectabatur,
465 284 584 308 terrente
610 280 666 315 jam
693 280 820 309 lsraelem
848 282 937 316 bello,
966 288 993 310 et

207 326 292 354 ferme
306 327 361 361 jam
377 327 544 361 provinciam
562 326 718 355 invadente.
738 327 839 356 Deinde
856 336 917 356 eum
931 336 990 364 sup-

206 372 330 406 plicando
346 376 373 399 et
395 372 580 407 resipiscendo
604 373 688 400 Deum
711 373 835 408 mitigare
851 374 991 407 deberent,

207 418 338 452 aliterque
355 418 388 445 ad
409 418 466 453 ejus
485 419 682 454 beneplacitum
698 420 811 451 erudiri,
834 424 861 447 et
881 428 994 448 conver-

207 465 283 490 sione
306 464 338 490 ad
365 463 476 491 meliora
500 465 566 491 iram
582 465 702 499 ejusdem
726 465 847 497 ﬂectere,
867 471 993 500 tanquam

207 509 240 536 ad
260 509 433 537 utilissimum
450 511 588 545 quiddam,
607 517 634 539 et
651 512 722 539 unde
745 512 860 539 liberari‘
873 516 994 546 possent,

208 556 295 583 aversi
312 560 376 583 sunt
388 556 416 583 in
430 556 587 592 Egyptum,
605 557 742 584 hominem
759 557 926 592 Egyptium,
942 565 994 583 non

208 599 303 633 Deum,
333 602 455 629 subsidio
480 609 617 634 vocantes,
643 612 652 628 ‹
671 610 768 629 carnes
791 610 923 637 equorum
933 603 966 636 ",
983 612 992 629 ι

151 675 154 679 ,
207 647 284 680 juxta
301 647 480 682 Scripturam.
500 658 509 674 ι
524 648 604 683 Atqui
619 654 671 675 n0n
688 648 805 675 salvabit
820 655 868 675 rex
884 653 996 683 propter

210 693 322 720 multam
345 694 484 727 virtutem,
510 700 537 722 et
564 696 640 731 gigas
664 704 717 724 non
742 695 858 723 salvabit
887 701 997 731 propter

211 741 410 769 multitudinem
442 741 608 770 fortitudinis
642 750 714 776 suae;
740 742 821 770 fallax
852 750 937 777 equus
963 743 996 770 ad

210 787 325 815 salutem
337 787 370 814 ".
385 787 488 816 Bonum
506 788 644 816 confidere
657 789 683 815 in
696 788 820 822 Domino,
836 796 915 824 quam
933 796 998 816 cou-

212 833 294 861 fidere
311 834 337 861 in
355 834 510 862 hominibus
521 834 554 862 ³⁷.
570 844 579 860 ›
596 833 669 862 Nihil
682 839 773 862 autem
790 834 830 862 eis
845 839 898 861 tam
914 839 998 862 teme-

212 880 312 907 rarium
343 880 484 908 consilium
515 879 659 915 profuisse,
692 880 758 914 ipsa,
793 879 889 914 inquit,
918 886 998 914 expe-

1047 294 1136 321 μενον,
1152 286 1369 318 καταποοῦντος
1383 287 1432 322 ’ήδη
1450 288 1495 314 τὸν
1517 288 1627 324 Ἰσραὴλ
1642 289 1689 315 τοῦ
1704 290 1839 324 πολέμου,

1045 331 1092 357 καὶ
1113 333 1255 366 μονονουχὶ
1277 333 1311 367 τῇ
1338 333 1415 368 χώρᾳ
1437 334 1644 368 προϐάλλοντος.
1671 333 1749 367 Εἶτα,
1780 336 1841 362 δέον

1045 376 1144 408 αὐτοὺς
1167 377 1254 408 λιταῖς
1269 385 1299 403 τε
1317 377 1364 404 καὶ
1382 378 1586 412 μεταγνώσεσιν
1613 379 1840 414 ὲκμειλίσοεσθαι

1045 422 1121 454 Θεὸν,
1139 422 1186 449 καὶ
1199 423 1443 457 μεταπαιδεύεσθαι
1460 424 1509 459 μὲν
1522 425 1552 451 τὸ
1570 425 1665 452 δοκοῦν
1678 426 1764 460 αύτῷ,
1779 427 1841 457 ταῖς

1045 468 1072 494 δὲ
1085 469 1125 500 είς
1137 469 1166 494 τὺ
1181 469 1292 504 ἄμεινον
1307 470 1664 506 ἀναδρομαῖςὲπιδυσωπεῖν
1680 472 1729 505 τὴν
1742 472 1839 506 ὀργὴν,

1046 515 1083 544 ὡς
1099 515 1145 541 ὲπί
1159 523 1185 541 τι
1201 515 1254 541 τῶν
1270 515 1340 550 ἄγαν
1354 516 1496 552 χρησίμων
1512 517 1652 549 ἐξελέσθαι
1680 517 1841 552 δυναμένων

1047 560 1156 592 αὐτοὺς,
1181 561 1355 597 ἀπέστρεψαν
1375 563 1414 593 εἰς
1441 563 1586 597 Αἴγυπτον,
1625 563 1771 594 καλοῦντες
1801 565 1840 595 είς

1047 606 1209 641 ἐπικουρίαν
1247 607 1390 642 ἄνθρωπον
1427 608 1586 641 Αίγύπτιον,
1626 609 1673 635 καὶ
1702 609 1732 635 ού
1762 609 1839 635 Θεὸν.

1051 660 1060 677 ι
1075 651 1180 678 Ἵππων
1206 652 1342 687 σάρκας.)
1361 652 1432 679 κατὰ
1455 653 1485 679 τὸ
1505 654 1708 688 γεγραμμένον.
1737 664 1746 679 ‹
1769 653 1840 680 ’Λλλέ

1049 698 1079 724 οὺ
1097 697 1214 730 σώζεται
1234 698 1361 733 βασιλεὺς
1379 699 1422 726 διὰ
1439 699 1539 734 πολλὴν
1553 700 1679 735 δύναμιν,
1697 700 1744 726 καὶ
1758 700 1840 734 γίγας

1048 743 1079 770 ού
1096 744 1249 779 σωθήσεται
1265 744 1294 770 ἑν
1307 744 1403 779 πλήθει
1418 744 1510 779 ίσχύος
1525 744 1619 775 αὑτοῦ,
1637 745 1737 780 ψευδὴς
1757 746 1841 776 ἵππος

1049 789 1089 820 εἰς
1113 789 1259 825 σωτηρίαν.
1286 790 1401 824 Ἀγαθὸν
1427 790 1587 818 πεποιθέναι
1613 792 1660 817 ἐπὶ
1680 792 1795 826 Κύριον,
1823 791 1839 826 ἢ

1050 835 1209 862 πεποιθέναι
1230 836 1273 862 ἐπ’
1291 836 1445 871 ἄνθρωπον.
1458 846 1467 862 ι
1482 838 1542 863 Ὅτι
1558 837 1586 863 δὲ
1599 838 1640 868 εἰς
1655 837 1732 863 οὐδὲν
1748 838 1842 868 αὐτοῖς

1050 881 1104 907 τῶν
1116 882 1272 915 ἀναγκαίων
1286 882 1320 909 τὰ
1334 883 1384 917 τῆς
1398 882 1516 914 τοιᾶσδε,
1534 883 1626 917 φησὶν,
1641 883 1842 914 εἰκαιοϐουλίας

211 926 307 953 rientia
335 927 464 961 magistra
492 931 668 960 cognoscent.
694 925 835 960 Deportati
865 926 937 953 enim
964 925 997 952 ad

1053 928 1209 964 ὲκὸέεηκεν,
1238 928 1268 961 ἐξ
1289 929 1375 964 αὐτῆς
1399 930 1516 956 εῐσονται
1537 929 1586 964 τῆς
1609 929 1716 964 πείρας,
1737 929 1842 955 dumm-

209 972 339 1006 Assyrios
356 977 438 1006 atque
459 972 563 1005 Medos,
585 981 594 998 ι
610 973 646 999 ibi
663 972 800 999 itnuiunda
817 972 968 1003 comedent,
985 981 994 997 ι

211 1018 262 1044 hoc
275 1022 328 1050 est,
342 1025 428 1045 arvum
443 1020 586 1046 traduceut
604 1019 705 1053 rejecta
725 1026 784 1053 quae
798 1019 918 1046 restabat
934 1026 998 1053 erga

210 1065 295 1100 legem
313 1066 475 1098 reverentia,
500 1071 527 1093 et
544 1066 652 1101 quidvis
672 1065 740 1092 citra
763 1072 870 1092 omnem
886 1072 998 1098 scrupu-

211 1111 264 1138 lum
282 1111 464 1139 comedentes.
484 1111 537 1139 Sed
563 1111 673 1147 objiciet
696 1111 814 1138 fortasse
836 1111 970 1144 quispiam
989 1118 996 1137 :

209 1155 352 1190 Quomodo
379 1156 431 1184 hoc
457 1156 584 1191 scrupulo
605 1163 665 1183 esse
693 1155 823 1183 lsraelitis
847 1155 950 1188 potuit,
974 1154 996 1181 si

211 1201 321 1237 quidem
337 1201 422 1229 falsos
441 1202 505 1229 deos
522 1201 650 1229 colendos
660 1201 857 1236 susceperant?
872 1197 996 1234 Respon;

211 1248 308 1276 demus
337 1248 406 1276 lmic.
425 1247 590 1282 quaastioni,
618 1247 644 1274 in
670 1253 792 1274 errorem
821 1253 850 1274 se
879 1246 998 1273 induisse

212 1294 403 1327 concorditer;
416 1295 464 1321 sed
476 1294 502 1321 in
515 1294 613 1321 animis
627 1300 720 1321 eorum
734 1292 822 1320 adhuc
833 1292 997 1326 aliquantam

211 1339 419 1367 sollicitudinem
439 1339 507 1375 legis
528 1339 706 1374 superfuisse,
726 1343 753 1366 et
774 1345 822 1366 eos
845 1346 859 1364 a
881 1337 1000 1365 Judaicis

213 1385 454 1413 consuetudinibus
477 1393 529 1413 non
553 1385 586 1412 ad
603 1392 716 1419 unguem
741 1385 911 1417 disceSsisse,
931 1388 1000 1410 tam-

212 1432 266 1459 etsi
286 1431 313 1459 in
330 1431 462 1458 idolorum
484 1431 590 1465 templis
606 1438 700 1465 preces
720 1431 906 1464 conciperent.
927 1429 999 1462 Quo-

213 1477 288 1505 circa
302 1481 328 1505 et
343 1477 438 1504 beatus
455 1477 585 1511 propheta
601 1476 673 1503 Elias
690 1480 719 1502 ut
732 1476 838 1503 duobus
852 1474 999 1509 poplitibus

213 1521 411 1554 claudicantes,
431 1525 459 1549 et
484 1528 571 1556 neque
596 1520 661 1548 Baal
685 1522 806 1554 omnino,
831 1527 919 1554 neque
944 1519 998 1546 Deo

213 1567 335 1601 perfecte
347 1568 486 1594 adhaerere
495 1567 615 1594 volentes
625 1566 770 1601 aliquando
782 1564 996 1600 reprehendit".

216 1612 314 1640 Verum
332 1613 457 1641 redactus
472 1613 498 1640 in
519 1613 702 1648 captivitatem
725 1611 820 1644 Israel,
837 1611 903 1646 legis
920 1618 998 1638 reve-

215 1659 326 1686 rentiam
341 1658 462 1686 funditus
476 1659 584 1694 abjecit,
596 1666 685 1686 mores
699 1663 727 1685 et
741 1658 813 1692 leges
826 1656 997 1684 dominorum

215 1712 325 1732 suorum
347 1705 510 1733 necessitate
534 1706 645 1733 adactus
662 1713 788 1740 sequens.
807 1704 842 1732 Et
857 1705 918 1737 hoc,
940 1703 999 1738 opi-

216 1759 286 1784 nor,
314 1756 372 1784 est,
394 1752 465 1786 quod
494 1757 522 1779 et
551 1753 609 1787 ipse
632 1751 757 1779 Christus
778 1750 846 1778 dixit
870 1759 877 1777 :
897 1749 998 1777 (Omni

218 1798 326 1825 habenti
344 1798 461 1831 dabitur,
484 1803 511 1826 et
534 1797 691 1824 abundabit.
718 1797 758 1824 Ab
783 1804 815 1824 eo
839 1801 928 1823 autem
955 1795 1001 1830 qui

218 1851 271 1870 non
295 1843 387 1875 habet,
409 1849 436 1871 et
451 1844 521 1878 quod
547 1844 650 1870 videtur
672 1843 781 1874 habere,
809 1841 947 1868 auferetur
967 1841 1000 1868 ab

217 1889 293 1917 eo".
313 1899 323 1916 ι
352 1889 410 1918 Νοιι
438 1894 501 1917 sunt
529 1890 608 1924 igitur
632 1889 711 1916 nobis
732 1888 883 1923 spernenda
911 1887 1002 1914 divina

219 1936 469 1969 charismalapsed
492 1943 551 1970 qua:
578 1934 750 1962 habuerimus
770 1941 785 1961 a
808 1934 872 1965 Deo.
893 1934 1001 1960 maximi

218 1982 389 2010 aestimanda.
411 1981 477 2008 Nam
502 1981 526 2008 si
548 1980 623 2008 cordi
647 1980 725 2007 nobis
748 1979 859 2012 fuerint,
886 1980 1004 2006 libenter

217 2028 305 2063 gratia
330 2032 357 2055 et
380 2027 478 2054 donum
506 2027 533 2054 in
563 2026 640 2053 nobis
664 2025 806 2053 habitabit.
841 2025 887 2052 Sin
914 2029 1003 2051 autem

218 2074 309 2109 ignavi
334 2079 362 2100 et
386 2072 492 2100 remissi
525 2072 551 2098 in
581 2079 614 2099 co
645 2070 824 2099 custodiendo
852 2069 1003 2101 fuerimus,

219 2119 307 2154 ipsum
325 2125 437 2152 prorsus
456 2117 583 2144 avolabit.

256 2163 336 2198 126
354 2163 433 2190 Vens.
448 2162 490 2190 14.
510 2163 540 2190 Et
553 2163 647 2190 oblitus
663 2167 701 2189 est
713 2161 800 2189 Israel
813 2161 870 2194 ejus
884 2161 928 2194 qui
943 2159 1006 2194 fecit

220 2209 307 2237 illum.
324 2209 357 2235 Et
373 2209 568 2243 adiﬁcarerunt
581 2209 655 2244 fana.
676 2208 707 2234 Et
723 2206 808 2233 ludas
824 2206 1005 2240 multiplicauit

220 2255 295 2283 urbe;
314 2261 441 2282 muratos.
465 2255 500 2281 Et
523 2256 626 2283 mittam
646 2254 730 2288 ignem
754 2252 781 2279 in
804 2252 920 2278 civitates
937 2251 1002 2285 ejus,
1020 2271 1042 2299 Β

220 2305 243 2327 ει
259 2300 392 2328 devorabil
408 2300 577 2334 fundamenta
591 2299 709 2325 illarum.

258 2387 335 2415 XCV.
356 2387 442 2414 Ambo
464 2393 546 2420 regna
564 2385 698 2419 objurgal,
721 2383 860 2416 Samaria),
884 2385 1004 2419 inquam,

221 2433 339 2466 clJuda,
354 2439 450 2468 nempe
461 2432 532 2466 quod
553 2435 594 2458 est
607 2429 812 2464 Hierosolymis.
829 2428 896 2462 Quid
915 2433 1005 2456 autem

222 2478 303 2506 ambo
315 2477 440 2509 fecerint,
461 2475 604 2502 videndqu
619 2479 646 2501 et
662 2474 849 2509 exponendum
865 2479 915 2501 est.
938 2473 1006 2501 Cum

222 2523 323 2553 bellum
344 2525 557 2557 exspectaretur,
575 2524 602 2547 et
624 2524 710 2547 terror
731 2520 924 2554 propemodum
940 2518 1007 2553 ipsis

224 2569 328 2598 foribus
354 2568 518 2599 immineret,
545 2570 737 2600 oporteretque
766 2569 821 2592 tum
844 2565 1004 2595 Samarilas.

224 2619 283 2643 tum
301 2615 334 2643 de
351 2614 422 2641 tribu
436 2611 505 2640 Juda
521 2616 663 2646 regnantes
676 2619 690 2638 a
703 2611 757 2638 Deo
773 2610 916 2638 Salvatore
933 2610 1007 2637 auxi-

224 2663 291 2690 lium
315 2666 447 2696 quterere,
474 2659 496 2685 si
521 2658 629 2693 quidem
642 2662 669 2685 et
691 2657 800 2684 inutiles
819 2661 847 2684 et
874 2656 1008 2690 improbas

225 2706 401 2741 cogitationes
426 2711 490 2732 suas
522 2707 674 2735 mutarent,
702 2706 730 2730 et
756 2709 818 2729 eum
843 2701 1008 2735 ptenitenliis

225 2752 325 2785 colere,
349 2751 462 2786 amplius
483 2750 694 2785 omnipotentem
719 2748 861 2776 Dominum
879 2748 1010 2774 adversus

226 2805 258 2825 sc
274 2797 425 2825 irritabant.
444 2796 525 2824 Israel
544 2796 628 2828 enim,
650 2795 700 2822 hoc
725 2799 778 2828 est,
795 2794 887 2822 decem
911 2793 1007 2826 tribus,

261 2878 282 2894 "
300 2885 396 2913 Ezcclt.
416 2893 506 2918 \XHX,
522 2884 566 2911 20.
605 2883 627 2899 ”
643 2882 716 2911 Psal.
729 2889 813 2914 In",
827 2881 872 2915 16,
886 2881 927 2908 ΓΙ.
967 2881 985 2897 ³⁷
1005 2880 1075 2909 Psal.
1100 2888 1182 2913 cxvn,
1201 2879 1226 2906 8.
1267 2879 1288 2896 ³³
1304 2878 1337 2906 lll
1354 2879 1419 2915 Reg.
1439 2888 1505 2919 xvty
1518 2880 1564 2909 ‘21.

1051 974 1192 1009 μισθέντες
1213 974 1267 1009 γὰρ
1290 975 1330 1005 είς
1362 975 1521 1010 Ἀσσυρίους
1539 974 1587 1000 καὶ
1610 974 1729 1009 Μήδους,
1760 983 1769 999 ι
1785 975 1843 1000 ἐκεῖ

1048 1019 1192 1055 ἀκάθαρτα
1207 1020 1349 1053 φάγονται,
1362 1030 1371 1045 ι
1384 1020 1518 1051 τουτέστι,
1530 1019 1721 1046 διαόιώσονται
1736 1019 1786 1053 τῆς
1803 1019 1842 1051 εἷς

1048 1065 1094 1092 τὸν
1108 1065 1188 1100 νόμον
1206 1064 1297 1096 αἰδοῦς
1310 1065 1492 1097 ἀποϐαλόντες
1509 1065 1539 1091 τὸ
1551 1065 1688 1099 λείψανον,
1709 1065 1756 1091 καὶ
1771 1065 1842 1098 ἀφυ-

1048 1112 1155 1143 λάκτως
1169 1111 1304 1143 ἐσθίοντες
1313 1111 1342 1138 τὸ
1355 1111 1521 1147 παρατυχόν.
1546 1111 1616 1137 Ἀλλ’
1633 1111 1699 1141 ἴσως
1715 1111 1775 1146 ἐρεῖ
1789 1118 1841 1140 τις·

1049 1157 1112 1189 Πῶς
1127 1157 1206 1184 τοῦτο
1217 1157 1369 1192 λελύπηκεν
1386 1157 1419 1184 ἂν
1432 1157 1494 1188 τοὺς
1511 1156 1539 1190 ἐξ
1565 1156 1681 1192 Ἰσραὴλ,
1699 1155 1842 1182 εἰδωλολα-

1048 1205 1122 1239 τρεῖν
1140 1203 1300 1238 ἑλομένους;
1317 1203 1388 1239 Πρὸς
1404 1202 1492 1230 ταῦτά
1513 1211 1612 1237 φαμεν,
1627 1203 1667 1229 ὅτι
1684 1202 1842 1248 πεπλάνήν-

1048 1259 1094 1276 ται
1122 1249 1170 1284 μὲν
1194 1248 1428 1284 ὁμολογουμένως,
1452 1248 1508 1274 ἀλλ’
1526 1246 1559 1283 ἦν
1585 1257 1626 1280 τις
1653 1249 1747 1278 αὐτοῖς
1773 1246 1843 1274 κατὰ

1049 1295 1111 1322 νοῦν
1123 1295 1163 1321 ἔτι
1177 1295 1265 1330 μικρὰ
1274 1294 1321 1321 τοῦ
1332 1295 1415 1330 νόμον
1432 1295 1552 1330 φροντὶς,
1567 1295 1613 1321 καὶ
1627 1295 1680 1321 τῶν
1689 1295 1842 1322 Ἰουδαϊκῶν

1050 1341 1119 1368 ἐθῶν
1133 1341 1182 1367 οὐκ
1193 1340 1347 1367 ἀπώλισοον
1359 1340 1508 1371 παντελῶς,
1524 1340 1613 1366 καίτοι
1627 1339 1842 1375 προσκυνοῦντες

1049 1389 1078 1414 ἐν
1096 1388 1152 1419 τοῖς
1167 1387 1220 1414 τῶν
1236 1387 1353 1413 είδώλων
1370 1388 1451 1418 ναοῖς.
1465 1386 1600 1422 Ταύτῃτοι
1615 1386 1661 1412 καὶ
1676 1387 1690 1412 ὁ
1706 1385 1843 1420 μακάριος

1050 1433 1194 1469 προφήτης
1224 1433 1325 1465 Ἡλιοὺ,
1348 1432 1386 1464 ὡς
1409 1433 1485 1459 δυσὶν
1503 1431 1608 1466 ἰγνύαις
1625 1431 1842 1466 ὲπιχωλεύοντας

1049 1479 1196 1515 κατῃτιᾶτο
1221 1487 1285 1505 ποτε
1299 1498 1307 1510 ,
1337 1478 1384 1505 καὶ
1412 1482 1480 1514 μήτε
1502 1478 1540 1513 τῷ
1573 1478 1646 1504 Βάαλ
1676 1477 1841 1512 ὁλοτρόπως,

1051 1525 1119 1560 μήτε
1148 1524 1201 1560 μὴν
1219 1524 1279 1559 Θεῷ
1297 1524 1408 1555 τελείως
1422 1523 1599 1558 προσκεῖσθαι
1616 1521 1841 1557 βεϐουλημένους.

1051 1569 1155 1596 Οὐκοῦν
1166 1568 1287 1603 γεγονὼς
1301 1569 1472 1604 αίχμάλωτος
1494 1569 1508 1595 ὁ
1533 1569 1649 1604 Ἰσραὴλ,
1670 1567 1842 1601 ἀποϐέϐληκε

1050 1615 1159 1647 τελείως
1173 1615 1222 1650 τὴν
1237 1615 1277 1646 εἰς
1292 1614 1338 1641 τὸν
1350 1614 1432 1650 νόμον
1443 1614 1517 1646 αίδῶ,
1530 1616 1586 1646 τοῖς
1602 1614 1655 1641 τῶν
1669 1614 1843 1650 κρατούντων

1049 1661 1123 1687 ἔθεσί
1139 1669 1178 1692 τε,
1205 1660 1253 1687 καὶ
1265 1660 1368 1695 νόμοις,
1387 1659 1426 1691 ὡς
1448 1660 1477 1692 ἐξ
1492 1660 1613 1695 ἀνάγκης
1627 1660 1769 1694 ἑπόμενος.
1788 1658 1844 1685 Καὶ

1049 1706 1138 1737 τοῦτο,
1151 1704 1238 1740 οἶμαι,
1264 1705 1339 1731 ἐστὶν
1364 1705 1378 1731 ὅ
1393 1705 1446 1732 καὶ⁴
1462 1706 1543 1738 αὐτὸς
1572 1706 1623 1741 ἔφη
1648 1705 1778 1740 Χριστὸς,
1802 1705 1843 1731 ὅτι

1054 1762 1063 1778 ι
1076 1752 1162 1779 Παντὶ
1185 1751 1223 1786 τῷ
1240 1751 1328 1786 ἔχοντι
1343 1752 1496 1786 δοθήσεται,
1518 1752 1564 1778 καὶ
1584 1751 1841 1786 περισσευθήσεται.

1058 1798 1124 1824 Ἀπὸ
1134 1798 1161 1824 δὲ
1177 1797 1223 1824 τοῦ
1238 1799 1274 1832 μὴ
1290 1797 1410 1832 ἔχοντος,
1427 1797 1474 1824 καὶ
1485 1797 1498 1824 ὂ
1511 1798 1584 1824 δοκεῖ
1600 1798 1681 1832 ἔχειν,
1694 1797 1842 1832 ἀρθήσεται

1053 1843 1100 1870 ἀπ’
1114 1843 1206 1869 αὐτοῦ.
1215 1853 1223 1869 ι
1237 1844 1282 1869 Δεῖ
1290 1843 1321 1878 δὴ
1339 1841 1385 1869 οὖν
1397 1843 1450 1878 ἄρα
1463 1843 1517 1869 τῶν
1531 1842 1610 1868 θείων
1621 1843 1694 1877 ἡμᾶς
1703 1841 1842 1877 χαρισμά-

1053 1898 1105 1916 των
1136 1888 1173 1923 μὴ
1197 1890 1394 1923 καταφρονεῖν
1424 1888 1481 1915 ἀλλ’
1505 1885 1543 1915 ὧν
1569 1888 1601 1914 ἂν
1629 1888 1737 1923 ἔχοιμεν
1767 1888 1842 1922 παρὰ

1053 1935 1132 1967 Θεοῦ,
1152 1935 1276 1961 πλεῖστον
1291 1935 1353 1961 ὅσον
1375 1935 1509 1962 ποιεῖσθαι
1534 1935 1621 1969 λόγον.
1646 1933 1842 1969 Πεφροντικόσι

1057 1981 1104 2016 μὲν
1118 1980 1172 2016 γὰρ
1190 1981 1413 2016 ὲμφυλοχωρήσει
1433 1981 1463 2007 τὸ
1478 1980 1612 2016 χάρισμα.
1624 1980 1655 2006 Εί
1670 1979 1697 2005 δὲ
1714 1979 1842 2014 ρᾴθυμοι,

1055 2026 1102 2052 καὶ
1125 2026 1354 2056 ἀναπεπτωκότες
1374 2026 1438 2061 περ).
1461 2025 1527 2052 αὐτὸ
1543 2024 1684 2060 γινόμεθα,
1709 2023 1755 2050 καὶ
1777 2022 1844 2050 αὐτο

1055 2072 1086 2107 δὴ
1104 2071 1212 2102 πάντως
1228 2071 1424 2107 ἀποπτήσεται.

1092 2158 1146 2185 Kal
1157 2158 1318 2186 ἐπελάθετο
1337 2157 1460 2192 Ἰσραὴλ
1476 2158 1528 2185 τοῦ
1541 2157 1727 2191 ποιήσαντος
1738 2157 1842 2184 αὐτόν.

1057 2204 1112 2230 Kal
1127 2203 1325 2238 ᾠκοδόμησαν
1342 2203 1461 2237 τεμένη.
1484 2203 1538 2230 Kal
1560 2203 1615 2229 Ἰοί
1620 2202 1674 2234 δας
1692 2202 1844 2235 ἐπλήθυνε

1057 2250 1162 2282 πόλεις
1183 2249 1415 2283 τετειχισμένας.
1434 2248 1489 2275 Kal
1504 2247 1695 2280 ἐξαποστελῶ
1716 2247 1776 2282 πῦρ
1801 2248 1844 2280 εἰς

1056 2296 1109 2328 τὰς
1133 2296 1239 2327 πόλεις
1273 2295 1382 2328 αὑτοῦ,
1426 2294 1625 2329 καταφάγεται
1652 2294 1688 2321 τὰ
1722 2293 1845 2328 θεμέλια

1057 2341 1166 2368 αὐτῶν.

1094 2387 1150 2420 L.E’.
1160 2387 1340 2422 Ἀμφοτέραις
1354 2386 1513 2421 ἐπιπλήττει
1525 2386 1584 2418 ταῖς
1597 2385 1755 2420 βασιλείαις,
1769 2385 1802 2419 τῇ
1816 2393 1845 2410 τε

1059 2433 1087 2458 ὲν
1102 2431 1254 2466 Σαμαρείᾳ,
1274 2432 1356 2466 φημι,
1373 2431 1419 2457 καὶ
1431 2432 1464 2466 τῇ
1480 2430 1527 2457 τοῦ
1551 2430 1645 2462 Ἰούδα,
1659 2429 1793 2461 τουτέστι,
1813 2431 1843 2465 τῇ

1059 2475 1126 2511 οὔσῃ
1138 2476 1208 2503 κατά
1219 2476 1268 2511 τὴν
1276 2476 1461 2511 Ἰερουσαλήμ.
1478 2476 1511 2502 Τί
1524 2475 1577 2511 γὰρ
1590 2475 1673 2510 ἄμφω
1686 2474 1843 2509 δεδράκασι,

1059 2521 1227 2556 καταθρῆσαί
1250 2530 1279 2547 τε
1308 2521 1365 2556 ἅμα
1384 2521 1431 2547 καὶ
1451 2522 1538 2547 εἰπεῖν
1568 2521 1726 2554 ἀναγκαῖον.
1757 2519 1845 2554 Προσ-

1058 2566 1211 2601 δοκωμένου
1233 2565 1288 2601 γὰρ
1307 2565 1415 2592 ἔσεσθαι
1436 2565 1483 2592 τοῦ
1506 2565 1635 2600 πολέμου,
1653 2565 1795 2599 μονονουχὶ
1817 2563 1844 2589 δὲ

1059 2611 1106 2637 καὶ
1123 2611 1166 2638 ἐπ’
1183 2611 1277 2643 αὑταῖς
1298 2612 1348 2646 ήδη
1367 2611 1509 2645 γεγονότος
1530 2612 1589 2642 ταῖς
1608 2610 1704 2645 θύραις
1728 2609 1776 2635 τοῦ
1793 2609 1844 2635 δεί-

1061 2665 1156 2691 ματος,
1173 2656 1231 2683 δέον
1242 2657 1341 2688 αὐτοὺς
1353 2657 1416 2688 τούς
1436 2665 1465 2683 τε
1489 2658 1517 2684 ὲν
1534 2657 1686 2692 Σαμαρείᾳ,
1712 2656 1760 2682 καὶ
1783 2656 1843 2687 τοὺς

1060 2700 1249 2734 βασιλεύοντας
1261 2702 1294 2727 ὲκ
1305 2701 1390 2735 φυλῆς
1409 2701 1503 2733 Ἰούδα,
1519 2701 1568 2736 τὴν
1581 2701 1656 2736 παρὰ
1668 2700 1736 2727 Θεοῦ
1749 2700 1845 2732 σώζονο

1059 2755 1104 2778 τος
1131 2746 1291 2781 ἐπικουρίαν
1306 2745 1408 2781 ζητεῖν,
1424 2747 1450 2772 εἱ
1468 2746 1610 2778 ἐκτύπους,
1628 2746 1674 2772 καὶ
1696 2746 1844 2780 ἀνωφελεῖς

1059 2792 1207 2826 ἐτράποντο
1219 2791 1339 2827 γνώμας,
1351 2792 1397 2818 καὶ
1409 2793 1468 2823 ταῖς
1484 2791 1670 2827 μεταγνώσεσι
1684 2791 1843 2828 θεραπεύειν

1607 2881 1630 2897 ³⁹
1643 2880 1708 2909 Luc.
1725 2888 1783 2914 xix,
1798 2879 1840 2907 26.
