1919 3042
72 173 118 201 217

540 174 817 204 COMMENTARIUS
836 175 872 203 IN
890 175 1005 204 OSEAM
1024 175 1246 204 PROPIIETMI.

1657 179 1710 207 ⁸213

75 232 267 270 πιμπλάμεθα,
286 233 333 261 τὸν
347 235 442 272 νοητὸν
458 235 539 271 ἄρτον
553 236 724 271 τρεφόμενοι,
741 237 788 263 καὶ
798 233 869 263 οίνον

932 245 1038 272 uiperna
1067 239 1254 265 benedictione
1280 237 1425 272 replentur,
1447 246 1517 273 pane
1540 238 1590 265 sub
1613 238 1711 265 intelli-

75 280 178 315 ἔχοντες
192 279 241 305 τὸν
259 280 290 313 eg
306 281 437 316 οὐρανοῦ,
453 290 462 307 ι
482 281 534 308 Τὸν
559 282 739 317 εὐφραίνοντα
755 282 869 318 καρδίαν

77 324 228 360 ἀνθρώπου.
249 335 260 350 ι
279 326 374 353 Ταῦτα
390 328 496 362 φρονεῖν
510 328 655 363 ᾑρημένοι,
670 328 870 364 κατοικήσομεν

78 372 123 407 τὴν
150 371 234 405 ἁγίαν
254 372 320 406 γῆν.
355 372 490 407 Ἐσόμεθα
516 375 568 408 γὰρ
589 374 656 408 μετὰ
674 373 752 405 Θεοῦ,
779 374 824 400 καὶ
841 375 870 400 ὲν

84 416 239 451 ’Δσσυρίοις
256 416 402 451 ἁκάῡαρτα
417 417 447 442 οὐ
474 416 627 451 φαγόμεθα.
661 417 870 444 Καταϐόσκουσι

78 461 129 495 γὰρ
141 461 170 486 ὲν
183 460 370 496 ὰκαθαρσίαις
381 461 444 492 τοὺς
462 461 624 496 προσιόντας
640 461 730 493 αὐτοῖς
753 470 761 487 ι
779 462 811 488 Οἰ
824 470 870 488 κο-

79 506 269 541 σμοκράτορες
285 507 333 532 τοῦ
351 506 448 538 αἰῶνος
457 506 564 538 τούτου,
580 506 614 533 τὰ
633 507 806 542 πνευματικὰ
822 507 871 542 τῆς

78 553 211 588 πονηρίας
227 554 257 578 ὲν
271 553 326 583 τοῖς
341 553 522 588 ἐπουρανίοις.
541 563 550 579 ι

113 598 144 625 Τί
163 597 311 631 ποιήσετε
320 597 356 624 ὲν
368 597 462 633 ἡμέρᾳ
474 600 676 634 πανηγύρεως,
692 598 741 626 καὶ
756 599 791 626 ἐν
801 598 871 634 ’ἠμέ-

77 652 142 677 [αις
161 642 270 677 ἑορτῆς
285 643 397 677 Κυρίου
406 651 415 675 ;

112 690 171 722 ἰ-,ΖΚ
181 689 293 724 Ἐπειδὴ
300 689 354 724 γὰρ
367 690 406 721 εἰς
417 688 505 722 τοῦτο,
516 689 594 724 φησί,
607 689 872 716 καθίκεσοεδυσϐου-

77 733 136 765 λίας
158 734 208 760 καὶ
230 733 427 768 ἀσεϐημάτων,
450 734 573 770 βδελυροί
597 734 625 760 δὲ
643 734 714 760 οὕτω
731 734 870 768 γεγόνατε,

77 781 125 806 καὶ
141 779 255 815 ἀπηχθη
261 780 348 815 μένοι,
364 781 439 812 ποῖος
452 780 517 816 ὑμῖν
532 779 586 814 ἄρα
607 779 736 816 βοηθήσει
751 780 870 816 τρόπος;

77 827 94 862 ἦ
107 827 133 852 τί
150 827 326 862 πεπραχότες
350 827 397 853 καὶ
422 827 643 862 βουλευσάμενοι,
666 827 718 862 τῆς
734 826 805 853 οὕτω
819 826 872 853 δει-

78 873 126 907 νῆς
143 873 191 899 καὶ
211 873 313 908 ἀγρίας
334 873 479 900 ὲκνεύσετε
503 875 664 909 συμφορᾶς,
682 874 745 900 ὅταν
775 875 791 909 ὴ
817 873 872 909 ὲμὴ

921 284 1037 318 gentiam
1062 284 1178 310 cadente
1202 284 1308 316 nutriti,
1334 289 1360 311 et
1386 284 1478 311 viuum
1502 285 1636 311 habentes
1652 292 1709 311 cm-

921 329 998 361 Ieste,
1016 337 1025 354 ι
1041 329 1110 363 quod
1130 328 1249 356 laetiﬁcat
1270 336 1318 356 cor
1341 329 1498 357 hominis“.
1513 338 1522 355 ι
1545 329 1583 356 Ita
1609 329 1708 362 aifecti,

922 378 1022 400 terram
1049 378 1171 400 sanctam
1199 373 1391 401 habitabimus.
1415 374 1523 401 Erimus
1547 375 1619 401 enim
1648 379 1716 401 cum-

922 420 988 452 Deo,
1015 424 1041 446 et
1066 419 1138 446 inter
1161 419 1288 454 Assyrios
1309 419 1455 447 immundis
1480 428 1531 447 non
1555 427 1708 447 vescemur.

921 465 1040 493 Pascunt
1065 465 1136 492 enim
1168 465 1193 491 in
1223 465 1401 492 immunditiis
1429 467 1462 492 ad
1492 473 1522 492 se
1549 467 1709 493 accedentes

924 512 1083 547 «principes
1111 512 1201 538 mundi
1233 511 1323 546 hujus,
1349 510 1500 545 spiritualia
1529 512 1655 546 nequitiae
1682 513 1709 539 in

922 557 1077 585 coelestibus
1087 558 1120 583 ⁸³.
1140 567 1149 583 ι

959 602 1039 637 129
1062 602 1131 634 Quid
1145 602 1248 636 facietis
1269 602 1296 629 in
1310 602 1353 629 die
1374 607 1525 636 concentus,
1540 608 1563 630 et
1578 604 1604 630 in
1621 603 1710 630 diebus

922 647 1094 674 solemnitatis
1123 647 1251 674 Domini?

956 692 1060 721 XCVII.
1076 693 1208 725 Quoniam
1224 693 1296 720 enim
1309 693 1361 720 huc
1375 701 1461 729 usque
1474 694 1544 722 male
1559 695 1635 722 vobis
1647 702 1712 721 con-

922 739 1035 767 suleudo
1047 744 1074 766 et.
1089 738 1173 773 impie
1186 739 1290 774 agendo
1316 740 1498 774 processistis,
1524 741 1644 775 adeoque
1667 741 1713 766 de-

923 785 1061 812 teSIabilt's
1077 789 1105 812 et
1121 785 1208 812 odiosi
1231 784 1374 817 evasistis,
1398 793 1515 820 quonam
1539 786 1618 812 modo
1637 786 1712 813 vobis

922 831 1112 859 suecurrctur?
1126 835 1172 858 aut
1183 831 1246 865 quid
1259 830 1408 865 incipietis,
1426 831 1525 866 quidve
1539 831 1644 858 consilii
1669 839 1714 859 ca-

923 879 1014 912 pietis,
1029 882 1057 904 ut
1073 882 1126 904 tam
1138 877 1223 904 diram
1239 882 1265 904 et
1279 882 1396 904 atrocem
1415 877 1594 905 calamitatem
1603 876 1713 911 elingia-

77 918 189 953 τελῆται
217 919 382 955 πανήγυρις,
409 918 583 951 δαπανῶντος
604 919 650 946 τοῦ
672 919 792 955 πολέμου
809 920 872 951 τοὺς

937 925 969 957 is,
987 924 1094 958 quando
1110 923 1214 951 scilicet
1231 923 1303 950 bello
1320 922 1480 950 absumente
1495 923 1540 957 qui
1567 929 1609 950 me
1626 922 1712 949 otTen-

78 963 277 1000 λελυπηκὰτάς
293 964 397 991 Οὐκοῦν
416 964 513 1000 ἑορτὴν
530 964 597 991 ἰδίαν
619 965 748 1000 ὀνομάζει
766 964 780 990 ὁ
795 964 871 996 Θεὸς,

79 1011 122 1036 τὶν
134 1011 231 1046 καιρὸν
245 1011 376 1046 δηλονότι,
391 1010 451 1038 καθ’
460 1010 490 1037 ὃν
503 1011 516 1037 ὁ
529 1011 639 1047 Ἰσραὴλ
650 1011 783 1042 ὲξαιτοϊτο
796 1010 873 1042 δίκας

77 1056 129 1083 τῶν
145 1057 187 1088 εἰς
203 1056 286 1083 αὑτὸν
300 1056 589 1092 πεπλημμελημένων.

110 1103 172 1138 Χρὴ
184 1103 337 1138 τοιγαροῦν
354 1103 392 1138 μὴ
404 1102 497 1134 ἁπλῶς
513 1102 542 1128 τὸ
554 1101 650 1128 δοκοῦν
664 1101 874 1136 ἀπερισκέπτως

78 1149 222 1180 ἐπιτελεῖν,
241 1149 289 1175 καὶ
303 1150 360 1180 τοῖς
377 1148 510 1183 παροῦσιν
523 1146 682 1183 ἐφήδεσθαι,
700 1145 874 1182 συναρπαζο-

78 1194 178 1230 μένους
209 1196 271 1227 ταίς
298 1194 455 1230 ἐπιθυμίαις
478 1195 518 1225 εἰς
543 1193 573 1220 τὸ
597 1191 781 1229 προσκρούειν
803 1191 873 1226 Θεῷ,

79 1242 245 1276 περιαθρεῖν
277 1240 306 1267 δὲ
333 1240 432 1275 μᾶλλον
447 1239 494 1266 καὶ
511 1239 545 1265 τὰ
558 1238 687 1272 ἐσόμενα,
708 1237 756 1264 καὶ
769 1235 875 1263 διεκδύ-

77 1298 132 1316 νειν
148 1287 313 1322 ἐπείγεσθαι
328 1286 362 1313 τὰ
380 1287 412 1312 ὲκ
424 1286 499 1317 Θείας
516 1284 610 1320 ὀργῆς·
627 1284 745 1319 ἐσόμεθα
759 1283 814 1318 γὰρ
828 1282 875 1309 οὗ·

77 1344 115 1362 τω
129 1334 220 1369 σοφοὶ,
236 1334 284 1360 καὶ
295 1333 350 1361 τῶν
364 1332 558 1368 συμφερόντων
574 1331 767 1366 ἐπιστήμονες.

114 1424 167 1450 Διὰ
177 1421 269 1449 τοῦτο
283 1421 350 1448 ἰδοὺ
361 1421 540 1455 πορεύονται
554 1419 588 1446 ἐκ
607 1418 809 1452 ταλαιπωρίας
826 1418 876 1444 Αἰ-

80 1471 209 1506 γύπτου,
224 1468 274 1496 καί
289 1467 441 1500 ἐκδέξεται
457 1465 568 1498 αὐτοὺς
582 1465 707 1500 Μέμφις,
725 1464 774 1490 καί
787 1463 877 1497 θάψει

80 1516 194 1549 αὐτοὺς
221 1514 361 1549 Μαχμάς.
391 1513 425 1540 Τὸ
453 1513 595 1547 ἀργύριον
630 1509 729 1537 αὐτῶν·
753 1508 876 1542 ὄλεθρος

81 1560 325 1596 κληρονομήσει,
362 1559 488 1586 ἄκανθαι
520 1557 556 1584 ἐν
589 1556 651 1589 τοῖς
679 1554 876 1590 σκηνώμασιν

81 1607 191 1635 αὐτῶν.

117 1655 182 1688 LLH’.
197 1651 416 1688 Καταδῃούντων
430 1651 479 1687 τὴν
498 1651 654 1686 Σαμάρειαν
673 1649 727 1676 τῶν
749 1648 878 1675 Βαϐυλω-

83 1702 157 1733 νίων,
170 1700 196 1726 οἱ
211 1700 352 1734 διαφυγεῖν
370 1698 541 1733 ἰσχύσαντες,
568 1697 645 1732 μόλις
661 1696 821 1731 ἀπέδραμον
838 1695 878 1725 εἰς

83 1749 133 1783 τὴν
141 1744 404 1780 Αἰγυπτίων.Ἂλλὰ
411 1745 458 1771 καὶ
469 1744 553 1779 αὐτὴν
562 1744 676 1770 ἑλόντων
687 1743 736 1778 τὴν
744 1742 879 1783 Ἰερουσα-

83 1781 149 1825 λῆμ,
169 1790 198 1816 ἐν
217 1788 326 1824 χρόνοις
346 1787 396 1822 τῆς
414 1786 547 1822 Ἰερεμίου
572 1785 760 1822 προφητείας,
785 1781 878 1818 εὐαρί-

84 1837 185 1872 θμητοι
207 1835 307 1870 κομιδῇ
327 1833 543 1869 κατελείφθησαν
560 1833 592 1859 ὲκ
613 1832 664 1867 τῆς
685 1831 770 1858 ’ἰούδα
792 1830 879 1865 φυλῆς

84 1885 132 1911 καὶ
141 1882 285 1918 Βενιαμίν.
300 1878 380 1908 Οὗτοί
393 1889 423 1907 τε
436 1879 560 1914 εἰσῆλθον
576 1880 615 1911 εἰς
629 1878 778 1912 Αἴγυπτον,
790 1876 878 1902 καίτοι

85 1927 300 1965 παρεγγυῶντος
315 1925 383 1953 Θεοῦ
392 1925 435 1952 διὰ
448 1923 688 1960 φωνῆςἹερεμίου,
699 1922 746 1949 καὶ
754 1922 878 1955 λέγοντος

85 1975 222 2010 ἐναργῶς,
240 1974 278 2010 μὴ
289 1973 388 2009 χρῆναι
405 1971 522 2007 βαδίζειν
545 1971 594 2006 τὴν
611 1969 776 2003 ὲνεγκοῦσαν
797 1968 879 2002 ἀφέν-

85 2030 135 2054 τας
150 2023 190 2052 εἰς
206 2020 257 2054 τὴν
272 2019 441 2053 Αἰγυπτίων,
461 2017 636 2051 ἠπειληκότος
656 2015 695 2047 δὲ,
720 2016 761 2042 ὅτι
782 2014 834 2040 κᾶν
854 2013 879 2039 εἰ

85 2071 164 2097 τοῦτο
175 2069 260 2104 δρῷεν
274 2067 349 2103 παρὰ
358 2067 388 2093 τὺ
399 2065 471 2100 αὑτῷ
480 2063 584 2096 δοκοῦν,
597 2063 809 2099 περιπεσοῦνται
824 2062 880 2092 τοῖς

88 2116 175 2147 ῖσοις,-
189 2115 206 2149 ἢ
230 2115 288 2145 τοῖς
305 2113 345 2139 ἔτι
370 2112 590 2147 φορτικωτέροις.
620 2110 696 2144 Ἔχει
715 2108 743 2134 δὲ
762 2107 833 2134 οὕτω
850 2107 882 2133 τὸ

87 2161 281 2197 γεγραμμένον
289 2158 408 2189 «Obstat;
415 2155 475 2184 εἷπε
490 2157 591 2193 Κύριος
602 2164 609 2170 ·
647 2155 710 2182 Ἐὰν
723 2155 801 2190 ὑμεῖς
813 2153 880 2180 δῶτε

86 2208 116 2234 τὸ
132 2207 281 2242 πρόσωπον
293 2205 370 2241 ὑμῶν
384 2206 424 2236 εἰς
441 2203 578 2238 Αἴγυπτον
595 2202 641 2228 καὶ
665 2200 805 2235 εἰσέλθητε
822 2200 881 2226 ἐκεῖ

87 2253 135 2280 τοῦ
166 2253 316 2283 κατοικεῖν,
335 2251 383 2277 καὶ
403 2250 489 2282 ἔσται,
506 2250 523 2284 ἡ
541 2247 662 2285 ῥομφαία
683 2248 717 2282 ἣν
734 2247 813 2282 ὑμεῖς
832 2253 881 2279 φο-
897 2268 919 2295 D

88 2298 180 2325 δεῖπθε
194 2297 250 2324 ἀπὸ
262 2296 409 2332 προσώπου
424 2296 519 2330 αὐτῆς,
531 2295 642 2330 εὐρήαει
662 2294 734 2327 ὑμᾶς
749 2293 777 2318 ὲν
797 2290 880 2325 Αἰγύ-

89 2353 175 2379 πτῳ.»
199 2342 310 2378 Ἐπειδὴ
324 2342 378 2377 γὰρ
392 2343 451 2373 ταῖς
464 2341 620 2375 Αἰγυπτίων
637 2338 808 2374 ἐπικουρίαις
821 2339 881 2364 ἐπι-

89 2390 277 2428 θαρσήσαντες
287 2388 466 2424 ἀντεφέροντο
479 2389 535 2418 τοῖς
549 2385 743 2416 Βαϐυλωνίοις,
753 2384 881 2419 ταύτῃτοι

88 2435 274 2471 λελυπημένοι
305 2434 375 2470 μετὰ
396 2433 445 2469 τὴν
464 2433 519 2460 τῶν
542 2431 738 2468 Ἱεροσολύμων
760 2430 808 2457 καὶ
831 2429 882 2464 τῆς

90 2481 248 2516 Σαμαρείας
261 2480 373 2512 ἅλωσιν,
391 2479 542 2515 ἐτράποντο
564 2477 634 2504 κατὰ
653 2477 708 2504 τῶν
725 2475 882 2509 Αἰγυπτίων

91 2529 115 2554 οἱ
138 2526 318 2558 Βαϐυλώνιοι,
340 2526 387 2552 καὶ
411 2525 530 2560 ἀμογητὶ
544 2524 714 2559 νενικήκασι,
738 2522 798 2548 τότε
815 2530 884 2556 συμ-

91 2572 192 2608 6ἐ6ηκε
207 2572 272 2603 τοὺς
296 2570 518 2606 περιλειφθέντας
535 2569 564 2602 ἐξ
584 2568 718 2596 Ἰουδαίων
734 2567 885 2594 συνδυόλλυ-

93 2619 154 2645 σθαι
176 2620 234 2649 τοῖς
253 2617 422 2651 Αἰγυπτίοις.
441 2617 472 2643 Ol
497 2616 525 2642 δὲ
552 2616 585 2650 δὴ
615 2616 757 2648 διαφυγεῖν
786 2613 835 2648 τὴν
855 2613 884 2639 ὲν

91 2665 223 2699 Αἰγύπτῳ
251 2663 439 2698 ταλαιπωρίαν
468 2663 636 2697 ἰσχύσαντες,
655 2660 730 2696 μόλις
756 2659 886 2686 ἐπέκεινα

92 2711 305 2746 δεδραμὴκασιν,
322 2709 369 2736 ἐπὶ
384 2709 433 2744 τὴν
451 2708 589 2744 Ἀρκάδων
605 2707 688 2738 ἰόντες
706 2705 807 2741 χώραν.
829 2705 885 2732 Καὶ

92 2757 130 2787 ὡς
141 2757 180 2788 εἰς
201 2756 280 2783 πόλιν
300 2755 478 2791 ὀχυρωτάτην
497 2754 674 2789 κατῳκήκασι
698 2752 746 2787 τὴν
760 2751 883 2786 Μέμφιν,

92 2802 139 2828 καὶ
152 2801 201 2836 τὴν
215 2802 280 2837 Mal
285 2801 350 2837 μὰς,
366 2800 447 2836 ἑτέρα
459 2801 487 2827 δὲ
497 2799 565 2835 αὕτη
582 2799 681 2833 γείτων
696 2806 746 2824 που
765 2797 882 2828 πάντως,

924 970 1030 1001 derant,
1042 969 1186 996 celebritas
1199 976 1257 996 mea
1273 969 1437 1004 peragetur?
1450 968 1542 1003 Itaque
1557 969 1714 996 solemnita-

925 1020 979 1042 tem
998 1023 1072 1042 suam
1087 1019 1166 1043 vocat
1182 1015 1263 1047 Deus,
1280 1020 1384 1050 tempus
1404 1015 1536 1046 videlicet,
1557 1023 1609 1050 quo
1631 1015 1712 1042 Israel

925 1068 1036 1088 suorum
1055 1061 1082 1087 in
1098 1061 1184 1096 ipsum
1199 1066 1370 1095 peccatorum
1386 1068 1480 1095 pinnas
1497 1061 1532 1088 sit
1547 1062 1668 1088 daturus.

961 1107 1139 1141 Quamobrem
1155 1107 1225 1140 quod
1244 1106 1369 1137 lubescit,
1382 1114 1434 1132 non
1449 1106 1610 1140 simpliciter
1626 1110 1653 1132 et
1671 1105 1712 1132 in-

925 1153 1095 1181 considerate
1108 1153 1320 1186 exsequendum,
1344 1155 1371 1177 et
1391 1151 1569 1185 praesentibus
1592 1152 1712 1185 gauden-

926 1199 986 1225 dum
1000 1201 1051 1229 est,
1064 1197 1086 1224 si
1101 1204 1150 1224 uos
1165 1197 1326 1230 cupiditates
1339 1201 1438 1223 nostra:
1459 1196 1491 1222 ad
1514 1196 1559 1222 Dei
1585 1195 1712 1223 olicnsam

925 1244 1098 1279 pertrahaut;
1116 1242 1163 1270 sed
1179 1242 1266 1269 futura
1288 1241 1377 1276 potius
1396 1241 1648 1273 circumspicientia,
1667 1247 1715 1266 cu—

926 1290 1093 1323 randumque
1108 1288 1212 1320 sedulo,
1231 1289 1268 1315 uti
1284 1288 1423 1322 suppliciis
1446 1287 1479 1313 ab
1502 1287 1571 1313 irato
1590 1286 1646 1312 Deo
1665 1286 1716 1311 im-

926 1335 1066 1362 mittendis
1081 1334 1230 1361 elabamur.
1248 1333 1294 1360 Sic
1307 1333 1379 1360 enim
1394 1333 1532 1367 sapientes
1545 1336 1573 1359 et
1589 1332 1715 1359 utilitatis

925 1385 1026 1408 nostrai
1040 1379 1157 1407 scientes
1171 1379 1282 1406 erimus.

962 1426 1043 1453 Vnns.
1060 1425 1087 1458 5,
1103 1424 1130 1452 6.
1156 1425 1267 1457 Propter
1291 1425 1340 1451 hoc
1365 1432 1422 1451 ecce
1453 1424 1527 1450 ibunt
1552 1431 1585 1450 ea:
1610 1423 1716 1449 miseria

926 1471 1046 1507 .zEgypli,
1057 1476 1081 1498 et
1091 1471 1212 1505 suscipiat
1225 1478 1268 1497 eos
1278 1470 1416 1505 Memphis,
1425 1475 1448 1497 et
1459 1469 1565 1503 sepeliet
1574 1477 1617 1496 eos
1627 1469 1718 1495 Much-

926 1527 992 1545 mas.
1016 1517 1160 1552 Argentum
1184 1517 1251 1544 enim
1276 1525 1366 1543 eorum
1391 1516 1512 1543 interitus
1539 1515 1718 1546 hwreditabit;

927 1565 1010 1600 spina:
1022 1565 1052 1592 in
1069 1564 1245 1592 tabernaculis
1260 1571 1360 1591 eorum.

964 1652 1078 1681 XCVIII.
1105 1652 1285 1680 Vastantibus
1310 1651 1461 1679 Samariam
1486 1649 1652 1685 Babyloniis,
1673 1648 1719 1684 qui

928 1699 1045 1734 clI'ugere
1066 1702 1220 1733 potuerunt,
1240 1698 1284 1725 vis
1309 1698 1336 1724 in
1360 1696 1507 1732 {Egyptum
1531 1698 1719 1731 penetrarunt.

929 1745 1054 1779 Quicum
1079 1749 1106 1772 et
1127 1745 1213 1778 ipsam
1234 1743 1460 1778 Hierosolymam,
1490 1741 1606 1769 Ieremia
1625 1741 1721 1768 vatici-

929 1795 1021 1822 nattlt‘,
1037 1793 1211 1821 evertissent,
1225 1789 1381 1823 paucissimi
1397 1788 1431 1815 de
1447 1787 1518 1814 tribu
1533 1786 1600 1814 Juda
1613 1786 1721 1813 ethn-

926 1836 1012 1868 jamin
1028 1835 1125 1867 relicti,
1145 1834 1172 1861 in
1188 1833 1335 1869 Egyptum
1353 1841 1382 1861 se
1397 1833 1585 1864 contulerunt;
1612 1831 1721 1858 tametsi

930 1882 1000 1909 Deus
1011 1888 1059 1916 per
1071 1880 1217 1908 Jeremiam
1248 1887 1377 1914 expresse
1399 1879 1496 1913 iubens
1524 1879 1640 1910 dixerat,
1666 1885 1721 1904 non

930 1935 991 1956 esse
1011 1927 1064 1954 illis
1084 1926 1171 1960 patria
1196 1925 1305 1953 deserta
1335 1925 1538 1960 ingrediendam
1563 1924 1720 1958 Egyptum,

930 1973 1111 2001 comminatus
1126 1972 1245 2004 insuper,
1263 1971 1285 1998 si
1310 1971 1335 1998 id
1349 1978 1377 1997 se
1400 1971 1508 1998 nolente
1531 1971 1669 2001 fecissent,
1694 1969 1722 1995 in

931 2019 1044 2051 similes,
1056 2021 1099 2045 aut
1113 2017 1196 2044 etiam
1211 2017 1351 2052 graviores
1367 2016 1536 2044 calamitates
1553 2016 1720 2042 incursurOS.

932 2067 978 2094 Sic
994 2070 1084 2092 autem
1099 2068 1141 2092 est
1154 2063 1188 2090 ad
1207 2063 1338 2090 verbum:
1356 2072 1365 2088 ‹
1380 2063 1425 2090 Sic
1440 2063 1508 2090 dixit
1525 2063 1652 2090 Dominus
1668 2070 1674 2088 ε
1693 2061 1722 2088 Si

932 2120 981 2140 vos
1001 2111 1129 2139 dederitis
1146 2109 1241 2136 faciem
1266 2113 1383 2136 vestram
1407 2110 1433 2136 in
1455 2108 1614 2144 Egyptum,
1628 2112 1654 2135 et
1681 2107 1722 2134 in-

931 2158 1016 2193 gressi
1043 2156 1148 2184 fueritis
1173 2155 1235 2182 illuc
1257 2158 1286 2181 ut
1311 2154 1453 2187 habitetis;
1479 2159 1507 2182 et
1537 2155 1599 2188 erit,
1618 2154 1722 2189 gladius

932 2211 1012 2237 quem
1030 2209 1077 2230 vos
1090 2200 1238 2228 formidatis
1252 2207 1267 2227 a
1287 2199 1356 2227 facie
1378 2199 1447 2234 ejus,
1475 2200 1595 2228 inveniet
1619 2207 1667 2228 vos
1695 2200 1722 2227 in

934 2248 1051 2283 Egypto
1067 2248 1100 2274 ⁵ο.
1122 2257 1131 2273 ι
1150 2246 1297 2281 Postquam
1313 2244 1386 2272 enim
1404 2245 1594 2281 Egyptiorum
1615 2245 1723 2273 auxiliis

934 2295 1004 2326 freti,
1022 2293 1177 2329 Babyloniis
1192 2292 1359 2324 restiterunt,
1375 2298 1461 2325 eaque
1475 2299 1504 2318 re
1521 2292 1619 2318 irritati
1636 2291 1724 2326 Baby-

934 2339 1009 2372 lonii,
1025 2338 1209 2372 Hierosolyma
1226 2342 1253 2364 ct
1267 2336 1389 2364 Samaria
1405 2335 1566 2370 subiugatis,
1592 2337 1617 2363 in
1641 2336 1725 2371 Egy-

935 2385 1006 2420 ptios
1020 2388 1173 2416 moverunt,
1189 2391 1222 2411 ac
1240 2383 1314 2410 nullo
1340 2382 1448 2417 negotio
1464 2381 1497 2409 de
1518 2382 1552 2409 iis
1576 2382 1726 2416 triumphas

938 2435 1008 2463 runt,
1033 2435 1089 2457 tum
1107 2429 1153 2464 qui
1168 2429 1309 2456 restabant
1323 2428 1406 2457 «ιυάιεί
1422 2428 1500 2456 simul
1515 2435 1575 2454 cum
1590 2427 1725 2462 Egyptiis

936 2477 1086 2512 perierunt.
1104 2475 1209 2508 Quibus
1225 2480 1316 2502 autem
1331 2474 1468 2502 miseriam
1486 2473 1639 2508 Egyptiam
1664 2474 1725 2508 ruga

937 2524 1023 2550 vitare
1040 2521 1126 2553 licuit,
1151 2521 1258 2548 tandem
1279 2521 1306 2547 in
1328 2520 1462 2548 Arcadum
1486 2519 1620 2554 regionem
1644 2526 1726 2546 vene-

938 2573 1011 2601 runt,
1027 2573 1054 2595 et
1066 2566 1211 2601 Memphim
1233 2566 1340 2598 urbem,
1365 2571 1396 2592 ut
1416 2565 1635 2597 munitissimam,
1652 2565 1726 2591 inco-

936 2615 1052 2648 luerunt,
1074 2614 1153 2649 130
1164 2612 1302 2639 Machmas
1317 2612 1380 2639 item
1396 2612 1476 2638 aliam
1498 2611 1600 2642 urbem,
1618 2614 1645 2637 et
1660 2610 1727 2637 vici-

936 2668 998 2687 nam
1020 2659 1110 2694 plane,
1134 2662 1162 2686 et
1189 2657 1300 2691 reliquis
1322 2656 1518 2684 ﬂorentior-em.
1548 2656 1583 2683 Ibi
1607 2662 1725 2690 quoque,

936 2705 1066 2732 confectis
1080 2703 1203 2731 videlicet
1220 2702 1306 2736 longis
1319 2701 1382 2728 vitae
1396 2701 1503 2735 spatiis,
1517 2701 1652 2738 obierunt,
1665 2707 1725 2726 cum

936 2750 963 2777 in
979 2749 1097 2777 Iudaeam
1112 2748 1211 2777 reverti
1232 2747 1427 2779 nequivissent.
1453 2745 1499 2773 Ait
1519 2753 1600 2780 porro
1620 2751 1726 2773 rursum

934 2794 1067 2825 Jeremias
1075 2795 1120 2823 his
1133 2793 1224 2823 verbis
1240 2801 1247 2820 :
1265 2802 1274 2819 ε
1295 2792 1407 2827 Propter
1418 2792 1470 2820 hoc
1485 2791 1525 2818 sic
1546 2791 1612 2820 dicit
1635 2790 1725 2819 Domi-

129 2882 149 2899 "
166 2889 307 2920 Eccli.xr.,
330 2888 377 2915 20.
416 2888 437 2904 η
459 2886 667 2923 Ephes.vr,12.
705 2881 978 2917 a"Jer.xt.,15,lti.
