1919 3042
169 162 222 191 210

678 163 708 190 S.
728 161 867 190 CYRILLI
885 161 1121 191 ALEXANDRINI
1140 163 1300 192 ARCIIIEP.

1746 163 1814 191 2:30

170 229 244 250 nus:
263 221 333 249 Ecce
356 229 405 257 ego
427 229 496 256 pono
519 221 614 250 iaciem
635 229 734 255 meam,
756 227 786 250 ut
806 223 958 258 disperdam

1022 224 1059 251 ιαὶ
1072 224 1126 251 τῶν
1142 224 1229 252 ἄλλων
1243 223 1430 259 ἐπισημοτέρα
1445 223 1530 255 πόλις.
1559 223 1633 249 Ἐκεῖ
1655 223 1702 249 καὶ
1722 231 1816 249 τετε-

169 276 265 296 omnes
280 268 396 302 reliquos
409 269 434 295 itt
457 267 585 304 Egypto,
609 273 636 295 et
653 269 750 296 cadent
768 269 793 295 in
813 268 912 303 gladio,
930 274 957 296 ct

171 315 196 341 in
212 314 284 342 fame
301 314 425 341 deﬁcient
450 321 464 340 a
486 321 568 347 parvo
588 322 672 350 usque
703 315 736 342 ad
763 322 900 349 magnum,
930 319 957 342 et

169 365 250 386 erunt
265 360 290 386 in
310 359 494 394 opprobrium,
516 365 543 387 et
561 360 586 387 in
611 361 799 395 perditionem,
816 364 842 388 et
856 361 882 387 in
900 368 957 387 ma-

169 405 351 431 ledictioncm.
371 405 402 431 Et
427 405 542 432 visitabo
569 413 651 440 super
676 407 802 434 sedentes
835 406 862 433 in
886 411 957 433 terra

168 449 286 484 IEgypti.
304 450 336 477 Et
351 457 402 477 tton
418 451 470 478 erit
491 451 610 478 salvatus
628 451 697 479 ullus
720 452 753 479 de
768 451 877 487 reliquis
889 451 957 479 Juda

169 495 405 529 peregrinantibus
420 497 444 522 in
467 500 538 522 terra
560 496 679 532 )Egypti,
705 502 735 524 nt
758 501 907 524 revertatur
931 496 957 524 in

170 545 269 567 terram
283 539 361 573 Jnda,
378 542 410 567 ad
430 549 509 575 quam
537 542 585 576 ipsi
607 547 717 576 sperant
741 542 880 570 animabus
903 542 958 569 suis

169 584 269 611 reverti
287 584 360 612 illnc.
377 584 434 612 Non
453 591 624 612 revertentur
640 585 672 612 ⁸¹.
695 595 704 612 ι
727 586 811 613 Audis
838 591 958 614 mortuos

170 637 230 657 esse
246 631 270 656 in
285 630 413 665 Egypto,
431 632 510 658 etiam
525 631 578 659 illic
593 632 683 659 divina
702 639 749 660 eos
775 632 876 659 ultione
898 639 959 666 per-

171 675 321 710 sequente?
336 676 403 702 Cum
421 676 502 711 igitur
517 677 625 704 miseria
643 677 669 703 in
684 677 801 712 Egypto
814 677 958 710 declinata,

173 720 327 754 Memphim,
343 725 371 748 ut
384 721 410 748 in
428 722 520 749 urbem
540 722 697 756 praeclaram
714 722 883 754 advenerim,
897 731 959 750 sus~

171 767 253 800 cipiet
270 768 377 801 quidem
398 775 462 799 eos;
491 760 675 795 verumtamen
696 768 721 795 in
740 767 879 796 Machmas
903 776 961 796 mo-

173 812 287 839 rientur.
299 813 353 840 lloc
363 813 434 840 enim
444 813 495 840 sibi
505 813 570 845 vult,
587 813 719 846 «Sepelict
730 820 776 840 eos
785 813 933 841 Machmas.
947 823 956 840 ι

172 857 304 890 Quocirca
323 858 420 885 infesto
437 858 501 889 Deo.
523 866 601 886 nemo
623 858 753 893 periculis
774 859 902 894 agitatum
926 859 960 886 ad

172 903 287 932 salutent
302 904 441 938 pristinam
464 904 615 937 revocabit;
639 905 685 931 sed
701 893 863 940 quocunque
883 905 961 933 iverit
977 893 997 919 Β

172 948 316 983 quispiam,
343 949 402 984 ejus
422 949 489 976 iram
515 950 680 984 experietur.
710 950 743 978 Et
766 951 821 978 hzcc
850 951 958 986 quidem

173 994 238 1028 ipsis
252 994 277 1020 in
292 994 409 1029 [Ευμιο
425 994 514 1022 futura
534 1001 636 1023 narrat.
654 995 786 1029 Quoniam
801 1003 864 1024 vero
877 997 958 1023 etiam

173 1047 189 1067 e
203 1039 304 1067 divitiis
317 1041 374 1067 suis
392 1047 453 1067 eum
467 1040 645 1074 oiiendcrunt,
663 1050 672 1067 ι
691 1041 838 1076 Argentum
848 1043 919 1068 enim
933 1047 960 1069 et

173 1093 268 1112 aurum
281 1093 358 1113 suum
372 1085 495 1113 fecerunt
511 1086 561 1114 sibi
577 1086 646 1114 idola
663 1086 696 1119 ",
714 1096 724 1112 ι
743 1087 839 1122 inquit,
861 1087 963 1115 idcirco

174 1131 260 1165 ipsum
273 1131 335 1165 jure
353 1132 477 1159 interitus
493 1132 672 1164 hatreditabit,
690 1134 740 1159 hoc
754 1137 806 1164 est,
829 1140 889 1160 sors
911 1133 964 1160 erit.

173 1178 305 1205 vastatori
321 1187 328 1205 :
346 1178 484 1205 interitum
508 1177 580 1205 enim
613 1182 692 1205 vocat
707 1177 859 1213 Assyrium,
874 1182 903 1205 ut
918 1178 963 1212 qui

174 1222 248 1250 ferus
261 1228 288 1250 et
302 1223 418 1250 crudelis
435 1224 461 1250 in
478 1223 662 1250 exscindendo
685 1223 885 1258 praeliandoqne
906 1223 964 1251 fue-

174 1268 219 1296 rit.
237 1268 424 1296 Produeentur
438 1273 528 1295 autent
545 1273 572 1295 et
587 1277 596 1293 «
613 1268 708 1302 spinae,
724 1268 819 1303 inquit,
834 1269 859 1295 in
874 1269 963 1296 taber-

175 1313 279 1341 naculis
291 1321 395 1340 eorum.
412 1323 422 1339 ›
439 1313 478 1340 Ad
493 1319 594 1341 tantam
611 1314 709 1348 quippe
726 1314 899 1341 solitudinem
922 1322 964 1342 re-

175 1359 260 1386 dactae
277 1364 339 1386 sunt
351 1359 441 1392 urbes,
457 1364 486 1386 ut
502 1360 585 1394 spinis
599 1359 780 1394 replerentur,
794 1360 864 1394 quod
885 1365 964 1387 terra:

175 1403 253 1431 invia:
266 1408 294 1431 et
311 1404 438 1431 desolata:
452 1405 556 1439 signum
575 1408 627 1431 est.

1007 269 1167 305 λευτήκασι,
1185 270 1307 305 μακροὺς
1318 269 1440 304 δηλονότι
1455 269 1661 300 διατελέσαντες
1673 268 1814 303 χρόνους,

1008 315 1191 350 ὑπονοστῆσαὶ
1216 324 1245 341 τε
1273 315 1310 350 μὴ
1336 315 1496 350 δυνηθέντες
1525 315 1565 345 είς
1587 314 1634 348 τὴν
1656 314 1814 341 Ἰουδαίαν.

1010 361 1082 395 Ἔφη
1106 360 1134 386 δὲ
1158 360 1229 386 οὕτω
1256 360 1335 386 πάλιν
1350 360 1364 385 ὁ
1379 360 1522 395 προφήτης
1549 358 1691 394 Ἱερεμίας·
1718 368 1727 384 ί
1755 359 1817 384 Διὰ

1008 405 1086 432 τοῦτο
1114 405 1199 436 οὕτως
1223 403 1284 431 εἷπε
1306 404 1425 440 Κύριος·
1451 404 1515 430 Ἰδοὺ
1536 404 1590 437 ἐγὼ
1612 403 1748 437 ἐφίστημι
1778 403 1817 429 τὸ

1009 451 1152 486 πρόσωπόν
1170 460 1231 486 μου,
1251 450 1298 477 τοῦ
1321 450 1451 477 ἀπολέσαι
1474 450 1579 481 πάντας
1594 450 1656 480 τοὺς
1672 449 1816 476 καταλοί-

1009 505 1077 528 πους
1100 496 1164 528 τοὺς
1188 497 1216 522 ἐν
1241 496 1382 532 Αἰγύπτῳ,
1401 496 1448 523 καὶ
1463 496 1586 521 πεσεῖται
1611 495 1640 521 ἐν
1664 494 1812 530 ῥομφαίᾳ,

1009 542 1056 568 καὶ
1071 543 1099 568 ἐν
1116 541 1187 577 λιμῷ
1202 542 1372 577 ἐκλείψουσιν
1392 541 1446 568 ἀπὸ
1470 540 1568 576 μικροῦ
1595 540 1647 571 ἐως
1667 539 1812 575 μεγάλου,

1009 587 1057 613 καὶ
1070 586 1175 614 ἔσονται
1191 588 1231 618 εἰς
1240 587 1402 622 ὀνειδισμὸν,
1416 587 1464 613 καὶ
1481 587 1520 618 εἰς
1532 585 1681 613 ἀπώλειαν,
1697 584 1748 611 καὶ
1766 585 1813 615 εἰς

1009 632 1141 667 κατάραν.
1165 633 1219 659 Καὶ
1235 632 1419 667 ἐπισκέψομαι
1440 631 1485 657 ἐπὶ
1501 631 1565 661 τοὺς
1583 629 1759 664 καθημένους
1779 630 1812 655 ἐν

1009 680 1044 714 γῇ
1061 678 1200 713 Αἰγύπτῳ.
1217 678 1272 704 Καὶ
1289 678 1338 704 οὐκ
1353 677 1430 704 ἔσται
1452 677 1621 712 σεσωσμένος
1638 676 1727 707 οὐδεὶς
1748 675 1813 701 τῶν

1010 723 1157 750 ἐπιλοίπων
1175 723 1272 754 Ἰούδα,
1284 723 1338 750 τῶν
1352 723 1556 758 παροικούντων
1570 724 1599 749 ἐν
1610 724 1645 758 γῇ
1657 721 1811 755 Αἰγύπτῳ,

1010 768 1056 794 τοῦ
1073 767 1236 803 ἐπιστρέψαι
1253 769 1292 800 είς
1309 768 1361 802 γῆν
1383 768 1478 801 Ἰούδα,
1505 768 1545 802 ἐφ’
1560 768 1593 802 ἢν
1620 766 1695 793 αὐτοὶ
1724 765 1812 792 ἐλπί-

1011 813 1086 845 ζουσι
1100 814 1160 844 ταίς
1178 813 1276 848 ψυχαῖς
1298 812 1387 839 αὐτῶν
1414 814 1461 839 τοῦ
1485 813 1648 848 ἐπιστρέψαι
1668 813 1738 838 ἐκεῖ.
1768 811 1811 837 Οὑ

1013 858 1050 893 μὴ
1068 857 1279 893 ἐπιστρέψωσιν.
1302 866 1310 882 ι
1336 857 1457 889 Ἀκούεις
1474 857 1515 884 ὅτι
1530 857 1761 891 τετελευτήκασιν
1779 855 1812 881 ἐν

1013 903 1153 938 Αἰγύπτῳ,
1169 903 1249 929 κάκεῖ
1259 904 1308 938 τῆς
1320 902 1395 934 θείας
1409 903 1500 934 αὐτοῖς
1512 902 1596 938 ὀργῆς
1614 900 1810 936 ἐπενηνεγμέ-

1014 956 1080 982 νης;
1096 948 1179 974 Ὅταν
1194 948 1285 975 τοίνυν
1295 948 1344 983 τὴν
1361 949 1390 974 ἐν
1404 948 1534 982 Αἰγύπτῳ
1548 947 1735 982 ταλαιπωρίαν
1753 954 1812 972 πα·-

1014 994 1197 1030 ραιτούμενοι,
1214 994 1341 1030 καθάπερ
1359 995 1397 1026 είς
1417 995 1551 1029 ἐπίσημον
1573 994 1649 1021 πόλιν
1663 994 1814 1028 ἀφίκοιντο

1012 1041 1062 1076 τὴν
1077 1040 1197 1075 Μέμφιν,
1211 1040 1350 1072 ἐκδέξεται
1368 1040 1418 1076 μὲν
1431 1040 1541 1072 αὐτοὺς,
1552 1039 1622 1076 πλὴν
1637 1040 1665 1065 ἐν
1682 1038 1812 1073 Μαχμὰς

1010 1085 1193 1121 τεθνήξονται.
1206 1086 1291 1112 Τοῦτο
1303 1086 1356 1122 γὰρ
1366 1086 1406 1118 τὺ,
1422 1096 1430 1112 ι
1445 1085 1530 1120 eid/et.
1540 1086 1637 1116 αὐτοὺς
1649 1085 1784 1119 Μαχμόις.
1797 1092 1808 1108 ι

1014 1132 1097 1158 Ὅταν
1115 1132 1205 1158 τοίνυν
1222 1131 1308 1168 διώκῃ
1322 1132 1399 1164 Θεὸς,
1421 1131 1509 1163 οὐδεὶς
1529 1130 1664 1158 ἀνασώσει
1680 1131 1727 1156 τὸν
1754 1139 1813 1156 κινε-

1012 1176 1167 1209 δυνεύοντα,
1178 1176 1235 1204 ἀλλ’
1251 1177 1369 1213 ἔνθαπερ
1381 1177 1413 1204 ἂν
1428 1177 1463 1203 ἴοι
1475 1186 1527 1209 τις,
1543 1178 1602 1203 ἐκεῖ
1616 1176 1812 1211 περιτεύξεται

1014 1222 1053 1258 τῷ
1068 1222 1156 1257 θυμῷ.
1174 1222 1230 1249 Καὶ
1247 1223 1326 1250 ταυτὶ
1346 1223 1394 1258 μὲν
1410 1223 1502 1254 αὐτοῖς
1515 1223 1544 1249 ὲν
1559 1221 1690 1257 Αίγύπτῳ
1704 1221 1812 1256 συμῦήι

1016 1267 1109 1294 σεσθαι
1126 1267 1211 1302 λέγει.
1229 1268 1339 1304 Ἐπειδὴ
1359 1268 1387 1295 δὲ
1404 1269 1451 1295 καὶ
1476 1270 1531 1300 τοῖς
1560 1269 1589 1300 ἐξ
1610 1268 1674 1295 ἰδίου
1690 1267 1810 1294 πλούτου

1015 1313 1197 1348 λελυπήκασι,
1218 1324 1227 1340 ι
1245 1315 1282 1340 Τὸ
1293 1315 1347 1350 γὰρ
1358 1315 1490 1349 ἀργύριον
1507 1315 1608 1347 αὐτῶν,
1631 1314 1678 1341 καὶ
1689 1314 1719 1340 τὺ
1741 1323 1810 1350 χρυ-

1017 1359 1074 1386 σίον
1089 1359 1221 1395 ἐποίησαν
1241 1360 1347 1392 ἑαυτοῖς
1370 1361 1478 1392 εἴδωλα,
1499 1371 1508 1386 ι
1533 1363 1609 1395 φησι,
1623 1360 1755 1395 ταύτῃτοι
1768 1359 1809 1385 δι-

1016 1405 1101 1436 καίως
1115 1405 1176 1432 ὗλεο
1180 1415 1225 1441 ρος
1237 1406 1318 1433 αὐτὸν
1329 1406 1540 1442 κληρονομήσει,
1554 1406 1688 1437 τουτέστι,
1704 1405 1757 1440 κλῆ
1763 1414 1810 1440 ρος

175 1449 251 1477 ἔσται
277 1449 316 1485 τῷ
341 1450 498 1485 ὀλοθρευτῇ.
530 1451 659 1486 Ὀλεθρον
686 1451 741 1486 γὰρ
770 1450 903 1477 ἀποκαλεῖ
920 1450 966 1477 τὺν
985 1451 1140 1486 ’Λσσὺριον,
1172 1451 1209 1484 ὡς
1228 1452 1331 1487 ἀγρίως
1346 1461 1386 1485 τε,
1420 1453 1466 1479 καὶ
1480 1454 1591 1487 ἀπηνῶς
1615 1453 1743 1479 ἀνελόντα
1763 1448 1812 1479 καὶ

176 1497 377 1533 μεμαχημένον.
400 1497 593 1531 ’Δναφύσονται
624 1498 652 1524 δέ
666 1500 712 1525 καὶ
729 1507 739 1523 ι
761 1497 904 1527 Ἀκανθαι,
937 1497 1029 1532 φησὶν,
1044 1498 1073 1524 ἐν
1102 1499 1159 1528 τοῖς
1181 1499 1358 1534 σκηνώμασιν
1390 1499 1490 1526 αἰτῶν.
1509 1509 1518 1524 ι
1535 1499 1669 1534 Ἐρημίας
1687 1499 1741 1534 γὰρ
1763 1499 1806 1530 si;

173 1542 254 1570 τοῦτο
265 1544 468 1579 κατηντήκασιν
483 1544 510 1571 αἱ
526 1544 628 1577 πόλεις,
641 1544 677 1576 ὡς
701 1543 828 1571 ἀκανθῶν
855 1542 982 1578 γενέσθαι
1003 1544 1114 1578 μεστάς.
1130 1544 1247 1579 Σημεῖον
1275 1544 1302 1571 δὲ
1319 1544 1398 1570 τοῦτο
1415 1545 1466 1580 γῆς
1482 1544 1584 1571 ἀϐάτου
1601 1545 1647 1571 καὶ
1662 1552 1800 1579 κεχερσω-
1815 1552 1818 1581 ί

176 1589 270 1625 μένης-

210 1634 323 1669 Quando
332 1635 412 1670 igitur
419 1635 498 1663 bonis
507 1640 551 1662 aut
561 1635 755 1670 corporalibus,
766 1640 811 1663 aut
819 1635 967 1671 spirituali-
980 1638 1002 1667 c

175 1681 225 1709 bus
233 1689 247 1708 a
261 1681 316 1708 Deo
323 1681 499 1716 snppeditatis
508 1682 640 1716 quispiam
651 1690 700 1709 nec
711 1687 794 1713 recte,
801 1689 851 1708 nec
859 1681 893 1708 ad
906 1681 965 1716 ejus

176 1726 290 1760 gloriam
301 1726 396 1758 utitur,
415 1725 478 1752 facit
498 1732 585 1752 autem
601 1726 669 1753 citra
692 1726 772 1753 ullam
796 1725 963 1759 religionem,

177 1769 276 1804 quibus
293 1777 354 1796 eum
366 1769 503 1797 oﬂettdere
516 1775 541 1796 ct
562 1770 669 1797 irritare
681 1771 866 1803 convincatur,
882 1770 966 1797 abibit

176 1815 204 1842 in
218 1815 341 1848 exitium,
355 1816 459 1850 eritque
474 1817 608 1850 peculium
619 1816 772 1850 diripientis
796 1816 914 1848 Satame,
939 1821 965 1844 et

177 1860 316 1894 spinarum
340 1861 518 1894 domicilium,
539 1862 697 1888 immanium
723 1862 825 1889 scilicet
854 1868 881 1889 et
904 1869 964 1888 cum

179 1907 283 1933 ratione
307 1906 484 1942 pugnantium
506 1907 694 1941 cupiditatum,
718 1911 746 1934 et
767 1907 871 1934 fructus
888 1906 966 1934 mites

180 1951 206 1978 in
223 1950 314 1977 animo
326 1958 375 1978 suo
387 1958 438 1977 non
456 1951 573 1978 habebit.
592 1951 731 1985 Contingit
743 1951 802 1983 hoc,
818 1955 845 1978 et
857 1950 965 1985 quidem

177 1996 311 2024 haereticis
327 2000 389 2023 ante
402 2004 507 2029 omnes,
522 1997 742 2031 qui'sermonem
762 1996 842 2030 impie
863 1997 889 2023 in
910 1996 966 2022 l‘ra-

179 2042 265 2068 tribus
286 2041 500 2075 corrumpendis,
523 2041 599 2076 131
621 2046 647 2069 et
662 2041 768 2068 inﬁrma
787 2049 880 2068 eorum
901 2049 967 2068 con-

180 2087 293 2114 scientia
309 2087 481 2121 percutienda
501 2092 674 2120 consumunt,
700 2088 823 2122 quamvis
844 2087 967 2115 Christus

179 2140 229 2168 pro
244 2133 320 2160 nobis
333 2138 454 2160 mortuus
468 2133 513 2160 sit.

215 2177 297 2206 Vnus.
311 2178 336 2204 7.
360 2178 490 2206 Venerunt
506 2179 560 2206 dies
574 2179 695 2210 ultionis,
711 2183 833 2205 uenerunt
847 2178 901 2205 diu
918 2179 968 2205 tri-

179 2225 322 2252 bulatiottis
337 2231 399 2257 tuaa,
414 2230 438 2252 et
451 2225 579 2260 aﬂligelur
591 2224 675 2251 Israel
688 2225 756 2251 sicut
765 2225 890 2259 prop/tcta
902 2226 968 2252 insa-

180 2270 262 2302 niens,
275 2270 351 2297 homo
366 2270 411 2304 qui
421 2270 497 2296 habet
511 2270 642 2303 spiritum.

216 2358 309 2387 XCIX.
326 2358 454 2386 Solebant
464 2357 593 2385 Israelitae
608 2361 761 2385 sanctorum
775 2358 967 2392 prophetarum

181 2412 320 2432 sermones
342 2405 494 2439 repudiare,
511 2409 625 2438 quaeque
647 2411 663 2430 a
681 2403 735 2430 Deo
759 2405 967 2437 mandabantur,

182 2458 230 2485 pro
245 2451 330 2478 nihilo
343 2455 448 2485 putare,
468 2456 624 2483 quanquam
639 2449 719 2476 toties
733 2449 785 2477 illis
804 2450 872 2476 mala
888 2458 969 2478 even.

182 2502 243 2524 tura
257 2497 438 2531 praedixisset.
452 2495 544 2529 itaque
560 2493 658 2522 alicubi
673 2495 829 2529 prophetam
840 2496 969 2523 Ezechie-

183 2542 237 2571 lem
258 2542 299 2569 sic
317 2541 459 2576 compellat
486 2548 492 2566 :
515 2550 524 2565 ‹
550 2540 600 2567 Fili
633 2540 760 2572 hominis.
790 2548 853 2568 ecce
875 2542 970 2569 domus

135 2606 138 2609 -
182 2587 263 2615 Israel
276 2593 455 2620 exasperatis;
470 2585 591 2613 dicentes
604 2586 696 2613 dicunt
709 2595 716 2613 :
735 2586 807 2614 Visio
824 2594 904 2621 quam
919 2587 970 2614 iste

184 2633 267 2664 videt,
285 2632 311 2658 in
329 2631 386 2658 dies
402 2629 510 2664 multos,
525 2635 552 2658 et
568 2631 595 2658 in
611 2635 731 2666 tempora
751 2631 827 2666 longa
841 2632 892 2659 iste
907 2639 969 2666 pro-

183 2680 286 2714 phetat.
297 2678 442 2712 Propterea
454 2677 496 2704 dic
511 2678 544 2705 ad
560 2685 606 2705 eos
623 2687 629 2705 :
647 2677 709 2705 Hice
721 2678 786 2705 dicit
797 2677 899 2705 Adonai
919 2677 970 2703 Do-

184 2723 274 2758 minus
290 2731 297 2749 :
311 2722 368 2749 Non
378 2722 605 2757 prolongabuntur
615 2722 685 2749 ultra
698 2723 789 2750 omnia
802 2722 882 2750 verba
898 2729 968 2756 mea,

184 2775 351 2803 quaacnnque
368 2768 472 2796 locutus
491 2768 576 2795 fuero.
594 2767 662 2800 Quia
687 2766 781 2801 loquar
802 2767 924 2799 verbum,
942 2772 969 2795 et

218 2850 238 2866 ³¹
258 2858 355 2887 Jcrcm.
374 2867 445 2892 thv,
463 2859 552 2886 ll-lvl.
593 2859 614 2874 δ’
629 2857 696 2885 Orcc
714 2856 810 2890 “11,1.

1054 1631 1138 1658 Ὅταν
1155 1631 1243 1658 τοίνυν
1261 1633 1317 1664 τοῖς
1334 1631 1410 1667 παρὰ
1425 1631 1492 1658 Θεοῦ
1517 1632 1632 1659 δοθεῖσιν
1655 1633 1776 1665 ἀγαθοῖς,
1791 1633 1808 1668 ἦ

1017 1678 1193 1710 σωματικοῖς,
1210 1677 1226 1712 ἢ
1242 1679 1436 1712 πνευματικοῖς
1453 1678 1490 1713 μὴ
1503 1677 1534 1712 δὴ
1551 1678 1639 1712 χρῷτό
1654 1687 1696 1710 τις
1710 1679 1806 1713 ὀρθῶς,

1017 1722 1085 1757 μήτε
1102 1723 1155 1757 μὴν
1168 1723 1208 1754 είς
1220 1722 1298 1755 δόξαν
1318 1722 1412 1755 αὑτοῦ,
1427 1723 1542 1758 πράττοι
1557 1724 1585 1749 δὲ
1601 1724 1808 1759 ἀπερισκέπτως

1015 1768 1050 1794 τὰ
1062 1767 1096 1793 δι’
1113 1764 1150 1794 ὧν
1167 1767 1198 1794 ἂν
1213 1769 1390 1804 προσκρούοι,
1403 1769 1450 1795 καὶ
1461 1769 1598 1796 ἁλίσκοιτο
1606 1770 1709 1802 λυπῶν,
1719 1779 1807 1797 κατοι-

1015 1813 1130 1848 χήσεται
1147 1813 1196 1848 μὲν
1211 1813 1249 1845 εἰς
1262 1813 1381 1848 ὖλεθρον,
1395 1814 1471 1840 ἔσται
1485 1814 1513 1840 δὲ
1527 1815 1620 1850 κλῆσις
1632 1816 1678 1842 τοῦ
1692 1808 1816 1854 διαμπάξ

1017 1858 1109 1889 (av-to;
1138 1859 1255 1891 Σατανᾶ,
1284 1859 1331 1885 καὶ
1356 1859 1477 1894 ἀκάνθης
1512 1860 1677 1895 ἐναύλισμα,
1704 1862 1806 1897 ἀγρίων

1016 1902 1149 1936 δηλονότι,
1159 1903 1206 1929 καὶ
1222 1904 1344 1930 ἐκτόπων
1361 1903 1515 1938 ἐπιθυμιῶν
1525 1910 1531 1917 ·
1553 1905 1600 1931 καὶ
1610 1906 1732 1939 καρποὺς
1741 1906 1805 1940 ὴμέ-

1018 1957 1081 1983 ρους
1094 1949 1141 1975 οὐκ
1156 1948 1189 1975 ἂν
1204 1949 1260 1984 ἔχοι
1273 1949 1342 1975 κατά
1357 1949 1402 1975 τὸν
1422 1948 1493 1975 νοῦν.
1513 1949 1628 1976 Πάθοιεν
1640 1950 1661 1976 δ’
1681 1950 1714 1977 ἂν
1729 1951 1804 1977 τοῦτο

1017 1995 1065 2020 καὶ
1077 1995 1129 2029 πρό
1141 2004 1173 2029 γε
1181 1996 1236 2021 τῶν
1246 1996 1333 2022 ἄλλων
1345 1995 1490 2030 αίρετικοὶ,
1504 1996 1553 2031 τὴν
1565 1997 1611 2022 τοῦ
1624 1996 1704 2030 λόγου
1714 1998 1802 2032 χρείαν

1016 2040 1189 2071 δαπανῶντες
1211 2041 1347 2073 δυσσεϐῶς
1371 2043 1410 2074 είς
1433 2043 1464 2068 τὸ
1486 2042 1637 2078 παραλύειν
1661 2043 1803 2077 ἀδελεξοὺς,

1018 2085 1065 2110 καὶ
1081 2085 1192 2112 τύπτειν
1203 2087 1292 2113 αὐτῶν
1306 2087 1472 2114 ἀσθενοῦσαν
1485 2089 1534 2123 τὴν
1548 2088 1710 2124 συνείδησιν,
1722 2089 1804 2115 καίτοι

1018 2131 1138 2166 Χριστοῦ
1153 2132 1285 2164 παθόντος
1304 2134 1374 2169 ὑπὲρ
1386 2134 1475 2169 ἡμῶν.
1515 2143 1519 2146 ·

1056 2177 1189 2204 Ἦκασιν
1205 2180 1235 2205 αἱ
1251 2179 1357 2213 ἡμέραι
1385 2179 1439 2214 τῆς
1466 2180 1667 2215 ἐκδικήσεως,
1699 2181 1804 2215 ﬂamon-

1018 2223 1048 2249 αἱ
1062 2223 1167 2258 ἡμέραι
1182 2223 1236 2258 τῆς
1248 2225 1478 2257 ἀνταποδόσεώς
1502 2234 1570 2256 σου,
1599 2226 1648 2252 καὶ
1675 2226 1802 2258 κακωθῆ-

1019 2274 1105 2294 σεται
1125 2268 1242 2301 Ἰσραὴλ
1262 2269 1363 2302 ὥσπερ
1390 2271 1406 2296 ὁ
1427 2270 1582 2303 προφήτης
1599 2271 1615 2295 ὁ
1629 2270 1803 2304 παρεξεστη-

984 2316 1006 2343 D
1021 2314 1089 2346 κὼς,
1107 2313 1262 2347 ἅνθρωπος
1273 2316 1289 2341 ὁ
1302 2315 1555 2349 πνευματορόρος.

1056 2358 1112 2392 ιιθι.
1126 2359 1206 2391 Ἐθος
1219 2357 1252 2394 ἦν
1269 2361 1325 2391 τοῖς
1341 2360 1370 2392 ἐξ
1389 2361 1497 2397 Ἰσραὴλ
1509 2362 1572 2392 τοὺς
1585 2361 1637 2388 τῶν
1649 2361 1734 2395 ἀγίων
1743 2369 1801 2396 προ-

1021 2404 1116 2439 φητῶν
1134 2404 1310 2431 ἀποσείεσθαι
1328 2405 1435 2439 λόγους,
1466 2406 1512 2432 καὶ
1533 2405 1609 2432 οὐδὲν
1637 2405 1757 2440 ἡγεῖσθαι
1773 2405 1802 2431 τὰ

1022 2449 1098 2484 παρὰ
1112 2449 1192 2481 Θεοῦ,
1208 2451 1299 2476 καίτοι
1316 2450 1445 2482 πολλάκις
1461 2451 1501 2478 ὅτι
1521 2451 1617 2477 παθεῖν
1632 2451 1722 2482 αὐτοῖς
1741 2459 1801 2485 συμ-

1023 2494 1137 2529 6ήσεται
1154 2495 1188 2521 τὰ
1206 2495 1281 2522 δεινὰ
1306 2496 1562 2531 περιηγορευκότος·
1586 2497 1632 2522 καὶ
1646 2496 1710 2530 γοῦν
1726 2498 1738 2522 ὁ
1754 2496 1800 2522 τῶν

1022 2541 1091 2568 ὅλων
1102 2541 1168 2573 Θεὸς
1179 2542 1397 2577 προσπεφώνηκέ
1414 2551 1464 2568 που
1482 2542 1520 2577 τῷ
1533 2543 1659 2577 προφήτῃ
1675 2541 1798 2576 Ὶεζεχιὴλ,

1019 2587 1115 2621 λέγων·
1136 2596 1146 2613 ι
1162 2587 1211 2614 Υίέ
1224 2587 1378 2622 ἀνθρώπου,
1397 2587 1451 2614 ἰδοὺ
1468 2587 1482 2613 ὁ
1509 2586 1582 2618 οἶκος
1604 2587 1710 2622 Ἰσραὴλ
1729 2588 1798 2613 ὀπα-

1021 2633 1218 2668 ραπικραίνων,
1234 2633 1358 2667 λέγοντες
1373 2633 1508 2667 λέγουσιν’
1527 2634 1558 2659 Ἦ
1577 2634 1669 2669 ὅρασις
1683 2633 1715 2667 ἢν
1730 2629 1797 2665 οὗτος

1019 2679 1081 2713 ὁρᾷ,
1100 2679 1139 2710 είς
1163 2678 1270 2714 ἡμέρας
1293 2679 1403 2711 πολλὰς,
1434 2680 1480 2706 καὶ
1496 2681 1537 2710 είς
1560 2679 1671 2714 καιροὺς
1689 2680 1798 2714 μακροὺς

1022 2721 1100 2755 οὗτος
1111 2725 1287 2760 προφητεύει.
1297 2726 1345 2752 Διά
1359 2725 1437 2752 τοῦτο
1452 2725 1528 2752 εἰπὸν
1542 2725 1609 2760 πρὸς
1620 2725 1728 2756 αὐτούς·
1741 2726 1796 2752 Τάδε

1020 2771 1096 2804 λέγει
1116 2771 1228 2798 ’Λδωναῖ
1254 2771 1380 2807 Κύριος·
1401 2772 1438 2798 Οὐ
1470 2771 1506 2807 μὴ
1536 2771 1693 2807 μηκύνωσιν
1721 2771 1797 2798 οὐκέτι
