1919 3042
79 171 120 199 92f
538 179 811 212 COMMENTARIUS
832 184 864 212 IN
885 186 999 216 OSSA.“
1019 189 1237 221 PROPIIETAM.

1654 198 1706 226 2Ξὲ

81 228 173 260 πάντες
184 230 210 255 οἱ
225 230 305 265 λόγοι
330 242 394 268 μου,
412 234 458 267 οὓς
485 235 518 262 ἂν
545 237 663 273 λαλήσω.
680 239 739 266 Ὅτι
764 240 870 276 λαλήσω

81 275 150 287 λὶλιη..
175 283 222 287 -.-ι
241 286 270 287 7,
294 278 302 287 Ι
370 279 379 287 ι
394 280 399 287 ι
462 281 482 287 ι.
494 282 505 287 μ
563 283 571 287 ι
600 285 619 287 ..
634 284 638 287 .
764 286 784 287 7

925 245 1029 276 faciam.
1044 248 1108 276 dicit
1123 249 1226 277 Adonai
1243 252 1370 279 Dominus
1386 252 1418 280 ⁸³.
1436 238 1450 278 ι»
1460 252 1524 280 Tale
1537 253 1662 287 quiddam
1679 260 1706 281 et

80 275 161 309 λόγον,
175 283 225 302 και
239 278 359 313 ποιήσω,
370 279 445 314 λέγει
462 281 573 309 ’Λδωναῒ
600 284 710 318 Κύριος.
731 296 741 312 ι
764 286 872 314 Τοιοῦτό

80 321 178 369 sti—(pact
198 323 333 352 κάνθάδε.
363 336 372 352 ι
393 328 494 354 ’Ἡκασι
510 329 574 365 γὰρ,
597 332 688 366 φησὶν,
711 334 738 359 αἱ
768 335 871 369 ἡμέραι

135 368 319 415 ἐκδικήσεως.
334 381 342 397 ι
357 373 468 408 Ὅμοιον
484 375 521 406 ὡς
533 377 556 402 εἰ
572 376 657 410 λέγοι,
669 379 750 412 ἐγγὺς
762 367 852 415 ήγδίκη
862 401 870 414 ,

81 414 123 461 και
133 414 175 440 ἐπ’
186 415 286 461 αὐταῖς
298 418 348 453 ἤδη
360 418 457 454 θύραις
469 421 482 446 6
497 420 582 455 ἀγὼν,
594 423 691 455 γείτων
702 425 718 459 ἡ
733 414 870 461 συμφορὰ,

82 459 124 485 καὶ
136 461 164 486 ἐν
181 460 337 495 ὀερθαλμοῖς
357 464 371 490 6
387 464 513 500 πόλεμος.
542 466 699 501 Ἐνέστηκεν
713 470 729 504 ὴ
748 469 796 505 τῆς
810 459 872 497 ἀντ-

81 505 233 538 αποδὸςεως
262 508 364 544 ἡμέρα.
396 510 566 546 Κακουμένῳ
598 513 626 538 δέ
660 515 829 550 σοι,-φησὶν,
848 514 870 543 ὦ

87 551 203 597 Ὶειρςιῆλ,
214 555 462 589 συγκακωθήσεται
479 558 598 590 πάντως,
613 560 660 586 καὶ
673 560 702 586 ἐν
714 560 764 596 ἴσῳ
776 562 870 597 τρόπῳ

83 595 188 629 μεθέξει
206 598 256 633 τῆς
274 599 363 635 δίκης,
377 602 391 627 ό
415 603 468 633 πᾶς
490 604 519 628 ὲν
546 603 587 630 σοὶ
604 595 836 642 ψευδοπροφήτῆς,

82 642 292 678 παρεξεστηκὼς
322 645 474 680 ἅνθρωπος,
487 649 634 681 τουτέστιν,
662 651 676 676 ό
704 650 797 684 ἔνθους
822 654 869 680 καὶ

83 687 257 722 μαινόμενος,
280 691 326 717 καὶ
347 692 526 725 ἀπολωλεκὼς
547 694 596 726 τὰς
615 696 724 730 φρένας,
735 697 764 723 ὂν
780 699 812 724 σὺ
825 707 869 724 νε-

81 731 194 766 νόμικας
206 732 278 760 εἶναι
298 739 530 774 πνευματοφόρον.
558 740 640 773 Ὀμοῦ
665 741 719 776 γὰρ
742 743 800 773 τοῖς
821 743 869 769 ἆλ-

81 777 134 808 λοις
148 778 293 807 διολώλασι
309 782 336 807 οἵ
349 791 378 808 τε
398 784 479 818 ἱερεῖς
498 785 550 811 τῶν
570 786 690 821 ὑψηλῶν,
712 788 757 814 καὶ
773 789 797 814 οι
816 789 869 816 τῶν

81 823 195 850 εἰδώλων
218 825 401 861 Θεραπευταὶ,
429 829 476 856 καὶ
501 831 610 864 πάντες,
626 833 683 858 ὅσοι
710 833 869 867 ψευδοεπεῖς

81 877 109 895 τε
126 870 173 896 καὶ
189 872 387 907 ψευδομάντεις
411 873 480 910 ἦσαν
504 878 532 903 ὲν
550 878 588 912 τῷ
617 878 735 914 Ἰσραήλ.
759 880 868 916 Ἐπειδὴ

923 292 967 319 hic
982 293 1100 327 loquitur
1112 304 1119 322 :
1131 304 1141 320 ι
1163 296 1297 324 Venerunt
1311 298 1369 324 dics
1381 298 1499 325 ultionis.
1514 308 1522 324 I
1539 300 1577 325 A‘c
1593 299 1614 326 si
1624 299 1705 330 dicat,

922 343 1004 370 prope
1020 343 1061 365 est
1078 339 1154 371 ttltio,
1170 345 1196 367 et
1210 340 1265 374 jatn
1284 342 1310 368 in
1329 342 1393 376 ipsis
1416 343 1518 370 foribus
1534 344 1678 370 discrimen
1696 350 1704 370 :

922 381 1008 408 vicina
1023 383 1122 414 clades,
1140 389 1167 411 et
1191 385 1287 412 bellum
1303 393 1366 414 ante
1386 388 1477 415 oculos
1501 393 1550 415 est.
1578 388 1705 415 Retribu-

925 427 1005 455 tionis
1020 429 1075 456 dies
1098 430 1183 457 adest.
1202 431 1267 457 Dum
1295 436 1322 458 tu
1345 438 1432 459 autem
1459 433 1594 467 altligeris,
1611 433 1702 465 ISrael,

921 474 1030 500 omnino
1056 480 1083 501 et
1111 475 1206 510 aequali
1235 483 1313 510 pinna
1339 481 1428 504 tecum
1460 478 1591 512 amigetnr
1617 478 1704 505 omnis

921 521 1150 555 pseudopropheta
1165 523 1233 555 apud
1253 527 1288 554 te,
1306 523 1385 550 homo
1401 524 1434 551 de
1458 528 1527 550 statu
1543 524 1640 551 metttis
1661 524 1703 550 di-

921 569 1019 597 tnottts,
1032 566 1082 592 hoc
1096 572 1146 601 est,
1164 567 1306 599 fanaticus,
1324 573 1351 594 et
1374 569 1493 601 insanus,
1510 574 1536 595 et
1559 569 1604 603 qui
1631 576 1704 595 uten-

923 612 975 635 tetn
1000 610 1124 643 perdidit,
1146 619 1224 645 quem
1245 617 1270 638 tu
1294 613 1392 646 putasti
1417 613 1592 646 spiritualein.
1619 613 1704 639 Simul
1740 631 1741 634 η

922 654 1054 688 siquidem
1068 663 1127 682 cum
1139 657 1197 683 aliis
1210 657 1512 691 pcricruntsaccrdmes
1523 657 1703 689 excolsorum,

923 705 948 727 el
966 701 1084 729 cultores
1099 702 1243 736 idolorum,
1256 708 1282 730 ot
1299 709 1430 737 quotquot
1446 703 1587 730 mendaces
1603 708 1630 730 et
1646 703 1703 729 falsi

920 751 995 772 vates
1009 752 1085 774 erant
1100 749 1125 774 in
1142 748 1233 775 lsrael.
1247 749 1313 782 Quia
1332 749 1402 776 enim
1422 749 1595 776 vaticinaturi
1615 748 1705 775 fttrcrc

920 798 949 818 se
974 791 1147 825 simulabant,
1172 799 1199 820 et
1218 794 1295 826 quasi
1319 794 1445 820 Phtebzeo
1469 794 1578 820 numine
1601 792 1705 819 aﬂlatos

920 836 1067 870 fingebant,
1087 838 1146 866 ideo
1171 844 1197 866 et
1223 839 1357 866 hominem
1385 839 1508 866 insanum
1536 846 1583 866 seu
1615 842 1706 865 mento

921 887 1027 916 captum
1044 883 1194 912 istiusmodi
1210 885 1368 912 nominavit.

82 915 133 967 γὰρ
146 917 290 950 μαίνεσθαι
324 921 534 955 προςεποιοῦντο
562 923 612 954 τὰς
632 925 761 958 μαντείας
785 927 978 962 ποιησόμενοι,
1006 929 1053 955 καὶ
1078 930 1175 965 φοιὸᾷν
1211 931 1398 966 ὑπεκρίνοντο,
1428 931 1556 967 ταύτῃτοι
1586 931 1632 956 καὶ
1658 930 1706 957 ἄν·

83 962 189 998 Θρι-ιπον
211 966 434 1002 παρεξεστηκότα
452 969 497 996 τὸν
513 970 632 997 τοιοῦτον
645 971 785 1006 ὀνομάζει.

121 1010 196 1037 Ὑπὸ
209 1012 264 1039 τοῦ
278 1014 414 1048 πλήθους
425 1014 483 1042 τῶν
496 1015 618 1043 ἀδικιῶν
630 1025 687 1044 σου
701 1018 870 1054 ἐπληθύνθη

962 1020 1023 1047 Prw
1037 1021 1203 1048 multitudine
1219 1023 1385 1057 iniquilalum
1406 1027 1510 1048 [nurum
1532 1024 1705 1056 multiplicata

79 1057 170 1090 μανιά
180 1065 251 1084 σου.
334 1080 338 1086 ,
382 1075 403 1084 .-

114 1101 152 1129 P'.
174 1103 282 1138 Πλῆθος
299 1103 407 1136 ἀδικΆς
423 1106 516 1141 φησιν,
531 1107 612 1133 οἱονεὶ
632 1107 681 1143 τὴν
703 1109 871 1145 πολύτροπόν

80 1155 108 1173 τε
128 1148 176 1174 καὶ
200 1149 328 1183 πολυειδῆ
344 1149 491 1185 Θρησκείαν
518 1152 565 1178 τοῦ
589 1153 705 1189 Ἰσραήλ.
740 1155 796 1181 Ἑνὶ
821 1155 871 1190 μὲν

81 1193 162 1228 λόγῳ,
178 1194 364 1229 πεπλάνηντο,
383 1197 429 1223 καὶ
453 1197 553 1229 πάντες
572 1196 643 1234 ἦσαν
668 1200 868 1236 εἰδωλολάτραι.

80 1239 153 1275 Πλὴν
167 1241 329 1276 ἐμερίζοντο
351 1243 414 1274 τοὺς
433 1243 484 1278 τῆς
499 1244 659 1278 πλανήσεως
678 1246 804 1281 τρόπους,
825 1247 871 1273 ἆλ-

80 1284 118 1310 λοι
146 1293 178 1311 τε
206 1285 300 1317 ἄλλοις
332 1288 470 1322 προσῆγον
504 1289 552 1320 τὰς
581 1289 708 1322 τελετὰς,
740 1291 787 1318 καὶ
814 1293 870 1324 τοῖς

80 1331 242 1365 προσιοῦσιν
257 1333 397 1360 ἐποιοῦντο
407 1334 454 1366 τὰς
469 1335 690 1370 ψευδομαντείας.
706 1337 736 1363 Οἱ
750 1338 798 1372 μὲν
817 1338 870 1373 γὰρ

79 1377 138 1408 ταῖς
151 1377 304 1412 δαμάλεσιν
319 1378 474 1413 ἐλάτρευον·
493 1381 518 1406 οἱ
540 1381 567 1407 δὲ
587 1381 624 1415 τῷ
642 1381 753 1416 Χαμὼς,
770 1383 871 1418 εἰδώλῳ

79 1423 177 1450 Μωάϐο
196 1423 289 1459 ἕτεροι
307 1424 336 1450 δὲ
350 1426 384 1460 τῇ
410 1425 554 1461 Ἀστάρτῃ.
571 1425 661 1454 Ἦσαν
676 1428 714 1460 δὲ,
733 1429 757 1455 οἳ
777 1430 823 1456 καὶ
833 1430 870 1464 τῷ

80 1468 164 1502 Βάαλ,
180 1470 229 1496 καὶ
252 1472 286 1505 τῇ
301 1472 416 1506 στρατιᾷ
439 1471 487 1498 τοῦ
506 1473 631 1508 οὐρανοῦ.
648 1473 782 1510 Ταύτῃτοι
805 1475 871 1507 Θεὸς

81 1515 221 1550 ἐπῃτιᾶπο,
245 1515 333 1549 λέγων
355 1516 398 1543 διὰ
425 1519 515 1552 φωνῆς
537 1519 681 1554 Ἱερεμίου,
697 1520 738 1549 ὅτι
766 1529 775 1545 t
793 1520 871 1547 Κατὰ

81 1559 196 1595 ἀριθμὸν
209 1560 315 1588 πόλεών
330 1570 388 1593 σου,
399 1560 467 1598 ἦσαν
482 1563 536 1589 θεοί
553 1573 609 1597 σου,
625 1564 735 1592 Ἰούδα.»
752 1565 869 1601 Ἐκάστη

81 1605 134 1642 γὰρ
149 1606 229 1638 πόλις
256 1606 311 1634 τῶν
341 1608 406 1643 παρ’
433 1608 525 1640 αὐτοῖς
549 1609 614 1636 ἴδιον
638 1609 708 1645 ἔχειν
739 1611 871 1645 ὡμολόγει

85 1651 157 1680 ὓεόν.
165 1652 253 1679 Τοῦτο
263 1653 329 1679 αὐτὸ
340 1663 349 1678 t
362 1654 466 1688 Πλῆθος
474 1654 581 1686 ἀδικίας
593 1664 602 1680 ι
611 1655 739 1690 ὀνομάζει
747 1656 869 1687 δικαίως.

922 1071 958 1092 est
970 1066 1075 1092 inmitia
1090 1072 1146 1093 tua.

957 1110 988 1138 C.
1005 1111 1201 1138 Multitudinem
1218 1111 1367 1145 iniquitatis
1385 1112 1504 1138 nominat
1524 1112 1598 1144 quasi
1616 1111 1706 1139 multi-

923 1157 1028 1183 modam
1041 1160 1069 1183 et
1082 1156 1273 1184 multiformem
1287 1157 1502 1191 superstitionem
1518 1157 1630 1184 lsraelis.
1645 1157 1705 1185 Uno

922 1202 1015 1236 verbo,
1027 1203 1144 1237 corrupti
1160 1207 1237 1229 erant
1251 1210 1344 1230 otnnes
1364 1207 1391 1229 et
1414 1202 1569 1229 idololatrm.
1595 1201 1706 1229 Verum-

924 1253 1013 1276 tamen
1025 1249 1172 1276 secundum
1190 1249 1283 1275 modos
1300 1247 1466 1282 deceptionis
1484 1247 1572 1280 divisi,
1589 1247 1633 1273 alii
1647 1247 1706 1274 aliis

923 1301 1000 1321 sacra
1014 1294 1158 1326 faciebant,
1171 1298 1198 1321 et
1211 1301 1239 1321 sc
1253 1293 1478 1321 convenientibus
1493 1293 1559 1319 falsa
1578 1293 1706 1327 prazdica-

921 1340 995 1367 bant.
1009 1339 1075 1366 Nam
1092 1340 1200 1373 quidam
1229 1340 1336 1371 vitulos,
1354 1339 1461 1373 quidam
1476 1339 1591 1365 Chautos
1606 1339 1704 1364 idolum

922 1385 1014 1417 Moab,
1030 1385 1073 1411 alii
1091 1386 1215 1411 Astarten
1229 1385 1363 1411 colebant.
1379 1384 1436 1410 Non
1451 1385 1562 1411 deerant
1577 1384 1639 1409 item
1661 1383 1706 1416 qui

921 1430 985 1456 Baal
1007 1434 1035 1457 et
1057 1430 1178 1456 militiam
1195 1429 1257 1456 cmli
1281 1430 1307 1456 in
1333 1430 1442 1456 deorum
1466 1435 1578 1455 numero
1596 1435 1707 1454 venera~

923 1481 1024 1504 rentur.
1054 1476 1156 1504 Idcirco
1179 1476 1249 1504 Deus
1266 1476 1393 1504 incusans
1418 1483 1474 1507 eos,
1495 1483 1543 1511 per
1562 1475 1706 1502 Jercmiam

922 1523 960 1549 ait
977 1532 983 1550 :
1004 1522 1081 1557 132
1100 1532 1108 1547 ι
1128 1522 1279 1549 Sccuudutu
1293 1530 1432 1549 numerum
1447 1522 1584 1548 civitatum
1599 1527 1706 1547 tuarum

921 1573 997 1596 erant
1014 1569 1049 1595 dii
1066 1568 1113 1598 tui,
1128 1567 1194 1594 Jnda
1210 1567 1243 1595 ⁵⁵.
1262 1577 1270 1592 ι
1293 1567 1465 1602 υιιίιιιιιιιξῳιο
1482 1567 1553 1593 enim
1572 1566 1636 1593 urbs
1650 1565 1707 1592 ilio-

922 1621 980 1641 rum
995 1614 1130 1648 proprium
1145 1614 1223 1642 deum
1251 1613 1349 1639 habere
1374 1620 1403 1640 se
1431 1612 1617 1646 profitebatur.
1647 1610 1706 1638 lloc

922 1660 1008 1695 ipsum
1031 1669 1039 1685 t
1066 1659 1264 1687 tnttltitudinetn
1294 1658 1445 1692 iniquitatis
1477 1667 1486 1683 ι
1518 1657 1707 1684 convenienter

88 1697 291 1733 ’Δδίκημαγὰρ
305 1699 423 1734 ἀληθῶς,
446 1700 493 1726 καὶ
508 1699 586 1734 ὕϐρις
605 1701 645 1732 είς
664 1701 740 1734 Θεὸν,
752 1701 782 1727 τὸ
804 1702 870 1728 dmo-

925 1705 1049 1740 appellat.
1069 1705 1137 1732 Vere
1153 1705 1224 1732 enim
1242 1705 1369 1739 iniquitas
1384 1710 1425 1730 est
1440 1704 1465 1730 iu
1482 1703 1576 1735 Deum,
1591 1707 1617 1730 et
1638 1702 1709 1735 it.ju-‘

83 1744 178 1778 φοιτᾷ-ι
205 1744 255 1778 μὲν
280 1744 372 1774 αὐτοῦ,
394 1745 571 1780 προσκεῖσθαι
593 1745 621 1771 δὲ
653 1746 740 1778 ξύλοις
763 1755 793 1773 τε
821 1747 870 1773 καὶ

83 1788 177 1820 ὶὶθοις.
196 1789 244 1816 καὶ
258 1799 267 1815 ‹
288 1790 351 1821 Τοῖς
367 1790 457 1825 ἔργοις
474 1790 528 1817 τῶν
547 1791 645 1826 χειρῶν
664 1791 745 1818 αὑτοῦ
758 1813 766 1824 ,
788 1801 797 1817 ι
821 1801 871 1819 κα-

84 1834 172 1871 Θὰπερ
193 1835 359 1871 γέγραπαι.
381 1836 488 1863 Μανίαν
515 1836 543 1862 δὲ
570 1836 644 1870 λέγει
658 1837 708 1872 τὴν
730 1837 869 1872 μαντείαν.

84 1881 189 1908 υὺκοῦν
207 1881 358 1917 ἐπειδήπερ
378 1882 478 1917 πλῆθος
500 1882 607 1913 ἀδικίας
631 1882 745 1917 εὕρηται
764 1883 792 1909 ἐν
816 1882 869 1915 σοὶ,

84 1927 160 1960 φησὶ.
173 1927 303 1962 ταύτῃτοι
320 1927 368 1954 καὶ
393 1927 469 1963 παρὰ
489 1929 530 1954 σοὶ
557 1927 744 1963 πεπλήθυνται
767 1928 849 1963 μανία
861 1948 869 1960 ,

83 1972 233 2005 τουτέστιν,
248 1974 264 2008 ἠ
280 1973 489 2008 ψευδομαντεία,
513 1973 628 2000 ἑκάστου
655 1973 726 2000 κατὰ
744 1973 775 2000 τὸ
797 1974 870 2005 είκδς

83 2019 136 2046 τῶν
152 2019 363 2055 ψευδομάντεων
393 2020 457 2046 ῐδιον
487 2020 594 2054 ἔχοντος
620 2019 730 2055 τρόπον,
759 2019 820 2046 καθ’
841 2020 870 2046 ὃν

85 2065 258 2100 ἐμαντεύετο.
274 2066 408 2092 Ἕκτοπον
419 2063 464 2092 οὖν
482 2066 545 2100 ἄρα,
562 2066 609 2092 καὶ
630 2066 802 2100 παράνομον,
824 2066 871 2092 καὶ

85 2111 198 2147 βέὗηλον
216 2111 333 2146 ἀληθῶς,
350 2111 397 2138 καὶ
413 2112 463 2138 οὐκ
490 2111 625 2142 ἀνικάνως
642 2111 713 2146 ἕχον,
729 2110 772 2142 εἴς
794 2119 824 2145 γε
841 2111 871 2137 τὸ

83 2157 214 2183 δύνασθαι
243 2158 349 2189 λυπεῖν,
376 2156 424 2184 καὶ
447 2156 615 2192 παροτρύναι
634 2157 727 2189 δεινῶς
750 2157 796 2183 τὸν
818 2157 871 2183 τῶν

84 2203 152 2229 ὅλων
167 2202 246 2234 Θεὸν,
266 2202 296 2228 τὸ
306 2202 494 2237 ψευδοεπείαις
513 2203 691 2238 προσκεῖσθαι
706 2203 803 2237 φιλεῖν,
818 2202 871 2229 τῶν

84 2247 173 2274 λαλεῖν
195 2247 330 2274 εἰωθότων
357 2256 366 2273 ι
387 2247 428 2273 Τὰ
448 2247 502 2274 ἀπὺ
524 2247 636 2282 καρδίας
655 2247 754 2278 αὐτῶν,
772 2255 781 2272 ι
801 2246 872 2273 καθὰ

83 2294 250 2329 γέγραπται,
270 2303 278 2318 ι
293 2294 341 2320 καὶ
351 2294 402 2320 οὐκ
411 2293 467 2320 ἀπὸ
487 2293 619 2329 στόματος
630 2292 742 2327 Κυρίου.
756 2302 765 2318 ι
779 2293 873 2327 Παρα-

85 2339 236 2374 φυλακτέον
259 2339 290 2374 δὴ
309 2337 356 2366 οὖν
371 2340 542 2374 Χριστιανοῖς
553 2340 583 2365 τὺ
594 2339 647 2375 πλη
652 2340 741 2374 μμέλη
746 2347 794 2373 μα.
811 2339 870 2366 Μό-

924 1753 976 1785 ria,
1003 1752 1036 1778 ab
1062 1751 1107 1778 illo
1133 1751 1317 1781 recedere.et
1343 1750 1439 1784 lignis,
1468 1749 1601 1783 lapidibus
1627 1753 1708 1782 atquc

927 1807 936 1824 ι
953 1797 1080 1832 operibus
1093 1805 1218 1823 manutttn
1233 1803 1344 1823 suarum
1365 1795 1398 1827 ⁸⁵,
1419 1805 1428 1821 ι
1451 1800 1480 1822 ιιι
1505 1795 1633 1828 scriptum
1656 1800 1707 1825 est,

924 1843 1044 1874 colendis
1068 1843 1186 1870 deditum
1206 1849 1276 1869 esse.
1301 1842 1436 1868 Insaniam
1460 1846 1549 1867 atttcm
1573 1845 1708 1874 nuncupat

924 1889 1152 1916 vaticinationem.
1169 1887 1266 1920 Quare,
1283 1887 1410 1921 quoniam
1426 1886 1567 1913 multitudo
1582 1885 1708 1919 iniquita-

926 1936 960 1962 tis
974 1935 1000 1961 in
1016 1939 1041 1961 tc
1052 1934 1159 1960 inventa
1174 1938 1226 1964 est,
1239 1934 1336 1965 inquit,
1351 1933 1451 1959 idcirco
1469 1936 1496 1957 ct
1515 1931 1583 1965 apud
1600 1935 1625 1957 te
1641 1930 1708 1956 mul-

926 1980 1042 2014 tiplicata
1056 1978 1226 2011 estiusania,
1245 1977 1270 2004 id
1286 1983 1339 2009 est,
1360 1977 1528 2008 vaticinatio,
1550 1983 1709 2010 unoquoque

926 2025 992 2051 falso
1007 2028 1078 2055 vate,
1094 2027 1122 2049 ut
1143 2027 1352 2049 consentaneum
1372 2027 1423 2055 est,
1441 2029 1519 2048 suum
1545 2020 1707 2047 vaticinandi

926 2071 1033 2098 modum
1058 2070 1182 2096 habente.
1206 2068 1357 2095 Absurdum
1376 2075 1440 2102 ergo
1467 2072 1493 2094 et
1524 2067 1644 2101 iniquum
1667 2071 1709 2093 cst

926 2123 1030 2148 revera,
1050 2119 1076 2143 et
1089 2114 1160 2148 qttod
1173 2114 1239 2141 satis
1251 2114 1287 2140 sit
1299 2113 1331 2139 ad
1347 2114 1465 2147 graviter
1478 2112 1666 2140 offendendum
1682 2116 1709 2138 et.

925 2161 1084 2188 irritandnm
1101 2159 1182 2186 Dcutu
1209 2158 1408 2188 universorum,
1432 2157 1548 2184 libcttler
1571 2157 1709 2184 attcndcrc

924 2205 1000 2232 falsis
1015 2204 1183 2232 sermonibus
1195 2203 1336 2230 solitorum
1353 2202 1423 2236 loqui
1443 2211 1451 2226 ι
1468 2201 1501 2228 de
1527 2203 1608 2228 cordc
1623 2209 1682 2233 suo,
1697 2212 1706 2227 ι

925 2252 994 2279 sicut
1006 2251 1134 2285 scripttnn
1143 2253 1196 2281 est,
1211 2254 1251 2275 «et
1263 2255 1313 2274 non
1325 2247 1357 2274 de
1364 2254 1411 2274 ore
1423 2246 1527 2273 Domini
1539 2247 1590 2273 ⁵⁸.»
1605 2247 1709 2274 Caven-

925 2298 988 2324 dum
1002 2297 1082 2331 igitur
1096 2295 1254 2323 Christianis
1277 2298 1425 2328 peccatum.
1448 2291 1525 2319 Solos
1548 2293 1619 2319 enim
1647 2300 1710 2319 san—

926 2347 1029 2370 ctarum
1056 2349 1145 2368 rerum
1161 2340 1278 2368 cultores
1298 2339 1331 2366 ad
1356 2337 1507 2372 huiusmodi
1534 2337 1663 2372 languere
1683 2342 1709 2365 ct

84 2393 139 2416 νοις
154 2385 210 2420 γὰρ
222 2385 256 2412 ἂν
283 2373 385 2420 πρέποι
398 2373 430 2411 τὺ
443 2384 531 2412 τοιάδε
546 2386 634 2412 νοσεῖν
641 2373 702 2416 cui;
714 2384 768 2411 τῶν
784 2384 870 2419 ἁγίων

927 2387 1049 2415 infirmos
1060 2394 1121 2415 esse
1136 2386 1273 2414 condecet.

85 2431 112 2458 ὗε
116 2432 279 2466 ραπευταϊς.
388 2447 393 2451 ι

117 2476 237 2509 Σκοπὸς
262 2475 386 2510 Ἐφραῒμ
503 2474 577 2502 Θεοῦ
598 2473 764 2509 προφήτης,
784 2474 874 2509 παγίς

85 2522 194 2549 σκολιὰ
205 2521 256 2548 ἐπί
272 2521 374 2554 πάσας
390 2521 444 2553 τὰς
454 2521 542 2553 ὀδοὺς
560 2521 665 2548 αὐτοῦ.

119 2569 180 2594 PA’.
194 2568 318 2599 Σκοπους
330 2566 475 2601 ὀνομάζειν
490 2566 549 2598 ἔθος
563 2567 596 2601 τῇ
610 2565 671 2602 θείᾳ
698 2566 792 2601 Γραφῇ
809 2565 873 2597 τοὺς

86 2612 138 2639 τῶν
149 2613 222 2639 λαῶν
235 2612 450 2647 προεστηκότας,
457 2611 525 2646 ὑψοῦ
540 2619 569 2637 τε
580 2611 715 2646 ὴρμένους
726 2610 770 2636 διὰ
779 2610 872 2646 τιμὴν,

87 2656 125 2690 οἷς
135 2658 169 2685 ἂν
185 2658 234 2685 καὶ
251 2657 357 2694 ἐνορῴη
370 2666 422 2688 τις,
438 2657 462 2683 εί
481 2657 513 2692 δὴ
531 2656 652 2691 βούλοιτο
667 2656 712 2683 τὸν
726 2656 812 2692 ὀρθὸν]
827 2656 874 2683 καὶ

87 2704 286 2740 ἀνεπίπληκτον
301 2703 430 2739 διαζῆσαι
447 2703 513 2738 βίον.
526 2703 581 2730 Καὶ
595 2703 660 2737 γοῦν
672 2702 723 2738 ἐφη
744 2712 794 2729 που
808 2703 874 2735 Θεὸς

87 2750 152 2785 πρὸς
163 2750 210 2777 τὸν
228 2750 367 2785 μακάριον
386 2749 529 2785 προφήτην
554 2748 683 2784 Ἰεζεχιήλ
705 2756 712 2764 ·
730 2757 739 2774 t
756 2748 803 2775 Υἱὲ
826 2749 875 2775 άν-

88 2795 203 2831 ορώπου,
225 2795 328 2822 σκοπὸν
354 2794 459 2821 δέδωκά
486 2802 514 2820 σε
539 2793 578 2829 τῷ
593 2794 660 2828 οἴκῳ
684 2792 799 2828 Ἰσραὴλ,
829 2793 874 2819 καὶ

961 2474 1044 2501 Vens.
1065 2473 1091 2502 8.
1108 2474 1207 2508 Scopus
1221 2473 1347 2506 Eplmtim
1360 2480 1417 2500 cum
1429 2472 1482 2498 Deo
1500 2471 1636 2504 propheta,
1668 2470 1709 2498 la-

925 2527 1007 2555 queus
1023 2523 1157 2545 tortuosa:
1173 2526 1251 2552 super
1268 2526 1354 2544 omnes
1370 2517 1422 2544 vias
1437 2516 1502 2551 ejus.

916 2569 923 2577 ‘
962 2564 1004 2594 Cl.
1019 2564 1092 2592 Solet
1107 2564 1196 2591 divina
1212 2564 1352 2598 Scriptura
1369 2570 1466 2598 scopos
1486 2561 1625 2588 nominare
1641 2568 1710 2594 prm-

927 2611 999 2639 sides
1009 2614 1036 2638 et.
1049 2609 1232 2636 moderatores
1243 2608 1342 2643 populi,
1355 2613 1381 2635 et
1394 2608 1418 2634 in
1434 2606 1539 2634 sublimi
1550 2605 1708 2640 dignitatum

927 2656 1012 2691 gradu
1029 2654 1182 2686 collocatos,
1203 2653 1229 2680 iu
1252 2660 1319 2688 quos
1341 2653 1478 2679 intueatur
1494 2651 1537 2686 qui
1559 2654 1658 2677 rectam
1682 2653 1708 2675 ct

927 2701 1090 2735 iuculpatam
1107 2699 1187 2726 vitam
1208 2699 1305 2733 degere
1328 2698 1400 2724 velit.
1415 2697 1504 2730 Quare
1526 2695 1621 2722 alicubi
1641 2694 1709 2722 Deus

928 2747 962 2774 ad
974 2747 1079 2773 beatum
1094 2745 1250 2779 prophetam
1272 2742 1439 2769 Ezechielem
1455 2752 1462 2769 :
1482 2752 1491 2768 ι
1509 2741 1558 2768 Fili
1581 2738 1707 2770 hominis,

928 2799 1037 2827 scopum
1049 2791 1109 2818 dedi
1123 2794 1149 2817 te
1167 2789 1257 2817 domui
1276 2787 1366 2822 Israel,
1392 2791 1418 2815 ct
1440 2793 1590 2814 sermonem
1616 2783 1709 2812 audies

119 2885 142 2901 ”
157 2884 256 2914 Ezet'h.
270 2893 320 2918 xu,
341 2884 388 2919 27,
403 2883 448 2911 28.
486 2883 510 2899 ⁸⁵
523 2882 577 2910 Jcr.
595 2891 625 2916 tt,
637 2882 681 2910 28.
719 2883 741 2898 ⁵⁵
759 2882 827 2909 05cc
841 2888 867 2907 ιι

929 2899 934 2906 .
974 2880 995 2896 ⁵⁶
1012 2879 1066 2907 Jcr.
1085 2886 1161 2913 mn,
1178 2877 1220 2905 16.
