  <div class='ocr_page' id='page_1' title='image "/cluster/home/n/w/nwhite01/storage/ocr_20150623/71/njp.32101077772745/129.png"; bbox 0 0 1919 3042; ppageno 0'>
   <div class='ocr_carea' id='block_1_1' title="bbox 184 164 237 192">
    <p class='ocr_par' dir='ltr' id='par_1_1' title="bbox 184 164 237 192">
     <span class='ocr_line' id='line_1_1' title="bbox 184 164 237 192; baseline 0 0"><span class='ocrx_word' id='word_1_1' title='bbox 184 164 237 192; x_wconf 72' lang='grc'><strong>225</strong></span> 
     </span>
    </p>
   </div>
   <div class='ocr_carea' id='block_1_2' title="bbox 693 161 1307 191">
    <p class='ocr_par' dir='ltr' id='par_1_2' title="bbox 693 161 1307 191">
     <span class='ocr_line' id='line_1_2' title="bbox 693 161 1307 191; baseline 0 -2"><span class='ocrx_word' id='word_1_2' title='bbox 693 162 720 190; x_wconf 89' lang='lat' dir='ltr'><strong>S.</strong></span> <span class='ocrx_word' id='word_1_3' title='bbox 742 162 877 190; x_wconf 75' lang='lat' dir='ltr'><strong>CYBILLI</strong></span> <span class='ocrx_word' id='word_1_4' title='bbox 897 161 1130 191; x_wconf 73' lang='lat' dir='ltr'><strong>ALEXANDlilNl</strong></span> <span class='ocrx_word' id='word_1_5' title='bbox 1148 161 1307 190; x_wconf 80' lang='lat' dir='ltr'><strong>ARCHIEP.</strong></span> 
     </span>
    </p>
   </div>
   <div class='ocr_carea' id='block_1_3' title="bbox 1755 157 1818 187">
    <p class='ocr_par' dir='ltr' id='par_1_3' title="bbox 1755 157 1818 187">
     <span class='ocr_line' id='line_1_3' title="bbox 1755 157 1818 187; baseline 0 -1"><span class='ocrx_word' id='word_1_6' title='bbox 1755 157 1818 187; x_wconf 64' lang='grc' dir='ltr'><strong>εει</strong></span> 
     </span>
    </p>
   </div>
   <div class='ocr_carea' id='block_1_4' title="bbox 181 218 966 260">
    <p class='ocr_par' dir='ltr' id='par_1_4' title="bbox 181 220 964 254">
     <span class='ocr_line' id='line_1_4' title="bbox 181 220 964 254; baseline 0.005 -7"><span class='ocrx_word' id='word_1_7' title='bbox 181 227 213 247; x_wconf 78' lang='lat' dir='ltr'><strong>ex</strong></span> <span class='ocrx_word' id='word_1_8' title='bbox 229 229 277 251; x_wconf 86' lang='lat' dir='ltr'><strong>ore</strong></span> <span class='ocrx_word' id='word_1_9' title='bbox 290 229 360 254; x_wconf 86' lang='lat' dir='ltr'><strong>meo.</strong></span> <span class='ocrx_word' id='word_1_10' title='bbox 375 226 402 249; x_wconf 88' lang='lat' dir='ltr'><strong>et</strong></span> <span class='ocrx_word' id='word_1_11' title='bbox 415 221 560 249; x_wconf 87' lang='lat' dir='ltr'><strong>minaberis</strong></span> <span class='ocrx_word' id='word_1_12' title='bbox 582 220 622 248; x_wconf 87' lang='lat' dir='ltr'><strong>eis</strong></span> <span class='ocrx_word' id='word_1_13' title='bbox 641 228 656 248; x_wconf 87' lang='lat' dir='ltr'><strong>a</strong></span> <span class='ocrx_word' id='word_1_14' title='bbox 675 229 717 249; x_wconf 88' lang='lat' dir='ltr'><strong>me</strong></span> <span class='ocrx_word' id='word_1_15' title='bbox 741 221 775 249; x_wconf 85' lang='grc'><strong>⁸⁷.</strong></span> <span class='ocrx_word' id='word_1_16' title='bbox 794 232 803 248; x_wconf 78' lang='lat' dir='ltr'><strong>r</strong></span> <span class='ocrx_word' id='word_1_17' title='bbox 830 223 964 251; x_wconf 78' lang='lat' dir='ltr'><strong>Usitatum</strong></span> 
     </span>
    </p>
   </div>
   <div class='ocr_carea' id='block_1_5' title="bbox 1021 218 1814 260">
    <p class='ocr_par' dir='ltr' id='par_1_5' title="bbox 1021 218 1814 260">
     <span class='ocr_line' id='line_1_5' title="bbox 1021 218 1814 260; baseline -0.009 -10"><span class='ocrx_word' id='word_1_18' title='bbox 1021 223 1120 260; x_wconf 68' lang='grc' dir='ltr'>ὶκούσῃ</span> <span class='ocrx_word' id='word_1_19' title='bbox 1134 223 1166 250; x_wconf 78' lang='grc' dir='ltr'>ὲκ</span> <span class='ocrx_word' id='word_1_20' title='bbox 1177 221 1311 257; x_wconf 81' lang='grc' dir='ltr'>στόματός</span> <span class='ocrx_word' id='word_1_21' title='bbox 1326 229 1377 256; x_wconf 89' lang='grc' dir='ltr'><strong>μου</strong></span> <span class='ocrx_word' id='word_1_22' title='bbox 1393 219 1482 254; x_wconf 75' lang='grc' dir='ltr'>λόγον,</span> <span class='ocrx_word' id='word_1_23' title='bbox 1507 218 1554 245; x_wconf 66' lang='grc' dir='ltr'>καὶ</span> <span class='ocrx_word' id='word_1_24' title='bbox 1578 218 1743 254; x_wconf 76' lang='grc' dir='ltr'>οιαπει).ήσῃ</span> <span class='ocrx_word' id='word_1_25' title='bbox 1758 219 1814 260; x_wconf 58' lang='lat' dir='ltr'><strong>ai}-</strong></span> 
     </span>
    </p>
   </div>
   <div class='ocr_carea' id='block_1_6' title="bbox 184 265 969 302">
    <p class='ocr_par' dir='ltr' id='par_1_6' title="bbox 184 265 969 302">
     <span class='ocr_line' id='line_1_6' title="bbox 184 265 969 302; baseline 0.001 -8"><span class='ocrx_word' id='word_1_26' title='bbox 184 268 255 294; x_wconf 88' lang='lat' dir='ltr'><strong>euim</strong></span> <span class='ocrx_word' id='word_1_27' title='bbox 268 272 326 295; x_wconf 87' lang='lat' dir='ltr'><strong>erat</strong></span> <span class='ocrx_word' id='word_1_28' title='bbox 339 267 380 294; x_wconf 89' lang='lat' dir='ltr'><strong>his</strong></span> <span class='ocrx_word' id='word_1_29' title='bbox 392 266 489 300; x_wconf 81' lang='lat' dir='ltr'><strong>scopis.</strong></span> <span class='ocrx_word' id='word_1_30' title='bbox 503 273 554 293; x_wconf 92' lang='lat' dir='ltr'><strong>non</strong></span> <span class='ocrx_word' id='word_1_31' title='bbox 568 265 654 293; x_wconf 88' lang='lat' dir='ltr'><strong>solutn</strong></span> <span class='ocrx_word' id='word_1_32' title='bbox 664 266 696 294; x_wconf 86' lang='lat' dir='ltr'><strong>iis</strong></span> <span class='ocrx_word' id='word_1_33' title='bbox 706 275 774 302; x_wconf 87' lang='lat' dir='ltr'><strong>quos</strong></span> <span class='ocrx_word' id='word_1_34' title='bbox 787 267 969 302; x_wconf 75' lang='lat' dir='ltr'><strong>instituerem,</strong></span> 
     </span>
    </p>
   </div>
   <div class='ocr_carea' id='block_1_7' title="bbox 185 311 968 348">
    <p class='ocr_par' dir='ltr' id='par_1_7' title="bbox 185 311 968 348">
     <span class='ocr_line' id='line_1_7' title="bbox 185 311 968 348; baseline 0.003 -9"><span class='ocrx_word' id='word_1_35' title='bbox 185 313 219 339; x_wconf 84' lang='lat' dir='ltr'><strong>ad</strong></span> <span class='ocrx_word' id='word_1_36' title='bbox 236 312 440 346; x_wconf 80' lang='lat' dir='ltr'><strong>descriptionem</strong></span> <span class='ocrx_word' id='word_1_37' title='bbox 456 316 482 338; x_wconf 87' lang='lat' dir='ltr'><strong>et</strong></span> <span class='ocrx_word' id='word_1_38' title='bbox 497 311 612 338; x_wconf 79' lang='lat' dir='ltr'><strong>fortnam</strong></span> <span class='ocrx_word' id='word_1_39' title='bbox 628 312 746 346; x_wconf 83' lang='lat' dir='ltr'><strong>virtutis,</strong></span> <span class='ocrx_word' id='word_1_40' title='bbox 758 320 809 339; x_wconf 85' lang='lat' dir='ltr'><strong>una</strong></span> <span class='ocrx_word' id='word_1_41' title='bbox 825 321 885 340; x_wconf 91' lang='lat' dir='ltr'><strong>cum</strong></span> <span class='ocrx_word' id='word_1_42' title='bbox 902 313 968 348; x_wconf 71' lang='lat' dir='ltr'><strong>legi-</strong></span> 
     </span>
    </p>
   </div>
   <div class='ocr_carea' id='block_1_8' title="bbox 185 357 968 394">
    <p class='ocr_par' dir='ltr' id='par_1_8' title="bbox 185 357 968 394">
     <span class='ocr_line' id='line_1_8' title="bbox 185 357 968 394; baseline 0.003 -10"><span class='ocrx_word' id='word_1_43' title='bbox 185 358 233 384; x_wconf 86' lang='lat' dir='ltr'><strong>bus</strong></span> <span class='ocrx_word' id='word_1_44' title='bbox 248 365 322 384; x_wconf 83' lang='lat' dir='ltr'><strong>suatu</strong></span> <span class='ocrx_word' id='word_1_45' title='bbox 337 357 456 390; x_wconf 82' lang='lat' dir='ltr'><strong>ipsorum</strong></span> <span class='ocrx_word' id='word_1_46' title='bbox 473 357 554 383; x_wconf 88' lang='lat' dir='ltr'><strong>vitam</strong></span> <span class='ocrx_word' id='word_1_47' title='bbox 570 365 737 392; x_wconf 84' lang='lat' dir='ltr'><strong>proponere,</strong></span> <span class='ocrx_word' id='word_1_48' title='bbox 755 358 801 386; x_wconf 86' lang='lat' dir='ltr'><strong>sed</strong></span> <span class='ocrx_word' id='word_1_49' title='bbox 824 359 905 386; x_wconf 88' lang='lat' dir='ltr'><strong>etiam</strong></span> <span class='ocrx_word' id='word_1_50' title='bbox 919 367 968 394; x_wconf 88' lang='lat' dir='ltr'><strong>op-</strong></span> 
     </span>
    </p>
   </div>
   <div class='ocr_carea' id='block_1_9' title="bbox 185 402 967 438">
    <p class='ocr_par' dir='ltr' id='par_1_9' title="bbox 185 402 967 438">
     <span class='ocr_line' id='line_1_9' title="bbox 185 402 967 438; baseline 0.004 -10"><span class='ocrx_word' id='word_1_51' title='bbox 185 403 248 429; x_wconf 86' lang='lat' dir='ltr'><strong>tima</strong></span> <span class='ocrx_word' id='word_1_52' title='bbox 265 407 396 436; x_wconf 54' lang='lat' dir='ltr'><strong>praecepta</strong></span> <span class='ocrx_word' id='word_1_53' title='bbox 413 402 529 436; x_wconf 87' lang='lat' dir='ltr'><strong>tradere,</strong></span> <span class='ocrx_word' id='word_1_54' title='bbox 540 407 567 429; x_wconf 91' lang='lat' dir='ltr'><strong>et</strong></span> <span class='ocrx_word' id='word_1_55' title='bbox 583 403 628 430; x_wconf 88' lang='lat' dir='ltr'><strong>Dei</strong></span> <span class='ocrx_word' id='word_1_56' title='bbox 643 403 806 430; x_wconf 70' lang='lat' dir='ltr'><strong>voluntatem</strong></span> <span class='ocrx_word' id='word_1_57' title='bbox 828 404 910 438; x_wconf 89' lang='lat' dir='ltr'><strong>probe</strong></span> <span class='ocrx_word' id='word_1_58' title='bbox 925 404 967 431; x_wconf 88' lang='lat' dir='ltr'><strong>in-</strong></span> 
     </span>
    </p>
   </div>
   <div class='ocr_carea' id='block_1_10' title="bbox 186 446 967 483">
    <p class='ocr_par' dir='ltr' id='par_1_10' title="bbox 186 446 967 483">
     <span class='ocr_line' id='line_1_10' title="bbox 186 446 967 483; baseline 0.004 -9"><span class='ocrx_word' id='word_1_59' title='bbox 186 447 336 481; x_wconf 85' lang='lat' dir='ltr'><strong>terpretari.</strong></span> <span class='ocrx_word' id='word_1_60' title='bbox 361 446 493 474; x_wconf 74' lang='lat' dir='ltr'><strong>Caeterum</strong></span> <span class='ocrx_word' id='word_1_61' title='bbox 516 447 560 474; x_wconf 84' lang='lat' dir='ltr'><strong>alii</strong></span> <span class='ocrx_word' id='word_1_62' title='bbox 575 448 683 482; x_wconf 85' lang='lat' dir='ltr'><strong>quidem</strong></span> <span class='ocrx_word' id='word_1_63' title='bbox 704 449 792 483; x_wconf 84' lang='lat' dir='ltr'><strong>scopis</strong></span> <span class='ocrx_word' id='word_1_64' title='bbox 810 449 888 476; x_wconf 85' lang='lat' dir='ltr'><strong>bonis</strong></span> <span class='ocrx_word' id='word_1_65' title='bbox 902 450 967 477; x_wconf 86' lang='lat' dir='ltr'><strong>sub-</strong></span> 
     </span>
    </p>
   </div>
   <div class='ocr_carea' id='block_1_11' title="bbox 180 491 966 527">
    <p class='ocr_par' dir='ltr' id='par_1_11' title="bbox 180 491 966 527">
     <span class='ocr_line' id='line_1_11' title="bbox 180 491 966 527; baseline 0.005 -9"><span class='ocrx_word' id='word_1_66' title='bbox 180 491 256 526; x_wconf 75' lang='lat' dir='ltr'><strong>jt-cti,</strong></span> <span class='ocrx_word' id='word_1_67' title='bbox 275 493 405 519; x_wconf 81' lang='lat' dir='ltr'><strong>directum</strong></span> <span class='ocrx_word' id='word_1_68' title='bbox 426 493 476 519; x_wconf 89' lang='lat' dir='ltr'><strong>iter</strong></span> <span class='ocrx_word' id='word_1_69' title='bbox 493 492 572 520; x_wconf 78' lang='lat' dir='ltr'><strong>cilicii</strong></span> <span class='ocrx_word' id='word_1_70' title='bbox 594 494 763 521; x_wconf 87' lang='lat' dir='ltr'><strong>ambulantes</strong></span> <span class='ocrx_word' id='word_1_71' title='bbox 779 494 966 527; x_wconf 82' lang='lat' dir='ltr'><strong>salvabantur;</strong></span> 
     </span>
    </p>
   </div>
   <div class='ocr_carea' id='block_1_12' title="bbox 183 536 966 571">
    <p class='ocr_par' dir='ltr' id='par_1_12' title="bbox 183 536 966 571">
     <span class='ocr_line' id='line_1_12' title="bbox 183 536 966 571; baseline 0.003 -8"><span class='ocrx_word' id='word_1_72' title='bbox 183 537 228 563; x_wconf 86' lang='lat' dir='ltr'><strong>alii</strong></span> <span class='ocrx_word' id='word_1_73' title='bbox 241 536 331 571; x_wconf 83' lang='lat' dir='ltr'><strong>pravis</strong></span> <span class='ocrx_word' id='word_1_74' title='bbox 343 541 371 564; x_wconf 89' lang='lat' dir='ltr'><strong>et</strong></span> <span class='ocrx_word' id='word_1_75' title='bbox 384 537 513 571; x_wconf 88' lang='lat' dir='ltr'><strong>improbis</strong></span> <span class='ocrx_word' id='word_1_76' title='bbox 527 537 681 564; x_wconf 84' lang='lat' dir='ltr'><strong>hominibus</strong></span> <span class='ocrx_word' id='word_1_77' title='bbox 697 537 847 564; x_wconf 87' lang='lat' dir='ltr'><strong>animorum</strong></span> <span class='ocrx_word' id='word_1_78' title='bbox 857 546 966 565; x_wconf 83' lang='lat' dir='ltr'><strong>suorum</strong></span> 
     </span>
    </p>
   </div>
   <div class='ocr_carea' id='block_1_13' title="bbox 184 582 967 617">
    <p class='ocr_par' dir='ltr' id='par_1_13' title="bbox 184 582 967 617">
     <span class='ocr_line' id='line_1_13' title="bbox 184 582 967 617; baseline 0.003 -9"><span class='ocrx_word' id='word_1_79' title='bbox 184 587 320 609; x_wconf 85' lang='lat' dir='ltr'><strong>momenta</strong></span> <span class='ocrx_word' id='word_1_80' title='bbox 339 582 549 614; x_wconf 85' lang='lat' dir='ltr'><strong>committentes.</strong></span> <span class='ocrx_word' id='word_1_81' title='bbox 570 583 699 610; x_wconf 84' lang='lat' dir='ltr'><strong>seducere</strong></span> <span class='ocrx_word' id='word_1_82' title='bbox 720 588 746 610; x_wconf 88' lang='lat' dir='ltr'><strong>et</strong></span> <span class='ocrx_word' id='word_1_83' title='bbox 763 584 854 610; x_wconf 82' lang='lat' dir='ltr'><strong>seduci</strong></span> <span class='ocrx_word' id='word_1_84' title='bbox 875 591 967 617; x_wconf 85' lang='lat' dir='ltr'><strong>perse-</strong></span> 
     </span>
    </p>
   </div>
   <div class='ocr_carea' id='block_1_14' title="bbox 183 627 968 664">
    <p class='ocr_par' dir='ltr' id='par_1_14' title="bbox 183 627 968 664">
     <span class='ocr_line' id='line_1_14' title="bbox 183 627 968 664; baseline 0.005 -12"><span class='ocrx_word' id='word_1_85' title='bbox 183 627 323 660; x_wconf 82' lang='lat' dir='ltr'><strong>verabant,</strong></span> <span class='ocrx_word' id='word_1_86' title='bbox 340 632 429 654; x_wconf 88' lang='lat' dir='ltr'><strong>mente</strong></span> <span class='ocrx_word' id='word_1_87' title='bbox 444 629 478 655; x_wconf 84' lang='lat' dir='ltr'><strong>ab</strong></span> <span class='ocrx_word' id='word_1_88' title='bbox 489 629 561 655; x_wconf 91' lang='lat' dir='ltr'><strong>omni</strong></span> <span class='ocrx_word' id='word_1_89' title='bbox 577 636 658 663; x_wconf 88' lang='lat' dir='ltr'><strong>opere</strong></span> <span class='ocrx_word' id='word_1_90' title='bbox 678 629 749 656; x_wconf 89' lang='lat' dir='ltr'><strong>bono</strong></span> <span class='ocrx_word' id='word_1_91' title='bbox 773 634 800 656; x_wconf 88' lang='lat' dir='ltr'><strong>ct</strong></span> <span class='ocrx_word' id='word_1_92' title='bbox 816 629 968 664; x_wconf 78' lang='lat' dir='ltr'><strong>cognitione</strong></span> 
     </span>
    </p>
   </div>
   <div class='ocr_carea' id='block_1_15' title="bbox 183 672 965 708">
    <p class='ocr_par' dir='ltr' id='par_1_15' title="bbox 183 672 965 708">
     <span class='ocr_line' id='line_1_15' title="bbox 183 672 965 708; baseline 0.004 -11"><span class='ocrx_word' id='word_1_93' title='bbox 183 678 245 698; x_wconf 90' lang='lat' dir='ltr'><strong>vera</strong></span> <span class='ocrx_word' id='word_1_94' title='bbox 263 672 366 699; x_wconf 77' lang='lat' dir='ltr'><strong>inanes.</strong></span> <span class='ocrx_word' id='word_1_95' title='bbox 379 672 492 707; x_wconf 83' lang='lat' dir='ltr'><strong>Propter</strong></span> <span class='ocrx_word' id='word_1_96' title='bbox 505 673 688 707; x_wconf 74' lang='lat' dir='ltr'><strong>hujuscemodi</strong></span> <span class='ocrx_word' id='word_1_97' title='bbox 704 673 816 701; x_wconf 81' lang='lat' dir='ltr'><strong>tribules</strong></span> <span class='ocrx_word' id='word_1_98' title='bbox 828 673 965 708; x_wconf 85' lang='lat' dir='ltr'><strong>Epitraitn,</strong></span> 
     </span>
    </p>
   </div>
   <div class='ocr_carea' id='block_1_16' title="bbox 183 717 966 753">
    <p class='ocr_par' dir='ltr' id='par_1_16' title="bbox 183 717 966 753">
     <span class='ocr_line' id='line_1_16' title="bbox 183 717 966 753; baseline 0.003 -10"><span class='ocrx_word' id='word_1_99' title='bbox 183 717 240 743; x_wconf 83' lang='lat' dir='ltr'><strong>sive</strong></span> <span class='ocrx_word' id='word_1_100' title='bbox 253 717 378 744; x_wconf 84' lang='lat' dir='ltr'><strong>lsraelem</strong></span> <span class='ocrx_word' id='word_1_101' title='bbox 394 723 421 744; x_wconf 82' lang='lat' dir='ltr'><strong>et</strong></span> <span class='ocrx_word' id='word_1_102' title='bbox 437 726 508 745; x_wconf 89' lang='lat' dir='ltr'><strong>ttunc</strong></span> <span class='ocrx_word' id='word_1_103' title='bbox 531 720 656 753; x_wconf 78' lang='lat' dir='ltr'><strong>castigat.</strong></span> <span class='ocrx_word' id='word_1_104' title='bbox 683 728 692 744; x_wconf 83' lang='grc' dir='ltr'><strong>ι</strong></span> <span class='ocrx_word' id='word_1_105' title='bbox 718 718 814 746; x_wconf 85' lang='lat' dir='ltr'><strong>Factus</strong></span> <span class='ocrx_word' id='word_1_106' title='bbox 831 723 872 746; x_wconf 89' lang='lat' dir='ltr'><strong>est</strong></span> <span class='ocrx_word' id='word_1_107' title='bbox 894 719 966 745; x_wconf 78' lang='lat' dir='ltr'><strong>enirn</strong></span> 
     </span>
    </p>
   </div>
   <div class='ocr_carea' id='block_1_17' title="bbox 183 761 966 797">
    <p class='ocr_par' dir='ltr' id='par_1_17' title="bbox 183 761 966 797">
     <span class='ocr_line' id='line_1_17' title="bbox 183 761 966 797; baseline 0.004 -9"><span class='ocrx_word' id='word_1_108' title='bbox 183 761 221 788; x_wconf 88' lang='lat' dir='ltr'><strong>illi</strong></span> <span class='ocrx_word' id='word_1_109' title='bbox 237 770 344 797; x_wconf 80' lang='lat' dir='ltr'><strong>scopus,</strong></span> <span class='ocrx_word' id='word_1_110' title='bbox 359 763 455 797; x_wconf 79' lang='lat' dir='ltr'><strong>inquit,</strong></span> <span class='ocrx_word' id='word_1_111' title='bbox 468 771 527 790; x_wconf 90' lang='lat' dir='ltr'><strong>cum</strong></span> <span class='ocrx_word' id='word_1_112' title='bbox 547 764 602 790; x_wconf 86' lang='lat' dir='ltr'><strong>Deo</strong></span> <span class='ocrx_word' id='word_1_113' title='bbox 616 764 771 797; x_wconf 70' lang='lat' dir='ltr'><strong>propheta.»</strong></span> <span class='ocrx_word' id='word_1_114' title='bbox 790 763 869 797; x_wconf 81' lang='lat' dir='ltr'><strong>Quasi</strong></span> <span class='ocrx_word' id='word_1_115' title='bbox 885 765 966 797; x_wconf 88' lang='lat' dir='ltr'><strong>dicat,</strong></span> 
     </span>
    </p>
   </div>
   <div class='ocr_carea' id='block_1_18' title="bbox 185 807 967 844">
    <p class='ocr_par' dir='ltr' id='par_1_18' title="bbox 185 807 967 844">
     <span class='ocr_line' id='line_1_18' title="bbox 185 807 967 844; baseline 0.005 -11"><span class='ocrx_word' id='word_1_116' title='bbox 185 807 317 842; x_wconf 77' lang='lat' dir='ltr'><strong>cujusque</strong></span> <span class='ocrx_word' id='word_1_117' title='bbox 334 808 380 835; x_wconf 85' lang='lat' dir='ltr'><strong>Dei</strong></span> <span class='ocrx_word' id='word_1_118' title='bbox 404 808 474 841; x_wconf 73' lang='lat' dir='ltr'><strong>falsi,</strong></span> <span class='ocrx_word' id='word_1_119' title='bbox 497 808 578 835; x_wconf 77' lang='lat' dir='ltr'><strong>falsus</strong></span> <span class='ocrx_word' id='word_1_120' title='bbox 594 809 733 844; x_wconf 82' lang='lat' dir='ltr'><strong>propheta.</strong></span> <span class='ocrx_word' id='word_1_121' title='bbox 754 809 787 836; x_wconf 79' lang='lat' dir='ltr'><strong>Ut</strong></span> <span class='ocrx_word' id='word_1_122' title='bbox 802 810 873 836; x_wconf 86' lang='lat' dir='ltr'><strong>enim</strong></span> <span class='ocrx_word' id='word_1_123' title='bbox 886 817 967 844; x_wconf 80' lang='lat' dir='ltr'><strong>supra</strong></span> 
     </span>
    </p>
   </div>
   <div class='ocr_carea' id='block_1_19' title="bbox 184 853 966 888">
    <p class='ocr_par' dir='ltr' id='par_1_19' title="bbox 184 853 966 888">
     <span class='ocr_line' id='line_1_19' title="bbox 184 853 966 888; baseline 0.004 -9"><span class='ocrx_word' id='word_1_124' title='bbox 184 854 251 886; x_wconf 79' lang='lat' dir='ltr'><strong>dixi,</strong></span> <span class='ocrx_word' id='word_1_125' title='bbox 269 853 296 880; x_wconf 87' lang='lat' dir='ltr'><strong>in</strong></span> <span class='ocrx_word' id='word_1_126' title='bbox 309 854 468 888; x_wconf 72' lang='lat' dir='ltr'><strong>multiplices</strong></span> <span class='ocrx_word' id='word_1_127' title='bbox 479 861 585 880; x_wconf 82' lang='lat' dir='ltr'><strong>errores</strong></span> <span class='ocrx_word' id='word_1_128' title='bbox 602 855 735 887; x_wconf 82' lang='lat' dir='ltr'><strong>dispertiti</strong></span> <span class='ocrx_word' id='word_1_129' title='bbox 747 854 863 882; x_wconf 85' lang='lat' dir='ltr'><strong>luerunt.</strong></span> <span class='ocrx_word' id='word_1_130' title='bbox 883 855 966 882; x_wconf 83' lang='lat' dir='ltr'><strong>Etalii</strong></span> 
     </span>
    </p>
   </div>
   <div class='ocr_carea' id='block_1_20' title="bbox 1017 264 1815 303">
    <p class='ocr_par' dir='ltr' id='par_1_20' title="bbox 1017 264 1815 303">
     <span class='ocr_line' id='line_1_20' title="bbox 1017 264 1815 303; baseline -0.006 -8"><span class='ocrx_word' id='word_1_131' title='bbox 1017 270 1074 300; x_wconf 83' lang='grc' dir='ltr'>τοῖς</span> <span class='ocrx_word' id='word_1_132' title='bbox 1093 267 1159 303; x_wconf 79' lang='grc' dir='ltr'>παρ’</span> <span class='ocrx_word' id='word_1_133' title='bbox 1178 267 1255 302; x_wconf 78' lang='grc' dir='ltr'>ἐμοῦ.</span> <span class='ocrx_word' id='word_1_134' title='bbox 1273 276 1282 292; x_wconf 76' lang='lat' dir='ltr'><strong>r</strong></span> <span class='ocrx_word' id='word_1_135' title='bbox 1314 265 1396 297; x_wconf 82' lang='grc' dir='ltr'>Ἐθος</span> <span class='ocrx_word' id='word_1_136' title='bbox 1424 265 1477 300; x_wconf 88' lang='grc' dir='ltr'><strong>γὰρ</strong></span> <span class='ocrx_word' id='word_1_137' title='bbox 1494 265 1581 291; x_wconf 82' lang='grc' dir='ltr'>τοῖσδε</span> <span class='ocrx_word' id='word_1_138' title='bbox 1609 264 1731 294; x_wconf 82' lang='grc' dir='ltr'>σκοποῖς.</span> <span class='ocrx_word' id='word_1_139' title='bbox 1748 264 1815 298; x_wconf 76' lang='grc' dir='ltr'><strong>οὐχὶ</strong></span> 
     </span>
    </p>
   </div>
   <div class='ocr_carea' id='block_1_21' title="bbox 1020 309 1814 348">
    <p class='ocr_par' dir='ltr' id='par_1_21' title="bbox 1020 309 1814 348">
     <span class='ocr_line' id='line_1_21' title="bbox 1020 309 1814 348; baseline -0.008 -8"><span class='ocrx_word' id='word_1_140' title='bbox 1020 315 1100 348; x_wconf 82' lang='grc' dir='ltr'>μόνον</span> <span class='ocrx_word' id='word_1_141' title='bbox 1114 314 1170 345; x_wconf 77' lang='grc' dir='ltr'>τοῖς</span> <span class='ocrx_word' id='word_1_142' title='bbox 1187 311 1391 346; x_wconf 82' lang='grc' dir='ltr'><strong>παιδευομένοις</strong></span> <span class='ocrx_word' id='word_1_143' title='bbox 1414 310 1482 346; x_wconf 75' lang='grc' dir='ltr'>πρὸς</span> <span class='ocrx_word' id='word_1_144' title='bbox 1497 309 1669 336; x_wconf 75' lang='grc' dir='ltr'>ὑποτύπωσιν</span> <span class='ocrx_word' id='word_1_145' title='bbox 1685 309 1792 344; x_wconf 77' lang='grc' dir='ltr'>ἀρετῆς</span> <span class='ocrx_word' id='word_1_146' title='bbox 1804 329 1814 340; x_wconf 80' lang='grc'>,</span> 
     </span>
    </p>
   </div>
   <div class='ocr_carea' id='block_1_22' title="bbox 1018 354 1813 394">
    <p class='ocr_par' dir='ltr' id='par_1_22' title="bbox 1018 354 1813 394">
     <span class='ocr_line' id='line_1_22' title="bbox 1018 354 1813 394; baseline -0.008 -9"><span class='ocrx_word' id='word_1_147' title='bbox 1018 359 1076 394; x_wconf 71' lang='grc' dir='ltr'>ἤτοι</span> <span class='ocrx_word' id='word_1_148' title='bbox 1091 358 1228 389; x_wconf 74' lang='grc' dir='ltr'><strong>πολιτείας</strong></span> <span class='ocrx_word' id='word_1_149' title='bbox 1238 357 1285 384; x_wconf 73' lang='grc' dir='ltr'><strong>σὺν</strong></span> <span class='ocrx_word' id='word_1_150' title='bbox 1294 357 1385 391; x_wconf 88' lang='grc' dir='ltr'>νόμοις</span> <span class='ocrx_word' id='word_1_151' title='bbox 1395 356 1440 382; x_wconf 80' lang='grc' dir='ltr'><strong>τὸν</strong></span> <span class='ocrx_word' id='word_1_152' title='bbox 1450 355 1553 382; x_wconf 79' lang='grc' dir='ltr'>ἑαυτῶν</span> <span class='ocrx_word' id='word_1_153' title='bbox 1571 354 1726 389; x_wconf 68' lang='grc' dir='ltr'>προτιθέναι</span> <span class='ocrx_word' id='word_1_154' title='bbox 1739 354 1813 388; x_wconf 83' lang='grc' dir='ltr'>βίον,</span> 
     </span>
    </p>
   </div>
   <div class='ocr_carea' id='block_1_23' title="bbox 1017 399 1816 437">
    <p class='ocr_par' dir='ltr' id='par_1_23' title="bbox 1017 399 1816 437">
     <span class='ocr_line' id='line_1_23' title="bbox 1017 399 1816 437; baseline -0.006 -7"><span class='ocrx_word' id='word_1_155' title='bbox 1017 403 1085 430; x_wconf 76' lang='grc' dir='ltr'>ἀλλὰ</span> <span class='ocrx_word' id='word_1_156' title='bbox 1098 402 1152 437; x_wconf 83' lang='grc' dir='ltr'><strong>γὰρ</strong></span> <span class='ocrx_word' id='word_1_157' title='bbox 1180 402 1228 428; x_wconf 69' lang='grc' dir='ltr'>καὶ</span> <span class='ocrx_word' id='word_1_158' title='bbox 1252 400 1419 436; x_wconf 73' lang='grc' dir='ltr'>εἰσηγεῖσθαι</span> <span class='ocrx_word' id='word_1_159' title='bbox 1441 399 1475 427; x_wconf 86' lang='grc' dir='ltr'><strong>τὰ</strong></span> <span class='ocrx_word' id='word_1_160' title='bbox 1499 400 1630 435; x_wconf 72' lang='grc' dir='ltr'>χρήσιμα,</span> <span class='ocrx_word' id='word_1_161' title='bbox 1658 400 1705 426; x_wconf 79' lang='grc' dir='ltr'>καὶ</span> <span class='ocrx_word' id='word_1_162' title='bbox 1724 399 1757 425; x_wconf 76' lang='grc' dir='ltr'>τὸ</span> <span class='ocrx_word' id='word_1_163' title='bbox 1772 399 1816 434; x_wconf 82' lang='grc' dir='ltr'><strong>τῷ</strong></span> 
     </span>
    </p>
   </div>
   <div class='ocr_carea' id='block_1_24' title="bbox 1018 445 1815 484">
    <p class='ocr_par' dir='ltr' id='par_1_24' title="bbox 1018 445 1815 484">
     <span class='ocr_line' id='line_1_24' title="bbox 1018 445 1815 484; baseline -0.005 -9"><span class='ocrx_word' id='word_1_164' title='bbox 1018 449 1077 484; x_wconf 85' lang='grc' dir='ltr'><strong>Θεῷ</strong></span> <span class='ocrx_word' id='word_1_165' title='bbox 1093 447 1187 475; x_wconf 82' lang='grc' dir='ltr'>δοκοῦν</span> <span class='ocrx_word' id='word_1_166' title='bbox 1213 446 1401 482; x_wconf 86' lang='grc' dir='ltr'>διερμηνεύειν</span> <span class='ocrx_word' id='word_1_167' title='bbox 1427 446 1523 482; x_wconf 79' lang='grc' dir='ltr'><strong>ὀρθῶς.</strong></span> <span class='ocrx_word' id='word_1_168' title='bbox 1546 446 1616 472; x_wconf 75' lang='grc' dir='ltr'>Ἀλλ’</span> <span class='ocrx_word' id='word_1_169' title='bbox 1640 446 1664 472; x_wconf 81' lang='grc' dir='ltr'>οἱ</span> <span class='ocrx_word' id='word_1_170' title='bbox 1689 445 1740 481; x_wconf 79' lang='grc' dir='ltr'>μὲν</span> <span class='ocrx_word' id='word_1_171' title='bbox 1758 446 1815 472; x_wconf 80' lang='grc' dir='ltr'>ὑπὸ</span> 
     </span>
    </p>
   </div>
   <div class='ocr_carea' id='block_1_25' title="bbox 1019 492 1813 527">
    <p class='ocr_par' dir='ltr' id='par_1_25' title="bbox 1019 492 1813 527">
     <span class='ocr_line' id='line_1_25' title="bbox 1019 492 1813 527; baseline -0.004 -7"><span class='ocrx_word' id='word_1_172' title='bbox 1019 494 1137 525; x_wconf 79' lang='grc' dir='ltr'>σκοποὺς</span> <span class='ocrx_word' id='word_1_173' title='bbox 1162 493 1236 524; x_wconf 74' lang='grc' dir='ltr'>ὅντες</span> <span class='ocrx_word' id='word_1_174' title='bbox 1259 492 1388 526; x_wconf 74' lang='grc' dir='ltr'>ἀγαθοὺς,</span> <span class='ocrx_word' id='word_1_175' title='bbox 1415 494 1476 519; x_wconf 83' lang='grc' dir='ltr'>κατ’</span> <span class='ocrx_word' id='word_1_176' title='bbox 1498 492 1561 518; x_wconf 79' lang='grc' dir='ltr'><strong>εὐθὺ</strong></span> <span class='ocrx_word' id='word_1_177' title='bbox 1584 492 1630 518; x_wconf 80' lang='grc' dir='ltr'>τοῦ</span> <span class='ocrx_word' id='word_1_178' title='bbox 1654 492 1813 527; x_wconf 79' lang='grc' dir='ltr'>πρέποντος</span> 
     </span>
    </p>
   </div>
   <div class='ocr_carea' id='block_1_26' title="bbox 1019 537 1814 572">
    <p class='ocr_par' dir='ltr' id='par_1_26' title="bbox 1019 537 1814 572">
     <span class='ocr_line' id='line_1_26' title="bbox 1019 537 1814 572; baseline -0.003 -7"><span class='ocrx_word' id='word_1_179' title='bbox 1019 540 1113 570; x_wconf 82' lang='grc' dir='ltr'>ίόντες,</span> <span class='ocrx_word' id='word_1_180' title='bbox 1125 537 1265 569; x_wconf 75' lang='grc' dir='ltr'>ἐσώζοντο·</span> <span class='ocrx_word' id='word_1_181' title='bbox 1280 538 1305 563; x_wconf 80' lang='grc' dir='ltr'>οἱ</span> <span class='ocrx_word' id='word_1_182' title='bbox 1317 537 1344 564; x_wconf 80' lang='grc' dir='ltr'>δὲ</span> <span class='ocrx_word' id='word_1_183' title='bbox 1361 538 1488 572; x_wconf 80' lang='grc' dir='ltr'>πονηροῖς</span> <span class='ocrx_word' id='word_1_184' title='bbox 1510 537 1557 563; x_wconf 67' lang='grc' dir='ltr'>καὶ</span> <span class='ocrx_word' id='word_1_185' title='bbox 1571 537 1681 570; x_wconf 61' lang='grc' dir='ltr'>φαύλοις</span> <span class='ocrx_word' id='word_1_186' title='bbox 1693 537 1814 572; x_wconf 79' lang='grc' dir='ltr'>ἀνδράσι</span> 
     </span>
    </p>
   </div>
   <div class='ocr_carea' id='block_1_27' title="bbox 1016 581 1816 617">
    <p class='ocr_par' dir='ltr' id='par_1_27' title="bbox 1016 581 1816 617">
     <span class='ocr_line' id='line_1_27' title="bbox 1016 581 1816 617; baseline -0.003 -8"><span class='ocrx_word' id='word_1_187' title='bbox 1016 583 1065 617; x_wconf 79' lang='grc' dir='ltr'>τῆς</span> <span class='ocrx_word' id='word_1_188' title='bbox 1084 581 1188 608; x_wconf 79' lang='grc' dir='ltr'><strong>ἑαυτῶν</strong></span> <span class='ocrx_word' id='word_1_189' title='bbox 1201 581 1318 612; x_wconf 78' lang='grc' dir='ltr'>διανοίας</span> <span class='ocrx_word' id='word_1_190' title='bbox 1334 581 1532 617; x_wconf 80' lang='grc' dir='ltr'><strong>προσνέμοντες</strong></span> <span class='ocrx_word' id='word_1_191' title='bbox 1549 581 1598 616; x_wconf 80' lang='grc' dir='ltr'>τὴν</span> <span class='ocrx_word' id='word_1_192' title='bbox 1618 581 1716 617; x_wconf 80' lang='grc' dir='ltr'>ῥοπὴν,</span> <span class='ocrx_word' id='word_1_193' title='bbox 1737 582 1816 608; x_wconf 75' lang='grc' dir='ltr'>πλα-</span> 
     </span>
    </p>
   </div>
   <div class='ocr_carea' id='block_1_28' title="bbox 1017 627 1814 662">
    <p class='ocr_par' dir='ltr' id='par_1_28' title="bbox 1017 627 1814 662">
     <span class='ocr_line' id='line_1_28' title="bbox 1017 627 1814 662; baseline -0.003 -8"><span class='ocrx_word' id='word_1_194' title='bbox 1017 627 1116 659; x_wconf 74' lang='grc' dir='ltr'>νῶντες</span> <span class='ocrx_word' id='word_1_195' title='bbox 1137 636 1178 659; x_wconf 85' lang='grc' dir='ltr'>τε,</span> <span class='ocrx_word' id='word_1_196' title='bbox 1202 627 1249 654; x_wconf 72' lang='grc' dir='ltr'>καὶ</span> <span class='ocrx_word' id='word_1_197' title='bbox 1276 627 1444 662; x_wconf 76' lang='grc' dir='ltr'>πλανώμενοι</span> <span class='ocrx_word' id='word_1_198' title='bbox 1467 627 1610 659; x_wconf 79' lang='grc' dir='ltr'>διετέλουν,</span> <span class='ocrx_word' id='word_1_199' title='bbox 1627 629 1673 653; x_wconf 81' lang='grc' dir='ltr'>και.</span> <span class='ocrx_word' id='word_1_200' title='bbox 1695 627 1814 661; x_wconf 76' lang='grc' dir='ltr'>ἁπάσης</span> 
     </span>
    </p>
   </div>
   <div class='ocr_carea' id='block_1_29' title="bbox 1017 672 1813 708">
    <p class='ocr_par' dir='ltr' id='par_1_29' title="bbox 1017 672 1813 708">
     <span class='ocr_line' id='line_1_29' title="bbox 1017 672 1813 708; baseline 0.001 -10"><span class='ocrx_word' id='word_1_201' title='bbox 1017 672 1200 708; x_wconf 80' lang='grc' dir='ltr'>ἀγαθουργίας</span> <span class='ocrx_word' id='word_1_202' title='bbox 1229 673 1276 699; x_wconf 74' lang='grc' dir='ltr'>καὶ</span> <span class='ocrx_word' id='word_1_203' title='bbox 1306 672 1433 706; x_wconf 82' lang='grc' dir='ltr'>γνώσεως</span> <span class='ocrx_word' id='word_1_204' title='bbox 1466 673 1583 707; x_wconf 73' lang='grc' dir='ltr'>ἀληθοῦς</span> <span class='ocrx_word' id='word_1_205' title='bbox 1625 673 1813 708; x_wconf 78' lang='grc' dir='ltr'>ἐξῳκισμένον</span> 
     </span>
    </p>
   </div>
   <div class='ocr_carea' id='block_1_30' title="bbox 1017 711 1814 751">
    <p class='ocr_par' dir='ltr' id='par_1_30' title="bbox 1017 711 1814 751">
     <span class='ocr_line' id='line_1_30' title="bbox 1017 711 1814 751; baseline 0 -8"><span class='ocrx_word' id='word_1_206' title='bbox 1017 711 1123 751; x_wconf 68' lang='grc' dir='ltr'>ἔχοντες</span> <span class='ocrx_word' id='word_1_207' title='bbox 1135 717 1180 743; x_wconf 79' lang='grc' dir='ltr'>τὸν</span> <span class='ocrx_word' id='word_1_208' title='bbox 1203 717 1274 743; x_wconf 82' lang='grc' dir='ltr'>νοῦν.</span> <span class='ocrx_word' id='word_1_209' title='bbox 1292 717 1368 744; x_wconf 66' lang='grc' dir='ltr'>Οὕτω</span> <span class='ocrx_word' id='word_1_210' title='bbox 1388 717 1555 748; x_wconf 82' lang='grc' dir='ltr'><strong>πεπονθότας</strong></span> <span class='ocrx_word' id='word_1_211' title='bbox 1573 719 1747 744; x_wconf 81' lang='grc' dir='ltr'>καταιτιᾶται</span> <span class='ocrx_word' id='word_1_212' title='bbox 1762 718 1814 743; x_wconf 76' lang='grc' dir='ltr'>καὶ</span> 
     </span>
    </p>
   </div>
   <div class='ocr_carea' id='block_1_31' title="bbox 1017 762 1810 798">
    <p class='ocr_par' dir='ltr' id='par_1_31' title="bbox 1017 762 1810 798">
     <span class='ocr_line' id='line_1_31' title="bbox 1017 762 1810 798; baseline 0.001 -10"><span class='ocrx_word' id='word_1_213' title='bbox 1017 763 1063 789; x_wconf 81' lang='grc' dir='ltr'><strong>νῦν</strong></span> <span class='ocrx_word' id='word_1_214' title='bbox 1079 763 1142 794; x_wconf 81' lang='grc' dir='ltr'>τοὺς</span> <span class='ocrx_word' id='word_1_215' title='bbox 1157 763 1189 789; x_wconf 81' lang='grc' dir='ltr'>ὲκ</span> <span class='ocrx_word' id='word_1_216' title='bbox 1210 762 1260 797; x_wconf 74' lang='grc' dir='ltr'>τῆς</span> <span class='ocrx_word' id='word_1_217' title='bbox 1284 763 1370 797; x_wconf 79' lang='grc' dir='ltr'>φυλῆς</span> <span class='ocrx_word' id='word_1_218' title='bbox 1394 763 1522 798; x_wconf 80' lang='grc' dir='ltr'>Ἐφραῗμ,</span> <span class='ocrx_word' id='word_1_219' title='bbox 1539 763 1598 798; x_wconf 72' lang='grc' dir='ltr'>ἦτοι</span> <span class='ocrx_word' id='word_1_220' title='bbox 1621 763 1666 789; x_wconf 82' lang='grc' dir='ltr'>τὸν</span> <span class='ocrx_word' id='word_1_221' title='bbox 1685 763 1810 798; x_wconf 74' lang='grc' dir='ltr'>Ἰσραήλ.</span> 
     </span>
    </p>
   </div>
   <div class='ocr_carea' id='block_1_32' title="bbox 1020 808 1813 844">
    <p class='ocr_par' dir='ltr' id='par_1_32' title="bbox 1020 808 1813 844">
     <span class='ocr_line' id='line_1_32' title="bbox 1020 808 1813 844; baseline 0.003 -11"><span class='ocrx_word' id='word_1_222' title='bbox 1020 817 1029 833; x_wconf 75' lang='grc' dir='ltr'><strong>ι</strong></span> <span class='ocrx_word' id='word_1_223' title='bbox 1045 808 1142 841; x_wconf 80' lang='grc' dir='ltr'>Γέγονε</span> <span class='ocrx_word' id='word_1_224' title='bbox 1159 808 1212 843; x_wconf 73' lang='grc' dir='ltr'><strong>γὰρ</strong></span> <span class='ocrx_word' id='word_1_225' title='bbox 1228 808 1311 843; x_wconf 82' lang='grc' dir='ltr'>αὐτῷ,</span> <span class='ocrx_word' id='word_1_226' title='bbox 1329 809 1405 842; x_wconf 71' lang='grc' dir='ltr'>φησι.</span> <span class='ocrx_word' id='word_1_227' title='bbox 1435 808 1535 839; x_wconf 74' lang='grc' dir='ltr'>σκοπὸς</span> <span class='ocrx_word' id='word_1_228' title='bbox 1552 808 1621 844; x_wconf 76' lang='grc' dir='ltr'>μετὰ</span> <span class='ocrx_word' id='word_1_229' title='bbox 1647 808 1715 835; x_wconf 83' lang='grc' dir='ltr'><strong>Θεοῦ</strong></span> <span class='ocrx_word' id='word_1_230' title='bbox 1740 817 1813 844; x_wconf 87' lang='grc' dir='ltr'>προ-</span> 
     </span>
    </p>
   </div>
   <div class='ocr_carea' id='block_1_33' title="bbox 1018 853 1813 889">
    <p class='ocr_par' dir='ltr' id='par_1_33' title="bbox 1018 853 1813 889">
     <span class='ocr_line' id='line_1_33' title="bbox 1018 853 1813 889; baseline 0 -9"><span class='ocrx_word' id='word_1_231' title='bbox 1018 855 1115 888; x_wconf 85' lang='grc' dir='ltr'>φήτης,</span> <span class='ocrx_word' id='word_1_232' title='bbox 1130 863 1139 879; x_wconf 74' lang='grc' dir='ltr'><strong>ι</strong></span> <span class='ocrx_word' id='word_1_233' title='bbox 1157 854 1268 886; x_wconf 84' lang='grc' dir='ltr'>Ὅμοιον</span> <span class='ocrx_word' id='word_1_234' title='bbox 1278 854 1317 885; x_wconf 81' lang='grc' dir='ltr'>ὡς</span> <span class='ocrx_word' id='word_1_235' title='bbox 1334 854 1357 880; x_wconf 82' lang='grc' dir='ltr'>ει</span> <span class='ocrx_word' id='word_1_236' title='bbox 1369 853 1454 887; x_wconf 83' lang='grc' dir='ltr'>λέγοι,</span> <span class='ocrx_word' id='word_1_237' title='bbox 1472 853 1531 880; x_wconf 84' lang='grc' dir='ltr'>καθ’</span> <span class='ocrx_word' id='word_1_238' title='bbox 1544 854 1658 880; x_wconf 75' lang='grc' dir='ltr'>ἕκαστον</span> <span class='ocrx_word' id='word_1_239' title='bbox 1673 854 1727 880; x_wconf 86' lang='grc' dir='ltr'><strong>τῶν</strong></span> <span class='ocrx_word' id='word_1_240' title='bbox 1742 854 1813 889; x_wconf 77' lang='grc' dir='ltr'>ψευ-</span> 
     </span>
    </p>
   </div>
   <div class='ocr_carea' id='block_1_34' title="bbox 183 891 966 935">
    <p class='ocr_par' dir='ltr' id='par_1_34' title="bbox 183 898 966 934">
     <span class='ocr_line' id='line_1_34' title="bbox 183 898 966 934; baseline 0.006 -11"><span class='ocrx_word' id='word_1_241' title='bbox 183 899 291 932; x_wconf 87' lang='lat' dir='ltr'><strong>quident</strong></span> <span class='ocrx_word' id='word_1_242' title='bbox 306 898 457 925; x_wconf 90' lang='lat' dir='ltr'><strong>servierunt</strong></span> <span class='ocrx_word' id='word_1_243' title='bbox 473 899 552 931; x_wconf 82' lang='lat' dir='ltr'><strong>Baal,</strong></span> <span class='ocrx_word' id='word_1_244' title='bbox 571 899 614 927; x_wconf 89' lang='lat' dir='ltr'><strong>alii</strong></span> <span class='ocrx_word' id='word_1_245' title='bbox 630 898 759 932; x_wconf 80' lang='lat' dir='ltr'><strong>Chatnos,</strong></span> <span class='ocrx_word' id='word_1_246' title='bbox 771 901 827 927; x_wconf 85' lang='lat' dir='ltr'><strong>sive</strong></span> <span class='ocrx_word' id='word_1_247' title='bbox 839 900 966 934; x_wconf 86' lang='lat' dir='ltr'><strong>Beelphe—</strong></span> 
     </span>
    </p>
   </div>
   <div class='ocr_carea' id='block_1_35' title="bbox 1021 891 1812 935">
    <p class='ocr_par' dir='ltr' id='par_1_35' title="bbox 1021 899 1812 935">
     <span class='ocr_line' id='line_1_35' title="bbox 1021 899 1812 935; baseline 0.001 -10"><span class='ocrx_word' id='word_1_248' title='bbox 1021 899 1149 934; x_wconf 86' lang='grc' dir='ltr'>δωνύμων</span> <span class='ocrx_word' id='word_1_249' title='bbox 1163 899 1243 930; x_wconf 83' lang='grc' dir='ltr'>θεῶν,</span> <span class='ocrx_word' id='word_1_250' title='bbox 1258 899 1306 926; x_wconf 78' lang='grc' dir='ltr'>καὶ</span> <span class='ocrx_word' id='word_1_251' title='bbox 1319 899 1499 934; x_wconf 77' lang='grc' dir='ltr'>ψευδόμαντις</span> <span class='ocrx_word' id='word_1_252' title='bbox 1519 900 1611 931; x_wconf 81' lang='grc' dir='ltr'>ίδικός.</span> <span class='ocrx_word' id='word_1_253' title='bbox 1632 900 1675 932; x_wconf 85' lang='grc' dir='ltr'>Ὡς</span> <span class='ocrx_word' id='word_1_254' title='bbox 1686 899 1741 935; x_wconf 80' lang='grc' dir='ltr'><strong>γάρ</strong></span> <span class='ocrx_word' id='word_1_255' title='bbox 1758 901 1812 935; x_wconf 68' lang='grc' dir='ltr'>ἤδη</span> 
     </span>
    </p>
   </div>
   <div class='ocr_carea' id='block_1_36' title="bbox 183 943 966 978">
    <p class='ocr_par' dir='ltr' id='par_1_36' title="bbox 183 943 966 978">
     <span class='ocr_line' id='line_1_36' title="bbox 183 943 966 978; baseline 0.004 -10"><span class='ocrx_word' id='word_1_256' title='bbox 183 949 233 976; x_wconf 76' lang='lat' dir='ltr'><strong>gor</strong></span> <span class='ocrx_word' id='word_1_257' title='bbox 248 952 255 969; x_wconf 88' lang='lat'><strong>:</strong></span> <span class='ocrx_word' id='word_1_258' title='bbox 269 943 344 977; x_wconf 78' lang='lat'><strong>133</strong></span> <span class='ocrx_word' id='word_1_259' title='bbox 363 949 389 969; x_wconf 90' lang='lat' dir='ltr'><strong>et</strong></span> <span class='ocrx_word' id='word_1_260' title='bbox 406 943 431 969; x_wconf 90' lang='lat' dir='ltr'><strong>in</strong></span> <span class='ocrx_word' id='word_1_261' title='bbox 447 943 565 978; x_wconf 88' lang='lat' dir='ltr'><strong>quolibet</strong></span> <span class='ocrx_word' id='word_1_262' title='bbox 579 943 641 970; x_wconf 82' lang='lat' dir='ltr'><strong>lano</strong></span> <span class='ocrx_word' id='word_1_263' title='bbox 661 944 808 971; x_wconf 74' lang='lat' dir='ltr'><strong>formatum</strong></span> <span class='ocrx_word' id='word_1_264' title='bbox 829 949 855 971; x_wconf 89' lang='lat' dir='ltr'><strong>et</strong></span> <span class='ocrx_word' id='word_1_265' title='bbox 873 952 966 971; x_wconf 64' lang='lat' dir='ltr'><strong>Illallll&#39;</strong></span> 
     </span>
    </p>
   </div>
   <div class='ocr_carea' id='block_1_37' title="bbox 185 987 967 1024">
    <p class='ocr_par' dir='ltr' id='par_1_37' title="bbox 185 987 967 1024">
     <span class='ocr_line' id='line_1_37' title="bbox 185 987 967 1024; baseline 0.003 -10"><span class='ocrx_word' id='word_1_266' title='bbox 185 987 283 1014; x_wconf 81' lang='lat' dir='ltr'><strong>factum</strong></span> <span class='ocrx_word' id='word_1_267' title='bbox 300 989 472 1016; x_wconf 88' lang='lat' dir='ltr'><strong>simulacrum</strong></span> <span class='ocrx_word' id='word_1_268' title='bbox 487 989 596 1023; x_wconf 82' lang='lat' dir='ltr'><strong>aliquod</strong></span> <span class='ocrx_word' id='word_1_269' title='bbox 624 989 778 1024; x_wconf 86' lang='lat' dir='ltr'><strong>idolutnque</strong></span> <span class='ocrx_word' id='word_1_270' title='bbox 795 990 967 1023; x_wconf 75' lang='lat' dir='ltr'><strong>cernebatur,</strong></span> 
     </span>
    </p>
   </div>
   <div class='ocr_carea' id='block_1_38' title="bbox 183 1033 967 1071">
    <p class='ocr_par' dir='ltr' id='par_1_38' title="bbox 183 1033 967 1071">
     <span class='ocr_line' id='line_1_38' title="bbox 183 1033 967 1071; baseline 0.003 -11"><span class='ocrx_word' id='word_1_271' title='bbox 183 1033 226 1060; x_wconf 91' lang='lat' dir='ltr'><strong>cui</strong></span> <span class='ocrx_word' id='word_1_272' title='bbox 246 1034 381 1061; x_wconf 81' lang='lat' dir='ltr'><strong>assidebat</strong></span> <span class='ocrx_word' id='word_1_273' title='bbox 396 1036 557 1069; x_wconf 83' lang='lat' dir='ltr'><strong>assiduoque</strong></span> <span class='ocrx_word' id='word_1_274' title='bbox 580 1037 717 1063; x_wconf 81' lang='lat' dir='ltr'><strong>serviebat</strong></span> <span class='ocrx_word' id='word_1_275' title='bbox 736 1036 967 1071; x_wconf 70' lang='lat' dir='ltr'><strong>psaudopropheta</strong></span> 
     </span>
    </p>
   </div>
   <div class='ocr_carea' id='block_1_39' title="bbox 183 1080 969 1118">
    <p class='ocr_par' dir='ltr' id='par_1_39' title="bbox 183 1080 969 1118">
     <span class='ocr_line' id='line_1_39' title="bbox 183 1080 969 1118; baseline 0.004 -13"><span class='ocrx_word' id='word_1_276' title='bbox 183 1080 326 1118; x_wconf 37' lang='lat' dir='ltr'><strong>proprius“</strong></span> <span class='ocrx_word' id='word_1_277' title='bbox 336 1086 448 1115; x_wconf 84' lang='lat' dir='ltr'><strong>eratque</strong></span> <span class='ocrx_word' id='word_1_278' title='bbox 470 1083 539 1117; x_wconf 85' lang='lat' dir='ltr'><strong>apud</strong></span> <span class='ocrx_word' id='word_1_279' title='bbox 555 1089 602 1109; x_wconf 89' lang='lat' dir='ltr'><strong>eos</strong></span> <span class='ocrx_word' id='word_1_280' title='bbox 627 1083 902 1118; x_wconf 76' lang='lat' dir='ltr'><strong>genus_vaticinandi</strong></span> <span class='ocrx_word' id='word_1_281' title='bbox 923 1090 969 1109; x_wconf 83' lang='lat' dir='ltr'><strong>va-</strong></span> 
     </span>
    </p>
   </div>
   <div class='ocr_carea' id='block_1_40' title="bbox 183 1125 967 1163">
    <p class='ocr_par' dir='ltr' id='par_1_40' title="bbox 183 1125 967 1163">
     <span class='ocr_line' id='line_1_40' title="bbox 183 1125 967 1163; baseline 0.008 -13"><span class='ocrx_word' id='word_1_282' title='bbox 183 1125 263 1151; x_wconf 84' lang='lat' dir='ltr'><strong>rium.</strong></span> <span class='ocrx_word' id='word_1_283' title='bbox 288 1126 320 1152; x_wconf 85' lang='lat' dir='ltr'><strong>Et</strong></span> <span class='ocrx_word' id='word_1_284' title='bbox 342 1128 500 1154; x_wconf 80' lang='lat' dir='ltr'><strong>eructabant</strong></span> <span class='ocrx_word' id='word_1_285' title='bbox 522 1129 712 1156; x_wconf 80' lang='lat' dir='ltr'><strong>accedentibus</strong></span> <span class='ocrx_word' id='word_1_286' title='bbox 732 1130 802 1163; x_wconf 88' lang='lat' dir='ltr'><strong>qttod</strong></span> <span class='ocrx_word' id='word_1_287' title='bbox 831 1130 967 1162; x_wconf 84' lang='lat' dir='ltr'><strong>volebant,</strong></span> 
     </span>
    </p>
   </div>
   <div class='ocr_carea' id='block_1_41' title="bbox 183 1170 966 1206">
    <p class='ocr_par' dir='ltr' id='par_1_41' title="bbox 183 1170 966 1206">
     <span class='ocr_line' id='line_1_41' title="bbox 183 1170 966 1206; baseline 0.008 -10"><span class='ocrx_word' id='word_1_288' title='bbox 183 1170 241 1197; x_wconf 78' lang='lat' dir='ltr'><strong>sine</strong></span> <span class='ocrx_word' id='word_1_289' title='bbox 257 1171 360 1197; x_wconf 81' lang='lat' dir='ltr'><strong>ratione</strong></span> <span class='ocrx_word' id='word_1_290' title='bbox 383 1176 510 1206; x_wconf 86' lang='lat' dir='ltr'><strong>tanquam</strong></span> <span class='ocrx_word' id='word_1_291' title='bbox 530 1175 699 1201; x_wconf 84' lang='lat' dir='ltr'><strong>conducibile</strong></span> <span class='ocrx_word' id='word_1_292' title='bbox 722 1180 750 1201; x_wconf 88' lang='lat' dir='ltr'><strong>et</strong></span> <span class='ocrx_word' id='word_1_293' title='bbox 775 1176 966 1202; x_wconf 78' lang='lat' dir='ltr'><strong>necessarium.</strong></span> 
     </span>
    </p>
   </div>
   <div class='ocr_carea' id='block_1_42' title="bbox 182 1215 967 1255">
    <p class='ocr_par' dir='ltr' id='par_1_42' title="bbox 182 1215 967 1255">
     <span class='ocr_line' id='line_1_42' title="bbox 182 1215 967 1255; baseline 0.008 -14"><span class='ocrx_word' id='word_1_294' title='bbox 182 1215 314 1248; x_wconf 83' lang='lat' dir='ltr'><strong>Quoniam</strong></span> <span class='ocrx_word' id='word_1_295' title='bbox 329 1216 409 1250; x_wconf 80' lang='lat' dir='ltr'><strong>igitur</strong></span> <span class='ocrx_word' id='word_1_296' title='bbox 421 1217 508 1245; x_wconf 80' lang='lat' dir='ltr'><strong>factus</strong></span> <span class='ocrx_word' id='word_1_297' title='bbox 516 1223 557 1245; x_wconf 84' lang='lat' dir='ltr'><strong>est</strong></span> <span class='ocrx_word' id='word_1_298' title='bbox 571 1227 668 1253; x_wconf 87' lang='lat' dir='ltr'><strong>scopus</strong></span> <span class='ocrx_word' id='word_1_299' title='bbox 682 1220 824 1247; x_wconf 88' lang='lat' dir='ltr'><strong>tribulibus</strong></span> <span class='ocrx_word' id='word_1_300' title='bbox 842 1220 967 1255; x_wconf 79' lang='lat' dir='ltr'><strong>Ephraitn</strong></span> 
     </span>
    </p>
   </div>
   <div class='ocr_carea' id='block_1_43' title="bbox 183 1262 968 1300">
    <p class='ocr_par' dir='ltr' id='par_1_43' title="bbox 183 1262 968 1300">
     <span class='ocr_line' id='line_1_43' title="bbox 183 1262 968 1300; baseline 0.006 -13"><span class='ocrx_word' id='word_1_301' title='bbox 183 1268 244 1287; x_wconf 82' lang='lat' dir='ltr'><strong>cum</strong></span> <span class='ocrx_word' id='word_1_302' title='bbox 259 1269 418 1296; x_wconf 74' lang='lat' dir='ltr'><strong>unoquoque</strong></span> <span class='ocrx_word' id='word_1_303' title='bbox 432 1262 500 1290; x_wconf 83' lang='lat' dir='ltr'><strong>falso</strong></span> <span class='ocrx_word' id='word_1_304' title='bbox 515 1264 565 1291; x_wconf 86' lang='lat' dir='ltr'><strong>deo</strong></span> <span class='ocrx_word' id='word_1_305' title='bbox 579 1265 660 1291; x_wconf 83' lang='lat' dir='ltr'><strong>etiam</strong></span> <span class='ocrx_word' id='word_1_306' title='bbox 682 1266 810 1299; x_wconf 74' lang='lat' dir='ltr'><strong>propheta</strong></span> <span class='ocrx_word' id='word_1_307' title='bbox 833 1267 968 1300; x_wconf 74' lang='lat' dir='ltr'><strong>proprius,</strong></span> 
     </span>
    </p>
   </div>
   <div class='ocr_carea' id='block_1_44' title="bbox 183 1307 970 1346">
    <p class='ocr_par' dir='ltr' id='par_1_44' title="bbox 183 1307 970 1346">
     <span class='ocr_line' id='line_1_44' title="bbox 183 1307 970 1346; baseline 0.009 -14"><span class='ocrx_word' id='word_1_308' title='bbox 183 1307 285 1334; x_wconf 87' lang='lat' dir='ltr'><strong>idcirco</strong></span> <span class='ocrx_word' id='word_1_309' title='bbox 299 1313 389 1342; x_wconf 88' lang='lat' dir='ltr'><strong>postea</strong></span> <span class='ocrx_word' id='word_1_310' title='bbox 408 1309 441 1335; x_wconf 85' lang='lat' dir='ltr'><strong>ad</strong></span> <span class='ocrx_word' id='word_1_311' title='bbox 464 1310 572 1343; x_wconf 86' lang='lat' dir='ltr'><strong>quidvis</strong></span> <span class='ocrx_word' id='word_1_312' title='bbox 596 1312 780 1344; x_wconf 77' lang='lat' dir='ltr'><strong>tUrpiSsimunt</strong></span> <span class='ocrx_word' id='word_1_313' title='bbox 808 1312 970 1346; x_wconf 79' lang='lat' dir='ltr'><strong>impotenter</strong></span> 
     </span>
    </p>
   </div>
   <div class='ocr_carea' id='block_1_45' title="bbox 183 1353 969 1391">
    <p class='ocr_par' dir='ltr' id='par_1_45' title="bbox 183 1353 969 1391">
     <span class='ocr_line' id='line_1_45' title="bbox 183 1353 969 1391; baseline 0.009 -13"><span class='ocrx_word' id='word_1_314' title='bbox 183 1359 213 1378; x_wconf 85' lang='lat' dir='ltr'><strong>se</strong></span> <span class='ocrx_word' id='word_1_315' title='bbox 224 1353 364 1380; x_wconf 86' lang='lat' dir='ltr'><strong>dederunt.</strong></span> <span class='ocrx_word' id='word_1_316' title='bbox 383 1353 437 1380; x_wconf 85' lang='lat' dir='ltr'><strong>llnc</strong></span> <span class='ocrx_word' id='word_1_317' title='bbox 452 1355 503 1382; x_wconf 86' lang='lat' dir='ltr'><strong>illis</strong></span> <span class='ocrx_word' id='word_1_318' title='bbox 521 1355 622 1382; x_wconf 78' lang='lat' dir='ltr'><strong>factum</strong></span> <span class='ocrx_word' id='word_1_319' title='bbox 642 1361 684 1384; x_wconf 87' lang='lat' dir='ltr'><strong>est</strong></span> <span class='ocrx_word' id='word_1_320' title='bbox 711 1367 719 1382; x_wconf 83' lang='grc' dir='ltr'><strong>ι</strong></span> <span class='ocrx_word' id='word_1_321' title='bbox 741 1361 767 1383; x_wconf 89' lang='lat' dir='ltr'><strong>cl.</strong></span> <span class='ocrx_word' id='word_1_322' title='bbox 786 1357 897 1391; x_wconf 84' lang='lat' dir='ltr'><strong>laqueus</strong></span> <span class='ocrx_word' id='word_1_323' title='bbox 913 1363 969 1385; x_wconf 89' lang='lat' dir='ltr'><strong>tor-</strong></span> 
     </span>
    </p>
   </div>
   <div class='ocr_carea' id='block_1_46' title="bbox 184 1398 968 1438">
    <p class='ocr_par' dir='ltr' id='par_1_46' title="bbox 184 1398 968 1438">
     <span class='ocr_line' id='line_1_46' title="bbox 184 1398 968 1438; baseline 0.009 -15"><span class='ocrx_word' id='word_1_324' title='bbox 184 1401 287 1424; x_wconf 82' lang='lat' dir='ltr'><strong>tuosus.</strong></span> <span class='ocrx_word' id='word_1_325' title='bbox 307 1408 316 1424; x_wconf 74' lang='grc'><strong>»</strong></span> <span class='ocrx_word' id='word_1_326' title='bbox 328 1398 383 1425; x_wconf 83' lang='grc' dir='ltr'>Νοιι</span> <span class='ocrx_word' id='word_1_327' title='bbox 400 1400 471 1426; x_wconf 81' lang='lat' dir='ltr'><strong>enim</strong></span> <span class='ocrx_word' id='word_1_328' title='bbox 485 1405 610 1435; x_wconf 77' lang='lat' dir='ltr'><strong>poterant</strong></span> <span class='ocrx_word' id='word_1_329' title='bbox 627 1403 716 1436; x_wconf 71' lang='lat' dir='ltr'><strong>dirigi,</strong></span> <span class='ocrx_word' id='word_1_330' title='bbox 728 1408 755 1429; x_wconf 88' lang='lat' dir='ltr'><strong>et</strong></span> <span class='ocrx_word' id='word_1_331' title='bbox 769 1408 841 1430; x_wconf 85' lang='lat' dir='ltr'><strong>recta</strong></span> <span class='ocrx_word' id='word_1_332' title='bbox 850 1410 968 1438; x_wconf 86' lang='lat' dir='ltr'><strong>unquam</strong></span> 
     </span>
    </p>
   </div>
   <div class='ocr_carea' id='block_1_47' title="bbox 183 1443 968 1482">
    <p class='ocr_par' dir='ltr' id='par_1_47' title="bbox 183 1443 968 1482">
     <span class='ocr_line' id='line_1_47' title="bbox 183 1443 968 1482; baseline 0.009 -12"><span class='ocrx_word' id='word_1_333' title='bbox 183 1443 311 1472; x_wconf 81' lang='lat' dir='ltr'><strong>incedere</strong></span> <span class='ocrx_word' id='word_1_334' title='bbox 325 1445 350 1472; x_wconf 90' lang='lat' dir='ltr'><strong>in</strong></span> <span class='ocrx_word' id='word_1_335' title='bbox 375 1450 413 1472; x_wconf 93' lang='lat' dir='ltr'><strong>tot</strong></span> <span class='ocrx_word' id='word_1_336' title='bbox 431 1446 542 1473; x_wconf 84' lang='lat' dir='ltr'><strong>deorum</strong></span> <span class='ocrx_word' id='word_1_337' title='bbox 571 1448 671 1474; x_wconf 90' lang='lat' dir='ltr'><strong>cultum</strong></span> <span class='ocrx_word' id='word_1_338' title='bbox 698 1449 827 1482; x_wconf 80' lang='lat' dir='ltr'><strong>prolapsi,</strong></span> <span class='ocrx_word' id='word_1_339' title='bbox 857 1455 885 1475; x_wconf 89' lang='lat' dir='ltr'><strong>ttt</strong></span> <span class='ocrx_word' id='word_1_340' title='bbox 906 1457 968 1477; x_wconf 91' lang='lat' dir='ltr'><strong>cum</strong></span> 
     </span>
    </p>
   </div>
   <div class='ocr_carea' id='block_1_48' title="bbox 183 1489 969 1528">
    <p class='ocr_par' dir='ltr' id='par_1_48' title="bbox 183 1489 969 1528">
     <span class='ocr_line' id='line_1_48' title="bbox 183 1489 969 1528; baseline 0.009 -13"><span class='ocrx_word' id='word_1_341' title='bbox 183 1489 303 1523; x_wconf 87' lang='lat' dir='ltr'><strong>qttolibet</strong></span> <span class='ocrx_word' id='word_1_342' title='bbox 323 1491 372 1518; x_wconf 89' lang='lat' dir='ltr'><strong>deo</strong></span> <span class='ocrx_word' id='word_1_343' title='bbox 394 1496 420 1518; x_wconf 89' lang='lat' dir='ltr'><strong>et</strong></span> <span class='ocrx_word' id='word_1_344' title='bbox 441 1493 577 1527; x_wconf 89' lang='lat' dir='ltr'><strong>proprium</strong></span> <span class='ocrx_word' id='word_1_345' title='bbox 600 1495 757 1528; x_wconf 84' lang='lat' dir='ltr'><strong>prophetam</strong></span> <span class='ocrx_word' id='word_1_346' title='bbox 783 1495 921 1526; x_wconf 77' lang='lat' dir='ltr'><strong>haberent,</strong></span> <span class='ocrx_word' id='word_1_347' title='bbox 942 1500 969 1522; x_wconf 90' lang='lat' dir='ltr'><strong>et</strong></span> 
     </span>
    </p>
   </div>
   <div class='ocr_carea' id='block_1_49' title="bbox 185 1535 1002 1588">
    <p class='ocr_par' dir='ltr' id='par_1_49' title="bbox 185 1535 1002 1588">
     <span class='ocr_line' id='line_1_49' title="bbox 185 1535 1002 1588; baseline 0.006 -26"><span class='ocrx_word' id='word_1_348' title='bbox 185 1535 293 1570; x_wconf 83' lang='lat' dir='ltr'><strong>insuper</strong></span> <span class='ocrx_word' id='word_1_349' title='bbox 303 1544 412 1571; x_wconf 85' lang='lat' dir='ltr'><strong>scopum</strong></span> <span class='ocrx_word' id='word_1_350' title='bbox 429 1538 479 1565; x_wconf 84' lang='lat' dir='ltr'><strong>sibi</strong></span> <span class='ocrx_word' id='word_1_351' title='bbox 494 1538 624 1570; x_wconf 82' lang='lat' dir='ltr'><strong>lacerent,</strong></span> <span class='ocrx_word' id='word_1_352' title='bbox 642 1540 685 1573; x_wconf 85' lang='lat' dir='ltr'><strong>qui</strong></span> <span class='ocrx_word' id='word_1_353' title='bbox 701 1548 748 1567; x_wconf 90' lang='lat' dir='ltr'><strong>eos</strong></span> <span class='ocrx_word' id='word_1_354' title='bbox 765 1548 778 1566; x_wconf 88' lang='lat' dir='ltr'><strong>a</strong></span> <span class='ocrx_word' id='word_1_355' title='bbox 793 1541 891 1574; x_wconf 81' lang='lat' dir='ltr'><strong>pietate</strong></span> <span class='ocrx_word' id='word_1_356' title='bbox 905 1549 966 1576; x_wconf 80' lang='lat' dir='ltr'><strong>erga</strong></span> <span class='ocrx_word' id='word_1_357' title='bbox 981 1559 1002 1588; x_wconf 63' lang='grc' dir='ltr'><strong><em>ε</em></strong></span> 
     </span>
    </p>
   </div>
   <div class='ocr_carea' id='block_1_50' title="bbox 184 1580 967 1620">
    <p class='ocr_par' dir='ltr' id='par_1_50' title="bbox 184 1580 967 1620">
     <span class='ocr_line' id='line_1_50' title="bbox 184 1580 967 1620; baseline 0.008 -14"><span class='ocrx_word' id='word_1_358' title='bbox 184 1580 267 1607; x_wconf 90' lang='lat' dir='ltr'><strong>Deum</strong></span> <span class='ocrx_word' id='word_1_359' title='bbox 281 1581 442 1615; x_wconf 85' lang='lat' dir='ltr'><strong>abducebat,</strong></span> <span class='ocrx_word' id='word_1_360' title='bbox 461 1588 485 1610; x_wconf 86' lang='lat' dir='ltr'><strong>et</strong></span> <span class='ocrx_word' id='word_1_361' title='bbox 502 1584 527 1610; x_wconf 92' lang='lat' dir='ltr'><strong>in</strong></span> <span class='ocrx_word' id='word_1_362' title='bbox 543 1583 648 1611; x_wconf 76' lang='lat' dir='ltr'><strong>loream</strong></span> <span class='ocrx_word' id='word_1_363' title='bbox 664 1585 822 1619; x_wconf 73' lang='lat' dir='ltr'><strong>perditionis</strong></span> <span class='ocrx_word' id='word_1_364' title='bbox 845 1586 967 1620; x_wconf 69' lang='lat' dir='ltr'><strong>prtccipi-</strong></span> 
     </span>
    </p>
   </div>
   <div class='ocr_carea' id='block_1_51' title="bbox 184 1626 967 1665">
    <p class='ocr_par' dir='ltr' id='par_1_51' title="bbox 184 1626 967 1665">
     <span class='ocr_line' id='line_1_51' title="bbox 184 1626 967 1665; baseline 0.006 -12"><span class='ocrx_word' id='word_1_365' title='bbox 184 1626 268 1655; x_wconf 86' lang='lat' dir='ltr'><strong>tabat.</strong></span> <span class='ocrx_word' id='word_1_366' title='bbox 290 1627 415 1656; x_wconf 85' lang='lat' dir='ltr'><strong>Volentes</strong></span> <span class='ocrx_word' id='word_1_367' title='bbox 431 1630 510 1664; x_wconf 78' lang='lat' dir='ltr'><strong>igitur</strong></span> <span class='ocrx_word' id='word_1_368' title='bbox 527 1630 631 1664; x_wconf 79' lang='lat' dir='ltr'><strong>legibus</strong></span> <span class='ocrx_word' id='word_1_369' title='bbox 651 1632 844 1658; x_wconf 81' lang='lat' dir='ltr'><strong>convenienter</strong></span> <span class='ocrx_word' id='word_1_370' title='bbox 868 1632 967 1665; x_wconf 81' lang='lat' dir='ltr'><strong>vivere,</strong></span> 
     </span>
    </p>
   </div>
   <div class='ocr_carea' id='block_1_52' title="bbox 183 1672 968 1712">
    <p class='ocr_par' dir='ltr' id='par_1_52' title="bbox 183 1672 968 1712">
     <span class='ocr_line' id='line_1_52' title="bbox 183 1672 968 1712; baseline 0.009 -14"><span class='ocrx_word' id='word_1_371' title='bbox 183 1672 336 1700; x_wconf 80' lang='lat' dir='ltr'><strong>auscultare</strong></span> <span class='ocrx_word' id='word_1_372' title='bbox 353 1674 451 1701; x_wconf 88' lang='lat' dir='ltr'><strong>deban</strong></span> <span class='ocrx_word' id='word_1_373' title='bbox 472 1683 524 1702; x_wconf 90' lang='lat' dir='ltr'><strong>non</strong></span> <span class='ocrx_word' id='word_1_374' title='bbox 546 1677 702 1704; x_wconf 85' lang='lat' dir='ltr'><strong>docentibus</strong></span> <span class='ocrx_word' id='word_1_375' title='bbox 725 1678 892 1712; x_wconf 75' lang='lat' dir='ltr'><strong>simpliciter,</strong></span> <span class='ocrx_word' id='word_1_376' title='bbox 920 1685 968 1705; x_wconf 88' lang='lat' dir='ltr'><strong>nec</strong></span> 
     </span>
    </p>
   </div>
   <div class='ocr_carea' id='block_1_53' title="bbox 183 1715 969 1756">
    <p class='ocr_par' dir='ltr' id='par_1_53' title="bbox 183 1715 969 1756">
     <span class='ocr_line' id='line_1_53' title="bbox 183 1715 969 1756; baseline 0.01 -14"><span class='ocrx_word' id='word_1_377' title='bbox 183 1715 354 1751; x_wconf 83' lang='lat' dir='ltr'><strong>loquentibus</strong></span> <span class='ocrx_word' id='word_1_378' title='bbox 367 1719 399 1746; x_wconf 92' lang='lat' dir='ltr'><strong>de</strong></span> <span class='ocrx_word' id='word_1_379' title='bbox 414 1720 495 1746; x_wconf 86' lang='lat' dir='ltr'><strong>corde</strong></span> <span class='ocrx_word' id='word_1_380' title='bbox 511 1728 560 1748; x_wconf 89' lang='lat' dir='ltr'><strong>suo</strong></span> <span class='ocrx_word' id='word_1_381' title='bbox 580 1721 614 1754; x_wconf 79' lang='grc'><strong>⁸³,</strong></span> <span class='ocrx_word' id='word_1_382' title='bbox 643 1722 688 1749; x_wconf 87' lang='lat' dir='ltr'><strong>sed</strong></span> <span class='ocrx_word' id='word_1_383' title='bbox 707 1722 806 1756; x_wconf 88' lang='lat' dir='ltr'><strong>quibus</strong></span> <span class='ocrx_word' id='word_1_384' title='bbox 829 1723 919 1749; x_wconf 86' lang='lat' dir='ltr'><strong>divina</strong></span> <span class='ocrx_word' id='word_1_385' title='bbox 941 1727 969 1750; x_wconf 88' lang='lat' dir='ltr'><strong>et</strong></span> 
     </span>
    </p>
   </div>
   <div class='ocr_carea' id='block_1_54' title="bbox 183 1765 967 1801">
    <p class='ocr_par' dir='ltr' id='par_1_54' title="bbox 183 1765 967 1801">
     <span class='ocr_line' id='line_1_54' title="bbox 183 1765 967 1801; baseline 0.008 -13"><span class='ocrx_word' id='word_1_386' title='bbox 183 1769 300 1797; x_wconf 85' lang='lat' dir='ltr'><strong>superna</strong></span> <span class='ocrx_word' id='word_1_387' title='bbox 317 1765 402 1799; x_wconf 77' lang='lat' dir='ltr'><strong>gratia</strong></span> <span class='ocrx_word' id='word_1_388' title='bbox 416 1766 531 1793; x_wconf 71' lang='lat' dir='ltr'><strong>sincerae</strong></span> <span class='ocrx_word' id='word_1_389' title='bbox 553 1774 615 1801; x_wconf 72' lang='lat' dir='ltr'><strong>erga</strong></span> <span class='ocrx_word' id='word_1_390' title='bbox 631 1766 712 1794; x_wconf 84' lang='lat' dir='ltr'><strong>Deum</strong></span> <span class='ocrx_word' id='word_1_391' title='bbox 731 1768 873 1795; x_wconf 88' lang='lat' dir='ltr'><strong>cltaritatis</strong></span> <span class='ocrx_word' id='word_1_392' title='bbox 891 1769 967 1794; x_wconf 78' lang='lat' dir='ltr'><strong>testi-</strong></span> 
     </span>
    </p>
   </div>
   <div class='ocr_carea' id='block_1_55' title="bbox 183 1809 966 1845">
    <p class='ocr_par' dir='ltr' id='par_1_55' title="bbox 183 1809 966 1845">
     <span class='ocr_line' id='line_1_55' title="bbox 183 1809 966 1845; baseline 0.008 -11"><span class='ocrx_word' id='word_1_393' title='bbox 183 1809 302 1836; x_wconf 90' lang='lat' dir='ltr'><strong>monium</strong></span> <span class='ocrx_word' id='word_1_394' title='bbox 325 1810 440 1838; x_wconf 79' lang='lat' dir='ltr'><strong>dederit.</strong></span> <span class='ocrx_word' id='word_1_395' title='bbox 469 1811 536 1838; x_wconf 87' lang='lat' dir='ltr'><strong>llinc</strong></span> <span class='ocrx_word' id='word_1_396' title='bbox 560 1817 586 1839; x_wconf 89' lang='lat' dir='ltr'><strong>et</strong></span> <span class='ocrx_word' id='word_1_397' title='bbox 607 1812 755 1840; x_wconf 83' lang='lat' dir='ltr'><strong>Christus:</strong></span> <span class='ocrx_word' id='word_1_398' title='bbox 783 1822 792 1839; x_wconf 83' lang='grc' dir='ltr'><strong>ι</strong></span> <span class='ocrx_word' id='word_1_399' title='bbox 819 1813 966 1845; x_wconf 83' lang='lat' dir='ltr'><strong>Attendite,</strong></span> 
     </span>
    </p>
   </div>
   <div class='ocr_carea' id='block_1_56' title="bbox 184 1854 968 1892">
    <p class='ocr_par' dir='ltr' id='par_1_56' title="bbox 184 1854 968 1892">
     <span class='ocr_line' id='line_1_56' title="bbox 184 1854 968 1892; baseline 0.01 -13"><span class='ocrx_word' id='word_1_400' title='bbox 184 1854 280 1887; x_wconf 69' lang='lat' dir='ltr'><strong>inquit,</strong></span> <span class='ocrx_word' id='word_1_401' title='bbox 299 1863 313 1881; x_wconf 86' lang='lat' dir='ltr'><strong>a</strong></span> <span class='ocrx_word' id='word_1_402' title='bbox 326 1856 402 1882; x_wconf 72' lang='lat' dir='ltr'><strong>falsis</strong></span> <span class='ocrx_word' id='word_1_403' title='bbox 418 1858 567 1891; x_wconf 80' lang='lat' dir='ltr'><strong>prophetis,</strong></span> <span class='ocrx_word' id='word_1_404' title='bbox 586 1858 630 1892; x_wconf 86' lang='lat' dir='ltr'><strong>qui</strong></span> <span class='ocrx_word' id='word_1_405' title='bbox 651 1860 758 1886; x_wconf 84' lang='lat' dir='ltr'><strong>veniunt</strong></span> <span class='ocrx_word' id='word_1_406' title='bbox 774 1860 806 1886; x_wconf 81' lang='lat' dir='ltr'><strong>ad</strong></span> <span class='ocrx_word' id='word_1_407' title='bbox 823 1867 868 1887; x_wconf 86' lang='lat' dir='ltr'><strong>vos</strong></span> <span class='ocrx_word' id='word_1_408' title='bbox 883 1860 907 1886; x_wconf 88' lang='lat' dir='ltr'><strong>itt</strong></span> <span class='ocrx_word' id='word_1_409' title='bbox 923 1867 968 1887; x_wconf 88' lang='lat' dir='ltr'><strong>ve-</strong></span> 
     </span>
    </p>
   </div>
   <div class='ocr_carea' id='block_1_57' title="bbox 183 1899 968 1943">
    <p class='ocr_par' dir='ltr' id='par_1_57' title="bbox 183 1899 968 1943">
     <span class='ocr_line' id='line_1_57' title="bbox 183 1899 968 1943; baseline 0.009 -17"><span class='ocrx_word' id='word_1_410' title='bbox 183 1899 318 1928; x_wconf 81' lang='lat' dir='ltr'><strong>stimentis</strong></span> <span class='ocrx_word' id='word_1_411' title='bbox 337 1901 438 1943; x_wconf 84' lang='lat' dir='ltr'><strong>ovium,</strong></span> <span class='ocrx_word' id='word_1_412' title='bbox 457 1903 618 1932; x_wconf 82' lang='lat' dir='ltr'><strong>intrinsecus</strong></span> <span class='ocrx_word' id='word_1_413' title='bbox 635 1911 723 1933; x_wconf 81' lang='lat' dir='ltr'><strong>autem</strong></span> <span class='ocrx_word' id='word_1_414' title='bbox 739 1910 801 1933; x_wconf 87' lang='lat' dir='ltr'><strong>sunt</strong></span> <span class='ocrx_word' id='word_1_415' title='bbox 822 1905 875 1940; x_wconf 90' lang='lat' dir='ltr'><strong>lupi</strong></span> <span class='ocrx_word' id='word_1_416' title='bbox 891 1913 968 1941; x_wconf 84' lang='lat' dir='ltr'><strong>rapa-</strong></span> 
     </span>
    </p>
   </div>
   <div class='ocr_carea' id='block_1_58' title="bbox 183 1946 302 1972">
    <p class='ocr_par' dir='ltr' id='par_1_58' title="bbox 183 1946 302 1972">
     <span class='ocr_line' id='line_1_58' title="bbox 183 1946 302 1972; baseline 0.008 -1"><span class='ocrx_word' id='word_1_417' title='bbox 183 1952 228 1972; x_wconf 86' lang='lat' dir='ltr'><strong>ces</strong></span> <span class='ocrx_word' id='word_1_418' title='bbox 244 1946 276 1972; x_wconf 64' lang='lat'><strong>3&#39;.</strong></span> <span class='ocrx_word' id='word_1_419' title='bbox 292 1955 302 1972; x_wconf 70' lang='grc' dir='ltr'><strong>ι</strong></span> 
     </span>
    </p>
   </div>
   <div class='ocr_carea' id='block_1_59' title="bbox 217 2033 965 2071">
    <p class='ocr_par' dir='ltr' id='par_1_59' title="bbox 217 2033 965 2071">
     <span class='ocr_line' id='line_1_59' title="bbox 217 2033 965 2071; baseline 0.005 -12"><span class='ocrx_word' id='word_1_420' title='bbox 217 2033 236 2059; x_wconf 84' lang='grc' dir='ltr'><strong>Λ</strong></span> <span class='ocrx_word' id='word_1_421' title='bbox 251 2033 404 2062; x_wconf 88' lang='lat' dir='ltr'><strong>crudelibus</strong></span> <span class='ocrx_word' id='word_1_422' title='bbox 423 2039 510 2062; x_wconf 89' lang='lat' dir='ltr'><strong>autem</strong></span> <span class='ocrx_word' id='word_1_423' title='bbox 536 2036 600 2063; x_wconf 84' lang='lat' dir='ltr'><strong>leris</strong></span> <span class='ocrx_word' id='word_1_424' title='bbox 621 2044 715 2071; x_wconf 83' lang='lat' dir='ltr'><strong>parum</strong></span> <span class='ocrx_word' id='word_1_425' title='bbox 735 2037 890 2070; x_wconf 66' lang='lat' dir='ltr'><strong>diSvrepare</strong></span> <span class='ocrx_word' id='word_1_426' title='bbox 913 2044 965 2063; x_wconf 86' lang='lat' dir='ltr'><strong>non</strong></span> 
     </span>
    </p>
   </div>
   <div class='ocr_carea' id='block_1_60' title="bbox 184 2076 968 2113">
    <p class='ocr_par' dir='ltr' id='par_1_60' title="bbox 184 2076 968 2113">
     <span class='ocr_line' id='line_1_60' title="bbox 184 2076 968 2113; baseline 0.009 -12"><span class='ocrx_word' id='word_1_427' title='bbox 184 2076 250 2104; x_wconf 82' lang='lat' dir='ltr'><strong>falso</strong></span> <span class='ocrx_word' id='word_1_428' title='bbox 266 2078 428 2106; x_wconf 86' lang='lat' dir='ltr'><strong>aliirmamus</strong></span> <span class='ocrx_word' id='word_1_429' title='bbox 449 2080 590 2113; x_wconf 91' lang='lat' dir='ltr'><strong>impiarum</strong></span> <span class='ocrx_word' id='word_1_430' title='bbox 612 2081 744 2108; x_wconf 63' lang='lat' dir='ltr'><strong>ltwresutn</strong></span> <span class='ocrx_word' id='word_1_431' title='bbox 765 2082 918 2108; x_wconf 70' lang='lat' dir='ltr'><strong>inventores</strong></span> <span class='ocrx_word' id='word_1_432' title='bbox 940 2087 968 2108; x_wconf 94' lang='lat' dir='ltr'><strong>et</strong></span> 
     </span>
    </p>
   </div>
   <div class='ocr_carea' id='block_1_61' title="bbox 183 2123 967 2159">
    <p class='ocr_par' dir='ltr' id='par_1_61' title="bbox 183 2123 967 2159">
     <span class='ocr_line' id='line_1_61' title="bbox 183 2123 967 2159; baseline 0.009 -14"><span class='ocrx_word' id='word_1_433' title='bbox 183 2124 321 2153; x_wconf 86' lang='lat' dir='ltr'><strong>patronos,</strong></span> <span class='ocrx_word' id='word_1_434' title='bbox 339 2123 383 2156; x_wconf 92' lang='lat' dir='ltr'><strong>qui</strong></span> <span class='ocrx_word' id='word_1_435' title='bbox 398 2130 445 2150; x_wconf 86' lang='lat' dir='ltr'><strong>ore</strong></span> <span class='ocrx_word' id='word_1_436' title='bbox 461 2124 568 2152; x_wconf 85' lang='lat' dir='ltr'><strong>diducto</strong></span> <span class='ocrx_word' id='word_1_437' title='bbox 584 2125 707 2151; x_wconf 80' lang='lat' dir='ltr'><strong>lsraelem</strong></span> <span class='ocrx_word' id='word_1_438' title='bbox 731 2127 872 2152; x_wconf 78' lang='lat' dir='ltr'><strong>devorant.</strong></span> <span class='ocrx_word' id='word_1_439' title='bbox 896 2128 967 2159; x_wconf 79' lang='lat' dir='ltr'><strong>Quo-</strong></span> 
     </span>
    </p>
   </div>
   <div class='ocr_carea' id='block_1_62' title="bbox 182 2165 964 2205">
    <p class='ocr_par' dir='ltr' id='par_1_62' title="bbox 182 2165 964 2205">
     <span class='ocr_line' id='line_1_62' title="bbox 182 2165 964 2205; baseline 0.012 -16"><span class='ocrx_word' id='word_1_440' title='bbox 182 2165 326 2193; x_wconf 86' lang='lat' dir='ltr'><strong>dammodo</strong></span> <span class='ocrx_word' id='word_1_441' title='bbox 348 2168 419 2195; x_wconf 90' lang='lat' dir='ltr'><strong>enim</strong></span> <span class='ocrx_word' id='word_1_442' title='bbox 446 2175 611 2196; x_wconf 86' lang='lat' dir='ltr'><strong>consumunt</strong></span> <span class='ocrx_word' id='word_1_443' title='bbox 637 2171 829 2205; x_wconf 88' lang='lat' dir='ltr'><strong>situpliciorum</strong></span> <span class='ocrx_word' id='word_1_444' title='bbox 849 2172 964 2203; x_wconf 82' lang='lat' dir='ltr'><strong>animas,</strong></span> 
     </span>
    </p>
   </div>
   <div class='ocr_carea' id='block_1_63' title="bbox 1020 944 1813 981">
    <p class='ocr_par' dir='ltr' id='par_1_63' title="bbox 1020 944 1813 981">
     <span class='ocr_line' id='line_1_63' title="bbox 1020 944 1813 981; baseline 0.001 -11"><span class='ocrx_word' id='word_1_445' title='bbox 1020 946 1159 979; x_wconf 81' lang='grc' dir='ltr'>προεῖπον,</span> <span class='ocrx_word' id='word_1_446' title='bbox 1178 945 1217 976; x_wconf 81' lang='grc' dir='ltr'>εἰς</span> <span class='ocrx_word' id='word_1_447' title='bbox 1230 944 1398 980; x_wconf 81' lang='grc' dir='ltr'>πολύτροπον</span> <span class='ocrx_word' id='word_1_448' title='bbox 1410 944 1569 981; x_wconf 72' lang='grc' dir='ltr'>ἐμερίζοντο</span> <span class='ocrx_word' id='word_1_449' title='bbox 1581 944 1694 980; x_wconf 84' lang='grc' dir='ltr'>πλάνην.</span> <span class='ocrx_word' id='word_1_450' title='bbox 1711 946 1769 971; x_wconf 65' lang='grc' dir='ltr'><strong>Καὶ</strong></span> <span class='ocrx_word' id='word_1_451' title='bbox 1785 946 1813 971; x_wconf 78' lang='grc' dir='ltr'>οἱ</span> 
     </span>
    </p>
   </div>
   <div class='ocr_carea' id='block_1_64' title="bbox 1021 989 1814 1025">
    <p class='ocr_par' dir='ltr' id='par_1_64' title="bbox 1021 989 1814 1025">
     <span class='ocr_line' id='line_1_64' title="bbox 1021 989 1814 1025; baseline 0.001 -10"><span class='ocrx_word' id='word_1_452' title='bbox 1021 990 1068 1024; x_wconf 85' lang='grc' dir='ltr'>μὲν</span> <span class='ocrx_word' id='word_1_453' title='bbox 1079 989 1277 1024; x_wconf 86' lang='grc' dir='ltr'>λελατρεύκασι</span> <span class='ocrx_word' id='word_1_454' title='bbox 1287 989 1326 1023; x_wconf 83' lang='grc' dir='ltr'>τῷ</span> <span class='ocrx_word' id='word_1_455' title='bbox 1337 989 1421 1016; x_wconf 82' lang='grc' dir='ltr'>Βάαλ⁸</span> <span class='ocrx_word' id='word_1_456' title='bbox 1429 990 1453 1016; x_wconf 88' lang='grc' dir='ltr'>οἱ</span> <span class='ocrx_word' id='word_1_457' title='bbox 1461 990 1488 1016; x_wconf 79' lang='grc' dir='ltr'>δὲ</span> <span class='ocrx_word' id='word_1_458' title='bbox 1500 990 1538 1025; x_wconf 84' lang='grc' dir='ltr'><strong>τῷ</strong></span> <span class='ocrx_word' id='word_1_459' title='bbox 1549 990 1662 1024; x_wconf 81' lang='grc' dir='ltr'>Χαμὼς.</span> <span class='ocrx_word' id='word_1_460' title='bbox 1671 990 1756 1025; x_wconf 74' lang='grc' dir='ltr'>ἤγουν</span> <span class='ocrx_word' id='word_1_461' title='bbox 1771 989 1814 1024; x_wconf 84' lang='grc' dir='ltr'><strong>τῷ</strong></span> 
     </span>
    </p>
   </div>
   <div class='ocr_carea' id='block_1_65' title="bbox 1019 1035 1814 1071">
    <p class='ocr_par' dir='ltr' id='par_1_65' title="bbox 1019 1035 1814 1071">
     <span class='ocr_line' id='line_1_65' title="bbox 1019 1035 1814 1071; baseline 0.001 -11"><span class='ocrx_word' id='word_1_462' title='bbox 1019 1035 1186 1070; x_wconf 74' lang='grc' dir='ltr'>Βεελφεγώρ.</span> <span class='ocrx_word' id='word_1_463' title='bbox 1201 1035 1254 1062; x_wconf 78' lang='grc' dir='ltr'><strong>Καὶ</strong></span> <span class='ocrx_word' id='word_1_464' title='bbox 1270 1036 1298 1062; x_wconf 77' lang='grc' dir='ltr'>ἐν</span> <span class='ocrx_word' id='word_1_465' title='bbox 1309 1035 1415 1069; x_wconf 79' lang='grc' dir='ltr'>ἑκάστῳ</span> <span class='ocrx_word' id='word_1_466' title='bbox 1431 1035 1542 1070; x_wconf 85' lang='grc' dir='ltr'>τεμένει</span> <span class='ocrx_word' id='word_1_467' title='bbox 1563 1035 1814 1071; x_wconf 79' lang='grc' dir='ltr'>πεπλαστούργητό</span> 
     </span>
    </p>
   </div>
   <div class='ocr_carea' id='block_1_66' title="bbox 1018 1080 1815 1117">
    <p class='ocr_par' dir='ltr' id='par_1_66' title="bbox 1018 1080 1815 1117">
     <span class='ocr_line' id='line_1_66' title="bbox 1018 1080 1815 1117; baseline 0.001 -11"><span class='ocrx_word' id='word_1_468' title='bbox 1018 1089 1045 1106; x_wconf 84' lang='grc' dir='ltr'><strong>τι</strong></span> <span class='ocrx_word' id='word_1_469' title='bbox 1072 1081 1119 1107; x_wconf 77' lang='grc' dir='ltr'>καὶ</span> <span class='ocrx_word' id='word_1_470' title='bbox 1138 1080 1318 1116; x_wconf 81' lang='grc' dir='ltr'>χειρόκμητον</span> <span class='ocrx_word' id='word_1_471' title='bbox 1342 1081 1452 1116; x_wconf 81' lang='grc' dir='ltr'>ἄγαλμά</span> <span class='ocrx_word' id='word_1_472' title='bbox 1480 1090 1510 1107; x_wconf 80' lang='grc' dir='ltr'><strong>τε</strong></span> <span class='ocrx_word' id='word_1_473' title='bbox 1528 1081 1575 1108; x_wconf 73' lang='grc' dir='ltr'>καὶ</span> <span class='ocrx_word' id='word_1_474' title='bbox 1599 1081 1710 1117; x_wconf 78' lang='grc' dir='ltr'>βρέτας,</span> <span class='ocrx_word' id='word_1_475' title='bbox 1725 1081 1773 1108; x_wconf 74' lang='grc' dir='ltr'>καὶ</span> <span class='ocrx_word' id='word_1_476' title='bbox 1795 1082 1815 1107; x_wconf 75' lang='grc' dir='ltr'>ὁ</span> 
     </span>
    </p>
   </div>
   <div class='ocr_carea' id='block_1_67' title="bbox 1019 1125 1810 1161">
    <p class='ocr_par' dir='ltr' id='par_1_67' title="bbox 1019 1125 1810 1161">
     <span class='ocr_line' id='line_1_67' title="bbox 1019 1125 1810 1161; baseline 0.001 -10"><span class='ocrx_word' id='word_1_477' title='bbox 1019 1125 1205 1160; x_wconf 76' lang='grc' dir='ltr'>προσεδρεύων</span> <span class='ocrx_word' id='word_1_478' title='bbox 1217 1126 1324 1160; x_wconf 80' lang='grc' dir='ltr'>ἑκάστῳ</span> <span class='ocrx_word' id='word_1_479' title='bbox 1340 1125 1563 1161; x_wconf 74' lang='grc' dir='ltr'>ψευδοπροφήτης</span> <span class='ocrx_word' id='word_1_480' title='bbox 1583 1126 1675 1157; x_wconf 80' lang='grc' dir='ltr'>ίδικὸς,</span> <span class='ocrx_word' id='word_1_481' title='bbox 1692 1127 1738 1152; x_wconf 75' lang='grc' dir='ltr'>καὶ</span> <span class='ocrx_word' id='word_1_482' title='bbox 1749 1126 1810 1152; x_wconf 83' lang='grc' dir='ltr'>διά-</span> 
     </span>
    </p>
   </div>
   <div class='ocr_carea' id='block_1_68' title="bbox 1019 1170 1811 1208">
    <p class='ocr_par' dir='ltr' id='par_1_68' title="bbox 1019 1170 1811 1208">
     <span class='ocr_line' id='line_1_68' title="bbox 1019 1170 1811 1208; baseline -0.001 -10"><span class='ocrx_word' id='word_1_483' title='bbox 1019 1179 1100 1206; x_wconf 75' lang='grc' dir='ltr'>φορος</span> <span class='ocrx_word' id='word_1_484' title='bbox 1114 1172 1178 1206; x_wconf 81' lang='grc' dir='ltr'>παρ’</span> <span class='ocrx_word' id='word_1_485' title='bbox 1192 1171 1283 1203; x_wconf 83' lang='grc' dir='ltr'>αὐτοῖς</span> <span class='ocrx_word' id='word_1_486' title='bbox 1301 1172 1316 1198; x_wconf 84' lang='grc' dir='ltr'>ὁ</span> <span class='ocrx_word' id='word_1_487' title='bbox 1330 1171 1379 1206; x_wconf 84' lang='grc' dir='ltr'>τῆς</span> <span class='ocrx_word' id='word_1_488' title='bbox 1392 1172 1522 1206; x_wconf 77' lang='grc' dir='ltr'>μαντείας</span> <span class='ocrx_word' id='word_1_489' title='bbox 1536 1170 1569 1207; x_wconf 87' lang='grc' dir='ltr'>ἦν</span> <span class='ocrx_word' id='word_1_490' title='bbox 1579 1172 1688 1207; x_wconf 78' lang='grc' dir='ltr'>τρόπος,</span> <span class='ocrx_word' id='word_1_491' title='bbox 1711 1171 1811 1208; x_wconf 83' lang='grc' dir='ltr'>Ἦρεύ-</span> 
     </span>
    </p>
   </div>
   <div class='ocr_carea' id='block_1_69' title="bbox 1018 1217 1812 1252">
    <p class='ocr_par' dir='ltr' id='par_1_69' title="bbox 1018 1217 1812 1252">
     <span class='ocr_line' id='line_1_69' title="bbox 1018 1217 1812 1252; baseline -0.001 -8"><span class='ocrx_word' id='word_1_492' title='bbox 1018 1226 1097 1252; x_wconf 83' lang='grc' dir='ltr'>γοντο</span> <span class='ocrx_word' id='word_1_493' title='bbox 1118 1218 1146 1244; x_wconf 77' lang='grc' dir='ltr'>δὲ</span> <span class='ocrx_word' id='word_1_494' title='bbox 1168 1219 1224 1248; x_wconf 82' lang='grc' dir='ltr'>τοῖς</span> <span class='ocrx_word' id='word_1_495' title='bbox 1242 1218 1472 1252; x_wconf 78' lang='grc' dir='ltr'>προσερχομένοις</span> <span class='ocrx_word' id='word_1_496' title='bbox 1499 1217 1530 1244; x_wconf 79' lang='grc' dir='ltr'>τὸ</span> <span class='ocrx_word' id='word_1_497' title='bbox 1552 1218 1647 1244; x_wconf 77' lang='grc' dir='ltr'>δοκοῦν</span> <span class='ocrx_word' id='word_1_498' title='bbox 1663 1218 1755 1250; x_wconf 76' lang='grc' dir='ltr'>ἁπλῶς</span> <span class='ocrx_word' id='word_1_499' title='bbox 1771 1218 1812 1248; x_wconf 83' lang='grc' dir='ltr'>ὼς</span> 
     </span>
    </p>
   </div>
   <div class='ocr_carea' id='block_1_70' title="bbox 1019 1263 1810 1299">
    <p class='ocr_par' dir='ltr' id='par_1_70' title="bbox 1019 1263 1810 1299">
     <span class='ocr_line' id='line_1_70' title="bbox 1019 1263 1810 1299; baseline 0.003 -11"><span class='ocrx_word' id='word_1_500' title='bbox 1019 1263 1152 1298; x_wconf 76' lang='grc' dir='ltr'>χρήσιμόν</span> <span class='ocrx_word' id='word_1_501' title='bbox 1164 1272 1193 1289; x_wconf 82' lang='grc' dir='ltr'><strong>τε</strong></span> <span class='ocrx_word' id='word_1_502' title='bbox 1224 1263 1269 1289; x_wconf 68' lang='grc' dir='ltr'><strong>καὶ</strong></span> <span class='ocrx_word' id='word_1_503' title='bbox 1290 1263 1447 1294; x_wconf 74' lang='grc' dir='ltr'>ἀναγκαῖον.</span> <span class='ocrx_word' id='word_1_504' title='bbox 1474 1263 1580 1290; x_wconf 72' lang='grc' dir='ltr'>Οὐκοῦν</span> <span class='ocrx_word' id='word_1_505' title='bbox 1600 1264 1749 1299; x_wconf 80' lang='grc' dir='ltr'>ἐπειδήπερ</span> <span class='ocrx_word' id='word_1_506' title='bbox 1761 1264 1810 1297; x_wconf 83' lang='grc' dir='ltr'><strong>γέ-</strong></span> 
     </span>
    </p>
   </div>
   <div class='ocr_carea' id='block_1_71' title="bbox 1019 1308 1815 1344">
    <p class='ocr_par' dir='ltr' id='par_1_71' title="bbox 1019 1308 1815 1344">
     <span class='ocr_line' id='line_1_71' title="bbox 1019 1308 1815 1344; baseline 0.001 -11"><span class='ocrx_word' id='word_1_507' title='bbox 1019 1316 1080 1342; x_wconf 83' lang='grc' dir='ltr'>γονε</span> <span class='ocrx_word' id='word_1_508' title='bbox 1100 1308 1198 1340; x_wconf 70' lang='grc' dir='ltr'>σκοπὸς</span> <span class='ocrx_word' id='word_1_509' title='bbox 1212 1310 1266 1340; x_wconf 80' lang='grc' dir='ltr'>τοῖς</span> <span class='ocrx_word' id='word_1_510' title='bbox 1283 1308 1312 1340; x_wconf 75' lang='grc' dir='ltr'><strong>ἐξ</strong></span> <span class='ocrx_word' id='word_1_511' title='bbox 1328 1309 1447 1344; x_wconf 68' lang='grc' dir='ltr'>Ἐφριῒμ</span> <span class='ocrx_word' id='word_1_512' title='bbox 1465 1309 1524 1343; x_wconf 83' lang='grc' dir='ltr'>μεθ’</span> <span class='ocrx_word' id='word_1_513' title='bbox 1540 1309 1654 1335; x_wconf 76' lang='grc' dir='ltr'>ἑκάστου</span> <span class='ocrx_word' id='word_1_514' title='bbox 1672 1308 1726 1334; x_wconf 87' lang='grc' dir='ltr'>τῶν</span> <span class='ocrx_word' id='word_1_515' title='bbox 1739 1309 1815 1343; x_wconf 73' lang='grc' dir='ltr'>ψευ-’</span> 
     </span>
    </p>
   </div>
   <div class='ocr_carea' id='block_1_72' title="bbox 1020 1353 1810 1391">
    <p class='ocr_par' dir='ltr' id='par_1_72' title="bbox 1020 1353 1810 1391">
     <span class='ocr_line' id='line_1_72' title="bbox 1020 1353 1810 1391; baseline -0.001 -11"><span class='ocrx_word' id='word_1_516' title='bbox 1020 1354 1152 1389; x_wconf 83' lang='grc' dir='ltr'>δωνύμων</span> <span class='ocrx_word' id='word_1_517' title='bbox 1169 1354 1248 1382; x_wconf 74' lang='grc' dir='ltr'>θεῶν.</span> <span class='ocrx_word' id='word_1_518' title='bbox 1263 1354 1310 1380; x_wconf 76' lang='grc' dir='ltr'>καὶ</span> <span class='ocrx_word' id='word_1_519' title='bbox 1321 1355 1462 1389; x_wconf 61' lang='grc' dir='ltr'>προφήτης</span> <span class='ocrx_word' id='word_1_520' title='bbox 1476 1355 1567 1386; x_wconf 77' lang='grc' dir='ltr'>ἰδικὸς,</span> <span class='ocrx_word' id='word_1_521' title='bbox 1577 1354 1703 1391; x_wconf 75' lang='grc' dir='ltr'>ταύτῃτοι</span> <span class='ocrx_word' id='word_1_522' title='bbox 1714 1353 1810 1380; x_wconf 75' lang='grc' dir='ltr'>λοιπὸν</span> 
     </span>
    </p>
   </div>
   <div class='ocr_carea' id='block_1_73' title="bbox 1021 1399 1809 1435">
    <p class='ocr_par' dir='ltr' id='par_1_73' title="bbox 1021 1399 1809 1435">
     <span class='ocr_line' id='line_1_73' title="bbox 1021 1399 1809 1435; baseline 0 -9"><span class='ocrx_word' id='word_1_523' title='bbox 1021 1399 1087 1435; x_wconf 79' lang='grc' dir='ltr'>πρὸς</span> <span class='ocrx_word' id='word_1_524' title='bbox 1101 1401 1154 1426; x_wconf 78' lang='grc' dir='ltr'><strong>πᾶν</strong></span> <span class='ocrx_word' id='word_1_525' title='bbox 1173 1400 1261 1426; x_wconf 77' lang='grc' dir='ltr'>ὁτιοῦν</span> <span class='ocrx_word' id='word_1_526' title='bbox 1274 1400 1326 1426; x_wconf 82' lang='grc' dir='ltr'>τῶν</span> <span class='ocrx_word' id='word_1_527' title='bbox 1354 1400 1501 1434; x_wconf 74' lang='grc' dir='ltr'>αἰσχίστων</span> <span class='ocrx_word' id='word_1_528' title='bbox 1516 1401 1637 1435; x_wconf 78' lang='grc' dir='ltr'><strong>ἀσχέτως</strong></span> <span class='ocrx_word' id='word_1_529' title='bbox 1659 1399 1809 1426; x_wconf 78' lang='grc' dir='ltr'>ἁπονενεύ-</span> 
     </span>
    </p>
   </div>
   <div class='ocr_carea' id='block_1_74' title="bbox 1019 1445 1808 1481">
    <p class='ocr_par' dir='ltr' id='par_1_74' title="bbox 1019 1445 1808 1481">
     <span class='ocr_line' id='line_1_74' title="bbox 1019 1445 1808 1481; baseline 0 -10"><span class='ocrx_word' id='word_1_530' title='bbox 1019 1453 1094 1472; x_wconf 75' lang='grc' dir='ltr'>κασι.</span> <span class='ocrx_word' id='word_1_531' title='bbox 1114 1445 1199 1472; x_wconf 80' lang='grc' dir='ltr'>Τοῦτο</span> <span class='ocrx_word' id='word_1_532' title='bbox 1221 1446 1334 1480; x_wconf 75' lang='grc' dir='ltr'>γέγονεν</span> <span class='ocrx_word' id='word_1_533' title='bbox 1349 1446 1422 1481; x_wconf 74' lang='grc' dir='ltr'>αὐτῷ</span> <span class='ocrx_word' id='word_1_534' title='bbox 1440 1456 1449 1471; x_wconf 81' lang='grc' dir='ltr'><strong>ι</strong></span> <span class='ocrx_word' id='word_1_535' title='bbox 1465 1446 1512 1472; x_wconf 79' lang='grc' dir='ltr'>καὶ</span> <span class='ocrx_word' id='word_1_536' title='bbox 1526 1446 1608 1480; x_wconf 75' lang='grc' dir='ltr'>παγὶς</span> <span class='ocrx_word' id='word_1_537' title='bbox 1621 1445 1725 1472; x_wconf 80' lang='grc' dir='ltr'>σκολία.</span> <span class='ocrx_word' id='word_1_538' title='bbox 1741 1454 1750 1470; x_wconf 74' lang='grc' dir='ltr'><strong>ι</strong></span> <span class='ocrx_word' id='word_1_539' title='bbox 1769 1445 1808 1471; x_wconf 85' lang='grc' dir='ltr'><strong>Οὺ</strong></span> 
     </span>
    </p>
   </div>
   <div class='ocr_carea' id='block_1_75' title="bbox 1019 1490 1809 1528">
    <p class='ocr_par' dir='ltr' id='par_1_75' title="bbox 1019 1490 1809 1528">
     <span class='ocr_line' id='line_1_75' title="bbox 1019 1490 1809 1528; baseline 0 -11"><span class='ocrx_word' id='word_1_540' title='bbox 1019 1493 1073 1527; x_wconf 78' lang='grc' dir='ltr'><strong>γὰρ</strong></span> <span class='ocrx_word' id='word_1_541' title='bbox 1088 1491 1122 1528; x_wconf 77' lang='grc' dir='ltr'>ἦν</span> <span class='ocrx_word' id='word_1_542' title='bbox 1134 1493 1358 1525; x_wconf 72' lang='grc' dir='ltr'>κατευθύνεσοαι,</span> <span class='ocrx_word' id='word_1_543' title='bbox 1372 1494 1418 1519; x_wconf 84' lang='grc' dir='ltr'>καὶ</span> <span class='ocrx_word' id='word_1_544' title='bbox 1430 1493 1517 1528; x_wconf 78' lang='grc' dir='ltr'>ὀρθῶς</span> <span class='ocrx_word' id='word_1_545' title='bbox 1540 1493 1658 1527; x_wconf 75' lang='grc' dir='ltr'>βαδίζειν</span> <span class='ocrx_word' id='word_1_546' title='bbox 1676 1490 1809 1518; x_wconf 74' lang='grc' dir='ltr'>δύνασθαί</span> 
     </span>
    </p>
   </div>
   <div class='ocr_carea' id='block_1_76' title="bbox 1021 1535 1810 1572">
    <p class='ocr_par' dir='ltr' id='par_1_76' title="bbox 1021 1535 1810 1572">
     <span class='ocr_line' id='line_1_76' title="bbox 1021 1535 1810 1572; baseline -0.004 -8"><span class='ocrx_word' id='word_1_547' title='bbox 1021 1547 1084 1565; x_wconf 88' lang='grc' dir='ltr'>ποτε</span> <span class='ocrx_word' id='word_1_548' title='bbox 1101 1539 1165 1569; x_wconf 74' lang='grc' dir='ltr'>τοὺς</span> <span class='ocrx_word' id='word_1_549' title='bbox 1181 1539 1220 1569; x_wconf 84' lang='grc' dir='ltr'>εἰς</span> <span class='ocrx_word' id='word_1_550' title='bbox 1238 1539 1372 1572; x_wconf 78' lang='grc' dir='ltr'>τοσαύτην</span> <span class='ocrx_word' id='word_1_551' title='bbox 1393 1537 1537 1564; x_wconf 80' lang='grc' dir='ltr'>πολυοεῖαν</span> <span class='ocrx_word' id='word_1_552' title='bbox 1550 1537 1750 1571; x_wconf 83' lang='grc' dir='ltr'>ὠλισθηκὸτας,</span> <span class='ocrx_word' id='word_1_553' title='bbox 1771 1535 1810 1567; x_wconf 80' lang='grc' dir='ltr'>ὡς</span> 
     </span>
    </p>
   </div>
   <div class='ocr_carea' id='block_1_77' title="bbox 1020 1582 1810 1618">
    <p class='ocr_par' dir='ltr' id='par_1_77' title="bbox 1020 1582 1810 1618">
     <span class='ocr_line' id='line_1_77' title="bbox 1020 1582 1810 1618; baseline -0.001 -9"><span class='ocrx_word' id='word_1_554' title='bbox 1020 1584 1068 1610; x_wconf 59' lang='grc' dir='ltr'>σὺν</span> <span class='ocrx_word' id='word_1_555' title='bbox 1093 1584 1200 1618; x_wconf 79' lang='grc' dir='ltr'>ἑκάστῳ</span> <span class='ocrx_word' id='word_1_556' title='bbox 1217 1583 1276 1618; x_wconf 80' lang='grc' dir='ltr'><strong>Θεῷ</strong></span> <span class='ocrx_word' id='word_1_557' title='bbox 1298 1584 1344 1610; x_wconf 75' lang='grc' dir='ltr'><strong>καὶ</strong></span> <span class='ocrx_word' id='word_1_558' title='bbox 1373 1585 1515 1618; x_wconf 51' lang='grc' dir='ltr'>προφήτην</span> <span class='ocrx_word' id='word_1_559' title='bbox 1540 1583 1612 1618; x_wconf 76' lang='grc' dir='ltr'>ἔχειν</span> <span class='ocrx_word' id='word_1_560' title='bbox 1639 1582 1736 1609; x_wconf 79' lang='grc' dir='ltr'>ίδικόν·</span> <span class='ocrx_word' id='word_1_561' title='bbox 1762 1582 1810 1608; x_wconf 80' lang='grc' dir='ltr'>καὶ</span> 
     </span>
    </p>
   </div>
   <div class='ocr_carea' id='block_1_78' title="bbox 1020 1626 1809 1664">
    <p class='ocr_par' dir='ltr' id='par_1_78' title="bbox 1020 1626 1809 1664">
     <span class='ocr_line' id='line_1_78' title="bbox 1020 1626 1809 1664; baseline -0.003 -9"><span class='ocrx_word' id='word_1_562' title='bbox 1020 1630 1144 1664; x_wconf 72' lang='grc' dir='ltr'>προσέτι.</span> <span class='ocrx_word' id='word_1_563' title='bbox 1156 1629 1291 1655; x_wconf 76' lang='grc' dir='ltr'>ποιεῖσθαι</span> <span class='ocrx_word' id='word_1_564' title='bbox 1307 1630 1417 1660; x_wconf 70' lang='grc' dir='ltr'>σκοπὸν,</span> <span class='ocrx_word' id='word_1_565' title='bbox 1430 1633 1475 1655; x_wconf 78' lang='grc' dir='ltr'><strong>τον</strong></span> <span class='ocrx_word' id='word_1_566' title='bbox 1486 1629 1535 1663; x_wconf 74' lang='grc' dir='ltr'>τῆς</span> <span class='ocrx_word' id='word_1_567' title='bbox 1545 1629 1584 1659; x_wconf 83' lang='grc' dir='ltr'><strong>εἰς</strong></span> <span class='ocrx_word' id='word_1_568' title='bbox 1591 1628 1657 1655; x_wconf 79' lang='grc' dir='ltr'>Θεὸν</span> <span class='ocrx_word' id='word_1_569' title='bbox 1666 1626 1809 1659; x_wconf 76' lang='grc' dir='ltr'>εὐσεϐείας</span> 
     </span>
    </p>
   </div>
   <div class='ocr_carea' id='block_1_79' title="bbox 1019 1673 1807 1709">
    <p class='ocr_par' dir='ltr' id='par_1_79' title="bbox 1019 1673 1807 1709">
     <span class='ocr_line' id='line_1_79' title="bbox 1019 1673 1807 1709; baseline -0.001 -9"><span class='ocrx_word' id='word_1_570' title='bbox 1019 1675 1229 1709; x_wconf 77' lang='grc' dir='ltr'>ἀποκομίζοντα,</span> <span class='ocrx_word' id='word_1_571' title='bbox 1239 1675 1285 1701; x_wconf 73' lang='grc' dir='ltr'><strong>καὶ</strong></span> <span class='ocrx_word' id='word_1_572' title='bbox 1299 1676 1354 1706; x_wconf 87' lang='grc' dir='ltr'>τοῖς</span> <span class='ocrx_word' id='word_1_573' title='bbox 1366 1675 1415 1709; x_wconf 80' lang='grc' dir='ltr'>τῆς</span> <span class='ocrx_word' id='word_1_574' title='bbox 1426 1673 1561 1705; x_wconf 81' lang='grc' dir='ltr'>ἀπωλείας</span> <span class='ocrx_word' id='word_1_575' title='bbox 1578 1673 1681 1700; x_wconf 76' lang='grc' dir='ltr'>ὲνιέντα</span> <span class='ocrx_word' id='word_1_576' title='bbox 1693 1673 1737 1708; x_wconf 82' lang='grc' dir='ltr'>βόο</span> <span class='ocrx_word' id='word_1_577' title='bbox 1743 1681 1807 1708; x_wconf 79' lang='grc' dir='ltr'>ροις.</span> 
     </span>
    </p>
   </div>
   <div class='ocr_carea' id='block_1_80' title="bbox 1019 1717 1808 1754">
    <p class='ocr_par' dir='ltr' id='par_1_80' title="bbox 1019 1717 1808 1754">
     <span class='ocr_line' id='line_1_80' title="bbox 1019 1717 1808 1754; baseline -0.001 -9"><span class='ocrx_word' id='word_1_578' title='bbox 1019 1719 1186 1754; x_wconf 73' lang='grc' dir='ltr'>Προσεκτέον</span> <span class='ocrx_word' id='word_1_579' title='bbox 1202 1719 1234 1754; x_wconf 83' lang='grc' dir='ltr'>δὴ</span> <span class='ocrx_word' id='word_1_580' title='bbox 1249 1717 1295 1746; x_wconf 75' lang='grc' dir='ltr'>οὖν</span> <span class='ocrx_word' id='word_1_581' title='bbox 1311 1721 1364 1751; x_wconf 81' lang='grc' dir='ltr'>τοῖς</span> <span class='ocrx_word' id='word_1_582' title='bbox 1377 1719 1500 1746; x_wconf 74' lang='grc' dir='ltr'><strong>ἐθέλουσι</strong></span> <span class='ocrx_word' id='word_1_583' title='bbox 1518 1719 1592 1754; x_wconf 83' lang='grc' dir='ltr'>βιοῦν</span> <span class='ocrx_word' id='word_1_584' title='bbox 1603 1718 1733 1751; x_wconf 74' lang='grc' dir='ltr'>ἐννόμως,</span> <span class='ocrx_word' id='word_1_585' title='bbox 1748 1717 1808 1752; x_wconf 72' lang='grc' dir='ltr'><strong>οὐχὶ</strong></span> 
     </span>
    </p>
   </div>
   <div class='ocr_carea' id='block_1_81' title="bbox 1018 1762 1825 1796">
    <p class='ocr_par' dir='ltr' id='par_1_81' title="bbox 1018 1762 1825 1796">
     <span class='ocr_line' id='line_1_81' title="bbox 1018 1762 1825 1796; baseline 0 -6"><span class='ocrx_word' id='word_1_586' title='bbox 1018 1766 1073 1795; x_wconf 84' lang='grc' dir='ltr'>τοῖς</span> <span class='ocrx_word' id='word_1_587' title='bbox 1088 1764 1260 1791; x_wconf 78' lang='grc' dir='ltr'>διδάσκουσιν</span> <span class='ocrx_word' id='word_1_588' title='bbox 1285 1765 1389 1796; x_wconf 80' lang='grc' dir='ltr'>ἁπλῶς.</span> <span class='ocrx_word' id='word_1_589' title='bbox 1419 1765 1481 1791; x_wconf 78' lang='grc' dir='ltr'>οὐδὲ</span> <span class='ocrx_word' id='word_1_590' title='bbox 1498 1765 1555 1796; x_wconf 84' lang='grc' dir='ltr'>τοῖς</span> <span class='ocrx_word' id='word_1_591' title='bbox 1571 1763 1680 1790; x_wconf 85' lang='grc' dir='ltr'>λαλοῦσι</span> <span class='ocrx_word' id='word_1_592' title='bbox 1696 1763 1729 1790; x_wconf 80' lang='grc' dir='ltr'><strong>τὰ</strong></span> <span class='ocrx_word' id='word_1_593' title='bbox 1754 1762 1808 1790; x_wconf 82' lang='grc' dir='ltr'><strong>ἀπὸ</strong></span> <span class='ocrx_word' id='word_1_594' title='bbox 1818 1771 1825 1778; x_wconf 67' lang='grc'><strong>⁸</strong></span> 
     </span>
    </p>
   </div>
   <div class='ocr_carea' id='block_1_82' title="bbox 1018 1807 1807 1845">
    <p class='ocr_par' dir='ltr' id='par_1_82' title="bbox 1018 1807 1807 1845">
     <span class='ocr_line' id='line_1_82' title="bbox 1018 1807 1807 1845; baseline -0.003 -9"><span class='ocrx_word' id='word_1_595' title='bbox 1018 1810 1131 1845; x_wconf 79' lang='grc' dir='ltr'>καρδίας</span> <span class='ocrx_word' id='word_1_596' title='bbox 1146 1809 1245 1839; x_wconf 82' lang='grc' dir='ltr'>αὐτῶν,</span> <span class='ocrx_word' id='word_1_597' title='bbox 1255 1807 1358 1841; x_wconf 53' lang='lat' dir='ltr'><strong>eam;</strong></span> <span class='ocrx_word' id='word_1_598' title='bbox 1369 1809 1402 1835; x_wconf 80' lang='grc' dir='ltr'>ἂν</span> <span class='ocrx_word' id='word_1_599' title='bbox 1413 1810 1429 1844; x_wconf 80' lang='grc' dir='ltr'><strong>ἡ</strong></span> <span class='ocrx_word' id='word_1_600' title='bbox 1440 1809 1499 1836; x_wconf 85' lang='grc' dir='ltr'>Οεία</span> <span class='ocrx_word' id='word_1_601' title='bbox 1511 1810 1558 1835; x_wconf 76' lang='grc' dir='ltr'>καὶ</span> <span class='ocrx_word' id='word_1_602' title='bbox 1572 1808 1674 1836; x_wconf 79' lang='grc' dir='ltr'>ἄνωθεν</span> <span class='ocrx_word' id='word_1_603' title='bbox 1688 1809 1807 1843; x_wconf 74' lang='grc' dir='ltr'>ἐπιμαρ-</span> 
     </span>
    </p>
   </div>
   <div class='ocr_carea' id='block_1_83' title="bbox 1017 1854 1807 1890">
    <p class='ocr_par' dir='ltr' id='par_1_83' title="bbox 1017 1854 1807 1890">
     <span class='ocr_line' id='line_1_83' title="bbox 1017 1854 1807 1890; baseline -0.003 -9"><span class='ocrx_word' id='word_1_604' title='bbox 1017 1859 1122 1890; x_wconf 84' lang='grc' dir='ltr'>τυρήσῃ</span> <span class='ocrx_word' id='word_1_605' title='bbox 1134 1855 1213 1890; x_wconf 83' lang='grc' dir='ltr'>χάρις</span> <span class='ocrx_word' id='word_1_606' title='bbox 1233 1855 1284 1889; x_wconf 82' lang='grc' dir='ltr'>τῆς</span> <span class='ocrx_word' id='word_1_607' title='bbox 1303 1856 1342 1886; x_wconf 80' lang='grc' dir='ltr'><strong>εἰς</strong></span> <span class='ocrx_word' id='word_1_608' title='bbox 1354 1855 1420 1881; x_wconf 78' lang='grc' dir='ltr'>Θεὸν</span> <span class='ocrx_word' id='word_1_609' title='bbox 1436 1855 1545 1889; x_wconf 83' lang='grc' dir='ltr'>ἀγάπης</span> <span class='ocrx_word' id='word_1_610' title='bbox 1560 1854 1590 1880; x_wconf 75' lang='grc' dir='ltr'>τὸ</span> <span class='ocrx_word' id='word_1_611' title='bbox 1606 1854 1728 1888; x_wconf 76' lang='grc' dir='ltr'>γνήσιον.</span> <span class='ocrx_word' id='word_1_612' title='bbox 1747 1854 1807 1880; x_wconf 86' lang='grc' dir='ltr'>Τοι-</span> 
     </span>
    </p>
   </div>
   <div class='ocr_carea' id='block_1_84' title="bbox 1017 1899 1806 1936">
    <p class='ocr_par' dir='ltr' id='par_1_84' title="bbox 1017 1899 1806 1936">
     <span class='ocr_line' id='line_1_84' title="bbox 1017 1899 1806 1936; baseline -0.003 -9"><span class='ocrx_word' id='word_1_613' title='bbox 1017 1901 1112 1936; x_wconf 83' lang='grc' dir='ltr'>γάρτοι</span> <span class='ocrx_word' id='word_1_614' title='bbox 1125 1901 1172 1927; x_wconf 72' lang='grc' dir='ltr'>καὶ</span> <span class='ocrx_word' id='word_1_615' title='bbox 1185 1902 1199 1928; x_wconf 85' lang='grc' dir='ltr'><strong><em>ὁ</em></strong></span> <span class='ocrx_word' id='word_1_616' title='bbox 1215 1901 1342 1936; x_wconf 78' lang='grc' dir='ltr'>Χριστός·</span> <span class='ocrx_word' id='word_1_617' title='bbox 1361 1910 1370 1926; x_wconf 85' lang='grc'><strong>‹</strong></span> <span class='ocrx_word' id='word_1_618' title='bbox 1390 1900 1551 1936; x_wconf 77' lang='grc' dir='ltr'>Προσέχετε,</span> <span class='ocrx_word' id='word_1_619' title='bbox 1572 1899 1665 1934; x_wconf 78' lang='grc' dir='ltr'>φησὶν,</span> <span class='ocrx_word' id='word_1_620' title='bbox 1682 1899 1736 1926; x_wconf 71' lang='grc' dir='ltr'><strong>ἀπὸ</strong></span> <span class='ocrx_word' id='word_1_621' title='bbox 1754 1899 1806 1926; x_wconf 87' lang='grc' dir='ltr'>τῶν</span> 
     </span>
    </p>
   </div>
   <div class='ocr_carea' id='block_1_85' title="bbox 1017 1944 1804 1981">
    <p class='ocr_par' dir='ltr' id='par_1_85' title="bbox 1017 1944 1804 1981">
     <span class='ocr_line' id='line_1_85' title="bbox 1017 1944 1804 1981; baseline -0.003 -8"><span class='ocrx_word' id='word_1_622' title='bbox 1017 1946 1246 1981; x_wconf 71' lang='grc' dir='ltr'>ψευδοπροφητῶν</span> <span class='ocrx_word' id='word_1_623' title='bbox 1255 1965 1262 1977; x_wconf 87' lang='lat'>,</span> <span class='ocrx_word' id='word_1_624' title='bbox 1277 1946 1374 1976; x_wconf 77' lang='grc' dir='ltr'>οἵτινες</span> <span class='ocrx_word' id='word_1_625' title='bbox 1385 1945 1510 1980; x_wconf 80' lang='grc' dir='ltr'>ἔρχονται</span> <span class='ocrx_word' id='word_1_626' title='bbox 1526 1945 1594 1980; x_wconf 74' lang='grc' dir='ltr'>πρὸς</span> <span class='ocrx_word' id='word_1_627' title='bbox 1606 1945 1678 1980; x_wconf 83' lang='grc' dir='ltr'>ὑμᾶς</span> <span class='ocrx_word' id='word_1_628' title='bbox 1688 1945 1717 1971; x_wconf 84' lang='grc' dir='ltr'>ἐν</span> <span class='ocrx_word' id='word_1_629' title='bbox 1732 1944 1804 1971; x_wconf 82' lang='grc' dir='ltr'><strong>ὲνδὺ-</strong></span> 
     </span>
    </p>
   </div>
   <div class='ocr_carea' id='block_1_86' title="bbox 1019 1990 1752 2027">
    <p class='ocr_par' dir='ltr' id='par_1_86' title="bbox 1019 1990 1752 2027">
     <span class='ocr_line' id='line_1_86' title="bbox 1019 1990 1752 2027; baseline -0.003 -9"><span class='ocrx_word' id='word_1_630' title='bbox 1019 2001 1087 2027; x_wconf 85' lang='grc' dir='ltr'>μασι</span> <span class='ocrx_word' id='word_1_631' title='bbox 1100 1992 1254 2027; x_wconf 77' lang='grc' dir='ltr'>προϐάτων,</span> <span class='ocrx_word' id='word_1_632' title='bbox 1275 1991 1377 2017; x_wconf 75' lang='grc' dir='ltr'>ἔσωθεν</span> <span class='ocrx_word' id='word_1_633' title='bbox 1387 1991 1415 2016; x_wconf 83' lang='grc' dir='ltr'>δέ</span> <span class='ocrx_word' id='word_1_634' title='bbox 1433 1992 1485 2017; x_wconf 81' lang='grc' dir='ltr'>εἰσι</span> <span class='ocrx_word' id='word_1_635' title='bbox 1499 1990 1576 2016; x_wconf 74' lang='grc' dir='ltr'>λύκοι</span> <span class='ocrx_word' id='word_1_636' title='bbox 1591 1991 1725 2026; x_wconf 74' lang='grc' dir='ltr'>ἅρπαγες.</span> <span class='ocrx_word' id='word_1_637' title='bbox 1743 2000 1752 2016; x_wconf 78' lang='lat' dir='ltr'><strong>r</strong></span> 
     </span>
    </p>
   </div>
   <div class='ocr_carea' id='block_1_87' title="bbox 1054 2035 1804 2071">
    <p class='ocr_par' dir='ltr' id='par_1_87' title="bbox 1054 2035 1804 2071">
     <span class='ocr_line' id='line_1_87' title="bbox 1054 2035 1804 2071; baseline -0.001 -9"><span class='ocrx_word' id='word_1_638' title='bbox 1054 2036 1151 2071; x_wconf 85' lang='grc' dir='ltr'>Θηρῶν</span> <span class='ocrx_word' id='word_1_639' title='bbox 1170 2035 1224 2071; x_wconf 77' lang='grc' dir='ltr'>γὰρ</span> <span class='ocrx_word' id='word_1_640' title='bbox 1238 2036 1341 2070; x_wconf 79' lang='grc' dir='ltr'>ἀγρίων</span> <span class='ocrx_word' id='word_1_641' title='bbox 1355 2035 1433 2069; x_wconf 82' lang='grc' dir='ltr'>ὀλίγα</span> <span class='ocrx_word' id='word_1_642' title='bbox 1459 2036 1606 2069; x_wconf 81' lang='grc' dir='ltr'>διενεγκεῖν</span> <span class='ocrx_word' id='word_1_643' title='bbox 1629 2043 1719 2070; x_wconf 77' lang='grc' dir='ltr'>φαμεν</span> <span class='ocrx_word' id='word_1_644' title='bbox 1744 2036 1804 2070; x_wconf 82' lang='grc' dir='ltr'>ἁλη-</span> 
     </span>
    </p>
   </div>
   <div class='ocr_carea' id='block_1_88' title="bbox 1018 2081 1804 2117">
    <p class='ocr_par' dir='ltr' id='par_1_88' title="bbox 1018 2081 1804 2117">
     <span class='ocr_line' id='line_1_88' title="bbox 1018 2081 1804 2117; baseline -0.001 -9"><span class='ocrx_word' id='word_1_645' title='bbox 1018 2082 1151 2113; x_wconf 81' lang='grc' dir='ltr'>οεὺοντες,</span> <span class='ocrx_word' id='word_1_646' title='bbox 1169 2082 1232 2112; x_wconf 83' lang='grc' dir='ltr'>τοὺς</span> <span class='ocrx_word' id='word_1_647' title='bbox 1247 2081 1301 2107; x_wconf 86' lang='grc' dir='ltr'>τῶν</span> <span class='ocrx_word' id='word_1_648' title='bbox 1317 2081 1430 2107; x_wconf 82' lang='grc' dir='ltr'>ἀνοσίων</span> <span class='ocrx_word' id='word_1_649' title='bbox 1459 2081 1591 2117; x_wconf 75' lang='grc' dir='ltr'>αἱρέσεων</span> <span class='ocrx_word' id='word_1_650' title='bbox 1615 2081 1739 2116; x_wconf 79' lang='grc' dir='ltr'>εὑρετὰς.</span> <span class='ocrx_word' id='word_1_651' title='bbox 1760 2082 1804 2107; x_wconf 81' lang='grc' dir='ltr'>καὶ</span> 
     </span>
    </p>
   </div>
   <div class='ocr_carea' id='block_1_89' title="bbox 1019 2126 1804 2162">
    <p class='ocr_par' dir='ltr' id='par_1_89' title="bbox 1019 2126 1804 2162">
     <span class='ocr_line' id='line_1_89' title="bbox 1019 2126 1804 2162; baseline -0.001 -9"><span class='ocrx_word' id='word_1_652' title='bbox 1019 2127 1229 2162; x_wconf 74' lang='grc' dir='ltr'>προεστηκότας,</span> <span class='ocrx_word' id='word_1_653' title='bbox 1242 2127 1305 2158; x_wconf 75' lang='grc' dir='ltr'>τοὺς</span> <span class='ocrx_word' id='word_1_654' title='bbox 1319 2127 1509 2158; x_wconf 79' lang='grc' dir='ltr'>κατεσθίοντας</span> <span class='ocrx_word' id='word_1_655' title='bbox 1523 2127 1568 2152; x_wconf 72' lang='grc' dir='ltr'>τὸν</span> <span class='ocrx_word' id='word_1_656' title='bbox 1582 2126 1690 2162; x_wconf 77' lang='grc' dir='ltr'>Ἰσραὴλ</span> <span class='ocrx_word' id='word_1_657' title='bbox 1703 2127 1756 2161; x_wconf 84' lang='grc' dir='ltr'><strong>ὅλῳ</strong></span> <span class='ocrx_word' id='word_1_658' title='bbox 1768 2127 1804 2162; x_wconf 83' lang='grc' dir='ltr'><strong>τῷ</strong></span> 
     </span>
    </p>
   </div>
   <div class='ocr_carea' id='block_1_90' title="bbox 1019 2171 1804 2207">
    <p class='ocr_par' dir='ltr' id='par_1_90' title="bbox 1019 2171 1804 2207">
     <span class='ocr_line' id='line_1_90' title="bbox 1019 2171 1804 2207; baseline -0.001 -8"><span class='ocrx_word' id='word_1_659' title='bbox 1019 2173 1142 2207; x_wconf 73' lang='grc' dir='ltr'>στόματι.</span> <span class='ocrx_word' id='word_1_660' title='bbox 1161 2172 1305 2198; x_wconf 80' lang='grc' dir='ltr'>Δαπανῶσι</span> <span class='ocrx_word' id='word_1_661' title='bbox 1321 2173 1375 2206; x_wconf 78' lang='grc' dir='ltr'><strong>γὰρ</strong></span> <span class='ocrx_word' id='word_1_662' title='bbox 1392 2172 1486 2207; x_wconf 77' lang='grc' dir='ltr'>ὥσπερ</span> <span class='ocrx_word' id='word_1_663' title='bbox 1503 2172 1553 2203; x_wconf 74' lang='grc' dir='ltr'>τὰς</span> <span class='ocrx_word' id='word_1_664' title='bbox 1577 2171 1631 2198; x_wconf 81' lang='grc' dir='ltr'>τῶν</span> <span class='ocrx_word' id='word_1_665' title='bbox 1657 2172 1804 2199; x_wconf 81' lang='grc' dir='ltr'>ἁπλουστέ-</span> 
     </span>
    </p>
   </div>
   <div class='ocr_carea' id='block_1_91' title="bbox 183 2211 966 2260">
    <p class='ocr_par' dir='ltr' id='par_1_91' title="bbox 183 2211 966 2251">
     <span class='ocr_line' id='line_1_91' title="bbox 183 2211 966 2251; baseline 0.008 -14"><span class='ocrx_word' id='word_1_666' title='bbox 183 2211 295 2239; x_wconf 61' lang='lat' dir='ltr'><strong>fallacia!</strong></span> <span class='ocrx_word' id='word_1_667' title='bbox 309 2213 434 2243; x_wconf 84' lang='lat' dir='ltr'><strong>dentibus</strong></span> <span class='ocrx_word' id='word_1_668' title='bbox 447 2222 493 2243; x_wconf 84' lang='lat' dir='ltr'><strong>eos</strong></span> <span class='ocrx_word' id='word_1_669' title='bbox 508 2215 732 2243; x_wconf 79' lang='lat' dir='ltr'><strong>comminuentes.</strong></span> <span class='ocrx_word' id='word_1_670' title='bbox 755 2216 862 2243; x_wconf 66' lang='lat' dir='ltr'><strong>Dicatur</strong></span> <span class='ocrx_word' id='word_1_671' title='bbox 876 2218 966 2251; x_wconf 77' lang='lat' dir='ltr'><strong>itaque</strong></span> 
     </span>
    </p>
   </div>
   <div class='ocr_carea' id='block_1_92' title="bbox 1021 2211 1802 2260">
    <p class='ocr_par' dir='ltr' id='par_1_92' title="bbox 1021 2216 1802 2253">
     <span class='ocr_line' id='line_1_92' title="bbox 1021 2216 1802 2253; baseline 0 -10"><span class='ocrx_word' id='word_1_672' title='bbox 1021 2226 1074 2253; x_wconf 87' lang='grc' dir='ltr'><strong>ρων</strong></span> <span class='ocrx_word' id='word_1_673' title='bbox 1086 2216 1186 2252; x_wconf 76' lang='grc' dir='ltr'>ψυχάς,</span> <span class='ocrx_word' id='word_1_674' title='bbox 1207 2218 1263 2248; x_wconf 83' lang='grc' dir='ltr'>τοῖς</span> <span class='ocrx_word' id='word_1_675' title='bbox 1290 2217 1340 2251; x_wconf 78' lang='grc' dir='ltr'>τῆς</span> <span class='ocrx_word' id='word_1_676' title='bbox 1367 2217 1475 2251; x_wconf 82' lang='grc' dir='ltr'>ἀπάτης</span> <span class='ocrx_word' id='word_1_677' title='bbox 1497 2216 1586 2243; x_wconf 73' lang='grc' dir='ltr'>ὀδοῦσι</span> <span class='ocrx_word' id='word_1_678' title='bbox 1607 2217 1802 2252; x_wconf 76' lang='grc' dir='ltr'>συντρίϐοντες.</span> 
     </span>
    </p>
   </div>
   <div class='ocr_carea' id='block_1_93' title="bbox 186 2257 964 2289">
    <p class='ocr_par' dir='ltr' id='par_1_93' title="bbox 186 2257 964 2289">
     <span class='ocr_line' id='line_1_93' title="bbox 186 2257 964 2289; baseline 0.008 -6"><span class='ocrx_word' id='word_1_679' title='bbox 186 2266 200 2283; x_wconf 82' lang='lat' dir='ltr'><strong>n</strong></span> <span class='ocrx_word' id='word_1_680' title='bbox 212 2257 288 2284; x_wconf 90' lang='lat' dir='ltr'><strong>nobis</strong></span> <span class='ocrx_word' id='word_1_681' title='bbox 303 2259 405 2287; x_wconf 77' lang='lat' dir='ltr'><strong>etiam:</strong></span> <span class='ocrx_word' id='word_1_682' title='bbox 424 2270 433 2286; x_wconf 77' lang='grc' dir='ltr'><strong>ι</strong></span> <span class='ocrx_word' id='word_1_683' title='bbox 461 2260 530 2288; x_wconf 86' lang='lat' dir='ltr'><strong>Deus</strong></span> <span class='ocrx_word' id='word_1_684' title='bbox 549 2266 672 2289; x_wconf 86' lang='lat' dir='ltr'><strong>conteret</strong></span> <span class='ocrx_word' id='word_1_685' title='bbox 696 2261 789 2289; x_wconf 88' lang='lat' dir='ltr'><strong>dentes</strong></span> <span class='ocrx_word' id='word_1_686' title='bbox 813 2270 905 2289; x_wconf 85' lang='lat' dir='ltr'><strong>eorum</strong></span> <span class='ocrx_word' id='word_1_687' title='bbox 938 2264 964 2289; x_wconf 88' lang='lat' dir='ltr'><strong>itt</strong></span> 
     </span>
    </p>
   </div>
   <div class='ocr_carea' id='block_1_94' title="bbox 181 2305 964 2343">
    <p class='ocr_par' dir='ltr' id='par_1_94' title="bbox 181 2305 964 2343">
     <span class='ocr_line' id='line_1_94' title="bbox 181 2305 964 2343; baseline 0.008 -14"><span class='ocrx_word' id='word_1_688' title='bbox 181 2310 229 2329; x_wconf 81' lang='lat' dir='ltr'><strong>ore</strong></span> <span class='ocrx_word' id='word_1_689' title='bbox 243 2305 375 2338; x_wconf 82' lang='lat' dir='ltr'><strong>ipsorum;</strong></span> <span class='ocrx_word' id='word_1_690' title='bbox 399 2306 482 2334; x_wconf 85' lang='lat' dir='ltr'><strong>molas</strong></span> <span class='ocrx_word' id='word_1_691' title='bbox 496 2307 601 2334; x_wconf 87' lang='lat' dir='ltr'><strong>leonutn</strong></span> <span class='ocrx_word' id='word_1_692' title='bbox 619 2308 752 2343; x_wconf 74' lang='lat' dir='ltr'><strong>confregit</strong></span> <span class='ocrx_word' id='word_1_693' title='bbox 769 2308 909 2335; x_wconf 70' lang='lat' dir='ltr'><strong>Dominus.</strong></span> <span class='ocrx_word' id='word_1_694' title='bbox 925 2308 964 2335; x_wconf 82' lang='lat' dir='ltr'><strong>Ad</strong></span> 
     </span>
    </p>
   </div>
   <div class='ocr_carea' id='block_1_95' title="bbox 182 2349 966 2388">
    <p class='ocr_par' dir='ltr' id='par_1_95' title="bbox 182 2349 966 2388">
     <span class='ocr_line' id='line_1_95' title="bbox 182 2349 966 2388; baseline 0.006 -12"><span class='ocrx_word' id='word_1_695' title='bbox 182 2349 295 2377; x_wconf 91' lang='lat' dir='ltr'><strong>nihilum</strong></span> <span class='ocrx_word' id='word_1_696' title='bbox 314 2352 467 2385; x_wconf 83' lang='lat' dir='ltr'><strong>devenient,</strong></span> <span class='ocrx_word' id='word_1_697' title='bbox 483 2357 512 2379; x_wconf 87' lang='lat' dir='ltr'><strong>ut</strong></span> <span class='ocrx_word' id='word_1_698' title='bbox 525 2361 593 2388; x_wconf 81' lang='lat' dir='ltr'><strong>aqua</strong></span> <span class='ocrx_word' id='word_1_699' title='bbox 612 2356 770 2382; x_wconf 90' lang='lat' dir='ltr'><strong>decurrens.</strong></span> <span class='ocrx_word' id='word_1_700' title='bbox 790 2354 966 2382; x_wconf 85' lang='lat' dir='ltr'><strong>ltttendetar-</strong></span> 
     </span>
    </p>
   </div>
   <div class='ocr_carea' id='block_1_96' title="bbox 182 2397 700 2426">
    <p class='ocr_par' dir='ltr' id='par_1_96' title="bbox 182 2397 700 2426">
     <span class='ocr_line' id='line_1_96' title="bbox 182 2397 700 2426; baseline 0.008 -4"><span class='ocrx_word' id='word_1_701' title='bbox 182 2402 243 2422; x_wconf 92' lang='lat' dir='ltr'><strong>cum</strong></span> <span class='ocrx_word' id='word_1_702' title='bbox 261 2403 338 2424; x_wconf 87' lang='lat' dir='ltr'><strong>suum</strong></span> <span class='ocrx_word' id='word_1_703' title='bbox 350 2397 436 2425; x_wconf 88' lang='lat' dir='ltr'><strong>donec</strong></span> <span class='ocrx_word' id='word_1_704' title='bbox 450 2398 621 2426; x_wconf 82' lang='lat' dir='ltr'><strong>iniirntentur</strong></span> <span class='ocrx_word' id='word_1_705' title='bbox 635 2399 668 2426; x_wconf 63' lang='lat'><strong>6°.</strong></span> <span class='ocrx_word' id='word_1_706' title='bbox 691 2409 700 2425; x_wconf 76' lang='grc' dir='ltr'><strong>ι</strong></span> 
     </span>
    </p>
   </div>
   <div class='ocr_carea' id='block_1_97' title="bbox 218 2485 965 2523">
    <p class='ocr_par' dir='ltr' id='par_1_97' title="bbox 218 2485 965 2523">
     <span class='ocr_line' id='line_1_97' title="bbox 218 2485 965 2523; baseline 0.004 -11"><span class='ocrx_word' id='word_1_707' title='bbox 218 2485 300 2513; x_wconf 69' lang='lat' dir='ltr'><strong>Vens.</strong></span> <span class='ocrx_word' id='word_1_708' title='bbox 312 2487 339 2514; x_wconf 87' lang='lat'><strong>9.</strong></span> <span class='ocrx_word' id='word_1_709' title='bbox 356 2486 489 2513; x_wconf 77' lang='lat' dir='ltr'><strong>Insaniam</strong></span> <span class='ocrx_word' id='word_1_710' title='bbox 505 2487 532 2513; x_wconf 83' lang='lat' dir='ltr'><strong>in</strong></span> <span class='ocrx_word' id='word_1_711' title='bbox 553 2487 630 2514; x_wconf 86' lang='lat' dir='ltr'><strong>domo</strong></span> <span class='ocrx_word' id='word_1_712' title='bbox 654 2488 701 2515; x_wconf 84' lang='lat' dir='ltr'><strong>Dei</strong></span> <span class='ocrx_word' id='word_1_713' title='bbox 716 2489 874 2523; x_wconf 70' lang='lat' dir='ltr'><strong>deﬁxerant.</strong></span> <span class='ocrx_word' id='word_1_714' title='bbox 899 2489 965 2517; x_wconf 86' lang='lat' dir='ltr'><strong>Car-</strong></span> 
     </span>
    </p>
   </div>
   <div class='ocr_carea' id='block_1_98' title="bbox 183 2532 968 2570">
    <p class='ocr_par' dir='ltr' id='par_1_98' title="bbox 183 2532 968 2570">
     <span class='ocr_line' id='line_1_98' title="bbox 183 2532 968 2570; baseline 0.005 -12"><span class='ocrx_word' id='word_1_715' title='bbox 183 2532 253 2566; x_wconf 78' lang='lat' dir='ltr'><strong>ruptt‘</strong></span> <span class='ocrx_word' id='word_1_716' title='bbox 269 2536 328 2559; x_wconf 77' lang='lat' dir='ltr'><strong>sunt</strong></span> <span class='ocrx_word' id='word_1_717' title='bbox 342 2532 482 2559; x_wconf 77' lang='lat' dir='ltr'><strong>secundum</strong></span> <span class='ocrx_word' id='word_1_718' title='bbox 495 2533 548 2559; x_wconf 75' lang='lat' dir='ltr'><strong>dies</strong></span> <span class='ocrx_word' id='word_1_719' title='bbox 564 2533 648 2561; x_wconf 80' lang='lat' dir='ltr'><strong>collis.</strong></span> <span class='ocrx_word' id='word_1_720' title='bbox 664 2534 856 2562; x_wconf 79' lang='lat' dir='ltr'><strong>Recordabitur</strong></span> <span class='ocrx_word' id='word_1_721' title='bbox 868 2535 968 2570; x_wconf 74' lang='lat' dir='ltr'><strong>iniqui-</strong></span> 
     </span>
    </p>
   </div>
   <div class='ocr_carea' id='block_1_99' title="bbox 184 2577 745 2611">
    <p class='ocr_par' dir='ltr' id='par_1_99' title="bbox 184 2577 745 2611">
     <span class='ocr_line' id='line_1_99' title="bbox 184 2577 745 2611; baseline 0.009 -9"><span class='ocrx_word' id='word_1_722' title='bbox 184 2577 246 2604; x_wconf 76' lang='lat' dir='ltr'><strong>tatis</strong></span> <span class='ocrx_word' id='word_1_723' title='bbox 262 2585 362 2608; x_wconf 84' lang='lat' dir='ltr'><strong>eorum,</strong></span> <span class='ocrx_word' id='word_1_724' title='bbox 377 2577 517 2605; x_wconf 75' lang='lat' dir='ltr'><strong>ulciscatur</strong></span> <span class='ocrx_word' id='word_1_725' title='bbox 527 2585 629 2611; x_wconf 82' lang='lat' dir='ltr'><strong>peccata</strong></span> <span class='ocrx_word' id='word_1_726' title='bbox 645 2588 745 2607; x_wconf 83' lang='lat' dir='ltr'><strong>eorum.</strong></span> 
     </span>
    </p>
   </div>
   <div class='ocr_carea' id='block_1_100' title="bbox 219 2621 967 2661">
    <p class='ocr_par' dir='ltr' id='par_1_100' title="bbox 219 2621 967 2661">
     <span class='ocr_line' id='line_1_100' title="bbox 219 2621 967 2661; baseline 0.004 -13"><span class='ocrx_word' id='word_1_727' title='bbox 219 2621 272 2649; x_wconf 89' lang='lat' dir='ltr'><strong>Cll.</strong></span> <span class='ocrx_word' id='word_1_728' title='bbox 287 2621 422 2650; x_wconf 83' lang='lat' dir='ltr'><strong>insaniant</strong></span> <span class='ocrx_word' id='word_1_729' title='bbox 438 2628 465 2650; x_wconf 90' lang='lat' dir='ltr'><strong>et</strong></span> <span class='ocrx_word' id='word_1_730' title='bbox 479 2623 522 2651; x_wconf 81' lang='lat' dir='ltr'><strong>hic</strong></span> <span class='ocrx_word' id='word_1_731' title='bbox 539 2632 612 2651; x_wconf 84' lang='lat' dir='ltr'><strong>more</strong></span> <span class='ocrx_word' id='word_1_732' title='bbox 625 2626 703 2653; x_wconf 88' lang='lat' dir='ltr'><strong>solito</strong></span> <span class='ocrx_word' id='word_1_733' title='bbox 719 2626 802 2654; x_wconf 80' lang='lat' dir='ltr'><strong>falsas</strong></span> <span class='ocrx_word' id='word_1_734' title='bbox 815 2626 967 2661; x_wconf 70' lang='lat' dir='ltr'><strong>prtedictio-</strong></span> 
     </span>
    </p>
   </div>
   <div class='ocr_carea' id='block_1_101' title="bbox 185 2668 967 2700">
    <p class='ocr_par' dir='ltr' id='par_1_101' title="bbox 185 2668 967 2700">
     <span class='ocr_line' id='line_1_101' title="bbox 185 2668 967 2700; baseline 0.005 -5"><span class='ocrx_word' id='word_1_735' title='bbox 185 2676 234 2695; x_wconf 86' lang='lat' dir='ltr'><strong>nes</strong></span> <span class='ocrx_word' id='word_1_736' title='bbox 246 2668 379 2699; x_wconf 84' lang='lat' dir='ltr'><strong>nominat,</strong></span> <span class='ocrx_word' id='word_1_737' title='bbox 402 2668 508 2696; x_wconf 91' lang='lat' dir='ltr'><strong>domum</strong></span> <span class='ocrx_word' id='word_1_738' title='bbox 524 2675 611 2698; x_wconf 81' lang='lat' dir='ltr'><strong>autem</strong></span> <span class='ocrx_word' id='word_1_739' title='bbox 638 2672 741 2699; x_wconf 84' lang='lat' dir='ltr'><strong>Domini</strong></span> <span class='ocrx_word' id='word_1_740' title='bbox 760 2672 897 2700; x_wconf 76' lang='lat' dir='ltr'><strong>lsraeletu.</strong></span> <span class='ocrx_word' id='word_1_741' title='bbox 923 2673 967 2699; x_wconf 90' lang='lat' dir='ltr'><strong>Di-</strong></span> 
     </span>
    </p>
   </div>
   <div class='ocr_carea' id='block_1_102' title="bbox 185 2713 965 2752">
    <p class='ocr_par' dir='ltr' id='par_1_102' title="bbox 185 2713 965 2752">
     <span class='ocr_line' id='line_1_102' title="bbox 185 2713 965 2752; baseline 0.008 -13"><span class='ocrx_word' id='word_1_742' title='bbox 185 2719 258 2740; x_wconf 81' lang='lat' dir='ltr'><strong>ctum</strong></span> <span class='ocrx_word' id='word_1_743' title='bbox 272 2718 313 2740; x_wconf 90' lang='lat' dir='ltr'><strong>est</strong></span> <span class='ocrx_word' id='word_1_744' title='bbox 325 2713 405 2749; x_wconf 77' lang='lat' dir='ltr'><strong>igitur</strong></span> <span class='ocrx_word' id='word_1_745' title='bbox 414 2717 528 2750; x_wconf 87' lang='lat' dir='ltr'><strong>quodam</strong></span> <span class='ocrx_word' id='word_1_746' title='bbox 538 2717 596 2744; x_wconf 89' lang='lat' dir='ltr'><strong>loco</strong></span> <span class='ocrx_word' id='word_1_747' title='bbox 607 2725 653 2752; x_wconf 88' lang='lat' dir='ltr'><strong>per</strong></span> <span class='ocrx_word' id='word_1_748' title='bbox 662 2717 806 2745; x_wconf 80' lang='lat' dir='ltr'><strong>Jercmiam</strong></span> <span class='ocrx_word' id='word_1_749' title='bbox 816 2719 848 2745; x_wconf 83' lang='lat' dir='ltr'><strong>ad</strong></span> <span class='ocrx_word' id='word_1_750' title='bbox 859 2718 951 2745; x_wconf 79' lang='lat' dir='ltr'><strong>Judaeo</strong></span> <span class='ocrx_word' id='word_1_751' title='bbox 958 2732 965 2738; x_wconf 87' lang='lat'><strong>-</strong></span> 
     </span>
    </p>
   </div>
   <div class='ocr_carea' id='block_1_103' title="bbox 184 2758 967 2798">
    <p class='ocr_par' dir='ltr' id='par_1_103' title="bbox 184 2758 967 2798">
     <span class='ocr_line' id='line_1_103' title="bbox 184 2758 967 2798; baseline 0.006 -13"><span class='ocrx_word' id='word_1_752' title='bbox 184 2765 244 2786; x_wconf 84' lang='lat' dir='ltr'><strong>runt</strong></span> <span class='ocrx_word' id='word_1_753' title='bbox 263 2758 443 2796; x_wconf 78' lang='lat' dir='ltr'><strong>Synagogam,</strong></span> <span class='ocrx_word' id='word_1_754' title='bbox 464 2762 537 2789; x_wconf 81' lang='lat' dir='ltr'><strong>velut</strong></span> <span class='ocrx_word' id='word_1_755' title='bbox 553 2770 584 2790; x_wconf 85' lang='lat' dir='ltr'><strong>ex</strong></span> <span class='ocrx_word' id='word_1_756' title='bbox 616 2770 731 2798; x_wconf 81' lang='lat' dir='ltr'><strong>persona</strong></span> <span class='ocrx_word' id='word_1_757' title='bbox 750 2764 794 2790; x_wconf 80' lang='grc' dir='ltr'><strong>ι)ρί</strong></span> <span class='ocrx_word' id='word_1_758' title='bbox 814 2772 820 2791; x_wconf 88' lang='lat'><strong>:</strong></span> <span class='ocrx_word' id='word_1_759' title='bbox 836 2772 845 2789; x_wconf 79' lang='grc' dir='ltr'><strong>ι</strong></span> <span class='ocrx_word' id='word_1_760' title='bbox 872 2762 967 2790; x_wconf 81' lang='lat' dir='ltr'><strong>Nonne</strong></span> 
     </span>
    </p>
   </div>
   <div class='ocr_carea' id='block_1_104' title="bbox 219 2846 483 2882">
    <p class='ocr_par' dir='ltr' id='par_1_104' title="bbox 219 2846 483 2882">
     <span class='ocr_line' id='line_1_104' title="bbox 219 2846 483 2882; baseline 0.015 -8"><span class='ocrx_word' id='word_1_761' title='bbox 219 2846 243 2863; x_wconf 82' lang='lat'><strong>&quot;’</strong></span> <span class='ocrx_word' id='word_1_762' title='bbox 262 2846 357 2876; x_wconf 86' lang='lat' dir='ltr'><strong>Ezech.</strong></span> <span class='ocrx_word' id='word_1_763' title='bbox 378 2857 420 2882; x_wconf 77' lang='lat' dir='ltr'><strong>tn,</strong></span> <span class='ocrx_word' id='word_1_764' title='bbox 440 2851 483 2878; x_wconf 86' lang='lat' dir='ltr'><strong>l7.</strong></span> 
     </span>
    </p>
   </div>
   <div class='ocr_carea' id='block_1_105' title="bbox 1019 2260 1803 2298">
    <p class='ocr_par' dir='ltr' id='par_1_105' title="bbox 1019 2260 1803 2298">
     <span class='ocr_line' id='line_1_105' title="bbox 1019 2260 1803 2298; baseline -0.001 -8"><span class='ocrx_word' id='word_1_765' title='bbox 1019 2263 1144 2298; x_wconf 77' lang='grc' dir='ltr'>Εἰρήσθω</span> <span class='ocrx_word' id='word_1_766' title='bbox 1157 2263 1188 2298; x_wconf 86' lang='grc' dir='ltr'>δὴ</span> <span class='ocrx_word' id='word_1_767' title='bbox 1207 2260 1253 2289; x_wconf 85' lang='grc' dir='ltr'>οὖν</span> <span class='ocrx_word' id='word_1_768' title='bbox 1268 2263 1314 2290; x_wconf 72' lang='grc' dir='ltr'><strong>καὶ</strong></span> <span class='ocrx_word' id='word_1_769' title='bbox 1329 2262 1397 2297; x_wconf 82' lang='grc' dir='ltr'>πρὸς</span> <span class='ocrx_word' id='word_1_770' title='bbox 1413 2263 1502 2298; x_wconf 76' lang='grc' dir='ltr'>ἡμῶν·</span> <span class='ocrx_word' id='word_1_771' title='bbox 1520 2272 1529 2288; x_wconf 77' lang='grc' dir='ltr'><strong>ι</strong></span> <span class='ocrx_word' id='word_1_772' title='bbox 1546 2263 1575 2289; x_wconf 93' lang='lat'><strong>&#39;0</strong></span> <span class='ocrx_word' id='word_1_773' title='bbox 1585 2263 1651 2294; x_wconf 82' lang='grc' dir='ltr'>Θεὸς</span> <span class='ocrx_word' id='word_1_774' title='bbox 1668 2263 1803 2298; x_wconf 73' lang='grc' dir='ltr'>συντρίψει</span> 
     </span>
    </p>
   </div>
   <div class='ocr_carea' id='block_1_106' title="bbox 1019 2307 1803 2342">
    <p class='ocr_par' dir='ltr' id='par_1_106' title="bbox 1019 2307 1803 2342">
     <span class='ocr_line' id='line_1_106' title="bbox 1019 2307 1803 2342; baseline -0.001 -8"><span class='ocrx_word' id='word_1_775' title='bbox 1019 2309 1082 2340; x_wconf 85' lang='grc' dir='ltr'>τοὺς</span> <span class='ocrx_word' id='word_1_776' title='bbox 1093 2308 1201 2339; x_wconf 76' lang='grc' dir='ltr'>ὀδόντας</span> <span class='ocrx_word' id='word_1_777' title='bbox 1215 2308 1305 2334; x_wconf 83' lang='grc' dir='ltr'>αὐτῶν</span> <span class='ocrx_word' id='word_1_778' title='bbox 1319 2309 1347 2334; x_wconf 82' lang='grc' dir='ltr'>ὲν</span> <span class='ocrx_word' id='word_1_779' title='bbox 1355 2308 1394 2342; x_wconf 89' lang='grc' dir='ltr'>τῷ</span> <span class='ocrx_word' id='word_1_780' title='bbox 1411 2308 1524 2342; x_wconf 76' lang='grc' dir='ltr'>στόματι</span> <span class='ocrx_word' id='word_1_781' title='bbox 1537 2308 1636 2339; x_wconf 82' lang='grc' dir='ltr'>αὐτῶν,</span> <span class='ocrx_word' id='word_1_782' title='bbox 1655 2308 1704 2338; x_wconf 72' lang='grc' dir='ltr'><strong>τὰς</strong></span> <span class='ocrx_word' id='word_1_783' title='bbox 1721 2307 1803 2342; x_wconf 80' lang='grc' dir='ltr'>μύλας</span> 
     </span>
    </p>
   </div>
   <div class='ocr_carea' id='block_1_107' title="bbox 1018 2352 1803 2388">
    <p class='ocr_par' dir='ltr' id='par_1_107' title="bbox 1018 2352 1803 2388">
     <span class='ocr_line' id='line_1_107' title="bbox 1018 2352 1803 2388; baseline -0.001 -9"><span class='ocrx_word' id='word_1_784' title='bbox 1018 2353 1072 2381; x_wconf 80' lang='grc' dir='ltr'><strong>τῶν</strong></span> <span class='ocrx_word' id='word_1_785' title='bbox 1087 2353 1202 2380; x_wconf 85' lang='grc' dir='ltr'>λεόντων</span> <span class='ocrx_word' id='word_1_786' title='bbox 1229 2353 1414 2379; x_wconf 82' lang='grc' dir='ltr'>συνέθλασενὸ</span> <span class='ocrx_word' id='word_1_787' title='bbox 1427 2353 1538 2388; x_wconf 80' lang='grc' dir='ltr'>Κύριος.</span> <span class='ocrx_word' id='word_1_788' title='bbox 1563 2352 1803 2388; x_wconf 78' lang='grc' dir='ltr'>Ἐξουδενωθήσον-</span> 
     </span>
    </p>
   </div>
   <div class='ocr_carea' id='block_1_108' title="bbox 1018 2397 1800 2434">
    <p class='ocr_par' dir='ltr' id='par_1_108' title="bbox 1018 2397 1800 2434">
     <span class='ocr_line' id='line_1_108' title="bbox 1018 2397 1800 2434; baseline -0.001 -9"><span class='ocrx_word' id='word_1_789' title='bbox 1018 2407 1062 2425; x_wconf 84' lang='grc' dir='ltr'><strong>ται</strong></span> <span class='ocrx_word' id='word_1_790' title='bbox 1073 2399 1110 2430; x_wconf 83' lang='grc' dir='ltr'>ὡς</span> <span class='ocrx_word' id='word_1_791' title='bbox 1124 2399 1195 2434; x_wconf 80' lang='grc' dir='ltr'>ὕδωρ</span> <span class='ocrx_word' id='word_1_792' title='bbox 1205 2399 1441 2434; x_wconf 82' lang='grc' dir='ltr'>διαπορευόμενον.</span> <span class='ocrx_word' id='word_1_793' title='bbox 1458 2399 1573 2426; x_wconf 85' lang='grc' dir='ltr'>Ἐντενεί</span> <span class='ocrx_word' id='word_1_794' title='bbox 1586 2399 1615 2425; x_wconf 81' lang='grc' dir='ltr'><strong>τὺ</strong></span> <span class='ocrx_word' id='word_1_795' title='bbox 1625 2398 1700 2431; x_wconf 81' lang='grc' dir='ltr'>τόξον</span> <span class='ocrx_word' id='word_1_796' title='bbox 1712 2397 1800 2430; x_wconf 85' lang='grc' dir='ltr'>αὑτοῦ,</span> 
     </span>
    </p>
   </div>
   <div class='ocr_carea' id='block_1_109' title="bbox 1017 2442 1353 2479">
    <p class='ocr_par' dir='ltr' id='par_1_109' title="bbox 1017 2442 1353 2479">
     <span class='ocr_line' id='line_1_109' title="bbox 1017 2442 1353 2479; baseline 0 -9"><span class='ocrx_word' id='word_1_797' title='bbox 1017 2444 1070 2476; x_wconf 74' lang='grc' dir='ltr'>ἕως</span> <span class='ocrx_word' id='word_1_798' title='bbox 1082 2442 1113 2470; x_wconf 74' lang='grc' dir='ltr'><strong>οἶ)</strong></span> <span class='ocrx_word' id='word_1_799' title='bbox 1128 2443 1323 2479; x_wconf 81' lang='grc' dir='ltr'>άσΟενήσωσιν.</span> <span class='ocrx_word' id='word_1_800' title='bbox 1344 2453 1353 2469; x_wconf 75' lang='grc' dir='ltr'><strong>ι</strong></span> 
     </span>
    </p>
   </div>
   <div class='ocr_carea' id='block_1_110' title="bbox 1049 2488 1802 2524">
    <p class='ocr_par' dir='ltr' id='par_1_110' title="bbox 1049 2488 1802 2524">
     <span class='ocr_line' id='line_1_110' title="bbox 1049 2488 1802 2524; baseline -0.003 -7"><span class='ocrx_word' id='word_1_801' title='bbox 1049 2491 1167 2517; x_wconf 77' lang='grc' dir='ltr'>Μανίαν</span> <span class='ocrx_word' id='word_1_802' title='bbox 1183 2490 1217 2516; x_wconf 78' lang='grc' dir='ltr'><strong>ἐν</strong></span> <span class='ocrx_word' id='word_1_803' title='bbox 1233 2490 1305 2521; x_wconf 80' lang='grc' dir='ltr'>οίκῳ</span> <span class='ocrx_word' id='word_1_804' title='bbox 1324 2490 1438 2524; x_wconf 78' lang='grc' dir='ltr'>Κυρίου</span> <span class='ocrx_word' id='word_1_805' title='bbox 1452 2489 1637 2523; x_wconf 72' lang='grc' dir='ltr'>κατέπηξαν.</span> <span class='ocrx_word' id='word_1_806' title='bbox 1662 2488 1802 2523; x_wconf 73' lang='grc' dir='ltr'>Ἐςροάρη-</span> 
     </span>
    </p>
   </div>
   <div class='ocr_carea' id='block_1_111' title="bbox 1016 2535 1800 2570">
    <p class='ocr_par' dir='ltr' id='par_1_111' title="bbox 1016 2535 1800 2570">
     <span class='ocr_line' id='line_1_111' title="bbox 1016 2535 1800 2570; baseline -0.001 -8"><span class='ocrx_word' id='word_1_807' title='bbox 1016 2544 1076 2563; x_wconf 84' lang='grc' dir='ltr'>σαν</span> <span class='ocrx_word' id='word_1_808' title='bbox 1104 2535 1179 2562; x_wconf 79' lang='grc' dir='ltr'>κατὰ</span> <span class='ocrx_word' id='word_1_809' title='bbox 1211 2535 1322 2570; x_wconf 63' lang='grc' dir='ltr'>ἡμέρας</span> <span class='ocrx_word' id='word_1_810' title='bbox 1354 2535 1407 2562; x_wconf 81' lang='grc' dir='ltr'>τοῦ</span> <span class='ocrx_word' id='word_1_811' title='bbox 1435 2535 1564 2567; x_wconf 80' lang='grc' dir='ltr'>βουνοῦ.</span> <span class='ocrx_word' id='word_1_812' title='bbox 1592 2535 1800 2567; x_wconf 57' lang='grc' dir='ltr'>Μησθὴσετιιι</span> 
     </span>
    </p>
   </div>
   <div class='ocr_carea' id='block_1_112' title="bbox 1015 2579 1699 2615">
    <p class='ocr_par' dir='ltr' id='par_1_112' title="bbox 1015 2579 1699 2615">
     <span class='ocr_line' id='line_1_112' title="bbox 1015 2579 1699 2615; baseline -0.001 -7"><span class='ocrx_word' id='word_1_813' title='bbox 1015 2581 1132 2614; x_wconf 83' lang='grc' dir='ltr'>ἀδικίας</span> <span class='ocrx_word' id='word_1_814' title='bbox 1146 2579 1254 2612; x_wconf 82' lang='grc' dir='ltr'><strong>αὐτῶν,</strong></span> <span class='ocrx_word' id='word_1_815' title='bbox 1268 2580 1421 2613; x_wconf 75' lang='grc' dir='ltr'>ἐκδικήσει</span> <span class='ocrx_word' id='word_1_816' title='bbox 1432 2581 1575 2615; x_wconf 74' lang='grc' dir='ltr'>ἁμαρτίας</span> <span class='ocrx_word' id='word_1_817' title='bbox 1592 2579 1699 2607; x_wconf 65' lang='grc' dir='ltr'>αὐτῶν.</span> 
     </span>
    </p>
   </div>
   <div class='ocr_carea' id='block_1_113' title="bbox 1055 2625 1799 2661">
    <p class='ocr_par' dir='ltr' id='par_1_113' title="bbox 1055 2625 1799 2661">
     <span class='ocr_line' id='line_1_113' title="bbox 1055 2625 1799 2661; baseline -0.003 -8"><span class='ocrx_word' id='word_1_818' title='bbox 1055 2627 1115 2653; x_wconf 87' lang='lat' dir='ltr'><strong>PB&#39;.</strong></span> <span class='ocrx_word' id='word_1_819' title='bbox 1127 2625 1232 2652; x_wconf 85' lang='grc' dir='ltr'>Μανίαν</span> <span class='ocrx_word' id='word_1_820' title='bbox 1248 2625 1363 2653; x_wconf 83' lang='grc' dir='ltr'>κάνθάδε</span> <span class='ocrx_word' id='word_1_821' title='bbox 1379 2626 1500 2661; x_wconf 81' lang='grc' dir='ltr'>συνήθως</span> <span class='ocrx_word' id='word_1_822' title='bbox 1511 2634 1546 2660; x_wconf 79' lang='grc' dir='ltr'><strong>φη</strong></span> <span class='ocrx_word' id='word_1_823' title='bbox 1552 2626 1577 2652; x_wconf 66' lang='lat' dir='ltr'><strong>ei.</strong></span> <span class='ocrx_word' id='word_1_824' title='bbox 1595 2625 1644 2660; x_wconf 83' lang='grc' dir='ltr'>τὴν</span> <span class='ocrx_word' id='word_1_825' title='bbox 1654 2625 1799 2660; x_wconf 69' lang='grc' dir='ltr'>ψευδομάν-</span> 
     </span>
    </p>
   </div>
   <div class='ocr_carea' id='block_1_114' title="bbox 1020 2669 1798 2707">
    <p class='ocr_par' dir='ltr' id='par_1_114' title="bbox 1020 2669 1798 2707">
     <span class='ocr_line' id='line_1_114' title="bbox 1020 2669 1798 2707; baseline -0.003 -9"><span class='ocrx_word' id='word_1_826' title='bbox 1020 2672 1104 2700; x_wconf 85' lang='grc' dir='ltr'>τείαν.</span> <span class='ocrx_word' id='word_1_827' title='bbox 1122 2671 1224 2707; x_wconf 84' lang='grc' dir='ltr'>Κυρίου</span> <span class='ocrx_word' id='word_1_828' title='bbox 1238 2671 1267 2697; x_wconf 81' lang='grc' dir='ltr'>δὲ</span> <span class='ocrx_word' id='word_1_829' title='bbox 1293 2669 1365 2697; x_wconf 80' lang='grc' dir='ltr'>οἷκον</span> <span class='ocrx_word' id='word_1_830' title='bbox 1380 2671 1506 2706; x_wconf 78' lang='grc' dir='ltr'>ὀνομάζει</span> <span class='ocrx_word' id='word_1_831' title='bbox 1529 2672 1574 2697; x_wconf 74' lang='grc' dir='ltr'>τὸν</span> <span class='ocrx_word' id='word_1_832' title='bbox 1608 2671 1727 2706; x_wconf 82' lang='grc' dir='ltr'>Ἰσραήλ.</span> <span class='ocrx_word' id='word_1_833' title='bbox 1750 2669 1798 2697; x_wconf 75' lang='grc' dir='ltr'><strong>Καὶ</strong></span> 
     </span>
    </p>
   </div>
   <div class='ocr_carea' id='block_1_115' title="bbox 1019 2715 1797 2753">
    <p class='ocr_par' dir='ltr' id='par_1_115' title="bbox 1019 2715 1797 2753">
     <span class='ocr_line' id='line_1_115' title="bbox 1019 2715 1797 2753; baseline -0.003 -9"><span class='ocrx_word' id='word_1_834' title='bbox 1019 2717 1084 2752; x_wconf 80' lang='grc' dir='ltr'>γοῦν</span> <span class='ocrx_word' id='word_1_835' title='bbox 1097 2717 1203 2753; x_wconf 78' lang='grc' dir='ltr'>εἴρηταί</span> <span class='ocrx_word' id='word_1_836' title='bbox 1222 2725 1273 2743; x_wconf 88' lang='grc' dir='ltr'><strong>που</strong></span> <span class='ocrx_word' id='word_1_837' title='bbox 1285 2717 1328 2744; x_wconf 76' lang='grc' dir='ltr'><strong>διὰ</strong></span> <span class='ocrx_word' id='word_1_838' title='bbox 1348 2717 1440 2751; x_wconf 78' lang='grc' dir='ltr'>φωνῆς</span> <span class='ocrx_word' id='word_1_839' title='bbox 1456 2716 1588 2752; x_wconf 77' lang='grc' dir='ltr'>Ἰερεμίου</span> <span class='ocrx_word' id='word_1_840' title='bbox 1603 2716 1671 2751; x_wconf 77' lang='grc' dir='ltr'>πρὸς</span> <span class='ocrx_word' id='word_1_841' title='bbox 1684 2716 1734 2751; x_wconf 86' lang='grc' dir='ltr'>τὴν</span> <span class='ocrx_word' id='word_1_842' title='bbox 1749 2715 1797 2742; x_wconf 66' lang='grc' dir='ltr'>τῶν</span> 
     </span>
    </p>
   </div>
   <div class='ocr_carea' id='block_1_116' title="bbox 1027 2760 1795 2797">
    <p class='ocr_par' dir='ltr' id='par_1_116' title="bbox 1027 2760 1795 2797">
     <span class='ocr_line' id='line_1_116' title="bbox 1027 2760 1795 2797; baseline -0.005 -7"><span class='ocrx_word' id='word_1_843' title='bbox 1027 2763 1157 2790; x_wconf 84' lang='grc' dir='ltr'>Ἰουδαίων</span> <span class='ocrx_word' id='word_1_844' title='bbox 1184 2761 1407 2796; x_wconf 80' lang='grc' dir='ltr'>Συναγωγὴν,ὼς</span> <span class='ocrx_word' id='word_1_845' title='bbox 1426 2762 1458 2788; x_wconf 77' lang='grc' dir='ltr'>ἐκ</span> <span class='ocrx_word' id='word_1_846' title='bbox 1483 2761 1630 2797; x_wconf 83' lang='grc' dir='ltr'>προσώπου</span> <span class='ocrx_word' id='word_1_847' title='bbox 1648 2761 1694 2788; x_wconf 68' lang='grc' dir='ltr'>τοῦ</span> <span class='ocrx_word' id='word_1_848' title='bbox 1718 2760 1795 2787; x_wconf 68' lang='grc' dir='ltr'>Θεοῦ·</span> 
     </span>
    </p>
   </div>
   <div class='ocr_carea' id='block_1_117' title="bbox 523 2848 1357 2884">
    <p class='ocr_par' dir='ltr' id='par_1_117' title="bbox 523 2848 1357 2884">
     <span class='ocr_line' id='line_1_117' title="bbox 523 2848 1357 2884; baseline -0.001 -6"><span class='ocrx_word' id='word_1_849' title='bbox 523 2851 546 2868; x_wconf 84' lang='lat'><strong>”</strong></span> <span class='ocrx_word' id='word_1_850' title='bbox 560 2851 615 2879; x_wconf 84' lang='lat' dir='ltr'><strong>Jer.</strong></span> <span class='ocrx_word' id='word_1_851' title='bbox 629 2859 706 2884; x_wconf 77' lang='lat' dir='ltr'><strong>um,</strong></span> <span class='ocrx_word' id='word_1_852' title='bbox 723 2851 763 2878; x_wconf 80' lang='grc'><strong>16.</strong></span> <span class='ocrx_word' id='word_1_853' title='bbox 803 2850 935 2878; x_wconf 81' lang='lat' dir='ltr'><strong>&quot;Matth.</strong></span> <span class='ocrx_word' id='word_1_854' title='bbox 951 2858 998 2884; x_wconf 83' lang='lat' dir='ltr'><strong>vn,</strong></span> <span class='ocrx_word' id='word_1_855' title='bbox 1014 2851 1056 2878; x_wconf 82' lang='grc'><strong>15.</strong></span> <span class='ocrx_word' id='word_1_856' title='bbox 1095 2851 1117 2867; x_wconf 71' lang='grc' dir='ltr'><strong>⁸ο</strong></span> <span class='ocrx_word' id='word_1_857' title='bbox 1131 2850 1201 2877; x_wconf 82' lang='lat' dir='ltr'><strong>Psal.</strong></span> <span class='ocrx_word' id='word_1_858' title='bbox 1217 2857 1280 2882; x_wconf 79' lang='lat' dir='ltr'><strong>LVII,</strong></span> <span class='ocrx_word' id='word_1_859' title='bbox 1292 2849 1317 2881; x_wconf 83' lang='lat'><strong>7,</strong></span> <span class='ocrx_word' id='word_1_860' title='bbox 1329 2848 1357 2877; x_wconf 88' lang='lat'><strong>8.</strong></span> 
     </span>
    </p>
   </div>
  </div>
