1919 3042
91 141 147 168 225

554 142 827 171 COMMENTARIUS
844 141 876 170 IN
897 142 1014 172 OSEAM
1034 144 1254 173 I'ROPIIETAM.

1667 146 1719 174 εισ

100 209 110 226 ι
122 200 176 234 Οὐχ
189 199 228 232 ὡς
244 197 320 226 οἶκόν
333 208 368 235 με
382 200 525 233 ἐκάλεσας,
545 202 591 228 καὶ
615 204 731 238 πατέρα,
750 202 796 228 καὶ
819 202 884 237 ἀρχ-

940 207 968 228 ιιι
986 203 1092 229 domum
1113 210 1156 230 me
1171 202 1284 236 vocasti,
1302 206 1328 229 et
1345 206 1459 236 patrem,
1478 205 1505 228 et
1523 201 1618 229 ducem
1637 202 1718 237 virgi-

97 246 162 282 ηγδν
183 245 235 280 τῆς
259 246 414 281 παρθενίας
430 256 494 280 σονς
510 258 519 274 ι
545 248 768 283 Καταπλήττεται
781 247 813 283 δὴ
836 245 883 274 οὖν

95 292 143 327 τῆς
156 290 330 325 ἀποπληξίας
338 291 370 318 τὸ
381 292 505 327 μέγεθος,
515 293 561 319 καὶ
571 292 625 319 τῶν
635 293 743 320 ἀτόπων
758 294 884 328 ἐγχειρη-

101 338 192 369 μάτων
207 338 258 372 τὴν
274 338 441 373 ὑπερϐολήν.
465 338 627 374 Ἑληλάκασι
645 339 700 374 γὰρ
725 339 792 373 πρὸς
806 339 886 365 τοῦτο

99 383 188 409 λοιπὸν
205 383 393 418 ἀνοσιότητος.
411 384 502 418 φησὶν,
522 384 559 415 ὼς
580 384 678 419 μανίαν
696 383 808 418 ὲνηοῖκῳ
827 384 885 410 Κυ-

98 429 157 464 ρίου
173 429 344 463 καταπῆξαι,
368 429 507 460 τουτέστι,
534 429 759 463 ψευδομαντείαν,
783 429 830 456 καὶ
851 429 885 456 τὰ

95 476 152 506 τοῖς
168 475 252 507 θείοις
272 475 364 511 νόμοις
379 476 592 511 ἀπηγορευμένα
609 477 789 512 πλημμελεῖν.
805 475 841 504 Εὖ
856 477 884 503 δὲ

95 519 126 555 δὴ
154 520 202 546 καὶ
215 520 247 546 τὸ
274 529 284 545 ι
302 519 459 556 κατέπηξαν
488 529 497 546 ›
524 520 601 556 φησί.
625 519 663 548 Οὐ
682 521 735 557 γὰρ
749 521 884 548 πέπαυται

94 564 229 599 τολμηθὲν
242 565 369 598 εἰσάπαξ,
379 566 436 592 ἀλλ’
444 566 523 592 οἱονεὶ
533 566 639 602 πέπηγε
651 568 698 594 καὶ
707 567 883 604 ὲνεὸοθρεύοη

95 609 188 637 λοιπὸν
205 611 255 646 τῆς
268 611 428 643 δυσσεὸείας
449 612 479 638 τὸ
502 612 605 647 χρῆμα·
622 613 652 639 οὐ
675 613 729 649 γὰρ
752 613 884 648 κατέληξε

95 655 292 690 ψευδομάντεις
313 657 383 691 ἔχων
416 657 463 684 καὶ
482 657 705 693 ψευδοπροφήτας
732 660 747 685 ὸ
766 658 882 694 Ἰσραήλ.

101 701 212 735 Ἐπειδὴ
241 701 270 727 δὲ
294 701 328 728 τὰ
352 702 440 729 τοιάδε
465 702 681 738 τετολμήκασιν,
709 704 821 734 εἰκότως
846 700 884 730 ὧν

93 747 211 782 ἔδρασαν
245 747 430 782 ἐξαιτούμενοι
460 747 552 780 δίκας,
583 757 593 773 ‹
616 747 788 783 Ἐφθὰρησαν
814 749 884 775 κατὰ

94 794 142 824 τὰς
154 793 265 828 ἡμέρας
275 794 322 819 τοῦ
336 794 441 828 βουνοῦ,
452 794 628 829 Μεμνήσεται
642 794 695 829 γὰρ
713 796 762 829 τῆς
779 795 883 826 ἀδικίας

94 838 197 870 αὐτῶν,
212 838 261 864 καὶ
277 838 414 872 ἐκδικήσει
433 838 521 868 πάσας
541 837 590 868 τὰς
606 837 742 872 ἁμαρτίας
753 837 852 863 αὐτῶν.
871 846 880 862 ι

94 884 150 910 Καὶ
166 883 193 909 τί
213 883 246 918 δὴ
262 883 341 909 τοῦτό
368 884 428 909 ἐστι
452 883 493 915 τὸ,
523 892 532 908 ι
552 883 724 918 Ἐφθάρησαν
740 883 809 909 κατὰ
833 883 883 914 τὰς

92 928 202 962 ἡμέρας
217 929 264 954 τοῦ
281 927 387 963 βουνοῦ,
401 937 410 953 ι
427 929 504 964 φέρε,
520 928 563 955 διὰ
580 928 702 964 βραχέων
719 928 882 964 ὑπομνήσωο

96 982 154 1008 μεν.
173 974 330 1009 Γέγραπται
347 983 373 1000 τι
389 974 507 1001 τοιοῦτον
519 975 547 1001 ὲν
557 976 589 1010 τῇ
605 974 687 1009 βίϐλῳ
698 975 752 1001 τῶν
763 973 880 1009 Κριτῶν,

94 1019 265 1054 ὲπιτομάδην
275 1019 303 1045 δὲ
319 1020 437 1052 ἅπασαν,
445 1020 483 1051 ὥς
495 1019 544 1051 ἔνι,
558 1020 707 1055 ποιήσομαι
716 1020 766 1055 τὴν
776 1020 883 1055 ἀφήγη-

94 1072 146 1096 σιν,
178 1064 228 1090 καὶ
257 1064 431 1099 μακροτέραν
453 1062 536 1091 οὖσαν
564 1064 694 1090 συστελῶ.
725 1073 736 1089 ι
762 1063 807 1090 Ἐν
822 1065 883 1096 ταῖς

93 1110 213 1145 ἡμέραις
224 1110 354 1141 ἐκείναις,
368 1110 459 1145 φησὶν,
474 1110 524 1136 οὐκ
534 1107 567 1146 ἦν
581 1109 708 1144 βασιλεὺς
719 1111 748 1136 ὲν
763 1109 882 1145 Ἰσραὴλ,

95 1155 164 1190 ἀνὴρ
171 1155 203 1181 τὸ
211 1155 291 1186 εὺθὲς
298 1155 327 1182 ἐν
337 1155 486 1190 ὀφθαλμοῖς
500 1155 581 1182 αὑτοῦ
592 1156 688 1182 ἐποίει.
697 1155 752 1182 Καὶ
766 1155 883 1191 ἐγενήθη

92 1200 203 1230 νεανίας
214 1201 249 1226 ὲκ
261 1200 394 1236 Βηθλεὲμ,
403 1201 434 1236 δή
439 1209 489 1236 μου
504 1200 598 1233 Ἰούδα,
616 1201 662 1228 καὶ
671 1201 882 1236 αὑτὸςΛευῖτης,

93 1248 141 1275 καὶ
157 1245 238 1279 οὗτος
256 1247 382 1283 παρῴκει
408 1249 475 1274 ἐκεῖ.
499 1248 554 1274 Καὶ
572 1247 707 1284 ἐπορεύθη
718 1248 732 1274 ὀ
749 1248 818 1283 ἀνὴρ
830 1247 884 1274 ἀπὸ

93 1293 222 1329 Βηθλεὲμ
248 1293 299 1328 τῆς
319 1293 421 1325 πόλεως
438 1292 532 1326 Ἰούδα,
561 1294 729 1329 παροικῆσαι
751 1294 780 1320 έν
806 1291 828 1327 ᾧ
851 1293 884 1320 ἂν

93 1338 163 1375 εὕρῃ
175 1339 264 1374 τόπῳ.
281 1338 332 1365 Καὶ
355 1336 436 1374 ἦλθεν
453 1338 504 1369 ἕως
533 1339 612 1374 ὅρους
629 1338 761 1374 Ἐφραῖμ,
773 1340 821 1365 καὶ
833 1339 885 1370 ἓως

91 1386 168 1412 οἴκου
182 1384 313 1420 Μιχαίου,
332 1384 378 1411 τοῦ
408 1385 519 1420 ποιῆσαι
540 1385 598 1411 ὁδὸν
622 1385 715 1411 αὑτοῦ.
742 1385 796 1411 Καὶ
810 1383 885 1411 εἶπεν

94 1431 171 1467 αὐτῷ
182 1431 305 1465 Μιχαίας
317 1438 323 1444 ·
340 1430 426 1456 Πόθεν
445 1430 529 1466 ἔρχῃι
550 1431 605 1457 Καὶ
631 1428 692 1457 εἷπε
724 1431 791 1466 πρὸς
806 1431 885 1458 αὐτὸν

95 1478 233 1512 Λευῖτης·
253 1475 325 1510 Ἐγώ
346 1477 403 1510 ειμι
427 1476 481 1503 ἀπὸ
505 1476 628 1512 Βηθλεὲμ
651 1477 745 1509 Ἰούδα,
762 1478 808 1504 καὶ
832 1477 886 1511 ἐγὼ

96 1523 252 1558 πορεύομαι
262 1522 426 1557 κατοικῆσαι
439 1523 468 1549 ὲν
481 1519 503 1556 ᾧ
515 1523 549 1550 ἂν
559 1522 632 1557 εὕρω
645 1523 729 1558 τόπῳ.
744 1523 798 1549 Καὶ
811 1521 886 1549 εἶπεν

934 248 1029 275 uitatis
1045 252 1097 275 tum
1114 248 1154 274 “'2
1172 258 1181 274 ι
1201 248 1384 283 Magnitudiue
1398 247 1478 282 igitur
1491 248 1615 275 amentia:
1630 252 1658 275 et
1673 255 1721 276 ne-

916 293 1077 321 fandarum
1112 295 1280 322 molitionum
1318 295 1508 328 exsuperantia
1541 294 1719 328 obstupescit.

935 338 1077 374 Progressi
1094 344 1158 367 sunt
1179 340 1250 366 enim
1273 339 1340 375 jam,
1365 340 1462 375 inquit,
1481 348 1512 367 eo
1525 340 1679 375 impietatis.
1692 344 1721 366 ut

935 385 1067 412 insaniam
1087 386 1112 412 in
1130 385 1209 412 domo
1234 386 1280 413 Dei
1303 387 1455 418 deﬁxerint,
1477 386 1528 413 hoc
1545 390 1596 418 est,
1620 385 1718 412 falsum

935 432 1092 458 vaticinium
1116 432 1324 466 divinarumque
1340 431 1426 466 legum
1443 432 1626 459 violationem.
1650 432 1720 465 Apte

936 483 1024 505 autem
1040 483 1065 505 et
1082 478 1146 505 illud
1166 478 1278 510 dictum,
1305 486 1314 503 (
1346 478 1506 505 dcllxeruut.
1531 487 1540 504 ι
1562 477 1640 513 134
1660 477 1718 504 Νοιι

935 525 1006 552 enim
1025 525 1102 552 desiit
1117 525 1245 552 audacter
1261 528 1395 558 patratum
1413 524 1506 555 semel,
1525 525 1570 551 sed
1586 525 1718 558 quodam~

937 571 1016 598 modo
1034 571 1085 597 lixa
1111 576 1153 598 est
1183 577 1210 597 et
1233 571 1258 596 in
1285 570 1408 597 scrobem
1439 570 1554 604 impacta
1579 571 1717 604 impietas;

935 615 997 649 quia
1014 623 1066 642 non
1085 616 1203 642 cessavit
1226 614 1310 641 falsos
1332 619 1405 641 vates
1431 619 1458 641 et
1472 615 1720 649 pseudoprophetas

935 661 1035 688 habere
1049 661 1140 688 Israel.
1159 661 1227 694 Quia
1245 668 1309 688 vero
1323 661 1348 687 in
1371 661 1441 687 hanc
1457 661 1596 687 audaciam
1622 668 1719 695 erupe-

935 711 1007 738 runt,
1026 706 1121 732 merito
1136 705 1267 732 factorum
1283 712 1378 740 pmnas
1391 705 1491 737 exacti,
1507 714 1516 730 ι
1528 705 1645 739 corrupti
1658 710 1722 732 sttnt

934 753 1079 779 secundum
1098 753 1154 778 dies
1172 752 1258 778 collis.
1274 752 1471 788 Reconlabilur
1486 751 1557 778 enim
1572 751 1721 786 iniquitatis

936 797 1066 830 ipsorum,
1081 801 1106 823 cl
1124 796 1265 823 ulciscetur
1276 797 1365 823 omnia
1381 802 1488 830 peccala
1502 804 1606 824 eorum.
1620 806 1628 822 ι
1639 796 1721 830 Quid-

935 851 996 869 nam
1013 848 1101 869 autent
1118 842 1163 873 sit,
1183 851 1192 868 ι
1207 843 1325 877 corrupti
1342 847 1404 869 sunt
1422 843 1568 870 secundum
1587 843 1643 870 dies
1664 842 1723 870 col-

899 901 918 927 Β
936 887 977 920 lis,
1001 897 1010 913 ›
1030 896 1088 922 age,
1107 890 1200 922 paucis
1218 895 1406 923 suggeramus.
1430 888 1567 923 Scriptum
1581 894 1622 916 est
1641 888 1722 923 quid-

933 934 1004 969 piam
1025 933 1176 968 huiusmodi
1197 934 1222 960 in
1237 934 1307 961 libro
1323 934 1462 968 .ludicum;
1483 940 1564 961 totam
1587 935 1722 962 narratio-

933 987 994 1007 nem
1005 987 1085 1014 quam
1106 985 1200 1013 potero
1223 979 1384 1006 brevissime
1404 981 1592 1014 perstringam,
1613 984 1640 1006 et
1663 979 1722 1006 Ion-

933 1024 1033 1059 giorem
1049 1024 1075 1051 in
1091 1031 1174 1058 pauca
1189 1023 1338 1051 conferam.
1359 1033 1369 1050 ι
1390 1025 1416 1051 In
1432 1025 1525 1051 diebus
1541 1025 1606 1055 illis.
1622 1025 1721 1059 inquit,

934 1077 986 1096 non
1002 1073 1060 1096 erat
1075 1076 1121 1096 rex
1139 1069 1165 1097 in
1181 1069 1273 1102 Israel,
1288 1075 1313 1096 et
1326 1070 1439 1105 quisque
1453 1071 1523 1105 quod
1544 1075 1646 1097 rectum
1660 1075 1721 1097 erat

933 1114 960 1140 in
976 1114 1061 1140 oculis
1077 1114 1143 1146 suis,
1168 1114 1292 1142 faciebat.
1318 1115 1350 1142 Et
1367 1114 1417 1141 fuit
1434 1114 1539 1148 juvenis
1561 1115 1588 1142 in
1611 1115 1725 1143 Bethle—

933 1159 1005 1191 hem,
1020 1159 1106 1187 tribus
1121 1159 1199 1191 Juda,
1215 1164 1241 1187 et
1260 1160 1319 1193 ipse
1339 1160 1455 1192 Levites,
1474 1164 1500 1187 et
1517 1161 1561 1187 hic
1584 1160 1723 1190 habitabat

935 1205 982 1232 ibi.
1002 1204 1035 1232 Et
1052 1205 1117 1232 abiit
1131 1205 1174 1232 vir
1188 1205 1234 1233 ille
1250 1213 1264 1232 a
1288 1205 1444 1232 Bethlehem
1465 1205 1575 1233 civitate
1591 1206 1657 1233 Juda
1674 1208 1723 1234 ha-

935 1250 1021 1277 bitare
1037 1251 1063 1277 in
1079 1250 1137 1277 loco
1150 1258 1231 1285 quem
1254 1251 1412 1281 invenisset.
1436 1256 1462 1278 et
1485 1251 1560 1278 vertit
1582 1259 1667 1285 usque
1689 1252 1723 1279 ad

936 1301 1054 1323 montem
1072 1296 1209 1330 Ephraim,
1228 1300 1255 1323 et
1271 1303 1356 1330 usque
1371 1297 1403 1323 ad
1427 1297 1535 1323 domum
1563 1296 1669 1330 Michae,
1694 1302 1724 1324 ut

936 1341 1039 1368 faceret
1053 1342 1104 1369 iter
1121 1349 1211 1368 suum.
1229 1341 1262 1369 Et
1280 1342 1347 1369 dixit
1361 1343 1384 1369 ei
1404 1342 1490 1369 Micha
1505 1351 1511 1369 :
1530 1341 1607 1369 Unde
1631 1343 1725 1370 venis?

935 1386 969 1414 Et
988 1387 1125 1422 respondit
1138 1386 1245 1414 Levites
1265 1397 1271 1414 :
1290 1387 1344 1420 Ego
1356 1394 1415 1414 sum
1429 1389 1461 1414 de
1479 1387 1632 1414 Bethlehem
1644 1386 1724 1420 Juda,

936 1438 963 1459 et
974 1440 1023 1466 ego
1034 1433 1103 1459 vado
1117 1433 1241 1459 habitare
1252 1433 1277 1459 in
1289 1433 1348 1460 loco
1359 1441 1438 1469 quem
1457 1433 1595 1460 invenero.
1615 1434 1647 1459 Et
1658 1434 1726 1460 dixit

937 1479 961 1505 ei
978 1478 1065 1505 Micha
1083 1488 1089 1506 :
1111 1479 1182 1506 Sede
1196 1487 1311 1511 tnecttm,
1330 1484 1356 1506 el
1369 1484 1427 1506 esto
1445 1479 1509 1505 mihi
1525 1479 1549 1505 in
1571 1483 1685 1513 patrem,
1698 1483 1726 1506 et

940 1526 965 1552 in
978 1525 1160 1558 sacerdotem,
1175 1529 1201 1552 ct
1213 1533 1263 1560 ego
1278 1526 1347 1553 dabo
1360 1526 1406 1552 tibi
1425 1526 1517 1554 decem
1537 1532 1679 1560 argenteos
1698 1526 1725 1552 iu

96 1570 173 1604 αἱ.τῴ
193 1569 314 1604 Μιχαίας
327 1577 333 1584 ·
350 1568 441 1595 Κάθου
459 1570 515 1604 μετ’
529 1568 609 1603 ἐμοῦ,
632 1568 679 1594 καὶ
693 1569 768 1602 γίνου
784 1577 828 1604 μοι
847 1569 886 1600 είς

939 1571 1022 1603 diem,
1038 1576 1064 1599 et
1079 1571 1174 1598 stolam
1191 1572 1318 1603 vestium,
1337 1577 1363 1598 et
1382 1579 1441 1606 qua:
1467 1572 1499 1598 ad
1526 1572 1624 1598 victum
1651 1577 1725 1598 tuum

98 1615 207 1650 πατέρα
223 1615 270 1641 καὶ
282 1614 322 1646 εἰς
337 1614 422 1649 ίερέα·
442 1614 489 1640 καὶ
501 1613 556 1648 ἐγὼ
570 1613 648 1640 δώσω
663 1621 704 1640 σοι
725 1613 792 1640 δέκα
802 1614 888 1650 ἀργυ-

99 1660 175 1695 ρίους
187 1660 229 1690 είς
247 1659 367 1693 ἡμέραν,
381 1658 428 1684 καὶ
448 1658 543 1693 στολὴν
562 1657 687 1693 ἱματίων,
702 1658 750 1684 καὶ
762 1658 797 1684 τὰ
820 1658 888 1693 πρὸς

99 1706 173 1740 ζωήν
201 1714 258 1732 σου.
288 1705 343 1732 Καὶ
369 1703 504 1740 ἐπορεύθη
529 1705 543 1730 ὁ
570 1705 695 1739 Λευττης,
720 1705 766 1731 καὶ
787 1704 889 1740 ἦρξατο

100 1751 246 1785 παροικεῖν
269 1749 345 1785 παρὰ
368 1749 407 1784 τῷ
432 1749 518 1785 ἀνδρί.
547 1750 601 1777 Καὶ
623 1747 769 1785 ἐγενήθηο
782 1750 888 1782 νεανίας

98 1796 164 1831 παρ’
176 1795 252 1830 αὐτῷ
267 1795 304 1826 ὡς
331 1792 372 1826 εἷς
388 1795 442 1821 ἀπὸ
465 1795 529 1821 υίῶν
555 1794 649 1823 αὐτοῦ,
679 1795 733 1822 Καὶ
748 1796 889 1831 ἐπλήρωσε

99 1841 222 1876 Μιχαίας
238 1841 287 1875 τὴν
306 1841 384 1876 χεῖρα
405 1839 452 1867 τοῦ
477 1841 602 1874 Λευΐτου,
615 1841 662 1869 καὶ
686 1841 802 1876 ἐγενήθη
815 1841 890 1877 αὐτῷ

99 1888 138 1919 εἰς
153 1887 240 1921 ἱερέα,
259 1886 307 1912 καὶ
321 1885 429 1919 ἐγένετο
444 1886 472 1912 ἐν
487 1885 552 1921 οἴκῳ
564 1886 693 1921 Μιχαίου.
717 1896 725 1912 ι
741 1887 889 1914 Είδωλολά-

98 1941 169 1968 τρης
186 1933 235 1967 μὲν
249 1929 295 1958 οὖν
310 1933 324 1958 ὁ
345 1931 475 1966 Μιχαίας,
493 1932 690 1966 κατεμισθοῦτό
707 1941 738 1966 γε
768 1932 820 1969 μὴν
843 1933 890 1960 τὸν

100 1978 131 2010 ἐξ
140 1979 258 2013 αἵματος
271 1978 319 2004 τοῦ
326 1978 402 2009 Λευϊ,
415 1978 460 2004 καὶ
473 1977 642 2014 θεραπευτὴν
653 1979 739 2005 ἐποίει
757 1979 888 2013 γλυπτοῦ,

100 2025 149 2050 καὶ
164 2025 226 2055 ταῖς
241 2023 295 2050 τῶν
311 2023 428 2050 εἰδώλων
443 2023 564 2052 ἁνετέθει
577 2024 692 2060 χρείαις.
718 2025 772 2051 Καὶ
785 2025 810 2051 τί
823 2025 891 2060 μετὰ

100 2069 182 2096 τοῦτο
207 2069 336 2103 γενέσθαι
365 2069 555 2104 συμϐέϐηκεν;
586 2070 658 2104 Ἔφη
689 2070 771 2098 πάλιν
794 2071 842 2098 ὡδὶ
860 2072 891 2097 τὸ

101 2115 224 2150 Γράμμα
251 2115 282 2142 τὸ
299 2114 380 2150 ίερόψ
402 2123 410 2140 ι
424 2116 476 2141 Καὶ
486 2117 514 2141 ὲν
530 2116 590 2147 ταῖς
604 2116 722 2151 ἡμέραις
739 2117 857 2148 ἐκείναις
872 2119 888 2152 ἡ

103 2162 173 2196 φυλὴ
187 2161 242 2187 Δὰν
258 2161 350 2196 ἐζήτει
364 2161 432 2196 αὐτῇ
449 2161 631 2197 κληρονομίαν
643 2161 690 2188 τοῦ
712 2163 889 2197 κατοικῆσαι,

99 2208 142 2233 ὅτι
163 2207 214 2233 οὐκ
241 2207 370 2232 ἐνέπεσεν
393 2207 461 2241 αὐτῇ
478 2207 530 2238 ἕως
553 2207 602 2242 τῆς
617 2207 723 2242 ἡμέρας
737 2208 845 2243 ἐκείνης
862 2209 890 2235 ὲν

102 2252 178 2287 μέσῳ
194 2251 284 2285 φυλῶν
309 2251 415 2286 Ἰσραὴλ
442 2251 616 2287 κληρονομία.
640 2251 705 2279 Εἶτα
721 2253 801 2280 πέντε
816 2254 891 2286 τινὰς

102 2296 305 2330 ἐπιλεξάμενοι,
321 2297 492 2332 προϐαδίζειν
522 2298 626 2324 ἑαυτῶν
641 2299 828 2333 ἀναπείθουσι,
843 2301 891 2326 καὶ

103 2344 305 2378 κατερευνῆσαι
332 2342 381 2378 τὴν
395 2343 447 2377 γῆν
469 2343 503 2378 ἣν
526 2344 560 2370 ἂν
585 2344 708 2371 δύναιντο
722 2345 826 2378 λαϐεῖν,
842 2345 890 2372 καὶ

103 2387 203 2412 οἰκεῖον
216 2385 355 2413 ποιεῖσθαι
369 2386 478 2421 κλῆρον.
495 2388 526 2414 οι
539 2387 566 2414 δὲ
579 2389 719 2422 ἀφίκοντο,
736 2389 827 2425 φησιν,
837 2390 889 2421 ἕως

103 2432 182 2466 ὅρους
202 2432 332 2468 Ἐφραῖμ,
351 2433 402 2465 ἕως
415 2434 490 2460 οἴκου
512 2435 641 2470 Μιχαίου,
659 2435 707 2462 καὶ
723 2436 888 2472 ηὐλίσθησαν

103 2479 169 2511 ἐκεῖ,
189 2480 238 2506 καὶ
251 2479 297 2506 τὸν
307 2479 424 2514 Δευττην
444 2480 678 2514 ἐπιγινώσκουσιν,
690 2482 727 2514 ὡς
755 2483 870 2518 ὁμογενῆ
886 2503 894 2516 ,

103 2524 146 2551 διὰ
158 2533 199 2551 τοι
218 2525 250 2552 τὸ
264 2525 374 2560 γλώττῃ
390 2526 509 2560 χρῆσθαι
523 2528 556 2562 τῇ
571 2528 631 2554 κατ’
644 2528 739 2563 αὐτῆς·
759 2528 894 2564 Ἐὁραίοις

104 2569 156 2605 γὰρ
178 2567 267 2602 οὖσιν,
292 2570 331 2601 ὡς
351 2569 477 2604 Έὸραίος
509 2570 610 2599 ἐλάλει,
641 2571 780 2607 Ἐρόμενοι
798 2572 826 2598 δὲ
844 2571 893 2607 τὴν

104 2615 203 2647 αἰτίαν,
217 2615 265 2644 καὶ
280 2615 479 2650 ἀναμαθὼτες,
509 2617 584 2649 ὅπως
609 2619 641 2644 ἐκ
656 2618 742 2654 φυλῆς
753 2618 816 2645 ὄντα
827 2618 894 2646 Λευῒ

104 2661 306 2697 κατεμισθοῦτο
323 2661 373 2697 μὲν
383 2663 397 2688 ὁ
412 2662 542 2697 Μιχαίας,
571 2665 711 2699 ίερουργδν
721 2664 749 2691 δὲ
766 2665 820 2692 τῶν
830 2666 893 2692 ἐαυ-

103 2708 150 2735 τοῦ
170 2708 386 2744 κεχειροτόνηκε
403 2708 598 2744 σεϐασμάτων,
629 2710 795 2746 συναλγῆσαι
817 2711 893 2744 δέον,

103 2755 140 2786 ὠς
164 2754 355 2790 αἰχμαλώτῳ,
380 2755 427 2781 καὶ
450 2755 628 2791 ἢπατημένῳ,
648 2757 694 2783 καὶ
717 2757 892 2793 ἀλητεύοντι,

139 2845 160 2861 ⁶¹
175 2843 233 2872 Jer.
247 2852 292 2878 ιιι,
309 2843 337 2872 4.
378 2843 400 2860 ⁸⁸
412 2843 499 2872 Judic.
517 2852 583 2878 xvn,
599 2845 677 2872 6-15.

939 1617 1083 1652 pertinent.
1095 1617 1129 1644 Et
1146 1617 1212 1644 abiit
1228 1616 1346 1649 Levites,
1360 1623 1387 1644 et
1400 1618 1499 1652 incepit
1518 1617 1640 1644 habitare
1656 1617 1725 1651 apud

938 1663 1035 1690 virum.
1048 1663 1081 1690 Et
1096 1663 1147 1689 fuit
1161 1662 1319 1690 adolescens
1333 1663 1402 1697 apud
1415 1663 1500 1695 illum,
1517 1667 1545 1690 ut
1559 1671 1627 1690 unus
1645 1663 1678 1690 de
1695 1663 1727 1689 ll-

938 1708 983 1735 Iiis
1000 1707 1069 1741 ejus.
1089 1708 1119 1735 Et
1136 1707 1359 1743 intplevit’Micha
1377 1715 1487 1734 manum
1501 1707 1614 1741 Levita},
1627 1713 1654 1734 et
1676 1707 1728 1735 fuit

938 1755 962 1781 ei
976 1753 1002 1781 in
1018 1754 1197 1785 sacerdotem,
1213 1758 1240 1780 et
1256 1753 1305 1780 fuit
1321 1753 1346 1780 in
1363 1754 1441 1780 domo
1456 1752 1547 1780 Michae
1565 1754 1596 1780 ⁸⁸.
1613 1763 1622 1779 ι
1641 1753 1728 1781 Idolo-

940 1799 1008 1826 latra
1034 1799 1115 1834 igitur
1136 1799 1186 1825 fuit
1201 1798 1316 1831 Michas,
1346 1799 1471 1826 mercede
1498 1799 1672 1827 nihilominus
1694 1800 1728 1827 de

940 1845 1071 1879 sanguine
1086 1844 1149 1872 Levi
1175 1850 1351 1880 propagatum
1380 1846 1518 1878 conduxit,
1544 1851 1572 1873 et
1596 1846 1726 1873 caltorcm

940 1891 1005 1919 fecit
1025 1891 1167 1924 sculptilis,
1185 1891 1374 1926 idolorumque
1396 1891 1489 1919 nsibtts
1504 1899 1564 1918 eum
1581 1892 1725 1919 dedicavit.

940 1936 1009 1970 Quid
1025 1935 1137 1970 postea?
1148 1935 1247 1962 Narrat
1264 1945 1370 1964 rursum
1381 1935 1518 1970 Scriptura
1530 1944 1605 1963 sacra
1616 1936 1642 1962 in
1655 1936 1727 1963 hunc

941 1984 1047 2010 modum
1064 1990 1070 2008 :
1088 1982 1137 2008 «Et
1151 1981 1176 2008 in
1192 1982 1286 2009 diebus
1302 1982 1450 2009 illistrihtts
1462 1982 1516 2009 Dan
1526 1982 1726 2017 qurerebalsibi

941 2028 1137 2063 possessionem
1154 2027 1188 2054 ad
1204 2027 1392 2060 habitantium,
1413 2029 1539 2062 quoniam
1557 2036 1609 2055 non
1630 2027 1728 2055 cecidit

941 2073 977 2101 illi
992 2081 1075 2107 usque
1090 2073 1122 2099 ad
1140 2073 1210 2100 diem
1231 2073 1305 2099 illum
1329 2073 1356 2100 in
1384 2074 1472 2101 medio
1500 2074 1616 2101 tribuum
1646 2072 1727 2100 Israel

941 2118 1087 2154 possessio.
1104 2118 1204 2145 Deinde
1219 2117 1337 2152 quinque
1359 2118 1469 2146 delectis
1491 2123 1520 2146 ut
1544 2119 1728 2153 pnecederent

942 2167 1142 2199 persuaserunt,
1156 2167 1183 2190 et
1203 2162 1376 2197 explorarent
1397 2167 1506 2196 terram,
1528 2171 1609 2199 quant
1625 2164 1729 2198 possint

942 2217 1083 2244 occupare,
1099 2217 1125 2236 et
1141 2210 1167 2236 in
1190 2214 1290 2236 sortem
1308 2216 1383 2236 suam
1406 2215 1573 2237 convertere.
1590 2209 1628 2237 Illi
1646 2217 1726 2236 vene-
1770 2229 1774 2243 π

945 2262 1006 2284 runt
1020 2263 1105 2290 usque
1124 2256 1157 2283 ad
1171 2260 1288 2282 montem
1304 2254 1443 2287 Ephraim,
1460 2255 1486 2282 in
1500 2256 1607 2282 domum
1624 2255 1728 2287 MichaI,
1767 2273 1776 2282 -ι

941 2307 968 2330 et
984 2302 1174 2337 requieverunt
1186 2301 1233 2333 ibi,
1247 2304 1275 2328 et
1287 2300 1407 2327 Levilam
1417 2304 1445 2326 ut
1457 2305 1600 2335 cognatum
1613 2308 1729 2335 agnove-

942 2353 1015 2379 runt,
1030 2347 1100 2382 quod
1116 2355 1209 2374 eorutn
1225 2347 1312 2380 lingua
1332 2349 1460 2372 uteretur.
1478 2345 1598 2373 Hebraeis
1614 2346 1684 2373 enim
1700 2351 1730 2373 ut

941 2393 1071 2421 Hebraeus
1098 2393 1265 2427 loquebatur.
1296 2391 1448 2418 Percontati
1468 2391 1548 2424 igitur
1564 2399 1684 2423 causam,
1704 2396 1730 2419 et

940 2439 1047 2474 cognito
1063 2439 1196 2472 quomodo
1214 2446 1245 2464 ex
1268 2437 1337 2464 tribu
1354 2436 1415 2464 Levi
1426 2441 1519 2469 natus,
1533 2443 1546 2462 ιι
1562 2436 1647 2463 Micha
1663 2445 1729 2464 cott-

944 2485 1041 2511 ductus
1055 2488 1137 2516 esset,
1152 2490 1178 2511 et
1195 2483 1228 2510 ab
1241 2491 1273 2510 eo
1290 2483 1428 2511 sacriﬁcus
1453 2481 1583 2508 idolorum
1603 2481 1661 2516 ejus
1687 2483 1728 2510 in-

945 2529 1065 2561 stitutus,
1087 2536 1148 2556 cum
1164 2528 1289 2555 miserari
1315 2532 1343 2554 ut
1361 2527 1506 2562 captivum,
1524 2530 1552 2553 et
1576 2527 1728 2561 deceptum,

947 2579 974 2602 et
990 2581 1113 2602 erronem
1136 2574 1273 2606 deberent,
1301 2573 1378 2609 135
1404 2573 1545 2600 confestim
1572 2572 1597 2599 in
1622 2572 1730 2600 eosdem

947 2619 1114 2655 deceptiouis
1131 2619 1240 2654 laqueos
1268 2619 1430 2652 inciderunt,
1458 2623 1484 2645 et
1511 2626 1570 2645 eum
1592 2624 1625 2644 cx
1652 2617 1731 2644 idolis

948 2666 1115 2693 sciscitatum
1135 2665 1184 2692 sibi
1202 2664 1305 2692 referre
1319 2664 1496 2698 postularunt,
1514 2663 1534 2691 si
1553 2664 1592 2691 eis
1616 2670 1647 2690 ex
1670 2669 1733 2690 sen-

949 2713 1031 2739 tentia
1053 2716 1170 2746 coaptum
1193 2715 1262 2738 esset
1289 2717 1488 2745 processurum,
1516 2716 1544 2738 ut
1568 2710 1730 2742 obtinerent,

948 2759 1068 2794 inquam,
1085 2757 1230 2793 regionem,
1244 2765 1325 2792 quam
1342 2756 1509 2792 exploratum
1521 2756 1673 2785 veniebant.
1686 2754 1731 2784 Ille
