1919 3042
228 128 277 156 19.7

735 124 766 154 S.
787 123 924 152 CYl‘tlLLI
946 121 1181 151 ALEXANDRINI
1200 120 1360 150 AliClllEP.

1806 119 1869 147 5‘23

226 185 297 222 quod
312 184 430 216 iubebat,
442 187 569 218 tanquam
583 189 598 208 a
622 181 675 209 Deo
697 189 856 217 responsum
869 183 1011 211 referebat.

1070 179 1290 216 συγκατώλισθον
1305 179 1387 212 εὐθὺς
1400 180 1439 211 είς
1452 180 1516 209 τοὺς
1526 180 1575 215 τῆς
1588 179 1697 215 ἀπάτης
1721 178 1843 215 βρόχους
1857 197 1869 211 ,

227 231 405 259 Considerata
429 229 513 264 igitur
528 232 611 260 terra,
627 227 706 261 legati
727 229 918 257 renuntiarunt
933 231 976 264 iis,
1000 239 1016 258 ιι

228 278 326 312 quibus
341 275 416 303 missi
435 278 523 306 erant,
540 274 638 301 bonam
654 278 681 301 et
696 274 821 309 pinguem
832 282 904 309 esse,
921 284 970 304 nec
979 277 1017 304 ci-

227 328 268 350 tra
283 322 409 349 sudorem
426 327 506 354 posse
523 320 608 354 redigi
628 320 655 347 in
671 325 839 355 potestatem.
856 321 903 349 His
914 329 1016 350 sermo-

226 368 306 394 nibus
328 366 440 398 auditis,
465 366 577 393 tribules
600 365 670 398 Dan,
689 366 809 394 sexcenti
833 375 956 401 numero,
972 376 1016 396 ar-

227 413 291 440 mati
309 412 499 440 ascenderunt.
514 411 654 440 Venerunt
676 417 764 440 autem
788 417 815 440 et
834 414 884 448 ipsi
903 414 929 441 in
945 415 1016 441 aedes

226 457 334 484 Micltte.
352 458 384 484 Et
409 458 624 492 responderunt,
647 458 750 492 inquit,
776 458 813 485 illi
833 460 951 493 quinque
964 459 1018 486 viri

224 503 270 537 qtti
287 503 410 530 abierant
421 504 623 531 consideratum
641 508 739 531 terram
750 504 838 536 Laisa,
850 510 877 531 et
890 505 1016 531 dixerunt

223 548 353 576 fratribus
365 549 422 576 suis
437 556 444 575 :
462 548 567 575 Scitote
580 549 651 583 qttod
665 549 691 575 in
705 550 784 576 domo
799 550 848 575 ista
857 553 898 576 est
910 549 1014 584 Ειιιιοά,

223 599 250 621 et
267 593 445 628 Theraphitn,
470 598 495 620 et
513 593 648 627 Sculplile,
671 599 698 620 et
720 593 864 621 conﬂatile.
888 593 920 620 Et
944 601 1015 621 nunc

224 639 322 666 scitote
340 639 405 673 quid
426 637 655 672 facietis.tEpltod
675 638 755 673 igitur
775 643 853 665 sonat
879 638 1012 669 liberutio,

224 684 388 718 'l‘heraphitn
406 684 536 716 remissio,
550 689 596 710 aut
608 684 796 717 sanansiptos.
815 682 915 710 ldolutn
941 684 1011 710 enim

225 727 318 755 falsam
336 728 491 763 opinionem
509 728 635 760 habebat,
659 727 737 762 quasi
762 735 859 755 sanare
881 727 1010 762 quosdam

225 778 325 807 posset.
340 773 426 801 Graeci
449 774 520 800 enim
545 773 697 806 huiusmodi
717 773 749 800 de
763 773 921 807 quibusdam
941 773 1011 800 scul-

225 821 335 855 ptilibus
350 818 676 848 conttttiniscttntur.clloc
691 826 754 846 cum
778 819 935 846 didicissent
960 819 1010 845 tri-

1067 227 1113 253 καὶ
1134 225 1276 261 ἀγορεύειν
1288 225 1369 252 αὑτὸν
1387 225 1489 260 ἠξίουν,
1505 225 1686 260 ἐπερωτῶντα
1699 226 1731 252 τδ
1746 223 1867 251 εἶδωλον

1067 273 1091 298 εἰ
1108 272 1178 299 κατὰ
1191 271 1303 306 γνώμην
1321 271 1412 302 αὐτοῖς
1429 270 1575 306 ἐκϐήσεται
1591 271 1621 297 τὸ
1631 270 1806 305 ἐγχείρημα,
1829 268 1868 294 τὸ

1067 317 1214 352 κρατῆσαι,
1240 316 1322 350 φημὶ,
1345 315 1394 350 τῆς
1421 315 1524 349 χώρας,
1555 315 1589 350 ἣν
1619 315 1751 349 ἀφίκοντο
1788 322 1865 339 κατ-

1066 361 1241 396 αθρήσοντες.
1251 361 1279 387 ’0
1295 360 1324 387 δὲ
1337 360 1367 386 τὸ
1373 359 1467 386 δοκοῦν
1478 360 1624 395 λελάληκεν
1637 360 1673 391 ὡς
1685 360 1762 395 παρὰ
1775 358 1864 386 Θεοῦ.

1067 406 1314 441 Κατασκεψάμενοι
1339 406 1368 432 δὲ
1382 406 1431 441 τὴν
1448 406 1499 441 γῆν
1516 407 1541 432 οἱ
1559 406 1776 440 ἀπεσταλμένοι,
1799 407 1865 436 τοῖς

1066 452 1240 487 πεπομφόσιν
1253 451 1435 488 ἀπήγγελλον,
1447 452 1484 484 ὡς
1499 452 1589 487 ἀγαθὴ
1600 453 1645 478 xui
1658 452 1738 483 πίων,
1759 452 1807 478 καὶ
1827 452 1862 477 οὐ

1067 499 1115 525 σὺν
1127 499 1221 534 ἱδρῶτι
1237 499 1337 535 ληπτή.
1354 499 1462 534 Ἐπειδὴ
1478 499 1505 525 δὲ
1518 499 1572 526 τῶν
1582 499 1710 525 τοιούτων
1724 498 1864 524 ἐπύθοντο

1065 545 1161 578 λόγων,
1173 547 1197 572 οἱ
1207 546 1261 572 ἀπὸ
1277 545 1363 580 φυλῆς
1381 545 1428 572 τοῦ
1443 546 1506 578 Δὰν,
1525 545 1660 577 ἑξακόσιοι
1670 545 1716 571 τὸν
1727 545 1861 580 ἀριθμὸν,

1065 589 1093 614 ὲν
1106 588 1197 621 ὅπλοις
1222 589 1298 620 ὄντες
1322 589 1472 616 ἀνέϐαινον.
1500 589 1642 624 Ἀφίκοντο
1664 589 1691 616 δὲ
1714 590 1761 615 καὶ
1779 589 1863 616 αὐτοὶ

1067 633 1162 669 μέχρις
1177 634 1252 661 οἴκου
1267 635 1396 670 Μιχαίου.
1422 635 1477 661 Καὶ
1494 636 1693 670 ἀπεκρίθησαν,
1718 636 1816 670 φησιν,
1834 636 1861 660 οἱ

1065 680 1145 706 πέντε
1172 681 1277 716 ἄνδρες,
1297 681 1322 707 oi
1350 681 1528 716 πορευθέντες
1554 681 1779 716 κατασκέψασθαι
1809 680 1862 716 τὴν

1064 726 1116 760 γῆν
1130 725 1228 758 Λαῖσὰ,
1252 726 1299 752 καὶ
1315 724 1392 753 εἷπον
1411 727 1479 762 πρὸς
1503 727 1566 758 τοὺς
1597 727 1728 761 ἀδελφοὺς
1753 726 1858 752 αὐτῶν.

1066 772 1199 806 Ἐγνωτε,
1225 772 1266 798 ὅτι
1291 771 1365 798 ἔστιν
1381 773 1410 799 ὲν
1437 772 1476 807 τῷ
1490 773 1557 808 οἴκῳ
1574 772 1660 807 τούτῳ
1693 772 1794 807 Ἐφὼδ,
1811 773 1860 798 καὶ

1063 817 1201 853 Θεραφὶμ,
1213 817 1260 844 καὶ
1276 817 1405 852 γλυπτὸν,
1421 818 1468 844 καὶ
1481 818 1623 853 χωνευτόν.
1636 818 1692 844 Καὶ
1705 818 1752 845 νῦν
1770 819 1859 852 γνῶτε

224 867 299 894 bules
327 866 394 898 Dan,
417 865 511 893 tollunt
525 864 657 899 sculptile,
672 870 699 892 et
724 864 843 892 Levitam
869 869 899 891 ut
922 863 1007 892 Micha

1062 862 1084 889 τί
1100 863 1289 897 ποιήσετε.»Τὸ
1301 862 1352 897 μὲν
1362 861 1409 889 οὖν
1431 862 1518 897 Ἐφὼδ
1538 863 1721 898 ἑρμηνεύεται
1739 863 1858 898 λύτρω-

224 911 352 939 derelicto
373 915 502 945 sequatur
530 915 696 943 permovent.
711 909 855 944 Congressi
869 914 970 942 autem,
986 914 1012 937 et

224 957 338 983 victoria
364 956 452 990 potiti,
475 959 503 982 et
524 955 634 989 regione
655 960 797 989 occupata,
814 955 908 982 urbem
928 955 1012 982 aedili-

223 1006 286 1030 cant
299 1001 429 1029 vocabulo
445 1000 514 1034 Dan,
530 1001 610 1035 pritni
623 1001 745 1035 parentis
754 1001 796 1027 sui
811 1008 907 1028 nomen
923 1001 948 1028 ei
966 1001 1013 1028 de-

222 1051 388 1075 cernentes:
407 1050 486 1073 erant
505 1046 595 1079 enim,
614 1051 642 1073 ut
662 1046 729 1078 dixi,
750 1046 783 1073 de
803 1045 874 1073 tribu
899 1050 926 1073 et
948 1054 1011 1073 sart-

222 1092 302 1128 guine
317 1092 385 1119 Dan.
402 1091 542 1119 Collocato
555 1097 643 1118 autem
666 1091 704 1118 ibi
722 1096 749 1118 et
766 1091 848 1123 idolo,
873 1091 1011 1118 sacriﬁea-

223 1137 288 1164 bant
300 1137 398 1169 cidetn,
415 1141 442 1164 cl
454 1143 516 1164 cum
530 1141 603 1163 terra
618 1135 697 1163 deum
706 1143 813 1171 quoque
821 1136 1008 1170 possidebant:
1027 1134 1038 1136 “

222 1187 296 1210 tanta
319 1181 368 1209 fuit
393 1183 510 1216 ipsorum
537 1182 661 1210 vecordia
683 1182 731 1209 ⁸³.)
759 1181 834 1208 Hanc
849 1182 883 1208 ob
898 1188 1009 1208 causam

222 1232 315 1263 postea
330 1228 415 1255 iratus
427 1232 468 1255 est
482 1228 562 1260 Deus,
577 1232 604 1254 et
619 1222 786 1261 aequissime,
804 1232 831 1254 ιιι
844 1227 950 1260 indigne
963 1227 1011 1254 Ita-

223 1273 306 1300 bitus.
323 1272 390 1299 Cum
407 1277 496 1299 autent
510 1279 591 1300 omne
611 1280 708 1299 nomen
724 1271 831 1299 lsraelis
845 1271 904 1299 loco
918 1271 1010 1298 inimi-

223 1326 316 1346 corum
345 1318 644 1353 infensissitnorutnque
665 1318 786 1345 hostium
815 1317 927 1345 tribules
953 1317 1009 1345 Dan

223 1365 333 1395 ducere,
349 1368 376 1392 et
390 1364 517 1391 admissa:
540 1364 567 1391 in
592 1363 676 1390 Deum
705 1363 850 1398 impietatis
878 1364 1009 1391 rationem

222 1417 269 1438 eos
291 1418 403 1445 poscere
425 1414 572 1444 oporteret,
598 1410 679 1437 etiam
706 1409 821 1437 fortasse
848 1410 882 1437 iis
905 1410 1009 1438 assensi

227 1461 343 1488 sunt,et
359 1455 506 1484 laudandos
520 1460 693 1488 cettSuerunt,
717 1460 746 1482 ut
772 1457 817 1490 qui
842 1456 906 1483 nihil
931 1456 1010 1490 plane

222 1501 408 1536 deliquissent.
428 1500 486 1528 Jatn
501 1508 564 1528 vero
580 1508 640 1536 qua:
657 1500 736 1535 hujus
752 1500 863 1535 ignaviae
877 1500 1009 1535 stipendia

221 1547 388 1581 acceperint,
407 1553 455 1581 age
472 1552 725 1573 commctnoretnus.
748 1544 826 1572 Nullo
842 1544 929 1572 adhuc
947 1551 1010 1579 rege

222 1591 338 1626 lsraelis,
363 1593 406 1619 vir
432 1592 540 1627 quidam
570 1590 689 1624 Levites,
719 1589 845 1618 habitans
871 1592 898 1618 in
926 1589 1010 1618 latere

222 1638 322 1665 mantis
343 1637 481 1672 Ephraitn,
507 1644 616 1664 uxorem
644 1635 877 1663 Bethleemitidcm
921 1635 1008 1663 duxit.

223 1683 288 1717 Quae
301 1690 362 1711 cum
380 1683 492 1718 fugisset
515 1682 550 1709 ad
574 1685 678 1716 patrem
703 1688 792 1713 suum,
818 1686 927 1709 secutus
949 1689 1009 1709 eam

1023 1530 1044 1558 C

223 1729 347 1761 maritus,
363 1729 506 1763 persuasit,
528 1732 556 1755 ut
574 1735 664 1755 secum
691 1727 779 1755 redire
802 1734 833 1755 ac
852 1727 884 1755 de
912 1732 1010 1756 caetero

221 1775 378 1803 cohabitare
394 1774 482 1802 vellet.
501 1773 561 1807 Quo
577 1773 660 1806 facto,
685 1773 710 1800 in
727 1773 815 1801 medio
836 1773 933 1801 itinere
947 1781 1009 1801 cum

221 1829 253 1848 ea
269 1821 295 1848 in
310 1821 402 1849 Gabaa
416 1820 555 1855 oppidum,
574 1819 646 1854 quod
667 1819 880 1854 interpretantur
905 1820 1008 1853 collem,

221 1866 340 1893 divertit.
352 1865 461 1898 Gabaae,
477 1865 533 1892 sive
545 1864 622 1893 collis
637 1865 731 1892 incola:
746 1870 823 1893 erant
838 1864 1008 1901 Benjamittc.

225 1912 305 1948 136
318 1910 352 1939 lis
365 1913 435 1946 apud
449 1918 540 1938 senem
562 1911 705 1945 quemdam
723 1910 932 1945 diversuntibus,
957 1919 1009 1939 no-

223 1963 265 1984 cte
280 1958 366 1984 media
384 1956 523 1984 venientes
540 1956 662 1984 nonnulli
686 1957 758 1984 cives
773 1956 942 1992 Benjamitte,
962 1958 1011 1985 lto-

222 2004 308 2031 mines
323 2002 452 2037 improbi,
477 2006 507 2029 ut
532 2002 662 2038 scriptum
687 2007 748 2036 est,
777 2002 867 2030 Levita
897 2008 924 2030 et
949 2003 1010 2031 aliis

221 2048 294 2075 abuti
311 2048 343 2075 ad
357 2047 497 2074 libidinem
514 2046 665 2074 voluerunt.
683 2046 732 2074 Vix
756 2046 863 2074 tandem
880 2054 910 2074 re
926 2046 1011 2074 scele-

221 2095 340 2123 stissima
373 2093 499 2128 precibus
529 2093 691 2126 condonata,
716 2093 867 2128 corripiunt
898 2100 1010 2121 uxorem

221 2141 290 2176 ejus,
307 2139 546 2173 mulierculamque
560 2146 607 2174 per
621 2143 704 2167 totam
721 2144 827 2167 noctem
846 2139 951 2173 impura
976 2138 1009 2165 li-

221 2186 313 2214 bidine
335 2189 458 2212 vexatam
484 2185 552 2212 mori
572 2190 681 2220 cogunt.
701 2184 749 2211 Vir
764 2191 864 2218 corpus
885 2183 1009 2210 exanime
1025 2197 1046 2225 [ι

222 2232 249 2258 in
269 2236 359 2266 partes
381 2231 599 2266 concisum,_per
627 2231 712 2258 tribtts
728 2229 891 2256 lsraeliticas
915 2229 1007 2256 distri-

221 2263 290 2310 buii,
308 2263 572 2311 Benjamitarumqite
596 2279 623 2303 et
645 2276 671 2302 in
696 2275 816 2309 hospites
840 2274 957 2307 facinus,
983 2280 1011 2303 et

222 2322 379 2351 effrenatam
393 2323 542 2355 lasciviam,
555 2326 582 2349 et
599 2321 756 2348 Sodomitici
772 2319 863 2354 ﬂagitii
879 2321 1008 2348 imitatio-

223 2376 287 2396 nem
305 2367 459 2395 manifestat
476 2367 508 2394 “.
527 2367 566 2393 Ex
593 2373 626 2394 eo
650 2365 804 2399 indignatus
828 2369 900 2392 totus
925 2365 1009 2393 Israel

223 2419 414 2449 congregatur,
430 2418 458 2441 et
473 2413 568 2446 copias
586 2413 680 2438 contra
699 2410 861 2446 Benjatnitas
877 2411 1008 2446 Gabaam,

222 2465 269 2485 seu
283 2458 316 2484 ad
331 2457 426 2484 collem
446 2456 545 2484 educit.
564 2455 665 2482 Tantas
681 2459 771 2482 autem
793 2461 897 2491 strages
917 2457 1010 2485 edide-

223 2508 295 2537 runt,
311 2507 340 2530 ut
355 2502 480 2537 quamvis
493 2501 621 2536 populosa
635 2506 706 2529 esset
721 2502 876 2536 admodum,
893 2504 937 2530 vix
949 2512 1012 2538 per—

222 2550 299 2585 pauci
314 2549 462 2576 incolumes
477 2548 503 2574 in
521 2547 693 2576 solitudinem
718 2548 780 2583 fuga
808 2556 838 2576 se
863 2549 1011 2584 eriperent.

224 2595 262 2622 Ex
277 2594 350 2622 ontni
371 2593 435 2621 item
447 2592 530 2620 lsrael
548 2592 667 2620 bellicosi
689 2594 741 2621 viri
769 2595 870 2628 ingenti
898 2602 1011 2622 numero

223 2641 394 2668 interierunt.
410 2639 444 2666 At
458 2639 528 2666 enim
547 2647 599 2667 non
614 2640 781 2674 permisisset
794 2641 862 2668 Deus
875 2640 1011 2668 lsraelitas

223 2694 368 2714 conserere
396 2693 508 2718 manus,
532 2687 582 2713 nisi
605 2686 728 2721 sculptile
754 2694 786 2714 ex
809 2687 889 2714 domo
917 2687 1011 2714 Michte

223 2732 357 2759 sublatum
373 2732 418 2767 qui
435 2737 512 2759 erant
527 2733 559 2760 de
575 2732 645 2760 tribu
663 2733 717 2759 Dan
734 2732 892 2765 coluissent,
907 2737 935 2760 et
951 2732 1011 2760 aliae

261 2820 282 2836 ⁸³
299 2820 384 2849 Jutlic.
407 2830 483 2855 svnt,
503 2822 575 2849 l-Sl.
615 2820 736 2848 “ludio.
755 2828 810 2852 χιιι,
825 2820 934 2854 passim.

1063 915 1124 940 σις,
1142 907 1270 943 Θεραφὶμ
1283 908 1311 934 δὲ
1337 908 1429 940 πάλιν,
1448 909 1582 944 ἄνεσιςῆ
1599 909 1854 943 ἰώμενος-αὺτούς,

1063 953 1179 980 Εἴδωλον
1189 953 1244 989 γὰρ
1257 951 1291 989 ἦν
1304 954 1438 990 ὑπόληψιν
1454 954 1515 989 ἔχον
1531 955 1573 989 ἐφ’
1593 954 1683 990 ἑαυτῷ
1694 954 1794 989 ψευδῆ,
1810 954 1856 980 τοῦ

1063 998 1223 1033 θεραπεύειν
1242 998 1372 1026 δύνασθαί
1387 1008 1472 1031 τινας.
1490 1000 1707 1036 Περιπλέιττουσι
1721 1000 1778 1035 γὰρ
1799 1000 1860 1026 Ἐλ-

1063 1043 1150 1079 λήνων
1164 1045 1255 1076 παῖόες
1272 1044 1329 1071 ἔσθ’
1341 1045 1386 1072 ὅτε
1400 1047 1461 1077 ταῖς
1473 1045 1609 1077 τοιαύταις
1619 1046 1708 1079 δόξαις
1723 1046 1758 1072 τὰ
1771 1054 1857 1081 χειρο-

1064 1089 1275 1124 ποίητα.‹Τοῦτο
1293 1089 1485 1125 μεμαθηκότες
1499 1091 1524 1117 oi
1549 1091 1603 1118 ἀπὸ
1618 1091 1682 1123 Adv,
1694 1091 1855 1126 ἀναλαμϐά-

1062 1143 1137 1160 νουσι
1153 1135 1184 1161 τὺ
1201 1134 1331 1168 γλυπτὸν,
1348 1135 1527 1162 ἀναπείθουσι
1541 1136 1570 1163 δὲ
1592 1137 1639 1163 καὶ
1654 1137 1699 1163 τὸν
1724 1137 1754 1169 ἐξ
1772 1137 1855 1172 αἵμα-

1061 1189 1106 1212 τος
1121 1179 1166 1207 τοῦ
1187 1179 1253 1206 Λευῖ
1273 1181 1506 1216 κατακολουθῆσαί
1534 1190 1637 1216 σφισιν,
1663 1183 1855 1216 ἀποφοιτῶντα

1061 1225 1190 1261 Μιχαίου.
1219 1227 1446 1262 Παραταξάμενοι
1477 1227 1516 1259 δὲ,
1534 1229 1581 1254 καὶ
1597 1229 1782 1263 νενικηκότες,
1808 1230 1856 1256 καὶ

1062 1271 1114 1297 ὑπὸ
1128 1273 1207 1306 χεῖρα
1219 1271 1347 1304 λαϐόντες
1369 1273 1420 1308 τὴν
1440 1273 1501 1308 γῆν,
1523 1274 1700 1309 ἀνεδείμαντο
1717 1275 1806 1306 πόλιν,
1822 1275 1855 1310 ἣν

1061 1316 1244 1352 ἐπωνόμασαν
1274 1317 1346 1350 Δάν,
1369 1317 1399 1344 τὸ
1429 1318 1477 1344 τοῦ
1504 1319 1676 1354 προπάτορος
1702 1320 1856 1355 γράφοντες

1061 1362 1141 1397 αὐτῇ·
1163 1363 1249 1398 φυλῆς
1263 1363 1317 1398 γὰρ
1335 1361 1407 1399 ἦσαν
1434 1364 1480 1391 καὶ
1506 1364 1622 1399 αἳματος
1645 1366 1695 1400 τῆς
1718 1365 1774 1392 ἀπὸ
1789 1366 1854 1397 Δὰν,

1062 1407 1099 1438 ὡς
1113 1407 1192 1442 ἔφην.
1215 1408 1399 1444 Ἰδρυσάμενοι
1420 1409 1448 1435 δὲ
1476 1410 1523 1436 xui
1540 1410 1570 1436 τὺ
1595 1410 1703 1437 εῐδωλον
1717 1411 1747 1437 ἐν
1765 1412 1853 1447 αὐτῇ,

1061 1451 1156 1485 θυσίας
1165 1454 1313 1489 προσῆγον,
1322 1455 1370 1481 καὶ
1380 1455 1449 1490 ὁμοῦ
1460 1457 1493 1490 τῇ
1504 1456 1538 1490 γῇ
1552 1457 1599 1482 καὶ
1616 1456 1676 1483 Θεὸν
1690 1458 1854 1493 ἐκτήσαντο⁹

1062 1497 1129 1532 πρὸς
1142 1498 1220 1525 τοῦτο
1230 1500 1321 1531 αὐτοῖς
1333 1500 1462 1532 ἀϐουλίας
1474 1502 1659 1537 κατεκομίσθη
1674 1503 1704 1529 τὸ
1715 1504 1853 1539 φρόνημα.

1061 1543 1195 1580 Ταύτῃτοι
1210 1545 1276 1578 Θεὸς
1292 1546 1441 1580 ἠγανάκτει
1454 1546 1557 1580 λοιπὸν,
1573 1548 1620 1574 καὶ
1640 1549 1714 1584 μάλα
1729 1550 1855 1583 εἰκότως,

1060 1589 1098 1621 ὡς
1114 1590 1287 1625 ὑϐρισμένος.
1314 1589 1382 1618 Εἶτα
1404 1592 1463 1618 δέον
1488 1593 1594 1625 πάντας
1609 1595 1672 1626 τοὺς
1687 1595 1716 1628 ἐξ
1735 1596 1854 1632 Ἰσραὴλ,

1061 1634 1175 1669 ἐχθροὺς
1190 1635 1317 1670 ἡγεῖσθαι
1332 1637 1378 1663 καὶ
1393 1636 1613 1672 πολεμιωτάτους
1629 1640 1692 1671 τοὺς
1708 1641 1764 1667 ἀπὸ
1789 1642 1854 1674 Δάν,

1061 1681 1109 1706 xui
1123 1681 1171 1715 τῆς
1188 1682 1228 1712 εἰς
1244 1681 1310 1708 Θεδν
1324 1681 1482 1714 δυσσεϐείας
1497 1683 1638 1719 ἐξαιτῆσαι
1659 1685 1765 1720 λόγους,
1785 1687 1857 1722 τάχα

1062 1734 1113 1752 που
1132 1727 1180 1753 καὶ
1193 1727 1408 1763 συνηνέχθησαν,
1423 1729 1470 1755 xui
1482 1730 1604 1756 ἐπαινεῖν
1616 1731 1719 1766 ἠξίουν,
1733 1732 1772 1764 ὡς
1794 1735 1855 1759 κατ’

1061 1771 1136 1798 οὐδὲν
1163 1772 1232 1803 ὅλως
1258 1774 1463 1810 ἡμαρτηκότας,
1486 1776 1532 1802 καὶ
1547 1777 1610 1802 ποῖα
1625 1777 1738 1811 γέγονεν
1762 1779 1856 1810 αὐτοῖς

1060 1818 1110 1853 τῆς
1137 1818 1177 1849 εἰς
1198 1817 1278 1845 τοῦτο
1301 1820 1438 1855 ῥᾳθυμίας
1452 1821 1487 1847 τὰ
1503 1821 1616 1856 ὀψώνια,
1641 1823 1707 1859 φέρε
1729 1823 1856 1860 λέγωμεν

1061 1862 1170 1898 ἐφεξῆς.
1207 1863 1398 1891 ’Λῦασιλεύτου
1437 1867 1621 1902 μεμενηκότος
1648 1868 1695 1895 τοῦ
1733 1869 1854 1905 Ἰσραὴλ,

1062 1909 1130 1945 ἀνήρ
1139 1917 1180 1942 τις
1189 1910 1315 1945 Λευῖτης.
1322 1911 1462 1946 παροικῶν
1474 1913 1502 1938 ὲν
1516 1915 1612 1949 μηροῖς
1629 1914 1709 1949 ὅρους
1723 1915 1854 1951 Ἑφραῖμ,

1063 1954 1187 1982 σύνοικον
1203 1956 1351 1991 ἐποιήσατό
1364 1965 1423 1983 τινα
1444 1958 1500 1985 τῶν
1524 1960 1556 1985 ὲκ
1586 1959 1720 1996 Βηθλεέμ.
1745 1961 1854 1996 Ἐπειδὴ

1060 2001 1088 2027 δὲ
1099 2001 1211 2036 γύναιον
1235 2002 1342 2038 ἀπέδρα
1364 2003 1432 2039 πρὸς
1447 2003 1494 2031 τὸν
1524 2006 1640 2041 πατέρα,
1655 2007 1748 2033 εἵπετο
1774 2008 1826 2042 μὲν
1841 2010 1856 2035 ὁ

1061 2048 1188 2084 Λευῖτης.
1208 2049 1362 2076 Ἀναπείθει
1378 2049 1406 2076 δὲ
1420 2047 1498 2081 αὖθις
1513 2051 1694 2086 ὑπονοστῆσαι
1705 2053 1754 2079 σὺν
1768 2054 1853 2089 αὐτῷ,

1061 2093 1107 2120 καὶ
1117 2093 1186 2121 οἶκοι
1201 2094 1326 2128 γενέσθαι
1343 2094 1445 2122 λοιπόν.
1463 2093 1499 2122 Οὗ
1514 2096 1545 2131 δὴ
1558 2098 1710 2131 γεγονότος,
1723 2101 1794 2126 κατὰ
1807 2101 1856 2136 μὲ-

1061 2147 1111 2173 σην
1130 2137 1177 2166 ἰὼν
1199 2139 1248 2174 τὴν
1265 2139 1334 2173 ὁδὸν,
1362 2141 1430 2176 ὁμοῦ
1455 2141 1494 2177 τῷ
1520 2143 1623 2178 γυναίῳ
1652 2145 1802 2172 κατέλυσεν
1826 2148 1855 2173 ἐν

1061 2183 1171 2214 Γαϐαὰ.
1199 2184 1216 2219 ἢ
1243 2185 1451 2220 διερμηνεύεται
1471 2187 1598 2221 βουνός.
1622 2189 1721 2224 ᾯκουν
1752 2191 1781 2217 δὲ
1805 2193 1855 2227 τὴν

1063 2229 1166 2263 Γαϐαὰ,
1176 2230 1236 2265 ἣτοι
1247 2231 1292 2257 τὸν
1307 2231 1401 2266 βουνὸν
1412 2233 1436 2259 οι
1445 2233 1477 2259 ὲκ
1488 2233 1574 2268 φυλῆς
1588 2233 1728 2270 Βενιαμίν.
1744 2236 1856 2273 Ἐπειδὴ

1062 2274 1090 2301 δὲ
1105 2275 1182 2310 παρά
1207 2284 1267 2303 τινα
1291 2277 1469 2312 κατηυλίζετο
1494 2279 1646 2315 πρεσϐύτῃ,
1672 2281 1742 2308 κατὰ
1767 2283 1855 2318 μέσην

1062 2320 1110 2356 τὴν
1124 2321 1209 2348 νύκτα
1236 2321 1358 2354 ἐλθόντες
1377 2323 1431 2350 τῶν
1452 2324 1484 2350 ὲκ
1505 2325 1592 2360 φυλῆς
1605 2326 1742 2362 Βενιαμὶν,
1758 2328 1855 2364 ἄνδρες

1062 2366 1234 2402 παράνομοι,
1262 2367 1334 2395 καθὰ
1352 2368 1516 2404 γέγραπται,
1543 2372 1758 2404 καταϐιάζεσθαι
1787 2377 1855 2411 πρὸς

1062 2411 1208 2445 ἀσέλγειαν
1222 2412 1267 2439 τόν
1294 2421 1325 2439 τε
1342 2413 1470 2449 Λευϊτην,
1498 2415 1546 2442 xui
1571 2416 1663 2449 αὐτὸν,
1679 2418 1726 2444 xui
1743 2419 1855 2454 ἑτέρους

1061 2456 1167 2491 ἤθελον.
1196 2458 1408 2494 Δυσωπηθέντες
1430 2460 1459 2486 δὲ
1483 2460 1562 2495 μόλις
1586 2462 1637 2497 τῆς
1659 2463 1777 2496 ἀτοπίας
1806 2465 1854 2500 τὴν

1063 2502 1225 2538 ὑπερϐολὴν,
1249 2504 1298 2540 τὴν
1323 2505 1371 2532 τοῦ
1399 2506 1513 2533 Λευΐτου
1534 2507 1755 2542 συλλαμϐάνουσι
1786 2512 1854 2538 παλ-

1063 2548 1168 2576 λακίδα.
1189 2551 1245 2577 Καὶ
1257 2550 1289 2585 δὴ
1304 2552 1352 2578 xui
1367 2552 1545 2585 ἀπεκτόνασι,
1566 2554 1601 2580 δι’
1611 2555 1675 2590 ὅλης
1688 2556 1741 2591 τῆς
1757 2558 1854 2589 νυκτὸς

1062 2595 1101 2626 εἰς
1115 2595 1144 2621 τὸ
1157 2595 1267 2628 γύναιον
1284 2597 1500 2631 ἀσελγαίνοντες.
1518 2599 1547 2625 '0
1561 2599 1590 2625 δὲ
1615 2600 1709 2626 διελὼν
1726 2603 1769 2633 εἰς
1785 2603 1852 2638 μέλη

1061 2641 1092 2667 τὸ
1104 2641 1182 2677 σῶμα
1197 2643 1316 2678 διένειμε
1339 2644 1396 2675 τοῖς
1412 2644 1445 2670 ὲκ
1470 2644 1555 2679 φυλῆς
1578 2645 1696 2681 Ἰσραὴλ,
1709 2648 1852 2682 καταφανῆ

1062 2687 1193 2720 καθιστὰς
1223 2688 1276 2715 τῶν
1299 2690 1331 2716 ἐκ
1357 2689 1442 2725 φυλῆς
1458 2691 1586 2726 Βενιαμὶν
1602 2692 1652 2726 τήν
1672 2700 1702 2718 τε
1727 2694 1770 2725 εἰς
1792 2695 1853 2725 τοὺς

1062 2733 1153 2766 ξένους
1166 2734 1315 2770 ἁμαρτίαν,
1331 2735 1378 2762 καὶ
1390 2736 1419 2762 τδ
1432 2737 1558 2771 ἀχάλινον
1580 2737 1620 2768 εἰς
1635 2737 1792 2773 ἀσέλγειαν·
1808 2739 1852 2766 καὶ
