1919 3042
87 130 141 158 Ὧς)

554 127 830 156 COMMENTARIUS
848 127 881 155 lN
902 127 1017 156 OSEAM
1035 129 1257 158 PROPllETAM.

1664 133 1717 162 230

90 189 130 216 ὅτι
148 188 183 215 τὰ
205 187 362 224 Σοδομιτῶν
378 189 552 225 μεμίμηνται
570 187 804 223 πλημμελήματα.
826 187 882 214 Ἐν‹

936 188 1020 216 tribus
1041 189 1066 215 id
1083 189 1174 225 inique
1197 187 1397 217 dissimulantes
1420 188 1593 224 quievissent.
1625 189 1717 218 Simile

90 233 184 260 τεῦθεν
198 234 398 269 ἀγανακτήσας
412 234 616 269 συναγήγερται
632 234 685 264 πᾶς
695 232 814 268 Ἰσραὴλ,
834 232 881 258 καὶ¹

91 280 338 314 κατεστρατεύοντο
349 279 399 314 τῆς
414 279 497 314 φυλῆς
506 279 634 313 Βενιαμὶν
646 279 676 304 ὲν
693 277 811 309 Γαὸαὰν,
819 286 881 304 του-

39 333 48 342 ι
90 324 191 355 τὲστιν,
215 324 245 349 ἐν
267 323 306 358 τῷ
323 323 422 359 βουνῷ·
447 323 517 350 οὕτω
543 331 572 350 τε
602 323 687 358 αὐτὴν
715 323 879 358 ἀνῃρήκασι,

91 368 178 395 καίτοι
198 369 418 405 πολυανδροῦσαν
430 369 499 402 λίαν,
513 369 550 400 ὡς
566 368 672 403 ὀλίγους
691 369 788 404 κομιδῇ
806 377 881 403 περι-

92 414 240 445 σωθέντας,
252 414 331 449 μόλις
339 415 486 449 ἀναφυγεῖν
497 415 536 446 εἰς
545 413 593 450 τὴν
608 415 656 449 ἕρη
661 422 720 449 μον.
735 414 882 441 Διολώλασι

90 459 118 485 δὲ
125 460 173 486 καὶ
184 461 217 486 ἐκ
226 460 328 492 παντὸς
342 460 450 496 Ἰσραὴλ
463 460 516 486 τῶν
530 460 656 496 μαχίμων
670 459 719 485 οὑκ
732 459 882 495 εὐαρίθμη-

89 513 142 531 τοι.
162 505 232 531 Ἀλλ’
244 506 295 532 οὐκ
313 506 345 532 ἂν
362 506 438 540 ἠφίει
454 506 519 536 Θεὸς
534 505 659 540 ἀλλήλοις
680 504 882 540 συμπλέκεσθαι

90 551 155 582 τοὺς
166 550 197 583 ἐξ
212 551 331 587 Ἰσραὴλ,
352 552 376 578 εἰ
393 551 429 586 μὴ
446 551 476 577 τὸ
495 551 524 583 ἐξ
540 550 615 577 οἴκου
628 550 746 585 Μιχαίου
765 550 883 584 γλυπτὸν

931 234 996 268 quid
1011 234 1092 262 etiam
1109 240 1218 269 propter
1241 235 1337 262 vitulos
1355 242 1450 262 aureos
1476 235 1530 263 Deo
1555 235 1718 263 exacerbato

932 280 1033 307 evenit.
1049 280 1233 308 Conﬂixernnt
1248 281 1318 308 enim
1336 281 1394 308 dua:
1410 281 1494 308 tribus
1510 280 1578 308 Juda
1595 288 1656 308 cum
1670 281 1718 308 de-

932 332 990 353 cem
1005 325 1131 360 Epliraim
1143 335 1150 358 ;
1163 331 1189 354 et
1208 327 1320 361 perinde
1335 331 1365 353 ut
1379 327 1543 361 temporibus
1555 325 1640 358 collis,
1658 325 1717 353 mil-

932 368 966 395 lia
980 369 1062 396 multa
1074 370 1268 401 occubuerunt,
1281 374 1308 396 et
1321 369 1360 396 ira
1376 370 1420 396 Dei
1437 369 1584 404 instigante
1601 376 1661 396 cum
1674 369 1716 395 vi-

933 414 984 441 ctis
997 415 1046 449 ipsi
1061 416 1177 442 victores
1193 415 1247 442 dati
1259 419 1321 442 sunt
1341 415 1424 442 exitio
1435 415 1467 442 ⁸⁸.
1489 415 1570 442 Gesta
1585 419 1646 441 sunt
1661 413 1717 442 hmc

932 466 1014 493 super
1035 459 1131 487 Judam
1154 465 1282 492 regnante
1298 460 1416 490 Amasia.
1441 467 1521 494 super
1551 459 1632 487 Israel
1656 459 1714 491 Joa,

933 506 978 540 qui
996 506 1032 533 ita
1049 506 1154 541 subegit
1170 505 1394 540 Hierosolymam,
1410 511 1439 532 ut
1454 510 1556 540 partem
1580 506 1649 532 muri
1670 513 1717 532 cu-

935 550 1051 577 bitorum
1068 551 1326 585 quadringentorum
1344 543 1462 577 dirueret
1476 551 1509 576 “.

90 597 180 631 οἱμὲν
194 597 249 623 ἀπὸ
263 597 317 623 Δὰν
335 598 508 632 τετιμήκασι,
539 596 733 632 κατηρέμησαν
752 596 779 622 δὲ
812 595 975 631 παραλόγως
1000 597 1024 622 οἰ
1045 597 1077 622 ἐκ
1100 597 1154 623 τῶν
1187 596 1287 632 ἐτέρων
1318 595 1418 631 φυλῶν,
1438 595 1562 622 Τοιοῦτόν
1580 605 1604 622 τι
1623 596 1716 630 γέγονε

91 645 138 670 καὶ
167 644 216 670 ἐπὶ
233 645 294 676 ταῖς
316 644 448 679 δαμάλεσι
475 646 534 675 ταῖς
557 644 669 679 χρυσαῖς
695 643 883 678 λελυπημένου
901 643 980 670 Θεοῦ.
1006 644 1219 678 Συνεπλάκησαν
1248 644 1303 679 γὰρ
1321 643 1450 678 ἀλλήλαις
1472 642 1548 669 αἵτε
1563 642 1609 668 τοῦ
1632 642 1717 668 Ἰούδα

91 688 176 722 ςυλαὶ
192 689 250 720 δύο,
267 689 314 715 καὶ
328 690 357 715 ai
373 688 438 715 δέκα
451 688 498 715 τοῦ
514 688 645 723 Ἐφραϊμ.
664 689 718 714 Καὶ
737 687 775 719 ὡς
799 689 828 714 ἐν
839 689 898 720 ταῖς
933 689 1051 724 ἡμέραις
1077 689 1124 716 τοῦ
1156 688 1250 724 βουνοῦ
1279 689 1370 723 μυρίοι
1400 688 1449 723 μὲν
1469 689 1524 714 ὅσοι
1546 687 1716 719 πεπτώκασι,

92 735 326 771 συνωλοθρεύοντο
341 735 370 761 δὲ
381 737 437 766 τοῖς
455 735 566 762 νικῶσιν
583 736 607 761 οἱ
627 735 786 770 ἡττημένοι,
823 735 898 767 θείας
933 737 973 767 εἰς
997 736 1076 763 τοῦτο
1103 737 1237 770 καλούσης
1265 736 1359 771 ὀργῆς.
1387 735 1547 770 Πέπρακται
1575 735 1604 761 δὲ
1632 735 1717 760 ταῦτα

90 779 227 814 ’Δμασίου
258 781 306 815 μὲν
326 779 513 815 βασιλεύοντος
537 781 585 806 ἐπὶ
604 780 649 806 τὸν
662 780 774 812 Ἰούδαν,
789 780 837 806 τοῦ
853 789 885 814 γε
906 780 959 816 μὴν
972 781 1049 813 Ἰωὰς
1080 782 1126 808 ἐπὶ
1156 783 1202 809 τὸν
1214 782 1334 817 Ἰσραὴλ,
1355 781 1383 813 ὃς
1404 779 1476 808 εἷλεν
1489 781 1561 807 οὕτω
1578 780 1613 807 τὰ
1634 780 1715 816 Ἱερο-

92 824 209 859 σόλυμα,
225 825 263 856 ὡς
277 825 324 852 καὶ
343 825 465 852 καθελεῖν
483 825 530 851 τοῦ
543 825 651 859 τείχους
667 825 748 861 μέρος
765 826 805 857 εἰς
822 826 920 860 πήχεις
931 827 1122 861 τετρακοσίας.

133 871 182 904 Ὡς
191 871 358 905 σταφυλὴν
378 872 413 898 ἐν
440 871 537 906 ἐρήμῳ
555 870 645 906 εὗρον
667 871 720 898 τὸν
743 872 881 906 Ἰσραὴλ,

971 873 1051 900 Vens.
1068 873 1110 900 10.
1128 873 1204 901 Sicut
1227 882 1302 901 uvam
1322 874 1348 901 in
1367 874 1469 901 deserto
1483 873 1568 900 inveni
1585 872 1718 905 lsrael,et

91 917 141 944 καὶ
166 917 208 948 ὡς
227 917 327 944 σῦκον
347 917 382 944 ἐν
403 916 484 951 συκῇ
505 913 636 952 πρὼζμον
655 915 737 944 εἶδον
755 918 885 952 πατέρας

90 962 201 990 αὐτῶν.
217 962 308 989 Λῡτοί
324 962 471 997 εἰσῆλθον
482 963 557 997 πρὸς
574 963 628 989 τὸν
641 962 824 997 Βεελςεεγὸῳ,
835 964 884 990 καὶ

90 1008 387 1042 ἀπηλλοτριώθησαν
403 1010 447 1041 εις
458 1009 618 1042 αἰσχύνην.
636 1008 690 1035 Kal
706 1008 843 1044 ἐγένοντο
858 1010 885 1036 οἰ

89 1053 278 1088 ἠγαπημένοι
291 1054 330 1086 ὡς
344 1054 371 1080 οἰ
385 1053 602 1088 ἑϐδελυγμένοι.

125 1098 188 1125 PI".
207 1099 270 1124 Ὀτι
284 1098 321 1134 μὴ
337 1099 425 1134 μάτην
444 1099 534 1130 αὐτοῖς
548 1098 579 1125 τὸ
594 1098 800 1135 καταφθαρῆναι
817 1109 885 1136 συμ-

91 1142 222 1178 ϐέϐηκεν,
245 1143 303 1170 ἀλλ’
319 1145 348 1170 ἐν
372 1144 444 1179 δίκῃ,
470 1143 563 1170 λοιπον
588 1145 715 1179 πειρᾶται
737 1145 882 1173 διδάσκειν.

90 1189 163 1223 Ἐγὼ
183 1189 234 1224 μὲν
264 1189 337 1224 γὰρ,
367 1190 443 1224 φησι,
469 1189 641 1224 ἐπελεξάμην
674 1190 784 1222 αὐτοὺς,
800 1191 837 1222 ὡς
855 1192 885 1217 ἐν

90 1235 188 1269 ἐρήμῳ
200 1235 338 1270 σταφυλὴν
357 1234 454 1270 εὑρὼν,
473 1235 519 1262 καὶ
531 1235 568 1267 ὼς
593 1235 675 1262 σῦκον
687 1236 816 1271 πέπειρον
830 1237 884 1264 ἀπὸ

90 1280 177 1315 συκῆς
201 1280 341 1315 ἁρπάσας·
365 1280 497 1315 ἐξήγαγον
513 1281 568 1316 γὰρ
587 1282 636 1316 τῆς
656 1281 814 1315 Αἰγυπτίων
828 1282 884 1317 χώ-

90 1334 149 1361 ρας,
168 1325 420 1361 εἰδωλολατρούσης
436 1326 509 1360 ὅλης,
525 1326 572 1352 καὶ
595 1326 819 1361 πεπλανημένης,
835 1327 883 1354 καὶ

88 1371 192 1405 πολλὴν
212 1372 346 1407 νοσούσης
360 1372 407 1407 τὴν
421 1371 537 1407 ἐρημίαν
550 1371 650 1403 παντὸς
665 1373 778 1407 ἀγαθοῦ.
792 1372 824 1399 Τί
838 1371 884 1399 οὖν

88 1416 113 1442 οἰ
133 1417 295 1450 ἀπόλεκτοι,
323 1417 349 1443 οἱ
369 1416 413 1442 διὰ
435 1417 485 1452 τῆς
502 1417 571 1452 ἐμῆς
587 1417 760 1452 ἡρπαγμένοι
775 1419 882 1453 χειρός;

88 1463 309 1498 Προσκέκλινται
324 1462 363 1498 τῷ
390 1463 561 1498 Βεελῳεγὼρ,
581 1463 694 1498 ἐξῆλθον
720 1465 883 1498 οἰκειότητος

89 1511 138 1546 τῆς
157 1511 227 1546 πρός
244 1519 278 1546 με
297 1511 339 1542 είς
353 1510 494 1545 αἰσχύνην,
513 1510 591 1536 τοῦτό
609 1511 667 1537 ἐστι
685 1509 726 1542 τὸ,
757 1521 765 1536 ι
783 1511 883 1546 Ἀπηλ-

89 1555 283 1592 λοτριώθησαν
303 1556 343 1588 εἰς
369 1555 513 1591 αἰσχύνην
529 1565 538 1581 t
557 1556 687 1591 αἰσχύνην
710 1556 738 1583 δὲ
759 1556 884 1593 ὀνομάζει

88 1601 135 1627 τοῦ
153 1600 329 1635 Βεελφεγώρ·
350 1598 384 1635 ἦν
409 1600 463 1635 γὰρ
489 1600 518 1626 ἐν
546 1600 738 1636 ἀκαλλεστάτῳ
765 1602 883 1637 σχήματι

88 1646 143 1673 τῶν
157 1646 246 1672 ἄλλων
261 1646 390 1681 μάλιστα,
405 1646 451 1672 καὶ
461 1646 578 1680 ἄσεμνον
595 1646 668 1673 ἰδεῖν.

124 1691 242 1724 Οὐκοῦν,
258 1691 419 1725 ἀγαπῶντες
444 1690 493 1725 μὲν
506 1690 537 1717 τὸ
558 1689 628 1718 εἶναι
653 1691 724 1726 μετὰ
742 1691 820 1723 Θεοῦ,
835 1693 884 1719 καὶ

90 1736 226 1772 τιμῶντες
238 1736 277 1767 ὡς
288 1735 449 1768 καλέσαντα,
462 1735 509 1762 καὶ
517 1735 718 1771 ἐπιλεξάμενον,
731 1737 777 1763 καὶ
790 1737 883 1771 ὥσπερ

89 1784 120 1817 ἐξ
143 1784 250 1819 ἐρήμου
277 1783 325 1810 καὶ
341 1782 523 1810 ἀκανθοτόκου
540 1782 592 1817 γῆς
616 1782 777 1818 ἁρπάσαντα
791 1783 841 1818 τῆς
854 1784 883 1810 ἐν

89 1829 158 1864 τῷδε
173 1828 215 1864 τῷ
231 1829 328 1864 κόσμῳ
358 1829 560 1861 καταστάσεως,
574 1829 611 1860 ὡς
637 1828 773 1863 σταφυλήν
787 1837 817 1855 τε
835 1829 883 1856 καὶ

91 1874 174 1902 σῦκον
189 1875 356 1910 ὴγαπηκότα
369 1874 502 1910 πρώῖμον,
516 1873 693 1909 διασώσωμεν
711 1875 818 1910 ἀρραγῆ
833 1875 883 1910 τὴν

89 1921 159 1956 πρὸς
179 1920 262 1947 αὐτὸν
285 1920 393 1952 ἕνωσιν,
409 1920 487 1956 δῆλον
503 1920 530 1947 δὲ
554 1921 597 1948 ὅτι
615 1920 664 1956 τὴν
683 1922 880 1956 πνευματικήν.

89 1967 122 1994 Εἰ
142 1967 171 1993 δὲ
188 1966 220 2001 δὴ
237 1966 341 2000 γένοιτό
355 1974 398 1998 τις
423 1966 572 1997 ἀπόνευσις
596 1966 633 1997 εἰς
649 1966 678 1992 τὺ
694 1966 820 1998 ἀκαλλὲς,
836 1967 882 1993 καὶ

90 2012 131 2043 εἷς
145 2011 176 2037 τὸ
188 2011 291 2038 λυποῦν
306 2011 397 2044 αὑτὸν,
412 2011 486 2037 οὐδὲν
505 2010 545 2037 ἔτι
566 2010 700 2046 διοίσομεν
722 2011 776 2038 τῶν
786 2011 880 2038 ἐθνῶν.

95 2054 232 2089 Ἐσόμεθα
249 2054 304 2089 γὰρ
319 2055 343 2080 οἰ
363 2055 535 2090 ἠγαπημένοι
550 2055 587 2087 ὡς
599 2055 623 2080 οἱ
645 2055 843 2091 ἐϐδελυγμένοι,
857 2057 882 2083 οἳ

90 2101 138 2126 καὶ
155 2100 274 2134 εὐλόγως
294 2100 467 2135 μεμίσηνται.
493 2110 502 2126 ε
526 2101 690 2136 Δικαιοσύνη
715 2102 779 2137 γὰρ,
803 2103 881 2138 φησὶ,

89 2145 196 2172 δικαίου
219 2146 250 2172 οὐ
278 2146 316 2180 μὴ
349 2145 472 2181 ἐξέληται
499 2147 598 2173 αὐτόν·
625 2149 654 2174 ἐν
726 2148 759 2175 ἆν
790 2148 882 2184 ἡμέρᾳ

90 2191 215 2227 ἁμάρτῃ,
231 2190 417 2217 ἀποθανεῖται.
439 2200 448 2217 ι
467 2192 522 2217 Καὶ
535 2193 636 2228 σφόδρα
653 2194 742 2228 σοφῶς
763 2195 776 2220 ὁ
791 2195 882 2228 μακά-

90 2244 148 2272 ριος
162 2237 264 2271 γράψει
279 2235 385 2268 Παῦλος
396 2244 402 2251 ·
423 2245 432 2262 t
451 2237 533 2264 Ὥστε
547 2239 562 2265 ό
586 2238 671 2266 δοκῶν
687 2239 808 2271 ἑστάναι,
827 2239 883 2275 βλε-

91 2282 165 2309 πέτω
182 2282 220 2316 μὴ
236 2281 324 2318 πέσῃ,
336 2291 346 2307 ι

132 2328 255 2362 φριιῖμ
270 2328 309 2360 ὼς
332 2327 437 2361 ὄρνεον
451 2328 646 2363 ἐξεπετάσθη.

126 2373 184 2399 PA’.
193 2373 264 2399 Ὅσα
277 2372 331 2398 τῶν
347 2373 445 2407 ὀρνέων
458 2373 496 2408 μὴ
510 2373 566 2400 ἐστι
580 2375 696 2401 τίθασπά
706 2384 735 2401 τε
762 2376 808 2402 καὶ
823 2385 884 2403 κατ-

91 2418 200 2449 οικίδια,
228 2418 416 2453 συλληφθέντα
448 2420 620 2454 φυλάττεται,
647 2421 694 2448 καὶ
716 2421 882 2457 κατατέρπει

91 2467 152 2497 τοὺς
160 2465 282 2501 ἔχοντας.
299 2467 332 2492 Εἰ
345 2466 373 2493 δὲ
391 2465 422 2500 δὴ
439 2466 543 2500 γένοιτό
558 2475 599 2498 τις
614 2466 660 2492 τοῦ
674 2467 811 2502 διαδράναι
824 2476 884 2494 και-

94 2511 147 2546 ρδς,
162 2511 359 2547 ἀνυπερθέτως
372 2512 515 2546 ἀποφοιτᾷ,
531 2512 578 2538 καὶ
595 2512 669 2547 ὀξείᾳ
687 2512 798 2548 φέρεται
812 2513 882 2547 πτή-

94 2566 132 2585 σει
157 2558 228 2593 πρὸς
258 2558 289 2584 τὸ
314 2558 406 2588 αὐτοῖς
435 2557 549 2592 σύνηθες
585 2557 754 2592 ἐνδιαίτημα.
779 2557 883 2584 Οὐκοῦν

92 2603 238 2638 τεθήρευτο
253 2603 305 2638 μὲν
319 2603 421 2639 τρόπον
435 2602 496 2629 τινὰ
512 2603 555 2630 διὰ
568 2603 688 2634 Μωσέως
701 2603 793 2638 ὀρνέου
807 2603 884 2638 δίκην

93 2649 106 2675 6
127 2649 245 2685 Ἰσραὴλ,
270 2649 319 2676 καὶ
337 2649 557 2683 προσκεκόμιστο
580 2648 618 2684 τῷ
633 2647 701 2683 Θεῷ,
728 2649 774 2675 καὶ
798 2646 832 2683 ἦν
855 2649 884 2675 ἐν

93 2695 162 2730 καλῷ
184 2695 236 2730 τῆς
258 2695 415 2729 εὐημερίας
441 2695 515 2730 νόμῳ
543 2694 809 2728 παιδαγωγούμενος,
839 2695 884 2721 καὶ

93 2740 227 2776 φροντίδος
255 2738 416 2772 ἀπολαύων,
433 2740 478 2766 καὶ
494 2740 601 2774 φειδοῦς
619 2740 668 2775 τῆς
685 2739 796 2767 ἄνωθεν.
818 2740 884 2766 ’Λπ-

935 917 1001 944 sicut
1026 919 1104 952 ﬁcum
1130 919 1157 945 in
1173 919 1224 953 ﬁcu
1242 920 1416 953 tempestivam
1439 919 1492 945 vidi
1511 923 1598 953 patre:
1617 927 1718 946 eorum.

935 962 992 998 Ipsi
1008 964 1117 998 ingreui
1130 968 1191 990 sunt
1205 965 1239 990 ad
1256 964 1425 998 Beelpltegor,
1447 969 1470 991 et
1492 964 1634 990 abalienati
1658 968 1719 990 sunt

934 1009 963 1036 in
977 1009 1166 1044 confusionem.
1187 1009 1221 1037 Et
1243 1010 1307 1044 [acti
1327 1014 1387 1036 sunt
1401 1010 1490 1037 dilecti
1503 1010 1569 1037 sicut
1583 1010 1719 1037 abomina-

936 1054 1008 1083 biles.

970 1099 1034 1127 Clll.
1046 1099 1104 1128 Non
1122 1105 1232 1133 temere,
1251 1101 1298 1128 sed
1310 1101 1370 1135 iure
1382 1100 1528 1135 perniciem
1543 1100 1595 1128 illis
1616 1099 1716 1127 illatam

934 1153 994 1173 esse
1007 1151 1120 1173 conatur
1143 1146 1221 1173 modo
1248 1146 1401 1173 ostendere.
1427 1145 1483 1180 Ego
1512 1145 1592 1177 enim,
1620 1145 1716 1180 inquit,

934 1191 1001 1226 elegi
1017 1199 1063 1219 eos
1076 1197 1106 1218 ut
1119 1191 1145 1218 in
1163 1191 1306 1220 solitudine
1319 1199 1396 1218 uvam
1413 1191 1560 1223 inventam,
1586 1194 1614 1217 et
1636 1195 1665 1217 ut
1687 1190 1718 1217 IL

935 1244 996 1264 cum
1009 1241 1140 1264 maturam
1156 1237 1189 1265 ab
1203 1237 1299 1265 arbore
1318 1237 1471 1271 decerptam
1486 1245 1494 1263 :
1507 1236 1586 1263 eduxi
1599 1236 1670 1263 enim
1683 1243 1718 1263 ex

934 1281 1061 1318 Egypto,
1076 1289 1156 1316 quam
1171 1287 1253 1309 totam
1280 1281 1441 1314 idololatria,
1462 1285 1490 1309 et
1504 1288 1592 1313 error,
1618 1286 1644 1308 et
1662 1288 1719 1307 ma-

934 1335 986 1361 gna
1011 1327 1101 1355 omnis
1125 1327 1186 1354 boni
1213 1327 1324 1362 penuria
1350 1326 1518 1354 obsidebant.
1544 1326 1613 1359 Quid
1639 1326 1719 1360 igitur

934 1372 1023 1405 electi,
1041 1373 1104 1408 quid
1129 1380 1209 1400 manu
1236 1380 1294 1399 mea
1320 1372 1423 1407 erepti?
1457 1371 1663 1398 Declinaverunt
1683 1371 1718 1399 ad

935 1417 1111 1453 Bcelphegor,
1129 1418 1164 1446 ab
1186 1418 1303 1445 amicitia
1320 1425 1379 1445 mea
1393 1417 1565 1445 desciverunt
1579 1417 1605 1444 lu
1622 1416 1717 1444 confu-

934 1463 1053 1498 sionem;
1078 1464 1130 1491 ltoc
1142 1463 1213 1491 enim
1230 1469 1280 1495 est.
1297 1463 1367 1498 quod
1384 1463 1422 1490 ait
1438 1472 1446 1490 :
1468 1472 1477 1488 ι
1491 1462 1641 1489 Abalienati
1656 1467 1719 1490 sunt

936 1511 962 1537 in
976 1510 1172 1538 confusionem.
1190 1520 1200 1537 ι
1219 1510 1296 1545 137
1313 1509 1505 1537 Confusionem
1530 1513 1620 1536 autem
1640 1512 1718 1536 vocat

897 1544 918 1572 ο
937 1555 1102 1592 Beelphcgor
1115 1566 1122 1584 :
1135 1561 1193 1584 erat
1212 1544 1287 1583 enini
1309 1556 1407 1584 idolum
1427 1556 1513 1583 forma
1528 1555 1646 1583 omnium
1663 1559 1719 1582 tur-

935 1602 1045 1637 pissiina
1061 1606 1088 1630 et
1099 1607 1211 1636 aspectu
1226 1602 1408 1629 inhonestum.

969 1690 1059 1724 Quare
1073 1689 1212 1725 cupientes
1225 1696 1286 1717 esse
1300 1696 1360 1716 cum
1376 1688 1442 1721 Deo,
1457 1695 1572 1723 eumque
1584 1694 1718 1716 veneran-

934 1741 984 1768 tes,
999 1740 1027 1763 ut
1042 1736 1086 1771 qui
1102 1743 1152 1763 nos
1166 1735 1279 1767 vocavit,
1297 1740 1322 1763 et
1335 1735 1426 1770 elegit,
1442 1739 1469 1762 et
1483 1739 1610 1769 tanquam
1625 1742 1659 1762 ex
1673 1741 1720 1762 so-

933 1782 1046 1810 litudine
1063 1787 1090 1810 et
1109 1788 1181 1810 terra
1198 1782 1290 1817 spinas
1308 1788 1454 1817 generante
1471 1781 1582 1815 eripuit,
1595 1787 1630 1808 ex
1646 1785 1719 1808 statu

933 1828 1057 1855 videlicet
1072 1827 1163 1855 mundi
1178 1827 1272 1862 hujus,
1288 1832 1370 1862 atque
1384 1831 1413 1854 ut
1425 1835 1503 1854 uvam
1516 1831 1543 1854 et
1557 1827 1636 1854 licunt
1651 1831 1720 1853 tent-

933 1874 1065 1908 pcstivam
1082 1873 1232 1905 adamavit,
1250 1873 1467 1907 conjunctiouem
1484 1879 1544 1899 cum
1560 1872 1619 1906 ipso
1635 1872 1721 1900 indis-

933 1917 1086 1950 solubilem,
1109 1917 1288 1952 spiritualem,
1308 1917 1428 1952 inquam,
1449 1917 1624 1943 retineamus.
1643 1916 1720 1949 Quod

933 1964 955 1990 si
971 1963 1004 1990 ad
1020 1963 1148 1990 indecora
1160 1962 1293 1997 quaedam
1312 1963 1392 1997 eique
1406 1962 1499 1989 odiosa
1514 1960 1720 1993 deﬂexerimus,

933 2007 1000 2035 nihil
1013 2015 1027 2034 ι
1041 2008 1165 2042 gentibus
1180 2007 1344 2034 ditl‘eremus.
1358 2007 1465 2035 Erimus
1479 2007 1550 2034 enim
1566 2014 1615 2034 nos
1628 2006 1719 2034 dilecti

933 2061 965 2080 eo
979 2053 1038 2081 loco
1053 2059 1106 2088 quo
1119 2053 1264 2085 exsecrati,
1277 2060 1344 2087 quos
1359 2061 1464 2088 tequum
1477 2057 1519 2080 est
1533 2052 1630 2080 odisse.
1647 2061 1656 2078 ι
1671 2051 1719 2079 Ju-

933 2100 1006 2127 stitia
1023 2100 1095 2127 enim
1109 2099 1192 2134 justi,
1207 2099 1310 2134 inquit,
1327 2107 1379 2127 non
1397 2099 1524 2127 liberabit
1539 2106 1619 2130 eum;
1637 2099 1663 2125 in
1679 2098 1721 2125 die

933 2153 984 2180 qua
1004 2145 1166 2180 peccaverit,
1183 2145 1314 2172 morietur
1326 2146 1358 2174 ⁸⁷.
1380 2155 1389 2172 ›
1406 2146 1434 2172 Et
1454 2145 1639 2180 persapienter
1651 2144 1716 2171 scri-

933 2192 974 2219 bit
990 2193 1084 2219 beatus
1100 2191 1199 2218 Paulus
1214 2201 1220 2218 :
1241 2201 1250 2217 ι
1271 2191 1363 2225 Itaque
1378 2191 1422 2225 qui
1440 2199 1468 2218 se
1484 2191 1621 2218 existimat
1637 2195 1720 2221 stare.

936 2239 1025 2266 videat
1042 2246 1075 2265 ne
1090 2238 1210 2266 cadat“.
1229 2247 1239 2264 I

975 2326 1054 2354 Vsus.
1072 2326 1115 2352 il.
1133 2326 1258 2360 Epitraim
1270 2324 1346 2359 quasi
1362 2324 1416 2350 avis
1430 2328 1537 2351 extensa
1552 2330 1600 2352 est.

972 2372 1039 2400 CIV.
1060 2371 1234 2406 Qumeunque
1249 2378 1312 2398 aves
1327 2376 1378 2396 non
1395 2370 1499 2396 cicures
1513 2375 1540 2397 et
1556 2370 1720 2401 domestica.

934 2418 978 2445 ubi
1002 2423 1088 2451 capue
1111 2417 1227 2449 fuerint,
1248 2415 1445 2447 custodiuntur,
1465 2418 1493 2442 et
1514 2415 1638 2442 dominos
1658 2423 1721 2442 suos

935 2463 1079 2490 delectant.
1100 2461 1146 2488 Sin
1167 2469 1227 2496 quae
1247 2460 1434 2496 opportunitas
1453 2459 1558 2486 volandi
1580 2460 1719 2490 inciderit.

935 2509 1002 2535 citra
1017 2516 1118 2535 moram
1134 2508 1275 2535 celerrime
1286 2508 1319 2534 ad
1332 2511 1489 2535 consuetum
1503 2506 1554 2533 sibi
1564 2505 1625 2532 vita:
1637 2513 1720 2540 genus
1732 2528 1735 2531 ,

936 2554 1054 2581 avolant.
1076 2554 1167 2587 Itaque
1190 2558 1286 2588 captus
1306 2557 1350 2581 est
1371 2552 1570 2588 quodammodo
1593 2559 1608 2578 a
1630 2551 1720 2586 Moyse

937 2600 1054 2626 volucris
1076 2599 1160 2626 instar
1180 2599 1274 2631 Israel,
1295 2603 1322 2626 et
1344 2599 1450 2626 oblatus
1472 2598 1535 2630 Deo,
1555 2602 1582 2625 et
1602 2598 1670 2624 bene
1689 2604 1720 2623 ac

937 2645 1015 2672 beate
1035 2645 1168 2676 habebat,
1184 2644 1325 2679 disciplina
1343 2645 1409 2680 legis
1426 2643 1596 2676 docel‘autus,
1613 2647 1640 2670 et
1658 2648 1718 2668 cum

937 2699 1001 2719 cura
1020 2691 1238 2725 indulgentiaque
1257 2695 1389 2718 tractatus
1404 2690 1530 2725 desuper.
1545 2690 1596 2717 Sed
1614 2695 1719 2716 rursum

937 2737 982 2765 ubi
1002 2738 1076 2773 prius
1095 2742 1152 2764 erat
1169 2735 1303 2769 avolavit,
1321 2741 1424 2764 tantum
1442 2744 1495 2765 non
1513 2744 1593 2765 manu
1611 2734 1721 2769 aucupis

122 2821 142 2836 ⁸⁷
157 2829 246 2858 Jnulic.
264 2838 312 2861 xx,
326 2827 440 2864 passim.
479 2829 501 2845 ⁵⁸
521 2827 552 2855 ιν
571 2828 635 2862 Reg.
654 2834 707 2861 xw,
723 2827 765 2854 i3.
804 2827 826 2842 “7
842 2825 940 2855 Ezeclt.
956 2833 1050 2859 nxtu,
1068 2825 1112 2854 i2.
1151 2826 1173 2842 ⁸³
1189 2825 1272 2858 lCor.
1289 2834 1315 2858 κ,
1330 2826 1369 2852 l2.
