1919 3042
235 148 285 176 231

749 143 778 171 S.
799 141 939 171 CYBILLI
957 139 1191 169 ALEXANDRINI
1207 138 1369 168 AllClllEP.

1815 132 1875 161 23?.

236 210 279 239 sui
301 210 418 244 elapsus.
438 207 542 236 Poteris
560 210 585 233 ct
604 205 656 233 alio
676 212 757 232 sensu
776 205 846 240 quod
867 203 967 232 dictum
987 207 1024 231 esl

1081 201 1151 237 έπτη
1168 201 1196 228 δὲ
1206 201 1347 236 πάλιν,ὲφ⁹
1361 200 1429 235 ὅπερ
1441 196 1475 234 ἦν
1489 199 1518 225 ὲν
1533 197 1643 233 ἀρχαῖς,
1663 194 1806 244 μονονουχὶ
1820 194 1874 227 τὴν

238 257 371 292 accipere.
389 254 477 281 Multa:
494 260 556 279 aves
575 251 692 279 climatis
715 251 757 279 sui
776 251 892 279 hiemem
912 257 965 277 non
987 249 1027 276 fe-

237 306 338 334 rentes,
355 301 441 328 aliena
456 303 560 334 petunt,
576 302 604 325 et
619 298 678 326 sine
692 298 820 333 magistro
834 296 898 333 quid
915 295 965 324 sibi
979 303 1027 323 ex—

237 348 328 384 pediat
355 348 503 377 noverunt,
529 348 610 379 prout
634 344 774 372 Conditori
801 343 911 378 placuit.
938 341 1026 370 Simili

237 393 317 420 modo
329 396 356 418 et
369 389 496 425 Ephrsim
511 390 666 418 bellicarum
679 390 863 418 calamitatum
876 394 950 418 metu
963 395 1027 424 per—

237 445 347 472 cussus,
363 437 389 464 in
402 435 550 472 {Egyptum
565 436 693 464 avolavit.

274 580 356 608 Vens.
369 580 412 608 12.
427 579 526 608 ϐίοι-ἔω
539 587 629 607 eorum
644 587 675 606 ea:
689 580 824 614 partubus,
837 583 861 606 et
877 578 1022 612 doloribus,

236 632 260 654 et
279 625 453 660 conceptibus.
471 624 561 657 Quare
579 625 682 651 etiamsi
702 625 843 651 nutrierint
862 623 932 658 ﬁlios
952 631 1024 656 suos,

237 674 292 700 sine
306 672 370 707 [iliis
385 677 460 699 erunt
476 679 507 698 επ
521 671 683 702 hominibus,
697 671 760 705 quia
774 676 797 697 et
814 678 852 697 va?
868 670 905 696 eis
922 675 971 697 est.

271 773 326 801 CV.
345 771 495 807 Aufugiens
510 771 546 799 ad
558 771 701 808 Egyptios
717 778 731 798 ιι
748 771 842 806 patriis
859 771 967 800 sedibus
985 771 1026 799 ls-

237 819 309 851 rael,
328 817 411 846 Deum
430 817 504 852 regni
522 817 594 844 illius
613 817 752 844 tutelarern
771 817 899 844 auxilium
917 819 1023 845 orabat.

235 862 306 889 Num
327 862 405 896 quasi
425 861 496 889 Deus
518 866 591 889 esset
611 861 776 894 imbecillus,
795 869 895 897 eosque
916 870 1025 890 servare

236 915 289 935 non
309 907 417 943 posset?
435 907 605 942 Neutiquam.
624 907 670 934 Est
691 907 762 934 enim
781 907 964 936 valentissima
978 908 1023 935 Di-

237 954 350 986 vinitas,
366 958 394 981 et
410 953 508 981 bellum
526 952 561 979 ab
575 952 695 987 Assyriis
714 953 858 981 imminens
876 955 1023 988 reprimere

235 999 315 1027 facile
327 1004 443 1034 poteral.
456 998 577 1033 Contigit
591 1003 681 1025 autem
696 999 753 1026 haec
767 999 870 1034 perpeti
885 999 1022 1033 Ephraim,

236 1045 292 1072 sive
308 1044 445 1078 lsraelem,
461 1045 522 1078 quia
540 1044 635 1071 relicto
651 1044 706 1071 Deo
722 1044 867 1077 salvatore,
882 1049 909 1071 et
923 1045 950 1071 in
966 1045 1024 1079 ipso

235 1097 268 1116 ac
282 1089 340 1117 solo
354 1088 486 1123 gloriandi
504 1088 585 1124 133
598 1088 810 1123 perseverantia,
824 1092 854 1114 ut
868 1095 898 1115 re
910 1087 966 1122 jam
979 1095 1024 1115 ve-

237 1135 287 1163 teri
300 1139 381 1170 atque
393 1135 512 1162 obsoleta
523 1153 530 1166 ,
545 1133 699 1168 posthabita
711 1153 719 1165 ,
733 1133 924 1162 existimabant
936 1141 984 1169 per
996 1142 1025 1162 se

236 1180 359 1208 hostibus
374 1179 558 1207 formidabiles
573 1179 647 1211 fore,
662 1186 712 1206 nec
725 1179 759 1206 ab
774 1179 806 1206 iis
821 1179 960 1207 subactum
975 1180 1024 1213 iri,

235 1232 296 1252 cum
315 1224 342 1251 in
361 1228 465 1251 tantam
483 1222 663 1258 frequentiam
684 1228 778 1250 essent
796 1224 886 1257 aucti,
904 1224 1024 1251 abunda-

237 1273 353 1303 reutque
377 1268 523 1295 liberorum
548 1266 720 1294 multitudine
743 1267 858 1294 infinita.
881 1267 1024 1295 Pariebant

236 1315 308 1343 enim
332 1314 458 1342 mulieres
479 1321 572 1341 eorum
597 1313 745 1341 secundum
766 1314 974 1348 promissionem
998 1319 1025 1342 et

236 1361 465 1393 benedictionem,
480 1359 572 1395 Moyse
586 1360 622 1387 ita
635 1359 781 1387 vaticinata
796 1367 802 1385 :
820 1367 830 1384 ε
849 1359 905 1385 Non
920 1360 971 1386 erit
985 1360 1026 1386 in-

236 1405 367 1438 fecunda,
387 1413 437 1434 nec
456 1404 557 1432 sterilis
578 1405 606 1432 in
629 1405 690 1432 filiis
707 1404 832 1432 Israel".
855 1414 865 1431 ι
886 1404 938 1432 Sed
958 1405 1026 1433 mire

241 1452 341 1479 fatuum
352 1454 408 1478 erat
419 1454 529 1485 propter
538 1449 735 1477 multitudinem
749 1457 891 1484 corporum
904 1454 1026 1477 conteru-

238 1503 303 1525 nere
317 1496 365 1524 Dei
382 1495 522 1523 auxilium.
537 1493 714 1529 Cogitandum
730 1495 782 1522 illis
795 1496 894 1530 potius,
908 1495 930 1523 si
946 1502 1026 1530 sape-

238 1546 309 1576 rent,
321 1550 381 1570 cum
396 1541 465 1576 ipso,
478 1545 506 1568 et
519 1547 566 1576 per
581 1541 668 1575 ipsum
682 1550 691 1566 ‹
707 1542 832 1575 persequi
847 1548 925 1575 posse
943 1547 1024 1568 unum

237 1587 327 1620 mille,
345 1591 372 1614 et
389 1587 456 1613 duos
473 1585 614 1621 fugaturos
629 1584 721 1612 decem
739 1585 821 1612 millia
834 1585 868 1612 7°.
887 1595 897 1611 ι
916 1585 1027 1613 Placent

238 1632 329 1667 itaque
344 1631 405 1665 sibi,
419 1636 446 1659 ct
457 1631 562 1666 jactant
575 1637 616 1663 se,
631 1630 728 1665 inquit,
743 1637 795 1656 non
810 1629 837 1656 in
854 1630 907 1657 Deo
919 1631 1028 1665 potissi-

238 1684 310 1704 tnum
320 1687 327 1710 ;
339 1678 385 1705 sed
398 1676 490 1712 gloriie
501 1676 550 1704 sibi
562 1676 664 1703 ducunt
674 1679 776 1710 partus,
788 1680 815 1702 et
825 1676 1025 1710 conceptiones,

236 1727 265 1751 ct
279 1722 384 1750 dolores
401 1721 608 1757 parturientium
623 1721 783 1748 feminarum
797 1727 917 1748 suarum.
934 1721 1028 1748 Sciant

238 1769 331 1804 igitur,
352 1768 456 1796 etiamsi
480 1767 622 1803 genuerint
643 1766 726 1799 filios,
750 1766 858 1793 etiamsi
881 1766 1029 1794 laborarint

238 1814 406 1842 cnutricntes
427 1812 536 1844 liberos,
558 1811 615 1839 fore
635 1815 663 1838 ut
686 1811 854 1845 paenitudine
875 1811 1026 1845 capiantur,

238 1868 298 1888 cum
319 1866 349 1886 se
370 1858 471 1885 frustra
493 1857 610 1884 viderint
633 1857 781 1885 laborasse.
803 1856 933 1884 Filiorum
955 1857 1028 1884 enim

237 1905 381 1932 orbitatem
396 1903 558 1930 omnimodis
575 1902 735 1937 plorabuut,
752 1906 779 1929 et
793 1902 898 1937 gladius
913 1902 1028 1937 Babylo-

238 1951 315 1978 uicus
336 1951 369 1977 ad
391 1949 476 1984 genus
498 1949 616 1983 ipsorum
636 1948 717 1976 facile
737 1948 882 1975 delendum
903 1948 1027 1975 subiciet.

240 2006 250 2023 ι
269 1996 336 2030 Quia
351 2000 380 2023 et
392 2002 430 2022 va:
445 1995 498 2022 illis
513 1999 563 2021 est.
582 2003 591 2020 ι
609 1993 691 2027 Quasi
706 1994 793 2026 dicat,
807 1993 863 2020 Deo
877 1994 902 2019 in
917 1993 977 2020 illos
990 2000 1029 2020 we

238 2042 378 2073 vibrante,
395 2041 455 2075 quis
476 2040 528 2067 illis
548 2039 669 2066 lmtitiam
690 2038 888 2073 suppeditabit?
906 2037 934 2065 Si
956 2039 1028 2065 enim

243 2096 252 2113 ι
273 2085 401 2114 clauserit
421 2090 516 2113 contra
539 2084 691 2117 hominem,
707 2084 769 2119 quis
788 2084 893 2120 aperiet
907 2083 950 2110 7‘?
970 2092 979 2110 ι
1000 2087 1029 2110 ut

240 2131 370 2166 scriptum
382 2135 481 2158 exstat.

274 2175 340 2204 CVI.
360 2175 430 2204 Caro
448 2184 506 2203 mea
523 2184 555 2203 ex
570 2175 618 2204 eis.

1077 248 1124 275 τοῦ
1141 248 1268 279 λαὸόντος
1291 249 1368 282 χεῖρα
1385 244 1548 280 διεκφυγών.
1570 244 1606 270 Ἦ
1629 243 1676 269 καὶ
1693 241 1755 268 καθ’
1773 240 1875 274 ἕτερον

1077 294 1177 329 τρόπον
1204 294 1330 329 συνήσεις
1354 292 1384 318 τὸ
1409 291 1565 327 εἰρημένον.
1582 289 1670 316 Πολλὰ
1693 287 1748 314 τῶν
1767 285 1876 321 ὀρνέων

1077 341 1139 372 τοὺς
1155 339 1317 375 ἐπιχωρίους
1332 337 1470 373 χειμῶνας
1487 337 1517 363 οὐ
1539 336 1665 371 φέροντα,
1680 334 1747 370 πρὸς
1769 331 1875 366 ἐτέρας

1079 387 1255 423 μεθίστανται
1274 384 1374 420 χώρας,
1390 384 1538 414 ἀδιδάκτως
1553 382 1649 417 ἔχοντα
1669 381 1718 416 τὴν
1733 378 1782 406 τοῦ
1799 386 1875 423 συμ-

1078 422 1206 468 φέροντος
1229 430 1342 465 γνῶσιν,
1367 430 1437 456 κατὰ
1461 429 1492 455 τὸ
1512 427 1606 454 δοκοῦν
1630 426 1669 462 τῷ
1693 422 1884 458 πεποιηκότιυ

1083 478 1154 504 Ἀλλ’
1177 479 1205 504 ὲν
1223 477 1273 512 ῐσῳ
1295 477 1388 512 τρόπῳ
1404 476 1451 502 καὶ
1466 477 1480 502 6
1498 474 1618 511 Ἐφρατμ
1632 473 1681 504 τὰς
1698 473 1731 498 ὲκ
1745 469 1871 505 πολέμου

1077 523 1172 556 δεδιὼς
1187 523 1331 559 συμφορὰς
1346 523 1455 556 ἀπέπτη
1469 521 1538 556 πρὸς
1553 519 1727 554 Αἰγυπτίους.

1108 570 1142 596 Αἱ
1165 569 1251 601 δόξαι
1276 567 1375 594 αὐτῶν
1396 567 1430 594 ὲκ
1457 567 1562 599 τόκων,
1590 565 1639 592 καί
1662 564 1790 596 ὠδίνων,
1819 561 1883 589 καὶ·

1077 615 1270 649 συλλήψεων.
1288 614 1364 640 Διότι
1388 613 1437 640 καὶ
1460 613 1514 640 ἐὰν
1537 611 1702 645 ἐκτρέψωσι
1720 610 1755 637 τὰ
1778 609 1874 636 τέκνα

1076 660 1185 692 αὐτῶν,
1209 658 1469 692 ἀτεκνωθήσονται
1486 657 1521 690 ἐξ
1536 656 1708 690 ἀνθρώπων,
1724 655 1801 682 διότι
1821 654 1872 681 καὶ

1076 706 1143 734 οὐαί
1162 706 1263 738 αὐτοῖς
1284 705 1349 731 ἐστι
1355 725 1361 731 .

1112 752 1171 779 ΡΕ¹.
1199 752 1316 788 Ἀπέδρα
1343 751 1411 787 πρὸς
1439 749 1602 784 Αἰγυπτίους
1627 749 1676 784 τὴν
1701 747 1873 782 ὲνεγκοῦσαν

1077 798 1156 832 ἀφεὶς
1172 799 1186 824 6
1208 797 1325 832 Ἰσραὴλ,
1340 796 1478 831 ἐπαμῦναι
1494 796 1523 822 τέ
1538 797 1562 822 οἰ
1577 794 1727 831 παρεκάλει
1740 794 1788 820 τὸν
1802 792 1873 819 Θεὸν

1075 843 1124 878 τῆς
1139 843 1229 878 χώρας
1243 843 1404 878 ἡγούμενον.
1424 840 1487 878 'Ap‘
1501 842 1538 873 ὡς
1553 840 1710 871 ἁτονοῦντος
1725 838 1808 872 Θεοῦ,
1824 835 1883 864 καί

1040 895 1060 921 Β
1077 887 1172 919 σώζειν
1185 888 1282 918 αὐτοὺς
1297 887 1345 922 οὐχ
1360 888 1416 914 οἴου
1427 895 1477 920 es;
1493 886 1640 921 Οῠμενουν.
1658 884 1803 915 Παναλκὲς
1816 883 1872 918 γὰρ

1073 933 1103 959 τὸ
1119 933 1205 965 Θείον,
1218 933 1264 959 καὶ
1280 933 1329 958 οὐκ
1341 933 1476 964 ἀνικάνως
1491 932 1561 967 ἔχον,
1582 932 1626 959 τὸν
1639 931 1694 958 τῶν
1715 930 1872 965 Ἀσσυρίων

1074 978 1245 1014 ἀποσοδῆσαι
1261 979 1387 1014 πόλεμον.
1403 978 1562 1013 Σνμὸέϐηκε
1577 978 1604 1004 δὲ
1624 976 1761 1004 τὰτοιάδε
1775 976 1870 1002 παθεῖν

1074 1025 1137 1057 τοὺς
1151 1025 1181 1057 ἐξ
1198 1024 1331 1060 Ἐφραῒμ,
1344 1024 1402 1060 ἦτοι
1416 1025 1461 1050 τὸν
1479 1024 1593 1059 Ἰσραὴλ,
1607 1024 1649 1050 ὅτι
1664 1023 1729 1049 Θεὸν
1754 1022 1871 1056 ἀφέντες

1074 1071 1120 1098 τὸν
1133 1071 1263 1104 σώζοντα,
1282 1071 1329 1098 καὶ
1355 1071 1385 1098 τὸ
1401 1072 1444 1097 ἐπ’
1461 1070 1534 1105 αὺτῷ
1551 1070 1582 1104 δὴ
1607 1069 1654 1096 καὶ
1672 1069 1745 1104 μόνῳ
1763 1067 1871 1103 μεγάλα

1075 1119 1182 1152 φρονεῖν
1197 1116 1371 1148 διατελῶντες
1384 1116 1420 1152 (ι)
1442 1116 1478 1147 ὡς
1496 1116 1588 1148 ἕωλον,
1604 1115 1687 1150 ᾤοντο
1703 1114 1777 1141 κατὰ
1801 1115 1870 1148 σφᾶς

1074 1161 1166 1194 δεινοὶ,
1185 1162 1378 1188 κκὶηὰνὰλωτοι
1391 1161 1553 1196 γενήσεσθαι
1567 1162 1622 1191 τοῖς
1637 1160 1756 1195 ἐχθροῖς,
1770 1159 1816 1185 διά
1830 1167 1870 1184 τοι

1075 1208 1106 1235 τδ
1128 1209 1168 1239 είς
1187 1207 1291 1242 πληθὺν
1307 1207 1467 1233 ἐκτετάσθαι
1484 1206 1593 1241 πολλὴν,
1619 1206 1666 1232 καὶ
1681 1205 1870 1240 ἀναρίθμητον

1076 1252 1148 1287 ἔχειν
1165 1253 1214 1288 τὴν
1234 1251 1423 1278 πολυπαιδίαν.
1448 1251 1574 1277 Ἔτικτον
1597 1251 1647 1285 μὲν
1673 1250 1728 1285 γὰρ
1751 1251 1780 1276 αἱ
1803 1249 1869 1285 παρ’

1076 1300 1166 1330 αὐτοῖς
1189 1299 1316 1332 γυναῖκες
1337 1298 1397 1324 κατ’
1423 1296 1599 1330 ἐπαγγελίαν,
1618 1296 1664 1323 καὶ
1687 1297 1716 1322 ὲν
1742 1296 1870 1329 εὐλογίας

1075 1344 1161 1376 τάξει,
1184 1343 1304 1374 Μωσέως
1333 1343 1538 1378 προειρηκότος,
1571 1352 1579 1368 ι
1593 1342 1648 1369 Οὐκ
1661 1342 1737 1369 ἔσται
1760 1342 1869 1376 ἄγονος,

1076 1389 1136 1416 οὐδὲ
1161 1391 1254 1424 στεῖρα
1273 1390 1302 1415 εν
1315 1388 1383 1420 υἱοῖς
1404 1389 1522 1424 Ἰσραήλ.
1542 1397 1552 1414 ι
1579 1388 1648 1414 Ἀλλ’
1662 1386 1695 1423 ἦν
1712 1387 1811 1422 εῦηοες
1823 1397 1870 1414 κο-

1078 1435 1152 1470 μιδῇ,
1166 1434 1208 1460 διὰ
1225 1434 1329 1468 πληθὺν
1344 1434 1478 1468 σωμάτων
1501 1433 1645 1469 ἀφειδῆσαι
1670 1433 1797 1468 βοηθείας
1819 1434 1869 1467 τῆς

1077 1481 1152 1515 παρὰ
1167 1479 1244 1506 Θεοῦ.
1273 1479 1412 1514 Ἐννοῆσαι
1436 1479 1464 1506 δὲ
1490 1479 1589 1514 μᾶλλον
1613 1479 1679 1514 ὀρθὰ
1702 1479 1870 1514 φρονοῦντας

1078 1526 1171 1560 ἐχρῆν,
1184 1526 1223 1551 ὅτι
1241 1525 1289 1551 σῦν
1303 1525 1377 1560 αὐτῷ
1391 1533 1420 1551 τε
1445 1525 1492 1551 καὶ
1506 1525 1539 1551 δι’
1555 1525 1636 1552 αὑτοῦ
1653 1535 1662 1550 ι
1676 1525 1808 1557 Διώξεται
1821 1526 1870 1559 μὲν

1079 1568 1118 1602 εἷς
1135 1569 1246 1605 χιλίους,
1263 1570 1310 1596 δύο
1323 1570 1350 1595 δὲ
1365 1570 1576 1604 μετακινήσουσι
1590 1570 1733 1604 μυριάδας.
1757 1580 1765 1595 ι
1787 1570 1871 1595 Ἄπιος

1079 1616 1254 1652 σεμνύνονται
1267 1615 1368 1647 τοίνυν,
1382 1617 1475 1650 φησιν,
1493 1616 1544 1641 οὐκ
1559 1617 1605 1641 ἐπὶ
1613 1615 1673 1650 Θεῷ
1687 1615 1798 1650 μᾶλλον,
1813 1623 1871 1641 ποι-

1078 1664 1171 1690 οῦνται
1185 1663 1213 1689 δὲ
1226 1662 1304 1694 δόξαν
1325 1661 1433 1693 τόκους,
1455 1661 1502 1687 καὶ
1528 1661 1682 1695 συλλήψεις,
1706 1661 1753 1687 καὶ
1771 1661 1871 1691 ὠδῖνας

1077 1710 1130 1736 τῶν
1147 1709 1211 1744 παρ’
1227 1707 1318 1738 αὐτοῖς
1332 1707 1480 1741 γυναικῶν.
1500 1707 1632 1733 Ίστωσαν
1644 1706 1676 1741 δὴ
1688 1705 1745 1738 οὖν,
1760 1707 1801 1732 ὅτι
1817 1706 1870 1732 κᾶν

1077 1756 1101 1781 εἰ
1118 1755 1220 1781 τέκοιεν
1235 1753 1319 1785 υἱοὺς,
1344 1752 1395 1778 κᾶν
1410 1753 1433 1778 εί
1451 1753 1565 1786 κάμοιεν
1581 1751 1760 1786 ἐκτρέφοντες
1773 1752 1870 1784 τέκνα,

1079 1800 1297 1837 μεταγνώσονται
1331 1798 1473 1829 πονοῦντες
1504 1797 1576 1834 εἰκῆ.
1610 1797 1782 1832 Θρηνήσουσι
1814 1797 1869 1832 γὰρ

1078 1847 1167 1882 πάντη
1181 1854 1211 1872 τε
1226 1846 1273 1872 καὶ
1291 1845 1402 1876 πάντως
1417 1844 1466 1880 τὴν
1487 1843 1624 1870 ἀπαιδίαν.
1648 1843 1772 1878 Ἀρκέσει
1784 1843 1813 1870 δὲ
1829 1843 1869 1875 ξί-

1078 1902 1127 1928 φος
1150 1893 1240 1924 αὐτοῖς
1255 1892 1284 1918 τὺ
1300 1891 1470 1918 Βαϐυλώνιον
1488 1891 1527 1921 εἰς
1545 1890 1574 1916 τὸ
1598 1890 1753 1924 δαπανῆσαι
1770 1890 1871 1925 ῥᾳδίως

1079 1940 1132 1966 πᾶν
1142 1939 1203 1965 ὅσον
1213 1937 1302 1964 αὐτῶν
1313 1937 1399 1972 γένος.
1417 1946 1425 1962 ι
1439 1936 1511 1962 Διόῖι
1525 1936 1570 1962 καὶ
1582 1936 1642 1962 οὐαὶ
1654 1937 1747 1967 αὐτοῖς
1757 1938 1840 1962 ἐστιν.
1856 1945 1866 1961 ι

1078 1984 1189 2020 Ὅμοιον
1205 1985 1241 2016 ὡς
1256 1985 1280 2010 εἰ
1297 1983 1381 2017 λέγοι,
1396 1982 1463 2008 Θεοῦ
1487 1983 1577 2013 αὐτοῖς
1596 1982 1824 2017 ἑπιρῤιπτοῦντυς
1840 1981 1870 2008 τὸ

1077 2031 1148 2062 οὐαὶ,
1168 2030 1210 2062 τίς
1224 2029 1351 2056 ἐπιδώσει
1364 2029 1413 2064 τὴν
1427 2028 1575 2063 εὑΟυμίαν;
1595 2028 1657 2054 Ἐὰν
1673 2028 1726 2063 γὰρ
1740 2037 1749 2053 ‹
1767 2028 1870 2062 κλείσῃ

1078 2077 1148 2103 κατὰ
1170 2075 1325 2111 ἀνθρώπου,
1343 2075 1385 2106 τίς
1410 2074 1530 2108 ἀνοίξει;
1560 2083 1570 2100 ι
1597 2073 1668 2100 κατὰ
1691 2074 1722 2100 τὸ
1746 2082 1870 2108 γεγραμ-

1080 2122 1169 2157 μένον.

1113 2166 1192 2200 Σάρξ
1205 2174 1264 2200 μου
1278 2165 1312 2197 ἐξ
1329 2165 1437 2192 αὐτῶν.

275 2223 394 2251 Minantc
416 2222 472 2250 Deo
492 2228 574 2258 atque
593 2223 675 2250 etiam
697 2221 804 2248 dicente
824 2220 858 2248 de
879 2219 1024 2255 Ephraim,

1112 2214 1181 2247 Pq’.
1209 2213 1395 2245 Ἀπειλοῦντυς
1420 2211 1499 2246 Θεοῦ,
1520 2211 1567 2238 καὶ
1591 2210 1622 2246 δὴ
1646 2210 1692 2236 καὶ
1717 2210 1869 2244 φάσκοντος

240 2271 297 2299 sive
313 2271 346 2298 de
363 2270 435 2298 omni
452 2269 545 2301 Israel,
564 2268 693 2295 radicitus
710 2265 870 2301 periturum,
890 2269 918 2293 et
935 2265 1026 2300 deplo-

239 2319 360 2343 raturum
375 2315 532 2345 orbitatem,
549 2313 789 2346 laboraturumque
805 2310 903 2338 frustra
919 2310 946 2338 in
962 2310 1026 2338 edu-

239 2361 347 2388 catione
359 2361 516 2390 liberorum,
530 2358 647 2392 scipsum
660 2358 790 2392 propheta
803 2357 837 2384 ab
849 2355 950 2383 ultione
964 2357 1026 2383 sub-

239 2406 328 2438 ducit,
341 2411 368 2433 et
385 2405 581 2433 immunitatem
599 2403 633 2430 ab
651 2403 689 2430 ira
708 2403 747 2430 sic
765 2408 890 2438 precatur
906 2412 914 2430 :
935 2402 1026 2430 «Caro

239 2459 299 2480 mea
313 2460 345 2479 ex
359 2452 409 2479 eis.
427 2459 436 2476 ι
453 2449 571 2484 Inlellige
588 2457 597 2474 ε
614 2456 647 2476 ex
660 2449 710 2481 eis,
728 2458 737 2475 ι
756 2448 848 2484 procul
863 2448 896 2475 ab
908 2448 957 2476 eis.
972 2448 1025 2475 Ex-

239 2503 280 2525 tra
297 2498 368 2530 illos,
381 2496 478 2531 inquit,
492 2496 576 2529 enim,
590 2499 617 2522 et
633 2503 712 2530 quam
729 2494 882 2530 longissime
898 2502 947 2529 ego
964 2495 1024 2526 sim,

239 2548 267 2571 et
291 2550 371 2571 omne
397 2549 481 2577 genus
506 2548 605 2569 meum.
626 2541 762 2569 Interdum
786 2541 858 2568 enim
881 2541 943 2568 huic
966 2541 1025 2568 voci

243 2599 252 2615 ι
276 2596 351 2621 caro,
379 2598 388 2614 ι
413 2587 519 2622 generis
540 2595 646 2622 quoque
668 2588 788 2622 subjecta
811 2593 852 2614 est
874 2587 959 2615 notio.
980 2586 1026 2613 Sic

240 2636 312 2663 enim
325 2639 353 2662 et
365 2635 429 2662 illud
441 2633 528 2666 Pauli,
541 2638 570 2661 ut
584 2637 654 2661 recte
667 2633 767 2660 dictum
780 2632 952 2666 accipiemus,
965 2638 1025 2659 cum

240 2680 336 2708 scribit
353 2689 360 2708 :
382 2689 392 2706 ι
413 2680 536 2714 Quandiu
556 2687 606 2715 ego
623 2680 730 2714 quidem
749 2686 806 2706 sunt
824 2677 945 2712 gentium
963 2683 1027 2711 apo-

1079 2258 1203 2295 περὶτοῦ
1228 2259 1356 2294 Ἐφραῒμ,
1373 2259 1431 2294 ἢτοι
1450 2259 1549 2289 παντὸς
1563 2257 1608 2284 τοῦ
1631 2256 1749 2291 Ἰσραὴλ,
1767 2255 1805 2286 ὡς
1823 2256 1869 2281 καὶ

1077 2305 1215 2341 aspergo;
1230 2305 1378 2337 ἀπολεῖται,
1393 2305 1440 2331 καὶ
1460 2305 1589 2340 Θρηνήσει
1605 2303 1655 2338 τὴν
1670 2302 1811 2333 ἀπαιδίαν,
1821 2301 1868 2328 καὶ

1079 2354 1190 2388 πονήσει
1215 2351 1303 2387 μάτην
1334 2351 1380 2377 ἐπὶ
1401 2352 1462 2382 ταῖς
1487 2350 1541 2376 τῶν
1571 2349 1672 2375 τέκνων
1689 2348 1866 2383 ἀνατροφαῖς,

1079 2398 1173 2425 ἑαυτὸν
1185 2399 1199 2424 6
1217 2398 1358 2433 προφήτης
1374 2396 1504 2431 ὑπεξάγει
1521 2396 1571 2431 τῆς
1586 2395 1674 2430 δίκης,
1700 2393 1754 2425 ἔξω
1778 2402 1807 2419 τε
1823 2401 1870 2426 γε-

1079 2445 1171 2473 νέσθαι
1184 2445 1232 2479 τῆς
1256 2443 1341 2479 ὀργῆς
1361 2443 1552 2478 προσεύχεται,
1569 2441 1671 2474 λέγων·
1694 2449 1703 2465 ‹
1730 2438 1804 2474 Σάρξ
1820 2446 1870 2472 μου

1080 2491 1109 2524 ἐξ
1126 2490 1224 2517 αὐτῶν.
1246 2499 1255 2515 ι
1273 2488 1308 2515 Τὸ
1325 2489 1353 2515 δὲ
1371 2499 1380 2515 ι
1401 2488 1429 2522 ἐξ
1443 2488 1532 2515 αὐτῶν
1554 2497 1562 2513 ι
1582 2487 1719 2521 συνήσεις,
1742 2485 1804 2511 ἀντὶ
1823 2483 1869 2510 τοῦ

1081 2534 1190 2570 μακρὰν
1205 2534 1252 2560 ἀπ’
1273 2533 1372 2561 αὐτῶν.
1391 2532 1464 2564 Ἐξω
1477 2531 1532 2567 γὰρ
1553 2531 1642 2558 αὐτῶν
1659 2531 1706 2557 καὶ
1730 2530 1869 2561 ἀποτάτω,

1081 2582 1172 2616 φησιν,
1197 2581 1277 2613 αὑτός
1292 2590 1321 2607 τε
1345 2581 1474 2615 γενοίμην
1497 2579 1562 2614 ἐγὼ,
1588 2579 1633 2605 καὶ
1655 2578 1684 2604 τὸ
1710 2577 1777 2612 ἐμὸν
1799 2577 1871 2603 ἅπαν

1079 2629 1166 2668 γένος..
1187 2628 1268 2664 Δηλοῖ
1284 2627 1339 2664 γὰρ
1353 2628 1408 2654 ἔσθ’
1423 2628 1467 2654 ὅτε
1485 2626 1532 2653 καὶ
1550 2626 1580 2653 τὸ
1595 2626 1672 2660 γένος
1691 2634 1700 2648 ο
1724 2625 1740 2660 ἡ
1759 2623 1836 2659 σάρξ.
1859 2632 1867 2648 ι

1087 2674 1263 2710 Ἑκδεξόμεοα
1278 2674 1331 2709 γὰρ
1344 2673 1414 2700 οὕτω
1425 2673 1471 2700 καὶ
1481 2673 1524 2700 διὰ
1538 2674 1585 2708 τῆς
1598 2671 1644 2698 τοῦ
1658 2670 1766 2698 Παύλου
1782 2669 1869 2705 φωνῆς

277 2771 299 2787 ⁸ο
312 2770 396 2798 Exod.
414 2778 491 2804 nm,
507 2770 552 2798 26.
591 2771 613 2787 ⁷ο
626 2771 703 2798 Deut.
720 2776 803 2802 χχχιι,
815 2767 860 2795 50.
898 2765 919 2782 τ’
939 2765 989 2792 lsa.
1010 2771 1075 2796 xxn,
1091 2763 1135 2790 22.

277 2860 313 2897 (1)
327 2861 385 2888 ’1σ.
399 2858 592 2895 διαπερῶντες.
