1919 3042
90 150 140 179 233

557 155 835 185 COMMENTARIUS
856 157 890 185 IN
910 158 1024 187 OSEAM
1046 161 1269 192 PROPHETAM.

1674 173 1726 202 255

90 206 174 243 ὀρθῶς
188 207 349 244 εἰρημένον.
367 211 495 246 Γέγραφε
509 211 562 247 γὰρ
576 212 636 239 ὠδί”
659 222 667 238 ι
692 213 749 248 Ἐφ’
761 215 823 258 ὅσον
837 214 869 249 μὲ

938 215 1033 249 stolus,
1045 218 1225 248 ministerium
1238 227 1327 248 meum
1341 221 1535 258 ltonorilieabo,
1548 225 1571 253 si
1584 234 1636 262 quo
1647 230 1726 257 modo

90 251 133 280 οὖν
156 253 211 287 ἐγώ
227 255 286 288 εἰμι
312 255 400 283 ἐθνῶν
425 257 582 289 ἀπόστολος,
599 258 648 293 τὴν
669 251 814 287 διακονίαν
834 268 884 294 μου

89 299 239 332 ὂοξάζω,εῐ
257 309 314 332 ,τως
341 302 533 337 παραζηλώσω
560 312 609 338 μου
632 304 681 339 τὴν
706 305 806 340 σάρκα,
838 306 886 332 καὶ

90 344 167 371 σώσω
182 345 258 376 τινὰς
273 346 302 378 ἐξ
318 347 417 374 αὐτῶν.
436 357 445 373 ι
467 348 546 379 Ἔθος
563 348 590 374 δὲ
606 350 661 379 τοῖς
675 349 762 383 ἁγίοις
777 351 883 386 προφή-

89 399 158 423 ταις,
179 390 243 417 ὅταν
261 391 337 418 ἴδωσι
361 393 498 424 πολλάκις
508 394 583 420 δεινὰ
611 395 658 421 καὶ
673 395 827 431 δυσφόρητα
851 396 884 422 τά

88 444 167 462 τινων
182 436 359 472 ἐγκλήματα,
375 438 467 464 λοιπὸν
491 439 524 465 τὰ
541 440 601 466 καθ’
619 441 731 472 ἑαυτοὺς
747 441 795 475 τῆς
813 442 884 468 ὲκεί-

89 489 140 506 νων
154 481 296 517 βδελυρίας
313 483 481 519 ἀλλοτριοῦν.
502 485 557 511 Καὶ
572 485 637 519 γοῦν
651 486 665 510 ὁ
677 487 820 521 προφήτης
837 486 884 514 Ἰε-

89 526 187 561 ρεμίας
217 527 354 560 πλείστοις
383 530 456 562 ὅσοις
477 530 639 566 αἰτιάμασιν
667 533 883 568 ὲμπεπτωκότας

88 573 151 604 τοὺς
176 573 334 607 Ἰουδαίους,
365 576 413 602 καὶ
435 575 494 611 Θεῷ
516 578 773 613 πρρσκεκρουκότας
800 579 881 614 ὀρῶν,

91 626 101 641 ι
112 617 211 653 Κύριε,
222 620 298 654 φησὶ,
312 621 521 657 παντοκράτωρ,
531 623 580 649 οὐκ
594 623 707 650 ἐκάθισα
716 625 745 650 ὲν
753 625 882 660 συνεδρίῳ

87 663 176 690 αὐτῶν
195 664 361 700 παιζόντων,
388 668 446 694 ἀλλ’
460 669 637 705 ηὐλαϐούμην
660 670 714 697 ἀπὸ
735 670 881 706 προσώπου

87 710 176 744 χειρός
192 719 239 737 σου
251 719 257 725 ·
284 713 439 748 καταμόνας
461 714 615 750 ἐκαθήμην,
630 716 670 743 ὅτι
689 717 803 753 πικρίας
835 717 881 743 ὲν-

88 754 236 791 επλὴσθην.
257 766 266 783 ι
282 759 328 783 Δεῖ
341 757 373 794 δὴ
394 757 440 786 οὖν
455 759 508 795 ἄρα
525 761 663 796 Θαυμάσαι
687 762 733 788 τὸν
747 762 882 798 μακάριον

88 800 205 833 Παῦλον,
222 803 286 829 ὅταν
299 804 366 838 ἡμῖν
381 805 535 841 ἐπιστέλλῃ·
552 816 561 832 ι
576 807 676 833 Σαυτὸν
693 808 775 841 ἁγνὸν
790 809 880 843 τήρει,

88 846 134 872 καὶ
148 847 185 882 μὴ
203 848 325 875 κοινώνει
340 850 488 885 ἁμαρτίαις
498 852 663 887 ἀλλοτρίαις,
684 862 694 878 ι
712 853 790 880 Εἴποι
811 853 833 879 δ’
847 853 881 880 ἂν

938 261 970 289 ad
987 263 1165 292 aemulandum
1183 273 1325 300 provocem
1344 274 1453 296 carnem
1471 278 1575 305 meam,
1593 261 1621 300 et
1637 274 1725 302 salvos

937 307 1033 334 faciam
1054 309 1158 344 aliquos
1178 318 1209 338 ex
1231 311 1284 339 illis
1297 313 1330 340 ".
1355 323 1363 338 ι
1386 314 1443 343 Mos
1463 324 1543 351 porro
1563 323 1603 346 est
1623 320 1725 347 sanctis

923 353 1091 394 prophetis,
1113 355 1133 381 si
1155 363 1225 389 saepe
1246 359 1336 392 gravia
1356 364 1380 386 et
1403 361 1572 390 intoleranda
1595 371 1724 399 quorum-

936 399 995 425 dam
1015 400 1115 427 scelera
1134 402 1267 436 viderint,
1286 404 1318 430 dc
1337 410 1433 435 czetero
1450 415 1479 434 se
1496 409 1530 435 ab
1547 409 1654 437 illorum
1673 412 1724 438 im—

919 443 1052 476 .purilate
1069 448 1095 471 et
1115 444 1231 478 nequitia
1251 446 1401 482 seiungere.
1421 449 1509 483 Quare
1526 451 1658 481 Jeremias
1675 453 1722 480 Ju-

936 488 1006 515 dznos
1021 489 1046 515 in
1063 489 1177 522 plurima
1194 490 1290 518 delicta
1307 493 1459 528 prolapsos,
1475 500 1503 523 et
1518 497 1601 525 Deum
1619 499 1721 527 laesisse

934 541 1057 566 cernens,
1068 544 1077 559 1
1088 534 1200 562 Domine
1209 536 1387 571 omnipotens,
1400 548 1409 565 ι
1419 539 1465 572 ait,
1477 550 1486 567 ι
1497 549 1548 570 non
1558 545 1612 571 sedi
1623 545 1648 572 in
1657 554 1722 574 con-

934 579 996 607 cilio
1005 580 1164 613 ludentium,
1175 582 1220 609 sed
1231 582 1306 610 timui
1315 591 1328 609 a
1339 583 1407 611 faeie
1418 593 1511 614 manus
1523 592 1587 622 tuae;
1598 597 1720 618 seorsum

936 624 1016 660 139
1028 625 1163 658 sedebam,
1178 626 1239 660 quia
1253 627 1435 656 amaritudine
1448 630 1564 664 repletus
1576 633 1692 661 eram".
1708 644 1717 660 ι

933 670 1115 697 Admirandus
1130 675 1171 698 est
1185 671 1277 706 itaque
1292 672 1385 700 beatus
1399 673 1508 708 Paulus,
1523 679 1630 711 quando
1644 678 1721 706 nobis

933 715 968 743 ita
985 716 1093 742 mandat
1106 724 1112 742 :
1129 725 1139 742 ι
1155 715 1193 744 Te
1208 717 1295 751 ipsum
1309 723 1412 746 castunt
1427 721 1543 754 custodi,
1557 726 1584 750 et
1599 730 1632 750 ne
1645 731 1720 752 com-

933 762 1053 789 munices
1073 762 1189 796 peccatis
1208 762 1305 790 alienis
1316 764 1350 791 7".
1372 774 1381 790 ι
1400 765 1496 794 Omnis
1514 772 1603 796 aulem
1622 769 1721 804 impius

933 808 964 834 de
979 807 1175 835 offendentibus
1190 808 1284 842 Deum,
1297 814 1324 837 et
1338 818 1398 838 mox
1415 812 1557 846 puniendis
1570 814 1631 849 jure
1643 815 1720 842 dixe-

933 854 965 880 rit
982 863 988 880 :
1008 863 1017 879 ‹
1034 853 1103 880 Caro
1120 860 1177 881 inea
1192 862 1223 889 ex
1241 855 1290 882 eis.
1310 865 1318 880 ι

1067 899 1078 906 -ρ

88 892 201 924 εἰκότως
227 894 282 925 πᾶς
308 894 408 931 ἀσεϐὴς
429 897 492 931 περὶ
519 898 573 924 τῶν
602 899 825 934 προσκρουόντων
841 898 880 933 τῷ
899 897 968 934 Θεῷ,
988 899 1033 925 καὶ
1065 899 1125 925 ὅσον
1157 899 1262 926 οὐδέπω
1279 900 1531 937 κολασθησομένων,
1552 914 1561 930 ‹
1579 904 1651 940 Σάρξ
1668 912 1718 940 μου

87 935 114 968 ἐξ
129 936 229 962 αὐτῶν.
250 947 259 962 ι

125 983 252 1018 Ἐρριιῒμ
267 985 304 1011 ὃν
312 986 423 1019 τρόπον
439 986 528 1019 εἶδον,
541 990 585 1021 εὶς
595 989 689 1023 θήραν
705 990 870 1024 παρέστησε

965 987 1046 1013 Vsus.
1062 987 1105 1014 15.
1123 987 1256 1022 Epltraim,
1275 990 1342 1016 sicut
1362 991 1424 1023 vidi,
1442 991 1469 1019 in
1487 994 1630 1027 captionem
1647 1002 1717 1028 pra:-

85 1028 119 1054 τὰ
135 1028 229 1056 τέκνα
245 1031 349 1062 αὐτοῦ,
371 1033 424 1060 τοῦ
440 1033 597 1068 ἐξαγαγεῖν
614 1037 658 1069 εὶς
674 1036 878 1064 ἀποκέντττσιιν

84 1074 118 1099 τὰ
134 1073 228 1101 τέκνα
249 1077 352 1104 αὐτοῦ.

117 1120 178 1146 PZ’.
199 1122 346 1154 Ταλανίζει
365 1125 412 1151 καὶ
429 1124 475 1152 νῦν
490 1126 503 1152 ὁ
519 1125 662 1162 προφήτης
681 1128 727 1155 τὸν
747 1129 875 1164 Ἐφραῒμ,

84 1164 139 1199 ἤτοι
151 1165 198 1191 τὸν
222 1167 342 1202 Ἰσραὴλ,
356 1169 436 1196 αὐτόν
447 1179 476 1197 τε
492 1172 618 1205 γενέσθαι
632 1173 773 1209 παραίτιον
788 1175 877 1210 ἑαυτῷ

84 1218 146 1244 φησι
157 1211 207 1237 καὶ
218 1212 269 1247 τῆς
279 1214 420 1248 ἀπαιδίας,
433 1216 479 1243 καὶ
493 1217 543 1252 τῆς
555 1218 705 1253 ἀνηκέστου
719 1220 872 1255 συμφορᾶς.

88 1255 129 1286 Ὠς
145 1257 201 1292 γὰρ
212 1258 345 1294 τεθέαμαι
362 1261 408 1287 καὶ
419 1262 450 1289 ἐκ
464 1262 518 1289 τῶν
534 1263 587 1291 σῶν
600 1264 697 1299 λόγων,
707 1260 729 1292 ὧ
740 1265 874 1298 Δέσποτα,

82 1302 157 1335 φησὶ,
176 1303 226 1328 καὶ
246 1304 300 1330 ἀπό
322 1314 354 1339 γε
375 1307 428 1334 τῶν
453 1309 623 1344 πραγμάτων
640 1310 739 1345 αὐτῶν,
757 1312 839 1344 αὐτὸς
861 1313 876 1340 ό

87 1346 206 1383 Ἐφραῗμ
223 1349 264 1380 εἰς
282 1350 377 1385 θήραν,
393 1353 439 1378 καὶ
454 1354 634 1390 ἀποκέντησιν
644 1355 678 1382 τὰ
693 1357 790 1384 ἑαυτοῦ
806 1367 875 1394 παρ-

81 1391 177 1428 ἔστησε
192 1395 286 1422 τέκνα.
305 1397 360 1423 Καὶ
383 1399 432 1425 οὐκ
451 1399 484 1426 ἂν
505 1399 614 1435 ἐτέρους
639 1402 747 1437 αἰτιῷτο
771 1391 872 1437 λοιπὸν,

80 1438 131 1464 οὐδ’
143 1438 178 1465 ἂν
193 1440 245 1475 τῆς
259 1440 336 1473 θείας
351 1444 546 1480 καταϐοήσειεν
561 1447 655 1482 ὀργῆς,
680 1449 704 1474 εἰ
727 1449 760 1475 τὰ
782 1449 873 1476 εἰκότα

81 1486 187 1518 φρονεῖν
198 1485 298 1513 ἕλοιτο.
314 1488 470 1517 Αίτιάσεται
483 1491 511 1517 δὲ
524 1492 624 1526 μᾶλλον
637 1493 686 1529 τὴν
700 1495 796 1522 ἑαυτοῦ
811 1495 873 1522 δυσ-

80 1529 188 1556 ϐουλίαν
213 1532 262 1558 καὶ
279 1533 438 1563 ἀπόστασιν.
463 1537 572 1574 Ἐπειδὴ
597 1539 651 1575 γὰρ
667 1540 820 1577 λελύπηκεν
841 1543 870 1569 οὐ

82 1576 199 1610 μετρίως
217 1577 264 1603 τὸν
282 1579 457 1615 ὲπαμύνοντά
480 1591 510 1609 τε
526 1585 572 1611 καὶ
590 1585 711 1617 σώζοντα
733 1587 808 1621 Θεὸν,
824 1597 872 1623 μο-

81 1622 186 1670 νονιῖδχὶ
208 1624 256 1650 καὶ
281 1625 334 1660 ἰδίᾳ
351 1628 422 1663 χειρὶ
448 1630 639 1664 παραδέδωκεν
665 1633 736 1660 ἑκὼν
761 1635 794 1670 τῇ
817 1622 870 1662 τῶν

80 1665 163 1694 ἐθνῶν
183 1668 328 1704 ἀγριότητι
347 1672 378 1698 τὸ
396 1673 461 1699 ἴδιον
483 1675 604 1711 σπέρμα,
628 1679 675 1704 καὶ
700 1665 870 1716 παρέστησεν

80 1712 289 1750 εξςλάπαγωγὴν
318 1717 364 1743 καὶ
379 1719 578 1754 αἰχμαλωσίαν.
593 1723 677 1749 Τοῦτο
689 1712 745 1760 γάρ
760 1712 820 1751 ἐστι
838 1725 868 1752 τὸ

81 1765 90 1804 ι
107 1758 147 1787 εἰς
164 1757 266 1793 θήραν,
285 1769 294 1786 ι
313 1762 359 1788 καὶ
383 1763 435 1798 μὴν
459 1764 506 1791 καὶ
523 1775 533 1791 ‹
556 1767 595 1798 εἰς
609 1757 803 1804 ἀποκέντησιν,
826 1780 836 1797 ι
854 1771 869 1797 ὃ

78 1801 132 1828 ἐστι
146 1805 268 1839 σφαγήν.
286 1805 355 1838 Τοὺς
367 1807 416 1842 μὲν
424 1809 477 1845 γὰρ
491 1810 595 1839 ἀνεῖλον
606 1813 630 1838 οἱ
641 1801 805 1841 Βαϐυλώνιοι
815 1816 868 1844 τῶν

83 1846 191 1882 Ἰσραήλ
201 1857 208 1862 ·
227 1850 290 1881 τοὺς
306 1850 334 1877 δὲ
351 1852 522 1888 ὰπεκόμισαν
539 1856 579 1887 εἰς
593 1857 641 1891 τὴν
655 1858 770 1886 ἑαυτῶν.

111 1893 195 1919 Ὅταν
210 1895 301 1922 τοίνυν
315 1897 368 1932 πλη
373 1899 520 1935 μμελῶμεν
533 1902 623 1937 ἡμεῖς,
639 1903 753 1936 ἑαυτοὺς
768 1905 867 1941 μᾶλλον

77 1939 255 1975 αἰτιασόμεθα
270 1943 433 1977 φρονοῦντες
449 1946 546 1981 ὀρθῶς,
570 1949 617 1976 καὶ
637 1950 698 1985 οὐχὶ
718 1939 773 1987 τὴν
792 1952 868 1980 θείαν

75 1984 168 2032 ἀργήν.
191 1986 489 2026 Καταπεφρονήκαμεν
509 1996 563 2029 γὰρ
581 1995 628 2022 τοῦ
645 1984 806 2032 πρέποντος,
819 1999 867 2026 καὶ

76 2030 379 2079 ρᾲθυμοιῂγεγενήμεθα
393 2037 455 2073 περὶ
468 2038 497 2065 τδ
511 2040 622 2067 ἁνδάνον
636 2030 674 2077 τῷ
694 2043 763 2079 Θεῷ.
779 2045 867 2072 Κολά-

75 2075 167 2106 ςεσθαι
188 2076 218 2104 δὲ
243 2079 351 2116 ἀνάγκη
376 2081 421 2108 τὸν
439 2081 581 2120 ὑϐριστὴν,
607 2075 793 2123 καὶ-ἐξήνιον,
818 2091 866 2117 καὶ

75 2123 214 2167 μονονουχὶ
221 2123 337 2158 λέγοντα
352 2126 391 2162 τῷ
404 2127 512 2155 πάντων
523 2130 672 2167 Δεσπότῃ’‹
690 2133 808 2161 Ἀπόστα
817 2135 864 2162 ἀπ’

74 2165 149 2200 ἐμοῦ,
163 2167 242 2200 ὁδούς
257 2177 306 2196 σου
323 2171 423 2199 ειδέναι
437 2173 467 2199 οὐ
485 2165 656 2210 βούλομαι...)

105 2212 162 2259 θός
177 2214 283 2248 αὐτοῖς
300 2217 400 2251 Κύριε.
427 2219 458 2245 Τί
474 2219 581 2254 δώσεις
595 2223 714 2257 uda-07¢;
738 2225 791 2259 δῦς
812 2228 864 2256 αὺ-

72 2255 130 2288 τοῖς
151 2257 274 2291 μήτραν
302 2260 493 2290 ἀτεκνοῦσαν
516 2266 565 2292 καὶ
581 2255 718 2302 μαστοὺς-
741 2255 862 2305 ξηροὺς.

105 2301 169 2328 PH'.
192 2302 223 2328 Εἰ
240 2303 272 2338 δὴ
292 2304 423 2339 μέλλοιεν,
447 2310 539 2343 φησὶν,
564 2312 614 2338 οὐκ
635 2301 731 2340 εἰδέναι
756 2301 822 2342 Θεὸν
837 2301 863 2343 οἱ

77 2345 200 2397 Ἰσραὴλ,
228 2349 417 2386 ἀποφέρεσθαι
441 2353 470 2380 δὲ
499 2355 598 2389 μᾶλλον
628 2357 696 2393 πρὸς
735 2360 860 2397 ἀνωφελῆ

71 2391 116 2417 καὶ
135 2391 254 2427 ἀνόητον
268 2394 376 2429 ἐλπίδα,
392 2396 496 2424 οἴεσθαί
514 2408 542 2425 τε
562 2400 602 2427 ὅτι
621 2391 791 2438 περιέσονται
806 2391 861 2433 τῶν

69 2435 185 2471 ἐχθρῶν,
196 2438 242 2465 διὰ
256 2440 359 2475 πλῆθος
373 2442 485 2476 τέκνων,
496 2446 543 2472 καὶ
556 2446 597 2473 ὃτι
611 2435 677 2475 πολὺ
694 2451 758 2485 παρ’
769 2452 861 2484 αὐτοῖς

69 2482 96 2507 τὸ
104 2483 225 2518 μάχιμον
242 2485 329 2519 γένος,
345 2487 446 2523 ταύτης
459 2498 488 2516 τε
501 2490 582 2518 ἕνεκα
590 2493 639 2527 τῆς
653 2482 742 2527 αἰτίας
755 2497 803 2523 οὐκ
814 2482 859 2524 ἀνί

68 2529 180 2577 αγκαῖον
195 2529 228 2555 τὸ
238 2531 316 2565 παρά
327 2532 376 2568 τῆς
397 2534 444 2569 σῆς
453 2535 657 2571 ὲπικουρείσθαι
670 2541 771 2576 χειρὸς,
791 2543 859 2577 μηδὲ

70 2573 235 2601 τικτέτωσαν
244 2575 314 2608 ὅλως
324 2578 350 2603 αἱ
360 2579 520 2614 παράὺτοῖς
530 2584 668 2615 γυναῖκες.
682 2573 772 2612 Τοῦτο
779 2573 857 2623 ᾖὰρὴ

66 2618 216 2647 ἀτεκνοῦσα
228 2622 397 2658 μήτρα.Κᾶν
409 2626 432 2651 εὶ
442 2626 545 2654 τέκοιεν
560 2628 599 2660 δὲ,
619 2630 656 2666 μὴ
673 2618 858 2668 ἀνατρειρέτωί

66 2667 265 2700 σαν,τουτέστι,
288 2668 504 2699 δαπανάσθωσαν
519 2674 572 2709 πρὸ
584 2674 665 2710 ὧρας,
681 2677 729 2703 καὶ
744 2679 857 2714 πρὶνείς

63 2710 131 2746 ἥϐην
141 2712 232 2739 ἐλθεῖν
251 2715 378 2742 πιπτέτω
396 2716 425 2743 τὸ
450 2719 537 2752 γένος.
550 2710 789 2759 Περιτεμνομένης
802 2710 857 2761 γὰρ

63 2757 131 2784 οὕτω
137 2758 186 2794 τῆς
194 2759 311 2795 ἐνούσης
317 2762 407 2793 αὐτοῖς
413 2764 536 2792 ἐντεῦθεν
544 2757 757 2802 ὑπεροψίας,καί
766 2757 857 2798 λοιπὸν

101 2845 124 2861 ⁷¹
138 2847 218 2876 Rom.
234 2858 274 2879 ιι.
292 2851 336 2882 15,
352 2851 396 2880 Η.
435 2855 458 2870 ⁷³
474 2855 530 2884 Jer.
547 2865 592 2892 xv,
608 2861 650 2887 Π.
689 2861 711 2877 ⁷³
723 2861 732 2888 l
746 2861 848 2898 Tim.v,
866 2865 900 2893 22

219 2896 361 2928 PATROL.
387 2899 443 2931 Gn.
469 2903 577 2935 LXXI.

884 1667 907 1698 C

886 2884 901 2893 α

928 1032 983 1059 buit
997 1033 1065 1066 ﬁlias
1079 1041 1153 1065 suos,
1165 1038 1193 1061 αι
1206 1035 1324 1062 educeret
1335 1036 1368 1062 ad
1381 1037 1546 1071 punctionem
1560 1039 1631 1073 ﬁlios
1643 1048 1714 1068 suos.

963 1117 1039 1145 CVll.
1056 1117 1141 1146 Deﬂet
1154 1119 1234 1147 etiam
1251 1129 1321 1148 nunc
1336 1122 1473 1156 Ephraim,
1488 1124 1544 1151 sive
1559 1124 1641 1154 lsrael
1655 1134 1716 1162 pro-

927 1164 1018 1198 pheta,
1031 1169 1057 1191 el
1072 1164 1158 1199 ipsum
1170 1165 1220 1193 sibi
1232 1173 1340 1194 causam
1354 1167 1477 1196 attulisse
1488 1170 1618 1204 praedicat
1629 1177 1656 1199 et
1668 1180 1715 1200 or-

927 1209 1019 1237 bitatis
1036 1210 1164 1244 ﬁliorum,
1178 1215 1206 1238 et
1221 1211 1384 1240 calamitatis
1401 1213 1576 1248 gravissimae.
1593 1215 1628 1244 Ut
1643 1217 1714 1244 enim

926 1255 980 1283 vidi
994 1263 1026 1283 ex
1041 1256 1211 1284 sermonibus
1226 1257 1288 1290 tuis,
1301 1257 1425 1292 Domine,
1438 1259 1534 1294 inquit,
1547 1265 1574 1288 et
1586 1268 1620 1289 ex
1635 1262 1715 1291 rebus

927 1301 1001 1336 ipsis,
1016 1302 1074 1336 ipse
1087 1302 1225 1336 Ephraim,
1238 1307 1265 1330 et
1281 1303 1429 1338 capiendos
1453 1309 1481 1332 et
1495 1306 1670 1335 trucidandos
1684 1308 1715 1335 [i-

926 1346 975 1374 lios
992 1353 1054 1373 suos
1072 1346 1196 1382 praebuit,
1213 1354 1264 1374 nec
1281 1347 1348 1376 alios
1364 1347 1494 1384 deinceps
1510 1350 1649 1379 criminari
1667 1360 1714 1388 po-

926 1392 996 1425 terit,
1013 1399 1061 1420 nec
1079 1392 1177 1420 divinae
1194 1393 1241 1421 irae
1258 1394 1464 1429 reclamaverit;
1482 1397 1529 1424 sed
1547 1397 1569 1424 si
1587 1405 1620 1425 ex
1636 1406 1714 1434 atquo

924 1441 952 1465 et
969 1437 1043 1472 justo
1062 1445 1118 1466 rem
1138 1439 1272 1466 estimare
1290 1439 1417 1474 voluerit,
1436 1448 1513 1469 suam
1535 1443 1625 1478 potius
1647 1444 1714 1472 iusi-

924 1483 1053 1517 pientiam
1071 1489 1099 1511 et
1119 1485 1282 1520 apostasiam
1302 1486 1451 1514 accusabit.
1471 1487 1616 1524 Postquam
1638 1490 1711 1518 enim

923 1529 1098 1563 cpitulantem
1122 1535 1149 1558 et
1171 1535 1326 1559 servantem
1352 1531 1436 1560 Deum
1460 1541 1515 1562 non
1539 1534 1713 1563 mediocriter

922 1574 1047 1608 oliendit,
1066 1580 1168 1603 tantum
1187 1583 1239 1604 non
1258 1578 1339 1605 etiam
1358 1585 1439 1606 manu
1457 1586 1505 1607 sua
1523 1586 1614 1608 semen
1632 1588 1712 1608 suum

923 1620 1032 1647 s:eviti:c
1047 1621 1166 1655 gentium
1179 1621 1272 1649 volens
1287 1623 1466 1657 contradidit,
1482 1628 1510 1651 et
1525 1624 1551 1652 in
1567 1625 1709 1660 captivita-

923 1669 977 1692 tem
993 1665 1177 1694 abducendum
1192 1667 1322 1696 exhibuit.
1336 1668 1393 1696 Hoc
1407 1669 1479 1696 enim
1493 1670 1559 1703 vult,
1576 1679 1586 1697 ι
1605 1671 1630 1698 in
1662 1679 1711 1700 ca-

923 1711 1054 1745 ptionem,
1075 1721 1084 1738 ι
1103 1712 1168 1746 quin
1183 1718 1210 1740 et
1228 1722 1238 1739 ‹
1257 1714 1290 1741 ad
1305 1715 1506 1749 punctionem,»
1524 1716 1550 1743 id
1565 1717 1709 1752 est,adju-

920 1757 1092 1792 gulationem.
1117 1759 1190 1786 Alios
1213 1759 1313 1795 quippe
1337 1761 1371 1789 de
1396 1760 1526 1791 Israelitis
1550 1764 1709 1791 occiderunt
1761 1770 1768 1776 ‘

919 1801 1070 1838 Babylonii,
1086 1803 1154 1832 alios
1168 1811 1259 1832 secum
1275 1805 1475 1834 abstraxerunt.

954 1894 1021 1921 Cum
1038 1895 1120 1928 igitur
1133 1896 1345 1929 peceaverimus,
1359 1896 1380 1924 si
1395 1904 1448 1924 non
1465 1897 1624 1933 desipimus,
1641 1907 1706 1928 n05-

919 1941 1047 1975 metipsos
1066 1941 1166 1974 potius,
1186 1948 1237 1967 non
1259 1942 1325 1968 iram
1349 1941 1395 1969 Dei
1417 1943 1616 1972 damnabimus.
1632 1945 1706 1974 Con-

919 1987 1075 2020 tempsimus
1096 1987 1167 2014 enim
1189 1987 1316 2020 olﬁeium,
1335 1993 1362 2016 et
1382 1988 1409 2016 in
1433 1989 1479 2016 Dei
1501 1990 1638 2019 voluntate
1656 1999 1705 2020 ex-

917 2031 1051 2066 sequenda
1080 2039 1175 2068 segnes
1204 2032 1314 2061 fuimus.
1341 2033 1516 2070 Contemptor
1542 2041 1650 2070 autem,
1677 2043 1705 2066 et

917 2084 1073 2110 contumax,
1087 2084 1113 2106 et
1129 2079 1322 2113 propemodum
1338 2080 1393 2108 Deo
1409 2081 1501 2110 dicens
1517 2091 1524 2110 :
1542 2092 1551 2108 ι
1568 2082 1673 2112 Recede
1688 2092 1704 2112 ξι

917 2131 969 2155 me,
983 2124 1040 2151 vias
1055 2129 1115 2151 tuas
1129 2125 1198 2152 seire
1213 2125 1273 2153 nolo
1284 2125 1320 2160 ",
1337 2135 1347 2153 ι
1366 2128 1517 2162 puniendus
1531 2133 1584 2157 est.

953 2230 1033 2257 VERS.
1050 2230 1092 2257 M.
1110 2230 1151 2257 Da
1166 2231 1215 2263 eis,
1232 2230 1351 2258 Domine.
1368 2232 1439 2265 Quid
1455 2233 1529 2262 dabis
1544 2235 1601 2262 eis?
1615 2239 1650 2264 da
1665 2237 1703 2265 eis

914 2275 1017 2302 vulvam
1033 2275 1088 2302 sine
1100 2275 1163 2310 ﬁliis
1179 2281 1201 2302 et
1218 2277 1297 2303 ubera
1313 2278 1424 2304 arentia.

950 2320 1040 2348 CVIII.
1055 2320 1084 2349 Si
1097 2328 1148 2348 nou
1160 2322 1246 2348 scient
1259 2322 1400 2349 Dominum
1413 2323 1550 2357 Israelita,
1564 2325 1700 2361 abripien-

916 2369 1013 2401 turque
1026 2367 1112 2400 magis
1124 2373 1173 2401 spe
1186 2367 1274 2394 inutili
1285 2371 1313 2395 et
1325 2367 1478 2402 insipienti,
1490 2370 1701 2399 existimabunt-

916 2419 967 2446 que
979 2420 1009 2440 se
1022 2412 1142 2440 ltostibus
1155 2417 1263 2448 propter
1276 2411 1472 2442 multitudinem
1489 2415 1604 2443 ﬁliorum
1618 2425 1700 2452 supe-

914 2458 1001 2486 riores
1013 2458 1081 2489 fore.
1094 2463 1121 2486 et
1135 2467 1164 2486 se
1178 2459 1340 2487 miiitaribus
1353 2459 1418 2487 viris
1430 2461 1576 2494 abundare,
1590 2467 1617 2489 et
1631 2463 1699 2490 lianc

914 2504 948 2531 ob
967 2511 1074 2531 causam
1095 2512 1191 2532 manus
1211 2509 1262 2532 tua:
1279 2505 1386 2532 auxiliis
1404 2513 1456 2533 non
1474 2513 1570 2540 egere,
1588 2509 1699 2536 omnino

914 2556 947 2577 ne
965 2549 1071 2583 pariant
1089 2549 1214 2578 mulieres
1231 2550 1348 2583 illorum,
1365 2551 1417 2578 hoc
1433 2551 1504 2578 enim
1521 2555 1572 2583 est,
1591 2562 1599 2577 ι
1620 2554 1697 2580 vulva

913 2595 971 2622 sine
985 2595 1086 2622 liberis.
1103 2604 1112 2621 ι
1127 2595 1202 2628 Quod
1218 2595 1240 2622 si
1257 2596 1420 2631 pepererint,
1435 2604 1467 2624 ne
1481 2597 1563 2630 alant,
1580 2598 1630 2626 hoe
1645 2605 1696 2630 est,

911 2641 1088 2667 absumantnr
1104 2646 1167 2668 ante
1186 2645 1300 2675 tempus,
1321 2645 1348 2668 et
1368 2642 1522 2676 priusquam
1545 2650 1628 2670 annos
1648 2652 1697 2676 pu-

909 2684 1022 2713 bertatis
1037 2686 1166 2721 attingat,
1182 2687 1286 2714 occidat
1300 2694 1394 2722 genus.
1411 2687 1456 2715 Sic
1471 2683 1542 2716 enim
1559 2694 1695 2724 amputata

910 2737 962 2763 qua
977 2730 1040 2757 hinc
1053 2735 1208 2759 tumeseunt
1219 2731 1359 2766 superbia,
1373 2731 1452 2768 140
1464 2737 1491 2760 et
1503 2733 1607 2761 sublata
1620 2734 1696 2762 dein-

910 2782 974 2810 ceps
988 2783 1034 2810 spe
1048 2776 1074 2803 in
1088 2777 1166 2812 copia
1181 2777 1249 2806 bello
1263 2777 1418 2806 idoneorum
1432 2779 1561 2814 reposita,
1574 2781 1608 2808 ad
1622 2785 1694 2809 luam

904 2886 911 2894 .
950 2867 972 2883 ⁷⁵
984 2867 1033 2897 Job
1052 2877 1108 2903 nt,
1124 2870 1165 2897 Μ.
