1919 3042
203 134 258 163 255

204 194 395 230 indulgentiam
412 194 576 228 confugient,
593 197 620 221 et
638 197 663 221 te
680 193 847 222 Salvatorem
865 196 989 229 Iibct'alo-
1005 202 1024 229 Α

204 249 314 275 remque
324 241 505 267 vindicabunt.
515 239 576 266 [hec
587 247 667 273 porro
681 247 751 267 nunc
761 241 843 268 etiam
855 249 886 268 ex
899 249 990 269 amore

204 287 249 313 Dei
267 287 393 320 loquitur,
409 291 434 312 et
451 285 531 312 simul
547 285 652 312 Domini
669 286 711 313 sui
726 286 849 320 gloriam.
867 291 894 314 et
909 287 990 315 Israe-

203 333 309 359 litarutn
328 337 447 358 coactam
465 331 670 359 conversionem
688 332 785 366 quaerit
818 333 839 359 si
858 333 943 366 ultro,
962 339 988 360 et

201 386 261 404 eum
277 377 353 403 bona:
364 377 509 404 voluntatis
521 377 608 405 l‘ruetu
621 379 738 406 conveni
753 379 847 406 nolim.

235 516 318 544 Vulva
332 522 422 544 autem
435 517 545 550 sterilis,
557 522 583 544 et
597 518 678 544 ubera
692 518 796 544 arentia
810 517 987 552 spiritualiler

197 564 280 591 etiam
301 564 470 598 quadrabnnt
493 563 518 590 in
541 563 625 589 malus
647 563 797 597 operarios,
818 568 844 589 ct
864 563 986 598 quemvis

197 615 345 642 errantem,
361 614 388 637 et
405 617 419 636 a
439 615 510 636 recta
527 609 570 636 via
590 613 662 636 recte
679 608 782 644 ingredi
800 608 896 636 solitos
913 615 988 635 aver-

198 661 300 683 tentem
314 656 356 692 (in
372 655 438 688 ﬁde,
450 655 590 690 inquam).
604 659 631 682 et
644 655 669 681 in
682 655 732 681 viis
745 654 800 682 suis
812 655 914 682 directe
927 661 986 689 pro-

191 702 333 729 cedentes.
357 701 430 729 Nihil
454 701 526 729 enim
552 701 658 736 ingentia
682 699 747 734 ipsis
771 701 909 735 pariente,
935 700 984 728 nisi

196 755 349 775 sermonem
366 747 473 779 falsum,
489 747 539 774 nisi
558 747 696 774 lheorema
713 747 845 781 spurium,
861 754 910 774 nec
924 747 986 774 edu-

196 795 318 821 caverint
333 793 359 820 in
375 793 532 821 seductione
546 791 615 820 ﬁlios
629 800 703 825 suos,
723 793 871 820 secundum
888 793 986 820 doctri-

197 848 257 867 nam
281 841 358 873 dico;
382 844 408 866 et
418 840 492 866 arida
509 839 637 866 habentes
658 838 741 866 ubera
764 838 893 866 Ecclesia:
913 838 986 866 mali-

195 885 349 919 gnantium,
366 885 538 919 deceptorum
556 888 655 911 matres
671 883 728 911 ﬁeri
747 889 890 918 nequeant.
997 884 1018 912 Β

229 973 309 1000 Vens.
327 973 372 1000 £5.
389 972 486 999 Omnes
503 972 626 1006 nequitia:
641 979 732 998 eorum
750 972 777 999 in
795 971 900 1006 Calgal,
918 973 982 1007 quia

192 1019 227 1045 ibi
240 1018 284 1044 odi
298 1025 351 1049 eos,
366 1022 474 1051 propter
485 1017 601 1044 malitias
614 1017 828 1044 adinventionum
841 1025 942 1044 eorum.
958 1017 982 1044 E

191 1064 268 1089 domo
283 1070 341 1089 mea
356 1062 461 1098 ejiciam
477 1070 530 1095 eos,
546 1070 597 1089 non
613 1063 709 1090 addam
726 1062 836 1098 diligere
849 1071 902 1090 eos.

227 1152 294 1185 CIX.
314 1152 412 1187 Incipit
433 1159 541 1179 rursum
567 1152 753 1180 universorum
776 1153 846 1181 Deus
864 1161 975 1183 enume-

191 1207 252 1226 rare
268 1199 400 1230 crimina,
415 1203 441 1225 et
458 1198 579 1225 meminit
595 1197 698 1232 Galgal.
713 1198 793 1227 Urbis
810 1207 906 1227 nomen
923 1205 978 1233 est,

191 1246 217 1272 in
232 1252 282 1279 qtta
296 1243 625 1277 vehementerimprimis,
637 1248 664 1271 et
677 1243 817 1271 infandum
831 1246 856 1272 in
869 1246 978 1273 modum

191 1289 372 1324 superstitiosi
386 1293 534 1316 statuarum
547 1289 636 1316 cultus
645 1290 779 1324 vigebant.
793 1290 878 1319 liabet
888 1297 977 1319 autem

192 1336 261 1370 quod
280 1335 345 1363 dicit
367 1336 435 1362 hanc
455 1336 626 1363 sententiam.
646 1335 784 1370 Flagitiosi
806 1344 858 1364 non
879 1346 932 1364 uno
952 1340 977 1366 in

190 1389 289 1421 genere
307 1381 434 1409 Israelita:
452 1381 569 1408 fuerunt.
587 1381 626 1408 Ac
641 1382 731 1409 videre
751 1382 823 1415 licet,
838 1391 918 1418 quam
938 1384 978 1411 in-

190 1429 305 1463 signiter
318 1429 431 1462 improbi
445 1428 544 1455 fuerint
556 1430 578 1457 si
592 1428 686 1464 Galgal
698 1429 808 1464 cogites.
821 1429 858 1457 lbi
870 1438 977 1458 omnem

189 1483 283 1503 eorum
296 1475 349 1502 vidi
366 1474 524 1509 nequitiam,
539 1474 575 1502 ibi
589 1475 634 1502 odi
648 1482 704 1502 eos.
717 1475 774 1502 Non
791 1477 899 1510 quidem
914 1485 977 1512 pro-

190 1527 249 1557 pter
265 1522 367 1554 locutn,
385 1525 457 1548 esset
473 1522 543 1548 enim
562 1520 587 1547 id
605 1520 808 1555 imprudentiae;
826 1522 872 1549 sed
889 1523 978 1557 potius

190 1569 215 1594 in
231 1575 262 1595 eo
278 1571 432 1602 perpetrata
448 1570 510 1593 ante
525 1565 618 1594 oculos
633 1566 811 1594 constituens.
826 1567 870 1594 Ait
885 1568 974 1603 igitur,

192 1612 348 1647 aEtpellam
363 1619 410 1639 eos
423 1611 504 1639 domo
518 1619 587 1644 mea,
603 1621 611 1636 ι
626 1616 653 1638 et
667 1612 764 1638 arcebo
777 1612 811 1639 ab
824 1613 894 1640 atrio
906 1620 975 1645 meo,

188 1664 215 1685 et
234 1658 417 1686 fatniliaritate
436 1665 493 1685 mea
513 1657 664 1684 excludam.
680 1658 747 1684 Cum
766 1663 855 1685 autem
873 1659 976 1686 oderim

189 1705 249 1732 illos
259 1705 342 1739 juste,
357 1704 464 1731 instabo
477 1703 510 1730 de
524 1707 632 1736 ctetero,
649 1711 698 1730 uec
712 1704 837 1731 mutabor
849 1704 976 1739 amplius,

190 1755 217 1777 nt
234 1750 312 1777 velim
330 1758 376 1777 eos
391 1757 511 1782 unquam
529 1748 640 1783 diligere
658 1748 739 1775 tantis
755 1748 902 1776 sceleribus
919 1749 976 1776 alli-

189 1800 274 1831 gatos.
288 1795 418 1823 Occurret
433 1794 540 1829 aliquis,
556 1794 652 1828 opinor
668 1803 673 1820 :
690 1793 830 1826 Quomodo
847 1794 928 1828 igitur
943 1802 974 1821 ex

186 1841 296 1876 Assyria
314 1840 421 1867 reduxit
435 1847 492 1872 eos,
504 1844 550 1866 aut
564 1841 697 1873 quomodo
711 1846 725 1866 e
739 1840 894 1874 captivitate
909 1839 972 1867 libe-

188 1887 277 1914 ravit?
292 1886 332 1913 An
349 1894 399 1913 non
417 1886 508 1912 mitior
521 1886 618 1918 factus,
633 1890 661 1913 et
678 1885 851 1919 indulgentia,
868 1890 896 1913 et
911 1886 975 1913 cha-

158 1922 161 1930 ’
187 1932 267 1958 ritate
281 1938 328 1958 eos
343 1923 468 1965 dignatus
482 1930 542 1957 est?
557 1929 615 1957 Non
631 1930 784 1964 negaverim
799 1935 826 1957 et
840 1937 890 1965 ego
906 1931 974 1958 istuc

186 1978 223 2004 ita
240 1984 310 2004 esse.
326 1975 540 2003 Misericordiam
558 1975 630 2003 enim
648 1982 680 2002 ex
701 1975 864 2010 benignitate
879 1983 974 2003 conse-

185 2023 240 2050 cuti
252 2028 324 2055 sunl,
335 2022 385 2049 hoc
395 2022 421 2048 in
433 2021 557 2049 confesso
568 2027 619 2049 est.
630 2020 683 2048 Sed
696 2021 722 2047 bi
735 2021 767 2048 de
777 2021 875 2055 quibus
885 2029 974 2049 sermo

185 2073 237 2100 est,
252 2067 377 2094 abierunt
392 2067 418 2093 in
432 2066 628 2101 captivitatem,
642 2070 669 2093 ct
682 2065 763 2101 longo
778 2071 839 2101 post
854 2071 974 2101 tempore

186 2114 213 2140 in
226 2119 305 2148 pmna
317 2113 398 2139 vitam
412 2112 547 2140 tinierunt.
559 2112 591 2139 Et
601 2112 828 2146 quemadmodum
840 2119 900 2139 cunt
913 2120 974 2147 pro-

186 2159 304 2187 misisset
311 2158 471 2194 perMuysen
479 2158 504 2186 in
512 2157 627 2193 Aﬂgypto
635 2157 772 2191 lsraelitis,
780 2158 936 2185 educturum
944 2166 972 2186 se

187 2211 281 2231 omnes
290 2204 316 2231 in
326 2208 435 2235 terram,
444 2202 883 2238 quamjurassetpatribuseorum,
894 2203 969 2238 ιιι
988 2218 1010 2247 D

186 2247 293 2282 quidam
310 2252 397 2275 tamen
413 2247 486 2281 impii
502 2255 563 2274 sese
578 2246 690 2274 rebelles
704 2247 887 2281 prmbuernnt,
903 2256 972 2282 quo-

187 2301 246 2320 rum
260 2293 341 2320 etiam
356 2300 470 2328 corpora
486 2293 512 2319 in
526 2293 670 2320 solitudine
682 2293 849 2325 ceciderunt.
861 2299 888 2322 et
902 2299 972 2321 terra

186 2339 305 2372 ipsorum
325 2338 387 2366 iiliis
405 2339 494 2373 potius
512 2344 584 2365 sorte
601 2339 743 2366 distributa
761 2344 816 2372 est;
834 2340 873 2367 sic
889 2340 970 2367 etiam

185 2384 230 2411 hic
241 2384 387 2419 intelliges.
400 2384 496 2411 Mortui
510 2388 572 2411 sunt
585 2385 656 2411 enitn
668 2384 702 2412 de
712 2385 809 2420 quibus
822 2385 969 2420 loquimur;

185 2430 285 2457 reversi
308 2434 371 2457 sunt
395 2434 485 2456 autem
507 2429 615 2463 quidam
638 2430 782 2465 aliquando
805 2432 830 2458 in
851 2431 969 2459 Judteam

184 2475 255 2510 Cyro
276 2475 382 2502 tandem
405 2475 571 2508 demittente,
593 2475 636 2502 tibi
658 2483 757 2503 annum
780 2477 806 2504 in
828 2478 969 2514 peregrina

186 2521 279 2548 tellure
292 2520 520 2554 septuagesimum
535 2521 741 2555 complevissent
752 2523 784 2549 ”.

991 1550 1011 1579 C

221 2648 368 2682 Ejicientur
383 2655 470 2676 autent
494 2658 508 2677 e
532 2650 610 2678 domo
626 2652 682 2683 Dei,
707 2652 746 2679 Vel
772 2653 863 2686 potius
887 2654 964 2688 cjccti

183 2699 256 2727 sunt,
274 2694 354 2721 etiam
376 2697 420 2730 qui
443 2701 536 2723 contra
554 2698 688 2724 Christum
714 2699 833 2734 indigna.
862 2705 966 2734 etquae

184 2739 273 2766 verbis
286 2739 399 2774 exprimi
425 2741 492 2767 satis
518 2749 569 2768 non
597 2747 717 2777 possunt,
743 2743 822 2778 impia
843 2744 964 2771 facinora

218 2828 240 2846 ⁷·
256 2829 265 2855 l
280 2829 357 2857 Esdr.
374 2839 394 2864 t,
411 2831 520 2865 passim.

738 136 767 162 S.
788 134 923 162 CYRILIJ
945 133 1181 163 ALEXANDRlNI
1201 133 1359 163 ARCHIEI’.

1785 138 1840 166 236

1041 195 1215 231 ἀνῃρημένης
1224 196 1271 231 τῆς
1281 196 1327 222 ἐπὶ
1336 194 1374 230 τῷ
1382 194 1477 231 πλήθει
1486 195 1537 222 τῶν
1547 197 1709 232 μαχομένων
1719 198 1837 230 ἐλπίδος,

1041 242 1090 276 τὴν
1106 242 1154 277 σὴν
1176 241 1394 276 ὐποδιοαμοῦνται
1417 241 1511 275 φειδὼ.
1530 242 1576 268 καί
1593 251 1622 268 σε
1644 243 1759 279 Σωτῆρα
1791 245 1839 271 χαὶ

1040 287 1178 322 λυτρωτὴν
1195 287 1402 322 ὲπιγράψονται.
1425 287 1472 313 Ἐκ
1489 287 1625 321 φιλοθεῖας
1640 288 1669 315 δὲ
1688 289 1722 315 τὰ
1746 290 1838 317 τοιάδε

1040 334 1087 359 καὶ
1104 332 1152 359 νῦν
1173 333 1188 358 ὁ
1203 333 1344 367 προφήτης
1359 332 1450 367 φησιν.
1472 333 1516 360 Ἐν
1534 333 1626 368 ταυτῷ
1642 334 1670 360 δὲ
1690 333 1768 369 ζητεῖ
1790 336 1838 361 καὶ

1042 378 1089 404 τοῦ
1112 378 1182 405 ἰδίου
1206 378 1341 404 Δεσπότου
1361 378 1410 414 τὴν
1426 377 1513 411 δόξαν,
1527 378 1574 405 καὶ
1587 378 1640 405 τῶν
1663 380 1691 412 ἐξ
1719 380 1837 415 αἵματος

1046 424 1165 460 Ἰσραὴλ,
1180 424 1229 459 τὴν
1242 424 1279 455 ὡς
1291 424 1320 457 ἐξ
1335 423 1460 459 ἀνάγκης
1475 425 1654 461 ἐπιστροφὴν,
1668 428 1693 452 εί
1714 427 1752 462 μὴ
1768 436 1835 462 προ-

1039 468 1171 503 αιρέσεως
1185 468 1291 503 ἀγαθῆς
1306 468 1397 504 ἔχουσι
1411 469 1441 496 τὸ
1455 469 1550 505 χρῆμα
1568 471 1683 505 καρπόν.

1081 514 1240 540 Ἀτεκνοῦσα
1261 514 1289 540 δὲ
1313 515 1415 550 μήτρα,
1447 516 1494 542 καὶ
1521 516 1619 550 μαστοὶ
1649 516 1736 552 ξηροὶ,
1763 518 1834 554 πρέ-

1040 568 1116 586 ποιεν
1130 559 1164 586 ἃν
1175 559 1278 593 νοητῶς
1293 560 1340 586 καὶ
1353 561 1409 593 τοῖς
1433 560 1488 588 τῶν
1506 561 1615 595 φαύλων
1629 563 1770 598 ἐργάταις,
1785 564 1834 590 καὶ

1039 604 1120 631 παντὶ
1141 603 1286 637 πλανῶντι,
1313 605 1359 631 καὶ
1383 605 1547 640 ἀποφέροντι
1572 606 1622 642 τῆς
1644 607 1754 640 εὐθείας
1770 607 1833 634 ὁδοῦ

1037 650 1098 682 τοὺς
1126 650 1282 685 ὀρθοποδεῖν
1302 651 1443 682 είωθότας,
1466 652 1496 677 ὲν
1511 652 1600 679 πίστει
1626 653 1668 688 δὴ,
1686 653 1768 688 λέγω,
1785 655 1834 680 καὶ

1037 695 1252 728 κατευθύνοντας
1267 697 1295 722 ἐν
1307 697 1365 728 ταῖς
1376 697 1446 728 ὁδοῖς
1460 697 1559 724 αὐτῶν.
1571 698 1654 725 Οὐδὲν
1671 698 1724 734 γὰρ
1739 699 1833 731 αὐτοῖς

1035 741 1181 777 τικτούσης
1197 742 1246 778 τῆς
1259 742 1388 776 διανοίας,
1403 743 1434 769 οὑ
1449 743 1528 777 λόγον
1542 743 1637 779 ψευδῆ,
1652 745 1681 770 οὺ
1698 745 1833 781 θεώρημα

1035 787 1121 820 νόθον,
1141 788 1195 814 οὐδ’
1211 788 1244 815 ἂν
1266 788 1427 824 ἐκθρέψειαν
1450 789 1480 815 ὲν
1499 788 1587 825 πλάνῃ
1610 790 1645 816 τὰ
1659 790 1713 817 ἴδια
1735 790 1831 822 τέκνα,

1035 833 1070 860 τὰ
1086 832 1158 860 κατὰ
1171 833 1289 868 μάθησιν
1303 833 1386 868 λέγω,
1400 834 1448 861 καὶ
1463 834 1561 870 ξηροὺς
1576 835 1684 870 ἔχουσαι
1698 837 1762 867 τοὺς
1779 846 1832 871 μα-

1034 878 1112 908 στοὺς
1136 878 1166 903 αἱ
1188 877 1242 903 τῶν
1265 879 1491 914 ¹ιιονηρειιομένων
1521 879 1691 916 Ἐκκλησίαι,
1718 882 1769 907 οὐκ
1797 882 1830 907 ἂν

1032 923 1152 956 γένοιντο
1168 922 1287 958 μητέρες
1302 923 1358 950 τῶν
1375 924 1570 960 ¹ἠπατημένων.

1066 967 1165 995 Πᾶσαι
1192 969 1222 995 al
1244 969 1344 996 κακίαι
1359 969 1458 997 αὐτῶν
1483 970 1519 997 ἐν
1544 971 1679 1005 Γαλγὰλ,
1701 971 1748 998 ὅτι
1768 972 1830 999 ἐκεῖ

1031 1013 1163 1047 ἐμίσησα
1178 1014 1300 1048 αὐτοὺς,
1317 1014 1366 1042 διὰ
1389 1015 1443 1048 τὰς
1463 1015 1570 1049 κακίας
1592 1016 1651 1043 τῶν
1673 1017 1829 1051 ἐπιτηδευ-

1028 1059 1141 1093 μάτων.
1160 1059 1210 1086 Ἕκ
1224 1060 1278 1087 τοῦ
1290 1061 1374 1087 οἴκου
1387 1070 1448 1096 μου
1462 1061 1580 1089 ἐκϐαλῶ
1594 1063 1716 1097 αὐτοὺς,
1734 1066 1771 1091 οὐ
1782 1067 1827 1099 μὴ

1031 1105 1196 1139 προσθήσω
1211 1105 1366 1140 ἀγαπῆσαι
1383 1108 1504 1141 αὐτούς,

1069 1151 1127 1178 ΡΘ’.
1150 1153 1280 1188 Ἀρχεται
1296 1153 1377 1179 πάλιν
1392 1154 1406 1180 ὸ
1419 1154 1473 1181 τῶν
1494 1154 1562 1182 ὅλων
1577 1155 1643 1188 Θεὸς
1659 1156 1828 1192 ἀπαριθμῖ-

1032 1195 1092 1223 σοαι
1115 1197 1148 1223 τὰ
1171 1197 1340 1233 ἐγκλήματα,
1362 1199 1409 1225 καὶ
1428 1198 1614 1235 διαμέμνηται
1638 1201 1687 1236 τῆς
1707 1201 1826 1234 Γαλγάλ.

1032 1240 1112 1272 Πόλις
1128 1241 1155 1268 δὲ
1170 1241 1251 1277 αὕτη,
1273 1242 1333 1269 καθ’
1350 1243 1383 1278 ἢν
1398 1243 1439 1270 ὅτι
1457 1243 1575 1278 μάλιστα
1589 1244 1684 1276 δεινῶς
1711 1245 1759 1272 καὶ
1781 1246 1828 1272 ἐκ·

1031 1286 1119 1318 τόπως
1137 1286 1319 1322 ἑθρησκεὺετο
1341 1288 1375 1315 τὰ
1388 1289 1569 1324 χειρόκμητα.
1593 1290 1673 1317 Ἐστι
1684 1290 1713 1317 δὲ
1732 1291 1747 1317 ὅ
1760 1300 1827 1326 φησι

1030 1332 1149 1360 τοιοῦτόν
1167 1342 1192 1359 τι
1208 1334 1299 1361 πάλιν.
1320 1334 1446 1370 Βδελυροὶ
1471 1336 1521 1371 μὲν
1544 1335 1599 1372 γὰρ
1622 1336 1693 1364 κατὰ
1709 1337 1828 1370 πολλοὺς

1030 1379 1146 1414 τρόπους
1160 1380 1183 1406 oi
1206 1381 1235 1413 ἐξ
1254 1381 1374 1416 Ἰσραήλ.
1394 1381 1458 1408 Ἴδοι
1477 1382 1499 1408 δ’
1513 1383 1546 1410 ἄν
1569 1392 1613 1415 τις
1635 1383 1687 1418 τῆς
1711 1384 1827 1420 ἐνούσης

1030 1425 1121 1456 αὐτοῖς
1145 1426 1311 1461 φαυλότητος
1334 1426 1384 1462 τὴν
1408 1427 1572 1464 ὑπερϐολὴν,
1594 1430 1760 1466 ὲννενοηκὼς
1775 1431 1826 1465 τὴν

1030 1469 1135 1504 Γαλγάλ
1150 1469 1240 1497 ,Ἐκεῖ
1258 1473 1351 1506 ,πᾶσαν
1372 1472 1461 1499 αὐτῶν
1487 1473 1618 1509 τεθέαμαι
1642 1475 1691 1510 τὴν
1714 1475 1823 1505 κακίαν.

1029 1516 1088 1542 ἐκεῖ
1107 1516 1247 1551 μεμίσηκα
1263 1517 1370 1549 αὐτούς.
1387 1519 1423 1545 Οὐ
1445 1518 1489 1546 διά
1505 1527 1536 1553 γε
1552 1520 1597 1546 τὸν
1614 1520 1705 1553 τόπον,
1727 1521 1824 1557 εὒηθες

1028 1561 1092 1596 γὰρ,
1118 1562 1294 1597 καθεστηκὼς
1313 1563 1341 1589 δὲ
1366 1564 1466 1598 μᾶλλον
1482 1564 1517 1590 τὰ
1539 1565 1568 1591 έν
1585 1565 1659 1601 αὐτῷ
1680 1567 1820 1601 γεγονότα.

1028 1607 1184 1643 Τοιγάρτοι,
1214 1609 1308 1644 φησὶν,
1324 1609 1433 1642 eamme
1460 1611 1511 1645 μὲν
1536 1611 1645 1643 αὐτοὺς,
1663 1612 1710 1638 καὶ
1737 1613 1822 1648 αὐλῆς

1028 1653 1192 1689 ἀποσοϐήσω
1205 1654 1255 1689 τῆς
1273 1655 1352 1690 ἐμῆς,
1375 1656 1421 1682 καὶ
1443 1657 1608 1692 οἰκειότητος
1622 1657 1741 1685 ἐκϐαλῶ.
1766 1659 1821 1685 Με-

1030 1700 1153 1735 μισηκὼς
1166 1700 1194 1727 δὲ
1205 1700 1328 1734 δικαίως,
1352 1703 1517 1738 ἐνστήσομαί
1533 1711 1563 1729 τε
1584 1703 1686 1736 λοιπὸν,
1706 1705 1754 1730 καὶ
1769 1705 1819 1731 οὐκ

1027 1745 1060 1772 ἂν
1086 1745 1255 1781 μεταθοίμην
1277 1746 1317 1773 ἔτι
1343 1747 1411 1782 πρὸς
1435 1747 1465 1774 τὸ
1488 1748 1602 1784 ἀγαπᾷν
1625 1749 1734 1776 ἑλέσθαι
1757 1750 1822 1777 ποτὲ

1026 1791 1088 1822 τοὺς
1112 1791 1146 1818 τὰ
1171 1791 1260 1819 τοιάδε
1276 1793 1648 1829 πεπλημμεληκότας.¹Δλλ’,
1665 1793 1754 1830 οἶμαι,
1779 1796 1821 1827 τὶς

1026 1837 1100 1872 ὲρεῖ*
1119 1837 1193 1870 Πῶς,
1204 1835 1250 1864 οὖν
1269 1838 1430 1873 ἀνεκόμισεν
1450 1839 1491 1871 είς
1502 1839 1552 1875 τὴν
1579 1840 1758 1868 Ἰουδαίαν’ἐκ
1771 1841 1821 1876 τῆς

1032 1882 1181 1918 Ἀσσυρίων
1195 1883 1303 1915 αὐτοὺς,
1318 1884 1334 1918 ἦ
1361 1884 1419 1916 πῶς
1436 1885 1521 1920 ἀνῆκε
1541 1885 1591 1920 τῆς
1611 1887 1819 1921 αἰχμαλωσίας;

1025 1925 1160 1963 Ἃρόὺχὶ
1185 1929 1411 1965 μετατεθειμένος
1437 1931 1477 1962 είς
1501 1932 1669 1967 ἡμερότητα,
1696 1932 1744 1958 καὶ
1759 1941 1817 1967 φει-

1025 1973 1096 2005 δοῦς,
1123 1974 1170 2000 καὶ
1195 1975 1306 2010 ἀγάπης
1328 1975 1448 2007 ἀξιώσας
1470 1976 1585 2010 αὑτούς;
1615 1977 1669 2004 Ναὶ
1686 1978 1770 2013 φαίην
1785 1978 1819 2005 ἂν

1024 2019 1112 2054 ἀληθῆ
1136 2020 1182 2046 καὶ
1194 2020 1275 2052 αὐτὸς
1295 2021 1340 2047 τὸν
1363 2021 1451 2055 λόγον.
1471 2022 1613 2058 Ὴλέηνται
1634 2023 1689 2058 γὰρ
1706 2024 1736 2056 ἐξ
1752 2025 1819 2060 ἠμε-

1026 2063 1146 2098 ρότητος,
1158 2064 1391 2100 ὁμολογουμένως.
1413 2066 1482 2092 Ἀλλ’
1504 2066 1562 2100 οἶγε
1581 2067 1641 2094 καθ’
1653 2064 1691 2094 ὧν
1704 2069 1718 2094 ὁ
1740 2068 1818 2102 λόγος

1024 2110 1166 2145 ἀπῲχοντο
1194 2111 1242 2145 μὲν
1268 2111 1305 2142 εἰς
1332 2112 1532 2146 αἰχμαλωσίαν,
1557 2113 1705 2148 τεθνήκασι
1729 2114 1759 2141 δὲ
1784 2117 1815 2150 τῇ

1023 2153 1104 2189 δίκῃ,
1130 2153 1226 2188 χρόνου
1253 2154 1357 2190 μαχροῦ
1388 2156 1608 2189 διῖππεὺσαντος.
1636 2158 1691 2184 Καὶ
1722 2159 1816 2195 ὥσπερ

1024 2199 1206 2234 ἐπηγγέλλετο
1230 2200 1279 2235 μὲν
1295 2200 1340 2227 διὰ
1358 2201 1481 2234 Μωσέως
1509 2203 1579 2229 κατὰ
1603 2203 1652 2239 τὴν
1679 2205 1815 2238 Αἴγυπτον

1023 2246 1078 2276 τοίς
1091 2245 1207 2280 Ἰσραὴλ,
1219 2246 1337 2278 εἰσάξειν
1348 2246 1471 2278 ἅπαντας
1481 2248 1521 2279 εἰς
1533 2247 1582 2283 τὴν
1596 2249 1658 2284 γῆν,
1676 2250 1710 2284 ῆν
1723 2249 1815 2285 ὤμοσε

1020 2292 1077 2322 τοῖς
1091 2292 1226 2326 πατράσιν
1237 2292 1337 2324 αὐτῶν,
1353 2293 1403 2319 οὐκ
1417 2292 1556 2328 ἠσέϐησαν
1569 2294 1597 2320 δὲ
1614 2295 1815 2330 ἀπειθήσαντὲς

1021 2345 1102 2370 τινες,
1123 2334 1160 2363 ὦν
1184 2337 1232 2364 καὶ
1256 2337 1290 2364 τὰ
1317 2338 1391 2365 κῶλα
1415 2338 1512 2365 ἔπεσον
1526 2340 1555 2365 ὲν
1571 2341 1603 2375 τῇ
1622 2341 1729 2376 ἐρήμῳ,
1750 2351 1815 2369 κατ·

1020 2382 1219 2418 εκληροδοτήοη
1235 2383 1263 2410 δὲ
1280 2383 1379 2418 μᾶλλον
1390 2385 1407 2419 ἠ
1422 2384 1457 2420 γῆ
1472 2386 1528 2417 τοῖς
1544 2385 1573 2418 ἐξ
1595 2386 1684 2413 αὐτῶν
1703 2388 1814 2422 γεγονό-

1024 2436 1082 2454 σιν·
1097 2428 1168 2455 οὖτω
1186 2428 1301 2456 κάνθάδε
1316 2431 1433 2465 νοήσεις.
1453 2430 1668 2466 Τετελευτήκασι
1691 2433 1742 2467 μὲν
1760 2434 1814 2469 γὰρ

1022 2475 1046 2500 οἱ
1062 2474 1122 2501 καθ’
1138 2471 1176 2501 ὧν
1195 2475 1209 2501 ό
1224 2475 1312 2509 λόγος,
1330 2476 1516 2512 ὑπενόστησαν
1534 2477 1562 2504 δὲ
1576 2478 1646 2504 κατὰ
1663 2480 1778 2514 καιροὺς
1789 2481 1813 2506 oi.

1022 2519 1050 2552 ἐξ
1065 2519 1153 2546 αὐτῶν
1168 2521 1207 2552 είς
1220 2522 1268 2556 τὴν
1289 2521 1522 2557 Ἰουδαίαν,Κύρου
1541 2523 1617 2558 μόλις
1636 2524 1757 2557 ἀνέντος,
1769 2526 1813 2552 ὅτε

1021 2565 1050 2591 τὸ
1062 2565 1258 2600 ἑϐδομηκοστὸν
1268 2567 1325 2598 ἔτος
1339 2568 1429 2599 αὐτοῖς
1443 2568 1616 2604 πεπλήρωτο,
1629 2570 1813 2605 διατρίϐουσιν

1022 2610 1168 2646 ἀλλοδαπῇ.

1056 2655 1288 2690 Ἐχϐληοήσονται
1302 2656 1330 2682 δὲ
1342 2657 1389 2683 τοῦ
1409 2657 1483 2684 οἴκου
1499 2659 1545 2685 τοῦ
1559 2659 1640 2691 Θεοῦ,
1664 2661 1767 2696 μᾶλλον
1782 2661 1809 2688 δὲ

1020 2701 1067 2726 καὶ
1082 2700 1268 2735 ὲκϐέὸληνται,
1290 2702 1336 2728 καὶ
1353 2703 1376 2728 οι
1393 2703 1464 2730 κατὰ
1486 2705 1604 2740 Χριστοῦ
1624 2706 1809 2743 τολμήσαντες

1019 2745 1053 2771 τὰ
1073 2745 1157 2779 δεινὰ,
1174 2746 1219 2773 καὶ
1237 2747 1306 2781 πέρα
1328 2747 1407 2781 λόγου
1420 2749 1519 2780 παντὸς
1541 2750 1749 2787 δυσσεῆήματα,
1763 2752 1810 2779 καὶ
