  <div class='ocr_page' id='page_1' title='image "/cluster/home/n/w/nwhite01/storage/ocr_20150623/71/njp.32101077772745/136.png"; bbox 0 0 1919 3042; ppageno 0'>
   <div class='ocr_carea' id='block_1_1' title="bbox 75 171 125 200">
    <p class='ocr_par' dir='ltr' id='par_1_1' title="bbox 75 171 125 200">
     <span class='ocr_line' id='line_1_1' title="bbox 75 171 125 200; baseline 0 0"><span class='ocrx_word' id='word_1_1' title='bbox 75 171 125 200; x_wconf 66' lang='grc'><strong>957</strong></span> 
     </span>
    </p>
   </div>
   <div class='ocr_carea' id='block_1_2' title="bbox 543 166 1244 197">
    <p class='ocr_par' dir='ltr' id='par_1_2' title="bbox 543 166 1244 197">
     <span class='ocr_line' id='line_1_2' title="bbox 543 166 1244 197; baseline -0.004 -1"><span class='ocrx_word' id='word_1_2' title='bbox 543 166 817 196; x_wconf 75' lang='lat' dir='ltr'><strong>COMMENTARIUS</strong></span> <span class='ocrx_word' id='word_1_3' title='bbox 834 167 867 195; x_wconf 81' lang='lat' dir='ltr'><strong>IN</strong></span> <span class='ocrx_word' id='word_1_4' title='bbox 887 167 1004 196; x_wconf 76' lang='lat' dir='ltr'><strong>OSEAM</strong></span> <span class='ocrx_word' id='word_1_5' title='bbox 1024 166 1244 197; x_wconf 76' lang='lat' dir='ltr'><strong>PROPHETAM.</strong></span> 
     </span>
    </p>
   </div>
   <div class='ocr_carea' id='block_1_3' title="bbox 1653 162 1705 192">
    <p class='ocr_par' dir='ltr' id='par_1_3' title="bbox 1653 162 1705 192">
     <span class='ocr_line' id='line_1_3' title="bbox 1653 162 1705 192; baseline 0 0"><span class='ocrx_word' id='word_1_6' title='bbox 1653 162 1705 192; x_wconf 67' lang='lat'><strong>1.38</strong></span> 
     </span>
    </p>
   </div>
   <div class='ocr_carea' id='block_1_4' title="bbox 76 221 875 262">
    <p class='ocr_par' dir='ltr' id='par_1_4' title="bbox 76 224 868 262">
     <span class='ocr_line' id='line_1_4' title="bbox 76 224 868 262; baseline -0.003 -8"><span class='ocrx_word' id='word_1_7' title='bbox 76 229 100 255; x_wconf 84' lang='lat' dir='ltr'><strong>oi</strong></span> <span class='ocrx_word' id='word_1_8' title='bbox 123 225 228 262; x_wconf 67' lang='grc' dir='ltr'>πικρὰν</span> <span class='ocrx_word' id='word_1_9' title='bbox 255 224 306 253; x_wconf 72' lang='grc' dir='ltr'>καὶ</span> <span class='ocrx_word' id='word_1_10' title='bbox 329 224 507 260; x_wconf 78' lang='grc' dir='ltr'>παλίμφημον</span> <span class='ocrx_word' id='word_1_11' title='bbox 524 224 568 252; x_wconf 61' lang='grc' dir='ltr'><strong>ὕπ’</strong></span> <span class='ocrx_word' id='word_1_12' title='bbox 583 224 658 260; x_wconf 82' lang='grc' dir='ltr'><strong>αὐτῷ</strong></span> <span class='ocrx_word' id='word_1_13' title='bbox 673 225 722 261; x_wconf 83' lang='grc' dir='ltr'><strong>τὴν</strong></span> <span class='ocrx_word' id='word_1_14' title='bbox 745 224 868 260; x_wconf 84' lang='grc' dir='ltr'>γλῶτταν</span> 
     </span>
    </p>
   </div>
   <div class='ocr_carea' id='block_1_5' title="bbox 927 221 1707 262">
    <p class='ocr_par' dir='ltr' id='par_1_5' title="bbox 927 221 1707 260">
     <span class='ocr_line' id='line_1_5' title="bbox 927 221 1707 260; baseline -0.004 -9"><span class='ocrx_word' id='word_1_15' title='bbox 927 226 978 253; x_wconf 72' lang='lat' dir='ltr'><strong>tusi</strong></span> <span class='ocrx_word' id='word_1_16' title='bbox 992 229 1066 258; x_wconf 88' lang='lat' dir='ltr'><strong>sunt,</strong></span> <span class='ocrx_word' id='word_1_17' title='bbox 1078 225 1124 260; x_wconf 88' lang='lat' dir='ltr'><strong>qui</strong></span> <span class='ocrx_word' id='word_1_18' title='bbox 1144 230 1266 252; x_wconf 86' lang='lat' dir='ltr'><strong>amaram</strong></span> <span class='ocrx_word' id='word_1_19' title='bbox 1281 226 1309 251; x_wconf 90' lang='lat' dir='ltr'><strong>et</strong></span> <span class='ocrx_word' id='word_1_20' title='bbox 1327 221 1520 251; x_wconf 87' lang='lat' dir='ltr'><strong>detractoriam</strong></span> <span class='ocrx_word' id='word_1_21' title='bbox 1542 221 1662 257; x_wconf 78' lang='lat' dir='ltr'><strong>linguam</strong></span> <span class='ocrx_word' id='word_1_22' title='bbox 1680 222 1707 248; x_wconf 80' lang='lat' dir='ltr'><strong>in</strong></span> 
     </span>
    </p>
   </div>
   <div class='ocr_carea' id='block_1_6' title="bbox 77 270 872 307">
    <p class='ocr_par' dir='ltr' id='par_1_6' title="bbox 77 270 872 307">
     <span class='ocr_line' id='line_1_6' title="bbox 77 270 872 307; baseline -0.005 -6"><span class='ocrx_word' id='word_1_23' title='bbox 77 273 196 304; x_wconf 73' lang='grc' dir='ltr'>ἀνέντες,</span> <span class='ocrx_word' id='word_1_24' title='bbox 217 271 386 307; x_wconf 75' lang='grc' dir='ltr'>ὑπομενοῦσι</span> <span class='ocrx_word' id='word_1_25' title='bbox 409 271 438 298; x_wconf 78' lang='grc' dir='ltr'>δὲ</span> <span class='ocrx_word' id='word_1_26' title='bbox 454 271 501 298; x_wconf 77' lang='grc' dir='ltr'>καὶ</span> <span class='ocrx_word' id='word_1_27' title='bbox 521 270 697 306; x_wconf 81' lang='grc' dir='ltr'><strong>ἀμεταθέτως</strong></span> <span class='ocrx_word' id='word_1_28' title='bbox 711 271 761 307; x_wconf 80' lang='grc' dir='ltr'>τὴν</span> <span class='ocrx_word' id='word_1_29' title='bbox 775 271 872 307; x_wconf 83' lang='grc' dir='ltr'>ὀργήν.</span> 
     </span>
    </p>
   </div>
   <div class='ocr_carea' id='block_1_7' title="bbox 78 316 874 354">
    <p class='ocr_par' dir='ltr' id='par_1_7' title="bbox 78 316 874 354">
     <span class='ocr_line' id='line_1_7' title="bbox 78 316 874 354; baseline -0.004 -8"><span class='ocrx_word' id='word_1_30' title='bbox 78 319 115 346; x_wconf 73' lang='grc' dir='ltr'><strong>οὐ</strong></span> <span class='ocrx_word' id='word_1_31' title='bbox 131 319 187 354; x_wconf 87' lang='grc' dir='ltr'><strong>γὰρ</strong></span> <span class='ocrx_word' id='word_1_32' title='bbox 201 318 243 350; x_wconf 82' lang='grc' dir='ltr'><strong>εἰς</strong></span> <span class='ocrx_word' id='word_1_33' title='bbox 261 318 311 344; x_wconf 76' lang='grc' dir='ltr'>ἕνα</span> <span class='ocrx_word' id='word_1_34' title='bbox 327 317 382 344; x_wconf 83' lang='grc' dir='ltr'><strong>τῶν</strong></span> <span class='ocrx_word' id='word_1_35' title='bbox 396 316 554 352; x_wconf 78' lang='grc' dir='ltr'>προφητῶν,</span> <span class='ocrx_word' id='word_1_36' title='bbox 576 316 635 343; x_wconf 86' lang='grc' dir='ltr'>ἀλλ’</span> <span class='ocrx_word' id='word_1_37' title='bbox 655 318 694 349; x_wconf 74' lang='grc' dir='ltr'><strong>εἰς</strong></span> <span class='ocrx_word' id='word_1_38' title='bbox 719 316 800 343; x_wconf 76' lang='grc' dir='ltr'>αὐτὸν</span> <span class='ocrx_word' id='word_1_39' title='bbox 825 325 874 343; x_wconf 85' lang='grc' dir='ltr'>πε-</span> 
     </span>
    </p>
   </div>
   <div class='ocr_carea' id='block_1_8' title="bbox 81 362 872 400">
    <p class='ocr_par' dir='ltr' id='par_1_8' title="bbox 81 362 872 400">
     <span class='ocr_line' id='line_1_8' title="bbox 81 362 872 400; baseline -0.004 -9"><span class='ocrx_word' id='word_1_40' title='bbox 81 363 289 400; x_wconf 75' lang='grc' dir='ltr'>παροινηκότες,</span> <span class='ocrx_word' id='word_1_41' title='bbox 310 363 466 390; x_wconf 72' lang='grc' dir='ltr'>ἁλίσκονται</span> <span class='ocrx_word' id='word_1_42' title='bbox 481 362 526 389; x_wconf 78' lang='grc' dir='ltr'>τὸν</span> <span class='ocrx_word' id='word_1_43' title='bbox 535 362 589 389; x_wconf 84' lang='grc' dir='ltr'><strong>τῶν</strong></span> <span class='ocrx_word' id='word_1_44' title='bbox 605 362 753 398; x_wconf 76' lang='grc' dir='ltr'><strong>προφητῶν</strong></span> <span class='ocrx_word' id='word_1_45' title='bbox 769 362 872 389; x_wconf 84' lang='grc' dir='ltr'>Δεσπό-</span> 
     </span>
    </p>
   </div>
   <div class='ocr_carea' id='block_1_9' title="bbox 78 406 874 446">
    <p class='ocr_par' dir='ltr' id='par_1_9' title="bbox 78 406 874 446">
     <span class='ocr_line' id='line_1_9' title="bbox 78 406 874 446; baseline -0.004 -9"><span class='ocrx_word' id='word_1_46' title='bbox 78 420 137 446; x_wconf 81' lang='grc' dir='ltr'>την.</span> <span class='ocrx_word' id='word_1_47' title='bbox 153 409 349 444; x_wconf 81' lang='grc' dir='ltr'>Σεσιγημένων</span> <span class='ocrx_word' id='word_1_48' title='bbox 364 408 397 444; x_wconf 85' lang='grc' dir='ltr'>δὴ</span> <span class='ocrx_word' id='word_1_49' title='bbox 412 406 458 435; x_wconf 80' lang='grc' dir='ltr'>οὗν</span> <span class='ocrx_word' id='word_1_50' title='bbox 480 408 535 435; x_wconf 88' lang='grc' dir='ltr'><strong>τῶν</strong></span> <span class='ocrx_word' id='word_1_51' title='bbox 556 409 656 444; x_wconf 82' lang='grc' dir='ltr'>ἐτέρων</span> <span class='ocrx_word' id='word_1_52' title='bbox 671 408 874 443; x_wconf 74' lang='grc' dir='ltr'>πλημμελημά-</span> 
     </span>
    </p>
   </div>
   <div class='ocr_carea' id='block_1_10' title="bbox 78 454 873 491">
    <p class='ocr_par' dir='ltr' id='par_1_10' title="bbox 78 454 873 491">
     <span class='ocr_line' id='line_1_10' title="bbox 78 454 873 491; baseline -0.005 -7"><span class='ocrx_word' id='word_1_53' title='bbox 78 466 144 488; x_wconf 77' lang='grc' dir='ltr'>των,</span> <span class='ocrx_word' id='word_1_54' title='bbox 164 457 184 484; x_wconf 73' lang='grc' dir='ltr'><strong>ἀ</strong></span> <span class='ocrx_word' id='word_1_55' title='bbox 208 455 358 491; x_wconf 80' lang='grc' dir='ltr'><strong>δεδράκασι</strong></span> <span class='ocrx_word' id='word_1_56' title='bbox 375 455 444 482; x_wconf 86' lang='grc' dir='ltr'><strong>κατά</strong></span> <span class='ocrx_word' id='word_1_57' title='bbox 459 455 531 489; x_wconf 82' lang='grc' dir='ltr'>σφᾶς</span> <span class='ocrx_word' id='word_1_58' title='bbox 546 455 654 487; x_wconf 77' lang='grc' dir='ltr'>αὐτοὺς,</span> <span class='ocrx_word' id='word_1_59' title='bbox 675 455 764 482; x_wconf 82' lang='grc' dir='ltr'>πᾶσαν</span> <span class='ocrx_word' id='word_1_60' title='bbox 783 454 816 481; x_wconf 79' lang='grc' dir='ltr'>ἄν</span> <span class='ocrx_word' id='word_1_61' title='bbox 831 463 873 486; x_wconf 89' lang='grc' dir='ltr'><strong>τις</strong></span> 
     </span>
    </p>
   </div>
   <div class='ocr_carea' id='block_1_11' title="bbox 78 499 874 537">
    <p class='ocr_par' dir='ltr' id='par_1_11' title="bbox 78 499 874 537">
     <span class='ocr_line' id='line_1_11' title="bbox 78 499 874 537; baseline -0.004 -8"><span class='ocrx_word' id='word_1_62' title='bbox 78 502 168 529; x_wconf 82' lang='grc' dir='ltr'>αὐτῶν</span> <span class='ocrx_word' id='word_1_63' title='bbox 197 501 249 537; x_wconf 83' lang='grc' dir='ltr'><strong>τὴν</strong></span> <span class='ocrx_word' id='word_1_64' title='bbox 276 501 377 528; x_wconf 79' lang='grc' dir='ltr'>κακίαν</span> <span class='ocrx_word' id='word_1_65' title='bbox 404 500 452 527; x_wconf 85' lang='grc' dir='ltr'>ῐδοι</span> <span class='ocrx_word' id='word_1_66' title='bbox 479 500 525 527; x_wconf 71' lang='grc' dir='ltr'>καὶ</span> <span class='ocrx_word' id='word_1_67' title='bbox 552 499 601 535; x_wconf 85' lang='grc' dir='ltr'>τὴν</span> <span class='ocrx_word' id='word_1_68' title='bbox 626 500 676 535; x_wconf 84' lang='grc' dir='ltr'><strong>τῆς</strong></span> <span class='ocrx_word' id='word_1_69' title='bbox 707 499 874 535; x_wconf 83' lang='grc' dir='ltr'>φαυλότητος</span> 
     </span>
    </p>
   </div>
   <div class='ocr_carea' id='block_1_12' title="bbox 80 544 873 584">
    <p class='ocr_par' dir='ltr' id='par_1_12' title="bbox 80 544 873 584">
     <span class='ocr_line' id='line_1_12' title="bbox 80 544 873 584; baseline -0.005 -9"><span class='ocrx_word' id='word_1_70' title='bbox 80 547 246 584; x_wconf 72' lang='grc' dir='ltr'>ὑπερϐολὴν,</span> <span class='ocrx_word' id='word_1_71' title='bbox 257 547 305 574; x_wconf 76' lang='grc' dir='ltr'>καὶ</span> <span class='ocrx_word' id='word_1_72' title='bbox 316 546 354 578; x_wconf 83' lang='grc' dir='ltr'><strong>ὡς</strong></span> <span class='ocrx_word' id='word_1_73' title='bbox 365 545 393 573; x_wconf 84' lang='grc' dir='ltr'>ἔν</span> <span class='ocrx_word' id='word_1_74' title='bbox 405 555 436 581; x_wconf 85' lang='grc' dir='ltr'><strong>γε</strong></span> <span class='ocrx_word' id='word_1_75' title='bbox 449 546 481 582; x_wconf 84' lang='grc' dir='ltr'>δὴ</span> <span class='ocrx_word' id='word_1_76' title='bbox 496 546 587 581; x_wconf 85' lang='grc' dir='ltr'>μόνοις</span> <span class='ocrx_word' id='word_1_77' title='bbox 601 546 656 577; x_wconf 86' lang='grc' dir='ltr'>τοῖς</span> <span class='ocrx_word' id='word_1_78' title='bbox 670 546 739 573; x_wconf 76' lang='grc' dir='ltr'>κατὰ</span> <span class='ocrx_word' id='word_1_79' title='bbox 753 544 873 580; x_wconf 76' lang='grc' dir='ltr'><strong>Χριστοῦ</strong></span> 
     </span>
    </p>
   </div>
   <div class='ocr_carea' id='block_1_13' title="bbox 79 593 234 628">
    <p class='ocr_par' dir='ltr' id='par_1_13' title="bbox 79 593 234 628">
     <span class='ocr_line' id='line_1_13' title="bbox 79 593 234 628; baseline 0 -8"><span class='ocrx_word' id='word_1_80' title='bbox 79 593 234 628; x_wconf 80' lang='grc' dir='ltr'>γεγονόσιν.</span> 
     </span>
    </p>
   </div>
   <div class='ocr_carea' id='block_1_14' title="bbox 114 659 874 696">
    <p class='ocr_par' dir='ltr' id='par_1_14' title="bbox 114 659 874 696">
     <span class='ocr_line' id='line_1_14' title="bbox 114 659 874 696; baseline -0.001 -8"><span class='ocrx_word' id='word_1_81' title='bbox 114 661 233 695; x_wconf 76' lang='grc' dir='ltr'>Πάντες</span> <span class='ocrx_word' id='word_1_82' title='bbox 249 661 277 688; x_wconf 77' lang='grc' dir='ltr'>οὶ</span> <span class='ocrx_word' id='word_1_83' title='bbox 293 661 438 696; x_wconf 63' lang='grc' dir='ltr'>ἆρχεν-τες</span> <span class='ocrx_word' id='word_1_84' title='bbox 455 659 554 688; x_wconf 85' lang='grc' dir='ltr'>αὐτῶν</span> <span class='ocrx_word' id='word_1_85' title='bbox 567 660 771 693; x_wconf 77' lang='grc' dir='ltr'>ἀπειθοῦντες.</span> <span class='ocrx_word' id='word_1_86' title='bbox 793 661 874 688; x_wconf 77' lang='grc' dir='ltr'><strong>Ἐπό-</strong></span> 
     </span>
    </p>
   </div>
   <div class='ocr_carea' id='block_1_15' title="bbox 80 705 872 742">
    <p class='ocr_par' dir='ltr' id='par_1_15' title="bbox 80 705 872 742">
     <span class='ocr_line' id='line_1_15' title="bbox 80 705 872 742; baseline -0.003 -8"><span class='ocrx_word' id='word_1_87' title='bbox 80 715 173 734; x_wconf 67' lang='lat' dir='ltr'><strong>rever</strong></span> <span class='ocrx_word' id='word_1_88' title='bbox 195 707 322 742; x_wconf 75' lang='grc' dir='ltr'>Ἑφραῒμ</span> <span class='ocrx_word' id='word_1_89' title='bbox 334 707 388 740; x_wconf 82' lang='grc' dir='ltr'><strong>τὰς</strong></span> <span class='ocrx_word' id='word_1_90' title='bbox 397 705 482 741; x_wconf 72' lang='grc' dir='ltr'>ῥίζας</span> <span class='ocrx_word' id='word_1_91' title='bbox 501 706 606 739; x_wconf 84' lang='grc' dir='ltr'>αὐτοῦ,</span> <span class='ocrx_word' id='word_1_92' title='bbox 625 705 788 740; x_wconf 80' lang='grc' dir='ltr'><strong>ἐξηράνθη,</strong></span> <span class='ocrx_word' id='word_1_93' title='bbox 802 715 872 741; x_wconf 80' lang='grc' dir='ltr'>καρ-</span> 
     </span>
    </p>
   </div>
   <div class='ocr_carea' id='block_1_16' title="bbox 81 751 872 787">
    <p class='ocr_par' dir='ltr' id='par_1_16' title="bbox 81 751 872 787">
     <span class='ocr_line' id='line_1_16' title="bbox 81 751 872 787; baseline -0.001 -8"><span class='ocrx_word' id='word_1_94' title='bbox 81 753 140 779; x_wconf 80' lang='grc' dir='ltr'><strong>πὸν</strong></span> <span class='ocrx_word' id='word_1_95' title='bbox 149 753 207 780; x_wconf 82' lang='grc' dir='ltr'>οὐκ</span> <span class='ocrx_word' id='word_1_96' title='bbox 218 753 264 780; x_wconf 61' lang='grc' dir='ltr'><strong>ἔτι</strong></span> <span class='ocrx_word' id='word_1_97' title='bbox 271 751 315 787; x_wconf 73' lang='grc' dir='ltr'><strong>μὴ</strong></span> <span class='ocrx_word' id='word_1_98' title='bbox 325 752 444 787; x_wconf 73' lang='grc' dir='ltr'><strong>ἐνέγκῃ.</strong></span> <span class='ocrx_word' id='word_1_99' title='bbox 454 752 531 778; x_wconf 86' lang='grc' dir='ltr'>Διότι</span> <span class='ocrx_word' id='word_1_100' title='bbox 545 751 595 778; x_wconf 71' lang='grc' dir='ltr'>καὶ</span> <span class='ocrx_word' id='word_1_101' title='bbox 604 751 658 779; x_wconf 79' lang='grc' dir='ltr'><strong>ἐὰν</strong></span> <span class='ocrx_word' id='word_1_102' title='bbox 670 752 872 786; x_wconf 78' lang='grc' dir='ltr'>γεννήσωσιν,</span> 
     </span>
    </p>
   </div>
   <div class='ocr_carea' id='block_1_17' title="bbox 81 794 872 834">
    <p class='ocr_par' dir='ltr' id='par_1_17' title="bbox 81 794 872 834">
     <span class='ocr_line' id='line_1_17' title="bbox 81 794 872 834; baseline -0.004 -10"><span class='ocrx_word' id='word_1_103' title='bbox 81 797 239 824; x_wconf 70' lang='grc' dir='ltr'>ἀποκτενῶ</span> <span class='ocrx_word' id='word_1_104' title='bbox 253 797 291 823; x_wconf 77' lang='grc' dir='ltr'>τὰ</span> <span class='ocrx_word' id='word_1_105' title='bbox 307 796 515 834; x_wconf 64' lang='grc' dir='ltr'>ἐπιθυμήματα</span> <span class='ocrx_word' id='word_1_106' title='bbox 532 795 648 828; x_wconf 77' lang='grc' dir='ltr'><strong>κοιλίας</strong></span> <span class='ocrx_word' id='word_1_107' title='bbox 672 794 782 823; x_wconf 82' lang='grc' dir='ltr'>αὐτῶν.</span> <span class='ocrx_word' id='word_1_108' title='bbox 804 795 872 822; x_wconf 83' lang='grc' dir='ltr'><strong>Ἀπ-</strong></span> 
     </span>
    </p>
   </div>
   <div class='ocr_carea' id='block_1_18' title="bbox 80 841 871 876">
    <p class='ocr_par' dir='ltr' id='par_1_18' title="bbox 80 841 871 876">
     <span class='ocr_line' id='line_1_18' title="bbox 80 841 871 876; baseline -0.003 -6"><span class='ocrx_word' id='word_1_109' title='bbox 80 843 312 876; x_wconf 71' lang='grc' dir='ltr'>ώσεταιοαύῐοὺς</span> <span class='ocrx_word' id='word_1_110' title='bbox 323 843 339 869; x_wconf 86' lang='lat' dir='ltr'><strong>d</strong></span> <span class='ocrx_word' id='word_1_111' title='bbox 351 842 432 876; x_wconf 82' lang='grc' dir='ltr'><strong>Θεὸς,</strong></span> <span class='ocrx_word' id='word_1_112' title='bbox 443 842 488 869; x_wconf 80' lang='grc' dir='ltr'>ὅτι</span> <span class='ocrx_word' id='word_1_113' title='bbox 498 843 554 869; x_wconf 82' lang='grc' dir='ltr'>οὐκ</span> <span class='ocrx_word' id='word_1_114' title='bbox 568 841 756 875; x_wconf 78' lang='grc' dir='ltr'><strong>εἰσήκουσαν</strong></span> <span class='ocrx_word' id='word_1_115' title='bbox 768 842 871 874; x_wconf 79' lang='grc' dir='ltr'>αὐτοῦ,</span> 
     </span>
    </p>
   </div>
   <div class='ocr_carea' id='block_1_19' title="bbox 81 887 711 922">
    <p class='ocr_par' dir='ltr' id='par_1_19' title="bbox 81 887 711 922">
     <span class='ocr_line' id='line_1_19' title="bbox 81 887 711 922; baseline 0 -7"><span class='ocrx_word' id='word_1_116' title='bbox 81 888 129 915; x_wconf 76' lang='grc' dir='ltr'>καὶ</span> <span class='ocrx_word' id='word_1_117' title='bbox 143 888 269 915; x_wconf 75' lang='grc' dir='ltr'>ἔσονται</span> <span class='ocrx_word' id='word_1_118' title='bbox 289 887 440 922; x_wconf 72' lang='grc' dir='ltr'>πλανῆται</span> <span class='ocrx_word' id='word_1_119' title='bbox 455 888 491 914; x_wconf 86' lang='grc' dir='ltr'><strong>ἐν</strong></span> <span class='ocrx_word' id='word_1_120' title='bbox 504 887 566 921; x_wconf 79' lang='grc' dir='ltr'>τοῖς</span> <span class='ocrx_word' id='word_1_121' title='bbox 580 887 711 915; x_wconf 73' lang='grc' dir='ltr'><strong>ἔθνεσιν.</strong></span> 
     </span>
    </p>
   </div>
   <div class='ocr_carea' id='block_1_20' title="bbox 926 266 1709 306">
    <p class='ocr_par' dir='ltr' id='par_1_20' title="bbox 926 266 1709 306">
     <span class='ocr_line' id='line_1_20' title="bbox 926 266 1709 306; baseline -0.005 -8"><span class='ocrx_word' id='word_1_122' title='bbox 926 271 1013 306; x_wconf 86' lang='lat' dir='ltr'><strong>ipsum</strong></span> <span class='ocrx_word' id='word_1_123' title='bbox 1035 275 1232 302; x_wconf 78' lang='lat' dir='ltr'><strong>exscruerunt,</strong></span> <span class='ocrx_word' id='word_1_124' title='bbox 1252 268 1436 303; x_wconf 88' lang='lat' dir='ltr'><strong>subibuntque</strong></span> <span class='ocrx_word' id='word_1_125' title='bbox 1459 267 1528 295; x_wconf 88' lang='lat' dir='ltr'><strong>iram</strong></span> <span class='ocrx_word' id='word_1_126' title='bbox 1553 266 1709 295; x_wconf 80' lang='lat' dir='ltr'><strong>immutabi-</strong></span> 
     </span>
    </p>
   </div>
   <div class='ocr_carea' id='block_1_21' title="bbox 925 311 1710 348">
    <p class='ocr_par' dir='ltr' id='par_1_21' title="bbox 925 311 1710 348">
     <span class='ocr_line' id='line_1_21' title="bbox 925 311 1710 348; baseline -0.004 -6"><span class='ocrx_word' id='word_1_127' title='bbox 925 316 988 343; x_wconf 86' lang='lat' dir='ltr'><strong>lem.</strong></span> <span class='ocrx_word' id='word_1_128' title='bbox 1018 315 1074 342; x_wconf 84' lang='lat' dir='ltr'><strong>Non</strong></span> <span class='ocrx_word' id='word_1_129' title='bbox 1100 315 1172 342; x_wconf 87' lang='lat' dir='ltr'><strong>enim</strong></span> <span class='ocrx_word' id='word_1_130' title='bbox 1193 314 1219 341; x_wconf 89' lang='lat' dir='ltr'><strong>in</strong></span> <span class='ocrx_word' id='word_1_131' title='bbox 1236 314 1426 348; x_wconf 88' lang='lat' dir='ltr'><strong>prophetarum</strong></span> <span class='ocrx_word' id='word_1_132' title='bbox 1456 312 1584 347; x_wconf 77' lang='lat' dir='ltr'><strong>aliquem,</strong></span> <span class='ocrx_word' id='word_1_133' title='bbox 1609 311 1656 339; x_wconf 84' lang='lat' dir='ltr'><strong>sed</strong></span> <span class='ocrx_word' id='word_1_134' title='bbox 1683 312 1710 339; x_wconf 92' lang='lat' dir='ltr'><strong>in</strong></span> 
     </span>
    </p>
   </div>
   <div class='ocr_carea' id='block_1_22' title="bbox 927 358 1710 396">
    <p class='ocr_par' dir='ltr' id='par_1_22' title="bbox 927 358 1710 396">
     <span class='ocr_line' id='line_1_22' title="bbox 927 358 1710 396; baseline -0.003 -9"><span class='ocrx_word' id='word_1_135' title='bbox 927 361 1014 396; x_wconf 82' lang='lat' dir='ltr'><strong>ipsum</strong></span> <span class='ocrx_word' id='word_1_136' title='bbox 1033 361 1224 394; x_wconf 85' lang='lat' dir='ltr'><strong>prophetarum</strong></span> <span class='ocrx_word' id='word_1_137' title='bbox 1244 360 1385 387; x_wconf 88' lang='lat' dir='ltr'><strong>Dominum</strong></span> <span class='ocrx_word' id='word_1_138' title='bbox 1398 359 1558 387; x_wconf 83' lang='lat' dir='ltr'><strong>debaccltati</strong></span> <span class='ocrx_word' id='word_1_139' title='bbox 1571 358 1710 386; x_wconf 82' lang='lat' dir='ltr'><strong>inveniun-</strong></span> 
     </span>
    </p>
   </div>
   <div class='ocr_carea' id='block_1_23' title="bbox 926 405 1710 440">
    <p class='ocr_par' dir='ltr' id='par_1_23' title="bbox 926 405 1710 440">
     <span class='ocr_line' id='line_1_23' title="bbox 926 405 1710 440; baseline -0.004 -6"><span class='ocrx_word' id='word_1_140' title='bbox 926 411 980 434; x_wconf 92' lang='lat' dir='ltr'><strong>tur.</strong></span> <span class='ocrx_word' id='word_1_141' title='bbox 1004 405 1118 433; x_wconf 87' lang='lat' dir='ltr'><strong>Sllcntio</strong></span> <span class='ocrx_word' id='word_1_142' title='bbox 1149 405 1229 440; x_wconf 82' lang='lat' dir='ltr'><strong>igitur</strong></span> <span class='ocrx_word' id='word_1_143' title='bbox 1242 406 1386 440; x_wconf 65' lang='lat' dir='ltr'><strong>praeteritis</strong></span> <span class='ocrx_word' id='word_1_144' title='bbox 1397 412 1574 440; x_wconf 61' lang='lat' dir='ltr'><strong>quaecumque</strong></span> <span class='ocrx_word' id='word_1_145' title='bbox 1586 411 1710 432; x_wconf 86' lang='lat' dir='ltr'><strong>seorsum</strong></span> 
     </span>
    </p>
   </div>
   <div class='ocr_carea' id='block_1_24' title="bbox 930 450 1711 486">
    <p class='ocr_par' dir='ltr' id='par_1_24' title="bbox 930 450 1711 486">
     <span class='ocr_line' id='line_1_24' title="bbox 930 450 1711 486; baseline -0.001 -8"><span class='ocrx_word' id='word_1_146' title='bbox 930 455 1061 486; x_wconf 65' lang='lat' dir='ltr'><strong>praeterea</strong></span> <span class='ocrx_word' id='word_1_147' title='bbox 1083 451 1243 483; x_wconf 83' lang='lat' dir='ltr'><strong>amiserunt,</strong></span> <span class='ocrx_word' id='word_1_148' title='bbox 1271 458 1378 478; x_wconf 90' lang='lat' dir='ltr'><strong>omnem</strong></span> <span class='ocrx_word' id='word_1_149' title='bbox 1393 458 1487 478; x_wconf 91' lang='lat' dir='ltr'><strong>eorum</strong></span> <span class='ocrx_word' id='word_1_150' title='bbox 1502 450 1667 486; x_wconf 85' lang='lat' dir='ltr'><strong>nequitiam,</strong></span> <span class='ocrx_word' id='word_1_151' title='bbox 1682 454 1711 478; x_wconf 84' lang='lat' dir='ltr'><strong>et</strong></span> 
     </span>
    </p>
   </div>
   <div class='ocr_carea' id='block_1_25' title="bbox 932 488 1710 533">
    <p class='ocr_par' dir='ltr' id='par_1_25' title="bbox 932 488 1710 533">
     <span class='ocr_line' id='line_1_25' title="bbox 932 488 1710 533; baseline 0 -9"><span class='ocrx_word' id='word_1_152' title='bbox 932 488 1074 533; x_wconf 71' lang='lat' dir='ltr'><strong>pr&#39;avitatis</strong></span> <span class='ocrx_word' id='word_1_153' title='bbox 1089 496 1300 532; x_wconf 73' lang='lat' dir='ltr'><strong>magnitudinem</strong></span> <span class='ocrx_word' id='word_1_154' title='bbox 1313 497 1511 531; x_wconf 86' lang='lat' dir='ltr'><strong>quodammodo</strong></span> <span class='ocrx_word' id='word_1_155' title='bbox 1524 497 1550 524; x_wconf 89' lang='lat' dir='ltr'><strong>in</strong></span> <span class='ocrx_word' id='word_1_156' title='bbox 1567 496 1632 524; x_wconf 87' lang='lat' dir='ltr'><strong>solis</strong></span> <span class='ocrx_word' id='word_1_157' title='bbox 1642 504 1710 524; x_wconf 88' lang='lat' dir='ltr'><strong>cott-</strong></span> 
     </span>
    </p>
   </div>
   <div class='ocr_carea' id='block_1_26' title="bbox 927 542 1708 578">
    <p class='ocr_par' dir='ltr' id='par_1_26' title="bbox 927 542 1708 578">
     <span class='ocr_line' id='line_1_26' title="bbox 927 542 1708 578; baseline 0 -8"><span class='ocrx_word' id='word_1_158' title='bbox 927 547 969 570; x_wconf 90' lang='lat' dir='ltr'><strong>tra</strong></span> <span class='ocrx_word' id='word_1_159' title='bbox 989 543 1127 570; x_wconf 74' lang='lat' dir='ltr'><strong>Christum</strong></span> <span class='ocrx_word' id='word_1_160' title='bbox 1149 543 1282 577; x_wconf 82' lang='lat' dir='ltr'><strong>susceptis</strong></span> <span class='ocrx_word' id='word_1_161' title='bbox 1303 542 1467 570; x_wconf 74' lang='lat' dir='ltr'><strong>facinoribus</strong></span> <span class='ocrx_word' id='word_1_162' title='bbox 1491 543 1583 571; x_wconf 83' lang='lat' dir='ltr'><strong>videre</strong></span> <span class='ocrx_word' id='word_1_163' title='bbox 1609 543 1708 578; x_wconf 85' lang='lat' dir='ltr'><strong>possis.</strong></span> 
     </span>
    </p>
   </div>
   <div class='ocr_carea' id='block_1_27' title="bbox 962 652 1711 687">
    <p class='ocr_par' dir='ltr' id='par_1_27' title="bbox 962 652 1711 687">
     <span class='ocr_line' id='line_1_27' title="bbox 962 652 1711 687; baseline 0 -7"><span class='ocrx_word' id='word_1_164' title='bbox 962 652 1040 680; x_wconf 74' lang='lat' dir='ltr'><strong>Vsus.</strong></span> <span class='ocrx_word' id='word_1_165' title='bbox 1059 652 1102 684; x_wconf 79' lang='grc'>16,</span> <span class='ocrx_word' id='word_1_166' title='bbox 1115 652 1158 680; x_wconf 84' lang='lat' dir='ltr'><strong>l7.</strong></span> <span class='ocrx_word' id='word_1_167' title='bbox 1172 652 1268 680; x_wconf 81' lang='lat' dir='ltr'><strong>Omnes</strong></span> <span class='ocrx_word' id='word_1_168' title='bbox 1280 653 1408 687; x_wconf 81' lang='lat' dir='ltr'><strong>principes</strong></span> <span class='ocrx_word' id='word_1_169' title='bbox 1425 660 1514 679; x_wconf 81' lang='lat' dir='ltr'><strong>eorum</strong></span> <span class='ocrx_word' id='word_1_170' title='bbox 1527 652 1711 680; x_wconf 79' lang='lat' dir='ltr'><strong>iuobedienm.</strong></span> 
     </span>
    </p>
   </div>
   <div class='ocr_carea' id='block_1_28' title="bbox 924 697 1713 733">
    <p class='ocr_par' dir='ltr' id='par_1_28' title="bbox 924 697 1713 733">
     <span class='ocr_line' id='line_1_28' title="bbox 924 697 1713 733; baseline -0.004 -6"><span class='ocrx_word' id='word_1_171' title='bbox 924 699 1013 727; x_wconf 78' lang='lat' dir='ltr'><strong>Doluit</strong></span> <span class='ocrx_word' id='word_1_172' title='bbox 1029 698 1154 733; x_wconf 81' lang='lat' dir='ltr'><strong>Ephrat&#39;m</strong></span> <span class='ocrx_word' id='word_1_173' title='bbox 1172 699 1272 726; x_wconf 84' lang='lat' dir='ltr'><strong>radices</strong></span> <span class='ocrx_word' id='word_1_174' title='bbox 1282 707 1355 731; x_wconf 72' lang='lat' dir='ltr'><strong>suas,</strong></span> <span class='ocrx_word' id='word_1_175' title='bbox 1365 699 1480 730; x_wconf 71' lang='lat' dir='ltr'><strong>exaruit,</strong></span> <span class='ocrx_word' id='word_1_176' title='bbox 1491 697 1606 732; x_wconf 79' lang='lat' dir='ltr'><strong>fructum</strong></span> <span class='ocrx_word' id='word_1_177' title='bbox 1616 706 1713 732; x_wconf 82' lang='lat' dir='ltr'><strong>nequa-</strong></span> 
     </span>
    </p>
   </div>
   <div class='ocr_carea' id='block_1_29' title="bbox 922 743 1714 780">
    <p class='ocr_par' dir='ltr' id='par_1_29' title="bbox 922 743 1714 780">
     <span class='ocr_line' id='line_1_29' title="bbox 922 743 1714 780; baseline -0.004 -8"><span class='ocrx_word' id='word_1_178' title='bbox 922 753 1001 780; x_wconf 82' lang='lat' dir='ltr'><strong>quam</strong></span> <span class='ocrx_word' id='word_1_179' title='bbox 1014 744 1084 772; x_wconf 80' lang='lat' dir='ltr'><strong>ultra</strong></span> <span class='ocrx_word' id='word_1_180' title='bbox 1093 744 1167 779; x_wconf 76' lang='lat' dir='ltr'><strong>feret.</strong></span> <span class='ocrx_word' id='word_1_181' title='bbox 1180 744 1250 777; x_wconf 78' lang='lat' dir='ltr'><strong>Quia</strong></span> <span class='ocrx_word' id='word_1_182' title='bbox 1257 744 1279 771; x_wconf 81' lang='lat' dir='ltr'><strong>si</strong></span> <span class='ocrx_word' id='word_1_183' title='bbox 1290 745 1436 779; x_wconf 81' lang='lat' dir='ltr'><strong>genuerint,</strong></span> <span class='ocrx_word' id='word_1_184' title='bbox 1445 744 1601 779; x_wconf 76' lang='lat' dir='ltr'><strong>interﬁciunt</strong></span> <span class='ocrx_word' id='word_1_185' title='bbox 1612 743 1714 770; x_wconf 75' lang='lat' dir='ltr'><strong>deside-</strong></span> 
     </span>
    </p>
   </div>
   <div class='ocr_carea' id='block_1_30' title="bbox 923 789 1714 825">
    <p class='ocr_par' dir='ltr' id='par_1_30' title="bbox 923 789 1714 825">
     <span class='ocr_line' id='line_1_30' title="bbox 923 789 1714 825; baseline -0.001 -8"><span class='ocrx_word' id='word_1_186' title='bbox 923 791 963 817; x_wconf 82' lang='lat' dir='ltr'><strong>ria</strong></span> <span class='ocrx_word' id='word_1_187' title='bbox 990 790 1059 818; x_wconf 81' lang='lat' dir='ltr'><strong>uteri</strong></span> <span class='ocrx_word' id='word_1_188' title='bbox 1079 798 1181 817; x_wconf 85' lang='lat' dir='ltr'><strong>eorum.</strong></span> <span class='ocrx_word' id='word_1_189' title='bbox 1196 789 1311 824; x_wconf 80' lang='lat' dir='ltr'><strong>Repellel</strong></span> <span class='ocrx_word' id='word_1_190' title='bbox 1329 798 1372 817; x_wconf 84' lang='lat' dir='ltr'><strong>eos</strong></span> <span class='ocrx_word' id='word_1_191' title='bbox 1390 789 1469 822; x_wconf 84' lang='lat' dir='ltr'><strong>Deus,</strong></span> <span class='ocrx_word' id='word_1_192' title='bbox 1484 790 1546 825; x_wconf 84' lang='lat' dir='ltr'><strong>quia</strong></span> <span class='ocrx_word' id='word_1_193' title='bbox 1557 798 1608 817; x_wconf 83' lang='lat' dir='ltr'><strong>non</strong></span> <span class='ocrx_word' id='word_1_194' title='bbox 1622 789 1714 816; x_wconf 77' lang='lat' dir='ltr'><strong>audie-</strong></span> 
     </span>
    </p>
   </div>
   <div class='ocr_carea' id='block_1_31' title="bbox 923 835 1494 870">
    <p class='ocr_par' dir='ltr' id='par_1_31' title="bbox 923 835 1494 870">
     <span class='ocr_line' id='line_1_31' title="bbox 923 835 1494 870; baseline 0.002 -9"><span class='ocrx_word' id='word_1_195' title='bbox 923 840 983 863; x_wconf 77' lang='lat' dir='ltr'><strong>runt</strong></span> <span class='ocrx_word' id='word_1_196' title='bbox 1003 843 1073 868; x_wconf 83' lang='lat' dir='ltr'><strong>eum,</strong></span> <span class='ocrx_word' id='word_1_197' title='bbox 1091 840 1115 862; x_wconf 79' lang='lat' dir='ltr'><strong>et</strong></span> <span class='ocrx_word' id='word_1_198' title='bbox 1131 839 1207 862; x_wconf 82' lang='lat' dir='ltr'><strong>erunt</strong></span> <span class='ocrx_word' id='word_1_199' title='bbox 1236 835 1294 870; x_wconf 80' lang='lat' dir='ltr'><strong>vagi</strong></span> <span class='ocrx_word' id='word_1_200' title='bbox 1313 836 1340 862; x_wconf 79' lang='lat' dir='ltr'><strong>in</strong></span> <span class='ocrx_word' id='word_1_201' title='bbox 1366 836 1494 870; x_wconf 75' lang='lat' dir='ltr'><strong>gentibus.</strong></span> 
     </span>
    </p>
   </div>
   <div class='ocr_carea' id='block_1_32' title="bbox 116 927 875 991">
    <p class='ocr_par' dir='ltr' id='par_1_32' title="bbox 116 954 874 991">
     <span class='ocr_line' id='line_1_32' title="bbox 116 954 874 991; baseline 0 -9"><span class='ocrx_word' id='word_1_202' title='bbox 116 955 168 982; x_wconf 86' lang='lat' dir='ltr'><strong>Pl’.</strong></span> <span class='ocrx_word' id='word_1_203' title='bbox 189 954 293 982; x_wconf 74' lang='grc' dir='ltr'>Οὐδένα</span> <span class='ocrx_word' id='word_1_204' title='bbox 315 954 444 990; x_wconf 77' lang='grc' dir='ltr'>χρηστὸν,</span> <span class='ocrx_word' id='word_1_205' title='bbox 469 955 555 990; x_wconf 70' lang='grc' dir='ltr'>ἤγουν</span> <span class='ocrx_word' id='word_1_206' title='bbox 569 954 683 990; x_wconf 82' lang='grc' dir='ltr'><strong>εὐπειθῆ</strong></span> <span class='ocrx_word' id='word_1_207' title='bbox 703 955 750 981; x_wconf 81' lang='grc' dir='ltr'>καὶ</span> <span class='ocrx_word' id='word_1_208' title='bbox 768 955 874 991; x_wconf 78' lang='grc' dir='ltr'><strong>εὐήνιον</strong></span> 
     </span>
    </p>
   </div>
   <div class='ocr_carea' id='block_1_33' title="bbox 927 927 1713 991">
    <p class='ocr_par' dir='ltr' id='par_1_33' title="bbox 958 945 1713 981">
     <span class='ocr_line' id='line_1_33' title="bbox 958 945 1713 981; baseline 0.001 -8"><span class='ocrx_word' id='word_1_209' title='bbox 958 945 1014 973; x_wconf 82' lang='lat' dir='ltr'><strong>CX.</strong></span> <span class='ocrx_word' id='word_1_210' title='bbox 1032 945 1172 974; x_wconf 79' lang='lat' dir='ltr'><strong>Neminem</strong></span> <span class='ocrx_word' id='word_1_211' title='bbox 1186 945 1296 978; x_wconf 84' lang='lat' dir='ltr'><strong>bonum.</strong></span> <span class='ocrx_word' id='word_1_212' title='bbox 1316 945 1372 974; x_wconf 90' lang='lat' dir='ltr'><strong>sive</strong></span> <span class='ocrx_word' id='word_1_213' title='bbox 1394 950 1518 981; x_wconf 83' lang='lat' dir='ltr'><strong>prompte</strong></span> <span class='ocrx_word' id='word_1_214' title='bbox 1532 945 1713 980; x_wconf 83' lang='lat' dir='ltr'><strong>obedientem,</strong></span> 
     </span>
    </p>
   </div>
   <div class='ocr_carea' id='block_1_34' title="bbox 82 999 874 1036">
    <p class='ocr_par' dir='ltr' id='par_1_34' title="bbox 82 999 874 1036">
     <span class='ocr_line' id='line_1_34' title="bbox 82 999 874 1036; baseline 0 -10"><span class='ocrx_word' id='word_1_215' title='bbox 82 1000 109 1026; x_wconf 79' lang='grc' dir='ltr'>ὲν</span> <span class='ocrx_word' id='word_1_216' title='bbox 121 1000 218 1031; x_wconf 78' lang='grc' dir='ltr'>αὐτοῖς</span> <span class='ocrx_word' id='word_1_217' title='bbox 234 999 371 1035; x_wconf 77' lang='grc' dir='ltr'>ηὑρῆσθαὶ</span> <span class='ocrx_word' id='word_1_218' title='bbox 386 1007 479 1034; x_wconf 77' lang='grc' dir='ltr'>φησιν,</span> <span class='ocrx_word' id='word_1_219' title='bbox 493 999 523 1025; x_wconf 79' lang='grc' dir='ltr'>οὑ</span> <span class='ocrx_word' id='word_1_220' title='bbox 541 999 648 1035; x_wconf 82' lang='grc' dir='ltr'>μικρὸν,</span> <span class='ocrx_word' id='word_1_221' title='bbox 663 999 694 1025; x_wconf 78' lang='grc' dir='ltr'>οὺ</span> <span class='ocrx_word' id='word_1_222' title='bbox 713 999 812 1034; x_wconf 73' lang='grc' dir='ltr'>μέγαν,</span> <span class='ocrx_word' id='word_1_223' title='bbox 825 999 874 1036; x_wconf 85' lang='grc' dir='ltr'>οὺχ</span> 
     </span>
    </p>
   </div>
   <div class='ocr_carea' id='block_1_35' title="bbox 80 1043 872 1080">
    <p class='ocr_par' dir='ltr' id='par_1_35' title="bbox 80 1043 872 1080">
     <span class='ocr_line' id='line_1_35' title="bbox 80 1043 872 1080; baseline 0 -9"><span class='ocrx_word' id='word_1_224' title='bbox 80 1044 246 1080; x_wconf 78' lang='grc' dir='ltr'>ἡγούμενον,</span> <span class='ocrx_word' id='word_1_225' title='bbox 270 1045 300 1071; x_wconf 85' lang='grc' dir='ltr'>οὑ</span> <span class='ocrx_word' id='word_1_226' title='bbox 327 1044 372 1071; x_wconf 76' lang='grc' dir='ltr'>τὸν</span> <span class='ocrx_word' id='word_1_227' title='bbox 391 1044 443 1071; x_wconf 74' lang='grc' dir='ltr'><strong>ὑπὸ</strong></span> <span class='ocrx_word' id='word_1_228' title='bbox 471 1045 550 1079; x_wconf 84' lang='grc' dir='ltr'>χεῖρα</span> <span class='ocrx_word' id='word_1_229' title='bbox 588 1044 635 1070; x_wconf 71' lang='grc' dir='ltr'>καὶ</span> <span class='ocrx_word' id='word_1_230' title='bbox 662 1043 872 1080; x_wconf 76' lang='grc' dir='ltr'>ὑπεζευγμένον.</span> 
     </span>
    </p>
   </div>
   <div class='ocr_carea' id='block_1_36' title="bbox 81 1089 875 1126">
    <p class='ocr_par' dir='ltr' id='par_1_36' title="bbox 81 1089 875 1126">
     <span class='ocr_line' id='line_1_36' title="bbox 81 1089 875 1126; baseline -0.001 -9"><span class='ocrx_word' id='word_1_231' title='bbox 81 1090 217 1125; x_wconf 74' lang='grc' dir='ltr'>ταύτῃτοι</span> <span class='ocrx_word' id='word_1_232' title='bbox 229 1089 278 1117; x_wconf 73' lang='grc' dir='ltr'>καὶ</span> <span class='ocrx_word' id='word_1_233' title='bbox 294 1090 350 1116; x_wconf 84' lang='grc' dir='ltr'><strong>δεῖν</strong></span> <span class='ocrx_word' id='word_1_234' title='bbox 362 1089 510 1117; x_wconf 78' lang='grc' dir='ltr'><strong>ἀπολέσθαι</strong></span> <span class='ocrx_word' id='word_1_235' title='bbox 525 1089 675 1122; x_wconf 84' lang='grc' dir='ltr'>παντελῶς,</span> <span class='ocrx_word' id='word_1_236' title='bbox 691 1089 769 1126; x_wconf 80' lang='grc' dir='ltr'>ῥίζης</span> <span class='ocrx_word' id='word_1_237' title='bbox 780 1089 875 1125; x_wconf 80' lang='grc' dir='ltr'>ὥσπερ</span> 
     </span>
    </p>
   </div>
   <div class='ocr_carea' id='block_1_37' title="bbox 81 1135 876 1171">
    <p class='ocr_par' dir='ltr' id='par_1_37' title="bbox 81 1135 876 1171">
     <span class='ocr_line' id='line_1_37' title="bbox 81 1135 876 1171; baseline 0 -9"><span class='ocrx_word' id='word_1_238' title='bbox 81 1136 166 1170; x_wconf 67' lang='grc' dir='ltr'>αὑτῆς</span> <span class='ocrx_word' id='word_1_239' title='bbox 183 1135 434 1171; x_wconf 78' lang='grc' dir='ltr'>ὲκὸεὸοθρευμένον</span> <span class='ocrx_word' id='word_1_240' title='bbox 447 1135 651 1171; x_wconf 81' lang='grc' dir='ltr'>διῑσχυρίζεται,</span> <span class='ocrx_word' id='word_1_241' title='bbox 671 1136 700 1162; x_wconf 77' lang='grc' dir='ltr'>ὲν</span> <span class='ocrx_word' id='word_1_242' title='bbox 720 1135 769 1170; x_wconf 80' lang='grc' dir='ltr'>ῐσῳ</span> <span class='ocrx_word' id='word_1_243' title='bbox 783 1144 812 1162; x_wconf 86' lang='grc' dir='ltr'><strong>τε</strong></span> <span class='ocrx_word' id='word_1_244' title='bbox 829 1144 876 1170; x_wconf 64' lang='lat' dir='ltr'><strong>7e-</strong></span> 
     </span>
    </p>
   </div>
   <div class='ocr_carea' id='block_1_38' title="bbox 81 1181 875 1217">
    <p class='ocr_par' dir='ltr' id='par_1_38' title="bbox 81 1181 875 1217">
     <span class='ocr_line' id='line_1_38' title="bbox 81 1181 875 1217; baseline 0.001 -10"><span class='ocrx_word' id='word_1_245' title='bbox 81 1181 188 1216; x_wconf 81' lang='grc' dir='ltr'>γονὲναι</span> <span class='ocrx_word' id='word_1_246' title='bbox 202 1181 299 1208; x_wconf 78' lang='grc' dir='ltr'>λοιπὸν</span> <span class='ocrx_word' id='word_1_247' title='bbox 316 1182 371 1214; x_wconf 87' lang='grc' dir='ltr'>τοῖς</span> <span class='ocrx_word' id='word_1_248' title='bbox 387 1181 574 1216; x_wconf 84' lang='grc' dir='ltr'>ἀναινομένοις</span> <span class='ocrx_word' id='word_1_249' title='bbox 589 1181 636 1208; x_wconf 64' lang='grc' dir='ltr'><strong>κα)⁹</strong></span> <span class='ocrx_word' id='word_1_250' title='bbox 650 1181 801 1217; x_wconf 85' lang='grc' dir='ltr'>πεπληγόσι</span> <span class='ocrx_word' id='word_1_251' title='bbox 820 1181 875 1208; x_wconf 84' lang='grc' dir='ltr'>τῶν</span> 
     </span>
    </p>
   </div>
   <div class='ocr_carea' id='block_1_39' title="bbox 81 1225 875 1263">
    <p class='ocr_par' dir='ltr' id='par_1_39' title="bbox 81 1225 875 1263">
     <span class='ocr_line' id='line_1_39' title="bbox 81 1225 875 1263; baseline 0.001 -11"><span class='ocrx_word' id='word_1_252' title='bbox 81 1226 177 1258; x_wconf 78' lang='grc' dir='ltr'>ξύλων.</span> <span class='ocrx_word' id='word_1_253' title='bbox 195 1226 231 1252; x_wconf 78' lang='grc' dir='ltr'><strong>Ἀ</strong></span> <span class='ocrx_word' id='word_1_254' title='bbox 241 1225 290 1252; x_wconf 76' lang='grc' dir='ltr'>καὶ</span> <span class='ocrx_word' id='word_1_255' title='bbox 306 1225 391 1260; x_wconf 79' lang='grc' dir='ltr'>μόνης</span> <span class='ocrx_word' id='word_1_256' title='bbox 406 1225 492 1252; x_wconf 80' lang='grc' dir='ltr'>δεῖται</span> <span class='ocrx_word' id='word_1_257' title='bbox 505 1225 603 1260; x_wconf 80' lang='grc' dir='ltr'>τομῆς,</span> <span class='ocrx_word' id='word_1_258' title='bbox 617 1226 768 1260; x_wconf 76' lang='grc' dir='ltr'>ἀναφανδὸν</span> <span class='ocrx_word' id='word_1_259' title='bbox 780 1226 875 1263; x_wconf 84' lang='grc' dir='ltr'>ὥσπερ</span> 
     </span>
    </p>
   </div>
   <div class='ocr_carea' id='block_1_40' title="bbox 80 1270 875 1308">
    <p class='ocr_par' dir='ltr' id='par_1_40' title="bbox 80 1270 875 1308">
     <span class='ocr_line' id='line_1_40' title="bbox 80 1270 875 1308; baseline 0.001 -10"><span class='ocrx_word' id='word_1_260' title='bbox 80 1271 266 1306; x_wconf 80' lang='grc' dir='ltr'>ὁμολογοῦντα</span> <span class='ocrx_word' id='word_1_261' title='bbox 290 1271 339 1306; x_wconf 85' lang='grc' dir='ltr'>τὴν</span> <span class='ocrx_word' id='word_1_262' title='bbox 363 1270 512 1307; x_wconf 88' lang='grc' dir='ltr'>ἀκαρπίαν.</span> <span class='ocrx_word' id='word_1_263' title='bbox 531 1271 592 1298; x_wconf 86' lang='grc' dir='ltr'>’Ότι</span> <span class='ocrx_word' id='word_1_264' title='bbox 613 1272 641 1298; x_wconf 75' lang='grc' dir='ltr'>δὲ</span> <span class='ocrx_word' id='word_1_265' title='bbox 662 1272 719 1304; x_wconf 74' lang='grc' dir='ltr'>τοῖς</span> <span class='ocrx_word' id='word_1_266' title='bbox 739 1272 875 1308; x_wconf 84' lang='grc' dir='ltr'><strong>ἀκάρποις</strong></span> 
     </span>
    </p>
   </div>
   <div class='ocr_carea' id='block_1_41' title="bbox 79 1316 874 1352">
    <p class='ocr_par' dir='ltr' id='par_1_41' title="bbox 79 1316 874 1352">
     <span class='ocr_line' id='line_1_41' title="bbox 79 1316 874 1352; baseline 0 -8"><span class='ocrx_word' id='word_1_267' title='bbox 79 1316 170 1349; x_wconf 75' lang='grc' dir='ltr'>ξύλοις</span> <span class='ocrx_word' id='word_1_268' title='bbox 183 1318 233 1344; x_wconf 77' lang='grc' dir='ltr'>καὶ</span> <span class='ocrx_word' id='word_1_269' title='bbox 245 1316 441 1352; x_wconf 76' lang='grc' dir='ltr'><strong>ἀποκείρεσθαι</strong></span> <span class='ocrx_word' id='word_1_270' title='bbox 459 1316 572 1352; x_wconf 79' lang='grc' dir='ltr'>πρέπει,</span> <span class='ocrx_word' id='word_1_271' title='bbox 590 1318 637 1344; x_wconf 77' lang='grc' dir='ltr'>καὶ</span> <span class='ocrx_word' id='word_1_272' title='bbox 659 1318 739 1350; x_wconf 76' lang='grc' dir='ltr'>αὐτὸς</span> <span class='ocrx_word' id='word_1_273' title='bbox 757 1318 874 1350; x_wconf 76' lang='grc' dir='ltr'>ἐδίδαξεν</span> 
     </span>
    </p>
   </div>
   <div class='ocr_carea' id='block_1_42' title="bbox 81 1362 874 1398">
    <p class='ocr_par' dir='ltr' id='par_1_42' title="bbox 81 1362 874 1398">
     <span class='ocr_line' id='line_1_42' title="bbox 81 1362 874 1398; baseline 0.001 -10"><span class='ocrx_word' id='word_1_274' title='bbox 81 1365 94 1388; x_wconf 83' lang='grc' dir='ltr'><strong>ό</strong></span> <span class='ocrx_word' id='word_1_275' title='bbox 109 1363 220 1398; x_wconf 81' lang='grc' dir='ltr'>Σωτὴρ.</span> <span class='ocrx_word' id='word_1_276' title='bbox 234 1362 285 1397; x_wconf 84' lang='grc' dir='ltr'><strong>τὴν</strong></span> <span class='ocrx_word' id='word_1_277' title='bbox 301 1362 406 1397; x_wconf 78' lang='grc' dir='ltr'>καρπὸν</span> <span class='ocrx_word' id='word_1_278' title='bbox 419 1362 470 1388; x_wconf 79' lang='grc' dir='ltr'>οὐκ</span> <span class='ocrx_word' id='word_1_279' title='bbox 483 1362 596 1397; x_wconf 83' lang='grc' dir='ltr'>ἔχουσαν</span> <span class='ocrx_word' id='word_1_280' title='bbox 609 1362 694 1398; x_wconf 84' lang='grc' dir='ltr'>συκῆν</span> <span class='ocrx_word' id='word_1_281' title='bbox 711 1363 748 1394; x_wconf 86' lang='grc' dir='ltr'><strong>ὡς</strong></span> <span class='ocrx_word' id='word_1_282' title='bbox 765 1363 794 1389; x_wconf 77' lang='grc' dir='ltr'>ἐν</span> <span class='ocrx_word' id='word_1_283' title='bbox 810 1363 874 1390; x_wconf 68' lang='grc' dir='ltr'>εῖδει</span> 
     </span>
    </p>
   </div>
   <div class='ocr_carea' id='block_1_43' title="bbox 80 1407 873 1444">
    <p class='ocr_par' dir='ltr' id='par_1_43' title="bbox 80 1407 873 1444">
     <span class='ocr_line' id='line_1_43' title="bbox 80 1407 873 1444; baseline 0.003 -10"><span class='ocrx_word' id='word_1_284' title='bbox 80 1409 128 1444; x_wconf 79' lang='grc' dir='ltr'><strong>τῆς</strong></span> <span class='ocrx_word' id='word_1_285' title='bbox 146 1408 287 1435; x_wconf 80' lang='grc' dir='ltr'><strong>Ἰουδαίων</strong></span> <span class='ocrx_word' id='word_1_286' title='bbox 316 1407 482 1443; x_wconf 83' lang='grc' dir='ltr'><strong>Συναγωγῆς</strong></span> <span class='ocrx_word' id='word_1_287' title='bbox 506 1408 687 1435; x_wconf 82' lang='grc' dir='ltr'>ὲκκόπτεσθαι</span> <span class='ocrx_word' id='word_1_288' title='bbox 712 1409 873 1436; x_wconf 74' lang='grc' dir='ltr'>ἐπιτάττων.</span> 
     </span>
    </p>
   </div>
   <div class='ocr_carea' id='block_1_44' title="bbox 85 1452 876 1489">
    <p class='ocr_par' dir='ltr' id='par_1_44' title="bbox 85 1452 876 1489">
     <span class='ocr_line' id='line_1_44' title="bbox 85 1452 876 1489; baseline 0 -9"><span class='ocrx_word' id='word_1_289' title='bbox 85 1463 93 1480; x_wconf 88' lang='lat' dir='ltr'><strong>t</strong></span> <span class='ocrx_word' id='word_1_290' title='bbox 112 1455 174 1481; x_wconf 85' lang='grc' dir='ltr'><strong>ἰνα</strong></span> <span class='ocrx_word' id='word_1_291' title='bbox 187 1453 214 1479; x_wconf 87' lang='grc' dir='ltr'><strong>τί</strong></span> <span class='ocrx_word' id='word_1_292' title='bbox 225 1453 290 1488; x_wconf 83' lang='grc' dir='ltr'>γὰρ,</span> <span class='ocrx_word' id='word_1_293' title='bbox 305 1452 382 1488; x_wconf 75' lang='grc' dir='ltr'>φησὶ,</span> <span class='ocrx_word' id='word_1_294' title='bbox 393 1453 440 1480; x_wconf 76' lang='grc' dir='ltr'>καὶ</span> <span class='ocrx_word' id='word_1_295' title='bbox 450 1452 500 1487; x_wconf 83' lang='grc' dir='ltr'>τὴν</span> <span class='ocrx_word' id='word_1_296' title='bbox 510 1453 560 1488; x_wconf 80' lang='grc' dir='ltr'>γῆν</span> <span class='ocrx_word' id='word_1_297' title='bbox 575 1453 726 1489; x_wconf 83' lang='grc' dir='ltr'>καταργεῖ;</span> <span class='ocrx_word' id='word_1_298' title='bbox 745 1462 755 1479; x_wconf 76' lang='grc' dir='ltr'>ι</span> <span class='ocrx_word' id='word_1_299' title='bbox 772 1454 876 1488; x_wconf 80' lang='grc' dir='ltr'>Ἀκαρ-</span> 
     </span>
    </p>
   </div>
   <div class='ocr_carea' id='block_1_45' title="bbox 82 1497 876 1534">
    <p class='ocr_par' dir='ltr' id='par_1_45' title="bbox 82 1497 876 1534">
     <span class='ocr_line' id='line_1_45' title="bbox 82 1497 876 1534; baseline 0 -8"><span class='ocrx_word' id='word_1_300' title='bbox 82 1508 131 1531; x_wconf 79' lang='grc' dir='ltr'>πος</span> <span class='ocrx_word' id='word_1_301' title='bbox 145 1499 179 1526; x_wconf 70' lang='grc' dir='ltr'>δὴ</span> <span class='ocrx_word' id='word_1_302' title='bbox 193 1497 242 1525; x_wconf 82' lang='grc' dir='ltr'>οὖν</span> <span class='ocrx_word' id='word_1_303' title='bbox 258 1498 380 1534; x_wconf 77' lang='grc' dir='ltr'>εὑρεθεὶς</span> <span class='ocrx_word' id='word_1_304' title='bbox 392 1499 406 1525; x_wconf 84' lang='grc' dir='ltr'>ὁ</span> <span class='ocrx_word' id='word_1_305' title='bbox 426 1498 544 1534; x_wconf 82' lang='grc' dir='ltr'>Ἰσραὴλ,</span> <span class='ocrx_word' id='word_1_306' title='bbox 562 1499 655 1534; x_wconf 75' lang='grc' dir='ltr'>φησὶν,</span> <span class='ocrx_word' id='word_1_307' title='bbox 669 1499 829 1526; x_wconf 83' lang='grc' dir='ltr'>ὲκκόπτοιτο</span> <span class='ocrx_word' id='word_1_308' title='bbox 842 1499 876 1526; x_wconf 75' lang='grc' dir='ltr'><strong>ἀν</strong></span> 
     </span>
    </p>
   </div>
   <div class='ocr_carea' id='block_1_46' title="bbox 82 1543 877 1579">
    <p class='ocr_par' dir='ltr' id='par_1_46' title="bbox 82 1543 877 1579">
     <span class='ocr_line' id='line_1_46' title="bbox 82 1543 877 1579; baseline -0.001 -7"><span class='ocrx_word' id='word_1_309' title='bbox 82 1545 206 1576; x_wconf 66' lang='grc' dir='ltr'>εἰκότως·</span> <span class='ocrx_word' id='word_1_310' title='bbox 240 1543 271 1570; x_wconf 79' lang='grc' dir='ltr'>οὐ</span> <span class='ocrx_word' id='word_1_311' title='bbox 294 1543 349 1579; x_wconf 81' lang='grc' dir='ltr'><strong>γὰρ</strong></span> <span class='ocrx_word' id='word_1_312' title='bbox 371 1543 483 1570; x_wconf 74' lang='grc' dir='ltr'>ἐκδώσει</span> <span class='ocrx_word' id='word_1_313' title='bbox 509 1544 624 1577; x_wconf 85' lang='grc' dir='ltr'>καρπόν.</span> <span class='ocrx_word' id='word_1_314' title='bbox 658 1544 738 1571; x_wconf 81' lang='grc' dir='ltr'>Ἀλλά</span> <span class='ocrx_word' id='word_1_315' title='bbox 761 1545 813 1571; x_wconf 81' lang='grc' dir='ltr'>κᾶν</span> <span class='ocrx_word' id='word_1_316' title='bbox 836 1545 877 1577; x_wconf 86' lang='grc' dir='ltr'><strong>εἰς</strong></span> 
     </span>
    </p>
   </div>
   <div class='ocr_carea' id='block_1_47' title="bbox 84 1589 872 1625">
    <p class='ocr_par' dir='ltr' id='par_1_47' title="bbox 84 1589 872 1625">
     <span class='ocr_line' id='line_1_47' title="bbox 84 1589 872 1625; baseline -0.001 -8"><span class='ocrx_word' id='word_1_317' title='bbox 84 1591 164 1617; x_wconf 83' lang='grc' dir='ltr'>τοῦτο</span> <span class='ocrx_word' id='word_1_318' title='bbox 177 1590 295 1625; x_wconf 80' lang='grc' dir='ltr'>γένοιτο,</span> <span class='ocrx_word' id='word_1_319' title='bbox 307 1589 399 1624; x_wconf 73' lang='grc' dir='ltr'>φησὶν,</span> <span class='ocrx_word' id='word_1_320' title='bbox 409 1589 501 1616; x_wconf 88' lang='grc' dir='ltr'>ἀπολῶ</span> <span class='ocrx_word' id='word_1_321' title='bbox 511 1589 545 1616; x_wconf 83' lang='grc' dir='ltr'>τὰ</span> <span class='ocrx_word' id='word_1_322' title='bbox 556 1589 586 1622; x_wconf 76' lang='grc' dir='ltr'><strong>ἐξ</strong></span> <span class='ocrx_word' id='word_1_323' title='bbox 600 1589 689 1616; x_wconf 85' lang='grc' dir='ltr'>αὐτῶν</span> <span class='ocrx_word' id='word_1_324' title='bbox 706 1589 872 1625; x_wconf 84' lang='grc' dir='ltr'>γεννώμενα.</span> 
     </span>
    </p>
   </div>
   <div class='ocr_carea' id='block_1_48' title="bbox 83 1633 892 1669">
    <p class='ocr_par' dir='ltr' id='par_1_48' title="bbox 83 1633 892 1669">
     <span class='ocr_line' id='line_1_48' title="bbox 83 1633 892 1669; baseline -0.002 -7"><span class='ocrx_word' id='word_1_325' title='bbox 83 1636 139 1663; x_wconf 64' lang='grc' dir='ltr'><strong>Καὶ</strong></span> <span class='ocrx_word' id='word_1_326' title='bbox 157 1634 240 1662; x_wconf 82' lang='grc' dir='ltr'>τοῦτό</span> <span class='ocrx_word' id='word_1_327' title='bbox 255 1635 326 1668; x_wconf 77' lang='grc' dir='ltr'>ἐστι,</span> <span class='ocrx_word' id='word_1_328' title='bbox 347 1642 356 1660; x_wconf 75' lang='lat' dir='ltr'><strong>t</strong></span> <span class='ocrx_word' id='word_1_329' title='bbox 373 1633 414 1660; x_wconf 84' lang='grc' dir='ltr'>Τὰ</span> <span class='ocrx_word' id='word_1_330' title='bbox 429 1634 624 1669; x_wconf 73' lang='grc' dir='ltr'>ἐπιθυμήματα</span> <span class='ocrx_word' id='word_1_331' title='bbox 638 1634 687 1669; x_wconf 86' lang='grc' dir='ltr'><strong>τῆς</strong></span> <span class='ocrx_word' id='word_1_332' title='bbox 703 1633 806 1666; x_wconf 82' lang='grc' dir='ltr'>κοιλίας</span> <span class='ocrx_word' id='word_1_333' title='bbox 829 1633 892 1661; x_wconf 58' lang='grc' dir='ltr'><strong>αῠοέ</strong></span> 
     </span>
    </p>
   </div>
   <div class='ocr_carea' id='block_1_49' title="bbox 82 1678 876 1716">
    <p class='ocr_par' dir='ltr' id='par_1_49' title="bbox 82 1678 876 1716">
     <span class='ocr_line' id='line_1_49' title="bbox 82 1678 876 1716; baseline -0.004 -7"><span class='ocrx_word' id='word_1_334' title='bbox 82 1682 146 1709; x_wconf 82' lang='grc' dir='ltr'>τῶν.</span> <span class='ocrx_word' id='word_1_335' title='bbox 168 1691 178 1707; x_wconf 80' lang='grc' dir='ltr'><strong>ι</strong></span> <span class='ocrx_word' id='word_1_336' title='bbox 205 1680 367 1714; x_wconf 75' lang='grc' dir='ltr'>’Δναγκαϊον</span> <span class='ocrx_word' id='word_1_337' title='bbox 381 1679 411 1706; x_wconf 74' lang='grc' dir='ltr'>δὲ</span> <span class='ocrx_word' id='word_1_338' title='bbox 433 1678 509 1714; x_wconf 69' lang='grc' dir='ltr'>οἶμαι</span> <span class='ocrx_word' id='word_1_339' title='bbox 532 1680 642 1706; x_wconf 75' lang='grc' dir='ltr'>κάκεῖνο</span> <span class='ocrx_word' id='word_1_340' title='bbox 658 1679 827 1716; x_wconf 81' lang='grc' dir='ltr'>περιαθρεῖν,</span> <span class='ocrx_word' id='word_1_341' title='bbox 849 1680 876 1706; x_wconf 89' lang='grc' dir='ltr'><strong>τί</strong></span> 
     </span>
    </p>
   </div>
   <div class='ocr_carea' id='block_1_50' title="bbox 83 1723 876 1762">
    <p class='ocr_par' dir='ltr' id='par_1_50' title="bbox 83 1723 876 1762">
     <span class='ocr_line' id='line_1_50' title="bbox 83 1723 876 1762; baseline -0.001 -9"><span class='ocrx_word' id='word_1_342' title='bbox 83 1726 113 1753; x_wconf 70' lang='grc' dir='ltr'>τὸ</span> <span class='ocrx_word' id='word_1_343' title='bbox 125 1725 225 1762; x_wconf 75' lang='grc' dir='ltr'>χρῆμα</span> <span class='ocrx_word' id='word_1_344' title='bbox 239 1724 287 1751; x_wconf 82' lang='grc' dir='ltr'><strong>τοῦ</strong></span> <span class='ocrx_word' id='word_1_345' title='bbox 302 1724 392 1758; x_wconf 83' lang='grc' dir='ltr'>λόγου.</span> <span class='ocrx_word' id='word_1_346' title='bbox 407 1723 457 1751; x_wconf 73' lang='grc' dir='ltr'><strong>Διὰ</strong></span> <span class='ocrx_word' id='word_1_347' title='bbox 468 1724 494 1750; x_wconf 84' lang='grc' dir='ltr'><strong>τί</strong></span> <span class='ocrx_word' id='word_1_348' title='bbox 510 1724 565 1760; x_wconf 82' lang='grc' dir='ltr'>γάρ</span> <span class='ocrx_word' id='word_1_349' title='bbox 581 1733 672 1761; x_wconf 79' lang='grc' dir='ltr'>φησιν,</span> <span class='ocrx_word' id='word_1_350' title='bbox 686 1725 727 1751; x_wconf 80' lang='grc' dir='ltr'>ὅτι</span> <span class='ocrx_word' id='word_1_351' title='bbox 745 1735 754 1751; x_wconf 74' lang='grc' dir='ltr'><strong>ι</strong></span> <span class='ocrx_word' id='word_1_352' title='bbox 773 1725 876 1757; x_wconf 73' lang='grc' dir='ltr'>Πάντες</span> 
     </span>
    </p>
   </div>
   <div class='ocr_carea' id='block_1_51' title="bbox 83 1769 874 1807">
    <p class='ocr_par' dir='ltr' id='par_1_51' title="bbox 83 1769 874 1807">
     <span class='ocr_line' id='line_1_51' title="bbox 83 1769 874 1807; baseline -0.001 -8"><span class='ocrx_word' id='word_1_353' title='bbox 83 1773 110 1798; x_wconf 71' lang='grc' dir='ltr'>οί⁴</span> <span class='ocrx_word' id='word_1_354' title='bbox 132 1772 265 1807; x_wconf 78' lang='grc' dir='ltr'>ἀρχοντες</span> <span class='ocrx_word' id='word_1_355' title='bbox 287 1769 378 1797; x_wconf 77' lang='grc' dir='ltr'>αὐτῶν</span> <span class='ocrx_word' id='word_1_356' title='bbox 402 1769 595 1803; x_wconf 77' lang='grc' dir='ltr'>ἀπειθοῦντες;</span> <span class='ocrx_word' id='word_1_357' title='bbox 625 1780 635 1796; x_wconf 73' lang='grc' dir='ltr'><strong>ι</strong></span> <span class='ocrx_word' id='word_1_358' title='bbox 667 1771 699 1797; x_wconf 85' lang='grc' dir='ltr'>Τί</span> <span class='ocrx_word' id='word_1_359' title='bbox 725 1771 780 1807; x_wconf 81' lang='grc' dir='ltr'><strong>γὰρ</strong></span> <span class='ocrx_word' id='word_1_360' title='bbox 804 1771 874 1804; x_wconf 81' lang='grc' dir='ltr'>ὅλως</span> 
     </span>
    </p>
   </div>
   <div class='ocr_carea' id='block_1_52' title="bbox 84 1815 876 1853">
    <p class='ocr_par' dir='ltr' id='par_1_52' title="bbox 84 1815 876 1853">
     <span class='ocr_line' id='line_1_52' title="bbox 84 1815 876 1853; baseline 0.001 -9"><span class='ocrx_word' id='word_1_361' title='bbox 84 1818 168 1844; x_wconf 64' lang='grc' dir='ltr'>ἐδεῖτο</span> <span class='ocrx_word' id='word_1_362' title='bbox 182 1817 233 1852; x_wconf 81' lang='grc' dir='ltr'><strong>τῆς</strong></span> <span class='ocrx_word' id='word_1_363' title='bbox 241 1816 297 1843; x_wconf 89' lang='grc' dir='ltr'>τῶν</span> <span class='ocrx_word' id='word_1_364' title='bbox 310 1816 447 1851; x_wconf 77' lang='grc' dir='ltr'>ἀρχόντων</span> <span class='ocrx_word' id='word_1_365' title='bbox 464 1815 621 1852; x_wconf 74' lang='grc' dir='ltr'>ὕποταγῆςς</span> <span class='ocrx_word' id='word_1_366' title='bbox 637 1817 788 1853; x_wconf 76' lang='grc' dir='ltr'>’Λναφοράν</span> <span class='ocrx_word' id='word_1_367' title='bbox 802 1815 849 1845; x_wconf 77' lang='grc' dir='ltr'>οὖν</span> <span class='ocrx_word' id='word_1_368' title='bbox 861 1816 876 1845; x_wconf 87' lang='grc' dir='ltr'><strong><em>ὸ</em></strong></span> 
     </span>
    </p>
   </div>
   <div class='ocr_carea' id='block_1_53' title="bbox 83 1861 877 1899">
    <p class='ocr_par' dir='ltr' id='par_1_53' title="bbox 83 1861 877 1899">
     <span class='ocr_line' id='line_1_53' title="bbox 83 1861 877 1899; baseline 0.003 -11"><span class='ocrx_word' id='word_1_369' title='bbox 83 1863 161 1898; x_wconf 73' lang='grc' dir='ltr'>λόγος</span> <span class='ocrx_word' id='word_1_370' title='bbox 177 1863 236 1898; x_wconf 76' lang='grc' dir='ltr'>ιχει</span> <span class='ocrx_word' id='word_1_371' title='bbox 248 1862 316 1897; x_wconf 81' lang='grc' dir='ltr'>πρὸς</span> <span class='ocrx_word' id='word_1_372' title='bbox 329 1861 448 1897; x_wconf 70' lang='grc' dir='ltr'>ἱστορίαν</span> <span class='ocrx_word' id='word_1_373' title='bbox 461 1861 523 1888; x_wconf 90' lang='grc' dir='ltr'>τινά</span> <span class='ocrx_word' id='word_1_374' title='bbox 538 1861 591 1889; x_wconf 85' lang='grc' dir='ltr'>τῶν</span> <span class='ocrx_word' id='word_1_375' title='bbox 607 1862 800 1899; x_wconf 83' lang='grc' dir='ltr'>ἀρχαιοτέρων.</span> <span class='ocrx_word' id='word_1_376' title='bbox 822 1863 877 1890; x_wconf 66' lang='grc' dir='ltr'><strong>Καὶ</strong></span> 
     </span>
    </p>
   </div>
   <div class='ocr_carea' id='block_1_54' title="bbox 85 1906 876 1945">
    <p class='ocr_par' dir='ltr' id='par_1_54' title="bbox 85 1906 876 1945">
     <span class='ocr_line' id='line_1_54' title="bbox 85 1906 876 1945; baseline 0.003 -11"><span class='ocrx_word' id='word_1_377' title='bbox 85 1913 124 1941; x_wconf 71' lang='grc' dir='ltr'><strong>τίς</strong></span> <span class='ocrx_word' id='word_1_378' title='bbox 148 1909 181 1944; x_wconf 79' lang='grc' dir='ltr'>δὴ</span> <span class='ocrx_word' id='word_1_379' title='bbox 207 1908 279 1944; x_wconf 79' lang='grc' dir='ltr'>αὓτη</span> <span class='ocrx_word' id='word_1_380' title='bbox 303 1907 385 1934; x_wconf 78' lang='grc' dir='ltr'>πάλιν</span> <span class='ocrx_word' id='word_1_381' title='bbox 406 1906 470 1942; x_wconf 73' lang='grc' dir='ltr'>ὶρῶ.</span> <span class='ocrx_word' id='word_1_382' title='bbox 493 1908 720 1944; x_wconf 74' lang='grc' dir='ltr'>Μεμοσχοποίηκε</span> <span class='ocrx_word' id='word_1_383' title='bbox 736 1909 806 1936; x_wconf 85' lang='grc' dir='ltr'>κατὰ</span> <span class='ocrx_word' id='word_1_384' title='bbox 827 1909 876 1945; x_wconf 79' lang='grc' dir='ltr'>τὴν</span> 
     </span>
    </p>
   </div>
   <div class='ocr_carea' id='block_1_55' title="bbox 85 1951 877 1989">
    <p class='ocr_par' dir='ltr' id='par_1_55' title="bbox 85 1951 877 1989">
     <span class='ocr_line' id='line_1_55' title="bbox 85 1951 877 1989; baseline 0.001 -10"><span class='ocrx_word' id='word_1_385' title='bbox 85 1953 187 1988; x_wconf 68' lang='grc' dir='ltr'>ἔρημον</span> <span class='ocrx_word' id='word_1_386' title='bbox 204 1953 220 1979; x_wconf 85' lang='grc' dir='ltr'><strong>ὁ</strong></span> <span class='ocrx_word' id='word_1_387' title='bbox 240 1951 359 1988; x_wconf 87' lang='grc' dir='ltr'>Ἰσραὴλ,</span> <span class='ocrx_word' id='word_1_388' title='bbox 376 1952 492 1984; x_wconf 76' lang='grc' dir='ltr'>ἀπόντος</span> <span class='ocrx_word' id='word_1_389' title='bbox 515 1953 648 1986; x_wconf 82' lang='grc' dir='ltr'>Μωσέως,</span> <span class='ocrx_word' id='word_1_390' title='bbox 674 1953 877 1989; x_wconf 79' lang='grc' dir='ltr'>ἀναπεφοίτηκε</span> 
     </span>
    </p>
   </div>
   <div class='ocr_carea' id='block_1_56' title="bbox 83 1997 877 2034">
    <p class='ocr_par' dir='ltr' id='par_1_56' title="bbox 83 1997 877 2034">
     <span class='ocr_line' id='line_1_56' title="bbox 83 1997 877 2034; baseline 0.001 -10"><span class='ocrx_word' id='word_1_391' title='bbox 83 1998 138 2033; x_wconf 75' lang='grc' dir='ltr'>γὰρ</span> <span class='ocrx_word' id='word_1_392' title='bbox 157 1999 186 2025; x_wconf 79' lang='grc' dir='ltr'>ὲν</span> <span class='ocrx_word' id='word_1_393' title='bbox 201 1997 241 2033; x_wconf 82' lang='grc' dir='ltr'><strong>τῷ</strong></span> <span class='ocrx_word' id='word_1_394' title='bbox 255 1998 314 2033; x_wconf 71' lang='grc' dir='ltr'>ὄρει</span> <span class='ocrx_word' id='word_1_395' title='bbox 329 1998 404 2033; x_wconf 84' lang='grc' dir='ltr'>Σινᾷ,</span> <span class='ocrx_word' id='word_1_396' title='bbox 420 1998 465 2024; x_wconf 80' lang='grc' dir='ltr'><strong>τὸν</strong></span> <span class='ocrx_word' id='word_1_397' title='bbox 481 1998 565 2033; x_wconf 86' lang='grc' dir='ltr'>νόμον</span> <span class='ocrx_word' id='word_1_398' title='bbox 582 1998 787 2034; x_wconf 77' lang='grc' dir='ltr'>ὑποδεξάμενος.</span> <span class='ocrx_word' id='word_1_399' title='bbox 808 1997 877 2027; x_wconf 70' lang='grc' dir='ltr'>Εἶτα</span> 
     </span>
    </p>
   </div>
   <div class='ocr_carea' id='block_1_57' title="bbox 84 2043 875 2080">
    <p class='ocr_par' dir='ltr' id='par_1_57' title="bbox 84 2043 875 2080">
     <span class='ocr_line' id='line_1_57' title="bbox 84 2043 875 2080; baseline 0 -10"><span class='ocrx_word' id='word_1_400' title='bbox 84 2044 234 2077; x_wconf 84' lang='grc' dir='ltr'>κατελθὼν,</span> <span class='ocrx_word' id='word_1_401' title='bbox 255 2043 405 2079; x_wconf 84' lang='grc' dir='ltr'>λελύπηται</span> <span class='ocrx_word' id='word_1_402' title='bbox 425 2044 528 2080; x_wconf 80' lang='grc' dir='ltr'>σφόδρα</span> <span class='ocrx_word' id='word_1_403' title='bbox 543 2043 612 2080; x_wconf 71' lang='grc' dir='ltr'>πρὸς</span> <span class='ocrx_word' id='word_1_404' title='bbox 625 2044 656 2071; x_wconf 83' lang='grc' dir='ltr'><strong>τὸ</strong></span> <span class='ocrx_word' id='word_1_405' title='bbox 676 2044 875 2080; x_wconf 72' lang='grc' dir='ltr'>πλημμέλημα,</span> 
     </span>
    </p>
   </div>
   <div class='ocr_carea' id='block_1_58' title="bbox 86 2091 877 2128">
    <p class='ocr_par' dir='ltr' id='par_1_58' title="bbox 86 2091 877 2128">
     <span class='ocr_line' id='line_1_58' title="bbox 86 2091 877 2128; baseline 0.001 -10"><span class='ocrx_word' id='word_1_406' title='bbox 86 2091 231 2128; x_wconf 72' lang='grc' dir='ltr'>συνέτριψε</span> <span class='ocrx_word' id='word_1_407' title='bbox 247 2091 294 2118; x_wconf 77' lang='grc' dir='ltr'>τὸν</span> <span class='ocrx_word' id='word_1_408' title='bbox 314 2092 424 2127; x_wconf 81' lang='grc' dir='ltr'>μόσχον,</span> <span class='ocrx_word' id='word_1_409' title='bbox 442 2092 646 2126; x_wconf 74' lang='grc' dir='ltr'>ἀγανακτοῦντα</span> <span class='ocrx_word' id='word_1_410' title='bbox 661 2091 728 2119; x_wconf 78' lang='grc' dir='ltr'>Θεδν</span> <span class='ocrx_word' id='word_1_411' title='bbox 743 2091 877 2120; x_wconf 78' lang='grc' dir='ltr'>ἐδυσώπει</span> 
     </span>
    </p>
   </div>
   <div class='ocr_carea' id='block_1_59' title="bbox 85 2138 876 2174">
    <p class='ocr_par' dir='ltr' id='par_1_59' title="bbox 85 2138 876 2174">
     <span class='ocr_line' id='line_1_59' title="bbox 85 2138 876 2174; baseline 0.001 -10"><span class='ocrx_word' id='word_1_412' title='bbox 85 2138 184 2174; x_wconf 83' lang='grc' dir='ltr'>τρόπον</span> <span class='ocrx_word' id='word_1_413' title='bbox 196 2138 260 2164; x_wconf 72' lang='grc' dir='ltr'>τινὰ</span> <span class='ocrx_word' id='word_1_414' title='bbox 267 2139 300 2173; x_wconf 81' lang='grc' dir='ltr'><strong>τῇ</strong></span> <span class='ocrx_word' id='word_1_415' title='bbox 311 2138 364 2173; x_wconf 71' lang='grc' dir='ltr'>ἰδίᾳ</span> <span class='ocrx_word' id='word_1_416' title='bbox 371 2138 528 2174; x_wconf 82' lang='grc' dir='ltr'>γνησιότητι</span> <span class='ocrx_word' id='word_1_417' title='bbox 537 2139 583 2165; x_wconf 74' lang='grc' dir='ltr'>καὶ</span> <span class='ocrx_word' id='word_1_418' title='bbox 594 2138 689 2174; x_wconf 80' lang='grc' dir='ltr'>ἀρετῇ.</span> <span class='ocrx_word' id='word_1_419' title='bbox 702 2138 876 2174; x_wconf 85' lang='grc' dir='ltr'>Προσέπιπτε</span> 
     </span>
    </p>
   </div>
   <div class='ocr_carea' id='block_1_60' title="bbox 86 2183 877 2220">
    <p class='ocr_par' dir='ltr' id='par_1_60' title="bbox 86 2183 877 2220">
     <span class='ocr_line' id='line_1_60' title="bbox 86 2183 877 2220; baseline 0.003 -11"><span class='ocrx_word' id='word_1_420' title='bbox 86 2183 150 2219; x_wconf 76' lang='grc' dir='ltr'>γὰρ,</span> <span class='ocrx_word' id='word_1_421' title='bbox 165 2184 216 2210; x_wconf 71' lang='grc' dir='ltr'>καὶ</span> <span class='ocrx_word' id='word_1_422' title='bbox 230 2183 386 2218; x_wconf 73' lang='grc' dir='ltr'>ὲξελιπάρει</span> <span class='ocrx_word' id='word_1_423' title='bbox 408 2183 512 2217; x_wconf 74' lang='grc' dir='ltr'>λέγων·</span> <span class='ocrx_word' id='word_1_424' title='bbox 539 2192 549 2210; x_wconf 73' lang='grc' dir='ltr'><em>α</em></span> <span class='ocrx_word' id='word_1_425' title='bbox 576 2184 609 2211; x_wconf 87' lang='lat' dir='ltr'><strong>El</strong></span> <span class='ocrx_word' id='word_1_426' title='bbox 631 2184 680 2220; x_wconf 79' lang='grc' dir='ltr'>μὲν</span> <span class='ocrx_word' id='word_1_427' title='bbox 697 2184 769 2220; x_wconf 78' lang='grc' dir='ltr'>ἀφῇς</span> <span class='ocrx_word' id='word_1_428' title='bbox 785 2185 877 2217; x_wconf 74' lang='grc' dir='ltr'>αὐτοῖς</span> 
     </span>
    </p>
   </div>
   <div class='ocr_carea' id='block_1_61' title="bbox 85 2229 877 2266">
    <p class='ocr_par' dir='ltr' id='par_1_61' title="bbox 85 2229 877 2266">
     <span class='ocr_line' id='line_1_61' title="bbox 85 2229 877 2266; baseline 0.001 -10"><span class='ocrx_word' id='word_1_429' title='bbox 85 2229 303 2265; x_wconf 66' lang='grc' dir='ltr'>τὴνλάμαρτίαν,</span> <span class='ocrx_word' id='word_1_430' title='bbox 328 2229 407 2264; x_wconf 81' lang='grc' dir='ltr'>ἄφες·</span> <span class='ocrx_word' id='word_1_431' title='bbox 429 2230 453 2256; x_wconf 81' lang='grc' dir='ltr'><strong>εί</strong></span> <span class='ocrx_word' id='word_1_432' title='bbox 477 2229 506 2256; x_wconf 82' lang='grc' dir='ltr'>δὲ</span> <span class='ocrx_word' id='word_1_433' title='bbox 530 2229 579 2265; x_wconf 84' lang='grc' dir='ltr'>μὴ,</span> <span class='ocrx_word' id='word_1_434' title='bbox 595 2229 734 2265; x_wconf 79' lang='grc' dir='ltr'>ὲξάλειψον</span> <span class='ocrx_word' id='word_1_435' title='bbox 749 2230 822 2266; x_wconf 79' lang='grc' dir='ltr'>κάμὲ</span> <span class='ocrx_word' id='word_1_436' title='bbox 845 2231 877 2258; x_wconf 84' lang='grc' dir='ltr'>ὲκ</span> 
     </span>
    </p>
   </div>
   <div class='ocr_carea' id='block_1_62' title="bbox 924 991 1711 1027">
    <p class='ocr_par' dir='ltr' id='par_1_62' title="bbox 924 991 1711 1027">
     <span class='ocr_line' id='line_1_62' title="bbox 924 991 1711 1027; baseline 0 -8"><span class='ocrx_word' id='word_1_437' title='bbox 924 997 952 1020; x_wconf 87' lang='lat' dir='ltr'><strong>et</strong></span> <span class='ocrx_word' id='word_1_438' title='bbox 974 991 1081 1020; x_wconf 73' lang='lat' dir='ltr'><strong>facilem</strong></span> <span class='ocrx_word' id='word_1_439' title='bbox 1095 992 1166 1020; x_wconf 89' lang='lat' dir='ltr'><strong>inter</strong></span> <span class='ocrx_word' id='word_1_440' title='bbox 1188 993 1236 1020; x_wconf 75' lang='lat' dir='ltr'><strong>ens</strong></span> <span class='ocrx_word' id='word_1_441' title='bbox 1258 997 1395 1027; x_wconf 86' lang='lat' dir='ltr'><strong>repertum</strong></span> <span class='ocrx_word' id='word_1_442' title='bbox 1422 992 1471 1026; x_wconf 86' lang='lat' dir='ltr'><strong>ait,</strong></span> <span class='ocrx_word' id='word_1_443' title='bbox 1497 999 1550 1020; x_wconf 93' lang='lat' dir='ltr'><strong>non</strong></span> <span class='ocrx_word' id='word_1_444' title='bbox 1574 1000 1688 1027; x_wconf 85' lang='lat' dir='ltr'><strong>parvum</strong></span> <span class='ocrx_word' id='word_1_445' title='bbox 1702 1013 1711 1026; x_wconf 92' lang='lat'><strong>,</strong></span> 
     </span>
    </p>
   </div>
   <div class='ocr_carea' id='block_1_63' title="bbox 925 1038 1713 1074">
    <p class='ocr_par' dir='ltr' id='par_1_63' title="bbox 925 1038 1713 1074">
     <span class='ocr_line' id='line_1_63' title="bbox 925 1038 1713 1074; baseline 0.003 -9"><span class='ocrx_word' id='word_1_446' title='bbox 925 1045 978 1067; x_wconf 90' lang='lat' dir='ltr'><strong>non</strong></span> <span class='ocrx_word' id='word_1_447' title='bbox 994 1046 1131 1074; x_wconf 80' lang='lat' dir='ltr'><strong>magnum,</strong></span> <span class='ocrx_word' id='word_1_448' title='bbox 1143 1045 1194 1066; x_wconf 90' lang='lat' dir='ltr'><strong>non</strong></span> <span class='ocrx_word' id='word_1_449' title='bbox 1209 1038 1370 1074; x_wconf 87' lang='lat' dir='ltr'><strong>principem,</strong></span> <span class='ocrx_word' id='word_1_450' title='bbox 1385 1046 1439 1067; x_wconf 91' lang='lat' dir='ltr'><strong>non</strong></span> <span class='ocrx_word' id='word_1_451' title='bbox 1455 1038 1596 1072; x_wconf 85' lang='lat' dir='ltr'><strong>clientem,</strong></span> <span class='ocrx_word' id='word_1_452' title='bbox 1606 1043 1634 1067; x_wconf 87' lang='lat' dir='ltr'><strong>et</strong></span> <span class='ocrx_word' id='word_1_453' title='bbox 1648 1041 1713 1067; x_wconf 80' lang='lat' dir='ltr'><strong>sub-</strong></span> 
     </span>
    </p>
   </div>
   <div class='ocr_carea' id='block_1_64' title="bbox 924 1084 1711 1122">
    <p class='ocr_par' dir='ltr' id='par_1_64' title="bbox 924 1084 1711 1122">
     <span class='ocr_line' id='line_1_64' title="bbox 924 1084 1711 1122; baseline 0.003 -10"><span class='ocrx_word' id='word_1_454' title='bbox 924 1085 1021 1113; x_wconf 87' lang='lat' dir='ltr'><strong>ditum.</strong></span> <span class='ocrx_word' id='word_1_455' title='bbox 1037 1084 1171 1122; x_wconf 74' lang='lat' dir='ltr'><strong>Quocirca</strong></span> <span class='ocrx_word' id='word_1_456' title='bbox 1193 1089 1220 1113; x_wconf 86' lang='lat' dir='ltr'><strong>et</strong></span> <span class='ocrx_word' id='word_1_457' title='bbox 1231 1085 1350 1118; x_wconf 88' lang='lat' dir='ltr'><strong>omnino,</strong></span> <span class='ocrx_word' id='word_1_458' title='bbox 1369 1085 1442 1113; x_wconf 86' lang='lat' dir='ltr'><strong>velut</strong></span> <span class='ocrx_word' id='word_1_459' title='bbox 1453 1086 1584 1113; x_wconf 85' lang='lat' dir='ltr'><strong>radicitus</strong></span> <span class='ocrx_word' id='word_1_460' title='bbox 1596 1085 1711 1114; x_wconf 67' lang='lat' dir='ltr'><strong>elossos</strong></span> 
     </span>
    </p>
   </div>
   <div class='ocr_carea' id='block_1_65' title="bbox 924 1131 1714 1168">
    <p class='ocr_par' dir='ltr' id='par_1_65' title="bbox 924 1131 1714 1168">
     <span class='ocr_line' id='line_1_65' title="bbox 924 1131 1714 1168; baseline 0.001 -9"><span class='ocrx_word' id='word_1_461' title='bbox 924 1131 1037 1167; x_wconf 85' lang='lat' dir='ltr'><strong>periisse</strong></span> <span class='ocrx_word' id='word_1_462' title='bbox 1055 1131 1208 1162; x_wconf 77' lang='lat' dir='ltr'><strong>conﬁrmat.</strong></span> <span class='ocrx_word' id='word_1_463' title='bbox 1223 1135 1250 1158; x_wconf 88' lang='lat' dir='ltr'><strong>et</strong></span> <span class='ocrx_word' id='word_1_464' title='bbox 1267 1131 1325 1166; x_wconf 80' lang='lat' dir='ltr'><strong>jam</strong></span> <span class='ocrx_word' id='word_1_465' title='bbox 1339 1131 1441 1159; x_wconf 76' lang='lat' dir='ltr'><strong>similes</strong></span> <span class='ocrx_word' id='word_1_466' title='bbox 1460 1138 1521 1159; x_wconf 84' lang='lat' dir='ltr'><strong>esse</strong></span> <span class='ocrx_word' id='word_1_467' title='bbox 1543 1131 1624 1168; x_wconf 78' lang='lat' dir='ltr'><strong>lignis</strong></span> <span class='ocrx_word' id='word_1_468' title='bbox 1652 1139 1714 1160; x_wconf 86' lang='lat' dir='ltr'><strong>are-</strong></span> 
     </span>
    </p>
   </div>
   <div class='ocr_carea' id='block_1_66' title="bbox 925 1177 1713 1213">
    <p class='ocr_par' dir='ltr' id='par_1_66' title="bbox 925 1177 1713 1213">
     <span class='ocr_line' id='line_1_66' title="bbox 925 1177 1713 1213; baseline 0.001 -9"><span class='ocrx_word' id='word_1_469' title='bbox 925 1178 1004 1206; x_wconf 80' lang='lat' dir='ltr'><strong>factis</strong></span> <span class='ocrx_word' id='word_1_470' title='bbox 1019 1182 1045 1205; x_wconf 90' lang='lat' dir='ltr'><strong>et</strong></span> <span class='ocrx_word' id='word_1_471' title='bbox 1063 1178 1208 1212; x_wconf 83' lang='lat' dir='ltr'><strong>percussis,</strong></span> <span class='ocrx_word' id='word_1_472' title='bbox 1217 1178 1314 1212; x_wconf 84' lang='lat' dir='ltr'><strong>quibus</strong></span> <span class='ocrx_word' id='word_1_473' title='bbox 1328 1177 1385 1205; x_wconf 89' lang='lat' dir='ltr'><strong>sola</strong></span> <span class='ocrx_word' id='word_1_474' title='bbox 1404 1177 1555 1206; x_wconf 80' lang='lat' dir='ltr'><strong>resectione</strong></span> <span class='ocrx_word' id='word_1_475' title='bbox 1580 1184 1647 1213; x_wconf 85' lang='lat' dir='ltr'><strong>opus</strong></span> <span class='ocrx_word' id='word_1_476' title='bbox 1660 1182 1713 1210; x_wconf 89' lang='lat' dir='ltr'><strong>est,</strong></span> 
     </span>
    </p>
   </div>
   <div class='ocr_carea' id='block_1_67' title="bbox 924 1222 1715 1259">
    <p class='ocr_par' dir='ltr' id='par_1_67' title="bbox 924 1222 1715 1259">
     <span class='ocr_line' id='line_1_67' title="bbox 924 1222 1715 1259; baseline 0 -9"><span class='ocrx_word' id='word_1_477' title='bbox 924 1227 1017 1259; x_wconf 87' lang='lat' dir='ltr'><strong>utpote</strong></span> <span class='ocrx_word' id='word_1_478' title='bbox 1039 1223 1209 1252; x_wconf 79' lang='lat' dir='ltr'><strong>sterilitatem</strong></span> <span class='ocrx_word' id='word_1_479' title='bbox 1231 1231 1307 1251; x_wconf 77' lang='lat' dir='ltr'><strong>suam</strong></span> <span class='ocrx_word' id='word_1_480' title='bbox 1329 1223 1416 1259; x_wconf 83' lang='lat' dir='ltr'><strong>palam</strong></span> <span class='ocrx_word' id='word_1_481' title='bbox 1445 1224 1654 1251; x_wconf 71' lang='lat' dir='ltr'><strong>ostentantibus.</strong></span> <span class='ocrx_word' id='word_1_482' title='bbox 1670 1222 1715 1250; x_wconf 81' lang='lat' dir='ltr'><strong>Li-</strong></span> 
     </span>
    </p>
   </div>
   <div class='ocr_carea' id='block_1_68' title="bbox 923 1268 1712 1305">
    <p class='ocr_par' dir='ltr' id='par_1_68' title="bbox 923 1268 1712 1305">
     <span class='ocr_line' id='line_1_68' title="bbox 923 1268 1712 1305; baseline -0.001 -8"><span class='ocrx_word' id='word_1_483' title='bbox 923 1270 984 1305; x_wconf 84' lang='lat' dir='ltr'><strong>gnis</strong></span> <span class='ocrx_word' id='word_1_484' title='bbox 1003 1274 1093 1297; x_wconf 88' lang='lat' dir='ltr'><strong>autem</strong></span> <span class='ocrx_word' id='word_1_485' title='bbox 1117 1269 1290 1298; x_wconf 79' lang='lat' dir='ltr'><strong>infructuosis</strong></span> <span class='ocrx_word' id='word_1_486' title='bbox 1314 1269 1526 1305; x_wconf 83' lang='lat' dir='ltr'><strong>amputationem</strong></span> <span class='ocrx_word' id='word_1_487' title='bbox 1550 1268 1712 1303; x_wconf 79' lang='lat' dir='ltr'><strong>convenire,</strong></span> 
     </span>
    </p>
   </div>
   <div class='ocr_carea' id='block_1_69' title="bbox 924 1314 1714 1352">
    <p class='ocr_par' dir='ltr' id='par_1_69' title="bbox 924 1314 1714 1352">
     <span class='ocr_line' id='line_1_69' title="bbox 924 1314 1714 1352; baseline -0.003 -8"><span class='ocrx_word' id='word_1_488' title='bbox 924 1316 982 1351; x_wconf 84' lang='lat' dir='ltr'><strong>ipse</strong></span> <span class='ocrx_word' id='word_1_489' title='bbox 995 1323 1103 1352; x_wconf 88' lang='lat' dir='ltr'><strong>quoque</strong></span> <span class='ocrx_word' id='word_1_490' title='bbox 1119 1315 1245 1344; x_wconf 82' lang='lat' dir='ltr'><strong>Salvator</strong></span> <span class='ocrx_word' id='word_1_491' title='bbox 1264 1316 1366 1348; x_wconf 85' lang='lat' dir='ltr'><strong>docuit,</strong></span> <span class='ocrx_word' id='word_1_492' title='bbox 1396 1315 1538 1344; x_wconf 83' lang='lat' dir='ltr'><strong>ﬂculneam</strong></span> <span class='ocrx_word' id='word_1_493' title='bbox 1556 1314 1646 1343; x_wconf 81' lang='lat' dir='ltr'><strong>fructu</strong></span> <span class='ocrx_word' id='word_1_494' title='bbox 1665 1323 1714 1343; x_wconf 85' lang='lat' dir='ltr'><strong>ca-</strong></span> 
     </span>
    </p>
   </div>
   <div class='ocr_carea' id='block_1_70' title="bbox 924 1361 1715 1398">
    <p class='ocr_par' dir='ltr' id='par_1_70' title="bbox 924 1361 1715 1398">
     <span class='ocr_line' id='line_1_70' title="bbox 924 1361 1715 1398; baseline -0.001 -9"><span class='ocrx_word' id='word_1_495' title='bbox 924 1367 1039 1395; x_wconf 87' lang='lat' dir='ltr'><strong>rentem,</strong></span> <span class='ocrx_word' id='word_1_496' title='bbox 1064 1366 1092 1390; x_wconf 87' lang='lat' dir='ltr'><strong>et</strong></span> <span class='ocrx_word' id='word_1_497' title='bbox 1118 1362 1273 1390; x_wconf 65' lang='lat' dir='ltr'><strong>Iudaeorum</strong></span> <span class='ocrx_word' id='word_1_498' title='bbox 1300 1361 1471 1398; x_wconf 84' lang='lat' dir='ltr'><strong>Synagogam</strong></span> <span class='ocrx_word' id='word_1_499' title='bbox 1506 1361 1715 1393; x_wconf 82' lang='lat' dir='ltr'><strong>adumbrantem</strong></span> 
     </span>
    </p>
   </div>
   <div class='ocr_carea' id='block_1_71' title="bbox 924 1406 1716 1443">
    <p class='ocr_par' dir='ltr' id='par_1_71' title="bbox 924 1406 1716 1443">
     <span class='ocr_line' id='line_1_71' title="bbox 924 1406 1716 1443; baseline 0.001 -9"><span class='ocrx_word' id='word_1_500' title='bbox 924 1407 1046 1435; x_wconf 78' lang='lat' dir='ltr'><strong>exscindi</strong></span> <span class='ocrx_word' id='word_1_501' title='bbox 1057 1407 1165 1443; x_wconf 83' lang='lat' dir='ltr'><strong>jubens.</strong></span> <span class='ocrx_word' id='word_1_502' title='bbox 1180 1406 1270 1442; x_wconf 84' lang='lat' dir='ltr'><strong>inquit</strong></span> <span class='ocrx_word' id='word_1_503' title='bbox 1281 1407 1352 1435; x_wconf 90' lang='lat' dir='ltr'><strong>enim</strong></span> <span class='ocrx_word' id='word_1_504' title='bbox 1364 1408 1398 1440; x_wconf 72' lang='grc' dir='ltr'>τι,</span> <span class='ocrx_word' id='word_1_505' title='bbox 1416 1416 1425 1434; x_wconf 80' lang='lat' dir='ltr'><strong>t</strong></span> <span class='ocrx_word' id='word_1_506' title='bbox 1443 1407 1479 1436; x_wconf 90' lang='lat' dir='ltr'><strong>Ut</strong></span> <span class='ocrx_word' id='word_1_507' title='bbox 1490 1407 1555 1442; x_wconf 89' lang='lat' dir='ltr'><strong>quid</strong></span> <span class='ocrx_word' id='word_1_508' title='bbox 1566 1407 1648 1435; x_wconf 85' lang='lat' dir='ltr'><strong>etiam</strong></span> <span class='ocrx_word' id='word_1_509' title='bbox 1659 1411 1716 1435; x_wconf 85' lang='lat' dir='ltr'><strong>ter-</strong></span> 
     </span>
    </p>
   </div>
   <div class='ocr_carea' id='block_1_72' title="bbox 926 1452 1714 1488">
    <p class='ocr_par' dir='ltr' id='par_1_72' title="bbox 926 1452 1714 1488">
     <span class='ocr_line' id='line_1_72' title="bbox 926 1452 1714 1488; baseline 0 -8"><span class='ocrx_word' id='word_1_510' title='bbox 926 1461 982 1481; x_wconf 87' lang='lat' dir='ltr'><strong>ram</strong></span> <span class='ocrx_word' id='word_1_511' title='bbox 1006 1453 1154 1488; x_wconf 69' lang='lat' dir='ltr'><strong>occupat‘h</strong></span> <span class='ocrx_word' id='word_1_512' title='bbox 1167 1453 1353 1481; x_wconf 83' lang='lat' dir='ltr'><strong>lnfructuosus</strong></span> <span class='ocrx_word' id='word_1_513' title='bbox 1368 1453 1461 1488; x_wconf 82' lang='lat' dir='ltr'><strong>itaque</strong></span> <span class='ocrx_word' id='word_1_514' title='bbox 1479 1454 1606 1481; x_wconf 86' lang='lat' dir='ltr'><strong>inventus</strong></span> <span class='ocrx_word' id='word_1_515' title='bbox 1617 1452 1714 1487; x_wconf 81' lang='lat' dir='ltr'><strong>Israel,</strong></span> 
     </span>
    </p>
   </div>
   <div class='ocr_carea' id='block_1_73' title="bbox 926 1497 1715 1534">
    <p class='ocr_par' dir='ltr' id='par_1_73' title="bbox 926 1497 1715 1534">
     <span class='ocr_line' id='line_1_73' title="bbox 926 1497 1715 1534; baseline 0.001 -9"><span class='ocrx_word' id='word_1_516' title='bbox 926 1499 1022 1534; x_wconf 86' lang='lat' dir='ltr'><strong>inquit,</strong></span> <span class='ocrx_word' id='word_1_517' title='bbox 1038 1499 1135 1527; x_wconf 89' lang='lat' dir='ltr'><strong>merito</strong></span> <span class='ocrx_word' id='word_1_518' title='bbox 1160 1499 1343 1527; x_wconf 74' lang='lat' dir='ltr'><strong>exscindatur.</strong></span> <span class='ocrx_word' id='word_1_519' title='bbox 1371 1498 1429 1526; x_wconf 90' lang='lat' dir='ltr'><strong>Non</strong></span> <span class='ocrx_word' id='word_1_520' title='bbox 1444 1498 1517 1526; x_wconf 87' lang='lat' dir='ltr'><strong>enim</strong></span> <span class='ocrx_word' id='word_1_521' title='bbox 1536 1497 1611 1526; x_wconf 83' lang='lat' dir='ltr'><strong>dabit</strong></span> <span class='ocrx_word' id='word_1_522' title='bbox 1655 1497 1715 1529; x_wconf 72' lang='lat' dir='ltr'><strong>fru-</strong></span> 
     </span>
    </p>
   </div>
   <div class='ocr_carea' id='block_1_74' title="bbox 926 1544 1716 1580">
    <p class='ocr_par' dir='ltr' id='par_1_74' title="bbox 926 1544 1716 1580">
     <span class='ocr_line' id='line_1_74' title="bbox 926 1544 1716 1580; baseline -0.001 -8"><span class='ocrx_word' id='word_1_523' title='bbox 926 1550 1008 1572; x_wconf 84' lang='lat' dir='ltr'><strong>ctum.</strong></span> <span class='ocrx_word' id='word_1_524' title='bbox 1027 1544 1104 1578; x_wconf 87' lang='lat' dir='ltr'><strong>Quod</strong></span> <span class='ocrx_word' id='word_1_525' title='bbox 1122 1545 1145 1573; x_wconf 87' lang='lat' dir='ltr'><strong>si</strong></span> <span class='ocrx_word' id='word_1_526' title='bbox 1159 1544 1241 1572; x_wconf 84' lang='lat' dir='ltr'><strong>etiam</strong></span> <span class='ocrx_word' id='word_1_527' title='bbox 1265 1545 1396 1578; x_wconf 86' lang='lat' dir='ltr'><strong>dederint,</strong></span> <span class='ocrx_word' id='word_1_528' title='bbox 1414 1544 1510 1579; x_wconf 85' lang='lat' dir='ltr'><strong>inquit,</strong></span> <span class='ocrx_word' id='word_1_529' title='bbox 1523 1551 1558 1572; x_wconf 78' lang='lat' dir='ltr'><strong>ex</strong></span> <span class='ocrx_word' id='word_1_530' title='bbox 1567 1544 1632 1579; x_wconf 85' lang='lat' dir='ltr'><strong>ipsis</strong></span> <span class='ocrx_word' id='word_1_531' title='bbox 1652 1551 1716 1580; x_wconf 83' lang='lat' dir='ltr'><strong>pro-</strong></span> 
     </span>
    </p>
   </div>
   <div class='ocr_carea' id='block_1_75' title="bbox 926 1590 1716 1626">
    <p class='ocr_par' dir='ltr' id='par_1_75' title="bbox 926 1590 1716 1626">
     <span class='ocr_line' id='line_1_75' title="bbox 926 1590 1716 1626; baseline 0 -8"><span class='ocrx_word' id='word_1_532' title='bbox 926 1595 1005 1625; x_wconf 79' lang='lat' dir='ltr'><strong>gnata</strong></span> <span class='ocrx_word' id='word_1_533' title='bbox 1023 1591 1144 1626; x_wconf 85' lang='lat' dir='ltr'><strong>perdam.</strong></span> <span class='ocrx_word' id='word_1_534' title='bbox 1169 1590 1203 1618; x_wconf 85' lang='lat' dir='ltr'><strong>Et</strong></span> <span class='ocrx_word' id='word_1_535' title='bbox 1232 1591 1290 1618; x_wconf 57' lang='lat' dir='ltr'><strong>haec</strong></span> <span class='ocrx_word' id='word_1_536' title='bbox 1309 1595 1396 1618; x_wconf 69' lang='lat' dir='ltr'><strong>suntt</strong></span> <span class='ocrx_word' id='word_1_537' title='bbox 1423 1590 1557 1618; x_wconf 85' lang='lat' dir='ltr'><strong>desideria</strong></span> <span class='ocrx_word' id='word_1_538' title='bbox 1580 1590 1649 1618; x_wconf 88' lang='lat' dir='ltr'><strong>uteri</strong></span> <span class='ocrx_word' id='word_1_539' title='bbox 1666 1597 1716 1618; x_wconf 90' lang='lat' dir='ltr'><strong>eo-</strong></span> 
     </span>
    </p>
   </div>
   <div class='ocr_carea' id='block_1_76' title="bbox 927 1635 1715 1671">
    <p class='ocr_par' dir='ltr' id='par_1_76' title="bbox 927 1635 1715 1671">
     <span class='ocr_line' id='line_1_76' title="bbox 927 1635 1715 1671; baseline 0 -7"><span class='ocrx_word' id='word_1_540' title='bbox 927 1644 1014 1664; x_wconf 69' lang='lat' dir='ltr'><strong>rum.»</strong></span> <span class='ocrx_word' id='word_1_541' title='bbox 1034 1636 1167 1664; x_wconf 79' lang='lat' dir='ltr'><strong>Existimo</strong></span> <span class='ocrx_word' id='word_1_542' title='bbox 1195 1636 1278 1665; x_wconf 86' lang='lat' dir='ltr'><strong>etiam</strong></span> <span class='ocrx_word' id='word_1_543' title='bbox 1302 1636 1549 1670; x_wconf 87' lang='lat' dir='ltr'><strong>considerandum,</strong></span> <span class='ocrx_word' id='word_1_544' title='bbox 1572 1636 1637 1671; x_wconf 88' lang='lat' dir='ltr'><strong>quid</strong></span> <span class='ocrx_word' id='word_1_545' title='bbox 1669 1635 1715 1664; x_wconf 83' lang='lat' dir='ltr'><strong>illa</strong></span> 
     </span>
    </p>
   </div>
   <div class='ocr_carea' id='block_1_77' title="bbox 927 1681 1715 1717">
    <p class='ocr_par' dir='ltr' id='par_1_77' title="bbox 927 1681 1715 1717">
     <span class='ocr_line' id='line_1_77' title="bbox 927 1681 1715 1717; baseline -0.003 -7"><span class='ocrx_word' id='word_1_546' title='bbox 927 1683 1009 1710; x_wconf 84' lang='lat' dir='ltr'><strong>verba</strong></span> <span class='ocrx_word' id='word_1_547' title='bbox 1033 1683 1202 1710; x_wconf 89' lang='lat' dir='ltr'><strong>contineant.</strong></span> <span class='ocrx_word' id='word_1_548' title='bbox 1220 1681 1276 1710; x_wconf 86' lang='lat' dir='ltr'><strong>Cur</strong></span> <span class='ocrx_word' id='word_1_549' title='bbox 1288 1682 1361 1710; x_wconf 88' lang='lat' dir='ltr'><strong>enim</strong></span> <span class='ocrx_word' id='word_1_550' title='bbox 1381 1682 1446 1710; x_wconf 88' lang='lat' dir='ltr'><strong>dicit</strong></span> <span class='ocrx_word' id='word_1_551' title='bbox 1459 1691 1466 1710; x_wconf 91' lang='lat'>:</span> <span class='ocrx_word' id='word_1_552' title='bbox 1480 1690 1489 1707; x_wconf 81' lang='grc' dir='ltr'><strong>ι</strong></span> <span class='ocrx_word' id='word_1_553' title='bbox 1517 1681 1618 1710; x_wconf 84' lang='lat' dir='ltr'><strong>Omnes</strong></span> <span class='ocrx_word' id='word_1_554' title='bbox 1638 1681 1715 1717; x_wconf 88' lang='lat' dir='ltr'><strong>prin-</strong></span> 
     </span>
    </p>
   </div>
   <div class='ocr_carea' id='block_1_78' title="bbox 925 1726 1715 1762">
    <p class='ocr_par' dir='ltr' id='par_1_78' title="bbox 925 1726 1715 1762">
     <span class='ocr_line' id='line_1_78' title="bbox 925 1726 1715 1762; baseline 0 -8"><span class='ocrx_word' id='word_1_555' title='bbox 925 1727 999 1762; x_wconf 87' lang='lat' dir='ltr'><strong>cipes</strong></span> <span class='ocrx_word' id='word_1_556' title='bbox 1026 1734 1120 1754; x_wconf 89' lang='lat' dir='ltr'><strong>eorum</strong></span> <span class='ocrx_word' id='word_1_557' title='bbox 1145 1726 1331 1755; x_wconf 87' lang='lat' dir='ltr'><strong>iuobedientes</strong></span> <span class='ocrx_word' id='word_1_558' title='bbox 1349 1727 1375 1755; x_wconf 71' lang='lat' dir='ltr'><strong>is</strong></span> <span class='ocrx_word' id='word_1_559' title='bbox 1389 1727 1458 1761; x_wconf 87' lang='lat' dir='ltr'><strong>Quid</strong></span> <span class='ocrx_word' id='word_1_560' title='bbox 1489 1726 1561 1754; x_wconf 86' lang='lat' dir='ltr'><strong>enim</strong></span> <span class='ocrx_word' id='word_1_561' title='bbox 1592 1726 1715 1754; x_wconf 89' lang='lat' dir='ltr'><strong>omnium</strong></span> 
     </span>
    </p>
   </div>
   <div class='ocr_carea' id='block_1_79' title="bbox 927 1772 1716 1809">
    <p class='ocr_par' dir='ltr' id='par_1_79' title="bbox 927 1772 1716 1809">
     <span class='ocr_line' id='line_1_79' title="bbox 927 1772 1716 1809; baseline 0 -9"><span class='ocrx_word' id='word_1_562' title='bbox 927 1773 1077 1808; x_wconf 83' lang='lat' dir='ltr'><strong>principum</strong></span> <span class='ocrx_word' id='word_1_563' title='bbox 1114 1772 1266 1801; x_wconf 81' lang='lat' dir='ltr'><strong>obedientia</strong></span> <span class='ocrx_word' id='word_1_564' title='bbox 1287 1780 1355 1809; x_wconf 89' lang='lat' dir='ltr'><strong>opus</strong></span> <span class='ocrx_word' id='word_1_565' title='bbox 1388 1772 1470 1800; x_wconf 78' lang='lat' dir='ltr'><strong>erat?</strong></span> <span class='ocrx_word' id='word_1_566' title='bbox 1487 1772 1598 1808; x_wconf 82' lang='lat' dir='ltr'><strong>Spectat</strong></span> <span class='ocrx_word' id='word_1_567' title='bbox 1629 1772 1716 1800; x_wconf 82' lang='lat' dir='ltr'><strong>oratio</strong></span> 
     </span>
    </p>
   </div>
   <div class='ocr_carea' id='block_1_80' title="bbox 926 1818 1716 1854">
    <p class='ocr_par' dir='ltr' id='par_1_80' title="bbox 926 1818 1716 1854">
     <span class='ocr_line' id='line_1_80' title="bbox 926 1818 1716 1854; baseline -0.001 -8"><span class='ocrx_word' id='word_1_568' title='bbox 926 1819 1066 1847; x_wconf 69' lang='lat' dir='ltr'><strong>ItiStoriam</strong></span> <span class='ocrx_word' id='word_1_569' title='bbox 1093 1819 1236 1854; x_wconf 86' lang='lat' dir='ltr'><strong>quamdam</strong></span> <span class='ocrx_word' id='word_1_570' title='bbox 1250 1824 1474 1854; x_wconf 85' lang='lat' dir='ltr'><strong>veterem,quam</strong></span> <span class='ocrx_word' id='word_1_571' title='bbox 1495 1825 1638 1853; x_wconf 83' lang='lat' dir='ltr'><strong>exponam.</strong></span> <span class='ocrx_word' id='word_1_572' title='bbox 1658 1818 1716 1846; x_wconf 85' lang='lat' dir='ltr'><strong>Ab-</strong></span> 
     </span>
    </p>
   </div>
   <div class='ocr_carea' id='block_1_81' title="bbox 927 1862 1714 1899">
    <p class='ocr_par' dir='ltr' id='par_1_81' title="bbox 927 1862 1714 1899">
     <span class='ocr_line' id='line_1_81' title="bbox 927 1862 1714 1899; baseline 0 -7"><span class='ocrx_word' id='word_1_573' title='bbox 927 1867 1003 1892; x_wconf 88' lang='lat' dir='ltr'><strong>sente</strong></span> <span class='ocrx_word' id='word_1_574' title='bbox 1016 1863 1117 1899; x_wconf 85' lang='lat' dir='ltr'><strong>Moyse,</strong></span> <span class='ocrx_word' id='word_1_575' title='bbox 1131 1863 1213 1891; x_wconf 84' lang='lat' dir='ltr'><strong>Israel</strong></span> <span class='ocrx_word' id='word_1_576' title='bbox 1229 1863 1255 1890; x_wconf 91' lang='lat' dir='ltr'><strong>in</strong></span> <span class='ocrx_word' id='word_1_577' title='bbox 1268 1863 1414 1891; x_wconf 86' lang='lat' dir='ltr'><strong>solitudine</strong></span> <span class='ocrx_word' id='word_1_578' title='bbox 1427 1862 1506 1899; x_wconf 64' lang='grc' dir='ltr'>ιω</span> <span class='ocrx_word' id='word_1_579' title='bbox 1519 1863 1629 1890; x_wconf 87' lang='lat' dir='ltr'><strong>vitulum</strong></span> <span class='ocrx_word' id='word_1_580' title='bbox 1639 1862 1714 1892; x_wconf 82' lang='lat' dir='ltr'><strong>fecit.</strong></span> 
     </span>
    </p>
   </div>
   <div class='ocr_carea' id='block_1_82' title="bbox 926 1908 1714 1945">
    <p class='ocr_par' dir='ltr' id='par_1_82' title="bbox 926 1908 1714 1945">
     <span class='ocr_line' id='line_1_82' title="bbox 926 1908 1714 1945; baseline -0.004 -7"><span class='ocrx_word' id='word_1_581' title='bbox 926 1911 1093 1938; x_wconf 79' lang='lat' dir='ltr'><strong>Ascenderat</strong></span> <span class='ocrx_word' id='word_1_582' title='bbox 1108 1910 1207 1945; x_wconf 89' lang='lat' dir='ltr'><strong>quippe</strong></span> <span class='ocrx_word' id='word_1_583' title='bbox 1232 1908 1260 1936; x_wconf 93' lang='lat' dir='ltr'><strong>in</strong></span> <span class='ocrx_word' id='word_1_584' title='bbox 1281 1912 1400 1936; x_wconf 85' lang='lat' dir='ltr'><strong>montem</strong></span> <span class='ocrx_word' id='word_1_585' title='bbox 1424 1908 1490 1936; x_wconf 89' lang='lat' dir='ltr'><strong>Sina</strong></span> <span class='ocrx_word' id='word_1_586' title='bbox 1516 1908 1600 1944; x_wconf 81' lang='lat' dir='ltr'><strong>legem</strong></span> <span class='ocrx_word' id='word_1_587' title='bbox 1637 1916 1714 1936; x_wconf 84' lang='lat' dir='ltr'><strong>acce-</strong></span> 
     </span>
    </p>
   </div>
   <div class='ocr_carea' id='block_1_83' title="bbox 926 1954 1715 1991">
    <p class='ocr_par' dir='ltr' id='par_1_83' title="bbox 926 1954 1715 1991">
     <span class='ocr_line' id='line_1_83' title="bbox 926 1954 1715 1991; baseline -0.003 -7"><span class='ocrx_word' id='word_1_588' title='bbox 926 1960 1021 1991; x_wconf 88' lang='lat' dir='ltr'><strong>pturus</strong></span> <span class='ocrx_word' id='word_1_589' title='bbox 1034 1955 1069 1983; x_wconf 85' lang='lat'><strong>&quot;.</strong></span> <span class='ocrx_word' id='word_1_590' title='bbox 1089 1955 1140 1989; x_wconf 83' lang='lat' dir='ltr'><strong>Qui</strong></span> <span class='ocrx_word' id='word_1_591' title='bbox 1164 1955 1213 1989; x_wconf 75' lang='lat' dir='ltr'><strong>ubi</strong></span> <span class='ocrx_word' id='word_1_592' title='bbox 1239 1955 1390 1987; x_wconf 87' lang='lat' dir='ltr'><strong>descendit,</strong></span> <span class='ocrx_word' id='word_1_593' title='bbox 1410 1962 1442 1983; x_wconf 83' lang='lat' dir='ltr'><strong>eo</strong></span> <span class='ocrx_word' id='word_1_594' title='bbox 1455 1954 1557 1983; x_wconf 84' lang='lat' dir='ltr'><strong>scelere</strong></span> <span class='ocrx_word' id='word_1_595' title='bbox 1586 1954 1715 1989; x_wconf 82' lang='lat' dir='ltr'><strong>majorem</strong></span> 
     </span>
    </p>
   </div>
   <div class='ocr_carea' id='block_1_84' title="bbox 927 1999 1716 2034">
    <p class='ocr_par' dir='ltr' id='par_1_84' title="bbox 927 1999 1716 2034">
     <span class='ocr_line' id='line_1_84' title="bbox 927 1999 1716 2034; baseline -0.001 -6"><span class='ocrx_word' id='word_1_596' title='bbox 927 2001 953 2028; x_wconf 91' lang='lat' dir='ltr'><strong>in</strong></span> <span class='ocrx_word' id='word_1_597' title='bbox 972 2001 1080 2028; x_wconf 94' lang='lat' dir='ltr'><strong>modum</strong></span> <span class='ocrx_word' id='word_1_598' title='bbox 1098 2000 1284 2033; x_wconf 86' lang='lat' dir='ltr'><strong>contristatus,</strong></span> <span class='ocrx_word' id='word_1_599' title='bbox 1305 2000 1418 2029; x_wconf 87' lang='lat' dir='ltr'><strong>vitulum</strong></span> <span class='ocrx_word' id='word_1_600' title='bbox 1432 2000 1602 2034; x_wconf 87' lang='lat' dir='ltr'><strong>comminuit,</strong></span> <span class='ocrx_word' id='word_1_601' title='bbox 1618 1999 1716 2028; x_wconf 82' lang='lat' dir='ltr'><strong>Deum-</strong></span> 
     </span>
    </p>
   </div>
   <div class='ocr_carea' id='block_1_85' title="bbox 926 2046 1716 2084">
    <p class='ocr_par' dir='ltr' id='par_1_85' title="bbox 926 2046 1716 2084">
     <span class='ocr_line' id='line_1_85' title="bbox 926 2046 1716 2084; baseline 0 -10"><span class='ocrx_word' id='word_1_602' title='bbox 926 2054 979 2082; x_wconf 86' lang='lat' dir='ltr'><strong>que</strong></span> <span class='ocrx_word' id='word_1_603' title='bbox 1003 2047 1186 2082; x_wconf 76' lang='lat' dir='ltr'><strong>indignantem</strong></span> <span class='ocrx_word' id='word_1_604' title='bbox 1206 2055 1253 2076; x_wconf 88' lang='lat' dir='ltr'><strong>sua</strong></span> <span class='ocrx_word' id='word_1_605' title='bbox 1283 2049 1382 2076; x_wconf 83' lang='lat' dir='ltr'><strong>virtute</strong></span> <span class='ocrx_word' id='word_1_606' title='bbox 1405 2052 1433 2076; x_wconf 85' lang='lat' dir='ltr'><strong>et</strong></span> <span class='ocrx_word' id='word_1_607' title='bbox 1454 2046 1634 2084; x_wconf 77' lang='lat' dir='ltr'><strong>germanitate</strong></span> <span class='ocrx_word' id='word_1_608' title='bbox 1647 2053 1716 2081; x_wconf 83' lang='lat' dir='ltr'><strong>quo-</strong></span> 
     </span>
    </p>
   </div>
   <div class='ocr_carea' id='block_1_86' title="bbox 926 2093 1717 2129">
    <p class='ocr_par' dir='ltr' id='par_1_86' title="bbox 926 2093 1717 2129">
     <span class='ocr_line' id='line_1_86' title="bbox 926 2093 1717 2129; baseline -0.003 -7"><span class='ocrx_word' id='word_1_609' title='bbox 926 2093 1068 2122; x_wconf 89' lang='lat' dir='ltr'><strong>dammodo</strong></span> <span class='ocrx_word' id='word_1_610' title='bbox 1094 2093 1128 2121; x_wconf 84' lang='lat' dir='ltr'><strong>ad</strong></span> <span class='ocrx_word' id='word_1_611' title='bbox 1167 2093 1359 2129; x_wconf 79' lang='lat' dir='ltr'><strong>ignoscendum</strong></span> <span class='ocrx_word' id='word_1_612' title='bbox 1394 2094 1533 2129; x_wconf 80' lang='lat' dir='ltr'><strong>compulit.</strong></span> <span class='ocrx_word' id='word_1_613' title='bbox 1571 2093 1717 2121; x_wconf 84' lang='lat' dir='ltr'><strong>Proeidens</strong></span> 
     </span>
    </p>
   </div>
   <div class='ocr_carea' id='block_1_87' title="bbox 927 2138 1716 2174">
    <p class='ocr_par' dir='ltr' id='par_1_87' title="bbox 927 2138 1716 2174">
     <span class='ocr_line' id='line_1_87' title="bbox 927 2138 1716 2174; baseline -0.003 -6"><span class='ocrx_word' id='word_1_614' title='bbox 927 2139 1011 2172; x_wconf 89' lang='lat' dir='ltr'><strong>enim,</strong></span> <span class='ocrx_word' id='word_1_615' title='bbox 1024 2139 1137 2174; x_wconf 80' lang='lat' dir='ltr'><strong>supplex</strong></span> <span class='ocrx_word' id='word_1_616' title='bbox 1151 2140 1266 2174; x_wconf 76' lang='lat' dir='ltr'><strong>rogavit,</strong></span> <span class='ocrx_word' id='word_1_617' title='bbox 1285 2140 1327 2168; x_wconf 86' lang='lat' dir='ltr'><strong>bis</strong></span> <span class='ocrx_word' id='word_1_618' title='bbox 1343 2140 1454 2168; x_wconf 82' lang='lat' dir='ltr'><strong>verbis:</strong></span> <span class='ocrx_word' id='word_1_619' title='bbox 1475 2149 1484 2166; x_wconf 76' lang='grc' dir='ltr'><strong>ι</strong></span> <span class='ocrx_word' id='word_1_620' title='bbox 1502 2140 1530 2167; x_wconf 89' lang='lat' dir='ltr'><strong>Si</strong></span> <span class='ocrx_word' id='word_1_621' title='bbox 1553 2139 1661 2174; x_wconf 84' lang='lat' dir='ltr'><strong>quidem</strong></span> <span class='ocrx_word' id='word_1_622' title='bbox 1674 2138 1716 2166; x_wconf 85' lang='lat' dir='ltr'><strong>di-</strong></span> 
     </span>
    </p>
   </div>
   <div class='ocr_carea' id='block_1_88' title="bbox 928 2185 1718 2221">
    <p class='ocr_par' dir='ltr' id='par_1_88' title="bbox 928 2185 1718 2221">
     <span class='ocr_line' id='line_1_88' title="bbox 928 2185 1718 2221; baseline -0.001 -8"><span class='ocrx_word' id='word_1_623' title='bbox 928 2185 1013 2214; x_wconf 87' lang='lat' dir='ltr'><strong>mittis</strong></span> <span class='ocrx_word' id='word_1_624' title='bbox 1038 2185 1092 2213; x_wconf 88' lang='lat' dir='ltr'><strong>illis</strong></span> <span class='ocrx_word' id='word_1_625' title='bbox 1108 2186 1261 2221; x_wconf 83' lang='lat' dir='ltr'><strong>peccalum,</strong></span> <span class='ocrx_word' id='word_1_626' title='bbox 1274 2185 1380 2214; x_wconf 86' lang='lat' dir='ltr'><strong>dimitte</strong></span> <span class='ocrx_word' id='word_1_627' title='bbox 1395 2194 1403 2219; x_wconf 88' lang='lat'><strong>;</strong></span> <span class='ocrx_word' id='word_1_628' title='bbox 1420 2186 1461 2214; x_wconf 89' lang='lat' dir='ltr'><strong>sin</strong></span> <span class='ocrx_word' id='word_1_629' title='bbox 1485 2190 1588 2218; x_wconf 85' lang='lat' dir='ltr'><strong>autem,</strong></span> <span class='ocrx_word' id='word_1_630' title='bbox 1604 2185 1663 2213; x_wconf 88' lang='lat' dir='ltr'><strong>dele</strong></span> <span class='ocrx_word' id='word_1_631' title='bbox 1688 2190 1718 2212; x_wconf 85' lang='lat' dir='ltr'><strong>et</strong></span> 
     </span>
    </p>
   </div>
   <div class='ocr_carea' id='block_1_89' title="bbox 927 2230 1716 2266">
    <p class='ocr_par' dir='ltr' id='par_1_89' title="bbox 927 2230 1716 2266">
     <span class='ocr_line' id='line_1_89' title="bbox 927 2230 1716 2266; baseline -0.001 -7"><span class='ocrx_word' id='word_1_632' title='bbox 927 2238 972 2259; x_wconf 87' lang='lat' dir='ltr'><strong>me</strong></span> <span class='ocrx_word' id='word_1_633' title='bbox 981 2232 1015 2259; x_wconf 89' lang='lat' dir='ltr'><strong>de</strong></span> <span class='ocrx_word' id='word_1_634' title='bbox 1030 2230 1099 2259; x_wconf 89' lang='lat' dir='ltr'><strong>libro</strong></span> <span class='ocrx_word' id='word_1_635' title='bbox 1116 2231 1167 2259; x_wconf 87' lang='lat' dir='ltr'><strong>hoc</strong></span> <span class='ocrx_word' id='word_1_636' title='bbox 1183 2238 1264 2266; x_wconf 91' lang='lat' dir='ltr'><strong>quem</strong></span> <span class='ocrx_word' id='word_1_637' title='bbox 1286 2231 1447 2266; x_wconf 66' lang='lat' dir='ltr'><strong>scripsisti.»</strong></span> <span class='ocrx_word' id='word_1_638' title='bbox 1462 2231 1564 2259; x_wconf 87' lang='lat' dir='ltr'><strong>Annuit</strong></span> <span class='ocrx_word' id='word_1_639' title='bbox 1577 2231 1716 2266; x_wconf 68' lang='lat' dir='ltr'><strong>prophetas</strong></span> 
     </span>
    </p>
   </div>
   <div class='ocr_carea' id='block_1_90' title="bbox 86 2272 875 2313">
    <p class='ocr_par' dir='ltr' id='par_1_90' title="bbox 86 2272 875 2312">
     <span class='ocr_line' id='line_1_90' title="bbox 86 2272 875 2312; baseline 0.004 -11"><span class='ocrx_word' id='word_1_640' title='bbox 86 2276 133 2310; x_wconf 80' lang='grc' dir='ltr'><strong>τῆς</strong></span> <span class='ocrx_word' id='word_1_641' title='bbox 146 2275 240 2310; x_wconf 77' lang='grc' dir='ltr'>βίϐλου</span> <span class='ocrx_word' id='word_1_642' title='bbox 256 2274 370 2310; x_wconf 83' lang='grc' dir='ltr'>ταύτης,</span> <span class='ocrx_word' id='word_1_643' title='bbox 385 2272 420 2310; x_wconf 75' lang='grc' dir='ltr'><strong>ἧς</strong></span> <span class='ocrx_word' id='word_1_644' title='bbox 435 2274 566 2311; x_wconf 74' lang='grc' dir='ltr'>ἔγραψας.</span> <span class='ocrx_word' id='word_1_645' title='bbox 588 2285 598 2301; x_wconf 76' lang='grc' dir='ltr'>ι</span> <span class='ocrx_word' id='word_1_646' title='bbox 617 2276 770 2304; x_wconf 82' lang='grc' dir='ltr'>Κατένευσε</span> <span class='ocrx_word' id='word_1_647' title='bbox 788 2277 817 2304; x_wconf 85' lang='grc' dir='ltr'>δὲ</span> <span class='ocrx_word' id='word_1_648' title='bbox 838 2277 875 2312; x_wconf 81' lang='grc' dir='ltr'>τῷ</span> 
     </span>
    </p>
   </div>
   <div class='ocr_carea' id='block_1_91' title="bbox 927 2272 1715 2313">
    <p class='ocr_par' dir='ltr' id='par_1_91' title="bbox 930 2276 1715 2312">
     <span class='ocr_line' id='line_1_91' title="bbox 930 2276 1715 2312; baseline -0.003 -8"><span class='ocrx_word' id='word_1_649' title='bbox 930 2276 1011 2309; x_wconf 89' lang='lat' dir='ltr'><strong>Deus,</strong></span> <span class='ocrx_word' id='word_1_650' title='bbox 1037 2279 1066 2303; x_wconf 90' lang='lat' dir='ltr'><strong>ut</strong></span> <span class='ocrx_word' id='word_1_651' title='bbox 1101 2276 1253 2312; x_wconf 85' lang='lat' dir='ltr'><strong>ignosceret</strong></span> <span class='ocrx_word' id='word_1_652' title='bbox 1282 2276 1425 2309; x_wconf 83' lang='lat' dir='ltr'><strong>omnibus;</strong></span> <span class='ocrx_word' id='word_1_653' title='bbox 1453 2276 1600 2310; x_wconf 81' lang='lat' dir='ltr'><strong>quinetiam</strong></span> <span class='ocrx_word' id='word_1_654' title='bbox 1624 2276 1715 2307; x_wconf 80' lang='lat' dir='ltr'><strong>dlxit,</strong></span> 
     </span>
    </p>
   </div>
   <div class='ocr_carea' id='block_1_92' title="bbox 87 2319 877 2358">
    <p class='ocr_par' dir='ltr' id='par_1_92' title="bbox 87 2319 877 2358">
     <span class='ocr_line' id='line_1_92' title="bbox 87 2319 877 2358; baseline 0.004 -12"><span class='ocrx_word' id='word_1_655' title='bbox 87 2321 216 2357; x_wconf 76' lang='grc' dir='ltr'>προφήτῃ</span> <span class='ocrx_word' id='word_1_656' title='bbox 235 2319 304 2352; x_wconf 74' lang='grc' dir='ltr'><strong>Θεὸς</strong></span> <span class='ocrx_word' id='word_1_657' title='bbox 331 2320 375 2356; x_wconf 70' lang='grc' dir='ltr'>τὴν</span> <span class='ocrx_word' id='word_1_658' title='bbox 391 2321 431 2352; x_wconf 86' lang='grc' dir='ltr'>είς</span> <span class='ocrx_word' id='word_1_659' title='bbox 446 2320 568 2353; x_wconf 76' lang='grc' dir='ltr'>ἅπαντας</span> <span class='ocrx_word' id='word_1_660' title='bbox 582 2322 750 2358; x_wconf 80' lang='grc' dir='ltr'>ἡμερότητα,</span> <span class='ocrx_word' id='word_1_661' title='bbox 773 2322 822 2349; x_wconf 79' lang='grc' dir='ltr'>καὶ</span> <span class='ocrx_word' id='word_1_662' title='bbox 844 2322 877 2358; x_wconf 81' lang='grc' dir='ltr'>δὴ</span> 
     </span>
    </p>
   </div>
   <div class='ocr_carea' id='block_1_93' title="bbox 87 2367 876 2405">
    <p class='ocr_par' dir='ltr' id='par_1_93' title="bbox 87 2367 876 2405">
     <span class='ocr_line' id='line_1_93' title="bbox 87 2367 876 2405; baseline 0.004 -12"><span class='ocrx_word' id='word_1_663' title='bbox 87 2368 132 2393; x_wconf 79' lang='grc' dir='ltr'>καὶ</span> <span class='ocrx_word' id='word_1_664' title='bbox 145 2367 377 2401; x_wconf 73' lang='grc' dir='ltr'>ἔφασκεν-Ἴλεως</span> <span class='ocrx_word' id='word_1_665' title='bbox 393 2368 484 2399; x_wconf 79' lang='grc' dir='ltr'>αὐτοῖς</span> <span class='ocrx_word' id='word_1_666' title='bbox 504 2367 573 2403; x_wconf 78' lang='grc' dir='ltr'>ειμι,</span> <span class='ocrx_word' id='word_1_667' title='bbox 588 2367 660 2395; x_wconf 78' lang='grc' dir='ltr'>κατὰ</span> <span class='ocrx_word' id='word_1_668' title='bbox 682 2368 712 2395; x_wconf 75' lang='grc' dir='ltr'><strong>τὸ</strong></span> <span class='ocrx_word' id='word_1_669' title='bbox 728 2369 804 2405; x_wconf 77' lang='grc' dir='ltr'>ῥῆμά</span> <span class='ocrx_word' id='word_1_670' title='bbox 819 2377 876 2397; x_wconf 89' lang='grc' dir='ltr'>σου.</span> 
     </span>
    </p>
   </div>
   <div class='ocr_carea' id='block_1_94' title="bbox 89 2412 878 2450">
    <p class='ocr_par' dir='ltr' id='par_1_94' title="bbox 89 2412 878 2450">
     <span class='ocr_line' id='line_1_94' title="bbox 89 2412 878 2450; baseline 0.003 -11"><span class='ocrx_word' id='word_1_671' title='bbox 89 2413 171 2449; x_wconf 72' lang='grc' dir='ltr'>Ὁρᾷς</span> <span class='ocrx_word' id='word_1_672' title='bbox 187 2413 250 2440; x_wconf 83' lang='grc' dir='ltr'>ὅσον</span> <span class='ocrx_word' id='word_1_673' title='bbox 273 2412 362 2447; x_wconf 80' lang='grc' dir='ltr'>ὢνησε</span> <span class='ocrx_word' id='word_1_674' title='bbox 378 2413 424 2440; x_wconf 82' lang='grc' dir='ltr'><strong>τὸν</strong></span> <span class='ocrx_word' id='word_1_675' title='bbox 451 2413 559 2449; x_wconf 79' lang='grc' dir='ltr'>Ἰσραὴλ</span> <span class='ocrx_word' id='word_1_676' title='bbox 574 2413 592 2449; x_wconf 80' lang='grc' dir='ltr'><strong>ἡ</strong></span> <span class='ocrx_word' id='word_1_677' title='bbox 614 2413 661 2440; x_wconf 85' lang='grc' dir='ltr'>τοῦ</span> <span class='ocrx_word' id='word_1_678' title='bbox 677 2415 878 2450; x_wconf 80' lang='grc' dir='ltr'>προεστηκότος</span> 
     </span>
    </p>
   </div>
   <div class='ocr_carea' id='block_1_95' title="bbox 89 2455 878 2495">
    <p class='ocr_par' dir='ltr' id='par_1_95' title="bbox 89 2455 878 2495">
     <span class='ocr_line' id='line_1_95' title="bbox 89 2455 878 2495; baseline 0.004 -11"><span class='ocrx_word' id='word_1_679' title='bbox 89 2458 219 2493; x_wconf 55' lang='lat' dir='ltr'><strong>calceatu.</strong></span> <span class='ocrx_word' id='word_1_680' title='bbox 239 2458 288 2485; x_wconf 69' lang='lat' dir='ltr'><strong>ul.</strong></span> <span class='ocrx_word' id='word_1_681' title='bbox 309 2455 350 2490; x_wconf 74' lang='grc' dir='ltr'><strong>εἷς</strong></span> <span class='ocrx_word' id='word_1_682' title='bbox 364 2458 435 2494; x_wconf 74' lang='grc' dir='ltr'>ὑπὲρ</span> <span class='ocrx_word' id='word_1_683' title='bbox 449 2458 558 2485; x_wconf 82' lang='grc' dir='ltr'>πάντων</span> <span class='ocrx_word' id='word_1_684' title='bbox 570 2459 690 2495; x_wconf 82' lang='grc' dir='ltr'>ἀρκέσας</span> <span class='ocrx_word' id='word_1_685' title='bbox 705 2460 745 2491; x_wconf 74' lang='grc' dir='ltr'><strong>εἰς</strong></span> <span class='ocrx_word' id='word_1_686' title='bbox 764 2459 795 2486; x_wconf 76' lang='grc' dir='ltr'>τὸ</span> <span class='ocrx_word' id='word_1_687' title='bbox 811 2461 878 2487; x_wconf 86' lang='grc' dir='ltr'>ἀνα-</span> 
     </span>
    </p>
   </div>
   <div class='ocr_carea' id='block_1_96' title="bbox 88 2503 877 2540">
    <p class='ocr_par' dir='ltr' id='par_1_96' title="bbox 88 2503 877 2540">
     <span class='ocr_line' id='line_1_96' title="bbox 88 2503 877 2540; baseline 0.004 -10"><span class='ocrx_word' id='word_1_688' title='bbox 88 2506 175 2531; x_wconf 82' lang='grc' dir='ltr'>πεῖσαι</span> <span class='ocrx_word' id='word_1_689' title='bbox 192 2503 271 2536; x_wconf 71' lang='grc' dir='ltr'>Θεὸν,</span> <span class='ocrx_word' id='word_1_690' title='bbox 284 2504 319 2531; x_wconf 82' lang='grc' dir='ltr'>δι’</span> <span class='ocrx_word' id='word_1_691' title='bbox 332 2504 471 2540; x_wconf 72' lang='grc' dir='ltr'>ὑποταγὴν</span> <span class='ocrx_word' id='word_1_692' title='bbox 483 2513 523 2537; x_wconf 80' lang='grc' dir='ltr'><strong>τε,</strong></span> <span class='ocrx_word' id='word_1_693' title='bbox 537 2505 584 2532; x_wconf 73' lang='grc' dir='ltr'>καὶ</span> <span class='ocrx_word' id='word_1_694' title='bbox 598 2505 769 2539; x_wconf 73' lang='grc' dir='ltr'>εὖπείΟειανς</span> <span class='ocrx_word' id='word_1_695' title='bbox 784 2506 877 2533; x_wconf 77' lang='grc' dir='ltr'>Αἱτιᾶ-</span> 
     </span>
    </p>
   </div>
   <div class='ocr_carea' id='block_1_97' title="bbox 87 2549 876 2586">
    <p class='ocr_par' dir='ltr' id='par_1_97' title="bbox 87 2549 876 2586">
     <span class='ocr_line' id='line_1_97' title="bbox 87 2549 876 2586; baseline 0.004 -10"><span class='ocrx_word' id='word_1_696' title='bbox 87 2558 128 2576; x_wconf 85' lang='grc' dir='ltr'><strong>ται</strong></span> <span class='ocrx_word' id='word_1_697' title='bbox 146 2550 237 2577; x_wconf 73' lang='grc' dir='ltr'>τοίνυν</span> <span class='ocrx_word' id='word_1_698' title='bbox 254 2550 378 2583; x_wconf 67' lang='grc' dir='ltr'>εἰκότως,</span> <span class='ocrx_word' id='word_1_699' title='bbox 401 2550 439 2582; x_wconf 80' lang='grc' dir='ltr'><strong>ὡς</strong></span> <span class='ocrx_word' id='word_1_700' title='bbox 456 2549 610 2586; x_wconf 80' lang='grc' dir='ltr'>ὁλοτρόπως</span> <span class='ocrx_word' id='word_1_701' title='bbox 631 2551 809 2579; x_wconf 78' lang='grc' dir='ltr'>ἑκκεκλικότα</span> <span class='ocrx_word' id='word_1_702' title='bbox 829 2552 876 2580; x_wconf 75' lang='grc' dir='ltr'>τὸν</span> 
     </span>
    </p>
   </div>
   <div class='ocr_carea' id='block_1_98' title="bbox 94 2592 875 2633">
    <p class='ocr_par' dir='ltr' id='par_1_98' title="bbox 94 2592 875 2633">
     <span class='ocr_line' id='line_1_98' title="bbox 94 2592 875 2633; baseline 0.005 -13"><span class='ocrx_word' id='word_1_703' title='bbox 94 2595 208 2630; x_wconf 80' lang='grc' dir='ltr'>Ἰσραήλ.</span> <span class='ocrx_word' id='word_1_704' title='bbox 224 2592 294 2622; x_wconf 79' lang='grc' dir='ltr'>Εἶτα</span> <span class='ocrx_word' id='word_1_705' title='bbox 309 2594 347 2630; x_wconf 78' lang='grc' dir='ltr'>μὴ</span> <span class='ocrx_word' id='word_1_706' title='bbox 366 2594 463 2630; x_wconf 77' lang='grc' dir='ltr'>ἔχοντά</span> <span class='ocrx_word' id='word_1_707' title='bbox 476 2603 536 2622; x_wconf 90' lang='grc' dir='ltr'>τινα</span> <span class='ocrx_word' id='word_1_708' title='bbox 550 2596 605 2622; x_wconf 80' lang='grc' dir='ltr'>τῶν</span> <span class='ocrx_word' id='word_1_709' title='bbox 619 2596 683 2632; x_wconf 83' lang='grc' dir='ltr'>παρ’</span> <span class='ocrx_word' id='word_1_710' title='bbox 694 2597 786 2628; x_wconf 80' lang='grc' dir='ltr'>αὐτοῖς</span> <span class='ocrx_word' id='word_1_711' title='bbox 795 2598 875 2633; x_wconf 84' lang='grc' dir='ltr'>ἡγου-</span> 
     </span>
    </p>
   </div>
   <div class='ocr_carea' id='block_1_99' title="bbox 92 2640 877 2677">
    <p class='ocr_par' dir='ltr' id='par_1_99' title="bbox 92 2640 877 2677">
     <span class='ocr_line' id='line_1_99' title="bbox 92 2640 877 2677; baseline 0.004 -11"><span class='ocrx_word' id='word_1_712' title='bbox 92 2640 185 2673; x_wconf 78' lang='grc' dir='ltr'>μένων,</span> <span class='ocrx_word' id='word_1_713' title='bbox 202 2640 250 2666; x_wconf 75' lang='grc' dir='ltr'>τὸν</span> <span class='ocrx_word' id='word_1_714' title='bbox 267 2640 440 2674; x_wconf 82' lang='grc' dir='ltr'>ἐπιτιμῶντα</span> <span class='ocrx_word' id='word_1_715' title='bbox 452 2641 508 2672; x_wconf 78' lang='grc' dir='ltr'>τοῖς</span> <span class='ocrx_word' id='word_1_716' title='bbox 519 2641 656 2672; x_wconf 81' lang='grc' dir='ltr'>πταίουσι,</span> <span class='ocrx_word' id='word_1_717' title='bbox 668 2641 714 2668; x_wconf 74' lang='grc' dir='ltr'><strong>τὸν</strong></span> <span class='ocrx_word' id='word_1_718' title='bbox 726 2642 877 2677; x_wconf 82' lang='grc' dir='ltr'>ἀφιστάντα</span> 
     </span>
    </p>
   </div>
   <div class='ocr_carea' id='block_1_100' title="bbox 90 2685 878 2724">
    <p class='ocr_par' dir='ltr' id='par_1_100' title="bbox 90 2685 878 2724">
     <span class='ocr_line' id='line_1_100' title="bbox 90 2685 878 2724; baseline 0.005 -14"><span class='ocrx_word' id='word_1_719' title='bbox 90 2685 134 2718; x_wconf 72' lang='grc' dir='ltr'><strong>τῆς</strong></span> <span class='ocrx_word' id='word_1_720' title='bbox 157 2685 283 2721; x_wconf 82' lang='grc' dir='ltr'>πλάνης,</span> <span class='ocrx_word' id='word_1_721' title='bbox 310 2686 398 2721; x_wconf 76' lang='grc' dir='ltr'>ἧγουν</span> <span class='ocrx_word' id='word_1_722' title='bbox 428 2687 461 2721; x_wconf 80' lang='grc' dir='ltr'><strong>τῇ</strong></span> <span class='ocrx_word' id='word_1_723' title='bbox 487 2686 541 2721; x_wconf 78' lang='grc' dir='ltr'>ἰδίᾳ</span> <span class='ocrx_word' id='word_1_724' title='bbox 565 2686 737 2723; x_wconf 80' lang='grc' dir='ltr'>λαμπρότητι</span> <span class='ocrx_word' id='word_1_725' title='bbox 755 2688 790 2724; x_wconf 76' lang='grc' dir='ltr'>τῇ</span> <span class='ocrx_word' id='word_1_726' title='bbox 807 2687 878 2714; x_wconf 87' lang='grc' dir='ltr'><strong>κατά</strong></span> 
     </span>
    </p>
   </div>
   <div class='ocr_carea' id='block_1_101' title="bbox 91 2731 876 2768">
    <p class='ocr_par' dir='ltr' id='par_1_101' title="bbox 91 2731 876 2768">
     <span class='ocr_line' id='line_1_101' title="bbox 91 2731 876 2768; baseline 0.005 -13"><span class='ocrx_word' id='word_1_727' title='bbox 91 2731 183 2764; x_wconf 81' lang='grc' dir='ltr'>τρόπον</span> <span class='ocrx_word' id='word_1_728' title='bbox 207 2732 254 2759; x_wconf 68' lang='grc' dir='ltr'>καὶ</span> <span class='ocrx_word' id='word_1_729' title='bbox 269 2731 374 2766; x_wconf 76' lang='grc' dir='ltr'>ἀρετὴν</span> <span class='ocrx_word' id='word_1_730' title='bbox 390 2731 543 2766; x_wconf 78' lang='grc' dir='ltr'>ἀποστῆσαι</span> <span class='ocrx_word' id='word_1_731' title='bbox 557 2731 703 2767; x_wconf 70' lang='grc' dir='ltr'>δυνάμενον</span> <span class='ocrx_word' id='word_1_732' title='bbox 720 2732 770 2767; x_wconf 79' lang='grc' dir='ltr'>τὴν</span> <span class='ocrx_word' id='word_1_733' title='bbox 780 2732 876 2768; x_wconf 76' lang='grc' dir='ltr'>ὀργὴν,</span> 
     </span>
    </p>
   </div>
   <div class='ocr_carea' id='block_1_102' title="bbox 91 2775 878 2813">
    <p class='ocr_par' dir='ltr' id='par_1_102' title="bbox 91 2775 878 2813">
     <span class='ocr_line' id='line_1_102' title="bbox 91 2775 878 2813; baseline 0.006 -13"><span class='ocrx_word' id='word_1_734' title='bbox 91 2775 152 2803; x_wconf 77' lang='grc' dir='ltr'>θεοῦ</span> <span class='ocrx_word' id='word_1_735' title='bbox 164 2777 428 2813; x_wconf 64' lang='grc' dir='ltr'>παρακιιλημὲνου.</span> <span class='ocrx_word' id='word_1_736' title='bbox 448 2776 690 2812; x_wconf 11' lang='grc' dir='ltr'>Καθάπερὲἀμέλει</span> <span class='ocrx_word' id='word_1_737' title='bbox 711 2778 759 2805; x_wconf 72' lang='grc' dir='ltr'>καὶ</span> <span class='ocrx_word' id='word_1_738' title='bbox 773 2778 802 2804; x_wconf 84' lang='grc' dir='ltr'>ἐν</span> <span class='ocrx_word' id='word_1_739' title='bbox 817 2786 878 2805; x_wconf 75' lang='grc' dir='ltr'>και-</span> 
     </span>
    </p>
   </div>
   <div class='ocr_carea' id='block_1_103' title="bbox 122 2863 686 2899">
    <p class='ocr_par' dir='ltr' id='par_1_103' title="bbox 122 2863 686 2899">
     <span class='ocr_line' id='line_1_103' title="bbox 122 2863 686 2899; baseline 0 -7"><span class='ocrx_word' id='word_1_740' title='bbox 122 2865 142 2882; x_wconf 76' lang='lat'><em>&quot;</em></span> <span class='ocrx_word' id='word_1_741' title='bbox 159 2865 225 2892; x_wconf 83' lang='lat' dir='ltr'><strong>Luc.</strong></span> <span class='ocrx_word' id='word_1_742' title='bbox 249 2873 309 2896; x_wconf 78' lang='lat' dir='ltr'><strong>xm.</strong></span> <span class='ocrx_word' id='word_1_743' title='bbox 329 2863 375 2892; x_wconf 71' lang='grc'><strong>10.</strong></span> <span class='ocrx_word' id='word_1_744' title='bbox 414 2864 437 2880; x_wconf 86' lang='grc'><strong>⁷⁸</strong></span> <span class='ocrx_word' id='word_1_745' title='bbox 453 2864 537 2892; x_wconf 78' lang='lat' dir='ltr'><strong>Exod.</strong></span> <span class='ocrx_word' id='word_1_746' title='bbox 557 2871 630 2899; x_wconf 70' lang='lat' dir='ltr'><strong>sxw,</strong></span> <span class='ocrx_word' id='word_1_747' title='bbox 643 2865 686 2892; x_wconf 70' lang='lat' dir='ltr'><strong>li.</strong></span> 
     </span>
    </p>
   </div>
   <div class='ocr_carea' id='block_1_104' title="bbox 927 2320 1716 2357">
    <p class='ocr_par' dir='ltr' id='par_1_104' title="bbox 927 2320 1716 2357">
     <span class='ocr_line' id='line_1_104' title="bbox 927 2320 1716 2357; baseline -0.004 -8"><span class='ocrx_word' id='word_1_748' title='bbox 927 2322 1058 2357; x_wconf 87' lang='lat' dir='ltr'><strong>propitius</strong></span> <span class='ocrx_word' id='word_1_749' title='bbox 1074 2329 1134 2350; x_wconf 88' lang='lat' dir='ltr'><strong>sum</strong></span> <span class='ocrx_word' id='word_1_750' title='bbox 1155 2321 1209 2349; x_wconf 88' lang='lat' dir='ltr'><strong>illis</strong></span> <span class='ocrx_word' id='word_1_751' title='bbox 1230 2320 1376 2349; x_wconf 85' lang='lat' dir='ltr'><strong>secundum</strong></span> <span class='ocrx_word' id='word_1_752' title='bbox 1390 2321 1501 2348; x_wconf 84' lang='lat' dir='ltr'><strong>verbum</strong></span> <span class='ocrx_word' id='word_1_753' title='bbox 1518 2325 1604 2349; x_wconf 84' lang='lat' dir='ltr'><strong>tuum.</strong></span> <span class='ocrx_word' id='word_1_754' title='bbox 1619 2321 1716 2348; x_wconf 84' lang='lat' dir='ltr'><strong>Cernis</strong></span> 
     </span>
    </p>
   </div>
   <div class='ocr_carea' id='block_1_105' title="bbox 927 2365 1715 2403">
    <p class='ocr_par' dir='ltr' id='par_1_105' title="bbox 927 2365 1715 2403">
     <span class='ocr_line' id='line_1_105' title="bbox 927 2365 1715 2403; baseline -0.001 -9"><span class='ocrx_word' id='word_1_755' title='bbox 927 2372 1059 2403; x_wconf 90' lang='lat' dir='ltr'><strong>quantum</strong></span> <span class='ocrx_word' id='word_1_756' title='bbox 1090 2367 1268 2396; x_wconf 86' lang='lat' dir='ltr'><strong>moderatoris</strong></span> <span class='ocrx_word' id='word_1_757' title='bbox 1308 2374 1371 2402; x_wconf 84' lang='lat' dir='ltr'><strong>erga</strong></span> <span class='ocrx_word' id='word_1_758' title='bbox 1399 2367 1481 2394; x_wconf 93' lang='lat' dir='ltr'><strong>Deum</strong></span> <span class='ocrx_word' id='word_1_759' title='bbox 1516 2373 1592 2393; x_wconf 86' lang='lat' dir='ltr'><strong>amor</strong></span> <span class='ocrx_word' id='word_1_760' title='bbox 1621 2365 1715 2393; x_wconf 85' lang='lat' dir='ltr'><strong>lsraell</strong></span> 
     </span>
    </p>
   </div>
   <div class='ocr_carea' id='block_1_106' title="bbox 927 2410 1714 2448">
    <p class='ocr_par' dir='ltr' id='par_1_106' title="bbox 927 2410 1714 2448">
     <span class='ocr_line' id='line_1_106' title="bbox 927 2410 1714 2448; baseline -0.003 -8"><span class='ocrx_word' id='word_1_761' title='bbox 927 2413 1068 2448; x_wconf 80' lang='lat' dir='ltr'><strong>profuerit,</strong></span> <span class='ocrx_word' id='word_1_762' title='bbox 1088 2417 1116 2440; x_wconf 87' lang='lat' dir='ltr'><strong>et</strong></span> <span class='ocrx_word' id='word_1_763' title='bbox 1140 2413 1276 2448; x_wconf 87' lang='lat' dir='ltr'><strong>quomodo</strong></span> <span class='ocrx_word' id='word_1_764' title='bbox 1297 2420 1365 2440; x_wconf 89' lang='lat' dir='ltr'><strong>unus</strong></span> <span class='ocrx_word' id='word_1_765' title='bbox 1387 2413 1420 2439; x_wconf 80' lang='lat' dir='ltr'><strong>ad</strong></span> <span class='ocrx_word' id='word_1_766' title='bbox 1437 2411 1520 2439; x_wconf 85' lang='lat' dir='ltr'><strong>Deum</strong></span> <span class='ocrx_word' id='word_1_767' title='bbox 1553 2410 1714 2439; x_wconf 82' lang='lat' dir='ltr'><strong>ﬂectendum</strong></span> 
     </span>
    </p>
   </div>
   <div class='ocr_carea' id='block_1_107' title="bbox 927 2456 1715 2495">
    <p class='ocr_par' dir='ltr' id='par_1_107' title="bbox 927 2456 1715 2495">
     <span class='ocr_line' id='line_1_107' title="bbox 927 2456 1715 2495; baseline -0.005 -8"><span class='ocrx_word' id='word_1_768' title='bbox 927 2462 1040 2495; x_wconf 88' lang='lat' dir='ltr'><strong>propter</strong></span> <span class='ocrx_word' id='word_1_769' title='bbox 1057 2458 1255 2494; x_wconf 70' lang='lat' dir='ltr'><strong>subiectionem</strong></span> <span class='ocrx_word' id='word_1_770' title='bbox 1272 2463 1300 2486; x_wconf 90' lang='lat' dir='ltr'><strong>et</strong></span> <span class='ocrx_word' id='word_1_771' title='bbox 1315 2457 1498 2486; x_wconf 78' lang='lat' dir='ltr'><strong>obedientiam</strong></span> <span class='ocrx_word' id='word_1_772' title='bbox 1513 2464 1562 2492; x_wconf 90' lang='lat' dir='ltr'><strong>pro</strong></span> <span class='ocrx_word' id='word_1_773' title='bbox 1589 2456 1715 2483; x_wconf 88' lang='lat' dir='ltr'><strong>omnibus</strong></span> 
     </span>
    </p>
   </div>
   <div class='ocr_carea' id='block_1_108' title="bbox 930 2502 1713 2540">
    <p class='ocr_par' dir='ltr' id='par_1_108' title="bbox 930 2502 1713 2540">
     <span class='ocr_line' id='line_1_108' title="bbox 930 2502 1713 2540; baseline -0.005 -8"><span class='ocrx_word' id='word_1_774' title='bbox 930 2505 1084 2533; x_wconf 84' lang='lat' dir='ltr'><strong>suﬂ&#39;ecerit.</strong></span> <span class='ocrx_word' id='word_1_775' title='bbox 1099 2505 1215 2533; x_wconf 80' lang='lat' dir='ltr'><strong>Accusat</strong></span> <span class='ocrx_word' id='word_1_776' title='bbox 1247 2505 1327 2540; x_wconf 80' lang='lat' dir='ltr'><strong>igitur</strong></span> <span class='ocrx_word' id='word_1_777' title='bbox 1352 2512 1405 2532; x_wconf 87' lang='lat' dir='ltr'><strong>non</strong></span> <span class='ocrx_word' id='word_1_778' title='bbox 1430 2502 1528 2537; x_wconf 83' lang='lat' dir='ltr'><strong>injuria</strong></span> <span class='ocrx_word' id='word_1_779' title='bbox 1565 2502 1713 2534; x_wconf 80' lang='lat' dir='ltr'><strong>lsraelem,</strong></span> 
     </span>
    </p>
   </div>
   <div class='ocr_carea' id='block_1_109' title="bbox 929 2547 1716 2586">
    <p class='ocr_par' dir='ltr' id='par_1_109' title="bbox 929 2547 1716 2586">
     <span class='ocr_line' id='line_1_109' title="bbox 929 2547 1716 2586; baseline -0.005 -8"><span class='ocrx_word' id='word_1_780' title='bbox 929 2555 959 2578; x_wconf 86' lang='lat' dir='ltr'><strong>ut</strong></span> <span class='ocrx_word' id='word_1_781' title='bbox 974 2551 1018 2586; x_wconf 91' lang='lat' dir='ltr'><strong>qui</strong></span> <span class='ocrx_word' id='word_1_782' title='bbox 1041 2551 1147 2586; x_wconf 86' lang='lat' dir='ltr'><strong>penitus</strong></span> <span class='ocrx_word' id='word_1_783' title='bbox 1166 2559 1182 2578; x_wconf 92' lang='lat' dir='ltr'><strong>a</strong></span> <span class='ocrx_word' id='word_1_784' title='bbox 1194 2555 1269 2579; x_wconf 87' lang='lat' dir='ltr'><strong>recto</strong></span> <span class='ocrx_word' id='word_1_785' title='bbox 1291 2550 1389 2578; x_wconf 87' lang='lat' dir='ltr'><strong>itinere</strong></span> <span class='ocrx_word' id='word_1_786' title='bbox 1402 2548 1575 2577; x_wconf 86' lang='lat' dir='ltr'><strong>declinaverit</strong></span> <span class='ocrx_word' id='word_1_787' title='bbox 1586 2552 1630 2581; x_wconf 90' lang='lat' dir='ltr'><strong>,et</strong></span> <span class='ocrx_word' id='word_1_788' title='bbox 1641 2547 1716 2582; x_wconf 61' lang='lat' dir='ltr'><strong>prin.</strong></span> 
     </span>
    </p>
   </div>
   <div class='ocr_carea' id='block_1_110' title="bbox 929 2593 1714 2632">
    <p class='ocr_par' dir='ltr' id='par_1_110' title="bbox 929 2593 1714 2632">
     <span class='ocr_line' id='line_1_110' title="bbox 929 2593 1714 2632; baseline -0.006 -8"><span class='ocrx_word' id='word_1_789' title='bbox 929 2596 1015 2632; x_wconf 90' lang='lat' dir='ltr'><strong>cipent</strong></span> <span class='ocrx_word' id='word_1_790' title='bbox 1033 2595 1066 2624; x_wconf 83' lang='lat' dir='ltr'><strong>de</strong></span> <span class='ocrx_word' id='word_1_791' title='bbox 1083 2596 1139 2624; x_wconf 80' lang='lat' dir='ltr'><strong>suis</strong></span> <span class='ocrx_word' id='word_1_792' title='bbox 1154 2596 1255 2624; x_wconf 88' lang='lat' dir='ltr'><strong>nulltnn</strong></span> <span class='ocrx_word' id='word_1_793' title='bbox 1276 2595 1386 2623; x_wconf 86' lang='lat' dir='ltr'><strong>omnino</strong></span> <span class='ocrx_word' id='word_1_794' title='bbox 1399 2595 1508 2628; x_wconf 88' lang='lat' dir='ltr'><strong>habeat,</strong></span> <span class='ocrx_word' id='word_1_795' title='bbox 1530 2593 1576 2628; x_wconf 89' lang='lat' dir='ltr'><strong>qui</strong></span> <span class='ocrx_word' id='word_1_796' title='bbox 1601 2599 1714 2628; x_wconf 80' lang='lat' dir='ltr'><strong>peccan-</strong></span> 
     </span>
    </p>
   </div>
   <div class='ocr_carea' id='block_1_111' title="bbox 930 2637 1713 2678">
    <p class='ocr_par' dir='ltr' id='par_1_111' title="bbox 930 2637 1713 2678">
     <span class='ocr_line' id='line_1_111' title="bbox 930 2637 1713 2678; baseline -0.008 -8"><span class='ocrx_word' id='word_1_797' title='bbox 930 2646 971 2670; x_wconf 85' lang='lat' dir='ltr'><strong>tes</strong></span> <span class='ocrx_word' id='word_1_798' title='bbox 988 2641 1130 2677; x_wconf 86' lang='lat' dir='ltr'><strong>corripiat,</strong></span> <span class='ocrx_word' id='word_1_799' title='bbox 1151 2642 1198 2678; x_wconf 89' lang='lat' dir='ltr'><strong>qui</strong></span> <span class='ocrx_word' id='word_1_800' title='bbox 1215 2641 1250 2669; x_wconf 89' lang='lat' dir='ltr'><strong>ab</strong></span> <span class='ocrx_word' id='word_1_801' title='bbox 1273 2648 1367 2670; x_wconf 87' lang='lat' dir='ltr'><strong>errore</strong></span> <span class='ocrx_word' id='word_1_802' title='bbox 1386 2643 1493 2672; x_wconf 61' lang='lat' dir='ltr'><strong>avoca.</strong></span> <span class='ocrx_word' id='word_1_803' title='bbox 1513 2643 1561 2666; x_wconf 85' lang='lat' dir='ltr'><strong>aut</strong></span> <span class='ocrx_word' id='word_1_804' title='bbox 1580 2642 1653 2666; x_wconf 82' lang='lat' dir='ltr'><strong>certe</strong></span> <span class='ocrx_word' id='word_1_805' title='bbox 1666 2637 1713 2673; x_wconf 90' lang='lat' dir='ltr'><strong>qui</strong></span> 
     </span>
    </p>
   </div>
   <div class='ocr_carea' id='block_1_112' title="bbox 930 2686 1713 2722">
    <p class='ocr_par' dir='ltr' id='par_1_112' title="bbox 930 2686 1713 2722">
     <span class='ocr_line' id='line_1_112' title="bbox 930 2686 1713 2722; baseline -0.006 -7"><span class='ocrx_word' id='word_1_806' title='bbox 930 2694 1036 2715; x_wconf 90' lang='lat' dir='ltr'><strong>morum</strong></span> <span class='ocrx_word' id='word_1_807' title='bbox 1053 2695 1086 2715; x_wconf 85' lang='lat' dir='ltr'><strong>ac</strong></span> <span class='ocrx_word' id='word_1_808' title='bbox 1100 2688 1208 2715; x_wconf 82' lang='lat' dir='ltr'><strong>virtutis</strong></span> <span class='ocrx_word' id='word_1_809' title='bbox 1240 2694 1296 2715; x_wconf 75' lang='lat' dir='ltr'><strong>sum</strong></span> <span class='ocrx_word' id='word_1_810' title='bbox 1327 2687 1471 2722; x_wconf 88' lang='lat' dir='ltr'><strong>splendore</strong></span> <span class='ocrx_word' id='word_1_811' title='bbox 1496 2686 1551 2713; x_wconf 85' lang='lat' dir='ltr'><strong>Deo</strong></span> <span class='ocrx_word' id='word_1_812' title='bbox 1579 2688 1713 2717; x_wconf 76' lang='lat' dir='ltr'><strong>exorato,</strong></span> 
     </span>
    </p>
   </div>
   <div class='ocr_carea' id='block_1_113' title="bbox 930 2731 1715 2769">
    <p class='ocr_par' dir='ltr' id='par_1_113' title="bbox 930 2731 1715 2769">
     <span class='ocr_line' id='line_1_113' title="bbox 930 2731 1715 2769; baseline -0.006 -8"><span class='ocrx_word' id='word_1_813' title='bbox 930 2732 998 2761; x_wconf 87' lang='lat' dir='ltr'><strong>iram</strong></span> <span class='ocrx_word' id='word_1_814' title='bbox 1019 2733 1079 2769; x_wconf 88' lang='lat' dir='ltr'><strong>cjus</strong></span> <span class='ocrx_word' id='word_1_815' title='bbox 1099 2733 1204 2761; x_wconf 89' lang='lat' dir='ltr'><strong>amoliri</strong></span> <span class='ocrx_word' id='word_1_816' title='bbox 1232 2733 1317 2768; x_wconf 86' lang='lat' dir='ltr'><strong>possit</strong></span> <span class='ocrx_word' id='word_1_817' title='bbox 1333 2752 1341 2765; x_wconf 91' lang='lat'><strong>,</strong></span> <span class='ocrx_word' id='word_1_818' title='bbox 1356 2731 1580 2769; x_wconf 88' lang='lat' dir='ltr'><strong>quemadmodum</strong></span> <span class='ocrx_word' id='word_1_819' title='bbox 1603 2735 1629 2758; x_wconf 87' lang='lat' dir='ltr'><strong>et</strong></span> <span class='ocrx_word' id='word_1_820' title='bbox 1647 2734 1715 2757; x_wconf 89' lang='lat' dir='ltr'><strong>tem-</strong></span> 
     </span>
    </p>
   </div>
   <div class='ocr_carea' id='block_1_114' title="bbox 929 2774 1715 2815">
    <p class='ocr_par' dir='ltr' id='par_1_114' title="bbox 929 2774 1715 2815">
     <span class='ocr_line' id='line_1_114' title="bbox 929 2774 1715 2815; baseline -0.008 -8"><span class='ocrx_word' id='word_1_821' title='bbox 929 2779 1040 2814; x_wconf 88' lang='lat' dir='ltr'><strong>poribus</strong></span> <span class='ocrx_word' id='word_1_822' title='bbox 1060 2779 1158 2815; x_wconf 66' lang='lat' dir='ltr'><strong>hloysis</strong></span> <span class='ocrx_word' id='word_1_823' title='bbox 1173 2778 1274 2808; x_wconf 68' lang='lat' dir='ltr'><strong>factum</strong></span> <span class='ocrx_word' id='word_1_824' title='bbox 1297 2779 1421 2815; x_wconf 79' lang='lat' dir='ltr'><strong>legimus.</strong></span> <span class='ocrx_word' id='word_1_825' title='bbox 1438 2778 1620 2813; x_wconf 79' lang='lat' dir='ltr'><strong>Quamobrem</strong></span> <span class='ocrx_word' id='word_1_826' title='bbox 1630 2774 1715 2804; x_wconf 83' lang='lat' dir='ltr'><strong>etiam</strong></span> 
     </span>
    </p>
   </div>
  </div>
