1919 3042
183 169 239 197 αδδ

679 164 708 190 S.
730 161 867 189 CYRILLI
892 159 1126 188 ALEXANDRINI
1147 149 1307 188 ARCIIIER

1763 154 1815 182 940

190 237 199 254 ι
231 226 412 262 repellentur,
436 225 541 258 inquit,
572 226 597 249 et
625 226 703 248 erunt
737 221 797 255 vagi
829 221 855 247 in
880 219 967 254 genti-

1033 220 1078 250 >θῖς
1093 219 1186 253 γέγονε
1213 220 1268 250 ταῖς
1295 218 1364 245 κατὰ
1386 217 1498 245 Munia.
1532 215 1676 250 Τοιγάρτοι
1703 214 1751 240 καὶ
1775 213 1817 245 ἐξ-

188 272 248 300 bns.
272 281 280 297 ι

222 360 280 386 Hoc
296 358 347 386 illis
374 357 463 384 evenit
477 360 503 384 et
517 359 582 383 tunc
606 355 714 390 quidem
737 354 769 382 ad
787 355 912 390 Assyrios
927 355 972 382 de-

188 405 312 440 portatis.
323 408 350 431 et
365 410 436 430 nunc
460 402 633 430 nihilominus
660 406 769 436 propter
780 401 971 428 debacchatio-

189 459 238 478 nes
252 457 345 477 eorum
367 449 393 476 in
411 442 550 476 Christum
575 447 685 475 exosis:
704 447 802 480 uhique
824 446 894 474 enim
927 453 972 473 ett-

189 497 260 524 sules
273 501 298 523 et
313 496 448 527 extranei,
470 502 518 523 nec
531 495 667 522 civitatem
687 494 816 521 habentes
829 492 854 520 in
874 485 973 519 mundo

189 547 307 574 manent,
322 542 367 577 qui
388 545 451 569 sunt
475 541 508 568 de
525 540 614 568 Israel.
630 549 639 566 ι
658 539 815 574 Uispergam
829 538 900 566 enim
927 545 973 565 eos

188 589 215 615 in
238 595 346 615 onmem
368 591 477 615 ventum
491 587 542 618 ",I
560 586 629 613 dixit
646 593 693 619 per
711 589 821 612 sanctos
856 583 973 619 prophe-

188 640 229 662 tas
247 633 327 662 Deus.
351 633 378 659 Si
406 640 470 667 ergo
501 632 621 659 amicitia
638 638 697 658 cum
722 630 776 657 Deo
802 629 877 656 nobis
902 636 975 655 curm

188 685 229 708 est
248 689 254 712 ;
276 680 298 707 si
334 679 391 714 eius
426 678 560 706 rationem
589 678 722 709 ducimus,
748 674 923 709 suhjiciamus
950 674 973 701 ei

191 725 331 756 cervicem,
345 729 372 751 et
389 724 431 758 pia
446 731 505 750 eum
526 723 677 750 ohcdientia
694 721 726 749 ad
740 721 877 749 Christum
895 727 973 757 acce-

191 771 286 797 damus
301 769 435 797 dicentem
450 777 456 795 :
474 777 483 794 ι
504 768 600 795 Venite
625 767 657 794 ad
686 774 739 797 me,
755 773 849 794 omnes
874 765 920 800 qui
937 765 975 791 la-

189 816 300 848 boratis,
319 819 344 842 et
380 814 484 841 onerati
507 813 582 844 estis,
595 817 622 839 et
637 820 686 847 ego
701 811 823 839 reficiam
839 819 896 838 vos.
913 811 975 837 Tol-

189 862 237 888 lite
247 861 342 896 jugum
366 867 455 887 meum
467 866 547 893 super
563 865 610 885 vos
620 857 668 884 ⁸ο.)
691 856 739 884 Sic
756 857 828 883 enim
840 861 867 884 et
883 856 976 883 fructi-

189 908 239 935 feri
263 912 321 934 eta
351 912 478 940 percussu
508 904 642 930 immunes
673 903 792 935 erimus;
823 909 871 929 nec
901 902 974 929 radix
992 900 1013 927 Β

189 957 280 980 nostra
300 955 464 983 exarescet;
483 956 531 976 nec
549 948 652 976 fructus
669 948 696 975 in
716 948 829 975 nihilum
855 948 975 980 recidet;

189 997 260 1025 haud
287 1005 302 1024 ιι
324 996 378 1023 Deo
401 995 558 1030 longissime
588 994 767 1029 vagabimur;
786 997 814 1021 et
840 1000 922 1028 prope
937 993 978 1028 ip-

188 1049 259 1075 sum,
279 1046 306 1069 et
318 1041 386 1076 apud
400 1041 487 1075 ipsutn
514 1040 629 1071 erimus,
643 1043 670 1066 el
682 1039 817 1066 civitatem
833 1045 976 1073 supernam

188 1088 215 1116 in
229 1088 306 1116 cadis
322 1087 492 1117 habebimus,
506 1085 748 1120 primogenitornm
771 1089 897 1115 matrem,
911 1091 977 1111 san-

189 1138 294 1162 ctorum
311 1133 434 1160 altricem
451 1131 658 1165 emlestinmquc
670 1130 813 1164 spirituum
828 1130 979 1167 put-umna-

188 1180 346 1208 bitaculum.

314 1243 518 1288 TUMUS
560 1241 848 1294 QUINTUS.

543 1317 619 1344 CAP.
641 1315 674 1344 Χ.

232 1374 306 1400 Vens.
326 1374 348 1404 1,
365 1374 391 1400 2.
415 1373 498 1400 Vinea
516 1373 640 1407 lrondosa
669 1372 762 1400 Israel.
785 1371 899 1398 Fructus
923 1371 978 1406 ejus

188 1421 337 1452 abundans,
357 1419 497 1445 seminium
516 1418 708 1445 multitudinem
728 1418 860 1452 fructuum
872 1425 978 1444 suorum

189 1465 372 1498 multiplicuvit
399 1464 506 1491 altaria.
533 1463 616 1490 Juxta
639 1465 796 1491 bonaterrw
811 1471 866 1490 sum
896 1463 980 1496 a'tl'iﬁ-

189 1511 255 1537 cam‘t
270 1510 422 1541 simulacra,
437 1510 580 1536 diviserunt
601 1510 681 1536 corda
701 1517 760 1541 sua,
776 1517 842 1536 mmc
873 1509 979 1543 disper-

1023 264 1203 299 ωσοήσονται,
1231 265 1313 300 φησὶ,
1339 265 1385 292 καὶ
1418 264 1522 290 ἔσονται
1545 262 1677 297 πλανῆται
1704 261 1735 287 ὲν
1762 261 1817 292 τοῖς

1024 311 1122 337 ἔθνεσι.

1060 357 1143 383 Τοῦτο
1159 357 1256 392 συνέϐη
1277 357 1372 383 παθεῖν
1388 357 1488 388 αὐτοῖς,
1508 355 1555 382 καὶ
1570 355 1630 381 τότε
1646 354 1695 389 μὲν
1715 353 1818 379 ἀποκο-

1027 402 1159 436 μισθεῖσιν
1178 403 1218 433 εἰς
1251 402 1419 437 Ἀσσυρίους,
1445 401 1492 428 καὶ
1518 400 1565 427 νῦν
1587 400 1614 426 δὲ
1637 399 1712 426 οὐδὲν
1735 397 1817 434 ἦττον

1024 447 1070 473 ἐπὶ
1098 449 1157 479 ταῖς
1182 448 1222 478 εἰς
1242 447 1361 483 Χριστὸν
1383 447 1536 482 παροινεαις
1552 444 1815 480 κατεστυγημὲνοις.

1031 492 1161 518 ’Λνέστιοι
1177 492 1230 527 γὰρ
1256 492 1302 518 καὶ
1319 491 1450 527 ὲπηλύται
1463 490 1599 525 πανταχῆ,
1616 489 1662 516 καὶ
1675 489 1754 515 πόλιν
1768 488 1817 514 οὐκ

1025 537 1130 572 ἔχοντες
1155 538 1178 564 οἱ
1200 537 1229 570 ἐξ
1248 537 1356 573 Ἰσραὴλ
1372 537 1538 564 διατελοῦσιν
1559 537 1588 562 ὲν
1608 535 1715 570 κόσμῳ.
1737 543 1747 560 ‹
1769 535 1817 560 Λι-

1026 584 1100 619 κμιῶ
1117 583 1171 620 γὰρ
1186 585 1283 616 αὐτοὺς
1302 585 1341 615 εἰς
1356 585 1443 611 πάντα
1457 584 1566 618 ἄνεμον,
1590 593 1599 608 γ
1615 581 1657 608 διὰ
1670 581 1819 617 προφητῶν

1026 629 1110 664 ἁγίων
1130 629 1231 663 ἔφασκε
1246 630 1322 662 Θεός.
1342 631 1372 656 Εἰ
1387 630 1476 656 τοίνυν
1489 629 1598 665 Eﬁ1_’t71;
1611 628 1679 664 πρὸς
1693 627 1762 654 Θεὸν
1778 627 1818 652 οξ-

1026 675 1162 711 κειότητος
1178 677 1292 711 φροντὶς
1304 677 1368 711 ἡμῖν
1383 676 1428 702 καὶ
1441 675 1531 709 λόγος,
1550 674 1733 710 ὑποφέρωμεν
1744 672 1820 706 αὐτῷ

1025 723 1071 749 τὸν
1084 723 1196 757 αὐχένα,
1214 723 1261 748 καὶ
1278 723 1433 758 προσίωμεν
1447 721 1485 753 ὡς
1501 721 1530 755 ἐξ
1541 720 1646 755 ἀγαθῆς
1662 718 1820 749 εὐπειθείας

1025 769 1130 803 λέγοντι
1154 768 1192 804 τῷ
1213 768 1338 804 Χριστῷ·
1363 777 1372 794 ‹
1403 767 1484 794 Δεῦτε
1509 767 1576 803 πρὸς
1608 765 1651 802 μὲ.
1667 766 1770 797 πάντες
1795 765 1820 791 οἱ

1027 815 1191 847 κοπιῶντες,
1225 815 1272 842 καὶ
1306 811 1638 848 πεφορτισμένοι,’κὰγὼ
1667 811 1822 838 ἀναπαύσω

1028 862 1108 897 ὑμᾶς.
1128 862 1230 897 Ἀρατε
1245 860 1290 887 τὸν
1307 860 1387 894 ζυγόν
1411 868 1460 895 μου
1483 859 1524 893 ἐφ’
1546 858 1627 892 ὑμᾶς.
1650 867 1659 884 ι
1684 856 1822 891 Ἐσόμεθα

1027 908 1080 942 γὰρ
1092 906 1178 939 οὕτως
1201 906 1333 942 ἓγκαρποί
1356 914 1385 933 τε
1421 906 1466 932 καὶ
1485 905 1617 940 ἁπλῆγες,
1640 904 1690 930 οὐκ
1714 904 1823 930 ἀναινο-

1029 952 1113 987 μένης
1141 953 1207 987 ἡμῖν
1232 952 1282 987 τῆς
1307 951 1395 987 ῥίζης,
1425 951 1455 977 οὐ
1480 949 1588 986 καρποῦ
1610 949 1756 980 πίπτοντος
1782 950 1821 979 εἰς

1030 999 1123 1034 μηδὲν,
1138 999 1167 1024 οὺ
1184 998 1328 1033 πλανῆται,
1345 997 1392 1024 καὶ
1414 997 1542 1023 ἀποτὰτω
1558 995 1637 1027 Θεοῦ,
1657 995 1715 1022 ἀλλ’
1737 994 1823 1029 ἐγγύς

1028 1051 1057 1070 τε
1070 1043 1152 1070 αὐτοῦ
1174 1043 1221 1070 καὶ
1239 1043 1286 1070 σὺν
1301 1041 1375 1077 αὺτῷ
1409 1041 1455 1068 καὶ
1469 1041 1545 1068 πόλιν
1560 1040 1667 1075 ἔχοντες
1685 1039 1734 1074 τὴν
1754 1038 1820 1069 ἄνω,

1029 1090 1074 1116 καὶ
1094 1090 1123 1116 ὲν
1145 1089 1279 1125 οὐρανοῖς,
1297 1088 1348 1123 τὴν
1365 1087 1420 1114 τῶν
1437 1086 1617 1122 πρωτοτόκων
1636 1085 1753 1121 μητέρα,
1774 1084 1822 1119 τὴν

1028 1135 1081 1161 τῶν
1097 1135 1181 1169 ἁγίων
1195 1133 1304 1170 τροφὸν,
1329 1132 1383 1160 τῶν
1402 1133 1459 1160 ἂνω
1480 1133 1643 1168 πνευμάτων
1655 1132 1686 1158 τδ
1701 1131 1821 1167 καθαρὸν

1029 1180 1198 1216 ἐνδιαίτημα.

1167 1242 1358 1286 ΤΟΜΟΣ
1396 1239 1684 1284 ΠΕΜΠΤΟΣ.

1336 1318 1461 1345 ΚΕΦΛΛ.
1482 1318 1509 1343 l’.

1067 1373 1218 1409 ’Ἃμπελος
1240 1373 1474 1408 ρὺκληματοῦσα
1496 1372 1629 1408 Ἰσραήλ.
1657 1372 1688 1398 '0
1706 1371 1821 1404 καρπὸς

1029 1419 1125 1454 αὐτῆς
1139 1420 1284 1451 εὐθυνῶν,
1295 1420 1368 1446 κατὰ
1384 1420 1416 1446 τὸ
1432 1419 1548 1453 πλῆθος
1562 1418 1620 1444 τῶν
1635 1416 1759 1451 καρπῶν
1773 1418 1822 1443 αὐ-

1030 1467 1083 1494 τοῦ
1104 1467 1256 1500 ἐπλήθυνε
1274 1466 1309 1492 τὰ
1335 1465 1542 1499 θυσιαστήρια.
1570 1465 1649 1491 Κατὰ
1673 1463 1708 1490 τὰ
1727 1463 1822 1498 ἀγαθὰ

1031 1509 1086 1544 τῆς
1114 1510 1280 1545 γῆς-,αὐτοῦ
1311 1510 1487 1544 ᾠκοδόμησε
1515 1509 1648 1542 στήλας,
1679 1509 1822 1543 ἐμέρισαν

189 1557 271 1583 ibunt.
301 1555 362 1590 Ipse
377 1556 499 1590 stt/[odiet
516 1557 612 1582 alluria
626 1556 878 1590 eorum,a/]ligenlur
893 1556 976 1582 sintit-

1033 1556 1155 1592 καρδίας
1172 1556 1280 1590 αὐτῶν,
1296 1556 1354 1583 νῦν
1367 1555 1636 1590 ἀφανισθήσόνται.
1655 1555 1754 1588 Αὐτὸς
1771 1563 1822 1581 χα-

190 1601 262 1628 Ιαςηι
279 1609 380 1628 eorum.

215 1700 305 1736 15.3
323 1699 390 1728 CXI.
416 1699 561 1735 Postquam
586 1700 670 1733 dixit.
697 1700 824 1735 Ephraim
863 1699 981 1728 doluisse

191 1747 296 1774 radices
312 1754 384 1777 suas,
399 1751 425 1772 et
438 1746 633 1773 infructuosum
651 1746 718 1779 fore,
732 1746 902 1781 similemque
921 1754 980 1773 mu-

191 1792 254 1819 tatis
271 1792 380 1819 sedibus
395 1792 447 1818 alio
460 1792 569 1826 penitus
584 1793 830 1827 eommigranlium,
852 1793 979 1827 Assyrio-

191 1845 250 1863 rum
278 1837 393 1864 saavitia-
412 1838 506 1864 deletis
521 1845 613 1865 eorum
628 1838 735 1872 fetibus,
752 1847 823 1866 nunc
835 1840 916 1866 etiam
928 1840 981 1866 uti-

191 1883 252 1910 liter
264 1883 394 1915 ostendil,
421 1884 508 1917 qualis
523 1884 587 1910 olim
604 1884 695 1916 fuerit,
710 1893 840 1920 perquam
859 1884 980 1912 fructuo-

191 1936 238 1955 sus
265 1929 399 1959 videlicet,
414 1931 522 1963 quando
553 1930 633 1957 vitam
648 1930 753 1966 legibus
774 1932 980 1966 respondentem

191 1973 328 2007 sapienter
345 1974 463 2001 vivebat.
484 1974 577 2008 Qualis
601 1975 678 2003 vinea
705 1977 836 2010 qna-piam
870 1976 979 2011 pulchra

190 2023 217 2045 et
232 2019 299 2046 bene
313 2020 464 2047 convestita
482 2020 648 2055 palmitibus,
666 2027 727 2049 ante
742 2023 833 2050 oculos
849 2022 979 2049 ﬁnitimo-

192 2072 251 2091 rum
269 2065 427 2099 populormn
454 2066 480 2092 in
499 2066 678 2093 admiratione
690 2072 749 2094 erat
764 2075 815 2094 non
831 2068 977 2098 immerito.

191 2114 219 2135 et
229 2110 326 2143 deipsa
339 2110 434 2138 alicubi
448 2110 541 2138 beatus
555 2111 635 2139 David
650 2112 675 2138 in
688 2112 756 2139 libro
767 2112 934 2139 Psahnorum
948 2114 981 2140 ad

192 2154 378 2182 universorum
397 2157 479 2183 Deum
496 2156 552 2183 ait:
569 2166 578 2182 ι
595 2157 705 2184 Vineam
717 2158 750 2184 de
766 2157 881 2193 Egypto
895 2163 982 2186 trans-

194 2200 287 2232 tulisti,
316 2201 419 2235 ejecisti
438 2209 540 2238 gentes,
555 2207 581 2229 et
597 2202 722 2237 plantasti
739 2211 810 2231 eam.
826 2205 881 2231 Dux
902 2204 982 2231 ἰιῖιιιι-

194 2246 229 2273 tis
247 2245 318 2273 luisti
335 2247 360 2274 in
376 2253 519 2282 conspectu
533 2246 600 2281 ejus.
621 2247 746 2276 Extendit
773 2248 896 2283 palmites
916 2257 979 2277 suos

194 2299 278 2325 usque
302 2293 335 2319 ad
364 2300 446 2322 mare.
463 2297 489 2319 et
518 2300 603 2326 usque
629 2293 662 2319 ad
692 2292 797 2320 llurnina
822 2294 981 2329 propagines

194 2345 256 2365 suas
268 2338 318 2364 ε’.»
344 2338 408 2365 Nata
438 2344 479 2365 est
506 2339 613 2371 enim,u
637 2340 662 2365 in
689 2347 770 2366 cornu
787 2359 792 2369 ,
809 2345 835 2366 et
869 2340 894 2366 in
923 2340 981 2368 loco

194 2384 284 2418 pingui
300 2385 349 2416 8’,»
378 2384 457 2418 juxta
485 2392 576 2412 vocem
606 2385 754 2419 propheta'.
791 2385 979 2414 Verumtamen

193 2437 247 2456 non
263 2437 353 2460 uvam,
365 2431 410 2456 sed
425 2431 516 2464 spinas
530 2430 617 2464 potius
630 2430 766 2465 produxit.
786 2431 851 2457 Nam
868 2431 892 2457 in
912 2432 980 2458 mul-

194 2477 307 2503 titudine
325 2477 455 2504 bonorum
468 2476 517 2504 sibi
532 2477 690 2503 donatorum
715 2477 787 2504 velut
814 2478 925 2510 sociam,
955 2482 981 2505 et

193 2527 286 2549 contra
311 2523 394 2550 Deum
423 2522 633 2549 colluctatricem
659 2523 826 2557 iniquitatem
848 2524 978 2551 exhibuit.

194 2568 381 2602 Multiplicavit
395 2568 466 2596 enim
483 2568 590 2598 altaria,
615 2572 640 2595 et
654 2568 794 2597 tediﬁcavit
814 2570 955 2597 simulacra
973 2579 980 2597 :

194 2619 381 2649 quantumque
413 2615 536 2649 supernis
551 2614 675 2643 amuehat
691 2615 801 2648 divitiis,
821 2621 875 2643 tam
893 2624 980 2650 prom-

193 2664 239 2694 pta
255 2658 304 2685 fuit
317 2659 348 2684 ad
360 2659 695 2694 contaminationem,quia
712 2660 844 2688 daemones
860 2661 983 2688 adoravit

194 2710 221 2731 et
258 2711 320 2731 aras
349 2705 485 2737 excitavit,
510 2711 537 2733 et
560 2706 586 2732 in
613 2699 795 2734 seductionem
827 2706 982 2741 multiplicis

195 2749 353 2778 idololatria:
378 2759 425 2778 eor
449 2759 525 2779 suum
538 2753 737 2786 quodammodo
761 2752 862 2779 divisit.
883 2753 981 2780 Verum

195 2797 247 2823 ista
266 2804 318 2823 non
332 2796 475 2831 durabunt,
493 2797 592 2833 inquit.
626 2798 762 2831 Quinam?
783 2808 790 2823 ι
824 2798 883 2832 ipse
910 2799 982 2826 cnim

232 2879 254 2896 "
270 2879 351 2909 Zaeh.
365 2889 394 2914 ιι,
408 2881 432 2909 6.
472 2882 493 2898 ⁸ο
512 2881 605 2908 Matth.
626 2889 662 2914 xl,
677 2881 722 2907 ‘28.

762 2882 781 2897 εί
802 2881 870 2909 l‘sal.
884 2889 977 2915 um,
998 2887 1024 2914 9.
1042 2884 1075 2910 10
1092 2892 1168 2920 seqq.

1030 1602 1177 1637 τασκιὶψει
1190 1603 1225 1629 τὰ
1239 1601 1437 1636 θυσιαστήρια
1454 1601 1564 1635 αὐτῶν,
1577 1601 1822 1637 ταλαιπωρήσου-

1030 1658 1081 1676 σιν
1095 1650 1124 1677 al
1140 1648 1251 1683 στῆλαι
1268 1647 1378 1675 αὐτῶν.

1072 1707 1146 1734 PlA'.
1174 1701 1342 1740 Ἠλγημένον
1365 1704 1415 1736 τὰς
1433 1705 1510 1740 ῥίζας
1525 1703 1609 1731 εἰπὼν
1622 1704 1668 1730 τὸν
1691 1703 1822 1739 Ἐφραῒμ,

1031 1753 1140 1779 ἔσεσθαι
1155 1752 1183 1778 δὲ
1200 1752 1246 1778 καὶ
1263 1751 1398 1786 ἄκαρπον,
1411 1751 1457 1778 καὶ
1473 1751 1502 1776 ὲν
1515 1751 1565 1785 ἴσῳ
1578 1751 1634 1781 τοῖς
1651 1749 1823 1785 μετοικοῦσιν

1031 1799 1109 1832 ὅλως,
1123 1798 1172 1834 τῆς
1194 1797 1344 1832 Ἀσσυρίων
1359 1797 1522 1834 ἀγριότητος
1539 1796 1703 1831 δαπανώσης
1716 1795 1751 1822 τὰ
1762 1804 1823 1830 γεν-

1030 1845 1148 1880 νώμενα,
1164 1843 1298 1870 δείκνυσιν
1317 1843 1473 1876 ἀναγκαίως
1488 1843 1535 1869 καὶ
1546 1839 1601 1874 οἷος
1614 1840 1648 1877 ἦν
1661 1842 1757 1875 πάλαι,
1773 1841 1822 1868 καὶ

1031 1890 1071 1916 ὅτι
1088 1889 1199 1924 γέγονεν
1214 1888 1363 1923 εὔκαρπος,
1381 1888 1426 1914 ὅτε
1448 1888 1498 1922 τῆς
1521 1888 1550 1914 ὲν
1573 1887 1646 1922 νόμῳ
1667 1887 1741 1922 ζωῆς
1758 1895 1822 1922 μετ-

1033 1937 1151 1962 εποιεῖτο
1167 1934 1267 1968 σοφῶς.
1291 1932 1341 1960 Οἴα
1357 1933 1411 1968 γάρ
1427 1942 1468 1965 τις
1484 1933 1605 1968 ἄμπελος
1619 1933 1700 1968 καλὴ,
1716 1934 1762 1960 καὶ
1777 1933 1822 1958 εὐ-

1032 1979 1212 2016 κληματοῦσα
1235 1980 1291 2011 τοῖς
1319 1979 1372 2006 τῶν
1396 1978 1480 2005 ὲθνῶν
1501 1979 1651 2014 περιοίκοις
1674 1977 1822 2014 ὁρώμενος,

1033 2027 1145 2058 εἰκότως
1165 2025 1395 2060 κατεθαυμάζετο.
1411 2025 1465 2052 Καὶ
1478 2026 1543 2060 περὶ
1558 2025 1643 2060 αὐτῆς
1664 2024 1717 2051 πού
1741 2033 1824 2059 φησιν

1031 2073 1046 2099 ὁ
1064 2071 1200 2107 μακάριος
1222 2071 1304 2098 Δαόἱδ
1319 2071 1347 2097 ἐν
1363 2071 1447 2105 βίὸλῳ
1464 2070 1598 2105 Ψαλμῶν,
1621 2070 1690 2105 πρὸς
1705 2070 1752 2097 τὸν
1771 2071 1824 2096 τῶν

1032 2118 1100 2145 ὅλων
1122 2117 1237 2152 Σωτῆρα
1251 2116 1333 2143 Θεόν-
1355 2126 1363 2142 ι
1379 2116 1517 2152 ’Ἄμπελον
1538 2116 1568 2149 ἐξ
1596 2116 1737 2151 Αἰγύπτου
1763 2125 1824 2152 μετ-

1033 2166 1113 2200 ῆρας,
1129 2163 1256 2197 ἐξέϐαλες
1270 2163 1345 2199 ἔθνη,
1359 2164 1407 2190 καὶ
1426 2163 1632 2198 κατεφύτευσας
1647 2163 1745 2199 αὑτήν.
1755 2164 1823 2190 Ὠδο-

1035 2211 1150 2246 ποίησας
1181 2210 1335 2245 ἔμπροσθεν
1356 2211 1450 2245 αὐτῆς.
1483 2210 1613 2244 Ἐξέτεινε
1635 2210 1669 2237 τὰ
1698 2211 1825 2246 κλήματα

1035 2257 1119 2291 αὐτῆς
1139 2256 1192 2288 ἕως
1208 2256 1355 2290 θαλάσσης,
1384 2256 1431 2283 καὶ
1448 2256 1498 2288 ἓως
1520 2256 1652 2291 ποταμῶν
1666 2256 1717 2288 τὰς
1733 2265 1825 2292 παρα-

1036 2302 1138 2336 φυάδας
1156 2302 1249 2337 αὐτῆς.
1268 2311 1277 2328 ι
1296 2302 1405 2336 Πέίρυκε
1421 2303 1471 2338 μὲν
1486 2303 1553 2337 γὰρ,
1567 2312 1575 2327 ‹
1600 2303 1644 2328 Ἐν
1658 2302 1766 2338 κέρατι,
1780 2303 1826 2329 καὶ

1034 2347 1063 2373 ἐν
1087 2347 1161 2382 τόπῳ
1185 2348 1275 2380 πίονι,
1294 2357 1302 2372 ι
1325 2347 1396 2374 κατὰ
1416 2347 1466 2383 τὴν
1488 2347 1534 2374 τοῦ
1556 2349 1697 2383 προφήτου
1720 2349 1823 2384 φωνὴν.

1035 2392 1107 2428 Πλὴν
1134 2393 1164 2418 οὐ
1181 2393 1273 2419 τέτοκε
1290 2393 1439 2428 σταφυλὴν,
1457 2394 1554 2428 ἤνεγκε
1571 2394 1600 2420 δὲ
1617 2393 1719 2428 μᾶλλον
1740 2394 1823 2421 ἀκάν-

1035 2439 1092 2470 θας.
1113 2438 1157 2473 Τῷ
1170 2439 1224 2474 γὰρ
1240 2439 1337 2474 πλήθει
1352 2439 1404 2466 τῶν
1416 2439 1547 2466 δοθέντων
1563 2439 1673 2474 ἀγαθῶν
1682 2440 1752 2474 αὐτῇ
1765 2439 1826 2466 σύν-

1033 2483 1133 2518 δρομον
1148 2483 1242 2519 ὥσπερ
1257 2484 1317 2510 τινὰ
1340 2485 1387 2511 καὶ
1401 2484 1516 2519 ἰσοπαλῆ
1529 2484 1578 2520 τὴν
1599 2484 1706 2511 ἀδικίαν
1720 2485 1826 2511 ἐπεδεί-

1036 2528 1111 2560 ξατο·
1136 2529 1214 2564 δῆλον
1235 2530 1262 2556 δὲ
1277 2531 1316 2556 ὅτι
1339 2530 1389 2565 τὴν
1405 2530 1476 2557 κατὰ
1503 2530 1582 2557 Θεοῦ.
1605 2530 1756 2566 Ἐπλήθυνε
1774 2531 1827 2566 γὰρ

1036 2573 1239 2609 θυσιαστήρια,
1267 2575 1314 2601 καὶ
1338 2575 1497 2610 ᾠκοδόμησε
1532 2575 1649 2610 στήλας·
1688 2575 1735 2602 καὶ
1766 2576 1828 2602 ὅσον

1036 2620 1162 2646 ἐπλούτει
1174 2621 1228 2651 τοῖς
1242 2620 1345 2648 ἄνωθεν
1359 2621 1479 2655 ἀγαθοῖς,
1495 2620 1621 2648 τοσοῦτον
1635 2619 1669 2654 ἦν
1686 2622 1828 2657 πρόθυμος

1036 2666 1075 2697 εις
1092 2665 1254 2701 βεϐήλωσιν,
1267 2667 1310 2694 διὰ
1325 2667 1372 2694 τοῦ
1388 2669 1551 2703 προσκυνεῖν
1564 2669 1621 2699 τοῖς
1640 2667 1763 2703 δαίμοσι,
1780 2668 1828 2694 καὶ

1037 2711 1146 2747 βωμοὺς
1163 2712 1290 2747 ἐγείρειν,
1307 2713 1353 2740 καὶ
1369 2714 1410 2745 εἰς
1427 2713 1476 2749 τὴν
1498 2713 1629 2740 πολύθεον
1652 2713 1760 2749 πλάνην
1779 2713 1827 2749 τὴν

1037 2756 1105 2783 ἰδίαν
1117 2755 1210 2792 ὥσπερ
1222 2757 1416 2792 καταμερὶζειν
1432 2758 1554 2793 καρδίαν.
1565 2758 1635 2784 Ἀλλ’
1646 2758 1720 2785 οὕτω
1729 2758 1824 2787 ταῦτα,

1037 2803 1128 2836 φησιν,
1154 2803 1204 2829 οὐκ
1225 2803 1310 2829 ἔσται.
1327 2803 1428 2836 Πόθεν;
1449 2813 1457 2830 ι
1476 2803 1654 2838 Κατασκάψει
1672 2805 1726 2840 γὰρ
1749 2803 1827 2836 αὐτὸς

1209 2886 1295 2913 “15a.
1312 2894 1333 2912 ν.
