1919 3042
85 176 136 204 2ιὸ

556 176 832 206 COMMENTARIUS
851 177 885 205 IN
906 178 1022 206 OSEAM
1039 179 1257 207 PROl’llE'l'Abl.

1664 184 1723 211 246

89 235 208 270 Μανατμ,
218 235 257 266 ὡς
271 234 340 270 ὅλην
353 231 437 262 οὖσαν
450 235 537 262 διόλου
559 238 673 272 χρυσῆν,
690 237 818 272 πέπομφε
832 237 882 272 τὴν

942 238 1024 266 latum
1052 239 1135 267 misit.
1155 239 1234 275 146
1256 240 1340 275 Quem
1366 239 1462 267 Phulas
1490 245 1628 274 acceptum
1655 249 1719 269 con-

89 281 249 316 δὰμαλιν.”0
275 281 305 307 δέ
324 289 357 315 γε
372 282 476 313 Φούλας
499 282 644 309 συνέθλασε
662 282 767 310 λαῦών·
786 283 880 318 ἕτερον

90 328 140 363 γὰρ
156 328 222 362 παρ’
249 327 367 359 ἐκείνοις
382 328 413 355 τὸ
432 327 523 361 σέϐας,
548 329 595 355 καὶ
610 329 753 364 δαμάλεως
768 329 816 355 οὐχ
831 329 880 355 ἀν-

91 375 206 408 ἐχονται.
230 370 299 400 Εἷτά
320 382 404 409 φησιν
433 375 480 408 οὐχ
506 374 644 410 ηὑρῆσθαι
672 374 793 410 χρυσῆν,
816 375 882 401 ὑπό-

91 417 187 452 χιλχον
201 418 230 444 δὲ
246 417 360 452 μᾶλλον,
372 418 467 453 χρυσῷ
484 418 721 454 διαπεπασμένην.
730 418 880 451 Ἐντεῦθεν,

90 463 358 500 ᾳησὶν,ὁ“Ασσύριος
372 464 487 498 ἐγέλασε
495 465 542 492 τὸν
556 465 882 501 Ἐφραῖμ,τουτέστι,τδν

89 509 216 550 limam,
242 509 290 536 τὸν
313 510 346 536 ὲκ
367 510 454 545 φυλῆς
474 510 594 546 Ἐφραῖμ
628 511 815 546 βασιλεύοντα.
839 513 883 538 Δι-

90 555 189 582 έτπυσε
213 555 242 582 δὲ
261 555 329 591 πρὸς
348 556 436 591 τούτῳ
454 557 501 583 καὶ
526 556 576 588 τὰς
592 557 639 583 τοῦ
660 557 767 592 Ἰσραὴλ
785 558 882 583 εἰκαιο-

90 601 213 633 εουλίας.
232 601 381 637 Είρηκότες
395 602 427 637 δὴ
450 600 496 628 οὖν
514 603 564 638 τῆς
584 602 714 638 ῑστορίας,
731 604 815 638 ἤγουν
835 602 884 638 τῆς

97 647 232 682 Ἐὃραίων
251 647 426 682 παραδόσεως
442 647 487 673 τὸν
501 647 589 682 λόγον,
615 647 680 684 φέρε
694 647 785 674 λοιπὸν
804 648 884 682 ἀναγ-

93 693 177 724 καίως
191 692 382 727 ὲπιτρέχωμεν
392 693 440 728 τὴν
448 692 530 724 λέξιν.
543 693 734 724 Δυσκάτοπτος
746 693 809 729 γὰρ,
823 693 884 720 Ὅτι

94 738 310 772 παροικήσουσιν
329 739 353 763 οἱ
374 737 563 770 κατοικοῦντες
578 738 746 774 Σαμάρειαν,
763 738 794 765 τὸ
813 747 884 775 παρ-

93 783 262 818 οικήσουσιν,
289 783 350 809 ἀντὶ
368 782 415 809 τοῦ
440 783 658 818 μετοικήσουσιν,
683 784 741 819 ἦτοι
767 792 884 819 μετοικι-

94 827 248 862 σθήσονται,
265 828 357 862 φησὶν,
371 827 396 854 οἱ
409 828 455 855 νῦν
465 828 540 860 ὄντες
553 829 582 856 ὲν
598 829 748 865 Σαμαρείᾳ.
760 829 841 862 Λέγει
855 829 885 856 δὲ

92 874 153 905 τοὺς
168 873 298 908 μόσχους,
307 874 367 908 ἢτοι
377 873 426 905 τὰς
449 873 579 909 δαμάλεις
599 874 808 909 ἐξεπέμφθησαν
819 874 884 909 γὰρ,

93 921 129 950 ὡς
144 919 224 954 ἔφην,
243 920 284 951 εἰς
301 919 497 952 Βαϐυλωνίους.
515 929 525 946 ι
551 920 606 947 Καὶ
627 919 760 956 ἐπένθησε
775 920 825 955 μὲν
840 920 884 946 ἐπ’
901 909 922 937 Β

93 965 185 995 αὐτοῖς
203 966 219 991 ὁ
234 965 300 996 λαὸς
314 965 408 992 αὐτοῦ.
428 974 438 991 ι
461 965 539 997 Τίνος
552 966 582 992 δὲ
597 965 696 1000 αὐτοῦ;
712 965 831 1001 ἢδῆλον,
842 965 883 992 ὅτι

93 1011 138 1038 τοῦ
153 1010 203 1043 ὢν,
217 1011 234 1038 ὅ
244 1013 313 1044 ἐστι,
325 1011 372 1038 τοῦ
383 1011 510 1045 "Among;
526 1011 596 1047 πλὴν
605 1012 642 1044 ὡς
655 1011 794 1047 ὤφθησαν,
803 1011 882 1047 φησὶ,

94 1057 376 1092 παραπικραίνοντες,
398 1058 445 1084 καὶ
465 1057 644 1092 ἀτιμάζοντες
667 1057 748 1085 αὑτὸν
769 1057 813 1084 διὰ
836 1057 883 1084 τοῦ

95 1103 215 1138 πέμπειν
241 1103 357 1138 ἑτέροις,
381 1103 453 1130 οὕτω
480 1103 643 1138 ἡσθήσονται
660 1103 706 1130 ἐπὶ
731 1103 781 1139 τὴν
806 1103 884 1136 δόξαν

94 1148 187 1175 αὐτοῦ.
200 1147 338 1184 Νομιοῦσι
351 1148 415 1184 γὰρ,
427 1149 468 1175 ὅτι
483 1148 531 1175 καὶ
545 1149 612 1175 πολὺ
623 1148 683 1175 λίαν
697 1148 888 1183 εὐκλεέστερος

95 1194 181 1228 ἔσται,
206 1194 285 1230 παρὰ
302 1194 433 1222 πλειόνων
449 1194 534 1221 ἐθνῶν
550 1194 799 1230 προσκυνούμενος.
818 1193 888 1220 Ἀλλ’

94 1240 275 1276 ἡμαρτήκασι
297 1239 348 1274 τῆς
373 1239 489 1271 ἐλπίδος.
508 1239 728 1275 Συντέθραυσται
755 1239 820 1275 γὰρ,
841 1238 889 1265 καὶ

96 1284 215 1319 γέλωτος
229 1285 342 1321 ἀφορμὴ
361 1286 417 1317 τοῖς
429 1284 610 1316 Βαϐυλωνίοις
632 1282 677 1320 ἦν.
692 1283 798 1311 Οὐκοῦν
813 1291 890 1310 τεταν-

96 1330 275 1366 ὶιιπώρηκεν
299 1331 317 1366 ὴ
340 1331 424 1366 στήλη
452 1330 542 1357 αὐτῶν
565 1329 634 1357 κατὰ
660 1329 710 1365 τὴν
734 1329 817 1356 αὑτοῦ
840 1329 888 1355 τοῦ

98 1377 242 1412 προφήτου
259 1377 364 1412 φωνήν.
381 1376 594 1415 Παρεπίκραναν
610 1376 638 1402 δὲ
654 1375 700 1402 τὸν
717 1375 829 1410 μόσχον,
841 1375 890 1409 οὐχ

97 1424 137 1450 ὅτι
164 1422 380 1458 παρεπικράνθη
406 1422 477 1449 κατὰ
497 1422 528 1448 τὸ
551 1421 666 1457 ἀληθές·
696 1421 754 1452 πῶς
776 1420 829 1456 γὰρ
857 1419 890 1446 ἂν

99 1469 176 1495 τοῦτο
204 1468 343 1495 πέπονθεν
366 1467 529 1503 ἀναίσθητος
546 1467 612 1503 ὕλης
630 1466 688 1493 ἀλλ’
705 1467 747 1493 ὅτι
766 1465 820 1492 τῶν
843 1466 890 1499 ὲγ-

932 284 1012 319 fregit
1027 293 1034 318 ;
1048 284 1119 312 aliu'l
1140 286 1211 312 enim
1236 292 1333 312 numen
1363 286 1467 321 Assyrii
1493 286 1594 318 colunt,
1616 294 1665 314 nec
1682 287 1720 313 vi-

932 330 1017 355 tulum
1042 329 1191 363 patiuntur.
1208 329 1303 361 Postea
1319 338 1370 357 non
1394 331 1508 365 amplius
1524 338 1646 364 aureum,
1672 333 1719 360 sed

932 381 963 401 ex
981 381 1033 401 :nrc
1045 380 1163 407 auroque
1179 375 1348 402 connnistum
1365 376 1502 404 exstitisse
1519 383 1638 405 narrant.
1653 378 1718 405 lliuc

932 419 1072 454 Assyrium
1087 419 1204 447 irrisisse
1227 420 1363 455 Ephraim,
1384 421 1434 449 hoc
1457 427 1509 454 est,
1535 422 1649 449 Mauaim
1678 431 1719 450 re-

932 472 991 499 gem
1021 465 1054 492 de
1084 464 1155 492 tribu
1168 464 1305 500 Ephraim,
1328 471 1356 493 et
1370 467 1511 494 stultitiam
1529 467 1637 496 lsraelis
1652 476 1718 496 con-

934 511 1082 545 tempsisse.
1095 511 1221 546 Exposita
1234 511 1315 546 igitur
1331 511 1454 545 historia,
1465 513 1521 540 sive
1545 513 1719 541 llebrmorum

934 556 1086 588 traditione,
1105 563 1154 591 age
1171 555 1295 591 deinceps
1311 557 1392 584 verba
1409 563 1550 586 contextus
1564 580 1572 591 ,
1588 564 1616 586 ut
1638 560 1720 586 debe-

935 610 1004 635 mus,
1025 610 1226 638 percurramus.
1249 603 1358 630 Minime
1380 604 1452 631 enim
1496 606 1635 639 perspicua
1679 611 1721 633 est

934 656 1026 676 eorum
1057 648 1199 676 sententia.
1230 647 1299 675 Dicit
1333 649 1413 682 igitur
1446 649 1640 677 accolas‘rorc
1670 651 1719 677 ha-

935 693 1053 720 bitantes
1080 690 1242 720 Samariam.
1267 693 1373 721 Accolae
1395 699 1485 726 erunt,
1515 702 1574 730 pro,
1595 696 1723 722 transmi-

935 736 1049 770 grabunt
1078 737 1130 765 alio
1152 737 1312 771 habitatum,
1339 746 1386 765 seu
1415 739 1468 766 alio
1490 740 1522 766 ad
1549 739 1721 767 habitandum

936 782 1136 810 transferentur
1152 783 1245 810 incolae
1262 783 1402 811 Samarize.
1416 784 1474 817 Quo
1490 785 1597 812 nomine
1613 785 1719 817 vilulos,

935 835 982 855 seu
1005 827 1115 856 buculas
1136 828 1278 863 intelligit;
1294 830 1326 856 ad
1343 829 1503 866 Babylonios
1530 830 1602 858 enim
1631 830 1720 858 missa:

936 877 1009 905 sunt,
1033 878 1062 900 ut
1085 874 1173 901 docui.
1189 883 1198 900 ι
1212 874 1245 901 Et
1259 875 1329 902 luxit
1358 883 1439 910 super
1463 875 1496 903 iis
1509 875 1622 911 populus
1637 875 1720 910 eius.)

937 918 1081 953 Cujusnam
1109 919 1233 953 ejusian
1259 919 1309 953 ὥν,
1338 922 1363 948 id
1388 925 1438 954 est,
1456 921 1569 955 Apidis?
1584 921 1726 948 Verumta-

935 971 1010 996 men,
1038 966 1264 999 qucmadmodum
1291 967 1340 994 visi
1370 971 1443 1000 sunt,
1471 967 1567 1002 inquit,
1589 976 1650 994 eum
1677 975 1726 994 ex—

931 1009 1060 1038 acerbare
1074 1015 1103 1038 et
1125 1016 1298 1040 contemnere
1317 1013 1379 1040 dum
1393 1013 1453 1041 aliis
1469 1013 1593 1045 mittunt,
1612 1014 1648 1041 ita
1675 1013 1722 1040 la:-

931 1055 1058 1084 tabuntur
1067 1063 1148 1092 super
1154 1057 1237 1092 gloria
1248 1058 1316 1093 ejus.
1327 1058 1600 1086 Existimabuntenim
1615 1067 1627 1086 a
1641 1059 1725 1094 pluri-

935 1101 987 1129 bus
1002 1102 1127 1137 gentibus
1152 1103 1294 1131 adoratum
1310 1103 1494 1139 gioriosiorem
1516 1105 1647 1132 futurum.
1672 1105 1724 1132 Sed

942 1147 1036 1176 fefellit
1060 1156 1106 1176 eos
1121 1156 1194 1183 spes.
1217 1148 1376 1177 Confractus
1388 1150 1472 1182 enim,
1503 1150 1614 1177 materia
1650 1150 1721 1177 risus

941 1198 970 1221 et
991 1193 1044 1228 ioci
1065 1193 1222 1229 Babyloniis
1249 1194 1310 1222 fuit.
1325 1195 1458 1228 Quocirca
1480 1195 1607 1223 aﬂlictum
1624 1200 1666 1222 est
1688 1196 1726 1222 si-

941 1238 1090 1266 mulacrum
1107 1239 1238 1273 ipsorum,
1261 1243 1292 1266 ut
1307 1239 1351 1267 hic
1366 1240 1422 1275 ipse
1436 1240 1566 1275 propheta
1584 1239 1658 1267 dicit.
1672 1240 1723 1266 Ex-

942 1283 1138 1312 acerbaverunt
1152 1289 1242 1312 autem
1258 1285 1380 1318 vitulum,
1399 1292 1451 1312 non
1476 1286 1537 1320 quia
1564 1293 1657 1313 revera
1676 1293 1724 1312 ex-

942 1329 1084 1357 acerbatus
1109 1331 1144 1358 sit
1158 1330 1167 1366 (
1182 1331 1226 1365 qui
1241 1332 1314 1358 enim
1334 1332 1373 1360 sic
1397 1331 1548 1359 aﬂicerctur
1575 1338 1617 1358 res
1632 1339 1726 1358 sensus

942 1380 1039 1409 expers
1050 1373 1083 1409 '1),
1101 1375 1149 1402 sed
1174 1375 1237 1410 quia
1258 1376 1320 1403 facti
1351 1381 1445 1403 natura
1470 1377 1556 1411 ipsum
1583 1376 1725 1408 irritassel,

943 1419 965 1447 si
986 1427 1049 1447 vere
1081 1420 1147 1448 deus
1182 1420 1297 1454 fuisset,
1316 1426 1343 1449 et
1369 1427 1464 1450 eventa
1488 1430 1536 1450 sua
1562 1422 1662 1450 sentire
1683 1430 1727 1457 po-

945 1465 1050 1494 tuisset.
1091 1485 1094 1487 λ

100 1514 275 1550 χειρημάτων
294 1514 311 1549 ὴ
329 1513 443 1548 δύναμις
474 1512 649 1548 παρώργισεν
668 1512 702 1539 ἃν
718 1511 808 1545 αὑτὸν,
829 1510 906 1545 ειπερ
925 1507 959 1546 ἦν
992 1511 1078 1543 ὅντως
1097 1511 1168 1545 θεὸς,
1187 1512 1233 1540 καὶ
1249 1512 1278 1539 ἐν
1297 1511 1420 1547 αἰσθήσει
1436 1513 1482 1539 τοῦ
1497 1512 1592 1540 παθεῖν
1606 1512 1639 1539 τὰ
1658 1519 1727 1547 συμ-

101 1561 236 1596 ϐεϐηκότα

135 1609 196 1634 ’Ὁτι
209 1607 380 1642 μετῳκίσθη
394 1607 444 1635 ἀπ’
465 1605 575 1638 αὑτοῦ,
591 1606 639 1632 καὶ
657 1605 750 1632 αὑτὸν
764 1605 807 1637 είς
829 1605 888 1631 Ἀσ-

981 1601 1063 1629 \'Eus.
1081 1601 1106 1628 6.
1124 1601 1192 1633 Quia
1211 1601 1355 1628 translatus
1376 1605 1413 1628 est
1441 1602 1475 1628 ab
1493 1609 1532 1635 eo,
1545 1607 1570 1628 cl
1591 1611 1675 1636 ipsum
1699 1604 1728 1630 in

101 1653 223 1687 cvplovg
241 1652 392 1685 δήσαντες
411 1651 589 1685 ἀπήνεγκαν
606 1650 691 1682 ξένια
711 1649 750 1682 τῷ
768 1648 895 1681 βασιλεῖ

107 1699 222 1732 Ἰαρεᾲι.
240 1699 290 1724 Ἐν
305 1697 410 1732 δόματι
423 1697 545 1731 Έφραῒμ
563 1696 690 1728 δέξεται,
704 1695 754 1722 καὶ
769 1696 892 1728 αἰσχυν-

103 1745 228 1776 θήσεται
248 1743 368 1778 Ὶσραὴλ
380 1744 415 1770 ἐν
433 1742 470 1776 τῇ
482 1742 585 1776 βουλῇ
599 1741 700 1769 αὐτοῦ.

137 1789 335 1816 ΡΙΕ¹.Ὲαυτδν
349 1790 415 1824 ἡμῖν
431 1789 445 1814 ὀ
459 1787 626 1824 προφητικὺς
640 1786 785 1822 ἑρμηνεύει
803 1786 891 1820 λόγος.

105 1836 137 1862 ’Ὀ
152 1836 209 1871 γὰρ
232 1836 344 1870 εἴρηκεν
367 1834 506 1870 ἀμυδρῶς,
530 1834 610 1861 τοῦτο
633 1834 759 1869 πειρᾶται
784 1833 890 1868 διατρα-

103 1880 174 1907 νοῦν.
199 1880 364 1916 Μετῳκίσθη
385 1880 439 1915 γὰρ
460 1881 475 1906 ὁ
497 1880 598 1915 μόσχος
632 1879 686 1906 ἀπὸ
707 1879 753 1905 τοῦ
776 1878 891 1914 Ἰσραὴλ,

105 1927 150 1953 καὶ
173 1927 307 1962 δήσαντες
330 1925 411 1952 αὐτὸν
431 1925 641 1961 (χαριεντίζεται
660 1925 688 1952 δὲ
705 1926 720 1951 ὁ
736 1924 825 1959 λόγος)
846 1925 894 1951 ἁπ-

104 1972 236 2007 εκόμισαν
251 1971 326 2003 ξένια
340 1971 378 2006 τῷ
396 1971 501 2006 βασιλεῖ
521 1971 634 2006 Ἱαρεὶμ,
652 1971 665 1996 ὅ
679 1970 762 2002 ἐστιν,
783 1969 892 2004 ὲκδίκῳ.

110 2017 248 2044 Ἐκαλεῖτο
267 2017 321 2052 γὰρ
338 2017 377 2048 εἰς
391 2016 559 2052 ἐπικουρίαν,
573 2016 619 2042 καὶ
634 2015 714 2042 οἱονεί
729 2024 786 2046 πως
801 2016 840 2046 είς
859 2014 889 2040 τὸ

105 2062 248 2097 ἐκδικῆσαι
274 2061 323 2096 τὴν
346 2062 502 2096 Σαμάρειαν
524 2060 736 2096 ὀλοθρευομένην
762 2059 815 2086 ὑπὸ
840 2058 894 2085 τῶν

105 2108 207 2142 Σύρων.
237 2107 319 2133 Ἀλλὰ
342 2107 448 2140 δέξεται
467 2107 515 2141 μὲν
536 2108 550 2132 ὁ
568 2106 670 2137 Φούλας
691 2106 728 2137 ὠς
749 2106 778 2131 ὲν
798 2105 894 2139 δόματι

106 2155 179 2188 παρὰ
193 2153 240 2180 τοῦ
259 2153 378 2188 Ἐφραῖμ
390 2153 439 2188 τὴν
452 2153 577 2188 δάμαλιν,
590 2152 709 2188 Ἐφραῖμ
724 2152 751 2178 δέ
766 2160 834 2186 φησι
847 2151 894 2177 τὸν

105 2200 150 2226 τοῦ
169 2200 281 2234 Ἰσραὴλ
297 2199 419 2234 βασιλέα,
442 2199 513 2234 Πλὴν
532 2208 542 2224 ι
558 2198 784 2233 Αἰσχυνοήσεται,
801 2196 893 2231 φησὶν,

105 2247 119 2272 ὁ
139 2246 250 2281 Ἰσραὴλ
275 2246 321 2272 ἐπὶ
336 2247 396 2278 ταῖς
412 2244 510 2271 ἑαυτοῦ
525 2244 641 2279 βουλαῖς.
663 2253 671 2269 ι
694 2244 755 2269 "Ott
774 2243 838 2278 γὰρ,
857 2242 895 2273 ὡς

106 2292 185 2326 ἔφην,
204 2291 311 2326 ἀπέστη
327 2291 376 2326 μὲν
395 2290 441 2317 τοῦ
459 2291 548 2317 πάντα
564 2289 701 2324 ἰσχύοντος
717 2288 795 2320 Θεοῦ,
808 2288 894 2314 εἵλετο

105 2337 132 2364 δὲ
152 2337 254 2373 μᾶλλον
279 2336 409 2371 δαμάλεσι
435 2336 606 2371 προσκυνεῖν,
631 2334 830 2368 καταγέλαστος
848 2331 892 2368 ἦν,

107 2383 153 2409 καὶ
164 2382 347 2417 κατεῖωρᾶτο
364 2380 454 2407 πεσὼν
470 2381 508 2412 είς
528 2379 650 2415 γραὼδη,
661 2380 708 2406 καὶ
718 2378 835 2414 ψυχρὰν,
846 2378 893 2404 καὶ

106 2428 235 2463 ἀνόνητον
259 2426 464 2453 είκαιοόουλίαν.
495 2425 632 2461 Ἀληθεύει
649 2425 680 2460 δὴ
699 2423 745 2451 οὖν
762 2426 775 2451 ό
793 2425 895 2460 προφή-

107 2483 164 2508 της,
181 2474 284 2509 μᾶλλον
296 2473 324 2499 δὲ
339 2472 405 2504 Θεὸς
416 2492 422 2503 ,
437 2473 460 2498 εξ
475 2472 547 2506 λέγοι
561 2470 605 2498 διὰ
623 2471 712 2506 φωνῆς
726 2471 811 2504 ἁγίων
831 2471 894 2504 περὶ

107 2520 158 2546 τῶν
173 2519 393 2554 λελατρευκότων
410 2519 465 2550 τοῖς
489 2518 580 2553 ἔργοις
603 2517 655 2544 τῶν
673 2516 770 2552 χειρῶν
795 2516 893 2547 αὐτῶν,

112 2566 221 2592 «Ἴδετε
244 2565 287 2591 ὅτι
319 2564 413 2595 σποδὸς
436 2564 453 2599 ἡ
477 2563 573 2599 καρδία
599 2563 702 2595 αὐτῶν,
722 2571 730 2587 ι
757 2563 804 2589 καὶ
830 2562 895 2588 πλα-

108 2612 218 2639 νῶνται.

149 2655 293 2691 ’.ἁρμόσειε
315 2655 338 2681 δ’
361 2654 393 2681 ἂν
417 2656 430 2681 ὁ
452 2654 529 2689 λόγος
550 2655 596 2681 καὶ
620 2655 675 2686 τοίς
705 2654 738 2680 τὰ
760 2653 827 2688 ὀρθὰ
848 2653 895 2687 τῆς

115 2701 280 2736 Ἐκκλησίας
298 2701 467 2736 παραλύουσι
484 2701 617 2736 δόγματα.
634 2701 739 2734 ’Ὠσπερ
752 2699 806 2733 γὰρ
819 2700 835 2733 ἡ
848 2699 895 2725 δά.-

110 2748 189 2783 μσλις
211 2747 411 2783 συντριϐομένη
439 2747 486 2782 τὴν
512 2747 558 2774 τοῦ
582 2746 691 2782 Ἰσραὴλ
718 2744 830 2781 ἤλεγξεν
859 2745 897 2770 εἰ-

109 2792 275 2827 καιολογίαν,
309 2792 380 2818 οὕτω
409 2793 453 2818 καὶ
485 2792 518 2819 τὶ
550 2792 661 2818 ἐκείνων
687 2791 808 2825 δόγματα
839 2790 896 2820 ταῖς

149 2881 171 2896 ¹⁷
187 2880 252 2915 Sap.
272 2887 316 2912 xv,
335 2879 375 2906 10.

942 1647 1063 1682 Assyrios
1079 1647 1187 1681 ligatum
1211 1646 1373 1674 abduxerunt
1388 1655 1497 1674 munera
1516 1648 1570 1682 regi
1585 1648 1679 1675 larim.
1694 1648 1726 1676 In

943 1695 1010 1720 dono
1034 1693 1161 1728 Eplimim
1183 1693 1326 1726 suscipiet;
1342 1697 1367 1719 et
1389 1693 1564 1727 confundetur
1594 1693 1676 1721 Israel
1700 1694 1728 1720 in

943 1739 1052 1766 consilio
1079 1748 1134 1766 suo.

978 1785 1058 1813 CXV.
1090 1786 1213 1820 Seipsum
1248 1785 1326 1812 nobis
1358 1785 1529 1820 propheticus
1558 1792 1648 1812 sermo
1680 1793 1728 1813 ex-

944 1830 1044 1865 planat.
1076 1829 1152 1863 Quod
1177 1830 1250 1856 enim
1279 1829 1347 1856 dixit
1387 1829 1550 1861 involutius,
1578 1830 1628 1857 hoc
1653 1830 1727 1858 evol-

944 1883 1006 1903 vere
1018 1875 1122 1902 nititur.
1157 1874 1315 1902 Translatus
1329 1878 1371 1902 est
1397 1875 1495 1909 quippe
1514 1875 1612 1901 vitulus
1627 1876 1660 1902 ab
1689 1877 1727 1902 ls-

946 1920 1009 1953 rael,
1025 1925 1052 1948 et
1067 1920 1176 1956 ligatum
1193 1928 1253 1948 eum
1271 1921 1398 1955 (jocatur
1409 1920 1480 1948 enim
1497 1920 1596 1948 festive
1613 1922 1729 1956 prophe-

945 1967 991 2001 ta)
1008 1970 1179 2000 asportarunt
1192 1974 1240 2000 pro
1261 1974 1370 1994 munere
1388 1967 1445 2002 regi
1464 1967 1554 1999 larim,
1587 1968 1637 1994 hoc
1665 1972 1727 2000 est,

945 2012 1035 2039 ultori.
1054 2012 1169 2039 Vocatus
1185 2012 1255 2039 enim
1272 2011 1359 2039 fuerat
1376 2013 1410 2040 ad
1437 2012 1577 2045 auxilium,
1602 2017 1629 2040 et
1646 2013 1728 2040 veluti

945 2059 977 2085 ad
997 2058 1182 2086 vindicandam
1211 2058 1371 2091 Samariam,
1398 2066 1477 2093 quam
1503 2057 1565 2094 Syri
1593 2059 1727 2093 perditura

946 2104 1098 2132 veniebant.
1129 2105 1181 2131 Sed
1213 2105 1343 2140 suscipiet
1380 2105 1487 2140 quidem
1522 2104 1620 2132 Pltulas
1657 2105 1726 2132 vitu-

947 2151 1001 2177 lum
1038 2155 1066 2177 ut
1099 2152 1198 2177 donum
1225 2150 1375 2184 Ephraim,
1403 2159 1417 2177 a
1453 2159 1515 2186 rege
1543 2150 1624 2179 Israel
1651 2151 1727 2178 vide-

946 2196 1024 2229 licet;
1046 2197 1219 2223 nihilominus
1237 2206 1246 2222 ε
1265 2196 1446 2224 confundetur
1461 2196 1552 2229 Israel,
1573 2197 1668 2232 inquit,
1702 2197 1728 2224 in

947 2243 1068 2270 consiliis
1085 2242 1149 2269 suis.
1170 2251 1179 2267 ι
1194 2241 1325 2275 Quoniam
1352 2242 1434 2275 enim,
1451 2247 1479 2268 ut
1492 2242 1557 2274 dixi,
1576 2243 1609 2270 ab
1637 2242 1731 2270 Ouini-

948 2292 1056 2323 potcnte
1071 2287 1193 2319 descivit,
1209 2291 1235 2314 ct
1253 2287 1349 2313 vitulos
1366 2286 1479 2314 adorare
1500 2287 1604 2319 maluit,
1630 2288 1730 2315 ridicu-

948 2335 989 2361 lus
1005 2334 1064 2364 fuit.
1082 2333 1159 2369 147
1178 2338 1204 2359 et
1221 2333 1246 2359 in
1261 2331 1367 2365 anilem,
1383 2332 1511 2366 ineptam,
1530 2333 1651 2365 inutilem
1669 2340 1732 2361 (⁸οη-

947 2380 999 2407 silii
1029 2380 1174 2406 vanitatem
1200 2379 1300 2405 abiisse
1330 2377 1515 2412 deprehensus
1546 2383 1597 2406 est.
1631 2378 1730 2406 Verum

949 2425 1029 2458 igitur
1044 2424 1108 2451 dicit
1124 2424 1264 2458 propin-ta,
1280 2424 1333 2449 imo
1358 2423 1436 2454 Deus,
1459 2430 1518 2449 cum
1543 2431 1591 2457 per
1611 2431 1641 2453 os
1673 2431 1731 2451 san-

948 2475 1052 2497 ctorum
1068 2469 1131 2496 dicit
1145 2469 1177 2496 dc
1194 2468 1442 2503 iis,qui3ervierunt
1455 2468 1581 2502 operibus
1598 2476 1726 2496 manuum

949 2523 1080 2542 suarum:
1121 2525 1129 2540 ι
1159 2514 1270 2543 Vidistis
1299 2514 1361 2548 quia
1386 2513 1454 2540 cinis
1483 2513 1563 2541 corda
1578 2514 1727 2546 eorum",v

949 2567 976 2588 et
989 2562 1162 2589 seducunlur.

983 2648 1237 2677 Acconnnodahitur
1253 2647 1340 2674 oratio
1358 2646 1438 2673 etiam
1467 2645 1492 2672 in
1510 2653 1557 2672 eos
1581 2646 1628 2679 qui
1654 2650 1728 2671 recta

949 2696 1076 2724 Eculcsiu:
1083 2695 1206 2728 dogmata
1217 2694 1373 2727 depravant.
1385 2692 1460 2719 Sicut
1471 2691 1544 2718 enim
1554 2690 1653 2718 vitulus
1660 2697 1732 2717 coui-

950 2743 1070 2770 minutus
1082 2741 1189 2768 lsraelis
1206 2740 1353 2767 amentiam
1366 2738 1503 2772 coarguit,
1526 2738 1560 2764 ita
1578 2741 1604 2764 et
1621 2736 1729 2763 illorum

949 2788 1073 2822 dogmata
1087 2785 1305 2820 iuquisitionibus
1318 2785 1445 2816 contrita,
1457 2788 1485 2811 et
1495 2784 1519 2810 vi
1533 2781 1730 2810 veritatiscon-
