1919 3042
106 154 156 182 εις)
570 161 847 191 COMMENTARIUS
866 163 899 190 ΙΝ
920 164 1036 193 USEAM
1057 166 1277 196 PROPIIETAM.
1683 171 1736 199 250

106 211 257 239 δεικνύουσι
290 215 348 246 τοῖς
371 215 488 247 πολλοῖς.
517 216 613 250 Aeaei;
641 219 672 254 δὴ
695 217 741 246 οὖν
764 220 819 255 ἄρα
844 229 864 246 τι

979 227 1024 256 ml,
1041 223 1132 252 dicent
1145 226 1350 260 propemodum,
1378 226 1475 261 inquit,
1501 235 1512 252 ι
1537 226 1633 254 Cadite
1657 234 1737 262 super

107 258 177 293 δρεσι
206 260 256 286 καὶ
271 261 327 293 τοῖς
345 260 459 296 βουνοῖς,
475 263 504 289 ἐν
523 262 563 295 οἷς
577 264 605 290 αἱ
629 264 831 300 ψευδολατρίαι,
852 274 865 293 κ

979 274 1014 300 )s,
1033 277 1043 293 ι
1060 274 1086 296 et
1100 258 1181 304 gladii
1196 258 1355 307 iiabylonici
1372 258 1562 300 crudelitatem
1587 277 1671 306 atque
1692 258 1737 299 in-

106 304 151 339 τῆς
162 305 234 331 κατά
249 305 320 333 Θεοῦ
336 307 496 341 δυσσεϐείας
506 308 670 344 τετόλμηται
681 309 716 335 τά
726 310 864 345 ὲγκλήματ

980 313 1078 346 oriam,
1095 319 1121 341 et
1137 315 1336 344 intolerandam
1359 317 1498 345 miseriam
1521 318 1695 346 abductiouis
1711 318 1737 345 in

107 350 246 385 μονονουχὶ
269 351 318 378 καὶ
341 353 444 388 ἐροῦσι,
473 353 550 388 φησὶ,
572 363 582 379 ι
601 354 701 380 Πέσετε
725 355 767 388 ἐφ’
781 356 865 390 ἡμᾶς,

572 363 582 379 ι
601 354 701 380 Πέσετε
725 355 767 388 ἐφ’
781 356 865 390 ἡμᾶς,
886 365 895 381 ι
951 359 1137 392 captivitatem
1152 363 1323 389 antevertite.

106 396 150 446 καὶ
162 396 287 430 φθάσατε
303 399 351 426 τοῦ
369 400 541 427 Βαϐυλωνίου
559 399 652 435 ξίφους
667 401 716 436 τὴν
734 402 895 438 ἀγριὰτητα,
916 403 1028 440 καὶτῆς
1046 407 1087 438 εις
1121 407 1309 442 αἰχμαλωσίαν
1330 410 1490 446 ἀπαγωγῆς
1511 411 1559 446 τὴν
1575 409 1660 438 ἀκλεᾶ
1691 410 1739 436 καὶ

105 441 244 469 δύσοιστον
258 443 417 480 ἀθλιότητα.

146 488 204 522 Ἆρ’
232 487 270 517 οὗ
298 492 326 517 οὶ
350 491 475 525 βουνοί,
507 491 640 526 ἥμαρτεν
665 493 804 527 Ἰσραὴλ,
838 493 904 520 ἐκεῖ

986 495 1068 523 Vens.
1089 496 1115 528 9,
1136 495 1177 524 10.
1197 496 1238 523 Ea:
1252 505 1302 531 qua
1320 498 1409 529 col/er,
1433 500 1547 532 peccavit
1575 500 1678 534 Israel,
1703 501 1737 527 ibi

105 533 256 566 ἔστησαν.
279 536 321 562 Οὐ
336 535 380 570 μὴ
395 536 547 571 καταλάϐῃ
565 537 677 570 αὐτοὺς
699 539 734 565 ἐν
746 538 785 571 τῷ
795 540 863 571 βου]

977 545 1088 568 elerunl.
1115 542 1175 569 Non
1199 544 1396 577 comprehendet
1420 553 1462 570 eos
1480 546 1598 573 in'eolle
1627 547 1735 578 bellum,

105 580 250 613 πόλεμος,
276 581 326 608 ἐπὶ
351 582 389 609 τὰ
414 580 506 609 τέκνα
527 582 582 616 τῆς
601 583 719 616 ἀδικίας
738 584 863 612 παιδεῦο

977 593 1028 618 iper
1042 587 1110 620 ﬁlios
1123 588 1271 622 iniquitatis
1284 590 1413 622 corripere
1437 591 1517 624 ipsos.
1537 590 1569 616 Et
1593 599 1735 626 congrega-

106 626 227 659 αὐτούς.
244 627 298 653 Καὶ
319 628 566 662 συναχθήσονται
580 629 629 656 ἐπὶ
649 629 761 662 αὐτοὺς
778 630 845 657 λαοὶ

979 635 1048 656 mtur
1065 639 1200 664 super-cos
1221 632 1327 666 populi,
1352 641 1411 660 cum
1435 634 1610 667 corripiantur
1635 636 1684 670 ipsi
1711 637 1737 663 in

106 670 145 702 τῷ
165 671 364 700 παιδεύεσθαι
386 673 498 706 αὐτοὺς
518 674 554 701 ἐν
572 674 638 708 ταῖς
656 675 748 702 δυσὶν
767 675 864 702 ἀδικία

573 674 638 708 ταῖς
656 675 748 702 δυσὶν
767 675 898 709 ἀδικίαις
953 672 1054 700 duabus
1067 674 1252 706 iniquitatibus
1265 677 1331 703 suis.

105 717 215 744 αὐτῶν.

138 754 217 791 ΡΙΗά
240 763 435 799 Πρεσὸυτέραν
458 762 529 791 εἷναί
542 773 619 801 φησι,
634 765 682 800 τῆς
703 766 750 792 ἐπὶ
765 767 825 798 ταῖς
847 766 896 793 δα-

986 758 1101 786 CXVlll.
1121 760 1219 788 Errore
1235 761 1260 788 iu
1287 761 1415 790 colendis
1440 763 1532 790 vitulis
1557 763 1737 798 antiquiorem

104 807 205 843 μάλεσι
222 808 339 844 πλάνης,
351 809 400 845 τὴν
414 809 443 835 ὲν
457 810 533 846 δρεσί
549 818 579 836 τε
603 811 650 837 καὶ
666 811 769 846 βουνοῖς
784 820 862 846 γεγεν

978 811 1011 831 ise
1036 805 1061 831 in
1077 806 1211 832 montibus
1234 811 1261 832 et
1281 807 1399 834 collibus
1428 808 1528 835 iactant
1557 809 1736 837 defectionem

108 853 193 889 μένην
206 853 370 880 ἀπόστασιν.
388 854 444 880 Καὶ
460 854 525 888 γοῦν
537 855 581 881 ὅτε
594 855 645 890 τὴν
658 856 813 892 Σαμάρειαν
833 865 866 883 κα

977 849 1079 877 ἩιῚηίΙΙ-
1097 850 1210 883 Quando
1224 851 1307 886 igitur
1330 853 1355 879 iu
1372 853 1526 880 Samariam
1539 861 1674 882 venerunt
1689 856 1735 882 dc-

104 899 253 934 ειλὴφασιν
274 900 303 925 αἱ
327 899 393 926 δέκα
415 899 515 934 φυλαὶ,
539 900 590 935 τῆς
619 900 736 936 Ῥοὸοὰμ
762 901 862 937 βασιλεί

985 903 1009 922 m
1036 896 1133 929 tribus,
1163 897 1239 932 regni
1271 898 1402 926 Roboami
1427 899 1492 934 jugo
1521 907 1648 934 excusso,
1678 906 1740 929 tunc

105 944 324 977 ἀποσεισάμεναι
343 945 390 971 τὸν
415 944 506 979 ζυγὸν,
524 945 584 972 τότε
603 947 652 984 τὰς
666 947 796 982 δαμάλεις
811 949 863 974 εἰσ)

981 941 1051 968 tulos
1065 941 1208 969 Jeroboam
1223 942 1470 976 introduxit°°.Qui
1486 950 1576 972 autem
1585 951 1663 973 erant
1673 946 1737 974 Ilie-

105 990 221 1025 κόμικεν
240 989 393 1025 Ίεροϐοάμ.
416 991 460 1017 Ἐν
477 990 505 1017 δέ
527 1000 558 1025 γε
573 992 628 1023 τοῖς
646 992 841 1027 Ἰεροσολύμοις
856 993 863 1019 l

977 987 1104 1022 isolymis,
1120 988 1146 1014 in
1169 989 1304 1016 montibus
1323 993 1350 1016 et
1370 990 1486 1017 collibus
1506 998 1628 1018 errorem
1656 999 1735 1020 suum

104 1044 158 1067 τες,
173 1036 224 1071 τὴν
236 1037 265 1062 ὲν
280 1035 357 1071 ὄρεσι
371 1045 399 1063 τε
420 1037 467 1063 καὶ¹
487 1036 591 1071 βουνοῖς
606 1038 770 1073 ἐπετήδευον
783 1039 862 1065 πλάνι

979 1034 1115 1060 :ercebant
1132 1034 1235 1066 sedulo,
1249 1042 1309 1061 cum
1332 1035 1492 1070 alienigenis
1513 1037 1672 1064 mulieribus
1686 1039 1737 1065 ob-

105 1082 164 1110 ταίς
177 1081 340 1115 ἀλλοφύλοις
356 1081 478 1115 γυναιξὶν
490 1082 610 1114 εἴκοντος
641 1084 688 1109 καὶ
701 1083 863 1111 κατανεύοντ

982 1078 1104 1105 cnndans
1127 1083 1154 1105 et
1171 1079 1325 1106 assentiens
1351 1080 1478 1108 Salomon
1492 1101 1500 1113 ,
1522 1082 1603 1108 etiam
1620 1090 1683 1110 aras
1710 1087 1737 1110 et

104 1126 151 1152 τοῦ
169 1126 340 1161 Σολομῶνος,
357 1127 388 1153 τὸ
402 1127 526 1162 τηνικάδε
542 1128 589 1155 καὶ
605 1128 712 1163 βωμοὺς
724 1130 862 1157 ἀνιστῶντι

979 1124 1136 1158 nainsupcr
1164 1124 1271 1152 illarum
1297 1126 1454 1154 numinibus
1478 1126 1534 1162 jam
1559 1133 1615 1154 tum
1639 1129 1735 1156 condi-

105 1172 153 1198 καὶ
175 1172 279 1206 τεμένη
301 1172 394 1198 λοιπὸν
409 1174 465 1204 τοῖς
480 1173 591 1200 ἐκείνων
605 1174 784 1210 σεὸάσμασιν.
806 1176 850 1208 Ἐξ

981 1174 1037 1196 sset
1053 1170 1087 1196 θ’.
1103 1169 1141 1196 Ex
1158 1177 1213 1204 quo
1240 1170 1323 1205 igitur
1339 1172 1484 1206 excogitali
1507 1178 1570 1200 sunt
1594 1173 1687 1206 colles,
1709 1179 1737 1201 et

105 1217 196 1243 τοίνυν
219 1217 409 1253 ἐπενοήθησαν
437 1218 462 1244 οἱ
489 1218 588 1253 βουνοὶ,
618 1219 665 1245 καὶ
692 1221 725 1247 τὰ
751 1221 780 1247 ὲν
808 1222 863 1248 uim

981 1215 1067 1247 dicra,
1083 1220 1110 1243 et
1123 1216 1323 1250 pseudolatrite,
1351 1225 1385 1244 ex
1401 1225 1433 1245 eo
1464 1222 1585 1252 tempore
1612 1220 1737 1253 peccavit

107 1262 266 1299 ἀθύρματα,
295 1263 342 1290 καὶ
356 1264 383 1290 αἱ
396 1263 595 1300 ψευδολατρίαι,
612 1266 640 1298 ἐξ
656 1266 760 1293 ἐκείνου
776 1267 822 1294 τοῦ
840 1277 865 1294 xc

975 1270 977 1286 I
993 1259 1075 1287 Deum
1091 1260 1183 1288 lsrael.
1209 1260 1301 1288 Potest
1321 1266 1348 1289 et
1362 1261 1425 1289 hinc
1447 1261 1602 1296 benignitas
1617 1263 1662 1290 Dei
1680 1271 1733 1290 non

108 1308 155 1342 ροῦ
168 1308 395 1344 προσκέκρουκεν
407 1310 422 1335 ὁ
441 1310 560 1346 Ἰσραήλ.
578 1310 710 1344 Ἔνδειξις
723 1313 750 1339 δὲ
762 1314 808 1340 καὶ
822 1314 866 1340 τοῦ

978 1313 1066 1334 tscure
1081 1307 1218 1341 cognosci,
1235 1315 1296 1342 qua:
1311 1315 1360 1336 nec
1378 1308 1458 1343 longo
1485 1308 1627 1336 intervallo
1653 1309 1736 1346 149

106 1353 156 1388 τῆς
178 1353 255 1385 θείας
277 1354 446 1390 ἡμερότητος
475 1357 573 1390 γένοιτ’
592 1357 625 1383 ἂν
649 1358 698 1385 οὐκ
724 1360 864 1394 ἀσυμφανῆ

975 1353 1097 1387 inpietatis
1111 1361 1174 1381 reos
1195 1354 1292 1387 punire
1316 1354 1463 1386 sustinuit;
1485 1355 1532 1382 sed
1550 1355 1661 1382 indulsit
1689 1363 1733 1390 po-

108 1399 170 1425 οὐδὲ
195 1399 226 1425 ὲν
254 1400 344 1435 χρόνῳ
371 1401 469 1437 μακρῷ
498 1402 622 1434 κολάζειν
649 1404 816 1439 ἀνεχομένης
837 1414 866 1432 το

975 1404 1023 1429 us,
1043 1401 1069 1423 et
1087 1397 1150 1424 dum
1168 1398 1272 1425 seducti
1299 1399 1488 1434 pmuiteutiam
1514 1400 1585 1428 forte
1602 1405 1733 1435 agt-rent,

110 1444 293 1479 ἠσεϐηκότας,
321 1445 442 1482 ἀνιείσης
462 1447 490 1473 δὲ
516 1448 615 1482 μᾶλλον
636 1449 682 1475 καὶ
700 1451 865 1485 περιμενούσ

979 1443 1128 1477 :spectavit.
1149 1443 1184 1470 At
1211 1443 1247 1470 illi
1265 1449 1291 1471 ct
1318 1445 1544 1478 contumaciores,
1582 1451 1609 1473 et
1634 1446 1737 1474 scelere

108 1489 179 1524 τάχα
192 1498 246 1516 που
259 1490 314 1517 τῶν
326 1491 542 1527 πεπλανημένων
557 1493 606 1529 τὴν
624 1494 806 1529 μετάγνωσιν.
822 1498 852 1524 Οἱ

108 1531 123 1543 θ’
201 1535 208 1543 ο
280 1535 286 1543 ι
373 1535 379 1543 ι
496 1538 500 1543 .
555 1538 560 1543 ι
595 1539 605 1543 ..
690 1541 694 1543 .

979 1488 1135 1522 irruptiores
1144 1489 1246 1517 inventi
1258 1495 1330 1517 sunt.
1343 1490 1464 1518 Collibus
1473 1491 1545 1518 enim
1556 1491 1656 1520 vitulos
1671 1499 1737 1527 quo-

108 1531 178 1570 ἦςαν
195 1535 379 1571 ἀπηνέστεροί
392 1545 432 1570 τε,
462 1538 506 1565 καὶ
534 1538 567 1566 τὰ
593 1539 633 1566 ἔτι
652 1541 736 1576 χείρω
759 1542 866 1569 νοσοῦντ

976 1540 1004 1560 ue
1017 1532 1182 1567 adjecerunt.
1201 1533 1392 1562 Sacrificantes
1417 1539 1507 1563 autem
1522 1536 1691 1564 daemonibus
1708 1537 1734 1564 in

108 1581 262 1615 ἡλίσκοντο.
278 1582 451 1617 Βροσέθεσαν
462 1584 516 1618 γὰρ
530 1586 587 1616 τοῖς
610 1585 712 1620 βουνοῖς
734 1588 781 1615 καὶ
800 1588 834 1615 τὰ
852 1589 864 1614 ὲ

982 1579 1090 1607 ontibus
1103 1585 1129 1606 et
1144 1580 1268 1612 collibus,
1284 1585 1312 1608 et
1325 1587 1356 1608 se
1372 1581 1397 1609 in
1415 1581 1466 1609 hoc
1492 1583 1564 1609 inani
1586 1583 1676 1609 studio
1694 1590 1737 1610 re-

108 1627 167 1657 ταῖς
181 1627 334 1661 δαμάλεσιν
357 1628 510 1663 εὑρήματα.
528 1629 642 1662 Θύοντες
656 1631 685 1657 δὲ
701 1633 757 1663 τοῖς
771 1632 866 1667 δαίμοα

977 1625 1062 1660 giosos
1073 1626 1249 1658 arbitrantes,
1267 1626 1388 1655 fortassis
1416 1629 1499 1655 etiam
1530 1629 1601 1663 apud
1615 1629 1735 1656 animum

108 1671 136 1697 ὲν
149 1671 229 1706 ὁρεσί
243 1680 274 1698 τε
289 1672 337 1698 καὶ
351 1672 466 1707 βουνοῖς,
482 1674 529 1700 καὶ
542 1674 682 1707 δοκοῦντες
694 1677 817 1704 εὐσεϐεῖν
832 1679 897 1714 περὶ
952 1672 1120 1706 cogitabant.
1147 1672 1201 1698 Ῐιιιο
1225 1678 1408 1707 congruenter
1428 1668 1558 1707 Ιηιίυδίιηῑ
1572 1693 1579 1706 ν
1605 1681 1634 1700 88
1657 1674 1738 1700 rebus

106 1717 140 1742 τὰ
161 1717 277 1752 μάταια,
292 1717 365 1752 τάχα
380 1726 431 1744 που
446 1718 491 1744 καὶ
505 1718 590 1754 ᾤοντο
605 1720 675 1747 κατὰ
694 1722 773 1756 σφᾶς,
797 1723 864 1757 μᾶλλ

978 1716 1083 1744 :cundis
1103 1722 1263 1744 constanter
1277 1725 1385 1751 usuros,
1415 1723 1441 1745 et
1458 1718 1622 1746 adversariis
1644 1718 1736 1746 valen-

106 1762 134 1788 δὲ
156 1763 205 1788 καὶ
227 1762 369 1798 ἀραρότως
385 1763 520 1798 ἐνόμιζον,
540 1764 582 1790 ὅτι
597 1766 644 1791 καὶ
661 1766 690 1791 ἐν
713 1766 814 1802 βεϐαίῳ
831 1776 862 1794 στ

974 1767 1045 1794 ores,
1064 1767 1091 1788 et
1105 1769 1119 1788 τι
1129 1762 1259 1789 servitute
1273 1763 1397 1790 hostibus
1409 1763 1551 1790 serviendo
1567 1768 1640 1791 tutos
1654 1763 1712 1790 fore
1726 1772 1732 1790 :

107 1814 199 1833 σονται
215 1806 265 1841 τῆς
279 1807 438 1842 εὐημερίας,
453 1807 560 1834 ἔσονται
574 1809 603 1836 δὲ
630 1810 677 1836 καὶ
698 1811 826 1845 ἀμείνους
843 1814 865 1838 τι

979 1808 995 1834 li
1013 1809 1124 1834 morbus
1138 1815 1231 1835 errore
1245 1808 1366 1843 deceptis
1384 1807 1527 1836 familiaris
1539 1813 1591 1836 est.
1612 1809 1668 1836 Hoc
1690 1809 1737 1844 igi-

106 1851 323 1887 ἀνθεστηκότων,
340 1853 387 1879 καὶ
410 1853 543 1881 ἀνάλωτοι
558 1856 614 1886 τοῖς
639 1855 755 1891 ἐχθροῖς.
780 1857 864 1893 Σύνηθ

983 1862 1003 1886 ι-,
1013 1853 1123 1887 quando
1135 1859 1210 1888 capta
1224 1861 1238 1880 a
1247 1853 1394 1888 Babylonio
1401 1853 1588 1889 Hierosolyma
1600 1855 1626 1881 in
1636 1853 1737 1889 Egyp-

105 1897 132 1923 δὲ
158 1899 217 1929 τοῖς
238 1897 425 1934 πλανωμένοις
450 1899 557 1935 νόσημα
578 1900 667 1928 τοῦτο.
691 1903 745 1929 Καὶ
765 1902 830 1937 γοῦν
851 1905 863 1930 ὅ

981 1906 1004 1924 m
1014 1898 1222 1931 descendebant,
1231 1899 1360 1934 propheta
1367 1899 1498 1927 Jeremias
1508 1900 1606 1932 suasit,
1616 1905 1644 1926 ut
1654 1899 1737 1927 sacri-

105 1943 263 1978 κατέϐησαν
284 1945 325 1975 εἰς
348 1944 494 1979 Αἴγυπτον,
511 1945 629 1981 ἁλούσης
639 1948 695 1982 τῆς
718 1947 863 1983 Ἰερουσαλὶ

976 1944 1020 1970 :iis
1036 1943 1169 1970 idolorum
1187 1949 1380 1978 temperarent,
1396 1952 1449 1980 quo
1464 1944 1633 1973 Salvatorem
1649 1946 1734 1973 Deum

106 1988 157 2014 ὑπὸ
168 1989 216 2015 τοῦ
234 1989 417 2022 Βαϐυλωνίου,
434 1989 628 2017 συνεϐούλευσε
646 1991 696 2026 μὲν
718 1992 732 2018 ὁ
753 1993 864 2028 προφήτ·

976 1989 1096 2023 'opitium
1113 1989 1253 2017 haberent.
1269 1990 1319 2017 Ast
1338 1990 1376 2017 illi
1395 1991 1446 2018 hac
1462 1991 1495 2018 de
1513 1998 1595 2018 causa
1614 1991 1642 2018 in
1661 1991 1734 2018 cala-

110 2034 266 2069 Ἱερεμίας,
292 2035 442 2070 ἀπέχεσθαι
464 2036 511 2062 τοῦ
537 2036 610 2063 θύειν
636 2036 765 2070 εἰδώλοις,
791 2038 834 2065 ἵνα
853 2048 868 2065 τ

979 2035 1058 2067 itates
1077 2041 1107 2062 se
1127 2035 1258 2062 incidisse
1286 2036 1478 2070 przedicabant,
1499 2036 1571 2071 quod
1593 2035 1653 2070 lege
1670 2036 1735 2063 san-

106 2080 211 2114 γένοιτο
227 2080 311 2115 φειδῶ
325 2081 369 2106 ἐπ’
384 2081 473 2112 αὐτοῖς
490 2081 564 2116 παρὰ
581 2081 627 2107 τοῦ
643 2081 738 2114 σώζειν
757 2083 863 2117 ἰσχύοντι

977 2082 1010 2108 tis
1022 2088 1118 2116 parere
1148 2089 1200 2109 non
1220 2082 1367 2110 desiissent
1388 2102 1396 2116 ,
1413 2086 1441 2110 et
1465 2082 1492 2109 in
1522 2081 1595 2109 cultu
1622 2082 1734 2109 deorum

106 2125 182 2152 θεοῦ.
209 2126 241 2152 οἱ
268 2125 297 2152 δὲ
320 2126 422 2161 ταύτης
443 2127 523 2153 ’ἑνεκα
549 2126 599 2161 τῆς
623 2128 712 2159 αἰτίας
736 2137 864 2164 περιπεσε

976 2127 1197 2155 νηιηιοηιὶιίοτυη]
1218 2128 1346 2155 socordes
1373 2122 1535 2155 evasissent.
1566 2127 1612 2155 Sic
1644 2129 1734 2154 autem

106 2171 224 2205 ἔφασκον
239 2172 296 2202 τοῖς
313 2171 420 2203 δεινοῖς,
437 2172 477 2198 ὅτι
497 2172 528 2207 δὴ
543 2172 572 2198 οὐ
586 2172 739 2208 κατέληξαν
758 2174 805 2200 τοῦ
826 2175 861 2201 πλ

977 2173 1065 2206 gimus
1086 2180 1093 2198 :
1116 2181 1125 2198 ι
1151 2172 1184 2200 Ει
1202 2173 1401 2206 responderunt
1421 2172 1546 2200 Jeremize
1565 2179 1661 2200 omnes
1684 2171 1733 2199 viri

107 2217 168 2252 ροῦν
185 2217 289 2244 ἐθέλειν
299 2216 333 2243 τὰ
345 2218 534 2252 νενομισμένα,
549 2218 593 2244 καὶ
606 2218 800 2254 ὀλιγωροῦντες
815 2221 862 2255 ὴλέ

976 2219 1072 2251 ientes,
1088 2218 1160 2253 quod
1172 2218 1311 2246 adolerent
1327 2226 1426 2247 uxores
1443 2227 1537 2247 eorum
1554 2219 1608 2246 diis
1624 2218 1733 2251 alienis,

105 2271 183 2296 χοντο
197 2261 248 2296 τῆς
267 2261 308 2292 εἰς
323 2261 357 2288 τὰ
373 2262 475 2296 μάταια
487 2263 579 2297 τιμῆς.
593 2262 750 2298 Γέγραπται
760 2264 787 2290 δὲ
798 2265 863 2292 οὖτα

992 2271 1087 2291 omnes
1105 2263 1248 2296 mulieres,
1279 2264 1455 2297 congregatio
1480 2271 1589 2298 magna,
1605 2268 1631 2290 et
1646 2262 1732 2289 omnis

109 2307 117 2333 ε
135 2309 191 2334 Καὶ
207 2307 398 2342 ἀπεκρίθησαν
417 2307 456 2342 τῷ
480 2307 600 2343 Ἱερεμίᾳ
619 2308 719 2340 πάντες
746 2310 770 2335 οἱ
789 2310 867 2346 ἄνδρε

977 2309 1060 2343 ιριιΙυε
1083 2308 1210 2336 sedentes
1236 2307 1262 2334 in
1285 2312 1356 2334 terra
1383 2307 1492 2342 {Egypli
1510 2327 1518 2339 ,
1540 2307 1566 2333 iu
1592 2311 1664 2334 terra
1686 2306 1735 2333 Pa-

105 2355 128 2380 οἱ
145 2354 264 2388 γνῶντες
285 2354 325 2380 an
347 2353 481 2388 θυμιῶσιν
504 2354 532 2380 al
559 2356 687 2388 γυναῖκες
713 2355 802 2383 αὐτῶν
825 2357 863 2383 θει

968 2362 1049 2387 iures,
1072 2354 1214 2381 dicentes:
1237 2353 1395 2383 Sermonem
1419 2361 1499 2387 quem
1517 2353 1623 2380 locutus
1643 2360 1672 2380 es
1694 2353 1726 2379 ad

76 2414 79 2416 ν
105 2399 220 2434 ἑτέροις,
237 2398 286 2425 καὶ.
301 2399 387 2425 πὶσαι
404 2399 431 2425 αἱ
447 2400 585 2432 γυναῖκες,
609 2401 753 2436 συναγωγὴ
778 2409 834 2436 μεγι

975 2407 995 2427 is
1011 2400 1036 2425 in
1051 2399 1159 2426 nomine
1176 2398 1292 2430 Domini,
1315 2405 1367 2425 non
1385 2398 1538 2430 audiemus,
1554 2397 1615 2431 quia
1632 2396 1733 2423 facien-

107 2445 151 2470 xa‘t
166 2445 222 2475 πεῖς
235 2444 250 2469 ὁ
263 2443 339 2475 λαὸς,
353 2444 379 2470 οἱ
391 2443 540 2479 καθήμενοι
555 2446 584 2471 ὲν
597 2446 632 2480 γῇ
650 2445 791 2482 Αἰγύπτῳ,
813 2448 842 2474 ἐν
858 2457 865 2481 1

976 2453 989 2472 s
1016 2444 1148 2472 faciemus
1164 2451 1246 2471 omne
1258 2443 1369 2471 verbum
1386 2442 1458 2477 quod
1474 2442 1629 2477 egredietur
1639 2441 1671 2468 de
1687 2448 1734 2468 ore

107 2489 234 2524 Παθουρῇ
248 2508 255 2520 ,
271 2488 411 2523 λέγοντεςο
426 2489 478 2515 Τὸν
500 2489 579 2522 λόγον
600 2490 629 2517 ὃν
651 2490 802 2526 λελάληκας
827 2501 865 2528 πρ

973 2496 1051 2523 astro,
1070 2495 1099 2516 ut
1109 2490 1267 2517 adoleamus
1282 2488 1382 2523 regina:
1410 2488 1482 2520 rteli,
1510 2492 1538 2515 et
1553 2487 1668 2514 libemus
1695 2487 1731 2513 illi

105 2536 176 2570 ἡμᾶς
191 2535 220 2561 ὲν
240 2534 282 2570 τῷ
296 2534 410 2569 ὀνόματι
435 2535 549 2570 Κυρίου,
573 2536 622 2562 οὐκ
643 2537 826 2572 ἀκουσόμεθα,
853 2539 863 2564 ἰ

974 2537 1088 2567 ῠςιιιιίηιι,
1110 2536 1180 2562 sicut
1195 2535 1309 2562 fecimus
1329 2542 1388 2566 nos,
1418 2538 1446 2561 et
1461 2539 1551 2568 patres
1578 2533 1682 2565 nostri,
1707 2538 1732 2560 et

105 2581 244 2612 ποιοῦντες
262 2581 414 2615 ποιήσομεν
428 2581 517 2607 πάντα
535 2581 579 2608 τὸν
598 2581 693 2616 λόγον,
710 2583 738 2614 ὃς
758 2582 863 2615 ὲξελεύσ

973 2590 1027 2616 :ges
1041 2581 1139 2614 nostri,
1158 2586 1185 2608 et
1203 2580 1340 2616 principes
1357 2580 1441 2607 nostri
1463 2579 1491 2606 in
1516 2578 1628 2606 urbibus
1653 2578 1731 2611 Juda,

104 2636 145 2654 ται
160 2628 193 2654 ὲκ
207 2624 255 2653 τοῦ
271 2626 406 2661 στόματος
419 2626 508 2661 ἡμῶν,
522 2626 623 2662 θυμιᾷ-ι
635 2628 668 2663 τῇ
688 2628 829 2663 βασιλίσσῃ
847 2637 862 2655 τ

974 2648 977 2652 .
1001 2626 1066 2654 foris
1079 2626 1239 2659 Jerusalem,
1262 2631 1289 2653 et
1308 2625 1423 2653 saturati
1443 2631 1536 2652 sumus
1560 2623 1688 2658 panibus,
1706 2629 1732 2649 et

103 2672 230 2708 οὐρανοῦ,
245 2672 293 2698 καὶ
311 2671 435 2698 σπένδειν
452 2671 520 2707 αὐτῇ
536 2673 662 2706 σπονδὰς,
678 2673 749 2700 καθὰ
764 2674 861 2708 ὲποιήσ

972 2672 1014 2699 ιοιί
1033 2679 1126 2698 sumus
1143 2671 1214 2703 boni,
1235 2675 1261 2698 et
1277 2669 1346 2697 mala
1359 2677 1410 2696 non
1428 2669 1552 2696 vidimus.
1570 2667 1603 2694 Et
1619 2672 1649 2694 ut
1670 2674 1730 2694 ces-

105 2728 152 2754 μεν
169 2719 264 2754 ἡμεῖς,
281 2718 329 2744 καὶ
353 2717 380 2743 οἱ
405 2717 519 2752 πατέρες
541 2718 630 2753 ἡμῶν,
656 2719 704 2745 καὶ
726 2719 751 2745 oi
777 2719 863 2754 βασιλε

974 2718 1071 2745 ivimus
1086 2717 1227 2744 adolentes
1243 2716 1342 2750 regina:
1356 2714 1416 2742 cmli
1426 2735 1433 2748 ,
1461 2713 1624 2749 indiguimus
1638 2719 1732 2740 omnes

102 2764 194 2799 ἡμῶν,
210 2763 260 2790 καὶ
276 2763 302 2789 οἱ
317 2762 445 2798 ἄρχοντες
462 2763 539 2798 ἡμῶν
556 2764 584 2790 ἐν
606 2763 714 2790 πόλεσίν
734 2763 828 2797 Ἰούδα,
849 2772 860 2790 ν

973 2770 1009 2791 os.
1025 2767 1050 2790 ct
1065 2762 1091 2789 in
1111 2762 1180 2790 fante
1195 2760 1343 2790 defecimus
1356 2761 1389 2787 ".
1416 2770 1424 2786 ι
1443 2759 1539 2796 Culpat
1555 2758 1634 2794 igitur
1648 2756 1731 2786 Israe-

139 2858 163 2874 "
177 2857 208 2884 lll
226 2856 295 2890 Reg.
313 2862 363 2887 xu,
377 2854 421 2882 28.
459 2856 479 2870 θ’
491 2854 521 2881 lll
541 2855 644 2891 ltrgau.
671 2855 691 2882 ι.
709 2857 730 2872 ⁹²
742 2854 796 2883 Jer.
813 2862 887 2889 μιν,
907 2854 994 2883 l5-lS.
