1919 3042
202 163 253 191 251

695 160 724 190 δι
743 159 881 188 CYRlLLl
900 159 1136 187 ALEXANDRINI
1159 160 1317 188 ARClllEl‘.
1625 160 1638 188 (ἶ

1778 161 1833 190 28‘!

203 219 313 247 litarum
330 226 412 246 vanos
428 223 567 245 sermones
578 220 606 244 et
620 223 695 250 spem
711 215 815 244 futilem
833 223 864 243 ac
885 214 920 242 de
931 216 982 243 colt

1041 215 1140 249 ἔξωθεν
1165 216 1359 252 Ἰερουσαλὴμ,
1385 215 1432 242 καὶ
1455 215 1630 252 ἐπλήσθημεν
1654 217 1758 253 ἄρτων,
1784 219 1832 245 καὶ

205 267 276 295 libus
289 265 382 297 dicit,t
398 264 434 291 ibi
450 267 595 295 steterunt,
608 272 618 288 ι
636 262 687 289 hoc
696 266 748 294 cst,
776 266 805 289 ut
832 261 882 297 ipsi
907 261 988 289 dicti-

207 316 276 344 tant,
290 316 336 338 aut
356 308 451 337 saltem
470 308 639 341 existimant,
664 308 702 335 ibi
728 307 809 335 cultis
834 307 913 335 idolis
933 312 989 334 sta-

204 357 285 384 bilem
300 355 455 382 felicitatem
469 353 606 380 consecuti
624 358 697 386 sunt,
711 358 739 381 et
755 353 782 380 in
798 353 877 381 bonis
892 353 989 380 immo-

204 402 302 429 bilibus
319 400 511 431 constiterunt,
525 404 553 426 et
567 403 595 426 ut
613 399 724 434 insuper
738 399 790 426 sibi
808 399 984 434 persuadent,

204 454 256 474 non
263 445 472 480 comprehendet
481 452 528 472 eos
541 445 568 471 in
581 444 652 472 colle
661 444 714 472 ulla
725 451 838 479 prorsus
851 444 988 478 molestia,

203 491 225 517 si
237 490 355 525 legitima
367 489 536 524 sculptilibus
559 493 689 524 praestare
712 496 765 515 non
785 488 983 516 recusaverint.

203 536 256 563 Sed
267 536 382 570 decepti,
394 539 421 562 et
437 542 484 570 spe
500 543 547 562 sua
566 534 649 562 delusi
664 539 738 566 sunt,
760 533 859 568 inquit.
882 533 986 561 Invasit

202 581 278 609 enim
298 589 347 608 eos
365 581 465 608 bellum
478 585 607 615 tanquam
632 580 702 608 ﬁlios
717 579 879 614 iniquitatis,
894 583 922 606 et
943 586 990 606 ex-

202 626 333 661 perientia
350 627 409 661 ipsa
431 627 608 658 erudientur,
638 626 760 653 odiosam
777 632 838 652 esse
862 624 987 652 rebellio-

204 680 267 700 nem
283 681 291 705 ;
306 677 334 700 et
352 673 475 707 quinam,
493 677 539 700 aut
555 671 636 707 150
660 679 709 706 per
731 678 799 705 quos
823 670 987 704 corripiendi

203 718 267 748 sint.
291 724 340 752 per
363 717 509 744 maximum
532 717 657 744 videlicet
681 717 859 750 hostilemque
881 715 987 742 exerci-

203 768 259 791 tum
274 773 281 790 :
295 763 346 791 hoc
361 763 435 790 enim
450 768 491 791 est
506 763 579 798 quod
603 762 689 794 dicit,
723 771 733 787 ι
750 761 989 796 congregabantur

202 808 292 843 populi
310 814 391 843 super
405 815 463 840 eos,
486 816 496 833 ι
512 812 539 835 et
553 807 623 834 mala
637 807 699 834 belli
720 806 799 841 plane
816 805 989 839 occupabunt

202 853 262 880 illos
274 853 337 880 dum
354 853 547 887 corripientur,
579 862 588 879 ι
607 857 717 887 propter
741 852 808 878 duas
831 851 988 885 iniquitates

1039 262 1188 297 ἐγενόμεθα
1202 262 1333 297 χρηστοὶ,
1355 262 1402 288 καὶ
1417 262 1489 288 κακὰ
1510 262 1560 288 οὐκ
1583 262 1701 297 εἴδομεν.
1720 263 1775 290 Καὶ
1793 263 1831 295 ὡς

1039 307 1195 342 διεΗπομεν
1221 307 1372 342 θυμιῶντες
1399 309 1431 342 τῇ
1455 307 1598 343 βασιλίσσῃ
1624 308 1671 334 τοῦ
1696 308 1830 343 οὐρανοῦ,

1038 351 1234 387 ἡλαττώϐημεν
1254 352 1352 384 πάντες
1368 353 1459 386 ἡμεῖς,
1476 352 1522 378 καὶ
1540 353 1569 378 ὲν
1586 353 1722 388 ῥομφαίᾳ,
1737 354 1787 380 καὶ
1800 354 1830 379 ἐν

1039 397 1109 432 λιμῷ
1125 397 1295 432 ὲξελίπομεν.
1314 406 1323 423 ι
1342 397 1468 424 Αἰτιᾶται
1487 397 1577 424 τοίνυν
1595 398 1648 424 τῶν
1669 398 1698 431 ἐξ
1720 398 1830 433 Ἰσραὴλ

1039 443 1105 470 αὑτό
1122 451 1149 469 τι
1174 443 1205 469 τὸ
1223 442 1398 478 εἰκαιόμυθον
1416 443 1462 469 καὶ
1478 443 1509 469 τὸ
1525 443 1625 478 σαθρὸν
1640 444 1692 478 τῆς
1709 443 1828 476 ἐλπίδος,

1039 488 1086 515 καί
1109 497 1176 523 φησι
1197 488 1262 523 περὶ
1283 488 1337 514 τῶν
1355 487 1473 522 βουνιῖΝ,
1493 488 1534 514 ὅτι
1559 497 1568 513 ι
1584 488 1642 514 ἐκεῖ
1661 488 1794 522 ἔστησαν,
1818 498 1826 514 ι

1038 535 1188 565 τουτέστιν,
1206 535 1246 561 ὃτι
1263 534 1388 570 καθάπερ
1407 533 1484 560 αὐτοι
1501 542 1593 568 φασιν,
1609 534 1625 569 ἢ
1641 533 1708 568 γοῦν
1726 534 1829 560 οῐονται

1039 580 1110 607 κατὰ
1136 581 1217 615 σφᾶς,
1249 581 1308 606 ἐκεῖ
1333 581 1389 611 τοῖς
1413 579 1543 614 γλυπτοῖς
1563 579 1775 615 λατρεύσαντες.
1799 580 1829 606 τὸ

1038 626 1159 661 ἀσφαλὲς
1180 627 1313 661 ἐσχήκασι
1328 627 1376 660 τῆς
1390 625 1550 660 εὐημερίας,
1565 625 1613 652 καὶ
1625 625 1654 652 ὲν
1669 625 1828 660 ἀκλονήτοις

1039 672 1155 706 ἔστησαν
1177 671 1298 705 ἀγαθοῖς.
1322 672 1376 698 Καὶ
1389 670 1426 702 ὥς
1450 679 1482 704 γε
1502 671 1604 697 οἴονται
1627 670 1720 702 πάλιν,
1735 669 1768 695 οὐ
1793 670 1828 705 μὴ

1039 717 1180 752 καταλάϐῃ
1191 717 1289 748 αὐτοὺς
1303 717 1332 743 ὲν
1346 716 1384 752 τῷ
1397 716 1494 751 βουνῷ,
1507 716 1537 743 τὸ
1553 716 1625 743 κατά
1638 725 1664 742 τι
1676 716 1744 750 γοῦν
1761 716 1828 746 ὅλως

1038 763 1133 789 λυπεῖν
1155 763 1258 794 εἰωθὸς,
1273 763 1296 789 εἰ
1313 762 1434 797 πληροῦν
1451 762 1553 788 ἕλοιντο
1570 763 1626 793 τοῖς
1648 761 1779 795 γλυπτοῖς
1795 762 1828 787 τὶ

1038 807 1227 843 νενομισμένα.
1249 807 1321 833 Ἀλλ’
1340 807 1506 842 ὴπάτηνται,
1520 807 1598 841 φησὶ,
1612 806 1660 833 καὶ
1674 806 1828 841 διημαρτή-

1038 862 1102 880 κασι
1114 853 1164 888 τῆς
1177 853 1294 885 ἐλπίδος.
1314 853 1440 886 ’Λφῖκται
1460 852 1514 887 γὰρ
1534 852 1566 887 δὴ
1583 851 1700 886 πόλεμος
1717 850 1762 876 ἐπ’
1779 850 1826 876 αὺ-

201 899 322 933 ipsorum
340 908 349 924 ι
369 899 434 932 Qua:
450 898 544 932 quales
570 899 635 931 sint,
664 896 816 924 luculenter
845 896 922 923 nobis
939 902 982 930 pet

1039 897 1113 927 τοὺς,
1131 897 1235 928 ἀδικίας
1258 896 1337 927 ὄντας
1360 895 1454 926 τέκνα,
1481 896 1527 922 καὶ
1552 895 1596 922 διὰ
1619 895 1717 931 πείρας
1743 895 1826 928 αὐτῆς

200 951 232 972 os
245 943 369 971 Ieremia:
400 943 555 970 indicavit:
575 951 584 968 ι
615 942 760 977 Obstupuit
784 941 881 968 malum
905 947 986 974 super

200 988 262 1021 hoc,
277 994 303 1016 et
320 989 453 1016 inhorruit
467 993 545 1015 extra
569 988 677 1015 tuodum
695 987 888 1018 vehementer,
915 985 983 1013 dicit

200 1035 338 1066 Dominus,
370 1035 432 1069 quia
445 1036 508 1067 duo,
535 1038 563 1061 et
580 1034 650 1061 mala
676 1033 739 1060 fecit
755 1031 868 1067 populus
893 1039 980 1058 meus.

197 1081 240 1107 lle
254 1080 455 1114 dcreliquerunt
469 1080 569 1108 fontem
582 1084 657 1114 aquae
668 1079 799 1111 viventis;
813 1082 840 1105 et
857 1077 984 1104 foderunt

197 1125 249 1152 sibi
266 1124 340 1152 lacus
355 1125 498 1157 contritos,
512 1124 556 1158 qui
574 1132 626 1151 non
640 1127 768 1157 poterunt
793 1130 890 1157 aquam
914 1129 982 1148 con-

1039 938 1282 974 n:t65u0ﬁaovut._
1294 939 1391 974 πικρὸν
1407 940 1448 965 ὅτι
1461 939 1490 965 τὸ
1505 939 1624 974 ὲξήνιον·
1646 939 1694 966 καὶ
1708 939 1782 970 τίνες
1795 939 1826 965 ἂν

1038 983 1103 1016 εἶεν,
1119 984 1152 1011 δι’
1168 981 1205 1011 ὦν
1221 984 1326 1011 ἔσονται
1341 984 1375 1011 τὰ
1390 985 1429 1016 εἰς
1442 985 1564 1010 παιδείαν
1579 984 1681 1015 αὐτοῖς,
1691 983 1825 1018 ἁπλείστη

1037 1036 1078 1059 τις
1102 1027 1151 1063 ὅση
1176 1027 1312 1062 πολεμίων
1334 1029 1479 1063 ὁμήγυρις.
1507 1027 1593 1054 Τοῦτο
1616 1028 1670 1064 γάρ
1695 1029 1755 1054 ἐστι
1785 1028 1824 1059 τὸ,

1037 1083 1047 1099 ι
1066 1074 1282 1108 Συναχθήσονται
1307 1074 1350 1100 ἐπ’
1375 1074 1472 1105 αὐτοὺς
1491 1073 1562 1105 λαοὶ,
1581 1084 1590 1099 ι
1616 1075 1664 1100 καὶ
1680 1074 1714 1100 τὰ
1729 1075 1762 1100 ἐκ
1779 1073 1825 1100 τοῦ

1035 1120 1153 1154 πολέμου
1171 1119 1246 1146 δεινὰ
1264 1119 1434 1154 συμῦήσεται
1458 1119 1582 1151 πάντως,
1599 1121 1628 1146 ὲν
1646 1119 1685 1154 τῷ
1703 1118 1826 1146 παιδεύε-

1036 1165 1097 1191 σθαι
1111 1165 1225 1196 αὐτοὺς,
1250 1173 1259 1190 ι
1283 1165 1345 1191 Ἐπὶ
1367 1166 1425 1196 ταῖς
1448 1165 1523 1191 δυσὶν
1544 1165 1664 1196 ἀδικίαις
1689 1165 1790 1192 αὐτῶν.
1812 1174 1822 1190 ι

198 1171 285 1198 tinere
299 1171 332 1199 ".
351 1180 360 1196 ι

198 1178 285 1198 "nere
299 1178 332 1199 ’³,
351 1180 360 1196 )
1036 1178 1097 1191 0‘11:
1111 1178 1225 1196 αυτυυς,
1250 1178 1259 1190 I
1291 1178 1345 1191 ειιιι
1367 1178 1424 1196 "tua;
1448 1178 1523 1191 uuuw
1544 1178 1662 1196 αυικιαις
1689 1178 1790 1192 autum.
1812 1178 1822 1190 Ι

197 1215 253 1242 Καὶ
269 1216 332 1241 ποῖα
348 1215 380 1250 δὴ
396 1214 482 1241 ταῦτά
503 1214 571 1245 ἐστι,
601 1212 768 1249 σαφέστερον
800 1214 865 1248 ἡμῖν
891 1212 935 1239 διὰ
959 1211 1050 1247 φωνῆς
1085 1211 1216 1246 Ἰερεμίου
1251 1210 1426 1245 παρέδειξεν,
1452 1210 1553 1238 εἰπών·
1576 1220 1586 1237 ι
1610 1211 1723 1246 Ἐξέστη
1746 1212 1760 1237 ὁ
1780 1211 1825 1237 οὺ-

197 1260 278 1296 ρανδς
301 1261 348 1287 ἐπὶ
368 1261 464 1295 τούτῳ,
490 1261 537 1287 καὶ
554 1260 662 1295 ἐρριξεν
684 1261 730 1286 ὲπὶ
753 1261 844 1286 πλεῖον
868 1259 980 1294 σφόδρα,
1000 1259 1073 1292 λέγει
1107 1258 1218 1292 Κύριος,
1242 1258 1283 1284 ὅτι
1317 1257 1364 1284 δύο
1392 1259 1440 1285 καὶ
1457 1259 1565 1293 πονηρὰ
1584 1259 1712 1294 ἐποίησεν
1729 1259 1744 1284 ὁ
1763 1257 1825 1288 λαός

198 1315 261 1342 μου.
284 1307 349 1341 Ἐμὲ
382 1306 561 1341 ἐγκατέλιπον
579 1307 670 1342 πηγὴν
694 1307 789 1340 ὓδατος
811 1308 929 1340 ζῶντος,
951 1307 997 1333 καὶ
1031 1305 1137 1341 ὤρυξαν
1167 1306 1274 1336 ἑαυτοῖς
1302 1306 1420 1337 λάκκους
1446 1306 1706 1341 συντετριμμένους,
1730 1305 1755 1331 οἳ
1787 1305 1818 1331 οὐ

195 1353 356 1388 δυνήσονται
376 1352 447 1387 ὕδωρ
467 1353 599 1388 συνέχειν.
619 1363 628 1378 ι

233 1398 316 1424 Vens.
338 1398 380 1424 ll.
401 1398 527 1431 Epltraim
557 1399 638 1424 vitula
667 1398 744 1424 docta
768 1398 876 1431 diligere
901 1398 982 1424 victo-

198 1444 276 1470 rium.
293 1443 348 1478 Ego
362 1447 448 1470 autem
462 1444 563 1470 veniam
578 1452 656 1478 super
676 1444 897 1478 pulchritudinem
921 1444 983 1470 colli

197 1489 265 1520 eius.
287 1489 434 1516 Asceudam
450 1489 591 1521 Epltraim,
606 1494 630 1516 et
645 1488 755 1516 reticebo
769 1488 880 1516 ludam.

234 1567 326 1594 CXIX.
345 1567 472 1602 Ephraim
491 1575 551 1594 cum
564 1567 650 1594 vitulo
665 1567 804 1599 componit
817 1586 825 1599 ,
853 1566 981 1594 intracta-

196 1612 243 1639 bili
261 1616 288 1639 et
302 1611 418 1646 superbo
436 1611 518 1639 nimis
532 1631 540 1644 ,
561 1611 662 1646 impetu
686 1611 828 1643 indomito,
845 1612 870 1638 in
887 1619 982 1646 quem-

197 1664 305 1690 cunque
325 1656 395 1683 forte
419 1657 547 1690 irruerit,
570 1664 617 1684 seu
640 1657 835 1684 cicurationem
861 1665 914 1684 non
936 1665 983 1692 pa-

198 1703 291 1735 tiente,
307 1703 354 1729 sed
372 1703 511 1730 victoriam
541 1702 627 1736 ntagis
650 1709 758 1737 semper
789 1707 937 1736 quaerente.
955 1708 983 1730 et

196 1748 231 1775 ad
249 1748 274 1775 id
292 1748 363 1783 quod
377 1749 428 1776 sibi
445 1748 650 1783 complacuerit,
666 1748 868 1776 incitatiOnibus
891 1756 983 1783 repre-

196 1793 357 1820 hensionum
369 1793 473 1820 securis
482 1793 664 1820 contendenti.
681 1792 734 1820 Sed
745 1801 898 1827 quanquam
909 1793 982 1826 ejus-

196 1838 269 1865 modi
284 1842 336 1871 est,
354 1839 431 1866 cedet
449 1843 539 1865 tamen
558 1838 598 1865 vel
613 1839 710 1865 invitus
723 1847 729 1871 ;
743 1838 896 1865 domabitur
909 1839 981 1866 enim

195 1883 379 1912 calamitatum
392 1884 556 1917 incursibus,
565 1884 723 1919 subjiciente
731 1884 806 1912 illum
817 1884 881 1916 Deo,
893 1889 919 1912 et
927 1890 981 1912 tan-

196 1936 252 1957 tum
267 1938 321 1957 non
335 1938 383 1965 per
391 1937 420 1960 se
435 1931 460 1958 id
467 1935 563 1966 agente
575 1936 600 1958 et
611 1930 839 1966 pulchritudinem
851 1931 912 1958 colli
923 1932 981 1967 ejus

195 1976 376 2010 disperdente,
391 1977 442 2003 hoc
457 1982 508 2007 est.
519 1976 680 2011 praecipuam
697 1979 724 2002 et
738 1975 865 2003 sclectam
877 1981 980 2010 partem

196 2021 221 2047 in
245 2021 501 2049 lsraelcxcutiente.
519 2021 580 2048 llrec
598 2026 687 2048 autem
705 2025 763 2047 erat
775 2028 834 2054 qua:
852 2022 982 2055 regnabat

195 2067 264 2101 apud
281 2068 364 2101 ipsos.
391 2068 581 2102 subjectosque
609 2067 720 2101 populos
746 2066 779 2093 ad
803 2067 980 2094 deserendum

195 2112 278 2140 Deum
293 2114 466 2147 provocabat.
481 2113 662 2146 Quamobrem
679 2111 732 2138 Deo
743 2111 914 2140 incumbente
925 2113 980 2141 dis-

1078 1396 1196 1430 'EgﬁNTjt
1214 1395 1341 1429 δάμαλις
1361 1394 1557 1430 δεδιδαγμένη
1582 1396 1704 1430 ἀγαπᾷν
1727 1397 1821 1429 νικος.

1043 1442 1112 1475 Ἐγὼ
1126 1441 1159 1467 δὲ
1177 1441 1378 1475 ἐπελεύσομαι
1397 1441 1446 1467 ἐπὶ
1464 1441 1497 1468 τὸ
1515 1442 1627 1474 κάλλος
1644 1442 1697 1468 τοῦ
1711 1442 1822 1477 τραχή-

997 1503 1019 1534 c
1035 1489 1091 1514 ,1ου
1118 1486 1222 1520 αὐτῆς.
1243 1485 1375 1513 Ἐπισιόὡ
1397 1486 1534 1521 Ἐφραῒμ,
1559 1488 1608 1514 καὶ
1628 1488 1823 1522 παρασιωπή-

1034 1541 1123 1566 σομαι
1142 1533 1263 1559 Ἰούδαν.

1069 1578 1140 1606 Ρ[Θ’.
1162 1578 1262 1613 Μόσχῳ
1277 1579 1438 1614 παρεικάζει
1458 1578 1503 1604 τὸν
1520 1578 1649 1614 Ἑφραῒμ,
1670 1579 1782 1614 σκληρῷ
1796 1588 1824 1606 τε

1033 1625 1080 1650 καὶ
1105 1623 1238 1659 ἀγερώχῳ
1253 1624 1323 1654 λίαν,
1338 1625 1386 1650 καὶ
1401 1625 1602 1652 ἀνακόπτεσθαι
1620 1625 1657 1660 μὴ
1671 1625 1753 1652 εἰδότι
1775 1626 1823 1660 τῆς

1034 1669 1101 1700 ιδίας
1125 1669 1230 1704 ὁρμῆς,
1250 1670 1284 1703 ἣν
1305 1668 1339 1696 ἂν
1360 1670 1403 1703 ἐφ’
1421 1670 1474 1704 ὅτῳ
1495 1671 1596 1697 ποιοῖτο
1616 1670 1695 1705 τυχὸν
1708 1690 1715 1701 ,
1741 1672 1824 1705 ἡγουν

1032 1714 1239 1741 τιθασσεύεσοαι
1264 1715 1301 1750 μὴ
1323 1715 1494 1750 ἀνεχομένῳ,
1520 1714 1647 1750 ζητοῦντι
1670 1716 1698 1742 δὲ
1723 1717 1823 1751 μᾶλλον

1033 1761 1076 1787 ἀεὶ
1089 1760 1119 1787 τὸ
1130 1762 1217 1795 νικᾷν,
1232 1761 1279 1787 καὶ
1295 1761 1363 1796 πρὸς
1379 1761 1408 1787 τὸ
1418 1761 1490 1796 αὐτῷ
1503 1761 1597 1787 δοκοῦν
1610 1762 1822 1796 ὰνεπιπλήκτοις

1033 1807 1121 1833 ἵεσθαι
1139 1808 1199 1838 ταῖς
1218 1807 1328 1841 ὁρμαῖς.
1348 1807 1416 1832 Ἀλλ’
1431 1807 1455 1833 ει
1475 1807 1521 1833 καὶ
1536 1806 1593 1834 ἔστι
1611 1807 1749 1839 τοιοῦτος,
1773 1817 1823 1843 φη-

1033 1852 1085 1883 σὶν,
1104 1851 1213 1878 ἐνδώσει
1233 1853 1281 1879 καὶ
1295 1853 1344 1887 οὐχ
1365 1851 1445 1879 ἑκών,
1468 1853 1677 1888 Δαμασθήσεται
1695 1854 1750 1890 γὰρ
1764 1857 1823 1886 ταῖς

1031 1897 1085 1924 τῶν
1108 1898 1255 1933 συμφορῶν
1277 1899 1392 1932 ἐφόδοις,
1411 1898 1624 1932 ὑποζευγνύντος
1639 1899 1718 1932 Θεοῦ,
1745 1901 1823 1935 μόνον

1031 1943 1059 1970 δὲ
1084 1943 1143 1978 οὐχὶ
1166 1943 1213 1970 καὶ
1230 1943 1260 1970 τὸ
1274 1943 1373 1975 κάλλος
1398 1944 1446 1970 τοῦ
1470 1943 1606 1979 τραχήλου
1624 1944 1708 1971 αὑτοῦ
1733 1953 1822 1980 παρα-

1031 1987 1153 2020 λύοντος,
1174 1989 1314 2021 τουτέστι,
1336 1989 1366 2015 τδ
1381 1989 1526 2025 ἐξαιρέτως
1542 1990 1666 2025 ἅφηνιῶν
1688 1990 1772 2025 μέρος
1794 1991 1821 2016 ἐν

1031 2033 1070 2068 τῷ
1087 2034 1205 2069 Ἰσραήλ,
1229 2033 1314 2060 Τοῦτο
1333 2034 1361 2061 δὲ
1381 2033 1415 2070 ἦν
1439 2036 1455 2070 ἡ
1477 2036 1541 2070 παρ’
1564 2035 1658 2066 αὐτοῖς
1677 2035 1820 2069 βασιλεία.

1031 2079 1244 2114 κατερεθίζουσα
1255 2079 1323 2115 πρὸς
1336 2080 1486 2106 ἀπόστασιν
1499 2081 1560 2112 τοὺς
1571 2080 1625 2107 ὑπὸ
1636 2082 1715 2116 χεῖρα
1729 2081 1818 2112 λαούς.

1032 2122 1134 2149 Οὐκοῦν
1146 2124 1410 2158 καταρῤιῳοήσεται,
1422 2123 1489 2150 Θεοῦ
1502 2125 1724 2160 καταϐρίθοντος.
1738 2125 1821 2152 Τοῦτο

195 2158 336 2192 sipabitur,
346 2159 397 2186 hoc
421 2158 492 2186 enim
506 2158 600 2192 opinor
614 2156 767 2191 signiﬁcare
781 2156 856 2189 illud,
876 2167 885 2182 ι
902 2163 928 2185 et
939 2167 980 2186 as.

1036 2167 1085 2202 γὰρ
1118 2165 1196 2202 οἶμαι
1219 2156 1331 2202 ⁷δηλοῦν
1351 2168 1391 2200 τὸ,
1416 2178 1424 2194 ι
1438 2169 1554 2195 ὲπιὸιῦὦ
1571 2156 1724 2204 Ίέφραΐμξι
1743 2170 1821 2196 Οἰκο-

193 2203 306 2230 ceudam
320 2203 456 2238 Ephraim.
470 2212 479 2229 ι
497 2202 678 2230 OEconomice
689 2202 853 2228 autemdicit
870 2210 876 2229 :
890 2213 898 2228 ι
911 2203 982 2232 Reti.

194 2248 262 2276 cebo
276 2248 383 2280 ludam,
404 2259 413 2275 ι
428 2256 487 2283 pro,
501 2248 639 2284 paululum
656 2247 775 2274 diﬁ‘eram
790 2246 886 2275 Judam
900 2269 908 2281 ,
928 2258 981 2278 non

195 2295 269 2322 illum
284 2295 371 2330 poenis
385 2295 540 2329 subjiciens,
552 2303 604 2322 non
614 2297 670 2330 jam
684 2301 733 2328 pro
746 2294 784 2320 ira
793 2297 922 2330 multans;
935 2299 981 2326 sed

196 2341 330 2376 perferam
348 2342 449 2376 potius,
465 2347 493 2369 et
509 2350 586 2377 agam
603 2343 709 2373 lentius.
727 2345 811 2379 Quam
824 2348 858 2374 ob
870 2353 980 2374 causam

195 2393 259 2413 vero
271 2387 282 2412 ?
292 2387 424 2419 Quoniam
441 2388 580 2422 Ephraim,
597 2390 647 2418 hoc
657 2396 708 2423 est,
722 2392 815 2419 decem
829 2393 979 2425 tribus.sie-

195 2430 288 2464 utjam
308 2431 373 2465 dixi,
387 2439 496 2466 prorsus
506 2433 644 2468 sibiopera
656 2436 821 2465 sedttctionis
829 2439 979 2466 exercenda

195 2481 349 2504 statuerunt
362 2485 370 2509 ;
382 2477 442 2505 dum
455 2482 611 2514 autemqnm
622 2486 700 2509 erant
717 2481 921 2519 Hierosolymis,
936 2484 969 2511 Ju

195 2521 256 2551 das.
271 2526 345 2556 puta,
363 2526 391 2549 et
414 2522 566 2558 Benjamin,
599 2528 698 2560 smpius
725 2528 878 2556 habuerunt
903 2537 979 2564 reges

195 2567 294 2601 probos
320 2572 348 2594 et
372 2568 441 2603 pios.
466 2574 494 2596 ct
517 2572 561 2606 qui
580 2571 696 2608 ineptias
713 2574 896 2602 idololatricas
921 2576 979 2602 dis-

195 2612 352 2646 turbarent,
378 2614 559 2650 populumque
587 2617 620 2644 ad
651 2618 733 2645 vitam
755 2619 822 2646 bene
846 2625 978 2647 moratam

196 2663 223 2685 et
239 2657 344 2693 legibus
367 2665 574 2688 consentaneam
599 2663 768 2697 impellerent
786 2673 793 2692 :
819 2664 908 2699 qualis
927 2665 979 2692 fuit

194 2704 319 2734 Amasias
337 2705 407 2733 ﬁlius
423 2705 498 2740 Joas,
514 2707 657 2743 religiosus
666 2714 693 2736 et
701 2709 791 2744 justus
803 2710 855 2742 vir,
871 2715 898 2737 et
913 2710 979 2738 Eze-

194 2749 283 2783 chias,
299 2757 375 2784 aeque
393 2756 422 2778 ut
435 2751 481 2779 ille
496 2753 693 2788 suscipiendus,
719 2753 778 2782 zelo
794 2754 886 2782 divino
911 2762 979 2789 pra:-

225 2840 248 2857 '-‘
263 2838 317 2868 ιιοιι.
335 2841 425 2876 11,12,
442 2842 483 2870 l3.

1033 2213 1152 2248 νομικῶς
1168 2212 1196 2239 δὲ
1219 2213 1313 2248 φησὶν,
1325 2213 1366 2239 ὄτι
1385 2223 1394 2238 ‹
1412 2214 1668 2249 Παρασιωπήσομαι
1689 2215 1818 2245 Ἰούδαν.»

1032 2257 1093 2284 ἀντὶ
1109 2257 1167 2290 τοῦ,
1186 2257 1284 2292 μικρὸν
1304 2258 1495 2293 ὑπερθήσομαι
1518 2258 1562 2284 τὸν
1581 2259 1690 2290 Ἰούδαν,
1709 2259 1741 2285 οὺ
1763 2268 1820 2286 ποι-

1031 2304 1090 2334 ναῖς
1111 2303 1205 2334 ὲνιείς’
1221 2303 1271 2329 οὐκ
1292 2303 1402 2337 ἐπάγων
1422 2303 1471 2339 ἤδη
1489 2303 1524 2329 τὰ
1540 2303 1568 2336 ἐξ
1585 2304 1683 2339 ὀργῆς·
1708 2304 1819 2339 διαχαρ-

1031 2347 1118 2382 τερῶν
1141 2348 1170 2374 δὲ
1193 2349 1303 2383 μᾶλλον,
1326 2349 1373 2375 καὶ
1397 2349 1552 2380 ὑπενδιδοὺς
1577 2349 1680 2384 ἡρέμα.
1705 2350 1758 2376 Καὶ
1779 2351 1820 2377 διὰ

1034 2393 1110 2420 ποίαν
1132 2393 1236 2426 αἰτίαν;
1250 2395 1264 2420 ὁ
1279 2394 1328 2429 μὲν
1342 2394 1395 2430 γὰρ
1410 2394 1540 2430 Ἑφραῒμ,
1551 2395 1700 2426 τουτέστιν,
1713 2397 1741 2422 αἱ
1756 2396 1820 2422 δέκα

1034 2437 1131 2472 φυλαὶ,
1156 2437 1280 2472 καθάπερ
1301 2438 1350 2473 ἥδη
1368 2440 1508 2474 προεῖπον,
1531 2438 1744 2466 ἀπονενεὺκασιν
1762 2439 1820 2466 ὁλο-

1032 2483 1139 2519 τρόπως
1152 2484 1199 2510 ἐπὶ
1217 2484 1246 2510 τὸ
1269 2485 1325 2510 δεῖν
1343 2484 1450 2511 ἑλέσθαι
1465 2484 1586 2520 πληροῦν
1600 2485 1634 2511 τὰ
1651 2485 1701 2519 τῆς
1715 2484 1818 2519 πλανή‹

1031 2537 1099 2560 σεως
1114 2529 1191 2564 ἔργα.
1205 2530 1236 2555 Δί
1251 2530 1279 2556 δὲ
1295 2531 1350 2561 τοῖς
1368 2529 1563 2565 Ἱεροσολύμοις
1580 2530 1627 2557 δύο
1641 2530 1735 2565 φυλαὶ,
1759 2531 1819 2556 Ἰού-

1031 2574 1077 2606 δας
1095 2583 1133 2605 τε,
1152 2575 1232 2610 φημὶ,
1249 2575 1296 2601 καὶ
1312 2575 1450 2610 Βενιαμὶν,
1471 2576 1598 2610 γεγόνασι
1616 2575 1748 2607 πολλάκις
1770 2576 1820 2602 ὑπὸ

1034 2620 1161 2654 βασιλέας
1184 2620 1280 2654 ὀρθούς
1296 2629 1324 2647 τε
1351 2622 1398 2647 καὶ
1413 2621 1545 2653 εὐσεὸεἶς,
1562 2621 1609 2647 καὶ
1631 2620 1666 2647 τὰ
1681 2621 1730 2654 τῆς
1746 2621 1818 2647 εἰδω-

1032 2665 1175 2700 λολατρὶας
1190 2665 1335 2701 ἀθύρματα
1356 2665 1559 2698 κατασεὶοντας,
1574 2666 1599 2692 οἳ
1614 2666 1664 2701 ζῇν
1678 2666 1818 2692 ἀνέπειϐυν

1031 2710 1161 2741 ἐπιεικῶς
1180 2711 1227 2737 καὶ
1249 2711 1382 2746 ἐννόμως·
1418 2712 1508 2742 ὁποῖος
1528 2712 1639 2745 γέγονεν
1660 2711 1819 2745 ’Λμασὶαςό

1033 2756 1078 2782 τοῦ
1098 2756 1183 2791 Ίωὰς,
1197 2757 1310 2792 εὐσεϐὴς
1334 2757 1380 2784 καὶ
1394 2757 1496 2790 δίκαιος
1509 2758 1588 2793 ἁνήρ.
1609 2757 1726 2793 Ὁμοίως
1747 2757 1818 2788 Ἐξί-
