1919 3042
106 147 159 174 353

574 146 852 178 COMMENTARIUS
870 149 903 177 IN
919 151 1035 180 OSEAM
1054 151 1274 182 PROPHETAM.

1685 153 1739 181 254

107 205 180 235 χίας,
196 203 243 230 καὶ
263 204 349 236 αὐτὸς
363 205 393 231 ἐν
411 204 461 240 ῐσῳ
478 205 701 240 τεθαυμασμένος
718 206 757 242 τῷ
774 215 902 243 προειρη‹

958 210 1030 238 ditus
1043 215 1069 238 et
1088 211 1143 238 Deo
1166 210 1275 238 cbarus.
1294 209 1350 237 Hac
1365 210 1399 237 de
1424 216 1505 237 causa
1533 209 1627 238 decem
1652 210 1740 238 tribus

108 251 193 286 μένῳ,
213 249 348 286 ζηλωτὴς
370 252 419 278 καὶ
439 251 575 286 θεοφιλής.
592 251 727 287 Ταύτῃτοι
747 254 903 288 προπεπον-

107 297 170 323 ϐασι
184 296 235 332 μὲν
248 297 278 322 αἱ
293 296 362 322 δέκα
376 296 458 332 φυλαὶ¹
472 296 520 332 τὴν
534 296 732 332 αἰχμαλωσίαν.
746 298 904 334 Καταστρα-

106 341 207 374 τεύσας
225 342 255 368 δὲ
272 341 328 369 τῶν
347 342 542 378 Ἰεροσολύμων
557 343 571 369 ὸ
583 342 763 376 Βαϐυλώνιος,
777 343 905 380 ἠδίκησεν

107 388 195 415 οὐδέν.
209 389 310 424 ’ῼχετο
325 388 355 415 δὲ
370 388 470 424 μᾶλλον
490 389 532 421 εἰς
546 388 594 424 τὴν
611 389 720 421 ἐαυτοῦ,
741 389 829 424 φυγὰς
855 391 904 418 καὶ

106 434 248 469 περιδεὴς,
259 435 305 461 ὅτε
312 435 361 461 καὶ
373 434 549 462 πεπτώκασιν
562 435 590 461 ἐν
603 436 652 470 μιᾷ
662 436 749 468 νυκτὶ,
761 435 804 462 διὰ
815 436 905 472 χειρὸς

106 479 238 513 ἀγγέλου,
253 479 309 507 τῶν
336 480 485 515 Ἀσσυρίων
513 479 611 506 ἑκατὸν
636 481 801 515 ὀγδοήκοντα
824 481 903 508 πέντε

106 526 240 561 χιλιάδες.
264 526 501 559 ’Δνεξικακοῠντος
514 526 546 561 δὴ
562 523 609 553 οὖν
628 526 674 553 τοῦ
690 526 768 560 Θεοῦ,
785 527 832 554 καὶ
853 527 903 562 φέ-

108 580 204 606 ροντος
217 571 300 607 ἡμῶν
315 572 364 604 τὰς
382 572 534 604 ἀσθενείας,
553 572 590 608 μὴ
616 571 782 608 ρᾳθυμῶμεν
803 574 901 609 ἡμεῖς,

109 617 179 652 μηδὲ
208 618 438 650 ἀναπεπτωκότες
462 617 639 653 ωισκὼμεθα
663 619 727 653 περὶ
751 618 781 645 τὸ
806 619 904 654 χρῆναι

107 662 232 698 πληροῦν
245 663 282 689 τὰ
294 662 370 698 αὐτῷ
382 662 512 689 δοκοῦντα
525 663 571 690 καὶ
585 663 660 698 φίλα.

151 709 326 743 Ἐνισχύσει
340 708 421 741 αὐτῷ
442 708 550 736 Ἰακώϐ.

143 756 211 783 PK'.
230 756 330 791 Ἔφην,
346 756 388 782 ὅτι
407 764 648 791 καταστρατευσας
662 757 676 783 ὁ
693 756 834 792 ’Δσσύριος
855 756 904 791 τὴν

109 801 162 828 ὑπὸ
182 802 264 837 χεῖρα
281 801 397 837 πληθὺν,
414 801 462 828 καὶ
478 801 569 828 πᾶσαν
588 801 774 837 ἐξαναστήσας
790 801 838 837 τὴν
853 802 904 828 Σαο

111 846 240 882 μάρειαν,
258 847 309 878 τάς
333 855 364 873 τε
391 846 482 878 πόλεις
501 846 586 878 αὑτὰς
606 847 653 873 καὶ
670 847 734 878 τοὺς
753 847 833 879 ναοὺς
853 847 903 882 ἐμ-

110 880 233 927 πρῆσας,
249 892 451 928 πεπολιόρκηκε
473 892 542 928 μετὰ
555 892 634 919 τοῦτο
648 880 901 928 τὴνιῚερουσαλήμ.
919 880 940 908 Β

110 936 172 964 Εἷλε
182 937 212 964 δὲ
225 938 362 973 οὐδαμῶς,
374 937 441 964 Θεοῦ
456 938 678 974 προασπίζοντος·
690 934 838 974 ἀνῄρηνται
850 939 904 974 γὰρ

109 982 143 1009 δι’
165 983 286 1017 ἀγγέλου
302 985 330 1010 ἐν
349 984 398 1019 μιᾷ
417 984 494 1011 νυκτὶ
517 985 613 1011 ἑκατὸν
635 985 800 1020 ὀγδοήκοντα
823 985 904 1012 πέντε

110 1027 240 1062 χιλιάδες.
261 1027 348 1054 Τοῦτό
367 1036 418 1060 τοι,
438 1028 563 1064 καθάπερ
583 1025 701 1063 ἐγῷμαι,
724 1029 905 1064 προαγγέλλει

110 1074 168 1100 νυνὶ
181 1073 281 1108 λέγων,
299 1084 308 1100 ι
320 1074 472 1109 Ἐνισχύσει
486 1074 560 1110 αὑτῷ
575 1074 682 1101 Ἰακώ6.
691 1075 836 1110 ι-ιΑὑτῷ
850 1085 859 1101 ι
873 1075 905 1111 δὴ

110 1119 162 1146 τίνι
173 1127 181 1152 ;
196 1119 213 1155 ἢ
225 1120 315 1155 δῆλον,
329 1119 370 1146 ὅτι
378 1121 417 1156 τῷ
425 1120 615 1156 πολιορκήσειν
628 1121 751 1156 μέλλοντι
763 1121 903 1157 Ῥαψάκης

110 1164 232 1199 κέκληκε
249 1164 278 1191 δὲ
297 1164 393 1191 Ἰακὼὸ
413 1165 476 1197 τοὺς
493 1164 523 1197 ἐξ
543 1165 659 1200 αἵματος
677 1166 785 1197 Ἰακὼϐ,
804 1166 905 1193 Ἰούδαν

110 1217 151 1242 τε,
169 1209 262 1245 φημὶ,
285 1210 332 1236 καὶ
351 1209 490 1245 Βενιαμίν.
511 1210 561 1236 ’Ίοι
582 1210 604 1236 δ’
616 1210 746 1247 annali-:29
762 1211 848 1238 ἒλοιτό
862 1219 916 1243 τις,

110 1254 158 1281 καὶ
171 1254 245 1281 κατὰ
259 1254 359 1286 παντὸς
373 1253 420 1280 τοῦ
436 1255 543 1290 Ἰσραὴλ
553 1255 570 1290 ἡ
584 1255 667 1288 λέξις.
682 1255 774 1282 Ἐοικε
785 1255 812 1283 δὲ
824 1256 906 1284 πάλιν

109 1300 160 1335 τῆς
183 1299 354 1335 προφητείας
367 1299 382 1325 ὁ
400 1299 462 1331 νοῦς
477 1301 517 1331 είς
541 1300 692 1335 ἀνάμνησιν
713 1301 788 1336 ἡμᾶς
803 1301 904 1336 ἀναφέ-

111 1354 170 1380 ρειν
185 1345 367 1380 ἀρχαιοτέρου
387 1345 560 1380 πράγματος⁶
583 1345 724 1380 μονονουχὶ
739 1346 905 1381 πληροῦντος

109 1389 179 1416 Θεοῦ
198 1391 250 1425 τὴν
266 1390 413 1425 ὑπόσχεσιν
428 1390 477 1426 τὴν
493 1389 563 1425 πρὸς
577 1390 622 1416 τὸν
635 1390 777 1417 θεσπέσιον
796 1391 903 1419 Ἰακώϐ.

116 1435 229 1470 Ἐπειδὴ
246 1436 301 1470 γὰρ
314 1435 352 1467 ὡς
368 1434 511 1471 ἄνθρωπος
526 1435 584 1471 μετ’
598 1435 680 1462 αι’·τοῦ
696 1436 865 1463 πεπάλαικεν
877 1438 905 1463 ἐν

109 1481 200 1512 νυκτὶ,
221 1481 310 1516 πέραν
328 1480 375 1507 τοῦ
388 1480 539 1516 χειμάρρου
562 1480 668 1516 ἰαὸὼχ,
687 1478 746 1507 εἶτα
765 1482 906 1516 γεγονότος

955 257 1139 291 captivitatem
1162 257 1237 292 prius
1251 257 1401 285 subierunt.
1418 257 1451 284 Et
1475 256 1640 292 Babylonius
1656 256 1740 291 copiis

954 308 1050 331 contra
1078 302 1228 331 Jerusalem
1248 303 1381 336 adductis,
1409 303 1470 331 sine
1494 303 1629 331 maleficio
1648 302 1676 330 in
1694 310 1740 330 re-

955 357 1036 384 gnum
1052 357 1130 377 suum
1158 349 1298 384 fugitivus,
1325 353 1353 377 et
1371 349 1476 377 timoris
1493 349 1590 384 plenus
1614 348 1740 381 recessit,

957 394 1033 430 15],
1051 395 1262 430 cecideruutque
1276 402 1327 422 una
1348 398 1427 422 nocte
1449 401 1496 429 per
1515 401 1625 420 manum
1649 393 1740 427 angeli

954 446 1064 468 centum
1078 440 1215 475 octoginta
1229 440 1351 474 quinque
1366 439 1449 466 millia
1463 439 1496 466 “.
1521 439 1665 467 Toleraute
1687 439 1739 473 igi-

956 491 1000 514 tur
1018 486 1084 519 Deo,
1095 491 1121 513 et
1135 486 1308 513 infirmitates
1325 490 1432 513 nostras
1445 484 1601 519 suﬂ'erente,
1627 492 1662 512 ne
1689 484 1737 512 de-

954 532 1027 560 sides
1039 532 1135 564 simus,
1153 539 1239 566 neque
1256 531 1283 558 in
1307 531 1340 559 iis
1356 538 1416 566 quae
1432 531 1470 558 illi
1489 531 1585 565 placita
1611 536 1739 566 accepta-

954 585 1007 614 que
1020 581 1083 605 sunt
1098 577 1277 612 exsequendis
1293 577 1400 605 remissi
1415 576 1592 604 inveniamur.

991 711 1192 740 lrrobarubt’tur
1203 711 1254 746 ipsi
1266 710 1360 738 Iacob.
1386 740 1397 745 ,ν

990 756 1070 785 CXX.
1092 756 1163 791 Dixi,
1179 755 1320 790 Assyrium
1332 755 1389 782 suis
1404 752 1640 788 inexpedilioncm
1671 752 1741 780 odu-

955 803 1027 836 ctis,
1041 807 1068 830 et
1089 806 1145 829 tela
1171 800 1293 828 Samaria
1307 807 1418 833 eversa,
1440 799 1552 834 ejusque
1579 798 1691 826 urbibus
1713 803 1742 826 et

956 848 1054 883 templo
1078 848 1206 879 incenso,
1232 846 1328 874 deinde
1352 845 1566 880 Hierosolymam
1590 844 1741 876 obsedisse.

955 901 1034 930 quam
1050 894 1104 921 Deo
1121 895 1279 928 protegente
1289 891 1446 926 neutiquam
1459 890 1584 924 subegit;
1601 897 1653 916 una
1668 889 1741 916 enim

954 945 1034 968 nocte
1052 940 1086 967 ab
1103 939 1199 973 angelo
1223 943 1329 966 centum
1352 937 1486 972 octoginta
1514 937 1634 970 quinque
1657 935 1740 962 millia

955 985 1109 1020 interempti
1123 989 1184 1012 sunt
1199 985 1232 1011 ".
1250 983 1306 1011 Hoc
1324 991 1414 1015 nunc,
1442 986 1471 1009 ut
1489 989 1547 1009 mea
1567 981 1619 1009 fert
1634 981 1739 1015 opinio,

955 1032 993 1059 ita
1011 1031 1185 1066 praenunlial,
1207 1039 1216 1057 ι
1241 1029 1444 1057 lrroborabitur
1470 1028 1519 1063 ipsi
1534 1027 1628 1055 Jacob.
1660 1037 1670 1054 ι
1689 1027 1741 1055 Cui

957 1087 967 1104 ι
986 1077 1056 1112 ipsi?
1080 1086 1089 1103 ›
1107 1084 1140 1104 an
1158 1076 1302 1103 obsessum
1318 1083 1376 1102 eam
1393 1074 1507 1101 Rabsaci
1518 1074 1529 1101 7
1540 1073 1623 1100 Jacob
1635 1073 1742 1101 vocavit

955 1128 1112 1160 procreatos
1127 1129 1142 1149 e
1159 1126 1302 1149 stemmate
1317 1119 1413 1152 Jacob,
1440 1118 1538 1146 Judam
1567 1119 1677 1154 inquam
1689 1138 1697 1151 ,
1714 1123 1742 1146 et

954 1169 1107 1204 Beniamin.
1131 1167 1224 1195 Potest
1247 1167 1330 1194 etiam
1355 1173 1408 1192 vox
1426 1165 1459 1192 de
1488 1165 1617 1192 universo
1641 1164 1741 1192 lsraele

955 1215 1052 1250 accipi.
1069 1214 1182 1242 Videtur
1193 1220 1273 1248 porro
1288 1218 1384 1239 sensus
1401 1210 1548 1246 prophetia:
1565 1217 1672 1237 rursum
1693 1215 1741 1236 ve-

956 1262 1023 1290 teris
1047 1259 1188 1294 cujusdam
1218 1258 1256 1285 rei
1289 1257 1448 1284 memoriam
1474 1255 1554 1282 nobis
1585 1262 1741 1287 renovare.

956 1306 1149 1342 propemodum
1166 1304 1295 1338 implente
1309 1303 1364 1329 Deo
1386 1301 1520 1337 promissa
1542 1300 1635 1327 divino
1658 1299 1742 1328 Iacob

956 1354 1028 1380 data.
1047 1350 1081 1378 Ut
1097 1350 1168 1377 enim
1185 1349 1261 1383 quasi
1289 1348 1370 1374 homo
1394 1353 1455 1373 cum
1481 1346 1540 1380 ipso
1559 1345 1678 1372 luctatus
1699 1349 1742 1372 est

957 1402 1038 1426 nocte
1054 1402 1131 1424 trans
1146 1399 1293 1422 torrentem
1310 1392 1405 1424 Jaboc.
1423 1392 1525 1418 factum
1544 1395 1585 1418 est
1602 1397 1692 1423 mane,
1715 1395 1743 1417 et

956 1444 1127 1472 illucescente
1142 1441 1185 1468 die
1199 1440 1274 1467 abire
1283 1438 1379 1470 voluit,
1392 1437 1528 1472 dixitque:
1540 1446 1550 1462 ι
1563 1437 1672 1464 Dimitte
1687 1442 1741 1468 me,

956 1488 1078 1517 ascendit
1104 1487 1177 1515 enim
1205 1485 1353 1513 diluculum
1381 1484 1414 1510 “.
1445 1493 1454 1510 ι
1485 1483 1554 1510 Tum
1580 1482 1625 1509 ille
1641 1489 1694 1508 non
1713 1489 1744 1509 se

109 1535 140 1554 τε
159 1527 260 1563 ὄρθρου
274 1527 378 1558 λοιπὸν,
392 1526 440 1553 καὶ
461 1526 659 1562 διαυγαζούσης
681 1527 800 1563 ἡμέρας,
814 1528 829 1554 ὁ
855 1528 902 1563 μὲν

958 1535 1131 1563 dimissurum
1142 1531 1312 1560 mullrmavit
1324 1550 1331 1563 ,
1350 1530 1377 1557 ni
1395 1529 1470 1565 prius
1487 1529 1539 1556 sibi
1555 1528 1741 1556 benedicerel.

107 1571 176 1603 Θεὸς
194 1571 323 1606 ἀπαίρειν
337 1571 426 1605 ἦθελε,
443 1571 545 1605 λέγων·
563 1581 572 1597 ι
594 1571 740 1599 Ἀπόλυσόν
759 1581 802 1607 με·
818 1572 904 1608 ἀνέϐη

109 1617 165 1652 γὰρ
175 1618 189 1643 ὁ
204 1617 310 1652 δρθρος.
318 1627 327 1644 ι
336 1617 402 1644 Ὀδὲ
409 1617 458 1643 οὐκ
469 1617 580 1652 ἀνήσειν
591 1616 720 1652 ἔφασκεν,
732 1618 756 1644 εί
772 1618 810 1653 μὴ
823 1618 904 1646 αὑτὸν

109 1663 295 1698 εὐλογήσειεν.
311 1663 414 1688 Ἦκουε
431 1661 464 1697 δὴ
487 1662 559 1695 τότε,
576 1672 585 1688 ι
598 1662 659 1689 ὀτι
672 1663 817 1699 ἐνίσχυσας
834 1664 904 1698 μετά

108 1707 190 1740 Θεοῦ,
204 1708 253 1735 καὶ
272 1707 342 1742 μετὰ
363 1707 513 1743 ἀνθρώπων
533 1708 646 1739 δυνατὸς
656 1708 714 1744 ἔσῃ.
728 1717 737 1734 ι
751 1708 837 1735 Τοῦτό
852 1717 904 1735 που

109 1755 180 1790 τάχα
200 1754 268 1788 πρὸς
281 1755 314 1781 τὸ
330 1754 417 1788 παρὸν
428 1754 442 1780 ὸ
461 1753 510 1789 τῆς
525 1754 694 1789 προφητείας
713 1754 780 1790 ἡμῖν
800 1754 905 1791 ὑποση-

112 1799 203 1833 μαίνει
222 1798 319 1832 λόγος,
347 1798 533 1833 ἐναργέστατα
559 1798 644 1830 τιθεὶς
667 1798 707 1831 τὸ,
725 1808 734 1825 ι
755 1799 905 1834 Ἐνισχύσει

110 1844 186 1880 αὐτῷ
205 1844 314 1871 Ἰακώϐ.
328 1854 337 1870 ι
350 1844 444 1880 Ἀθρει
457 1843 485 1870 δὲ
497 1844 719 1879 ¹εῆςέτιταγγελίας
734 1845 765 1871 τὸ
777 1845 902 1881 ἀκριὸές·

109 1891 141 1918 οὗ
155 1891 212 1926 γὰρ
225 1890 269 1916 ὅτι
283 1888 443 1924 κατισχύσει
456 1889 510 1915 τῶν
528 1888 677 1926 Ἀσσυρίων
690 1890 705 1916 ὀ
722 1889 830 1923 Ἰακὼϐ,
846 1889 905 1916 ἀλλ’

113 1945 123 1962 ι
138 1935 292 1971 ἐνιεχὺσει,
307 1944 316 1961 ι
335 1935 401 1970 φησι
411 1944 418 1949 ·
431 1935 460 1962 ἐν
475 1934 533 1961 Θεῶ
547 1934 603 1969 γὰρ
617 1935 736 1970 ἴσχυσεν,
749 1935 778 1962 οὐ
792 1935 826 1963 δι’
841 1936 906 1962 ἐαυ-

109 1991 157 2009 του
162 2003 167 2008 .
840 1989 843 1993 “

289 2042 483 2086 ΤΟΜΟΣ
529 2042 727 2085 ΕΚΤΟΣ.

145 2121 295 2156 Σπείρατε
314 2119 433 2153 ἑαυτοῖς
451 2121 494 2152 εις
506 2119 716 2154 δικαιοσύνην,
738 2119 908 2155 τρυγήσατε

110 2169 153 2200 εις
164 2166 285 2201 καρπὸν
295 2165 380 2200 ζωῆς,
391 2166 540 2201 φωτισατε
549 2165 666 2198 ἑαυτοῖς
676 2165 740 2200 φῶς
754 2166 903 2201 γνώσεως,

956 1580 1065 1608 Audivit
1090 1579 1182 1614 igitur,
1196 1586 1206 1603 ε
1222 1576 1354 1611 Quoniam
1374 1574 1537 1610 praevaluisti
1551 1582 1613 1602 cum
1632 1574 1699 1606 Deo.
1715 1578 1744 1600 et

955 1634 1017 1654 cum
1041 1625 1196 1654 hominibus
1218 1627 1315 1658 potens
1333 1621 1389 1649 eris
1401 1621 1436 1647 ".
1456 1630 1466 1647 ι
1481 1619 1538 1648 Hoc
1561 1620 1587 1646 in
1615 1619 1741 1654 praesenti

955 1671 1131 1708 propheticus
1146 1676 1238 1697 sermo
1256 1667 1372 1695 forsitan
1387 1667 1466 1694 nobis
1487 1666 1619 1697 insinuat.
1631 1670 1659 1692 et
1677 1664 1741 1692 illud

959 1717 1172 1748 cirroborabitur
1185 1715 1223 1743 illi
1239 1713 1350 1746 Jacob,r
1369 1712 1589 1740 manifestissime
1610 1710 1743 1738 declarat.

955 1762 1104 1790 Considera
1123 1766 1215 1789 autem
1231 1759 1358 1795 promissi
1378 1757 1583 1793 perfectionem.
1604 1756 1663 1784 Non
1681 1756 1719 1783 ait
1734 1776 1743 1789 ,

956 1807 1128 1835 roborabitur
1141 1809 1235 1834 contra
1256 1803 1383 1839 Assyrios
1403 1802 1498 1835 Iacob,
1513 1803 1559 1830 sed
1578 1812 1587 1828 ι
1605 1802 1743 1830 ἰποΙωι-ιμ

956 1853 1046 1886 bitur;
1071 1861 1080 1878 ι
1097 1853 1124 1880 in
1141 1852 1197 1880 Deo
1216 1851 1300 1884 enim,
1318 1857 1371 1878 non
1381 1857 1429 1884 per
1444 1856 1474 1877 se
1488 1849 1574 1884 ipsum
1599 1849 1744 1876 roboratus

955 1902 1008 1927 est.

1095 2017 1301 2092 TOMUS
1352 2044 1602 2090 SEXTUS.

993 2121 1075 2149 Vsus.
1091 2120 1136 2149 12.
1161 2120 1295 2148 δεηιὶπαιι
1313 2120 1385 2148 vobis
1416 2120 1443 2147 in
1453 2119 1570 2155 justitia,
1588 2117 1744 2145 vindemiate

958 2167 992 2195 ad
1007 2167 1123 2202 fructum
1145 2167 1216 2199 vitaz,
1232 2167 1381 2194 illuminare
1406 2167 1478 2194 vobis
1507 2166 1592 2192 lumen
1610 2165 1737 2196 scientiis;

110 2213 296 2247 ἐκζητήσατε
317 2212 371 2240 τὸν
389 2213 499 2246 Κύριον
513 2212 568 2245 ἕως
582 2210 618 2241 οὗ
642 2212 715 2247 ἔλθῃ
738 2212 902 2248 γεννήματα

959 2213 1069 2248 (μιαν-ἕω
1087 2212 1228 2240 Dominum
1241 2213 1323 2240 donec
1334 2213 1437 2240 ueniant
1451 2212 1540 2246 fruges
1550 2211 1676 2246 justitiw.

111 2259 310 2293 δικαιοσύνης
325 2258 406 2293 ὑμῖν.

146 2307 237 2333 PKA'.
255 2306 350 2338 Διττδς
373 2307 477 2338 ἀεὶπως
501 2305 575 2333 ἐστὶν
597 2306 611 2332 ὁ
638 2305 687 2341 τῆς
713 2305 904 2341 παραινέσεως

111 2352 223 2387 τρόπος.
239 2353 276 2378 Ἦ
296 2351 351 2387 γὰρ
366 2352 543 2387 ἐξηγούμενοι
559 2351 608 2387 τὴν
621 2353 679 2383 τοῖς
693 2351 801 2378 θέλουσι
819 2352 902 2387 ρᾳθυ-

115 2400 175 2434 μεῑν
190 2398 404 2433 ἐπικεισομένην
428 2398 537 2424 κόλασιν
561 2396 721 2432 μετασοϐεἳν
743 2396 903 2431 εἰθίσμεθα,

114 2443 160 2470 καὶ
175 2443 250 2478 μάλα
266 2442 375 2478 γοργῶς
389 2442 436 2469 ἐπὶ
447 2441 478 2468 τὺ
498 2441 572 2477 βιοῦν
592 2441 700 2468 ἑλέσθαι
715 2440 867 2477 λαμπρῶςο
888 2440 905 2476 ἢ

112 2489 161 2521 τὰς
175 2491 233 2520 τοῖς
249 2489 401 2516 ἐπιεικέσιν
421 2487 642 2524 ηὐτρεπισμένας
659 2487 742 2522 τιμὰς
763 2486 905 2521 ἅπαγγέλ·

114 2535 205 2567 λοντες
230 2534 451 2570 προθυμοτέρους
484 2533 669 2568 ἀποτελοῦμεν
696 2533 759 2564 τοὺς
782 2532 907 2559 παιδευο-

92 2594 103 2599 —
116 2581 212 2616 μένους
220 2579 275 2615 ἐπὶ
289 2579 321 2606 τὸ
337 2579 391 2606 δεῖν
406 2579 474 2605 ιέναι
487 2577 580 2605 λοιπὸν
594 2577 664 2613 πρὸς
677 2577 726 2613 τὴν
742 2577 847 2612 ἀμείνω
873 2585 905 2604 τε

114 2627 160 2654 καὶ
178 2625 372 2661 ἐννομωτάτην
396 2623 478 2661 ζωήν.
492 2623 618 2651 Τοιοῦτόν
635 2632 661 2650 τι
674 2623 722 2650 νῦν
737 2625 752 2649 ὁ
770 2623 824 2650 τῶν
837 2623 905 2650 ὅλων

114 2671 178 2704 Θεὸς
202 2669 362 2706 ἐργάζεται,
380 2669 527 2705 Ἦπείλησε
546 2669 594 2704 μὲν
615 2668 670 2704 γὰρ
695 2669 751 2700 τοῖς
770 2669 907 2704 πεπλανη-

117 2717 208 2753 μένοις
223 2717 288 2749 τοὺς
309 2715 456 2752 πολέμους,
471 2716 521 2747 τὰς
538 2715 691 2750 συμφορὰς,
710 2714 759 2750 τὴν
774 2715 815 2747 εἰς
833 2715 907 2742 ἀλλο-

115 2763 214 2798 φύλους
242 2762 407 2798 ἀπαγωγὴν,
427 2762 490 2794 τοὺς
510 2761 564 2788 τῶν
580 2760 684 2788 πόλεων
706 2760 904 2796 ἐμπρησμοὺς,

994 2301 1088 2331 CXXI.
1105 2300 1206 2336 Duplex
1220 2307 1327 2334 semper
1340 2299 1396 2326 fere
1405 2303 1448 2326 est
1471 2297 1662 2325 admonitionis
1680 2304 1736 2323 mw

959 2349 1018 2376 dus.
1035 2347 1090 2375 Aut
1105 2347 1177 2374 enim
1193 2344 1414 2373 commemoratis
1431 2352 1491 2378 quae
1506 2345 1618 2379 ignavos
1630 2346 1739 2369 manent

957 2392 1109 2428 suppliciis,
1126 2392 1160 2420 ad
1175 2398 1207 2418 ea
1230 2389 1393 2423 amolienda,
1408 2393 1434 2416 et
1457 2389 1490 2415 ad
1504 2388 1567 2415 vita:
1592 2388 1746 2420 conspicuae

959 2439 1080 2467 rationes
1102 2437 1246 2466 celerrime
1274 2434 1447 2470 arripiendas
1465 2433 1682 2466 assuefacimus;
1700 2437 1747 2459 aut

957 2485 1038 2513 bonis
1062 2488 1173 2519 paratos
1209 2483 1327 2510 bonores
1365 2479 1580 2511 annuntiantes,
1611 2485 1680 2513 quos
1705 2478 1748 2504 in-

960 2531 1108 2565 stituimus,
1122 2530 1156 2557 ad
1171 2530 1253 2557 vitam
1270 2528 1357 2555 adhuc
1371 2526 1568 2561 probatiorem,
1593 2529 1622 2552 et
1641 2524 1745 2558 legibus

960 2576 1236 2613 congruentissimam
1265 2572 1472 2610 aggrediendam
1500 2571 1646 2598 alacriores
1677 2569 1743 2597 em-

959 2623 1056 2651 cimus.
1077 2622 1141 2649 Tale
1154 2621 1279 2656 quiddam
1306 2623 1335 2647 et
1353 2618 1432 2646 modo
1451 2617 1523 2651 Deus
1556 2616 1744 2644 universorum

961 2669 1032 2696 facit.
1050 2667 1129 2703 152
1145 2667 1262 2695 Minatus
1277 2671 1319 2695 est
1333 2666 1404 2694 enim
1419 2663 1576 2692 errantibus
1592 2662 1673 2694 bella,
1696 2669 1744 2688 ca-

960 2714 1105 2747 bunilates,
1123 2712 1337 2749 deportationem
1363 2711 1397 2739 ad
1422 2709 1610 2746 alienigenas.
1637 2707 1745 2736 urbium

961 2762 1205 2794 inﬂammationes.
1227 2760 1347 2788 hostium
1373 2758 1570 2794 grassatioucs.
1598 2756 1744 2784 Verumta-

148 2856 171 2873 "
182 2853 216 2882 IV
236 2853 304 2889 Reg.
325 2859 383 2885 xtx,
398 2852 443 2880 55.
481 2853 504 2869 ’⁵
518 2853 583 2881 ibid.
621 2854 643 2870 ’⁸
653 2853 720 2882 Gen.
739 2861 825 2888 xxx“,
841 2853 886 2882 26.

959 2853 1022 2882 ibid.
1043 2852 1087 2882 28.
