1919 3042
195 170 250 198 235

713 172 740 198 S.
763 168 899 198 CYIULLI
919 165 1153 194 ALEXANDRINI
1175 168 1334 196 ARCllll‘ZP.

1777 166 1833 193 256

196 235 257 256 men
269 235 320 256 ιιοιι
334 229 379 257 hic
403 229 612 257 admonitionem
636 235 712 256 suam
739 228 915 260 terminavit;
936 228 977 255 sed

1034 226 1088 254 τῶν
1104 227 1265 262 μαχομένων
1280 227 1330 262 τὴν
1347 226 1506 261 ἀγριότητα.
1527 225 1599 261 Πλὴν
1616 225 1646 252 οὺ
1664 225 1746 260 μέχρι
1769 225 1834 250 τού-

195 280 259 300 ccce
278 282 385 302 rursum
403 275 454 301 alia
471 274 554 301 ctiam
576 274 616 300 via
643 274 696 302 illis
707 274 833 302 cousulit.
853 273 919 300 Nam
939 273 980 301 tli-

196 318 281 345 misso
296 318 366 352 quod
380 318 473 345 inutile
488 323 515 345 et
534 318 623 345 omnis
642 319 758 346 miseria:
772 318 824 346 illis
836 317 896 346 fons
917 323 959 346 est
973 339 980 351 ,

194 362 266 395 quod
282 362 398 388 maxime
412 362 541 396 prodesse
556 364 707 396 consuevit,
724 367 818 391 contra
835 370 982 398 capessere

196 406 329 438 hortatur,
349 405 505 433 colonorum
522 415 596 435 more
614 417 624 434 ι
639 409 808 436 seminantes
824 409 933 443 quidem
955 409 982 436 in

192 450 297 484 iustitia
311 469 318 482 ,
347 450 545 479 vindemiantes
561 458 651 480 autem
672 453 789 480 fructum
808 454 879 480 vitm.
909 463 919 479 ι
948 453 984 481 Ut

194 494 266 521 enim
294 494 389 522 scriblt
415 495 511 523 beatus
534 496 653 530 Paulus,
679 507 688 523 ι
714 498 784 533 quod
809 498 985 526 seminaverit

195 540 286 571 homo.
301 540 353 567 hoc
363 544 390 568 et
409 546 491 568 metet
501 542 540 573 gs;
556 548 565 565 ι
590 548 628 576 et,
642 543 687 576 qui
704 543 820 570 seminat
835 543 914 577 mala,
928 551 984 571 me-

195 590 232 612 tet
244 585 312 612 mala
328 586 361 618 ",
382 591 411 613 ut
422 587 552 622 scriptum
566 592 617 616 est.
642 589 791 623 Operarius
808 596 897 617 autent
933 590 979 624 ju-

199 629 285 666 stitiae
299 630 386 657 salute
402 636 430 658 et
445 631 500 658 vita
514 632 671 666 replebitur,
683 638 829 667 spectatus.
847 638 875 660 ct
893 634 982 661 imita-

194 676 268 702 tione
278 676 374 710 dignus
390 682 436 704 :ct
446 677 538 704 vinum
553 679 729 706 vindetniabit
753 688 763 704 ι
781 679 922 708 lmtilicans
936 687 984 708 cor

195 720 311 748 hominis
329 722 349 747 ί.
370 730 379 747 ι
405 721 504 750 A-lhzec
532 722 578 757 qui
597 723 667 750 bene
691 724 786 751 audire
809 725 930 759 cupiunt.
956 726 983 752 in

167 797 172 801 .
195 765 314 792 animum
351 771 379 794 et
409 774 458 794 cor
487 775 556 795 vera:
585 769 707 796 scientim
740 769 984 798 lumen.induccre

193 811 303 844 debent,
318 819 372 847 quo
383 818 486 845 carent,
501 813 547 848 qui
566 815 749 849 praetermisso
768 815 900 843 Creatorc
935 817 984 843 ad-

193 863 276 885 οιΊιιιι
298 864 448 886 creaturam
458 863 480 886 ³.
492 860 614 892 Quanam
626 864 714 887 autent
733 862 836 888 ratione
848 869 982 896 pOSSllllus

1033 280 1086 298 των
1107 272 1152 298 τὸν
1170 271 1220 306 τῆς
1236 271 1422 306 παραινέσεως
1437 271 1527 306 ἵστησι
1542 271 1630 304 λόγον,
1648 270 1705 297 ἀλλ’
1723 269 1780 295 ἰδοῦ
1798 268 1832 304 δὴ

1035 315 1132 347 πάλιν,-
1148 315 1195 341 καὶ
1220 315 1282 341 καθ’
1297 315 1389 350 ἕτερον
1408 315 1507 346 αὐτοὺς
1523 315 1626 350 ὀνίνησι
1644 316 1755 350 τρόπον.
1774 314 1832 340 Καὶ

1033 359 1066 394 δὴ
1083 359 1213 394 μεθέντας
1234 359 1263 386 τὸ
1281 360 1427 394 ἄχρηστον,
1442 361 1487 386 καὶ
1500 361 1610 396 ἀπάσης
1627 361 1717 391 αὐτοῖς
1735 359 1832 386 ταλαι-

1035 405 1139 439 πωρίας
1156 405 1294 439 πρόξενον,
1308 405 1338 431 τὸ
1355 405 1395 431 ὄτι
1422 405 1539 440 μάλιστα
1562 406 1683 440 πεφυκὸς
1698 406 1828 441 ὠφελεῖν,

1033 449 1190 476 ἀνθελέσθαι
1203 449 1319 482 κελεύει,
1329 449 1459 484 γηπόνοις
1471 451 1499 476 ἐν
1509 450 1567 484 ἴσῳ,
1581 459 1590 475 ι
1602 450 1770 485 Σπείροντας
1780 450 1829 484 μὲν

1033 495 1073 526 εις
1084 494 1267 530 δικαιοσύνην,
1280 495 1438 529 τρυγῶντας
1449 495 1477 522 δὲ
1493 495 1539 522 καὶ
1555 497 1594 528 εές
1606 497 1712 532 καρπὸν
1725 497 1809 531 ζωῆς.
1819 506 1827 522 ι

1039 540 1084 570 Ὠς
1101 541 1154 575 γὰρ
1171 541 1186 567 ὁ
1201 541 1335 576 μακάριος
1350 542 1451 576 γράφει
1467 541 1581 574 Παῦλος,
1599 551 1608 568 ι
1627 544 1659 568 Ὃ
1679 543 1712 569 ἂν
1728 542 1830 578 σπείρῃ

1034 586 1187 621 ἄνθρωπος,
1197 586 1277 612 τοῦτο
1289 587 1335 612 καὶ
1348 586 1450 621 θερίσει
1459 595 1466 601 ·
1480 596 1489 612 ι
1501 587 1558 620 καὶ,
1574 596 1584 612 ι
1602 588 1631 614 ’0
1645 588 1694 623 μὲν
1708 589 1830 623 σπείρων

1035 631 1134 666 φαῦλα,
1151 632 1253 666 θερίσει
1269 631 1353 663 κακὰ,
1368 642 1377 657 ι
1395 631 1466 658 κατὰ
1481 632 1513 658 τὸ
1527 634 1732 668 γεγραμμένον.
1753 634 1783 659 Ὀ
1801 633 1829 660 δὲ

1033 677 1084 712 τῆς
1099 677 1271 712 δικαιοσύνης
1285 677 1414 712 ἐργάτης,
1433 678 1568 712 σωτηρίας
1582 678 1659 705 ἔσται
1688 679 1737 705 καὶ
1755 678 1828 712 ζωῆς

1034 723 1171 759 ἔμπλεως,
1189 723 1313 758 λαμπρὸς
1339 724 1386 750 καὶ
1402 722 1595 758 ἁξιοζήλωτος,
1612 724 1658 750 καὶ
1673 722 1746 751 οἶνον
1764 725 1830 750 ἁπο-

1034 769 1190 804 τρυγήσει,‹
1205 769 1256 795 Τὸν
1271 769 1450 804 εὐφραίνοντα
1464 769 1578 804 καρδίαν
1593 770 1767 806 ἀνθρώπου.»
1783 771 1829 796 Δεῖ

1033 814 1062 841 δὲ
1086 814 1153 850 πρὸς
1169 814 1256 850 τούτῳ
1271 815 1334 847 τοὺς
1354 815 1495 847 ἐθέλοντας
1518 815 1683 851 εὐδοκιμεῖν,
1703 817 1744 847 εἰς
1764 816 1827 842 νοῦν

1035 859 1081 886 καὶ
1098 859 1210 896 καρδίαν
1226 860 1257 886 τὺ
1273 861 1322 895 τῆς
1344 860 1460 896 ἀληθοῦς
1481 860 1608 895 γνώσεως
1629 861 1826 893 εἰσοικίζεσθαι

195 903 262 930 bene
278 904 413 931 seminare
433 904 459 931 in
471 905 576 938 justitia
593 925 600 937 ,
626 911 654 933 et
682 907 846 936 vindemiare
863 909 977 936 fructum

1033 905 1100 940 φῶς,
1113 906 1162 932 οὐκ
1178 905 1293 940 ἑχόντων
1308 906 1374 932 αὐτὸ
1385 906 1438 933 τῶν
1450 907 1675 942 προσκυνούντων
1688 908 1723 943 τῇ
1738 907 1826 933 κτίσει

194 948 265 981 vitae,
280 954 306 976 ct
321 949 492 983 splendidum
511 951 630 978 scicntia:
645 951 736 979 lumen
753 953 903 989 suscipere,
922 955 981 990 ipse

193 992 280 1025 docet,
299 993 485 1027 subjungcns:
505 1004 513 1020 ι
532 994 649 1028 Quaerite
662 995 805 1024 Dominum
828 999 913 1026 donec
937 1007 982 1027 νε·

193 1037 270 1064 niant
285 1037 363 1065 vobis
378 1038 468 1073 fruges
484 1038 606 1072 justitize.
634 1049 644 1066 ›
669 1041 836 1073 ριιπιθιιιίιιε
857 1049 947 1071 autem
963 1051 978 1071 a

194 1081 271 1108 nobis
284 1080 354 1109 Deus
370 1087 422 1115 est,
439 1091 490 1111 non
506 1085 655 1112 secundum
672 1086 772 1118 locum,
784 1089 856 1122 quod
877 1088 979 1116 fatuum

193 1125 273 1158 foret,
291 1127 507 1161 quandoquidem
521 1128 640 1156 divinum
657 1137 756 1158 numen
775 1131 835 1167 loco
849 1140 901 1160 non
916 1140 980 1161 con-

193 1171 313 1205 tinetur;
335 1173 381 1200 sed
401 1178 430 1200 ut
446 1173 472 1200 in
490 1173 633 1203 aﬂ‘ectione
655 1176 762 1209 animae,
792 1183 819 1205 et
840 1178 981 1207 alacritate

192 1215 291 1243 mentis
306 1217 338 1243 ad
356 1217 444 1244 omnia
460 1218 498 1245 illi
520 1224 596 1254 grata
623 1221 771 1254 inclinatas,
798 1227 825 1250 et
838 1224 978 1252 conscien-

190 1260 257 1286 tiam
272 1257 382 1295 rectam,
403 1267 430 1290 et
445 1263 567 1297 nitidam,
582 1270 609 1292 ct
624 1266 658 1293 ab
673 1267 746 1294 Omni
762 1269 974 1303 reprehensione

193 1307 306 1334 alienam
323 1310 479 1342 spectantis.
495 1310 542 1338 Sic
561 1312 633 1338 enim
657 1319 689 1339 eo
717 1313 837 1347 invento,
863 1315 978 1343 aliorum

192 1358 298 1386 quoque
309 1353 438 1380 bonorum
451 1355 632 1389 acquisitione
641 1357 817 1386 ditescemus.
833 1359 874 1386 An
885 1367 978 1388 verum

193 1403 245 1422 non
259 1401 302 1423 cst
312 1399 383 1431 quod
400 1398 438 1425 ait
453 1399 576 1427 Christus
594 1409 600 1426 :
617 1409 626 1426 t
644 1401 709 1430 Sine
723 1410 765 1430 me
784 1404 850 1432 nihil
866 1407 978 1439 potestis

193 1440 282 1468 facere
293 1442 318 1470 ³1
336 1451 345 1468 ν
364 1442 417 1470 Sed
431 1444 464 1472 de
478 1445 529 1472 hoc
539 1445 612 1473 nullo
629 1448 708 1475 modo
723 1449 858 1483 dubitant,
870 1452 978 1486 opinor,

194 1486 219 1512 in
231 1488 328 1521 quibus
339 1496 431 1516 verum
444 1490 511 1517 inest
520 1490 662 1524 judicium.
678 1493 741 1522 lltec
753 1495 823 1522 enim
835 1505 895 1524 cum
910 1498 976 1532 Deo,

193 1537 220 1559 et
245 1540 293 1567 per
309 1533 404 1567 Deum,
417 1539 444 1562 et
458 1543 472 1562 a
490 1536 543 1564 Deo
560 1539 648 1566 omnis
661 1539 723 1567 boni
748 1542 883 1574 possessio
900 1543 977 1571 nobis

191 1582 243 1604 cst.
254 1577 364 1610 ,Dixerit
384 1584 472 1607 tamen
491 1589 543 1608 non
571 1583 640 1610 male
664 1584 799 1619 quispiam
817 1607 824 1619 ,
850 1595 900 1614 non
930 1595 976 1616 so-
990 1572 1011 1601 ο

193 1623 247 1649 Ιιιιιι
268 1623 398 1652 idolorum
417 1626 575 1660 cultoribus,
602 1637 611 1654 ι
629 1629 764 1657 scminate
784 1631 861 1659 vobis
873 1632 901 1660 in
932 1633 977 1668 ju-

193 1668 294 1699 stitian
309 1674 335 1696 et
345 1677 405 1704 qua
417 1676 567 1706 sequuntur
581 1681 588 1705 ;
603 1675 650 1701 sed
667 1675 749 1702 etiam
768 1683 783 1702 a
802 1677 907 1704 sincera
926 1679 978 1708 fide

195 1716 390 1750 refugientibus
404 1724 465 1750 ,ιοι
480 1720 622 1754 spiritibus
641 1723 742 1750 erroris
766 1725 976 1759 tit-tendentibus,

194 1762 220 1788 in
241 1762 375 1797 hypocrisi
393 1764 587 1793 dtemoniorum
602 1787 608 1799 ,
635 1772 661 1794 et
682 1770 858 1797 cauteriatam
875 1771 978 1799 haben-

194 1808 266 1834 tibus
294 1809 524 1838 conseicntiam‘.
551 1821 560 1837 ι
592 1811 626 1839 Ut
656 1814 738 1848 igitur
762 1816 978 1850 sapientissimus

193 1851 291 1880 I‘aulus
304 1854 408 1886 scribit,
434 1855 460 1882 Ιιί
483 1857 622 1884 scminant
636 1859 756 1893 quidem,
770 1861 871 1889 sciendi
894 1864 977 1897 proli-

192 1897 334 1933 ciendique
355 1899 492 1928 laboribus
520 1902 642 1936 impense
665 1905 769 1938 dediti;
792 1913 977 1936 verumtamen

191 1951 244 1971 non
260 1944 287 1972 in
299 1944 422 1978 justitia,‘
437 1948 484 1974 sed
503 1947 529 1974 in
551 1949 694 1983 iniquitate
709 1956 736 1979 et
750 1952 886 1987 impietate
900 1975 907 1988 ,
934 1962 976 1982 se~

191 1989 320 2017 (lucentes
348 1996 374 2018 et
394 1992 517 2025 seducti,
545 2003 555 2020 ι
583 1999 611 2021 et
633 1997 816 2030 percutientes
842 1999 975 2028 infirmam

191 2035 384 2063 conscientiam
403 2037 528 2070 fratrum,
546 2047 594 2073 pro
605 2041 703 2074 quibus
713 2042 840 2070 Christus
854 2051 977 2074 mortuus

191 2085 232 2108 cst
250 2081 271 2108 ‘.
299 2091 308 2107 I
327 2082 404 2118 153
428 2083 600 2112 Vindemianl
628 2086 708 2120 igitur
730 2097 781 2115 non
803 2090 836 2117 ad
855 2090 972 2119 fructum

190 2127 252 2154 vitm
269 2127 413 2162 aliquando
429 2149 436 2160 ,
453 2129 499 2156 scd
524 2137 630 2164 poenam
647 2136 675 2158 et
698 2133 841 2167 judicium.
875 2136 976 2169 Quam-

190 2175 286 2201 obrem
307 2175 415 2202 diccbat
429 2175 554 2204 Christus
577 2185 584 2202 :
603 2186 612 2203 ι
628 2177 787 2214 Quicunque
807 2182 974 2210 scandaliza-

1032 951 1106 986 παρὰ
1127 951 1172 978 τὸν
1189 951 1327 978 κτίσαντα.
1350 951 1412 983 Πῶς
1425 952 1447 978 δ’
1460 952 1493 978 ἂν
1508 953 1612 986 γένοιτο
1628 952 1717 984 καλῶς
1733 953 1765 978 τὸ
1781 952 1826 978 δύ-

1030 997 1127 1024 νασθαι
1152 997 1274 1033 σπείρειν
1292 1000 1332 1029 εἰς
1346 998 1530 1031 δικαιοσύνην,
1553 998 1598 1024 καὶ
1618 998 1672 1034 μὴν
1688 999 1735 1024 καὶ
1756 999 1825 1024 ἁπο-

1029 1045 1140 1078 τρυγεῐν
1154 1045 1194 1075 εἰς
1208 1043 1313 1078 καρπὸν
1330 1044 1411 1078 ζωῆς,
1429 1044 1476 1070 καὶ
1490 1044 1522 1071 τὸ
1540 1043 1668 1079 λαμπρὸν
1688 1043 1737 1078 τῆς
1755 1043 1817 1077 γνώ

1031 1099 1099 1122 duo;
1119 1089 1286 1125 εεσδὲχεσθαι
1303 1090 1377 1124 φῶς,
1394 1089 1475 1121 αὐτὸς
1492 1088 1625 1121 ὑπέδειξε,
1651 1089 1823 1124 προστιθεῖς·

1032 1145 1041 1162 ι
1057 1137 1195 1171 Ζητὴσατε
1219 1136 1264 1163 τὸν
1281 1136 1382 1171 Κύριον
1403 1137 1454 1168 ἕως
1468 1134 1498 1163 οῦ
1513 1136 1577 1171 ἔλθη
1600 1136 1759 1170 γεννήματα
1784 1135 1823 1162 δι⁴

1029 1181 1175 1216 καιοσύνης
1198 1181 1271 1216 ὑμῖν.
1289 1190 1298 1206 ι
1325 1181 1438 1216 Ζητοῖτο
1453 1180 1475 1207 δ’
1495 1180 1528 1206 ἂν
1551 1180 1617 1216 πρὸς
1641 1179 1720 1214 ἡμῶν
1736 1180 1802 1211 Θεὸς
1815 1199 1822 1211 ,

1028 1227 1088 1261 οὐχὶ
1101 1227 1229 1258 τοπικῶς.
1245 1225 1329 1252 Τοῦτο
1343 1226 1397 1261 γὰρ
1409 1226 1520 1260 εῦηθες’
1535 1226 1596 1252 ἐπεὶ
1613 1225 1650 1260 μὴ
1662 1226 1690 1251 ἑν
1704 1226 1781 1259 τόπῳ
1794 1226 1824 1251 τ’)

1029 1272 1115 1299 Θεῖον·
1136 1272 1193 1299 ἀλλ’
1209 1272 1246 1303 ὡς
1267 1273 1296 1298 ὲν
1317 1271 1436 1298 διαθέσει
1451 1271 1556 1306 ψυχῆς,
1580 1272 1627 1297 καὶ
1648 1270 1695 1296 νοῦ
1719 1271 1822 1306 προθυ-

1031 1318 1120 1352 μίαις,
1138 1319 1177 1348 εἰς
1194 1318 1248 1345 πᾶν
1266 1317 1356 1344 ὁτιοῦν
1371 1317 1424 1344 τῶν
1445 1317 1617 1352 ἀρεσκόντων
1639 1317 1714 1351 αὐτῷ
1734 1317 1822 1343 διανε-

1028 1363 1168 1396 νευκότος,
1191 1364 1237 1390 καὶ
1259 1364 1298 1394 εἱς
1312 1363 1414 1398 εἴδησιν
1435 1363 1577 1398 βλέποντος
1606 1363 1688 1398 ὀρθὴν
1708 1363 1756 1389 καὶ
1775 1363 1824 1389 ἀτι-

1028 1409 1186 1444 εξεσμένην,
1212 1412 1259 1436 καὶ
1282 1409 1430 1444 οὐδαμόθεν
1455 1409 1568 1443 ἔχουσαν
1589 1409 1620 1435 τὺ
1643 1408 1822 1443 ἐπιτιμᾶσθαι

1028 1455 1090 1481 δεῖν.
1107 1455 1238 1491 Εὗρόντες
1253 1455 1307 1489 γὰρ
1321 1455 1406 1486 οὕτως
1421 1454 1511 1486 αὑτὸν,
1527 1455 1574 1481 καὶ
1587 1454 1635 1489 τὴν
1649 1454 1704 1480 τῶν
1720 1454 1824 1489 ἐτέρων

1028 1500 1139 1534 ἀγαθῶν
1156 1499 1414 1535 καταπλουτήσομεν
1437 1499 1542 1533 κτῆσιν.
1564 1500 1599 1526 Ἦ
1618 1499 1668 1526 οὐκ
1695 1499 1822 1534 ἀληθεύει

1029 1546 1154 1581 Χριστὸς,
1169 1546 1232 1572 ὅταν
1245 1545 1321 1580 λέγῃ,
1341 1554 1350 1570 ι
1365 1545 1455 1580 Χωρὶς
1470 1545 1537 1580 ἐμοῦ
1554 1545 1584 1571 οὑ
1602 1545 1716 1572 δύνασθε
1735 1547 1822 1571 ποιεῖν

1028 1593 1141 1625 οὺδέν;›
1167 1591 1235 1617 Ἀλλ’
1249 1591 1332 1622 ἔστιν,
1348 1588 1439 1626 οἶμαι,
1457 1591 1532 1616 τουτὶ
1552 1592 1607 1622 τοῖς
1632 1591 1699 1626 ὀρθὰ
1715 1593 1822 1626 (pf/ovet»:

1028 1638 1152 1664 εἰωθόσιν
1165 1637 1313 1672 οὐδαμόθεν
1325 1636 1483 1671 ἀμψῐϐολον.
1498 1636 1600 1670 Κτῆσις
1611 1637 1665 1672 γὰρ
1676 1637 1741 1672 ἡμῖν
1753 1638 1821 1672 αὕτη

1029 1683 1127 1714 παντὸς
1144 1682 1246 1716 ἀγαθοῦ
1265 1682 1333 1717 μετὰ
1353 1681 1431 1713 θεοῦ,
1455 1682 1499 1708 καὶ
1521 1681 1564 1708 διὰ
1580 1682 1658 1715 Θεοῦ,
1679 1682 1726 1708 καὶ
1746 1683 1822 1716 παρὰ

1027 1727 1104 1754 θεοῦ.
1120 1727 1198 1754 Εἴποι
1212 1727 1234 1753 δ’
1247 1727 1279 1753 ἄν
1294 1735 1344 1758 τις,
1362 1726 1407 1753 καὶ
1428 1727 1499 1761 μάλα
1516 1727 1639 1759 εἰκότως,
1654 1728 1715 1761 οὐχ).
1731 1727 1821 1762 μόνοις

1027 1775 1083 1805 τοῖς
1096 1773 1149 1800 τῶν
1165 1773 1281 1799 εἰδώλων
1296 1773 1491 1807 θεραπευταῖς,
1514 1774 1553 1805 ea,
1573 1782 1582 1798 ι
1598 1773 1729 1807 Σπείρατε
1756 1774 1821 1799 ἑαυ-

1028 1821 1083 1850 τοῖς
1105 1820 1144 1850 εἰς
1164 1819 1346 1852 δικαιοσύνην,
1358 1827 1366 1843 ι
1387 1818 1434 1844 καὶ
1450 1818 1483 1844 τὰ
1503 1818 1605 1849 τούτοις
1624 1818 1737 1851 ἑφεξῆς,
1755 1818 1821 1844 ἀλλὰ

1029 1864 1081 1900 γὰρ
1095 1865 1140 1890 καὶ
1155 1865 1211 1895 τοῖς
1224 1863 1274 1898 τῆς
1287 1863 1370 1897 ὀρθῆς
1387 1862 1504 1894 πίστεως
1518 1863 1820 1897 ἀποτρέχουσιιιῐιροσ-

1029 1911 1164 1945 κειμένοις
1186 1910 1215 1936 δὲ
1237 1909 1336 1944 μᾶλλον
1352 1909 1486 1943 πνεύμασι
1509 1909 1620 1942 πλάνης,
1637 1909 1665 1934 ὲν
1679 1909 1820 1943 ὑποκρίσει

1027 1956 1183 1991 δαιμονίων,
1200 1954 1479 1990 κεκαυτηριασμένοις
1497 1954 1545 1988 τὴν
1567 1953 1728 1988 συνείδησιν.
1746 1962 1755 1978 ν
1779 1954 1820 1984 Ὧς

1028 2002 1092 2036 γοῦν
1113 2002 1128 2028 ὁ
1152 2001 1306 2035 σοφώτατος
1323 2002 1423 2036 γράφει
1443 2000 1563 2032 Παῦλος,
1585 1997 1658 2026 οὗτοι
1678 2000 1820 2035 σπείρουσι

1029 2048 1078 2083 μὲν
1089 2048 1143 2078 τοῖς
1156 2048 1194 2078 εἱς
1208 2047 1308 2081 γνῶσιν
1319 2048 1365 2073 καὶ
1377 2046 1554 2080 φιλομάθειαν
1567 2046 1737 2080 ἐγκείμενοι·
1752 2045 1820 2081 πλὴν

1027 2094 1076 2120 οὐκ
1091 2094 1130 2124 εἰς
1144 2093 1212 2128 ἔργα
1233 2093 1414 2128 δικαιοσύνης,
1429 2093 1485 2119 ἀλλ’
1501 2093 1540 2123 εἰς
1556 2092 1663 2119 ἀδικίαν
1693 2093 1738 2118 καὶ
1757 2093 1820 2129 d3;-

1028 2139 1113 2170 ϐειαν,
1133 2138 1286 2170 πλανῶντες
1311 2138 1356 2165 καὶ
1378 2138 1557 2173 πλανώμενοι,
1577 2147 1585 2163 ι
1600 2138 1656 2164 Καὶ
1672 2137 1819 2168 τύπτοντες

1027 2183 1191 2210 ἀσθενοῦσαν
1215 2184 1263 2220 τὴν
1286 2184 1437 2218 συνείδησιν
1459 2183 1512 2210 τῶν
1533 2183 1667 2217 ἀδελφῶν,
1687 2183 1759 2218 ὑπὲρ
1783 2180 1819 2208 ὧν

190 2220 262 2247 verit
279 2222 362 2246 unum
388 2221 420 2248 de
449 2221 552 2255 pusillis
578 2223 638 2251 istis
664 2224 690 2251 in
713 2232 756 2253 me
780 2227 973 2262 credentibus,

1032 2230 1144 2264 Χριστὸς
1165 2230 1312 2256 ἀπέθανε.)
1331 2229 1456 2263 Τρυγῶσι
1479 2229 1510 2264 δὴ
1531 2227 1578 2255 οἷν
1593 2229 1642 2255 οὐκ
1660 2230 1699 2259 εἰς
1714 2228 1820 2263 καρπὸν

190 2265 299 2298 expedit
319 2265 343 2292 ei
372 2270 401 2292 ut
416 2266 597 2300 suspendatur
624 2269 694 2296 mola
717 2271 835 2298 asinaria
858 2272 884 2300 in
907 2274 975 2302 collo

190 2310 257 2344 ejus,
272 2315 298 2337 ct
311 2311 483 2346 demergatur
497 2312 522 2339 in
540 2313 702 2347 profundum
719 2317 803 2345 maris
817 2318 838 2344 ⁸.
875 2328 883 2345 ι
910 2320 976 2348 Dili-

191 2359 255 2389 gant
278 2355 359 2389 igitur
379 2356 532 2389 veritatem,
548 2357 599 2384 hoc
613 2363 664 2390 est,
690 2359 754 2387 illud
775 2362 916 2396 sapientia:
935 2364 975 2392 Ιιι-

191 2407 263 2426 men.
285 2399 322 2426 lta
335 2401 465 2435 qumritur
485 2402 565 2429 Deus.
593 2403 660 2431 llinc
677 2405 730 2433 illis
744 2406 848 2436 fructus
860 2408 975 2442 justitia:

190 2445 313 2472 orientur
328 2446 353 2472 in
367 2446 460 2473 vitam.
478 2447 695 2477 Vindemiabitur
709 2451 789 2479 etiam
799 2453 901 2488 vinum,
920 2464 973 2485 non

189 2488 300 2522 quidem
315 2496 488 2524 corporeum,
505 2492 552 2519 sed
567 2494 637 2526 quod
656 2494 832 2531 intelligentia
841 2501 972 2536 cernitur,

191 2538 218 2560 et
232 2541 280 2568 per
291 2534 428 2569 spiritum,
444 2537 515 2571 quod
527 2538 608 2565 etiam
621 2547 668 2566 cor
685 2545 712 2568 et
729 2534 974 2575 animumbominis

189 2578 319 2608 hetiiicat.
960 2588 964 2591 '

188 2625 396 2676 Τρυγηθήσεται
417 2627 445 2654 δὲ
460 2628 505 2654 καὶ
520 2626 599 2662 οἶνος,
613 2631 642 2658 οὐ
658 2615 823 2668 σωματικὸς,
842 2638 936 2672 νοητὸς
951 2639 979 2668 δὲ
999 2650 1017 2676 μ

191 2672 238 2698 καὶ
254 2671 325 2699 νοῦν.

229 2717 307 2745 Vens.
325 2719 364 2746 i5.
387 2721 455 2753 Quid
472 2723 588 2750 {natiuis
603 2725 769 2762 impielalcm,
787 2736 809 2757 et
823 2732 970 2766 iniquitates

1026 2277 1097 2311 ζωῆς
1111 2277 1202 2307 ποθεν,
1217 2276 1273 2301 ἀλλ’
1285 2277 1324 2307 εἰς
1338 2275 1447 2302 κόλασίν
1460 2284 1488 2300 τε
1512 2275 1558 2301 καὶ
1573 2274 1671 2310 κρίσιν.
1686 2275 1741 2300 Καὶ
1756 2273 1819 2308 γοῦν

1025 2322 1143 2356 ἔφασκεν
1155 2321 1169 2346 δ
1184 2320 1311 2355 Χριστὸς,
1325 2320 1365 2346 ὅτι
1383 2329 1392 2346 ι
1409 2320 1455 2351 Ὃς
1471 2320 1504 2346 ἂν
1524 2319 1688 2354 σκανδαλίσῃ
1705 2319 1752 2345 ἕνα
1767 2319 1820 2345 τῶν

1027 2367 1131 2402 μικρῶν
1149 2366 1251 2392 τούτων
1271 2365 1325 2392 τῶν
1346 2365 1527 2392 πιστευόντων
1542 2365 1582 2396 εἰς
1600 2365 1660 2400 ἐμὲ,
1682 2365 1817 2400 συμφέρει

1029 2412 1113 2447 αὐτῷ,
1127 2412 1170 2438 ἵνα
1184 2411 1326 2447 κρεμασθῇ
1341 2411 1430 2442 ὀνικὸς
1447 2411 1527 2446 μύλος
1543 2411 1605 2446 περὶ
1623 2411 1668 2437 τὸν
1684 2410 1817 2446 τράχηλον

1028 2458 1120 2490 αὐτοῦ,
1141 2458 1186 2484 καὶ
1205 2457 1404 2492 καταποντισθῇ
1421 2458 1450 2483 ἐν
1466 2457 1504 2492 τῷ
1519 2457 1631 2490 πελάγει
1655 2457 1703 2492 τῆς
1718 2456 1818 2483 θαλασ-

1019 2504 1216 2536 σης.ιοὑκοῦν,
1235 2504 1420 2538 ἀγαπάτωσαν
1434 2503 1482 2538 τὴν
1504 2503 1641 2539 ἀλήθειαν,
1663 2504 1742 2530 τοῦτο
1762 2504 1818 2530 ἐστι

1027 2552 1057 2576 τδ
1069 2550 1117 2584 τῆς
1135 2549 1260 2583 γνώσεως
1275 2549 1341 2582 φῶς.
1354 2549 1431 2574 Οὕτω
1451 2549 1570 2583 ζητεῖται
1586 2548 1661 2579 Θεός.
1679 2548 1818 2575 Ἐντεῦθεν

1026 2597 1115 2627 αὐτοῖς
1129 2595 1230 2630 καρποὶ
1245 2594 1293 2629 μὲν
1307 2593 1477 2629 δικαιοσύνης
1492 2594 1665 2620 ἀνατελοῦσιν
1678 2595 1718 2626 εἰς
1735 2594 1815 2628 ζωήν.

1020 2642 1107 2675 ἄλλον,
1137 2641 1183 2668 καὶ
1195 2640 1238 2667 διὰ
1271 2632 1434 2672 πνεύματος,
1448 2640 1477 2672 ὃς
1492 2641 1538 2667 καὶ
1551 2640 1664 2675 καρδίαν
1679 2639 1817 2674 εὐφραίνει

1062 2734 1128 2761 'It'a
1150 2733 1176 2759 τί
1193 2731 1442 2767 πιιρεσιωπιξινατε
1457 2731 1608 2762 ἀσέϐειαν,
1625 2731 1674 2758 καὶ
1688 2731 1740 2764 τὰς
1755 2731 1815 2760 ἀδιο

226 2819 248 2833 ν*
261 2818 399 2863 (liplat..\'_t:
414 2822 448 2863 8.¹
478 2822 498 2836 '-"~'
513 2821 590 2863 Prov:
606 2832 670 2858 uti,
686 2828 709 2853 3.
752 2828 852 2856 ‘lictli.
870 2837 912 2862 λι,
928 2831 969 2858 20.

1031 2831 1109 2858 lioat.
1126 2839 1145 2863 ι,
1163 2832 1203 2859 ἐξ).
1243 2830 1338 2858 31min.
1360 2838 1403 2863 xv,
1421 2831 1446 2858 ὃ.
1487 2830 1496 2845 ί
1510 2830 1519 2857 l
1533 2828 1601 2856 Tim.
1618 2836 1653 2862 μ’,
1665 2829 1692 2856 ‘2.
1733 2830 1815 2859 “Cur.

193 2861 249 2887 wn,
267 2853 306 2881 Il.
354 2855 363 2871 ⁸
376 2855 468 2883 Manli.
484 2864 558 2890 xvm,
572 2856 597 2884 6,
