1919 3042
94 135 144 163 9.57

556 138 829 168 COMMENTARIUS
847 140 879 167 IN
900 141 1013 168 OSI-ZAM
1034 141 1258 169 PROI'HETAM.

1670 144 1722 171 258

95 193 160 225 πίας
176 191 271 226 αὐτῆς
284 193 485 229 ἐτρυγήσιιτε;
503 195 639 231 Ἐφάγετε
650 197 766 231 καρπὸν
778 198 874 232 ψευδῆ

939 199 995 233 ejus
1021 201 1216 227 t'itidentiastix?
1241 199 1396 226 Comedistis
1417 199 1533 234 fructum
1556 199 1720 232 mendacem,

97 237 137 264 ι”τι
161 238 296 272 ἤλπισας
315 240 350 266 ἐν
372 240 433 273 τοῖς
447 241 638 276 ἁμαρτήμασι
649 249 718 274 σου,
733 244 767 270 ὲν
780 244 885 277 πλήθει

94 283 245 318 δυνάμεώς
257 291 327 316 σου,
339 285 389 312 καὶ
402 286 640 322 sfw-auriﬁcem:
655 288 788 315 ἀπώλεια
800 290 834 316 ὲν
847 289 887 322 τῷ

94 328 156 360 λαῷ
166 337 235 361 σου,
252 330 302 357 καὶ
320 330 420 358 πάντα
434 331 469 359 τὰ
485 333 756 368 περιτετειχισμένα
771 341 828 362 σου
843 336 885 362 ol-

93 373 218 408 χήσεται
223 395 229 401 .

126 420 215 447 PKB’.
235 421 362 448 Αἰτιᾶται
376 422 467 455 πάλιν,
480 422 517 454 ὡς
533 423 587 450 ἀπό
603 432 635 458 γε
648 424 696 459 τῆς
712 425 752 456 εἰς
766 425 797 451 τὺ
813 425 884 460 φαῦ-

83 465 136 491 -λον
155 466 251 501 ἡδονῆς
266 468 310 501 ἐφ’
322 465 364 499 οἷς
385 468 486 502 ἥκιστα
505 469 590 505 ἐχρῆν
611 472 776 506 κατηρεμεῖν
791 472 885 506 ἑλομέ-

93 521 163 544 νους,
184 513 356 540 ἀΰουλότατά
370 522 399 540 τε
415 515 605 550 σεσιγηκότας,
617 517 659 550 ἐφ’
671 513 711 548 οἷς
723 515 756 552 ἦν
769 517 840 549 εἰκὸς
853 518 884 544 οὐ

93 558 211 593 μετρίως
227 558 371 586 λυπεῖσθαι
388 560 464 586 Θεόν.
481 561 545 587 Δέον
559 561 624 596 γὰρ,
639 562 715 596 φησὶ,
729 563 810 589 παντὶ
823 563 881 590 σθέ-

92 604 340 640 νειδιωθουμένους
351 605 401 640 τὴν
414 606 454 637 εὶς
469 606 519 641 ἐμὲ
533 606 704 640 δυσσέϐειαν,
720 609 776 639 τοῖς
790 608 824 634 τὰ
840 610 883 635 αι-

92 649 159 684 σχρὰ
171 649 387 684 συμϐουλεύουσι
401 652 540 687 ἐπιτιμᾷν,
556 651 634 678 τοῦτό
656 661 685 679 τε
710 652 832 688 δρῶντας
854 654 884 681 ἐν

91 696 169 721 παντὶ
187 697 316 730 γενέσθαι
332 697 419 732 καλῷ,
434 698 608 732 σεσιγήκασι,
625 698 805 734 παρεδέξαντο
821 701 882 732 τοὺς

89 740 136 774 τῆς
161 741 324 776 πλανήσεως
348 743 475 777 τρόπους*
491 744 540 771 οὐκ
564 743 598 780 ἦν
622 746 651 772 ἐν
677 746 768 778 αὐτοῖς
790 748 804 773 6
826 749 882 780 τοῖς

89 786 176 812 ἐκεῖνα
192 787 401 822 καινοτομοῦσιν
417 789 602 826 ἀνθεστηκὼς,
617 791 667 817 οὐκ
684 792 830 824 ἀντιτιθεὶς
847 793 881 819 τὰ

87 831 118 857 ἐκ
141 832 238 866 νόμου,
255 833 302 859 καὶ
325 833 366 865 είς
391 834 544 870 ἀνάμνησιν
565 836 711 872 ἀποφέρων
727 837 781 863 τῶν
804 838 881 864 τεθε-

937 244 999 278 quia
1012 245 1122 278 sperasti
1137 246 1163 271 in
1177 245 1292 272 turribus
1308 245 1371 278 tuis,
1389 246 1415 271 in
1432 245 1602 271 multitudine
1616 244 1723 279 fortitu-

937 290 1005 316 dinis
1027 295 1089 318 tum.
1112 290 1144 317 Et
1165 296 1300 325 consurget
1317 291 1431 326 perditio
1455 292 1482 318 in
1504 290 1599 326 populo
1619 295 1676 324 tuo,
1697 295 1722 318 et

938 336 1028 362 omnia
1048 341 1153 363 murata
1170 341 1215 363 tua
1233 336 1353 370 peribunt

971 423 1074 452 CXXII.
1100 423 1199 451 lterum
1215 431 1261 452 eos
1276 425 1400 460 castigat,
1413 426 1498 460 utqui
1513 432 1569 459 prec
1583 425 1722 460 voluptate

936 469 999 497 mali
1014 470 1167 504 quieverint
1188 469 1213 497 in
1228 470 1326 504 quibus
1343 470 1452 498 minimc
1470 472 1569 503 deruit,
1585 471 1722 498 inconsul-

936 516 1094 550 tissimequc
1113 515 1288 543 tacuerint-in
1305 515 1358 547 his,
1376 520 1485 549 propter
1499 523 1557 549 qua:
1570 515 1653 543 Deum
1666 524 1720 544 non

935 560 1110 588 mediocriter
1136 560 1217 587 irasci
1247 565 1458 587 consentaneum
1486 561 1545 588 fuit.
1571 561 1637 590 Nam
1659 571 1720 590 cum

934 606 1110 640 oportuisset,
1128 605 1227 639 inquit,
1246 605 1309 632 totis
1323 605 1426 632 viribus
1444 606 1586 641 profligare
1600 608 1720 642 impieta-

935 654 988 677 tem
1008 650 1153 678 adversum
1177 657 1230 682 me,
1250 654 1276 676 et
1298 650 1386 684 turpia
1405 651 1549 678 suadentes
1572 651 1720 686 increpare,

933 700 960 723 et
982 696 1018 723 ita
1044 695 1096 723 frui
1118 695 1195 723 bonis
1216 696 1352 727 omnibus,
1379 699 1532 727 tacuerunt,
1547 697 1720 725 seductiones

934 741 1110 774 admiserunt,
1131 749 1182 768 non
1198 746 1258 768 erat
1273 742 1344 769 inter
1366 749 1425 773 eos.
1440 742 1486 776 qui
1505 741 1549 769 illa
1572 750 1642 769 nova
1665 750 1721 770 mo-

932 787 1059 814 lientibus
1085 788 1235 820 resisteret,
1264 795 1316 814 non
1337 787 1382 822 qui
1409 787 1495 824 legem
1515 792 1674 822 opponeret,
1695 793 1722 816 et

932 834 965 860 ad
981 834 1197 861 recordationem
1215 834 1344 861 divinitus
1360 839 1556 868 prmecptorum
1579 833 1720 862 excitaret.

87 877 255 912 σπισμένων.
271 878 428 914 Γέγραπται
451 881 516 916 γὰρ,
538 891 547 906 ι
563 881 620 908 Οὐκ
639 882 744 910 ἔσονταί
756 892 808 919 -σοι
824 884 877 910 θεοὶ

935 879 1071 914 Scriptum
1087 880 1184 915 quippe
1202 883 1311 907 exstat:
1331 889 1341 905 ι
1361 879 1417 907 Non
1436 884 1515 906 erunt
1539 880 1586 906 tibi
1611 879 1648 906 dii
1675 879 1721 907 alii

85 924 172 958 ἕτεροι
196 924 268 960 πλὴν
279 925 359 959 ἐμοῦ.
371 934 380 950 ι
395 925 450 952 Καὶ
464 927 560 953 πάλινε
579 937 588 952 ‹
602 928 638 954 Οὐ
653 929 774 963 ποιήσεις
789 929 879 964 σαυτῷ

86 969 202 997 εἴδωλον.
220 979 229 995 ι
247 970 318 996 Ἀλλ’
327 970 416 1004 ὀλίγος
429 971 521 1003 αὐτοῖς
537 972 675 1004 παντελῶς
698 974 712 1000 6
731 975 795 1009 περὶ
815 974 878 1001 τού-

83 1024 135 1042 των
155 1013 190 1051 ἦν
207 1016 297 1050 λόγος.
314 1016 479 1052 Σεσιγήκασι
507 1018 572 1054 γὰρ,
588 1019 722 1054 τιμῶντες
743 1019 792 1054 τὴν
814 1021 878 1047 ἀσέ-

84 1061 169 1093 ϐειαν,
187 1062 326 1094 τουτέστι,
359 1062 408 1097 τὴν
430 1063 590 1090 ἀπόστασιν.
610 1065 724 1097 Οὐκοῦν,
749 1075 758 1090 ι
775 1066 877 1101 Τετρυ-

85 1108 184 1141 γήκασι
206 1107 271 1139 τοὺς
293 1108 344 1143 τῆς
364 1109 404 1140 εις
421 1108 502 1136 τοῦτο
517 1109 610 1137 λοιπὸν
622 1110 730 1142 ἀδικίας
743 1111 877 1147 καρπούς.

84 1152 290 1187 Κατεδηδὸκασι
307 1154 413 1188 καρπὸν
425 1154 519 1190 ψευδῆ,
534 1164 543 1181 ι
559 1156 708 1190 τουτέστιν,
721 1156 825 1192 ἀθρανῆ
849 1165 878 1182 τε

84 1199 128 1225 καὶ
144 1199 277 1233 ἀνόνητον
293 1200 427 1234 ἐσχήκασι
442 1201 492 1235 τὴν
510 1200 614 1229 ἐλπίδα.
632 1202 744 1238 Καρπὸς
760 1201 809 1237 μὲν
824 1203 878 1237 γὰρ

81 1243 94 1267 ὀ
110 1241 249 1276 ἀληθινὸς,
266 1243 281 1268 ὁ
296 1242 393 1274 σώζειν
416 1252 444 1270 τε
472 1245 519 1272 καὶ
544 1244 657 1279 ὠφελεῖν
681 1246 840 1281 δυνάμενος,
859 1248 876 1282 ἡ

82 1289 119 1319 εἰς
135 1288 203 1314 Θεὸν
218 1289 325 1324 ἀγάπη,
343 1290 389 1316 καὶ
409 1291 444 1317 τὰ
468 1291 517 1326 τῆς
532 1291 703 1327 δικαιοσύνης
720 1293 875 1328 αὐχήματα.

82 1334 196 1368 Καρπὸς
212 1334 240 1361 δὲ
257 1335 369 1370 ψευδὴς,
385 1337 399 1362 6
413 1337 462 1372 τῆς
477 1337 636 1370 δυσσεϐείας
657 1339 782 1369 νοοῖτ’,ἂν
805 1340 876 1366 εἰκό-

82 1387 147 1409 τως·
169 1379 297 1414 καταίρει
319 1380 374 1415 γὰρ
395 1381 504 1414 πάντως
525 1383 564 1414 εἰς
583 1383 660 1415 τέλος
680 1383 711 1410 τὸ
731 1383 875 1412 ἁπευκτόν.

82 1424 161 1456 Ποῖος
174 1423 222 1452 οὗν
238 1426 252 1452 6
266 1425 367 1462 ψευδὴς
380 1427 433 1462 ἄρα
449 1428 564 1464 καρπὸς,
580 1429 594 1455 6
611 1429 643 1455 ὲκ
658 1428 707 1463 τῆς
721 1429 877 1462 δυσσεϐεἱας

82 1471 174 1503 αὐτοῖς
198 1473 394 1507 γεγενημένος,
411 1474 568 1508 παρέδειξεν
591 1475 682 1507 εὐθύς.
705 1476 877 1510 Προσεπάγει

82 1518 144 1552 γὰρ,
161 1518 202 1544 ὅτι
222 1518 378 1550 «Ἤλπισας
401 1520 430 1545 ὲν
453 1521 508 1551 τοῖς
532 1520 636 1556 ἅρμασί
663 1529 720 1553 σου,
736 1522 765 1548 ὲν
781 1522 877 1557 πλήθει

81 1563 224 1598 δυνάμεώς
236 1572 284 1590 σου
294 1571 300 1578 ·
314 1565 362 1591 καὶ
372 1565 585 1601 ἐξαναστήσεται
597 1567 719 1594 ἀπώλεια
729 1567 757 1594 ὲν
769 1567 808 1603 τῷ
818 1567 874 1603 λαῷ

82 1617 138 1640 σου,
155 1609 203 1635 καὶ
219 1610 309 1637 πάντα
325 1610 360 1637 τὰ
375 1612 628 1648 περιτετειχισμένα
644 1622 690 1640 σου
705 1613 871 1648 οἰχήσεται.)

81 1655 287 1691 Δεδυσσέϐηκας
305 1656 356 1692 μὲν
378 1657 431 1693 γὰρ
447 1658 476 1684 οὐ
493 1658 621 1694 μετρίως,
639 1659 716 1694 φησὶ,
735 1659 823 1691 ξύλοις
845 1668 875 1686 τε

83 1700 127 1725 καὶ
142 1699 228 1731 λίθοις
243 1699 442 1736 λελατρευκὼς,
458 1702 503 1728 καὶ
524 1701 570 1728 τὸν
590 1701 638 1728 ἕνα
666 1703 712 1729 καὶ
734 1703 813 1737 φύσει
829 1705 877 1730 καὶ

82 1744 189 1778 ἀληθῶς
205 1745 344 1779 ἀτιμάσας
360 1745 436 1772 Θεόν.
450 1743 516 1772 Εἶτα
529 1747 576 1773 τοῦ
591 1747 709 1782 πολέμου
725 1749 877 1784 προηγγελ-

84 1790 174 1824 μένου,
192 1791 341 1826 βεϐηκότος
362 1791 390 1818 δὲ
414 1792 461 1818 καὶ
480 1792 569 1819 αὐτῶν
585 1793 650 1819 εἴσω
667 1793 768 1829 θυρῶν,
783 1795 812 1821 οὺ
827 1795 876 1830 τὴν

83 1839 143 1872 παρ’
158 1837 226 1872 ἐμοῦ
241 1838 343 1873 μᾶλλον
359 1837 464 1873 ἐζήτεις
478 1839 649 1874 ἐπικουρίαν,
661 1840 729 1867 ἀλλὰ
740 1841 800 1872 ταῖς
811 1842 875 1869 ἐαυ-

81 1884 132 1909 τῶν
148 1883 294 1918 δυνάμεσι,
311 1884 358 1910 καὶ
382 1884 419 1919 τῷ
434 1884 530 1919 πλήθει
545 1885 599 1911 τῶν
611 1886 743 1921 ἁρμάτων
759 1887 876 1923 ἐπεθαρ-

82 1930 197 1964 ςήσατε,
225 1930 272 1956 καὶ
298 1929 349 1965 τῆς
373 1929 427 1956 τῶν
453 1930 590 1966 πολεμίων
615 1931 706 1967 ἰσχύος
727 1934 874 1968 κρατήσειν

81 1975 299 2011 ὑπελαμϐάνετε,
326 1975 466 2012 ἀρκούσης
490 1977 554 2011 ὑμῖν
579 1978 618 2008 εἰς
643 1977 723 2004 τοῦτο
746 1977 795 2013 τῆς
820 1979 874 2004 τῶν

79 2020 266 2056 ψευδωνύμων
295 2021 364 2048 θεῶν
386 2021 492 2056 φειδοῦς
517 2022 564 2049 καὶ
587 2024 758 2058 ἐπικουρίας.
790 2024 874 2050 Τοῦτο

79 2069 141 2101 ὑμῖν
161 2068 310 2103 γενήσεται
330 2067 439 2103 καρπὸς
452 2068 562 2103 ψευδής.
579 2069 676 2095 Ἔσται
696 2069 750 2104 γὰρ
766 2069 874 2105 ὄλεθρος

891 1550 912 1579 C

932 929 1030 958 praeter
1052 925 1132 952 nte’:
1153 934 1162 950 ι
1180 929 1207 952 et
1233 932 1360 952 rursum:
1379 935 1387 950 t
1403 924 1461 951 Non
1481 924 1564 952 facies
1589 925 1635 952 tibi
1663 925 1721 952 ido—

932 969 986 996 lum
997 969 1017 995 ⁸.
1038 979 1046 995 ι
1067 969 1120 997 Sed
1146 970 1196 997 ista
1217 970 1456 1005 parvipeudebant.
1480 969 1620 996 Siluerunt
1635 970 1719 1003 enim,

932 1013 1016 1048 pluris
1036 1013 1165 1042 facientes
1187 1015 1363 1051 impietatem,
1390 1016 1440 1042 hoc
1460 1020 1512 1046 est,
1527 1015 1718 1044 defectionem.

931 1060 1024 1094 Itaque
1043 1069 1052 1086 ι
1068 1061 1270 1088 vindemiarunt
1282 1061 1315 1088 de
1330 1065 1427 1088 cmtero
1447 1061 1550 1088 fructus
1567 1061 1720 1095 iniquitatis

931 1105 998 1139 ejus.
1022 1105 1203 1132 Comederunt
1230 1106 1348 1133 fructum
1376 1106 1544 1138 mendacem,
1566 1116 1575 1132 ›
1598 1106 1648 1134 hoc
1664 1111 1718 1138 est,

932 1150 1093 1178 imbecillam
1106 1156 1132 1179 ct
1144 1151 1266 1178 inutilem
1278 1159 1352 1186 spem
1370 1152 1532 1179 habuerunt.
1547 1152 1633 1180 Verus
1645 1154 1718 1180 enim
1736 1148 1741 1153 ⁷

932 1197 1035 1224 fructus
1048 1197 1161 1224 salutem
1176 1201 1203 1224 et
1218 1197 1361 1224 utilitatem
1379 1198 1528 1229 continens.
1546 1203 1588 1225 est
1600 1198 1719 1226 Charitas

931 1251 994 1278 erga
1021 1243 1103 1270 Deum
1126 1249 1153 1270 et
1166 1243 1279 1278 justitia:
1303 1248 1472 1270 ornamenta.
1495 1242 1610 1270 Fructus
1628 1247 1718 1270 autent

931 1291 1056 1322 mendax,
1070 1291 1174 1317 fructus
1190 1289 1335 1324 impietatis
1349 1291 1471 1325 apposite
1483 1289 1596 1325 intelligi
1616 1294 1716 1325 potest,

931 1336 964 1362 ad
986 1335 1065 1361 tinem
1082 1335 1152 1362 cnim
1171 1342 1280 1370 prorsus
1294 1337 1491 1362 exsecrandum
1512 1335 1631 1363 devenit.
1653 1335 1719 1369 Quis

931 1380 1012 1415 igitur
1031 1380 1065 1408 sit
1089 1381 1192 1408 fructus
1219 1381 1344 1413 mendax,
1369 1381 1414 1415 qni
1439 1381 1503 1415 ipsis
1523 1388 1555 1408 ex
1580 1381 1719 1416 impietate

930 1426 1051 1458 oriatur,
1077 1428 1168 1454 statim
1193 1427 1322 1455 ostendit.
1347 1427 1477 1462 Adjungit
1499 1428 1592 1460 enim,
1626 1437 1636 1454 ι
1655 1429 1718 1463 quia

930 1473 1043 1508 sperasti
1069 1473 1095 1499 in
1109 1473 1237 1500 curribus
1252 1473 1319 1507 tuis,
1344 1473 1368 1500 in
1389 1473 1562 1500 multitudine
1582 1472 1719 1500 fortitudi-

931 1520 973 1547 nis
995 1524 1056 1547 tum.
1075 1518 1108 1546 Et.
1133 1523 1281 1553 consurget
1303 1519 1420 1553 perditio
1446 1519 1473 1546 in
1500 1519 1599 1554 populo
1620 1524 1675 1552 tuo,
1692 1524 1719 1547 et

929 1565 1019 1592 omnia
1046 1569 1151 1592 mnrala
1180 1570 1224 1591 tua
1243 1564 1380 1599 peribunt.
1398 1573 1407 1590 ι
1434 1564 1491 1592 Non
1520 1565 1590 1593 enim
1613 1566 1718 1593 modico

929 1611 1003 1638 fuisti
1022 1611 1132 1645 impius,
1156 1610 1254 1644 inquit,
1271 1610 1334 1637 dum
1351 1610 1421 1645 ligna
1439 1617 1465 1637 et
1486 1610 1589 1644 lapides
1601 1610 1716 1642 coleres,

928 1664 1075 1691 unumque,
1093 1661 1120 1684 et
1140 1661 1246 1689 natura,
1274 1659 1301 1683 et
1317 1663 1378 1682 vere
1398 1656 1480 1682 Deum
1498 1655 1577 1691 154
1590 1663 1718 1690 asperna-

929 1703 1006 1730 reris.
1025 1701 1126 1729 Deinde
1147 1701 1217 1729 bello
1237 1701 1428 1736 praenuntiam,
1446 1705 1473 1728 et
1487 1701 1543 1734 jam
1560 1702 1630 1728 intra
1646 1701 1718 1728 fores

929 1752 1065 1781 versante,
1096 1755 1148 1775 non
1173 1754 1260 1775 meam
1285 1747 1375 1782 potius
1395 1754 1473 1782 opem
1488 1746 1645 1781 flagitastis;
1669 1747 1717 1774 sed

930 1793 1033 1820 viribus
1049 1793 1147 1820 vestris
1165 1797 1192 1819 et
1215 1800 1328 1820 numero
1346 1800 1474 1820 curruum
1501 1793 1608 1824 confisi,
1627 1793 1718 1820 hostes

929 1839 1110 1867 debellaturos
1127 1839 1316 1871 existimastis,
1335 1839 1411 1873 quasi
1428 1839 1460 1866 ad
1471 1839 1524 1866 hoc
1542 1839 1620 1866 vobis
1634 1839 1717 1866 falso-

929 1893 988 1912 rum
1003 1885 1114 1911 deorum
1132 1884 1208 1910 favor
1221 1884 1405 1918 auxiliumque
1418 1884 1561 1912 sufficeret.
1579 1884 1628 1911 Hic
1642 1884 1717 1911 vobis

930 1930 1034 1957 fructus
1064 1929 1179 1956 mendax
1209 1930 1271 1956 erit.
1307 1929 1363 1956 Erit
1396 1930 1468 1956 enim
1495 1930 1593 1964 populo
1622 1929 1715 1963 pestis.

929 1977 1024 2005 (lamis
1035 1979 1124 2003 autem
1143 1975 1257 2003 illustris
1268 1981 1294 2004 ct
1306 1976 1518 2004 fortunatissima
1530 1975 1624 2002 civitas
1639 1982 1716 2002 ever-

928 2028 1009 2050 tetur.
1027 2021 1102 2055 Quod
1117 2020 1190 2047 enim
1212 2021 1283 2049 Deus
1301 2029 1354 2050 non
1372 2021 1484 2054 stabilit,
1507 2020 1585 2056 plane
1607 2023 1717 2048 corruat

929 2076 1038 2097 necesse
1050 2073 1100 2095 εει.

80 2116 148 2143 κατὰ
162 2116 218 2142 τῶν
237 2114 322 2141 λαῶν.
339 2115 417 2142 nam
431 2124 460 2141 τε
476 2115 591 2150 λαμπρὰ
618 2115 663 2142 καὶ
689 2115 872 2151 εὐτυχεστάττι
893 2115 1133 2150 κατασεισθήσεται
1147 2113 1234 2146 πόλις.
1258 2114 1290 2141 '0
1301 2113 1356 2149 γὰρ
1383 2113 1431 2149 οὐχ
1445 2114 1535 2147 ἵστησι
1545 2111 1715 2147 Θεὸς,πάντη

78 2169 105 2187 τε
129 2162 177 2188 καὶ
194 2162 305 2193 πάντως
319 2163 453 2188 πεσεῖται.

111 2207 243 2241 Λεγέσθω
256 2207 289 2243 δὴ
304 2207 390 2234 ταῦτα
405 2208 452 2234 καὶ
466 2207 533 2243 πρὸς
548 2208 638 2244 ἡμῶν,
653 2209 752 2244 μᾶλλον
763 2209 791 2236 δὲ
802 2209 876 2246 παρὰ

964 2208 1090 2236 Dicamus
1110 2214 1159 2236 nos
1181 2207 1239 2235 haec
1253 2206 1410 2240 etiam,imo
1424 2205 1494 2233 Deus
1514 2205 1556 2232 his
1569 2205 1614 2240 qui
1640 2212 1714 2233 asse-

78 2253 154 2285 Θεοῦ,
171 2255 229 2285 τοῖς
245 2253 438 2290 προσεδρεύειν
452 2254 572 2281 ἐθέλουσι
595 2256 651 2287 τοῖς
667 2255 783 2288 ἀνοσίοις
797 2257 872 2292 αἱρε-

77 2301 172 2331 τικοῖς,
190 2300 239 2326 καὶ
257 2300 392 2335 μαθητιᾷν
410 2300 632 2335 ὑποκρινομένοις
649 2301 683 2328 τὰ
702 2302 741 2333 εὶς
758 2301 830 2337 ζωήν
844 2311 873 2328 τε

79 2346 123 2372 καὶ
139 2346 258 2373 σύνεσιν.
274 2343 354 2373 οὗτοι
367 2346 583 2382 παρασιωπῶσιν
602 2346 740 2374 ἀσέϐειαν.
750 2347 873 2382 ’Λνέχον-

78 2401 120 2419 ται
135 2393 190 2428 γὰρ
205 2392 421 2427 δυσφημούντων
439 2392 593 2425 ἀκούοντες,
616 2392 662 2418 καί
682 2401 722 2419 τοι
744 2393 874 2428 πλείστην

80 2440 141 2474 Ξσην
163 2439 319 2473 sesumam;
335 2439 384 2474 τὴν
400 2439 460 2464 κατ’
476 2438 564 2465 αὐτῶν
583 2438 719 2465 ποιεῖσθαι
732 2439 874 2475 κατάρρη-

80 2493 127 2511 sta.
147 2485 301 2518 Άῐεθὲξουσι
324 2484 355 2520 δὴ
378 2482 424 2510 οὖν
445 2485 494 2519 τῆς
516 2484 620 2511 ἑαυτῶν
636 2485 811 2520 συμϐουλίας,
828 2485 874 2511 καὶ

79 2529 138 2559 τοῦς
154 2529 203 2562 τῆς
226 2528 334 2559 ἀδικίας
351 2527 503 2562 ὲκθεριοῦσι
522 2528 655 2563 καρπούς.
671 2529 805 2562 Φάγονται
820 2529 874 2564 γὰρ

80 2573 171 2608 ψευδῆ,
186 2574 269 2608 νόθην
285 2573 332 2599 καὶ
346 2573 499 2607 ἀπόϐλητον
525 2573 664 2609 δεχόμενοι
681 2574 790 2608 γνῶσιν,
804 2574 875 2600 διδα-

81 2620 204 2654 Holus-Io!
222 2628 252 2646 τε
269 2619 303 2645 τὰ
316 2619 531 2654 διεστραμμένα,
547 2620 594 2646 καὶ
616 2620 666 2647 ὅσα
680 2620 729 2655 τῆς
747 2619 874 2654 ἀληθείαις

78 2666 106 2692 τὸ
119 2666 218 2697 κάλλος
234 2665 458 2700 παραχαράττειν
478 2666 689 2701 ἑπιχειρεῖ.”οτι
711 2665 739 2692 δὲ
761 2666 806 2692 καὶ
824 2666 872 2692 αὑ-

77 2711 128 2737 τῶν
150 2712 227 2737 πᾶσα
255 2711 381 2736 πεσεῖται
403 2709 525 2744 δύναμις,
542 2710 608 2736 Θεοῦ
626 2710 869 2746 καταστρέφοντος,

77 2756 231 2790 οἰχήσονται
250 2754 279 2781 δὲ
296 2754 343 2780 καὶ
356 2755 396 2786 εἰς
413 2754 522 2789 ὄλεθρον
551 2746 598 2781 καὶ
609 2754 756 2782 ἀπώλειαν.
769 2755 827 2786 πῶς
840 2755 872 2781 ἂν

78 2802 221 2828 ἐνδοιάσειέ
238 2810 282 2832 τις
293 2809 300 2832 ;

109 2849 117 2864 ⁷
130 2850 216 2877 Exod.
235 2857 282 2880 xx,
299 2849 326 2875 5.
366 2847 474 2875 “Levii.
492 2855 564 2882 xxvr,
585 2849 609 2876 l.

925 2257 1034 2281 ctantur
1060 2253 1155 2287 impios
1185 2251 1337 2282 hmrcticos,
1361 2254 1390 2277 et
1417 2256 1447 2276 se
1475 2249 1559 2276 teneri
1590 2249 1716 2284 cupidine

927 2299 1046 2327 discendi
1063 2299 1096 2325 ad
1111 2299 1202 2331 vitam,
1219 2301 1246 2324 ct
1262 2295 1433 2331 prudentiam
1451 2294 1613 2329 pertinentia
1629 2295 1714 2322 simu-

927 2344 993 2371 lant.
1028 2342 1061 2370 Ili
1090 2346 1181 2370 tacent
1213 2341 1394 2375 impietatem;
1421 2346 1508 2374 mquo
1527 2341 1598 2366 enim
1623 2339 1714 2366 animo

928 2389 1122 2416 maledicentes
1145 2387 1268 2420 audiunt,
1293 2393 1354 2413 cum
1377 2391 1423 2412 eos
1447 2384 1631 2420 maximopere
1649 2392 1715 2412 con-

927 2434 1058 2462 demnare
1084 2434 1209 2461 dchcanl.
1233 2431 1381 2466 Partieipes
1408 2430 1490 2465 igitur
1515 2434 1595 2457 erunt
1618 2437 1712 2457 eorum

925 2480 1044 2512 consilii,
1071 2484 1097 2507 et
1126 2479 1278 2513 iniquitatis
1303 2477 1408 2504 fructus
1427 2479 1538 2502 metant.
1565 2475 1714 2503 Comedent

925 2526 995 2554 cnim
1017 2526 1172 2552 mendacem
1193 2524 1322 2555 fructum,
1338 2523 1457 2558 spuriam
1478 2526 1505 2549 et
1519 2520 1712 2556 explodendam

925 2570 1066 2598 scientiam
1095 2569 1288 2604 suscipientes,
1309 2567 1491 2600 ducentosque
1515 2570 1657 2599 perversa,
1685 2568 1713 2590 et

924 2618 1022 2653 quibus
1038 2617 1161 2644 veritatis
1183 2613 1412 2650 pulchritudinem
1438 2611 1592 2639 adulterare
1611 2617 1712 2637 conan-

926 2670 979 2692 tur.
1002 2663 1086 2691 Porro
1104 2668 1132 2691 et
1155 2663 1260 2690 illorum
1285 2661 1469 2689 fortitudinem
1496 2658 1551 2685 Deo
1573 2660 1713 2684 evertente

925 2717 1067 2742 casuram,
1095 2714 1122 2736 ct
1151 2709 1177 2735 in
1208 2713 1312 2743 pestem
1342 2710 1423 2741 atque
1448 2703 1560 2732 exitium
1589 2701 1711 2730 abituros

927 2755 1103 2783 dubitandum
1119 2761 1171 2782 non
1189 2757 1240 2781 est.
