1919 3042
212 149 266 178 9.59

722 144 750 172 S.
773 143 910 171 CYRILLI
932 141 1166 170 ALEXANDRINI
1187 142 1347 172 ARCHlEP.

1795 142 1852 171 260

249 209 331 237 Vens.
352 208 395 240 Η,
413 207 456 235 15.
483 205 556 234 Sicut
580 203 698 238 princeps
717 202 860 230 Salmanac
874 205 906 230 de
925 203 998 230 doma

1095 202 1142 236 Ὠς
1160 203 1262 239 ἅρχων
1284 203 1446 238 Σαλμανὰκ
1462 203 1496 230 ἐκ
1511 202 1564 230 τοῦ
1581 201 1667 230 οἶκον
1686 202 1740 230 τοῦ
1763 203 1855 238 Ἱερο-

213 255 368 288 Ηὶετυίιιιᾳι,
394 255 422 280 in
442 253 531 279 diebus
554 250 613 277 belli
635 254 746 276 matrem
765 257 843 283 super
856 249 926 284 ﬁlios
947 250 1003 277 solo

211 301 310 334 allisit;
324 300 360 328 sit:
377 299 475 334 faciam
487 297 566 330 vobis,
581 296 673 322 damus
685 295 782 328 Israel,
796 303 811 322 a
827 295 894 331 {acie
906 296 1003 331 iniqui-

212 349 274 375 tatis
289 347 464 381 net/uitiorum
480 349 638 371 vestrarum.
856 372 860 376 .

246 390 364 419 CXXIII.
389 389 418 417 In
443 390 512 416 libro
536 388 660 416 ιῐιιιιίιειιιιι
687 388 821 418 refertur.
851 388 1002 416 declinasse

211 436 293 464 Israel
326 439 387 469 post
414 433 515 460 Baalim
539 433 693 468 aliquando.
721 432 780 466 Quo
808 432 909 460 scelere
938 441 1000 460 cum

211 481 294 509 Deum
318 480 504 512 offendissent,
525 479 616 506 traditi
640 483 702 506 sunt
728 478 755 506 in
778 486 873 506 manus
895 477 1001 505 Madian

210 528 244 555 ad
274 527 444 561 septennium
468 527 613 562 integrum.
636 527 712 554 Adeo
741 530 830 553 autem
855 524 1002 552 inclemen-

210 577 251 600 tes
282 572 409 600 dominos
434 576 590 604 senserunt,
617 575 647 598 ut
669 571 751 598 etiam
779 575 856 598 antra
881 575 908 598 et
939 577 1001 604 spe-

210 619 305 646 luncas
329 618 504 650 habitarent,
527 622 556 645 et
577 618 603 645 in
632 624 679 644 eas
703 624 734 644 se
756 617 904 649 abdentes,
931 623 1002 650 agre

211 667 293 692 vitam
309 668 461 695 luerentur.
480 663 656 698 locorumque
668 662 840 690 diiﬁcultates
853 670 902 698 pro
916 663 1001 690 muris

211 720 258 739 seu
280 711 490 746 propugnaculis
513 710 692 744 objectarenl,
715 710 786 744 quod
810 709 926 737 faustam
951 717 1000 744 pu-

210 765 290 792 gnam
304 758 413 783 omnino
429 756 635 791 desperarent’.
651 756 830 790 Cnntingebat
843 755 923 790 igitur
935 763 1000 783 eon-

211 809 354 831 currentes
379 810 439 829 cum
469 802 623 829 Madianitis
648 801 794 828 crudeliter
818 802 945 833 interﬁci.
972 805 1001 828 ut

211 857 272 875 cum
287 849 392 875 miseris
410 848 542 874 matribus
557 846 673 874 infantes
685 854 792 881 quoque
807 847 879 874 omni
893 847 999 875 sublata

1055 249 1142 281 ϐαὰλ,
1159 249 1194 276 ἐν
1218 249 1342 283 ἡμέραις
1364 248 1498 284 πολέμου
1522 248 1633 284 μητέρα
1660 249 1711 276 ἐπὶ
1732 249 1855 283 τέκνοις

1054 295 1195 330 ἠδάφισεο
1209 295 1304 329 οὕτως
1319 295 1436 329 ποιήσω
1449 295 1529 330 ὑμῖν,
1548 296 1630 329 οῖκος
1640 296 1694 323 τοῦ
1711 295 1853 330 Ἰσραὴλ,

1054 340 1115 368 ἀπὸ
1133 341 1297 375 προσώπου
1307 341 1426 374 ἀδικίας
1440 341 1553 368 κακιῶν
1571 341 1664 377 ὑμῶν.

1089 387 1175 414 ΡΚΓ.
1202 387 1247 414 Ἐν
1271 388 1304 422 τῇ
1323 386 1408 422 βίϐλῳ
1424 387 1579 424 γέγραπται
1600 388 1654 415 τῶν
1674 387 1799 423 Κριτῶν,
1816 386 1855 419 ὡς

1054 431 1174 464 ἐξέκλινε
1186 431 1235 467 μὲν
1249 432 1264 458 ό
1279 432 1387 468 Ἰσραὴλ
1400 432 1489 459 ὀπίσω
1502 432 1625 468 Βααλεὶμ
1641 432 1712 460 κατὰ
1723 432 1854 467 καιρούς.

1054 477 1188 513 Ταύτῃ-τοι
1204 477 1263 513 Θεῷ
1280 478 1532 514 προσκεκρούκασι.
1546 478 1747 513 Παραδέδονται
1761 478 1791 505 δὲ
1806 479 1855 506 καὶ

1053 522 1094 554 εις
1108 524 1203 558 χεῖρας
1224 523 1349 558 Μαδιὰμ,
1365 523 1409 557 ἐφ’
1421 523 1493 555 ὅλοις
1509 523 1598 550 ἔτεσιν
1611 524 1691 551 ἐπτά,
1701 523 1809 559 Ἀτιηνῆ
1825 524 1854 551 δὲ

1052 567 1138 599 οὕτως
1168 568 1396 604 ὑπομεμενήκασι
1421 569 1472 604 τὴν
1496 569 1529 596 ἐκ
1557 569 1612 597 τῶν
1638 569 1854 605 κεκρατηκότων

1053 613 1221 646 πλεονεξίαν,
1236 614 1275 646 ὡς
1289 614 1339 650 ἤδη
1366 614 1413 641 καὶ
1429 615 1534 650 πέτρας
1548 616 1633 642 οἰκεῖν
1648 615 1695 643 καὶ
1714 615 1852 647 σώζεσθαι

1054 659 1140 694 μόλις,
1164 661 1192 686 ἐν
1218 660 1314 692 αὐταῖς
1337 661 1563 696 καταδυομένους,
1590 662 1637 688 καὶ
1664 662 1851 698 προτείχισμα

1052 705 1186 732 ποιεῖσθαι
1202 705 1252 738 τὰς
1268 699 1430 741 δυσχωρίας,
1446 705 1490 733 διά
1507 715 1547 733 τοι
1564 706 1594 733 τὸ
1613 707 1754 738 παντελῶς
1770 708 1851 734 ἀπει-

1051 752 1113 778 πεῖν
1134 751 1203 787 πρὸς
1221 751 1321 788 μάχην.
1339 752 1501 788 Συμῦέῦηκε
1521 753 1611 780 τοίνυν
1625 753 1709 789 ὠμῶς
1726 754 1849 789 ἀναιρεῖ-

1052 796 1114 823 σθαι
1133 797 1197 828 τοὺς
1216 797 1402 832 ἐμπίπτοντας
1425 798 1482 828 τοῖς
1504 798 1692 833 Μαδιηναίοις,
1709 798 1782 825 ὥστε
1804 799 1849 826 καὶ

1050 842 1157 874 ἀθλίαις
1172 843 1292 878 μητράσι
1318 843 1519 871 συνδιόλλυσθαι
1540 844 1635 876 τέκνα,
1652 844 1762 879 φειδοῦς
1782 845 1849 872 ἁπά-

211 893 397 920 misericordia
413 893 543 928 perirent.
559 893 658 919 Eorum
672 892 808 926 principes
824 897 903 920 erant
917 891 998 925 Oreb,

1053 897 1103 923 σης
1118 887 1410 925 ἐξῃρημένης.*11ρχον
1426 889 1453 916 δέ
1469 890 1559 916 αὐτῶν
1574 890 1656 927 Ὦρήὸ
1671 900 1701 918 τε
1719 891 1769 918 καὶ
1780 891 1846 926 Ζὴσ,

210 944 235 965 et
256 938 311 965 Zeb
323 939 355 969 ¹⁰,
373 944 400 965 et
413 938 510 968 Zebee.
534 942 561 965 et
580 936 751 965 Salmana“.
774 937 934 964 Periluravit
951 945 1000 964 att-

211 988 262 1009 tt-m
277 983 428 1016 cala‘milas,
445 983 530 1010 donec
545 991 728 1010 :erumnosum
744 983 868 1010 lsraelem
887 982 1001 1009 misera-

211 1035 253 1056 ttts
270 1030 349 1062 Deus,
365 1030 495 1056 excitavit
513 1029 678 1062 Gedeonem,
698 1029 743 1063 qui
760 1033 786 1055 et
803 1037 816 1054 a
834 1033 909 1063 patre
926 1029 1001 1056 etab

209 1073 343 1109 indigenis
361 1073 415 1101 alio
439 1075 549 1102 nomine
571 1075 658 1102 dictus
684 1079 727 1102 est
753 1067 907 1106 llier‘obaal,
922 1074 1000 1110 155

209 1121 244 1148 ob
263 1128 372 1148 causam
399 1120 562 1149 istiusmodi.
584 1121 650 1149 Cum
672 1121 696 1148 ei
724 1120 795 1149 Deus
819 1129 868 1156 per
890 1121 1000 1149 oracula

209 1166 330 1200 angelica
355 1167 390 1193 ita
412 1167 598 1201 praecepisset,
622 1174 697 1194 aram
719 1165 783 1193 Baal
807 1167 951 1199 destruxit,
973 1171 1001 1194 et

210 1209 298 1237 lucum
325 1210 385 1245 eius
405 1211 530 1243 succidit,
547 1211 627 1246 idque
653 1211 723 1239 clam
745 1217 773 1239 et
795 1217 887 1240 noctu.
902 1211 1001 1240 Incolae

209 1255 329 1290 oppiduli
345 1255 389 1283 ubi
406 1256 494 1291 primo
511 1256 628 1284 diluculo
641 1257 727 1285 sacris
740 1265 789 1292 pro
804 1265 881 1286 more
898 1258 1000 1286 facien-

210 1301 252 1328 dis
266 1301 298 1328 ad
318 1309 414 1328 nemus
430 1305 633 1332 convenerunt,
652 1302 743 1336 ibique
769 1302 834 1328 Baal
854 1306 881 1329 et
903 1310 1000 1330 nemus

210 1355 291 1381 super
306 1354 368 1374 eum
394 1347 517 1381 illapsum
541 1351 751 1381 conspexerunt.
782 1348 842 1375 inde
865 1346 1000 1375 Gedeonis

210 1394 329 1421 studium
349 1401 412 1427 erga
432 1394 515 1421 Demu
535 1394 724 1427 conjicientes,
741 1394 827 1421 eidem
851 1394 931 1428 hujus
959 1393 997 1421 rei

210 1447 319 1466 causam
346 1439 544 1474 ascripserunt.
569 1439 672 1466 Deinde
695 1444 830 1466 convento
845 1439 904 1474 ejus
925 1444 1001 1474 patre

211 1485 359 1512 dixerunt:
376 1494 386 1511 ι
404 1485 441 1512 Da
463 1485 541 1512 nobis
565 1484 649 1512 filium
680 1489 765 1517 tuum,
791 1489 820 1511 ut
845 1484 1000 1512 occidamus

210 1539 284 1562 eum.
301 1531 363 1566 quia
382 1531 516 1559 destruxit
534 1530 598 1558 Baal
612 1531 644 1558 ³³.
659 1539 668 1556 ι
689 1531 730 1557 Ad
749 1530 806 1558 haec
825 1529 868 1557 ille
883 1539 889 1557 :
908 1539 917 1556 ι
932 1529 999 1557 Num

1050 934 1099 961 καὶ
1114 933 1207 966 Ζεϐεέ,
1219 935 1266 962 καὶ
1278 935 1419 971 Σαλμανά,
1436 937 1615 971 Παρετείνετο
1628 937 1656 964 δέ
1671 937 1706 964 τὰ
1717 937 1768 973 τῆς
1780 946 1848 973 συμ-

1051 982 1137 1016 φορᾶς
1162 981 1243 1016 ἄχρις
1266 982 1300 1009 ἂν
1323 983 1514 1018 κατοικτείρας
1537 983 1603 1016 Θεὸς
1619 983 1848 1019 ταλαιπωροῦντα

1050 1027 1096 1054 τὸν
1104 1028 1222 1064 Ἰσραὴλ,
1240 1028 1334 1065 ἤγειρε
1346 1028 1391 1056 τὸν
1402 1029 1515 1062 Γεδεὼν,
1532 1029 1561 1062 ὃς
1573 1031 1620 1057 καὶ
1637 1030 1847 1066 μετωνόμασται

1051 1075 1127 1110 παρά
1150 1084 1180 1102 τε
1204 1076 1251 1103 τοῦ
1273 1076 1376 1112 πατρὸς
1400 1077 1447 1104 καὶ
1469 1076 1524 1105 τῶν
1549 1077 1690 1114 ἐγχωρίων
1708 1078 1847 1113 Ἱεροϐάαλ

1050 1120 1083 1147 δι’
1096 1121 1186 1148 αἰτίαν
1208 1121 1346 1156 τοιαύτην.
1370 1122 1532 1158 Χρὴσαντος
1556 1123 1606 1158 μὲν
1629 1123 1684 1160 γὰρ
1703 1123 1779 1158 αὐτῷ
1798 1123 1846 1150 τοῦ

1050 1165 1118 1193 Θεοῦ
1144 1166 1188 1193 διὰ
1215 1167 1307 1203 φωνῆς
1330 1167 1458 1203 ἀγγέλου,
1477 1167 1586 1195 καθεῖλε
1608 1169 1658 1204 τὴν
1681 1169 1782 1205 στήλην
1799 1168 1846 1196 τοῦ

1050 1211 1136 1244 Βάαλ,
1158 1213 1206 1240 καὶ
1219 1213 1251 1240 τὺ
1265 1213 1348 1246 ἄλσος
1360 1213 1442 1241 αὑτοῦ
1458 1213 1570 1250 ἐξέκοψε
1584 1214 1734 1251 λεληθότως
1747 1215 1796 1242 καὶ
1817 1215 1847 1242 ἐν

1050 1258 1138 1286 νυκτί.
1148 1259 1256 1295 Ἐπειδὴ
1273 1259 1302 1286 δὲ
1316 1261 1341 1287 οι
1359 1262 1409 1296 τῆς
1429 1261 1561 1296 πολίχνης
1581 1261 1724 1297 οἰκήτορες
1736 1261 1772 1289 τὰ
1784 1270 1848 1289 συν-

1050 1304 1105 1341 ήθη
1118 1305 1287 1341 πληροῦντες
1301 1306 1353 1333 ὑπὸ
1367 1306 1417 1342 τὴν
1437 1306 1476 1333 ἐω
1493 1306 1700 1340 σπουδάζοντες,
1718 1308 1847 1344 παρῆσαν

1051 1351 1079 1378 ἐν
1103 1351 1142 1387 τῷ
1170 1352 1289 1388 τεμένει,
1303 1353 1351 1380 καὶ
1377 1354 1599 1389 κατερῤιμμένον
1631 1353 1774 1381 τεθέανται
1800 1354 1847 1382 τδν

1052 1396 1137 1427 Βάαλ,
1158 1398 1204 1424 καὶ
1227 1397 1273 1424 τδν
1295 1398 1399 1433 δρυμὸν
1415 1400 1458 1426 ἐπ’
1473 1399 1547 1436 αὺτῷ
1575 1400 1751 1433 πεπτωκότα,
1778 1409 1846 1428 κατ-

1050 1442 1228 1478 εστοχάζοντο
1239 1445 1290 1479 τῆς
1301 1444 1348 1471 τοῦ
1361 1444 1465 1472 Γεδεὼν
1482 1445 1532 1482 ἢδη
1551 1446 1699 1481 φιλοθεῖας,
1711 1447 1760 1474 καὶ
1771 1447 1847 1483 αὐτῷ

1050 1487 1097 1515 τοῦ
1120 1488 1284 1524 πράγματος
1305 1489 1465 1526 ἐπέγραφον
1481 1491 1530 1523 τὰς
1547 1491 1648 1524 αἰτίας.
1666 1491 1733 1520 Εἶτα
1758 1501 1846 1530 προσ-

1050 1533 1136 1569 ῄεσαν
1153 1534 1191 1570 τῷ
1207 1535 1302 1571 πατρὶ,
1320 1535 1445 1570 λέγοντες
1457 1545 1465 1552 ο
1485 1546 1495 1562 ι
1509 1537 1559 1569 Δὸς
1576 1538 1622 1564 τὸν
1649 1538 1707 1565 υἱόν
1730 1547 1789 1572 σου,
1804 1539 1847 1567 ἴνα

209 1585 270 1609 vos,
289 1577 387 1611 inquit,
404 1577 566 1605 ulciscimini
589 1577 670 1604 Baal'.’
685 1577 706 1604 si
725 1577 795 1604 Deus
809 1582 862 1607 est,
881 1575 998 1603 ulcisca-

1051 1565 1269 1615 51-romsi‘imusv'
1280 1565 1372 1613 αὑτὸν,
1390 1565 1562 1610 ὄτι-καθεῖλε
1581 1583 1627 1610 τὸν
1647 1584 1731 1611 Βάαλ.

210 1629 254 1650 ιιιι·
273 1631 302 1651 se
325 1623 358 1650 de
376 1630 408 1651 eo
427 1623 472 1658 qui
497 1623 632 1650 destruxit
652 1623 726 1650 illurn
740 1621 772 1648 ".
789 1631 798 1648 ›
816 1621 878 1648 inde
901 1629 999 1656 cogno-

210 1677 271 1696 men
286 1669 386 1696 mansit
399 1667 519 1695 Gedconi
540 1668 685 1695 llierobaal
702 1677 708 1694 :
723 1668 793 1702 quod
818 1671 907 1698 sonat,
932 1675 941 1692 ι
958 1666 999 1693 ιιι-

210 1715 328 1742 ciscatur
352 1722 381 1741 se
406 1714 480 1741 Baal.
495 1723 504 1740 ι
536 1714 611 1741 Sicut
634 1714 716 1749 igitur
739 1713 877 1745 Salmana,
901 1713 997 1747 inquit,

209 1761 418 1789 Madianitarum
434 1763 498 1794 dux,
517 1762 551 1788 dc
570 1762 650 1788 domo
667 1760 814 1792 Gedeonis,
833 1760 891 1786 sive
908 1759 999 1786 llic-ro-

208 1807 269 1835 liaal
288 1812 403 1835 matrem
422 1815 482 1834 cum
500 1807 562 1834 [iliis
581 1808 681 1840 allisit;
701 1807 795 1834 eodem
817 1805 896 1833 modo
916 1806 999 1841 Assy-

209 1854 312 1880 riorttm
325 1853 377 1880 dux
400 1852 529 1880 atrociter
547 1857 574 1879 et
595 1852 760 1883 tnunanitcr,
778 1851 900 1886 citraque
917 1851 997 1877 ullam

209 1899 423 1937 misericordiam
445 1898 514 1926 bello
532 1905 580 1926 vos
597 1898 921 1932 tractabit,’matremque
937 1905 997 1924 cum

208 1944 303 1972 liberis
328 1945 430 1972 allidet.
455 1944 587 1971 Evenient
607 1950 697 1971 autem
716 1944 792 1972 vobis
814 1945 864 1971 ista
888 1949 1000 1978 propter

209 1990 344 2025 nequitias
367 1994 482 2017 vestras.
508 1989 587 2016 Punit
609 1989 681 2017 enim
712 1997 765 2016 non
791 1993 892 2016 temere
908 1988 999 2022 justus

205 2035 289 2070 judex
303 2035 492 2062 universorum
511 2035 602 2068 Deus;
620 2035 665 2062 sed
683 2035 704 2062 si
725 2035 796 2062 ultra
813 2035 922 2062 modum
938 2042 999 2062 sese

208 2080 402 2108 offendendum
439 2080 538 2108 delicta
571 2080 761 2114 perrexerint,
798 2085 860 2107 tunc
890 2080 998 2107 demum

209 2126 295 2154 iratus
315 2133 364 2160 pro
386 2126 511 2159 portione
533 2125 695 2160 supplicium
723 2125 836 2160 irrogat.
862 2126 889 2153 Si
917 2126 999 2161 igitur

164 2197 171 2203 ,
208 2180 367 2200 aversantur
385 2173 464 2204 iram.
487 2179 536 2207 par
559 2177 600 2200 est
618 2171 721 2206 utique,
740 2180 788 2200 nos
805 2172 888 2199 etiam
903 2180 998 2207 pecca-

210 2222 264 2244 tum
291 2216 412 2244 aversari
453 2221 481 2244 et
518 2215 590 2243 nolle
616 2215 735 2244 divinam
771 2217 999 2252 mitissimamque

209 2269 332 2291 naturam
350 2264 384 2291 ad
401 2263 614 2299 indignationem
629 2264 703 2290 velut
719 2270 862 2296 exacuere,
877 2268 903 2291 et
917 2263 997 2291 forsi-

209 2313 254 2336 tan
275 2310 388 2337 invitam
403 2317 509 2346 quoqne
527 2310 660 2338 scelerum
677 2310 786 2338 diritate
802 2310 855 2338 huc
876 2310 995 2345 adigere.

209 2355 356 2383 Sciendum
368 2361 458 2383 autem
471 2360 690 2392 anlegressorum
701 2357 905 2392 expianatorum
913 2365 996 2393 quos—

207 2401 268 2428 dam
291 2401 423 2434 scribere,
449 2408 502 2428 non
530 2401 678 2436 principem
704 2403 911 2431 Madianitarum
935 2403 996 2430 Sal-

208 2454 287 2474 mana
304 2451 419 2474 matrem
433 2454 493 2474 eum
511 2443 574 2475 filiis
587 2447 702 2477 allisisse
715 2456 730 2477 e
745 2449 825 2477 domo
838 2449 994 2483 Hierobaal,

207 2492 264 2521 sive
280 2493 363 2521 lsrael
380 2492 407 2528 (a
435 2493 550 2522 dttcibus
576 2495 648 2522 enim
678 2496 812 2524 interdum
833 2497 996 2525 universitas

206 2537 399 2572 significatur).
426 2539 473 2566 sed
494 2544 586 2567 contra
610 2541 700 2576 potius
726 2541 752 2568 in
770 2541 851 2569 domo
868 2541 995 2568 Salmana

205 2583 359 2610 Gedeonem
383 2583 498 2612 allisissc
516 2590 629 2613 matrem
645 2593 707 2614 cum
734 2587 835 2614 liberis.
858 2586 910 2614 Sed
936 2595 996 2614 me-

207 2628 258 2655 lius
274 2633 302 2655 et
325 2630 531 2658 convenientius
556 2631 648 2664 fuerit,
672 2633 710 2660 uti
730 2640 802 2667 reor,
825 2633 891 2660 illud
912 2640 994 2668 quam

206 2673 287 2700 istuc.
315 2673 393 2702 Sicut
424 2676 496 2703 enim
527 2681 648 2713 tempore
674 2679 736 2712 illo,
764 2687 818 2714 quo
848 2679 932 2707 lsrael
960 2679 994 2706 ad

206 2717 313 2746 Baalitn
329 2719 484 2755 declinavit,
500 2723 569 2756 apud
592 2730 638 2750 eos
654 2723 701 2750 lilii
716 2731 777 2751 cum
795 2725 927 2752 matribus
946 2732 995 2760 per

207 2771 302 2792 math
326 2766 540 2801 alienigenarum
570 2768 639 2796 allisi
663 2775 726 2797 sunt
751 2779 757 2797 :
785 2770 823 2797 sic
854 2775 881 2798 et
907 2779 993 2805 ntmc,

1050 1624 1136 1651 ταῦτα
1161 1626 1281 1658 ἐκεῖνος·
1313 1636 1322 1653 ι
1338 1627 1383 1662 Μὴ
1407 1628 1496 1663 ὑμεῖς,
1512 1629 1606 1665 φησὶν,
1621 1630 1780 1666 ἐκδικήσετε
1802 1631 1847 1659 τὸν

1051 1670 1141 1704 Bia};
1166 1672 1190 1698 εἰ
1211 1673 1278 1704 Θεός
1293 1673 1363 1707 ἐστι,
1377 1673 1536 1702 δικασάσθω
1551 1676 1620 1712 πρὸς
1637 1676 1682 1704 τὸν
1695 1677 1845 1706 καθελόντα

1050 1717 1167 1745 αὐτόν.»
1192 1718 1348 1746 Κὰντεῦθεν
1379 1721 1481 1748 Γεδεὼν
1512 1723 1721 1759 μετωνόμασται
1753 1725 1846 1754 λοιπὺν

1055 1762 1205 1798 Ὶεροὸἀαλ,
1222 1764 1236 1791 ὃ
1251 1764 1471 1801 διερμηνεύεται,
1492 1778 1502 1794 ι
1518 1769 1680 1797 Δικασάσθω
1700 1772 1715 1798 ό
1730 1772 1815 1800 Βάαλ.
1834 1782 1844 1799 ι

1050 1807 1158 1844 ’Ὠσπερ
1175 1807 1232 1841 οὖν,
1245 1811 1339 1844 φησὶν,
1353 1812 1368 1838 ὁ
1380 1812 1510 1847 Σαλμανὰ
1523 1815 1573 1850 τῆς
1588 1814 1764 1851 Μαδιηναίων
1777 1817 1843 1853 πλη-

1050 1853 1113 1886 θύος
1126 1856 1139 1882 ό
1153 1855 1370 1892 καθηγούμενος,
1387 1859 1418 1885 ἐκ
1435 1858 1482 1886 τοῦ
1499 1860 1573 1887 οίκου
1592 1861 1705 1895 Γεδεὼν,
1720 1863 1782 1899 ἦτοι
1799 1863 1845 1890 τοῦ

1056 1900 1193 1937 Ἰεροϐάαλ
1217 1903 1323 1939 μητέρα
1345 1904 1392 1931 ἐπὶ
1416 1905 1522 1938 τέκνοις
1542 1907 1672 1942 ὴδάφισε,
1695 1910 1742 1936 τὸν
1763 1911 1846 1938 αὐτὸν

1049 1948 1154 1975 τουτονὶ
1169 1950 1270 1984 τρόπον
1286 1949 1340 1976 τῶν
1359 1950 1508 1987 Ἀσσυρίων
1533 1954 1548 1980 ό
1574 1955 1726 1989 στρατηγὸς
1749 1956 1844 1992 ὠμῶς,

1049 1994 1096 2020 καὶ
1115 1995 1317 2031 ἀπανθρώπως,
1333 1998 1380 2024 καὶ
1395 1999 1539 2034 οἰκτιρμοῦ
1556 2000 1658 2032 παντὸς
1668 2001 1729 2037 δίχα
1744 2004 1846 2038 χρήσε-

1049 2049 1094 2067 ται
1119 2041 1231 2078 πολέμῳ
1255 2043 1294 2079 τῷ
1322 2041 1484 2079 καθ’”ὑμῶν,
1498 2046 1544 2073 καὶ
1558 2048 1664 2083 μητέρα
1678 2049 1727 2075 σὺν
1740 2050 1845 2082 τέκνοις

1049 2086 1164 2121 ἐδαφιεῖ.
1173 2088 1348 2124 Συμϐήσεται
1359 2090 1386 2116 δέ
1397 2092 1475 2119 ταυτὶ
1486 2092 1531 2119 διά
1541 2101 1572 2126 γε
1583 2093 1633 2126 τὰς
1643 2093 1720 2128 ὑμῶν
1732 2096 1843 2128 κακίας.

1049 2131 1166 2164 Κολάζει
1180 2133 1234 2169 γὰρ
1247 2134 1278 2161 οὐ
1293 2135 1392 2171 μάτην,
1407 2136 1504 2173 κριτὴς
1515 2137 1553 2165 ὣν
1566 2138 1671 2171 δίκαιος
1684 2141 1699 2166 ὁ
1710 2141 1766 2167 τῶν
1777 2134 1845 2168 ὅλων

1049 2177 1204 2210 Θεός.’Δλλ’
1218 2180 1242 2206 εί
1256 2180 1406 2209 ἐκτείνοντο
1423 2182 1516 2211 λοιπὸν
1540 2184 1580 2216 είς
1596 2185 1627 2212 τὺ
1648 2185 1779 2214 ἐπέκεινα
1796 2188 1844 2223 μέ-

1015 2246 1037 2273 D
1049 2231 1114 2273 τρον
1123 2225 1157 2273 adt
1237 2229 1500 2263 προσκεκρουκότων
1519 2230 1594 2266 αὐτῷ
1607 2231 1843 2269 πλημμελήματα,

1050 2269 1110 2296 τότε
1133 2270 1272 2304 ἀναλόγως
1294 2273 1421 2309 ἐπιφέρει
1437 2275 1470 2302 τὰ
1491 2275 1522 2308 ἐξ
1535 2277 1629 2312 ὀργῆς.
1648 2276 1680 2305 Ei
1697 2279 1730 2315 δὴ
1745 2289 1845 2316 παραι-

1049 2316 1164 2351 τοίμεθα
1187 2317 1233 2344 τὸν
1256 2317 1352 2354 θυμὸν,
1378 2323 1560 2357 παραιτητέον
1586 2320 1615 2350 εὖ
1641 2323 1713 2359 μάλα
1739 2326 1787 2352 καὶ
1815 2327 1845 2354 τὸ

1050 2362 1232 2397 πλημμελεῖν,
1251 2365 1297 2391 καὶ
1311 2365 1341 2391 τὺ
1357 2367 1438 2393 οἱονεὶ
1451 2368 1618 2405 καταθήγειν
1632 2371 1673 2403 είς
1685 2371 1844 2409 ἀγανάκτη-

1051 2415 1093 2433 σιν
1104 2406 1154 2442 τὴν
1170 2407 1243 2434 θείαν
1253 2417 1283 2435 τε
1305 2410 1353 2436 καὶ
1367 2411 1549 2448 ήμερωτάτην
1561 2414 1653 2449 φύσιν,
1667 2416 1739 2451 τάχα
1752 2417 1781 2444 δέ
1793 2406 1851 2446 που·

1050 2453 1097 2480 καὶ
1119 2454 1169 2489 οὐχ
1191 2454 1308 2483 ἑκοῦσαν
1330 2457 1371 2488 είς
1386 2458 1466 2485 τοῦτο
1479 2460 1696 2493 καταϐιάζεσθαι
1713 2465 1776 2496 ταῖς
1791 2465 1844 2492 τῶν

1049 2500 1229 2546 πταισμάτων
1249 2502 1530 2538 ὐπερΰολαῖς.¹ίστέον
1552 2506 1590 2538 δὲ,
1611 2508 1652 2534 ὅτι
1668 2509 1724 2536 τῶν
1740 2511 1843 2546 προλα-

1049 2545 1150 2572 ϐόντων
1169 2546 1309 2583 ἐξηγητῶν
1320 2558 1401 2583 τινες,
1417 2550 1448 2577 οὐ
1464 2553 1509 2579 τὸν
1530 2552 1584 2580 τῶν
1600 2545 1778 2589 Μαδιηναίων
1793 2557 1843 2592 ἄρ-

1049 2599 1131 2626 χοντα
1145 2592 1275 2628 Σαλμανὰ
1289 2594 1395 2630 μητέρα
1418 2597 1465 2623 ἐπὶ
1486 2597 1592 2630 τέκνοις
1606 2599 1734 2633 ἐδαφίσαι
1749 2602 1841 2635 φασιν,

1050 2637 1082 2664 ἐκ
1099 2637 1145 2664 τοῦ
1169 2637 1244 2665 οἴκου
1262 2639 1410 2676 Ἰεροϐάαλ,
1428 2642 1488 2678 ἦτοι
1502 2643 1548 2670 τοῦ
1566 2645 1675 2680 Ἰσραὴλ
1697 2645 1775 2681 (ἀπὸ
1789 2647 1841 2682 γὰρ

1047 2683 1101 2709 τῶν
1115 2683 1277 2719 ἡγουμένων
1289 2686 1319 2712 τὺ
1336 2686 1447 2722 σύμπαν
1459 2687 1514 2715 ἐσθ’
1523 2690 1567 2716 ὅτε
1581 2692 1840 2727 κατασημαίνεται)·

1048 2728 1116 2756 ἀλλὰ
1131 2731 1232 2765 μᾶλλον
1247 2732 1276 2758 ἐν
1293 2732 1333 2768 τῷ
1344 2733 1410 2769 οἴκῳ
1425 2735 1555 2770 Σαλμανὰ
1572 2737 1618 2763 τὸν
1631 2737 1735 2765 Γεδεὼν
1748 2738 1840 2774 ἐδαφί-

1049 2783 1093 2801 σαι
1108 2776 1214 2812 μητέρα
1228 2777 1275 2804 ἐπὶ
1285 2778 1398 2811 τέκνοις.
1410 2780 1480 2807 Ἀλλ’
1491 2780 1567 2817 οἶμαι
1582 2785 1716 2818 κρεῖττον,
1731 2785 1779 2812 καὶ
1793 2783 1840 2818 τὴν

243 2853 348 2882 “ludic.
367 2863 401 2889 rt,
417 2856 442 2889 1,
458 2857 486 2884 2.
527 2857 549 2873 ¹⁰
560 2856 648 2885 Judic.
664 2866 712 2886 \'II.
731 2858 776 2886 23.
817 2860 836 2875 “
852 2859 941 2889 Judic.
957 2869 1017 2895 vitt,
1048 2863 1074 2890 5.
1115 2863 1235 2893 "Judic.
1254 2874 1291 2899 vt,
1309 2867 1352 2894 30.
1394 2869 1415 2885 ’³
1430 2870 1494 2897 ibid.
1510 2870 1553 2897 52.
