1919 3042
93 146 138 173 Elii
554 145 830 173 COMMENTARH‘S
849 146 883 173 IN
903 146 1020 175 OSISAM
1041 146 1250 175 PROPHETAM
1671 147 1726 175 ‘26‘2

93 202 144 230 ἀπὸ
155 200 202 228 τοῦ
218 200 375 236 πρέποντος
388 201 547 237 ἐπικουρίαν
562 202 623 238 ἔχον
636 203 668 230 ἂν
680 204 722 238 είη
739 203 798 238 οὐχὶ
813 203 890 229 τοῦτο

945 208 1082 239 postquam
1097 205 1130 231 ad
1153 202 1332 230 ittololatriam
1350 202 1460 230 deﬂexit
1479 202 1619 238 Ephraim,
1637 202 1726 231 denuo

96 248 201 284 μᾶλλον,
222 247 295 274 ἀλλὰ
312 248 342 273 τὸ
359 247 573 283 ἐτερον.Ὥσιτερ
588 249 643 284 γὰρ
665 250 723 275 κατ’
739 250 828 275 ἐκεῖνο
842 248 889 274 τοῦ

945 256 992 283 per
1010 255 1107 276 manus
1129 249 1319 281 barbarorum,
1335 249 1387 276 hoc
1411 253 1453 276 est
1470 249 1657 284 Assyriorum,
1671 250 1727 276 nati

95 292 199 329 καιροῦ,
212 293 274 319 καθ’
287 293 317 320 ὃν
331 293 514 328 προσκέκλιτο
529 295 586 325 τοῖς
605 294 724 329 Βαλαεὶμ
738 295 752 321 ό
770 294 888 329 Ἰσραὴλ,

945 300 1004 320 cum
1023 294 1155 320 ntatribus
1170 293 1323 321 allideutur.
1340 293 1408 320 Puto
1431 294 1523 329 itaque
1537 295 1560 321 si
1577 294 1728 321 secundum

94 337 283 372 ἠδαφίσθησαν
310 339 376 372 παρ’
392 338 484 369 αὐτοῖς
507 338 541 364 τὰ
564 338 647 365 τέκνα
663 338 798 373 μητράσιν
820 339 888 373 ὁμοῦ

945 345 1052 365 sensum
1071 338 1152 365 verba
1176 339 1289 365 recitata
1319 339 1511 373 intelligamus,
1536 340 1607 374 quod
1630 340 1730 366 dicitur

93 383 136 409 διὰ
154 382 245 420 χειρὸς
273 383 442 417 ἀλλοφύλων,
462 383 533 410 οὕτω
550 385 598 410 καὶ
621 383 670 411 νῦν
690 383 889 416 ἁπονεύσαντος

945 383 1110 418 probabilius
1127 383 1194 415 fore,
1212 389 1240 410 et
1261 384 1467 412 similitudinem
1490 392 1581 412 rerum
1595 388 1727 417 veterum,

94 430 133 460 εἰς
147 429 359 464 είδωλολατρίαν
380 430 426 456 τοῦ
448 430 577 465 Ἐφραῖμ,
599 430 821 466 ἐδαφισθήσονται
836 431 889 458 πά-

945 436 972 457 ιιι
985 438 1017 456 ex
1033 430 1159 465 imagine,
1176 430 1202 456 in
1219 430 1417 458 recentioribus
1431 431 1516 466 magis
1530 431 1728 466 apparitttram.

93 475 134 500 λιν
151 475 195 500 διὰ
218 475 311 509 χειρὸς
348 475 510 511 Βαρϐάρων,
526 476 649 502 τουτέστι
664 476 719 502 τῶν
747 476 907 512 Ἀσσυρίων,
920 475 987 511 ὁμοῦ
1001 477 1060 507 ταῖς
1076 475 1225 508 τεκούσαις
1240 477 1274 503 τὰ
1287 477 1487 512 γεγεννημένα.
1507 475 1591 512 Οἶμαι
1615 476 1647 511 δὴ
1667 474 1725 509 οὖν,

94 521 134 546 ὖτι
148 521 178 546 τὸ
194 521 310 546 πιθανὸν
323 521 337 546 ό
351 521 439 554 λόγος,
460 521 507 547 καὶ
530 521 578 556 τὴν
603 522 751 557 ὁμοιότητα
765 522 813 558 τὴν
826 523 864 551 ὡς
879 522 908 554 ἐξ
923 523 1024 553 εἰκόνος
1044 522 1091 555 τῆς
1105 522 1222 557 ἀρχαίας
1236 523 1281 548 ἐπὶ
1292 523 1326 549 τὰ
1340 521 1460 557 νεώτερα
1470 522 1597 548 διασώσει
1613 522 1726 557 μᾶλλον,

95 567 119 593 εί
135 567 196 602 τῇδε
213 568 300 593 νοοῖτο
313 567 367 593 τῶν
382 567 569 602 προκειμένων
582 569 598 602 ἡ
614 567 743 602 δύναμις.

397 635 522 662 ΚΕΦΑΛ,
544 636 593 662 lA'.

132 691 261 724 ’ορορου
296 690 515 726 ἀπερῤίφησιιν.
545 692 700 726 Ἀπερῤίμη
738 692 887 725 βασιλεὺς

103 736 227 770 Ἰσραήλ
232 755 239 762 .

130 793 217 819 PKA’.
240 793 270 818 υἱ
291 793 381 819 λοιποὶ
403 793 483 820 πάλιν
508 794 685 829 ἑρμηνευταὶ,
703 794 750 820 καὶ
772 794 825 829 μὴν
840 794 886 820 καὶ

96 836 148 863 τῶν
155 836 291 871 Ἐϐραίων
300 839 316 872 ὴ
331 838 485 873 συγγραφὴ,
497 838 552 870 τὺ,‹
573 839 618 870 Ὠς
628 839 723 874 ὄρθρος
733 840 888 876 ἀπερρίφη-

1220 636 1299 671 156
1310 635 1385 662 me.
1410 635 1453 661 χι.

978 694 1057 719 “Illi.
1081 693 1101 719 I.
1124 694 1201 719 Mune
1226 692 1335 727 projecli
1361 697 1430 719 sunt.
1460 690 1597 725 Projecms
1623 695 1658 717 est
1681 699 1727 718 γη

941 738 1035 765 Israel.

974 792 1089 820 CXXIV.
1117 791 1235 818 Rursum
1253 790 1342 818 caeteri
1363 791 1535 825 interpretes,
1551 790 1615 824 quin
1630 795 1657 818 et
1676 789 1728 818 lle-

943 838 1014 866 braaa
1050 838 1184 872 scriptura
1213 836 1356 863 manifeste
1383 836 1495 869 habent,
1529 836 1623 863 «sicut
1649 843 1729 864 mane

98 890 156 912 σαν,
168 891 177 906 ι
187 882 333 917 είρήκασιν
346 882 477 917 ἐναργῶς,
493 883 534 914 τὸ,
546 881 602 909 οἷον
611 883 647 914 ὡς
657 884 685 910 ἐν
697 883 780 919 ὀλίγῳ
795 885 890 921 κομιδῇ

945 884 1067 919 proiecti,
1083 893 1092 910 t
1110 891 1162 917 quo
1183 883 1337 916 signiﬁcant
1357 883 1447 916 quasi,
1465 882 1563 916 exiguo
1583 882 1728 909 admodum

97 926 196 962 καιρῷ,
208 928 304 962 ἤγουν,
319 928 402 961 ὀξέως
418 929 464 955 καὶ
476 929 609 964 ἀμελλητὶ
623 929 672 964 τῆς
686 930 754 965 πρὸς
772 930 837 957 Θεὸν
848 931 888 957 ol-

96 973 236 1008 κειότητος
260 974 493 1001 ἀποπεπτωκέναι
517 974 562 1002 τὺν
579 975 705 1010 Ἰσραὴλ,
730 975 774 1003 διὰ
796 977 889 1004 τούτου

97 1020 289 1055 σημαίνοντες.
308 1021 415 1056 Βραχὺς
438 1022 466 1048 δὲ
484 1021 555 1053 λίαν,
568 1022 582 1048 ὁ
600 1022 647 1048 τοῦ
662 1022 760 1057 ὄρθρου
775 1023 887 1058 καιρόςο

96 1064 153 1099 ἅμα
168 1073 199 1091 τε
215 1065 271 1101 γὰρ
287 1066 400 1100 ἄρχεται
415 1066 586 1101 διαυγασμοῦ
599 1067 647 1102 τῆς
661 1067 768 1103 ἡμέρας
778 1068 808 1094 τὺ
821 1068 888 1101 φῶς,

96 1112 142 1137 καὶ
156 1111 203 1137 τὸν
218 1112 318 1147 ὄρθρον
335 1113 481 1147 ἐργάζεται
492 1121 498 1128 -
511 1112 675 1147 ἀνασχόντος
688 1121 719 1147 γε
736 1114 790 1149 μὴν
803 1114 888 1148 ἡλίου,

96 1157 142 1183 καὶ
162 1157 278 1192 πρώτην
291 1158 389 1184 ἀκτῖνα
410 1158 583 1193 προχέοντος,
601 1158 710 1186 λέλυται
737 1159 783 1186 καὶ
803 1160 891 1195 διελή-

96 1201 189 1228 λακεν.
213 1202 320 1229 Οὐκοῦν
343 1202 381 1234 ὡς
406 1203 513 1238 ὄρθρος,
528 1203 677 1235 τουτέστιν,
691 1205 719 1230 ἐν
741 1204 823 1240 ὀλίγῳ
843 1205 891 1231 καὶ⁵

97 1247 207 1282 βραχεῖ,
223 1247 270 1273 καὶ
289 1247 387 1282 κομιδῇ
403 1247 611 1282 αυνεσταλμένῳ
625 1248 721 1283 καιρῷ,
734 1249 790 1280 τοῖς
808 1249 891 1283 ἡγου-

97 1292 191 1326 μένοις
208 1292 279 1327 ὀμοῦ
294 1292 585 1327 συναπερρίφησαν.Ἣ
601 1293 653 1329 γὰρ
669 1293 755 1325 οὕτως
777 1295 890 1330 συνήσο-

98 1345 159 1372 μεν,
173 1337 191 1372 ἦ
212 1336 273 1363 καθ’
286 1337 379 1372 ἕτερον
402 1337 502 1372 τρόπον
531 1338 821 1373 μεταληψόμεθα.Ὂτε
837 1340 891 1375 γὰρ

96 1383 152 1413 τοῖς
169 1381 351 1417 ἀνθρωπίνοις
366 1383 530 1418 πταίσμασιν
548 1383 624 1410 οὔπω
641 1385 691 1415 τὰς
705 1384 781 1416 δίκας
798 1385 893 1419 ἐπιφέ-

97 1437 140 1464 ρει
165 1428 244 1459 Θεὸς,
261 1428 278 1462 ἢ
306 1429 481 1464 μακροτέραν
506 1431 624 1456 ποιεῖται
646 1430 696 1464 τῆς
719 1430 892 1463 ἀνεξικακίας

96 1474 148 1508 τὴν
167 1473 335 1508 παράτασιν,
350 1473 379 1499 τὺ
391 1474 504 1506 ἀπεικὸς
518 1475 604 1505 οὐδὲν,
620 1476 677 1506 τοῖς
691 1476 719 1502 ἐν
734 1476 811 1502 νυκτὶ
827 1476 892 1502 καθ-

96 1519 207 1546 εύδουσι
232 1520 411 1554 παρειχάζειν
434 1520 526 1547 αὐτόν.
550 1522 604 1547 Καὶ
624 1521 689 1555 γοῦν
714 1522 738 1548 οί
764 1523 891 1557 μακάριοι

941 934 1073 963 tempore,
1095 929 1153 955 sive
1171 928 1308 960 celeriter,
1335 927 1458 961 citraque
1482 934 1584 953 moram
1601 926 1727 954 lsraelem

940 975 987 1002 Dei
1004 974 1122 1001 amicitia
1139 973 1273 1000 excidisse
1288 982 1294 999 :
1311 977 1353 1000 est
1367 973 1466 1006 quippe
1484 972 1628 999 admodum
1646 972 1729 999 breve

941 1020 1102 1046 matutinum
1135 1024 1249 1052 tempus.
1278 1017 1365 1045 Simul
1391 1017 1464 1044 enim
1488 1017 1612 1044 diurnum
1637 1017 1728 1044 lumen

940 1064 1228 1096 illuminare-incipit,
1260 1070 1339 1090 mane
1363 1067 1455 1094 creab;
1471 1062 1610 1090 exoriente
1636 1067 1727 1089 autem

941 1110 1006 1143 sole,
1029 1113 1056 1137 et
1077 1110 1178 1144 primos
1203 1109 1293 1136 radios
1306 1108 1456 1142 iaculante,
1483 1115 1543 1135 mox
1569 1108 1679 1140 desinit,
1699 1112 1727 1135 et

941 1156 1068 1190 prmterit.
1096 1155 1178 1190 Igitur
1204 1159 1233 1180 ut
1265 1161 1352 1187 mane,
1382 1154 1407 1180 id
1436 1158 1487 1185 est,
1514 1154 1540 1179 in
1563 1153 1678 1185 modico,
1700 1156 1728 1180 et

942 1201 1027 1233 brevi,
1053 1205 1079 1228 et
1108 1200 1280 1226 vehementer
1306 1203 1419 1232 angusto
1446 1203 1566 1232 tempore
1590 1205 1640 1224 una
1666 1205 1728 1224 eum

941 1246 1108 1282 principibus
1131 1244 1243 1279 projecti
1267 1247 1340 1271 sunt.
1361 1244 1415 1269 Aut
1438 1243 1509 1270 enim
1533 1243 1572 1269 sic
1597 1242 1728 1276 intellige<

942 1300 1017 1324 mus,
1045 1296 1091 1318 aut
1118 1290 1173 1318 alio
1199 1297 1278 1317 sensu
1307 1289 1482 1323 accipiemus.
1512 1288 1625 1321 Quando
1655 1290 1728 1316 enim

941 1338 1049 1373 ﬂagitiis
1068 1337 1193 1364 humanis
1218 1336 1336 1362 nondum
1362 1342 1456 1369 pcenas
1474 1334 1557 1361 infert
1578 1334 1658 1365 Deus,
1682 1338 1729 1361 aut

943 1383 1113 1411 tolerantiam
1140 1381 1246 1416 longius
1267 1381 1401 1416 producit,
1427 1380 1493 1407 nihil
1515 1380 1596 1408 habet
1617 1379 1728 1407 absurdi

942 1434 1024 1456 noctu
1041 1428 1238 1455 dormientibus
1252 1427 1339 1462 ipsum
1355 1425 1518 1460 comparari.
1547 1425 1727 1458 Quamobrem

942 1474 1012 1502 beati
1029 1473 1168 1508 propheta:
1183 1472 1349 1499 multimodis
1363 1471 1559 1504 clamaverunt,
1577 1472 1628 1498 hoc
1640 1471 1727 1505 ipsum

943 1520 1019 1547 nobis
1037 1519 1230 1553 signiﬁcantes.
1250 1517 1382 1545 Jeremias
1402 1517 1472 1544 enim
1489 1517 1726 1551 sapientissimus:

99 1565 240 1600 προφῆται
268 1566 466 1601 διακεκράγασι
490 1567 667 1603 πολυτρόπως
685 1569 760 1603 ἡμῖν,
774 1568 840 1594 αὐτὸ
861 1568 890 1603 δὴ

947 1574 956 1591 ι
975 1564 1111 1599 Numquid
1129 1571 1180 1590 non
1197 1564 1262 1596 eris,
1285 1563 1381 1597 inquit.
1399 1562 1470 1589 sicut
1482 1563 1561 1590 homo
1579 1562 1728 1594 dormiens,

97 1609 177 1636 τοῦτο
194 1612 457 1646 κατασημαίνοντες.
467 1613 600 1648 Ἱερεμίας
617 1613 665 1646 μὲν
677 1613 731 1648 γὰρ
742 1613 758 1639 ό
770 1612 890 1647 σοφώτα-
910 1611 914 1615 ’

97 1663 153 1686 τος,
173 1665 183 1681 ι
197 1656 244 1691 Μὴ
258 1656 317 1691 ἔσῃ,
333 1657 424 1692 φησὶν,
438 1657 532 1692 ὥσπερ
547 1658 689 1693 ἄνθρωπος
707 1658 809 1690 ὑπνῶν,
823 1658 839 1692 ἢ
854 1658 890 1690 ὼς

98 1701 168 1736 ἀνὴρ
182 1701 213 1727 οὐ
229 1701 378 1737 δυνάμενος
395 1702 505 1735 σώζειν;
521 1712 530 1728 ι
541 1704 569 1730 '0
580 1703 608 1730 δέ
624 1712 656 1738 γε
673 1704 815 1736 θεσπέσιος
829 1704 892 1739 μελ-

97 1746 175 1780 ῳδὸς.
198 1747 264 1773 ποτὲ
292 1748 352 1779 μὲν,
381 1748 474 1782 φησὶν,
497 1750 536 1775 ὃτι
560 1749 765 1785 (Ἐξεγέρθητι,
798 1750 843 1777 ἵνα
866 1749 891 1776 τί

99 1791 195 1822 ὐπνοίς
209 1792 312 1826 Κύριε;
331 1793 473 1828 ἀνάστηθι,
495 1795 541 1820 καὶ
557 1794 594 1830 μὴ
610 1794 708 1830 ἀπώσῃ
724 1796 764 1826 είς
776 1796 865 1826 τέλος·
879 1805 887 1821 t

99 1837 165 1864 ποτὲ
185 1838 214 1863 δὲ
228 1836 262 1864 αὖ
275 1838 486 1874 διεγηγερμένον
501 1839 606 1874 βλέπων
621 1841 660 1871 εἰς
674 1841 833 1876 ἐπικουρίαν
849 1850 890 1867 τι-

99 1883 163 1914 νῶν,
181 1892 191 1908 ‹
203 1882 366 1918 Ἑξηγέρθη,
383 1893 391 1909 t
409 1885 502 1919 φησὶν,
517 1893 526 1910 ι
542 1885 579 1916 ὼς
593 1886 608 1911 ό
624 1885 724 1916 ὑπνῶν,
744 1886 844 1921 Κύριος
855 1895 861 1901 -
879 1895 888 1911 ι

99 1927 197 1962 ὄρθρον
209 1927 242 1962 δὴ
253 1926 300 1954 οὖν
312 1927 399 1954 ἔοικεν
412 1928 572 1960 ἀποκαλεῖν,
585 1928 634 1963 τῆς
651 1928 694 1954 ἐπ’
707 1929 798 1960 αὐτοῖς
811 1930 891 1956 οἱονεὶ

100 1972 295 2008 ἐγρηγόρσεως
310 1972 355 1999 τὸν
368 1974 473 2008 καιρόν.
486 1973 603 2008 Ὅρθρου
630 1975 682 2010 γὰρ
701 1974 729 2007 ἐξ
750 1973 833 2000 ὕπνου
851 1975 890 2000 δι-

100 2017 283 2052 ανιστάμεῦα.
304 2017 524 2052 Ἦγρυπνηκότος
547 2018 578 2053 δὴ
595 2016 642 2045 οὖν
665 2020 707 2045 ἐπ’
729 2020 820 2051 αὐτοῖς
843 2018 891 2045 τοῦ

100 2059 179 2091 Θεοῦ,
193 2060 242 2086 καὶ
264 2060 407 2095 μονονουχὶ
425 2061 637 2097 διεγηγερμένου
653 2062 745 2090 λοιπὸν
769 2064 808 2095 είς
833 2063 892 2090 ἐπί-

101 2104 197 2139 σκεψιν
211 2103 250 2131 ὧν
266 2104 438 2139 δεδράκασιν,
453 2106 600 2140 ἀπόϐλητοι
628 2107 675 2134 καὶ
692 2109 891 2143 ἀπερριμμένοι

102 2150 276 2185 γενήσονται,
298 2151 388 2177 καίτοι
412 2151 456 2178 διὰ
481 2151 609 2187 πλείστην
627 2153 692 2188 ὅσην
717 2153 891 2185 ἀνεξικακίαν

102 2196 245 2231 μονονουχὶ
263 2196 311 2222 καὶ
325 2196 502 2229 νυσταξοντος
516 2197 559 2223 ἐπ’
572 2197 674 2229 αὐτοῖς,
691 2198 761 2224 κατὰ
774 2198 818 2224 τὸν
840 2198 890 2234 ἤδη

102 2241 290 2277 παρῳχηκότα
314 2242 418 2276 καιρόν.
435 2242 655 2277 Συναπερῤίφθαι
678 2243 707 2270 δὲ
728 2245 784 2275 τοῖς
805 2243 892 2278 ὄχλοις

102 2287 149 2313 καὶ
176 2287 222 2313 τὸν
248 2286 371 2321 βασιλέα,
389 2288 481 2322 φησὶν,
499 2287 537 2320 ὡς
558 2289 620 2315 ὅσον
642 2289 755 2315 οὺδέπου
781 2290 892 2324 καὶτῆς

108 2331 231 2368 Ἐςρραῖμ
254 2331 393 2367 βασιλείας
414 2333 546 2368 ἐσομένης
569 2335 601 2360 ἐκ
625 2334 893 2370 μέσου.’Υπονοστή-

102 2385 200 2409 σαντες
217 2377 283 2413 γὰρ,
301 2377 339 2408 ὡς
354 2377 430 2414 ἔφην,
446 2379 486 2410 είς
499 2378 548 2415 τὴν
564 2379 694 2406 Ἰουδαίαν
708 2379 777 2415 μετὰ
789 2380 832 2406 τὸν
845 2380 894 2415 τῆς

102 2423 296 2458 αἰχμαλωσίας
310 2424 416 2459 καιρὸν,
433 2424 477 2459 ὑφ’
493 2424 541 2451 ἕνα
557 2425 656 2457 πάντες
674 2426 802 2460 γεγόνασι
817 2425 894 2460 βασι-

101 2469 149 2495 λέα
167 2470 296 2505 καθάπερ
310 2470 418 2505 ἀμέλει,
431 2471 476 2497 καὶ
491 2471 519 2498 ἐν
533 2471 640 2506 ἀρχαῖς,
651 2472 698 2497 καὶ
713 2471 765 2506 πρὸ
777 2471 831 2497 τῶν
841 2470 892 2505 τῆς

102 2515 232 2547 ἁλώσεως
245 2516 360 2550 χρόνων.
371 2517 540 2543 Ἐϐασίλευον
551 2517 604 2552 γὰρ
615 2518 639 2543 oi
650 2518 682 2543 ἐκ
695 2516 780 2552 φυλῆς
796 2516 891 2550 Ἰούδα,

103 2561 173 2588 κατὰ
186 2561 238 2596 τὴν
257 2561 435 2596 Ἰερουσαλὴμ
449 2562 523 2593 am;
539 2562 585 2588 τοῦ
598 2561 718 2597 Ἰσραήλ.

126 2607 217 2633 .Διότι
229 2606 339 2640 νήπιος
355 2607 488 2641 Ἰσραὴλ,
506 2608 554 2634 καὶ
568 2607 625 2642 ἐγὼ
634 2607 776 2641 ἠγάπησα
789 2607 891 2639 αὐτόν,

103 2653 151 2679 καί
178 2653 214 2684 ἐξ
230 2653 384 2687 Αἰγύπτου
402 2653 589 2688 μετεκάλεεν-α
615 2654 650 2680 τὰ
672 2652 763 2679 τέκνα
791 2653 894 2685 αὐτοῦ,

103 2698 200 2731 καθὼς
221 2698 415 2733 μετεκάλεσα
437 2699 558 2733 αὐτοὺς,
579 2699 672 2731 οὕτως
691 2698 847 2732 ἀπῴχοντο
860 2698 895 2724 ἐκ

101 2740 268 2773 προσώπου
281 2749 353 2775 μου.

136 2786 225 2814 PKE’.
249 2787 359 2813 Ἔοικεν
383 2788 447 2822 ἡμῖν
462 2788 491 2814 ἐν
510 2787 613 2819 τούτοις
638 2789 652 2815 ό
676 2788 753 2822 λόγος
779 2787 895 2814 ἀνθυπο-

149 2864 172 2881 ¹⁴
179 2865 238 2893 Jer.
254 2871 312 2899 xiv,
326 2865 353 2892 9.
397 2865 418 2881 ¹⁵
430 2864 502 2892 Psal.
518 2871 594 2896 XLIII,
609 2864 654 2892 ‘23.

941 1616 986 1637 aut
1003 1611 1043 1636 vir
1059 1618 1110 1636 non
1127 1615 1221 1643 potens
1234 1608 1339 1635 salvare
1353 1607 1415 1634 “it
1433 1607 1546 1635 Divinus
1563 1612 1652 1634 autent
1660 1614 1727 1634 can-

943 1662 995 1687 tor,
1012 1663 1082 1682 nunc
1095 1655 1132 1681 ait
1146 1664 1152 1681 :
1169 1663 1178 1679 ι
1195 1654 1325 1687 Exsurge,
1338 1661 1423 1688 quare
1436 1653 1583 1684 obdormis,
1594 1651 1728 1680 Domine?

941 1707 1066 1734 exsurge,
1088 1703 1116 1727 et
1137 1706 1171 1726 ne
1186 1698 1300 1733 repellas
1313 1698 1340 1725 in
1359 1697 1488 1732 tinem";
1501 1707 1510 1724 ι
1529 1705 1600 1724 nunc
1619 1704 1727 1725 rursum

941 1745 1088 1771 excitatum
1102 1744 1134 1770 ad
1147 1743 1325 1777 quorumdam
1338 1741 1467 1769 auxilium
1483 1749 1607 1774 cernens,
1625 1751 1634 1768 ι
1649 1741 1729 1769 Exci-

942 1792 1014 1815 tatus
1033 1791 1085 1819 est.
1107 1787 1203 1822 inquit,
1222 1792 1350 1821 tanquam
1367 1786 1506 1814 dormiens
1527 1787 1697 1814 Dominus“.
1715 1795 1726 1814 ι

942 1832 1023 1860 Mane
1048 1833 1130 1867 igitur
1158 1832 1292 1867 appellare
1319 1833 1426 1859 videtur
1449 1832 1523 1859 velut
1548 1832 1728 1868 evigilationis

943 1883 1047 1912 tempus
1072 1885 1153 1912 super
1180 1878 1245 1912 ipsis
1267 1887 1273 1905 :
1296 1885 1374 1905 mane
1401 1878 1534 1912 siquidem
1562 1878 1595 1905 de
1631 1884 1727 1905 somno

942 1923 1088 1958 surgimus.
1126 1923 1239 1956 Quando
1270 1931 1336 1958 ergo
1365 1923 1518 1958 vigilaverit
1546 1929 1628 1956 super
1655 1922 1726 1957 ipsos

943 1969 1022 2000 Deus,
1047 1972 1073 1994 et
1099 1969 1132 1995 ad
1156 1968 1275 2002 ipsorum
1303 1973 1361 1995 acta
1384 1969 1416 1995 de
1441 1973 1537 1995 caetero
1560 1967 1727 2001 inspicienda

941 2012 1015 2040 velut
1043 2017 1219 2046 experrectus
1245 2011 1342 2043 fuerit,
1378 2011 1500 2046 rejectitii
1525 2015 1553 2038 et
1584 2011 1726 2045 projectitii

943 2057 1018 2089 lient,
1042 2057 1149 2083 tametsi
1168 2061 1279 2091 propter
1302 2056 1381 2091 longe
1406 2057 1548 2084 maximam
1569 2056 1726 2091 patientiam

942 2103 1134 2138 propemodum
1152 2109 1234 2136 super
1249 2102 1314 2136 ipsis
1332 2106 1454 2136 tempore
1470 2103 1608 2137 praeterito
1625 2103 1719 2130 dormi

942 2148 1021 2176 verit.
1037 2148 1094 2176 Una
1117 2153 1205 2175 autem
1227 2155 1288 2175 cum
1305 2148 1405 2183 populo
1420 2149 1502 2176 etiam
1525 2156 1616 2184 regem
1638 2147 1727 2184 proje-

943 2200 1014 2221 ctum
1044 2193 1077 2221 iri
1106 2193 1236 2226 aliirmat,
1269 2197 1366 2228 utpote
1398 2193 1472 2221 brevi
1503 2201 1586 2229 regno
1619 2201 1728 2230 quoque

908 2239 929 2266 ι)
945 2240 1073 2274 Ephraim
1093 2246 1109 2266 e
1128 2239 1216 2266 medio
1243 2238 1368 2266 tollendo.
1394 2239 1516 2267 Reduces
1538 2240 1609 2267 enim
1634 2240 1660 2268 in
1679 2239 1728 2267 Ju-

940 2286 1035 2317 dzeam,
1061 2290 1090 2311 nt
1105 2285 1171 2316 dixi,
1191 2289 1247 2319 post
1271 2288 1376 2318 tempus
1404 2284 1581 2318 captivitatis,
1607 2285 1656 2312 sub
1671 2291 1727 2311 uno

942 2338 1004 2364 rege
1030 2337 1123 2357 onmes
1147 2330 1231 2360 fuere,
1257 2329 1327 2355 sicut
1352 2329 1432 2355 etiam
1455 2329 1585 2363 principio
1612 2333 1639 2356 et
1663 2334 1727 2356 ante

942 2380 1047 2409 tempus
1073 2375 1239 2410 captivitatis
1266 2374 1383 2401 fuerant.
1409 2372 1569 2408 Regnabant
1593 2375 1665 2401 enim
1692 2374 1726 2402 de

943 2420 1014 2447 tribu
1028 2419 1096 2446 .luda
1111 2419 1252 2454 progeniti,
1269 2419 1376 2453 quando
1389 2418 1530 2444 universus
1544 2418 1628 2446 Israel
1638 2419 1727 2447 adhuc

945 2465 1157 2501 Hierosolymam
1179 2465 1252 2500 regni
1268 2465 1359 2492 sedem
1376 2463 1548 2499 agnoscebat.

983 2605 1064 2632 Vens.
1080 2604 1107 2632 2.
1133 2603 1200 2637 Quia
1215 2603 1338 2637 parvulus
1351 2601 1444 2633 Israel,
1457 2606 1480 2628 et
1499 2609 1544 2635 ego
1560 2600 1640 2628 di.’exi
1657 2609 1727 2634 eum,

947 2656 970 2678 et
992 2658 1024 2678 ea:
1044 2649 1160 2684 zEgypto
1174 2649 1263 2676 vocavi
1283 2647 1352 2682 ﬁlias
1373 2644 1438 2681 eju's.
1453 2645 1531 2681 157
1546 2645 1618 2673 Sicut
1640 2646 1729 2672 vocavi

946 2705 1002 2729 eos,
1017 2697 1053 2722 ita
1066 2696 1171 2722 abibant
1190 2703 1206 2721 α
1220 2694 1288 2729 facie
1302 2702 1367 2720 mea.

981 2781 1086 2810 CXXV.
1117 2781 1228 2809 Videtur
1243 2781 1307 2807 mihi
1331 2781 1373 2808 his
1395 2779 1484 2807 verbis
1499 2778 1641 2814 objectioui
1661 2785 1730 2814 quo-

694 2864 716 2879 ”
728 2862 795 2891 Psal.
820 2869 920 2890 Lxxvu.
932 2861 978 2889 65.
