1919 3042
198 138 250 168 265

693 141 721 168 S.
742 140 878 168 CYRILLi
898 136 1134 166 ALEXANDRINI
1153 137 1313 165 ABCIHEP.

1765 137 1817 165 26S

199 192 322 221 rumdam
336 201 490 222 occurrere.
502 193 648 229 Fingamus
660 195 732 222 enim
744 195 896 230 quempiam
912 193 976 221 illud

1034 193 1099 228 φορᾷ
1122 193 1256 228 μάχεσθαι
1280 193 1313 228 τῇ
1340 193 1418 228 παρά
1439 201 1530 220 τινων.
1554 193 1676 221 Nasidio)
1699 195 1754 229 γάρ
1776 202 1818 224 τις

198 239 268 273 apud
293 247 322 266 se
351 240 479 274 cogitare,
507 244 553 266 aut
576 241 656 267 etiam
681 240 767 275 palam
794 241 927 276 proloqui.
951 239 979 267 Si

199 283 317 311 futurum
337 289 395 312 erat
417 289 447 311 ιιι
471 285 638 317 exciderent,
663 289 691 313 et
715 293 729 313 a
752 286 822 314 facie
846 285 892 313 Dei
915 286 979 312 olim

199 329 376 364 rejicercntur
390 329 486 364 posteri
513 329 604 364 Israel,
621 331 768 366 iierenlque
787 322 993 359 abominabiles

199 379 227 401 et
251 374 338 406 exosi,
363 382 413 401 cur
431 375 541 402 omnino
555 383 569 402 a
588 376 720 411 principio
736 376 823 404 vocati
843 376 927 403 sunt?
940 376 981 403 Ad

200 421 250 447 ista
264 420 333 446 Deus
347 427 476 454 perquam
489 428 607 455 congrue
619 422 762 456 respondet
771 421 979 456 quodammodo,

200 469 227 490 et
243 464 320 496 dicit,
339 473 348 490 ι
365 464 495 493 Parvuius
521 466 619 500 Israel,
644 471 670 494 et
688 475 738 501 ego
757 467 834 494 dilexi
851 474 921 494 eum.
940 467 981 494 Ex

196 509 313 544 Egypto
332 511 461 538 accersivi
490 513 558 540 ﬁlios
584 512 651 546 ejus.
667 522 676 538 ι
698 512 782 540 liomo
803 513 933 540 candidus
953 517 981 540 et

198 555 256 583 sine
272 556 344 590 fuco,
360 558 458 592 inquit,
473 558 522 586 luit
537 558 631 591 Jacob,
653 564 755 587 mutato
770 559 878 587 nomine
892 559 980 586 dictus

196 600 292 635 Israel;
312 603 414 631 idcirco
434 604 515 632 dilexi
531 612 603 634 eum.
620 604 688 632 Nam
707 613 767 633 cttm
789 606 877 633 adhuc
889 610 981 632 essent

198 647 295 676 fratres
311 649 337 676 in
354 654 443 682 utero,
462 659 471 676 ι
488 651 570 678 Jacob
585 651 677 683 dilexi,
692 651 788 686 inquit,
805 651 875 679 Esau
891 655 980 678 autem

197 694 258 721 odio
285 695 366 722 habui
380 696 411 723 ¹⁷.
428 705 437 722 ι
467 696 599 730 Quoniam
622 697 704 732 igitur
733 697 813 724 dilexi
837 704 918 728 eum,
947 696 981 723 ob

198 745 257 766 eam
277 747 386 768 causam
403 741 436 768 de
459 741 646 777 Aigyptiorum
665 750 772 777 quoque
796 743 934 770 dominatu
951 741 982 768 il-

198 784 249 812 lios
277 786 334 819 ejus
364 787 459 820 eripui.
480 787 585 814 «Facio
615 787 687 814 enim
713 787 923 814 misericordiam
953 786 980 813 in

199 830 281 857 millia
297 831 469 866 diligentibus
484 832 568 859 me”.
584 842 593 858 ι
611 832 680 866 Quid
700 832 823 859 honorati
847 838 873 859 et
889 831 979 859 selecti

198 880 307 908 propter
316 877 426 910 patres?
438 876 569 905 libertatis
586 878 672 904 ornati
687 877 784 911 gratia,
799 877 981 911 Servituteque

198 926 224 948 et
240 922 376 950 laboribus
401 923 538 958 exempti?
562 922 629 950 Num
653 922 774 950 vicissim
796 922 981 950 honorarunt?

199 975 261 994 num
277 967 345 995 bene
361 967 465 996 atfectis
482 968 579 996 animis
593 972 774 1003 protectorem
796 967 880 995 Deum
895 968 980 995 lzetiti-

198 1018 260 1038 care
277 1012 364 1039 conati
389 1011 672 1048 sunt?Nequaquam,
695 1013 792 1047 inquit.
813 1013 981 1047 Aulugerunt

198 1056 269 1082 enim
287 1063 301 1083 a
319 1057 445 1089 Domino;
462 1058 585 1085 abierunt
601 1059 634 1086 ab
648 1065 680 1085 eo
698 1059 743 1093 qui
759 1059 980 1086 eos-cohonesta-

198 1106 295 1134 verat;
326 1103 445 1137 protervi
470 1103 496 1130 in
521 1111 582 1131 eum
615 1104 659 1138 qui
683 1105 788 1131 vocavit
809 1104 979 1132 exstiterunt.

198 1146 329 1173 Abicrunt
345 1151 445 1179 autem,
463 1155 580 1182 quonam
606 1148 706 1175 modo!
721 1155 784 1174 nutn
799 1148 861 1182 quia
885 1147 980 1182 singil—

199 1189 283 1223 latim,
306 1195 333 1218 et
360 1192 509 1219 secundum
537 1199 637 1226 paucos
667 1200 681 1219 a
710 1197 799 1220 mente
832 1197 858 1219 et
880 1192 981 1227 judicio

199 1236 382 1268 desciverunt,
406 1242 433 1264 et
456 1237 635 1271 quorumdam
663 1237 777 1266 fallaciis
802 1239 873 1272 capti
899 1239 982 1266 sunt?

198 1281 275 1309 Nullo
291 1282 379 1310 modo.
397 1281 570 1310 Resiluerunt
588 1284 659 1310 enim
673 1284 724 1315 sic,
739 1284 872 1319 quomodo
886 1284 982 1312 videli-

198 1333 243 1355 cet
261 1328 347 1355 vocati
365 1333 438 1360 sunt,
459 1329 484 1355 id
505 1333 555 1360 est,
574 1330 721 1357 secundum
741 1330 895 1358 universam
913 1330 981 1358 mul-

199 1373 351 1406 titudinem,
368 1377 394 1401 et
411 1374 560 1401 secundum
584 1375 679 1407 tribus,
703 1379 786 1402 totum
809 1382 904 1410 genus,
921 1380 982 1402 tota:

199 1419 317 1446 familiae.
341 1419 384 1446 Sic
405 1420 476 1446 enim
496 1420 630 1454 quondam
654 1420 687 1447 de
709 1419 826 1456 Egypto
846 1421 980 1447 exierunt.

199 1464 371 1491 Meminimus
394 1471 485 1498 porro,
501 1465 543 1491 vix
562 1465 667 1492 tandem
688 1465 829 1492 Pharaone
844 1465 981 1493 dimissio-

199 1516 260 1536 nem
278 1509 460 1544 promittente,
474 1510 546 1537 etde
569 1510 740 1538 multitudine
756 1510 862 1538 abitura
881 1518 981 1546 cogno-

198 1561 274 1582 scere
286 1555 421 1589 cupiente,
440 1559 466 1582 et
478 1555 577 1589 apertis
585 1555 676 1583 verbis
684 1561 830 1590 qumrente,
850 1565 859 1581 (
871 1557 980 1591 quinam

200 1605 226 1626 et
234 1600 279 1634 qui
290 1604 360 1632 sunt,
368 1599 447 1634 etqui
461 1599 552 1626 ibunt?
562 1609 571 1625 ι
583 1599 690 1635 Moysen
701 1600 885 1634 respondisse:
895 1609 905 1626 ι
915 1600 981 1628 Cum

198 1645 350 1679 junioribus
363 1649 389 1672 et
411 1645 565 1673 senioribus
579 1646 680 1672 nostris
697 1645 805 1678 ibimus,
825 1653 886 1673 cum
911 1646 981 1678 Iiliis,

199 1695 226 1718 et
250 1690 368 1723 ﬁliabus,
389 1695 416 1717 et
439 1690 544 1722 oi'ibus,
565 1695 592 1717 et
611 1691 696 1718 bobus
722 1691 822 1718 nostris
833 1691 864 1717 η.
881 1700 890 1717 ›
913 1691 982 1726 Ergo

199 1735 349 1762 secundum
365 1738 436 1762 totas
456 1734 550 1766 tribus,
565 1738 593 1761 et
609 1734 756 1761 secundum
772 1733 980 1766 multitudinem,

199 1780 347 1807 secundum
371 1787 455 1814 genus
478 1779 644 1811 universum,
678 1785 706 1807 et
730 1779 844 1806 fantilias
866 1779 980 1807 vocavit.

200 1825 323 1852 Similem
338 1825 445 1852 modum
461 1825 556 1852 habuit
578 1825 721 1860 apostasis,
743 1825 818 1858 cujus
841 1825 984 1859 turpitudi-

200 1878 260 1898 nem
274 1870 424 1898 clarissime
437 1870 557 1898 05tendit
573 1878 632 1898 cum
646 1871 721 1903 dicit,
743 1879 752 1896 ι
766 1870 875 1898 abibant
887 1879 901 1896 a
915 1870 984 1898 facie

200 1922 270 1943 mea.
300 1924 309 1941 ι
343 1914 416 1953 Quos
447 1915 519 1942 enim
549 1915 639 1942 odisse
660 1914 774 1942 voluerit
797 1914 982 1942 universorum

200 1961 341 1992 Dominus,
364 1968 415 1987 non
441 1960 566 1994 dignatur
586 1960 733 1994 respicere,
755 1960 831 1994 juxta
847 1959 922 1991 illud,
942 1959 983 1986 in-

200 2014 299 2041 quam,
330 2006 355 2033 in
388 2005 497 2033 Psalmo
519 2010 680 2032 cantatum:
699 2015 707 2031 ι
723 2005 838 2040 Respice
866 2013 926 2037 me,
957 2009 984 2032 et

200 2053 328 2080 miserere
356 2052 408 2079 mei
419 2052 454 2079 ⁸ο.
480 2061 490 2078 ι
522 2051 660 2086 Scriptum
689 2056 731 2079 est
757 2051 829 2078 enim
851 2060 858 2078 :
880 2060 889 2076 ι
907 2050 982 2078 Oculi

201 2097 304 2124 Domini
325 2104 405 2132 super
417 2096 548 2130 iustos“.
564 2105 573 2122 ι
598 2096 630 2123 Ει
655 2096 713 2130 ipse
736 2095 833 2124 alicubi
851 2105 882 2123 ιι
898 2096 984 2130 Super

201 2149 279 2176 quem
297 2142 452 2176 respiciam,
475 2142 527 2168 nisi
545 2148 627 2176 super
643 2141 782 2173 humilem,
805 2146 833 2168 et
851 2141 982 2175 quietutn,

200 2191 228 2214 et
242 2191 399 2213 trementem
419 2194 558 2213 sermones
577 2187 681 2213 meos"
692 2186 704 2212 ’ἶ
717 2195 727 2212 ι

238 2233 317 2267 158
329 2233 406 2259 Vens.
419 2233 446 2264 5,
460 2233 486 2259 4.
502 2232 557 2266 Ipsi
571 2232 673 2258 Banh’m
687 2232 866 2264 immolabant,
876 2238 900 2259 et
913 2232 983 2259 scul-

200 2279 308 2314 ptilibus
318 2277 466 2304 adolebant.
480 2277 512 2304 Et
521 2285 565 2312 ego
578 2277 838 2311 colligaviEp/uraim,
850 2282 874 2303 et
883 2278 982 2311 suscepi

201 2332 258 2351 eum
270 2332 346 2358 super
360 2323 493 2350 brachium
513 2331 609 2355 meum,
625 2328 647 2348 et
663 2331 712 2349 non
728 2326 909 2357 cognoverunt,
922 2322 983 2357 quia

201 2377 266 2396 sano
281 2378 323 2396 eos
350 2369 377 2396 in
397 2369 562 2402 corruptione
587 2368 731 2395 hominum.
757 2367 869 2395 Extendi
889 2376 931 2395 eos
956 2367 984 2394 in

201 2415 309 2442 vinculis
324 2414 459 2440 clmrilatis
472 2421 544 2440 metr.

236 2458 353 2486 CXXVI.
390 2458 549 2484 lmmensam
578 2462 604 2484 et
630 2457 767 2485 divinitate
792 2456 848 2491 ejus
873 2457 980 2492 dignam

202 2505 292 2532 inesse
319 2504 372 2530 Deo
398 2503 629 2530 mansuetudinem
652 2503 827 2530 demonstrat.
852 2503 887 2530 lis
910 2504 980 2531 enim

203 2550 248 2582 qui
270 2548 453 2579 crediderunt,
475 2551 502 2574 et
525 2547 611 2581 ipsum
627 2551 820 2582 cognoverunt,
841 2547 982 2581 solumque

202 2595 314 2620 adorare
331 2597 471 2626 cmperunt
487 2592 555 2619 bona
573 2592 702 2624 tribuere,
716 2592 800 2619 videri
817 2593 901 2627 possit
917 2600 984 2620 con-

203 2639 324 2668 veniens,
340 2641 366 2664 et
381 2637 415 2664 ab
428 2637 553 2671 aequitate
563 2638 680 2664 alienum
698 2644 749 2664 non
764 2643 816 2664 est.
831 2637 982 2672 Unusquis-

202 2690 254 2716 que
272 2683 342 2710 enim
358 2683 491 2711 siquidem
506 2689 578 2711 recte
593 2683 681 2710 facere
699 2683 774 2716 velit,
790 2683 845 2717 jam
862 2683 980 2710 deditum

250 2775 270 2790 ¹⁷
283 2775 393 2804 Malach.
425 2784 443 2808 ι,
461 2777 487 2804 5.

242 2810 262 2825 έτ
274 2809 322 2837 lsa.
340 2819 411 2843 Lm,
426 2812 452 2838 2.

562 2777 582 2793 ’⁸
595 2775 678 2804 Exod.
695 2783 741 2808 xx,
759 2774 785 2802 6.
825 2775 845 2790 ”
859 2774 942 2804 Exod.
956 2784 983 2809 x,
998 2772 1029 2804 ’8.
1061 2778 1088 2806 9.

1030 239 1118 265 ἐκεῖνο
1139 238 1377 274 διενθυμούμενος,
1400 239 1417 275 ἢ
1435 239 1482 266 καὶ
1497 239 1584 274 λέγων
1599 239 1762 273 ἀναφανδόν.
1785 238 1817 266 Εἰ

1030 284 1141 320 ἔμελλον
1160 284 1366 318 ἀποπεσεῖσοαι,
1380 285 1426 311 καὶ
1445 284 1478 311 ὲκ
1499 284 1644 320 προσώπου
1655 285 1724 312 Θιοῦ
1740 285 1817 318 γενέ-

1031 330 1092 357 σθαι
1115 330 1185 357 κατὰ
1206 331 1318 366 καιροὺς
1339 331 1364 357 οἱ
1385 331 1413 364 ἐξ
1429 330 1543 366 αἵματος
1560 330 1677 366 Ἰσραὴλ,
1696 330 1818 365 βδελυροί

1029 383 1059 401 τε
1076 375 1185 402 ἔσεσθαι
1209 375 1256 402 καὶ
1270 375 1470 410 ἀπηχθημένοι,
1487 375 1513 401 τί
1527 375 1574 402 καὶ
1589 375 1656 406 ὅλως
1671 375 1817 408 κέκληνται

1030 420 1078 455 τὴν
1102 420 1206 456 ἀρχήν;
1232 419 1304 454 Πρὸς
1328 420 1414 447 ταῦτα
1429 420 1506 452 Θεὸς,
1525 421 1571 446 καὶ
1593 420 1668 454 μάλα
1692 419 1817 451 εἰκότως,

1030 465 1166 501 ἐξηγεῖται
1179 465 1278 501 τρόπον
1293 465 1363 497 τινὰ,
1378 465 1474 500 λέγων’
1494 474 1503 491 ι
1518 465 1622 500 Νήπιος
1641 465 1760 501 Ἰσραὴλ,
1773 465 1820 492 καὶ

1030 510 1085 544 ἑγὼ
1104 510 1236 546 ἠγάπησα
1260 511 1406 543 αὐτόν.⁹Εξ
1426 511 1565 546 Αἰγύπτου
1591 511 1762 545 μετεκάλεσα
1784 510 1820 537 τὰ

1030 557 1112 583 τέκνα
1124 556 1217 583 αὑτοῦ.
1229 566 1238 583 ι
1249 557 1330 593 Ἀνὴρ
1340 556 1476 589 ἄπλαστος
1489 557 1595 591 γέγονε,
1609 557 1700 592 φησιν,
1709 556 1818 590 Ἰακὼϐ,

1031 601 1058 633 ὃς
1083 602 1313 638 μετεπωνομάσοη
1334 603 1451 638 Ἰσραήλ.
1469 603 1603 639 Ταύτῃτοι
1627 603 1674 629 καὶ
1687 603 1820 637 ἠγάπησα

1032 647 1187 675 αὑτόν.¹Ἐτι
1203 649 1256 683 γὰρ
1275 648 1359 675 ὄντων
1373 649 1402 674 ὲν
1423 649 1524 684 μήτρᾳ,
1541 657 1550 674 ι
1567 648 1619 675 Τόν
1630 647 1729 675 Ἰακὼὸ
1753 648 1820 682 ἠγά-

1031 702 1116 728 πησα,
1128 694 1209 730 φησί·
1226 695 1272 721 τὸν
1295 694 1323 720 δὲ
1340 694 1424 721 Ἦσαῦ
1440 695 1568 730 ἐμίσησα.
1585 704 1594 720 ι
1605 694 1715 729 Ἐπειδὴ
1730 693 1819 720 τοίνυν

1031 739 1161 774 ἠγάπησα
1177 739 1268 770 αὐτὸν,
1284 739 1412 776 ταύτῃτοι
1436 741 1483 766 καὶ
1507 739 1649 775 ἐξειλόμην
1671 741 1720 775 τῆς
1734 740 1820 773 Αἰγυ-

1032 786 1117 812 πτίων
1136 785 1294 818 πλεονεξίας
1307 785 1340 812 τὰ
1353 785 1436 812 τέκνα
1451 785 1543 812 αὐτοῦ.
1563 795 1572 811 ι
1588 785 1660 812 Ποιῶ
1673 785 1726 820 γὰρ
1745 785 1820 816 ἔλεος

1033 832 1072 862 είς
1085 830 1205 866 χιλιάδας
1216 831 1271 862 τοῖς
1287 831 1414 865 ἀγαπῶσι
1432 839 1476 866 με.
1493 840 1502 857 ι
1519 831 1550 857 Τί
1567 829 1613 858 οὖν
1628 831 1653 857 οἱ
1669 830 1820 865 τετιμημέ-

1031 885 1071 903 νοι
1095 877 1142 903 καὶ
1154 877 1298 904 ἀπόλεκτοι
1312 877 1356 903 διὰ
1367 877 1430 909 τοὺς
1449 877 1583 912 πατέρας;
1598 877 1623 904 οἱ
1636 878 1668 912 τῇ
1683 878 1733 912 τῆς
1747 876 1821 902 ἐλευ-

1033 922 1125 958 θερίας
1138 923 1314 958 τετιμημένοι
1333 923 1436 959 χάριτι,
1452 923 1499 950 καὶ
1517 923 1638 954 δουλείας
1665 922 1713 949 καὶ
1731 922 1820 949 πόνων

1031 967 1252 1002 ἁπηλλαγμένοι;
1267 964 1339 1003 Ἆρα
1351 968 1533 1002 τετιμήκασιν
1545 976 1553 1000 ;
1567 964 1621 1002 ἆρα
1632 967 1692 998 ταῖς
1703 965 1820 996 εὐνοίαις

1031 1012 1241 1047 κατευφραίνειν
1258 1012 1426 1039 ἐσπούδασαν
1437 1012 1483 1038 τὸν
1497 1011 1722 1047 ὑπερασπίσαντα
1733 1010 1818 1042 Θεόν;

1032 1056 1172 1091 Οὐδαμῶς,
1191 1057 1280 1092 φησίν.
1296 1057 1548 1093 Ἀποδεδραμήκασι
1572 1057 1626 1092 γὰρ
1643 1056 1692 1083 τοῦ
1715 1055 1820 1082 Δεσπό-

1031 1109 1089 1133 του,
1105 1101 1246 1137 ἁπῴχοντο
1259 1102 1304 1129 τοῦ
1322 1103 1509 1138 τετιμηκότος,
1528 1103 1640 1138 ὕϐρισαν
1657 1103 1702 1129 τὸν
1718 1101 1820 1137 κεκλη-

1032 1148 1108 1176 κότα.
1120 1148 1275 1182 Ἀπῲχοντο
1289 1148 1326 1180 δὲ,
1342 1148 1402 1175 τινα
1417 1149 1533 1183 τρόπον;
1551 1146 1605 1184 ἄρα
1620 1147 1679 1175 καθ’
1693 1147 1752 1178 ἕνα,
1773 1147 1821 1174 καὶ

1031 1195 1093 1223 κατ⁹
1104 1195 1211 1229 ὀλίγους
1227 1194 1274 1221 τοῦ
1292 1196 1400 1230 φρονεῖν
1419 1194 1506 1228 ὀρθῶς
1522 1193 1754 1228 ἀπωλισῢηκότες,
1772 1193 1821 1220 καὶ

1031 1242 1091 1274 ταῖς
1107 1251 1187 1269 τινων
1199 1241 1317 1272 ἀπάταις
1329 1240 1558 1274 ὑποκλεπτόμενοι
1569 1248 1576 1271 ;
1592 1239 1740 1274 Οὓμενουν.
1751 1240 1821 1266 ’Δπ-

1032 1287 1125 1323 έθορον
1147 1287 1199 1323 γὰρ
1225 1287 1329 1319 οὕτως,
1356 1286 1450 1321 ὥσπερ
1473 1285 1568 1320 ἀμέλει
1593 1285 1640 1312 καὶ
1661 1285 1821 1320 κέκληνται,

1032 1333 1164 1365 τουτέστι,
1181 1333 1251 1360 κατά
1274 1333 1377 1368 πληθὺν
1393 1333 1457 1367 ὅλην
1479 1333 1526 1358 καὶ
1549 1333 1618 1360 κατὰ
1633 1332 1730 1367 φυλὰς,
1748 1341 1822 1366 παγ-

1033 1378 1098 1413 γενῆ
1119 1386 1149 1404 τε
1174 1377 1220 1404 καὶ
1241 1377 1359 1404 πανοικί.
1371 1377 1498 1413 Ἐξῆλθον
1513 1378 1566 1412 γὰρ
1583 1377 1655 1404 οὕτω
1671 1379 1720 1412 τῆς
1739 1377 1823 1411 Αίγύ-

1034 1431 1099 1449 πτου
1113 1423 1182 1450 κατὰ
1196 1422 1316 1458 καιρούς.
1327 1423 1499 1458 Μεμνήμεθα
1512 1423 1549 1456 δὲ,
1565 1423 1606 1449 ὅτι
1621 1422 1696 1458 μόλις
1709 1423 1822 1458 ἀνήσειν

1033 1468 1079 1494 τὺν
1095 1467 1202 1503 Ἰσραὴλ
1219 1468 1433 1504 ὑπισχνουμένου
1451 1468 1498 1495 τοῦ
1515 1468 1622 1504 Φαραὼ,
1638 1468 1685 1494 καὶ
1700 1468 1749 1503 τὴν
1767 1468 1822 1494 ἀπ-

1034 1514 1162 1548 αίρουσαν
1185 1514 1267 1540 αὑτοῦ
1290 1513 1394 1549 πληθὺν
1409 1514 1560 1550 ἀναμαθεῖν
1571 1514 1716 1546 ἐθέλοντος,
1731 1513 1824 1547 λέγον-

1034 1559 1078 1590 τός
1089 1567 1119 1585 τε
1138 1559 1242 1593 σαφῶς,
1263 1569 1272 1585 ι
1287 1559 1365 1591 Τίνες
1385 1560 1432 1586 καὶ
1451 1560 1524 1592 τίνες
1546 1560 1614 1586 εἰσιν
1629 1561 1653 1586 οἱ
1671 1560 1824 1594 πορευόμε-

1033 1612 1090 1637 νοι;
1105 1613 1115 1630 ι
1127 1604 1228 1638 Μωσῆς
1240 1604 1410 1639 ἀπεκρίνετο·
1421 1613 1430 1630 ι
1441 1605 1493 1631 Σὺν
1505 1606 1560 1636 τοῖς
1572 1605 1722 1636 νεανίσκοις
1732 1604 1823 1639 ἡμῶν,

1033 1649 1080 1676 καὶ
1103 1650 1151 1676 σὺν
1173 1651 1229 1680 τοῖς
1252 1650 1446 1685 πρεσϐυτέροις
1463 1650 1540 1685 ήμῶν
1556 1649 1756 1686 πορευσόμεθα,
1774 1649 1824 1676 σὺν

1033 1695 1088 1726 τοῖς
1102 1695 1179 1726 υἱοῖς,
1197 1695 1241 1721 καὶ
1257 1695 1418 1730 θυγατράσι,
1434 1697 1480 1722 καὶ
1495 1696 1651 1731 προϐάτοις,
1668 1696 1714 1722 καὶ
1730 1695 1824 1729 βουσὶν

1034 1740 1122 1775 ἡμῶν.
1139 1749 1148 1765 ι
1165 1739 1269 1767 Οὐκοῦν
1285 1741 1354 1768 κατὰ
1369 1741 1454 1775 φυλὰς
1466 1742 1529 1773 ὅλας
1554 1742 1600 1768 καὶ
1614 1741 1684 1768 κατὰ
1705 1741 1823 1777 πληθὺν,

1034 1785 1105 1812 κατά
1129 1785 1207 1819 γένος
1227 1795 1257 1812 τε
1281 1786 1328 1812 καὶ
1348 1787 1438 1819 οἴκους
1453 1788 1469 1822 ἠ
1487 1787 1592 1822 γλῆσις.
1609 1787 1687 1814 Κατά
1704 1787 1750 1813 τὸν
1766 1788 1825 1813 ἴσον

1033 1829 1062 1855 δὲ
1076 1829 1175 1864 τρόπον
1191 1829 1238 1856 καὶ
1255 1831 1271 1865 ἡ
1287 1822 1447 1863 ἀπόστασις,
1462 1828 1495 1865 ἦς
1507 1831 1538 1858 τὸ
1555 1831 1670 1862 ἀκαλλὲς
1686 1831 1726 1857 ὅτι
1742 1831 1825 1866 μάλι-

1034 1883 1085 1901 στα
1103 1875 1240 1910 σημαίνει,
1254 1875 1342 1910 λέγων
1358 1876 1397 1909 τὸ,
1418 1887 1428 1903 ι
1443 1877 1597 1912 Ἀπῴχσιντο
1618 1878 1650 1904 ὲκ
1675 1877 1824 1913 προσώπου

1035 1927 1097 1954 μου.
1111 1928 1120 1945 ι
1136 1918 1189 1951 Οὓς
1199 1919 1253 1954 γὰρ
1266 1919 1298 1946 ἂν
1310 1921 1396 1947 ἕλοιτο
1410 1923 1519 1956 μισεῖνὸ
1528 1922 1582 1949 τῶν
1597 1922 1664 1948 ὅλων
1671 1922 1823 1955 Δεσπότης,

1034 1963 1087 1990 οὐδ’
1100 1964 1132 1991 ἂν
1154 1963 1342 1999 ἐπισκέψαιτο,
1358 1966 1417 1992 κατ’
1431 1967 1528 1998 ἐκεῖνο,
1547 1967 1627 2001 φημὶ,
1643 1966 1673 1992 τὸ
1696 1967 1725 1992 ὲν
1748 1966 1826 1992 Ψαλ-

1036 2009 1096 2043 μοῖς
1110 2009 1291 2044 ὑμνούμενον·
1313 2019 1322 2035 ι
1337 2010 1496 2044 Ἐπίϐλέψον
1517 2011 1560 2037 ἐπ’
1576 2011 1636 2045 ἐμὲ,
1650 2011 1696 2037 καὶ
1713 2011 1826 2046 ἐλέησόν

1036 2062 1105 2088 με.»
1131 2054 1286 2090 Γέγραπται
1310 2055 1374 2090 γὰρ,
1399 2056 1440 2082 ὅτι
1466 2066 1474 2081 ι
1489 2056 1639 2091 Ὀφοα).μο“ι
1655 2056 1757 2092 Κυρίου
1778 2058 1827 2083 ἐπὶ

1034 2099 1155 2130 δικαίους
1165 2108 1172 2114 '
1188 2109 1196 2125 ι
1213 2100 1260 2126 καὶ
1277 2100 1356 2132 αὐτὸς
1371 2101 1400 2127 δέ
1416 2101 1467 2127 πού
1481 2109 1573 2136 φησιν·
1591 2111 1600 2128 ‹
1614 2102 1677 2128 Ἐπὶ
1693 2102 1753 2129 τίνα
1765 2103 1827 2129 ἐπι-

1036 2144 1135 2179 ϐλέψει),
1155 2145 1211 2171 ἀλλ’
1223 2145 1239 2180 ἢ
1256 2146 1301 2172 ἐπὶ
1314 2146 1358 2172 τὸν
1371 2147 1497 2173 ταπεινὸν
1509 2147 1556 2174 καὶ
1567 2147 1688 2182 ἡσύχιον.
1701 2147 1747 2174 καὶ
1758 2147 1826 2183 τρέ-

1040 2198 1123 2225 μοντα
1138 2190 1201 2220 τοὺς
1216 2190 1312 2224 λόγους
1331 2199 1398 2226 μους
1416 2200 1426 2217 ι

1070 2233 1159 2260 Αὐτοὶ
1184 2233 1245 2266 τοῖς
1258 2234 1390 2268 Βααλεὶμ
1410 2235 1509 2267 ἔθυον,
1527 2235 1575 2262 καὶ
1598 2236 1660 2268 τοῖς
1680 2235 1828 2270 γλυπτοῖς

1036 2278 1172 2312 ἐθυμίων.
1188 2278 1242 2304 Καὶ
1262 2278 1319 2313 ἐγὼ
1341 2279 1530 2306 συνεπόδισα
1551 2281 1604 2306 τὸν
1626 2280 1758 2314 Ἐφραῖμ,
1775 2279 1828 2306 καὶ

1036 2323 1185 2351 ἀνέλαϐον
1202 2323 1295 2351 αὑτὸν
1311 2325 1359 2351 ἐπὶ
1379 2325 1432 2352 τὸν
1445 2326 1595 2360 βραχίων-ά
1611 2335 1680 2360 μου.
1695 2325 1750 2352 Καὶ
1769 2326 1828 2352 οὐκ

1036 2369 1174 2401 ἔγνωσαν
1181 2368 1226 2395 ὅτι
1241 2369 1322 2404 ῖαμαι
1334 2370 1444 2403 αὐτοὺς
1455 2370 1489 2396 ὲν
1497 2370 1643 2404 διαφθορᾷ
1651 2370 1827 2404 ἀνθρώπων.

1045 2413 1190 2445 Ἑξέτεινα
1203 2414 1315 2447 αὐτοὺς
1329 2415 1363 2441 ὲν
1374 2415 1495 2450 δεσμοῖς
1508 2415 1686 2451 ἀγαπήσεώς
1698 2424 1769 2450 μου.

1071 2459 1166 2492 ΡΚςῖ¹.
1187 2459 1353 2495 Ἀμέτρητον
1372 2459 1455 2487 οὖσαν
1487 2462 1533 2488 καὶ
1555 2461 1694 2497 θεοπρεπῆ
1716 2461 1765 2496 τὴν
1780 2462 1828 2487 ὲν-

1034 2503 1116 2531 οὖσαν
1136 2503 1209 2538 αὐτῷ
1231 2504 1366 2531 δείκνυσιν
1382 2506 1548 2541 ἡμερότητα.
1563 2506 1600 2532 Τὺ
1623 2506 1672 2541 μὲν
1691 2506 1745 2541 γὰρ
1769 2507 1827 2538 τοῖς

1034 2548 1084 2583 ἤδη
1101 2549 1303 2582 πεπιστευκόσι,
1316 2552 1364 2577 καὶ⁸
1383 2551 1567 2585 ὲπεγνωκόσιν
1581 2551 1672 2583 αὑτὸν,
1686 2551 1733 2578 καὶ
1751 2551 1827 2586 αὐτῷ

1033 2593 1066 2628 δὴ
1080 2593 1152 2629 μόνῳ
1165 2597 1327 2629 προσκυνεῖν
1344 2597 1492 2632 ᾑρημένοις
1514 2597 1662 2632 ἀπονέμειν
1673 2597 1707 2623 τὰ
1724 2596 1827 2631 ἀγαθὰ,

1035 2640 1113 2674 λόγον
1129 2642 1162 2667 ἂν
1177 2642 1232 2676 ἔχοι
1249 2643 1294 2669 τὸν
1308 2644 1459 2679 πρέποντα,
1471 2644 1518 2670 καὶ
1530 2644 1580 2670 οὐκ
1594 2644 1646 2677 ἔξω
1660 2643 1708 2670 τοῦ
1722 2644 1829 2674 εἰκότος

1034 2685 1065 2712 τὸ
1081 2687 1175 2722 χρῆμα
1191 2688 1319 2715 κείσεται.
1336 2689 1409 2725 Τιμᾷ
1430 2690 1484 2724 γάρ
1498 2699 1550 2722 τις,
1567 2690 1645 2725 εἰπερ
1662 2690 1749 2716 ἕλοιτο
1761 2689 1830 2724 δρᾷν

1182 2780 1203 2795 ¹⁰
1217 2780 1287 2808 Ρειιι.
1306 2789 1405 2816 Lxxxv,
1423 2783 1466 2809 16.
1505 2783 1525 2798 ¹¹
1541 2782 1610 2811 Psal.
1628 2788 1725 2813 χχχιιι,
1745 2779 1790 2808 ιδ.
