1919 3042
69 168 111 196 281
400 169 403 172 ί
534 176 812 211 COMMENTARIUS
831 183 866 213 IN
886 184 1002 214 OSEAM
1021 187 1245 219 PROPHETAM.

97 227 152 255 Καὶ
177 228 281 263 asp/cru;
307 231 350 264 τῷ
367 232 465 267 Κυρίῳ
481 236 555 269 πρὸς
574 236 695 271 Ἰούδαν,
716 240 768 267 τοῦ
788 241 866 268 ἐκδι-

69 273 155 307 κῆσαι
182 274 238 301 τὸν
257 276 372 305 Ἰακώϐ.
397 279 478 306 Κατὰ
499 281 553 314 τὰς
576 283 666 317 ὀδοὺς
687 286 791 319 αὐτοῦ,
814 287 863 314 καί

71 318 137 344 κατὰ
151 319 189 345 τὰ
205 320 431 356 ἐπιτηδεύματα
447 325 540 353 αὑτοῦ
554 327 759 357 ἀνταποδώσει
773 332 864 365 αὐτῷ.

100 366 193 399 PAG'.
213 367 322 403 Ὠσπερ
342 370 463 406 Ἐφραῒμ
477 372 623 408 ὀνομάσας,
639 377 780 412 παρέδειξε
794 381 864 405 νοεῖν

71 411 126 442 τοὺς
140 412 174 438 ὲκ
189 413 278 449 φυλῆς
296 414 419 451 Ἐφραῒμ
437 417 678 453 βεϐασιλευκότας,
702 422 772 450 οὕτω
796 425 863 451 κάν-

72 457 126 484 θάδε
143 459 210 489 τοὺς
227 461 261 486 ὲκ
282 461 369 497 φυλῆς
387 463 471 490 Ἰούδα
491 465 561 492 κατὰ
577 469 689 502 καιροὺς
706 469 862 504 βασιλεύον-

70 511 123 534 τας,
136 503 176 536 ὠς
194 505 225 537 ἐξ
242 505 375 542 ὀνόματος
387 509 437 543 τῆς
451 509 646 548 βασιλευούσης
662 517 863 552 κατασημαίνει

71 549 166 596 culti;
184 551 354 588 ἐπιτιμήσας
369 553 401 590 δὴ
417 553 463 581 οὖν
478 556 517 591 τῷ
535 557 665 594 Ἑφραῖμ,
685 561 743 596 ἤτοι
760 549 816 595 τοῖς
833 563 863 596 ἐξ

75 595 194 631 ἐφρατμ
218 598 352 632 κρατοῦσι
368 600 413 627 τοῦ
431 602 552 638 Ἰσραὴλ,
579 605 688 640 πνεῦμά
708 615 736 633 τε
764 609 863 641 αὐτοὺς

69 641 203 676 ὀνομάσας
219 645 349 680 πονηρδν,
371 647 418 673 καὶ
444 648 509 674 κενὰ
535 650 582 676 καὶ
598 651 699 685 μάταια
717 653 863 689 πληθύνειν

69 687 161 720 εἰπὼν,
177 688 222 715 διά
241 697 273 724 γε
287 690 335 717 τοῦ
356 691 488 728 διαθήκας
504 694 554 729 μὲν
573 695 696 724 τίθεσθαι
717 687 785 734 προς
801 701 862 727 Ἀσ-

70 734 193 769 αυρίους,
213 736 416 772 ἐμπορεύεσθαι
437 740 465 766 δὲ
486 741 532 767 καὶ
551 740 640 770 ἔλαιον
656 744 697 776 εἰς
713 745 860 780 Αἴγυπτον,

69 782 242 808 καταιτιᾶται
254 782 347 809 λοιπὸν
358 785 421 816 τοὺς
432 785 461 818 ἐξ
477 786 562 813 ’ἰούδα
575 789 666 822 πάλιν,
682 790 862 827 κριθήσεσθαι

68 833 95 852 τε
112 826 184 862 πρὸς
209 828 308 860 αὐτοὺς
322 830 368 856 τὸν
382 831 436 858 τῶν
457 832 526 860 ὅλων
540 834 606 862 Θεὸν
631 833 660 863 εὖ
679 826 859 875 μάλανφησὶν,

68 872 144 899 οἱονεί
161 882 222 905 πως
238 875 398 904 ἐκδικοῦντα
417 878 461 904 τὸν
480 879 588 914 Ἱακὼὸ,
606 883 676 918 φημὶ
696 883 728 920 δὴ
747 872 860 912 τὸν-τια-

67 919 210 954 τριάρχην,
230 920 268 953 ὡς
282 922 313 948 οὐ
332 924 450 959 μετρίως
470 916 645 961 ἠδικημένον,
660 916 745 956 διάτοι
767 931 797 957 τὸ
812 929 860 959 ἶσα
877 916 897 943 Β

70 965 102 1000 μὴ
121 965 234 993 ἑλέσθαι
256 970 366 1003 φρονεῖν
380 971 443 1002 τοὺς
466 971 496 1004 ἐξ
511 972 593 999 αὐτοῦ
614 975 770 1009 γεγονότας,
792 978 861 1013 μήτε

130 1011 184 1047 τῆς
198 1013 330 1049 πατρῴας
342 1016 458 1044 κατόπιν
472 1018 539 1045 ἰέναι
551 1019 674 1056 γνώμης,
686 1010 861 1051 ἀποσείεσθαι

68 1055 93 1102 δὲ
107 1055 206 1091 ὦστωρ
223 1067 249 1085 τι
263 1058 317 1085 τῶν
333 1060 404 1093 ἄγαν
425 1062 547 1090 ἐκτόπων
562 1065 592 1092 τὸ
605 1055 804 1102 ἀπομιμεῖσθαι
820 1069 861 1096 θέ-

68 1100 117 1150 λειν
131 1103 229 1150 adadv.
243 1105 348 1132 Οὐκοῦν
362 1107 400 1139 ὡς
412 1107 576 1144 ἠδικημένον
590 1112 630 1143 είς
645 1100 724 1145 δύξαν
742 1114 786 1140 διὰ
812 1115 862 1150 τῆς

68 1146 115 1194 τῶν
128 1148 237 1176 τέκνων
256 1151 423 1188 φαυλότητος
437 1154 482 1181 τὸν
501 1155 598 1183 Ἰακὼῦ
611 1157 765 1194 ὲκδικήσειν
779 1146 862 1194 ἐπαγ-

69 1193 189 1225 γέλλεται
200 1215 209 1227 ,
227 1198 283 1228 τοῖς
298 1197 457 1233 ἠδικηκόσιν
479 1200 619 1234 ἀποδιδοὺς
634 1203 705 1230 κατὰ
718 1204 767 1237 τὰς
785 1206 861 1238 ὁδοὺς

68 1240 163 1273 αὐτῶν,
180 1243 230 1269 καὶ
245 1244 315 1271 κατὰ
329 1245 363 1271 1'1
377 1246 580 1284 ἐπιτηδεύματα
594 1250 693 1278 αὐτῶν.

103 1287 150 1314 Ἐν
172 1287 215 1322 τῇ
234 1290 336 1324 κοιλίῃ
357 1292 515 1327 ἐπτέρνισε
534 1294 587 1321 τὸν
606 1295 741 1331 ἀδελφὺν
755 1299 858 1332 αὑτοῦ,

68 1332 110 1359 καὶ
127 1334 163 1360 ἐν
183 1336 292 1369 κόποις
310 1337 404 1364 αὑτοῦ
426 1339 574 1374 ἐνίσχυσε
599 1341 673 1375 πρὸς
697 1343 780 1370 Θεόν.
805 1345 861 1372 Kal

67 1379 212 1413 ὲνίσχυσε
224 1382 300 1415 μετὰ
315 1382 456 1416 ἀγγέλου,
474 1385 524 1411 καὶ
542 1385 710 1421 ἠδυνάσθη.

98 1425 179 1452 PAZ‘.
209 1427 420 1463 Ἀπαριομεῖται
444 1431 587 1466 χρησίμως
602 1433 652 1464 τὰς
672 1434 861 1470 εὐδοκιμήσεις

67 1471 108 1497 τοῦ
125 1471 244 1507 Ἰακὼϐ,
268 1475 309 1506 εἰς
329 1475 441 1511 ἐλέγχου
462 1476 576 1512 δύναμιν
595 1480 756 1514 παρατιθεὶς
775 1481 860 1512 αὑτὰς

67 1517 114 1543 τῶν
130 1518 217 1553 ἔτερα
245 1519 313 1546 ἀττα
342 1522 448 1556 φρονεῖν
469 1530 499 1548 τε
534 1523 582 1549 καὶ
605 1523 671 1559 δρᾷν
694 1525 855 1560 ᾑρημένων·

1652 198 1707 228 28⁸2

882 246 905 273 Α
955 243 1074 273 Vsus.2.
1095 246 1126 273 Et
1142 246 1273 281 judicium
1292 248 1402 277 Domina
1428 256 1518 279 contra
1543 252 1653 288 ludam,
1678 261 1706 284 ut

917 288 1060 316 ulciscatur
1068 291 1162 319 Jurab.
1179 292 1263 321 Juxta
1274 295 1328 322 vias
1339 297 1406 330 ejus,
1423 301 1447 324 et
1455 298 1534 332 juxta
1549 301 1638 328 studia
1649 301 1705 336 ejus

916 336 1041 362 retribuet
1055 337 1078 363 ei
1083 356 1091 365 .
1565 375 1567 377 η

950 379 1092 409 CXXXVI.
1132 381 1364 415 Quemadmodum
1400 389 1538 417 nominato
1574 391 1704 425 Ephraim

915 427 1034 454 ostendit
1048 428 1234 463 intelligendos
1248 438 1324 466 rcges
1349 433 1382 460 de
1401 435 1470 462 tribu
1494 437 1635 471 Epitraim,
1666 441 1703 468 ita

914 476 940 497 ct
952 471 996 498 hic
1012 472 1057 506 qui
1073 472 1217 507 aliquando
1233 482 1266 502 ex
1285 477 1355 504 tribu
1371 477 1438 506 Juda
1454 486 1588 515 sceptrum
1609 488 1701 512 tcnuc-

914 522 988 550 runt,
1007 523 1079 546 utex
1096 519 1165 546 trith
1183 525 1323 556 regnante,
1347 523 1457 553 indicat.
1483 527 1628 563 Ohjnrgato
1652 530 1702 565 igi-

915 568 958 590 tur
973 564 1111 599 Ephraim,
1124 565 1182 592 sive
1191 566 1366 600 Epltraitnilis
1380 569 1472 598 Isracli
1495 564 1699 608 imperantibus.

913 614 937 637 et
958 610 1100 645 appellatis
1114 611 1208 646 spiritu
1225 613 1307 646 tnalo,
1325 615 1461 650 dictoque,
1480 617 1539 645 illos
1565 619 1652 647 inania
1674 627 1702 648 ct

913 664 980 684 vana
999 657 1187 692 multiplicare,
1205 660 1274 693 qttod
1289 665 1479 690 testamentum
1506 671 1564 692 cum
1582 665 1702 700 Assyriis

913 703 1044 738 facerent,
1058 708 1084 730 et
1097 704 1185 732 oleum
1203 706 1373 734 vendendum
1389 708 1414 734 in
1431 708 1576 745 Egyptum
1600 711 1702 745 impor-

914 753 1012 782 tarent,
1028 750 1153 785 deinceps
1167 751 1250 778 etiam
1270 751 1345 779 Julia:
1359 760 1436 787 reges
1451 754 1600 789 insinmlat,
1619 761 1645 783 et
1657 756 1701 792 ju-

912 794 982 822 dicio
997 803 1057 822 cum
1073 795 1126 823 illis
1148 796 1335 824 universorum
1363 797 1447 826 Deum
1471 805 1637 828 certaturum
1660 809 1702 829 re-

912 841 1031 868 ctissime
1057 841 1154 876 inquit,
1171 843 1246 876 quasi
1268 841 1352 870 Jacob
1374 844 1562 878 ulciscentem,
1584 847 1700 881 patriar-

912 888 1000 920 cham,
1019 889 1138 922 inquam,
1156 893 1184 917 nt
1202 891 1372 925 iniquissime
1387 891 1490 924 laesum,
1506 895 1650 928 quodcum
1666 903 1701 923 ex

913 941 944 960 co
960 935 1134 968 prodiissent,
1150 936 1218 963 idem
1233 937 1265 964 de
1280 937 1407 972 religione
1423 939 1526 965 sentire
1550 939 1699 967 detrectas~

913 985 986 1012 sent,
1002 982 1088 1014 neque
1103 986 1207 1016 patrum
1229 983 1351 1017 vestigiis
1369 983 1541 1018 institissent,
1563 989 1590 1013 et
1604 985 1701 1019 volun-

913 1029 995 1052 tatem
1010 1026 1081 1053 illins
1098 1027 1218 1054 imitandi
1238 1035 1286 1055 ceu
1305 1029 1432 1063 quiddam
1453 1029 1626 1058 vehementer
1650 1032 1699 1058 ab-

912 1071 1020 1098 surdum
1039 1072 1234 1105 repudiassent.
1251 1073 1350 1108 Quare,
1367 1079 1395 1100 nt
1406 1074 1462 1108 ejus
1473 1075 1556 1109 gloria
1575 1084 1621 1111 per
1632 1076 1700 1103 tilio-

912 1125 971 1144 rum
988 1117 1184 1152 improbitatem
1205 1119 1362 1152 obscurata,
1388 1119 1471 1147 Jacob
1494 1127 1525 1148 se
1548 1121 1700 1149 vindicatu-

912 1171 970 1190 rum
985 1163 1136 1198 pollicetur,
1155 1164 1291 1193 reddendo
1315 1165 1452 1200 injuriosis
1477 1167 1625 1194 secundum
1641 1167 1699 1195 vias

911 1215 938 1238 ct
951 1211 1038 1238 studia
1052 1211 1180 1246 ipsorum.

947 1300 1029 1328 Vens.
1043 1301 1070 1328 5.
1085 1300 1118 1328 In
1132 1306 1204 1328 utero
1213 1301 1391 1336 supplantavit
1407 1301 1517 1336 fratrem
1532 1309 1621 1333 suum,
1636 1303 1699 1329 etin

911 1346 1044 1373 laboribus
1064 1347 1118 1373 suis
1134 1347 1270 1380 pra'valuit
1284 1347 1312 1374 in
1326 1346 1419 1376 Deum.
1435 1347 1467 1374 Et
1484 1347 1622 1382 prwualut't
1640 1356 1699 1375 cum

911 1392 1013 1426 angelo,
1025 1397 1048 1419 et
1065 1394 1160 1426 potuit.

946 1437 1100 1466 CXXXVII.
1119 1437 1226 1466 Utiliter
1241 1438 1335 1465 Iaudes
1351 1437 1434 1466 Jacob
1446 1443 1596 1472 enumerat,
1613 1443 1643 1467 ut
1666 1439 1698 1467 iis

910 1482 988 1510 aliter
1003 1488 1028 1510 et
1042 1483 1193 1518 cogitantes
1218 1488 1245 1512 et
1263 1483 1393 1512 facientes
1410 1485 1569 1520 redargnat';
1594 1492 1700 1519 semper

911 1528 981 1556 enim
995 1528 1058 1556 boni
1074 1529 1243 1564 appositione
1256 1528 1354 1555 malum
1372 1535 1418 1556 seu
1439 1529 1565 1556 vitiosum
1577 1529 1699 1564 coargui-

67 1563 104 1589 ἀεὶ
120 1564 174 1600 γάρ
198 1573 260 1596 πως
280 1566 492 1602 ἁντιπαραθὲσει
512 1568 558 1595 τοῦ
582 1569 686 1604 ἀγαθοῦ
713 1569 743 1597 τὺ
758 1570 858 1606 φαῦλον

913 1579 963 1607 tur.
980 1579 1008 1602 et
1032 1582 1064 1603 ex
1089 1574 1233 1603 collatione
1258 1574 1444 1607 laudabilium,
1467 1575 1539 1609 quod
1565 1563 1698 1610 ejusmodi

68 1608 214 1644 ἐλέγχεται,
231 1611 279 1638 καὶ
296 1613 328 1647 τῇ
351 1613 506 1647 παραδείξει
528 1615 584 1642 τῶν
604 1616 807 1653 ἐπαινουμένων
827 1618 857 1645 τὸ

69 1654 100 1690 μὴ
113 1654 206 1688 οὕτως
228 1656 290 1691 ἔχον
310 1659 521 1694 κατηγορεῖσθαι
537 1661 620 1696 φιλεῖ.
635 1662 694 1689 Ὀτι
709 1663 797 1690 τοίνυν
810 1663 858 1690 καὶ

67 1698 92 1732 ἐξ
102 1700 195 1727 αὐτῶν
209 1701 374 1736 σπαργάνων
390 1704 489 1740 εὐφυὴς
504 1705 615 1740 γέγονεν
632 1706 739 1740 Ἰακὼϐ,
759 1708 857 1743 μᾶλλον

67 1744 91 1770 δὲ
101 1746 145 1771 καὶ
161 1746 220 1781 πρὸ
231 1746 339 1779 ὠδῖνος,
357 1749 484 1784 πειρᾶται
497 1750 630 1777 δεικνύειν
648 1752 692 1779 διὰ
704 1753 751 1779 τοῦ
774 1762 855 1790 πτερ-

68 1790 130 1816 vim.
145 1790 191 1818 τὸν
203 1791 322 1826 ἀδελφὺν
337 1793 366 1819 ὲν
383 1795 414 1829 τῇ
428 1795 525 1830 κοιλίᾳ..
540 1796 571 1822 Et
591 1797 643 1832 γὰρ
660 1798 708 1824 καὶ
725 1798 800 1830 Θείας
813 1799 858 1826 δυ-

68 1835 167 1871 tam;
188 1837 336 1873 ἐνέργημα
355 1839 386 1865 τὸ
406 1840 542 1876 δρώμενον
558 1839 593 1878 ἦν
617 1842 657 1876 (οὐ
680 1844 734 1879 γάρ
757 1853 809 1871 που
827 1845 858 1872 τὸ

69 1881 159 1916 βρέφος
174 1882 206 1909 τὸ
219 1883 251 1909 ὲν
266 1883 379 1920 ὲμόρύῳ
405 1886 452 1912 καὶ
470 1887 559 1924 μήτρᾳ
572 1889 712 1924 πτερνίσαι
726 1891 816 1927 φαμεν
828 1892 858 1925 ἐξ

69 1926 157 1954 ἑαυτοῦ
168 1928 218 1954 τὸν
239 1928 349 1964 Ἡσαῦ),
361 1930 418 1956 ἀλλ’
430 1929 476 1958 οὖν
496 1933 566 1959 κατά
582 1933 735 1969 πρόγνωσιν
748 1926 786 1968 ὥς
798 1938 858 1964 ἐσο-

70 1972 135 2008 μένῳ
149 1973 277 2008 χρηστῷ.
295 1974 344 2010 τὴν
359 1975 407 2003 τοῦ
427 1978 567 2011 γεγονότος
586 1980 753 2016 κατόρθωσιν
771 1982 858 2009 ἐνετί-

70 2017 104 2044 θει
118 2018 191 2051 Θεὸς.
208 2020 292 2046 Οὕτω
309 2021 355 2047 καὶ
369 2022 472 2057 ἔφασκε
485 2032 493 2040 ·
510 2033 519 2049 ι
535 2025 587 2052 Τὸν
607 2025 704 2053 Ἰακὼὸ
715 2028 856 2065 ἠγάπησα,

68 2063 109 2090 τὸν
125 2064 153 2091 δὲ
174 2065 268 2092 Ἡσαῦ
289 2067 418 2102 ἐμίσησα.
431 2078 440 2095 ι
458 2069 543 2096 Τοῦτο
564 2071 592 2097 δὲ
609 2069 642 2107 ἦν
661 2074 721 2099 κατ’
743 2063 858 2110 ἐκλογὴν

69 2109 178 2146 χάριτος,
196 2112 329 2147 ἑλομένου
349 2113 417 2140 Θεοῦ
433 2115 479 2141 τὸν
491 2116 595 2151 ἀμείνω
611 2126 660 2144 που
677 2119 786 2151 πάντως
799 2109 859 2146 ἐσο-

70 2165 152 2190 μενον,
167 2157 206 2189 ὡς
230 2159 259 2184 ἐν
278 2159 430 2193 προγνώσει
449 2160 480 2198 δὴ
501 2162 591 2189 πάλιν.
610 2163 690 2190 Ἀλλὰ
714 2165 794 2192 ταυτὶ
809 2166 858 2201 μὲν

69 2201 95 2227 ἐν
110 2203 211 2239 μήτρᾳ,
232 2204 343 2240 Ἐπειδὴ
356 2205 384 2231 δὲ
405 2206 538 2243 προῆλθεν
553 2209 593 2239 εἰς
612 2210 691 2245 ἥϐην,
709 2211 810 2246 μᾶλλον
830 2211 858 2238 δὲ

911 1627 964 1649 non
979 1624 1030 1653 est,
1048 1621 1208 1656 reprehendi
1225 1628 1256 1648 ac
1271 1621 1392 1648 damnari
1410 1620 1488 1648 solet.
1503 1621 1543 1647 Ab
1559 1621 1624 1655 ipsis
1646 1620 1698 1656 igi-

911 1672 954 1696 tur
969 1667 1137 1696 incunabulis
1149 1666 1232 1695 Jacob
1250 1667 1333 1695 fuisse
1351 1667 1466 1694 habilem
1487 1674 1519 1694 ac
1546 1667 1698 1698 dexterum,

911 1714 965 1742 imo
979 1718 1122 1749 antequam
1138 1718 1214 1748 partu
1229 1714 1366 1746 ederetur,
1379 1721 1413 1741 ex
1427 1721 1459 1742 eo
1473 1713 1587 1748 probare
1610 1713 1699 1740 studet

911 1760 981 1796 quod
997 1760 1109 1788 fratrem
1132 1760 1158 1787 in
1179 1765 1257 1787 utero
1274 1764 1397 1787 materno
1423 1759 1612 1795 snpplantarit.
1642 1758 1698 1786 Etsi

910 1807 982 1833 enim
1001 1805 1098 1833 divinae
1112 1805 1220 1832 virtutis
1235 1812 1303 1840 opus
1317 1805 1378 1838 fuit,
1397 1805 1468 1840 quod
1491 1805 1620 1841 agebatur
1635 1805 1698 1840 (non

910 1851 982 1879 enim
998 1852 1129 1878 infantem
1147 1851 1173 1878 in
1190 1850 1340 1877 visceribus
1360 1855 1388 1877 ct
1408 1855 1485 1877 utero
1504 1858 1550 1885 per
1574 1857 1603 1877 se
1629 1850 1698 1876 Esau

911 1898 1029 1932 plantam
1043 1896 1161 1924 tenuisse
1174 1896 1264 1923 dicere
1279 1895 1429 1928 audemus),
1449 1900 1537 1922 tamen
1551 1895 1697 1921 secundum

911 1941 1120 1977 praescientiam,
1137 1945 1167 1969 ut
1181 1941 1226 1976 qui
1240 1941 1326 1968 bonus
1339 1945 1412 1968 esset
1429 1940 1545 1971 lutnrus.
1564 1941 1633 1967 Deus
1647 1940 1698 1968 hoc

912 1988 1010 2016 factum
1021 1987 1158 2022 egregium
1171 1986 1197 2014 in
1211 1994 1244 2014 eo
1256 1986 1398 2020 excitavit;
1415 1986 1459 2021 qui
1469 1987 1550 2014 etiam
1562 1988 1598 2013 ita
1612 1986 1697 2014 dixit:

914 2044 923 2061 ι
940 2033 1023 2062 Jacob
1041 2033 1132 2065 dilexi,
1153 2032 1235 2068 169
1251 2032 1320 2059 Esau
1339 2036 1429 2059 autem
1453 2031 1516 2058 odio
1537 2030 1617 2058 habui
1632 2030 1665 2057 ".
1685 2039 1696 2057 ι

912 2080 968 2109 Iloc
986 2086 1066 2114 porro
1081 2082 1140 2105 erat
1158 2078 1305 2105 secundum
1326 2076 1485 2104 electionem
1505 2076 1609 2111 gratiae,
1635 2083 1697 2102 cum

911 2124 1036 2160 elegisset
1048 2122 1118 2150 Deus
1130 2122 1203 2149 omni
1219 2123 1323 2149 ratione
1335 2122 1473 2149 meliorem
1488 2121 1625 2155 futurum;
1650 2121 1698 2148 sed

912 2174 940 2197 ut
952 2177 985 2196 ex
1000 2167 1178 2203 prtescicntia.
1191 2167 1278 2201 Atque
1295 2167 1352 2194 lucc
1367 2167 1477 2202 quidem
1497 2166 1523 2194 in
1539 2171 1627 2194 utero.
1645 2166 1697 2194 Ubi

911 2219 1000 2242 autem
1015 2212 1162 2248 juvenilcm
1177 2215 1283 2239 tetatem
1296 2212 1400 2248 attigit,
1416 2213 1469 2239 into
1482 2212 1573 2240 verius
1591 2212 1616 2240 in
1630 2212 1697 2239 viris

69 2248 110 2274 καὶ
127 2249 156 2275 ἑν
179 2249 298 2285 ἀνδράσι
320 2251 406 2277 ἐτέλει
430 2251 532 2286 λοιπὸν,
558 2262 566 2278 ι
589 2254 634 2280 Ἑν
657 2255 752 2288 κόποις
775 2255 857 2283 αὑτοῦ

913 2264 1067 2288 numeratus
1084 2263 1134 2291 est,
1156 2267 1165 2283 (
1197 2258 1223 2286 in
1250 2257 1388 2287 laboribus
1414 2258 1471 2286 suis
1502 2258 1643 2294 praevaluit
1670 2257 1698 2285 in

69 2293 186 2330 ἐνίσχυσε
200 2296 274 2332 πρὸς
295 2296 394 2324 Θεὸν.»
418 2297 486 2324 Θεοῦ
510 2299 563 2335 γὰρ
580 2299 735 2335 πέμποντος
758 2302 860 2328 οἰκονο‹

69 2341 150 2374 μικῶς
162 2342 204 2374 είς
224 2342 342 2379 ἱδρῶτας
357 2343 404 2370 καὶ
423 2345 530 2378 πόνους,
544 2346 593 2372 οὐκ
608 2346 751 2382 ἠσθένησε,
766 2348 860 2383 φησίν.

69 2386 99 2412 Ἦ
119 2387 173 2422 γὰρ
198 2388 251 2423 οὐχ
278 2388 373 2424 ἱδρὼς,
394 2390 424 2417 τὸ
442 2393 492 2427 τῆς
511 2391 643 2427 πατρῴας
661 2393 710 2427 μὲν
731 2393 859 2429 ἀπαίρειν

69 2431 161 2466 ἑστίας,
182 2434 359 2468 ἀφικνεῖσθαι
379 2436 407 2463 δὲ
426 2437 494 2474 πρὸς
507 2438 610 2471 Λάϐαν,
631 2439 677 2465 καὶ
695 2439 858 2475 ἀνασχέσθαι

68 2475 171 2511 θητείας
181 2499 188 2511 ,
212 2480 264 2506 καὶ
277 2481 342 2512 τοὺς
357 2481 403 2508 ἐπὶ
423 2482 454 2509 τὸ
469 2484 623 2518 ποιμαίνειν
641 2484 788 2520 ἀνατλῆναι
808 2485 858 2512 πό-

68 2530 139 2555 νους;
157 2524 324 2559 ’Δμςςίϐολον
336 2526 444 2559 οὐκοῦν,
457 2538 466 2554 ι
483 2528 527 2555 Ἑν
540 2529 632 2560 πόνοις
646 2529 769 2565 ἑνίσχυσε
788 2530 857 2566 πρὸς

68 2566 151 2595 θεόν.)
166 2570 225 2604 Οὐχ
240 2570 279 2602 ὡς
290 2571 350 2606 Θεῷ
366 2572 527 2609 μαχόμενος,
542 2574 688 2601 ὑπακούων
700 2575 728 2601 δὲ
744 2575 854 2610 μᾶλλον,

68 2614 110 2639 καὶ
125 2615 206 2641 οἱονεὶ
221 2618 447 2652 περιγιγνόμενος
466 2619 511 2645 διὰ
524 2619 571 2646 τοῦ
582 2619 703 2656 πληροῦν
719 2620 753 2647 τὰ
774 2629 855 2647 κεκε·

68 2657 206 2694 ὴυσμένα.
225 2661 303 2693 Έξδν
321 2662 375 2701 γὰρ
396 2665 522 2700 ἀνιδρωτὶ
539 2666 673 2698 πλουτεῖν,
691 2666 737 2693 καὶ
757 2667 856 2702 εὑημε-

71 2705 121 2749 ρετν
133 2706 203 2733 οῐκοι
217 2707 336 2742 μένοντα
348 2710 393 2736 τὸν
406 2711 514 2745 Ἰακὼσ,
527 2712 577 2738 οὒκ
592 2712 765 2748 ἀγύμναστον
779 2714 854 2749 ἠφίει

69 2747 137 2781 θεός.
155 2751 219 2779 Ἐπὶ
233 2754 368 2788 προφάσει
381 2755 409 2781 δὲ
430 2756 529 2791 μᾶλλον
548 2757 602 2784 τῶν
616 2757 645 2791 ἐξ
662 2757 745 2783 Ἡσαῦ
760 2747 853 2793 δειμά-

71 2801 117 2822 των
129 2796 172 2823 ἐπ’
187 2797 343 2835 ἀλλοδαπὴν
359 2801 429 2829 ἰόντα
449 2802 540 2838 χώραν
557 2812 586 2830 τε
609 2804 655 2830 καὶ
680 2803 766 2837 πόλιν,
789 2803 852 2831 δύσ-

102 2884 122 2901 ⁵¹
141 2885 258 2914 Malach.
277 2894 298 2921 I,
312 2888 337 2915 5.

910 2306 1004 2333 Deum.
1024 2313 1033 2330 ι
1056 2304 1121 2331 Nam
1138 2311 1198 2331 cum
1209 2303 1278 2331 Deus
1288 2303 1460 2339 providenter
1470 2311 1531 2331 eum
1541 2304 1574 2331 ad
1586 2304 1699 2332 sudores

908 2353 1069 2386 laboresque
1093 2350 1220 2381 misisset,
1246 2356 1299 2378 non
1327 2347 1436 2381 defecit,
1464 2349 1561 2385 inquit.
1585 2350 1697 2378 Annon

907 2398 979 2425 enim
994 2397 1103 2425 sudoris
1117 2403 1186 2431 opus
1201 2399 1251 2427 est,
1272 2402 1287 2424 ο
1308 2398 1418 2430 paterna
1444 2394 1523 2421 domo
1545 2394 1696 2428 discedere,

907 2443 939 2470 ad
958 2443 1047 2470 Laban
1061 2441 1197 2474 devenire,
1208 2441 1243 2468 ibi
1257 2439 1449 2467 mercenariam
1462 2439 1619 2467 servitutem
1634 2448 1696 2468 sus-

910 2489 1011 2521 tinere,
1027 2491 1054 2515 ct
1067 2486 1223 2522 pastoritios
1243 2486 1351 2514 labores
1368 2484 1507 2520 perferre?
1529 2485 1586 2513 Hoc
1611 2486 1696 2522 igitur

909 2538 952 2562 est
967 2533 1132 2568 ambiguum,
1149 2541 1158 2558 ι
1176 2533 1204 2559 In
1219 2531 1356 2560 laboribus
1371 2531 1511 2566 praevaluit
1523 2532 1549 2559 in
1566 2532 1648 2559 Deum
1662 2541 1669 2559 :
1683 2541 1692 2557 ι

911 2585 962 2606 n0n
979 2578 1057 2613 quasi
1069 2585 1129 2605 cum
1146 2577 1200 2604 Deo
1215 2583 1347 2612 pugnans,
1368 2577 1415 2603 sed
1440 2576 1571 2612 obediens
1594 2576 1694 2610 potius,

909 2629 936 2652 et
953 2623 1034 2652 veluti
1052 2623 1176 2658 superior
1193 2630 1224 2650 ac
1240 2623 1337 2654 victor,
1365 2622 1435 2657 quod
1461 2621 1532 2656 justa
1559 2620 1693 2656 impleret.

909 2668 976 2696 Nam
994 2676 1055 2696 cum
1073 2668 1168 2696 liceret
1186 2667 1269 2695 .Iacob
1282 2667 1349 2695 citra
1364 2667 1488 2695 sudorem
1510 2667 1652 2698 ditescere,
1667 2670 1694 2693 et.

908 2714 1063 2742 felicitatem
1079 2714 1202 2748 adipisci.
1226 2714 1248 2741 si
1277 2713 1348 2741 domi
1375 2718 1506 2746 maneret,
1535 2712 1606 2740 Dens
1631 2720 1692 2739 eum

907 2759 1103 2787 exercitatione
1117 2766 1215 2785 vacare
1240 2766 1292 2785 non
1318 2758 1456 2793 permisit;
1484 2758 1532 2785 sed
1552 2757 1694 2785 occasione

906 2804 1040 2832 minarum
1052 2804 1085 2832 ab
1097 2803 1166 2832 Esau
1174 2803 1408 2836 intcntatarum,in
1417 2803 1586 2839 peregrinum
1596 2801 1694 2835 solum,
