1919 3042
117 137 166 172 "3n

582 140 857 169 COMMENTARIUS
877 140 910 168 IN
931 141 1046 170 OSEAIII
1067 136 1288 172 PROPIIETAM.

1691 149 1745 177 502

119 200 121 202 ’
150 200 374 229 ΡΜΖ¹.Δίτιᾶται
386 200 476 232 πάλιν,
488 201 528 227 ὅτι
542 201 580 236 μὴ
595 201 673 236 μόνον
683 201 903 236 δεδυσιιείῖιίριιισι1

994 202 1118 230 CXLVII.
1144 203 1323 238 Conqueritur
1348 212 1462 236 rursum,
1482 205 1553 240 quod
1583 213 1634 232 non
1658 208 1744 234 solum

118 247 175 276 κατ’
194 246 291 273 είκόνα
308 245 429 273 εἰδώλων
455 246 485 272 τὸ
504 246 579 281 παρὰ
593 245 662 272 Θεοῦ
688 246 765 274 δοθὲν
778 247 909 282 ἀργύριον

117 291 338 324 διαπλάττοντες,
363 292 412 318 καὶ
424 293 480 323 τοῖς
493 291 547 319 ἀπὸ
558 291 636 323 ξύλου
648 292 695 318 καὶ
707 292 787 319 λίθων
799 300 910 327 πεποιη-

120 339 209 374 μένοις
232 338 265 365 τὸ
292 338 343 373 τῆς
366 337 442 369 θείας
467 337 546 373 δόξης
573 338 785 373 ἐπιφημίζοντες
806 338 907 372 ὀνομα,

117 384 184 411 ἀλλὰ
199 384 256 419 γὰρ
270 384 320 411 καὶ
341 385 381 416 εἰς
397 384 476 422 τοῦτο
499 383 667 410 κατώλισθον
684 383 818 419 ἀμαθίας,
840 383 908 418 μᾶλ-

117 429 161 456 λον
175 429 203 455 δὲ
220 429 394 464 σκαιότητος,
415 429 462 456 καὶ
477 428 683 464 ἀπανθρωπίας,
699 429 746 455 καὶ
762 429 909 464 Οηρῑοπρε-

118 475 185 505 ποῦς
195 475 362 510 ἀγριότητος
381 474 398 510 ἢ
413 475 460 501 καὶ
473 475 513 501 ἔτι
528 475 630 502 τούτων
642 475 778 514 ἐπέκεινα,
791 475 829 506 ὡς
842 475 908 510 μηδὲ

116 520 206 548 αὐτῶν
233 521 289 547 τῶν
314 521 387 547 ἰδίων
404 519 541 555 φείδεσθαι
568 520 681 547 τέκνων.
710 521 908 555 ’Λποσφάττειν

115 567 143 593 δὲ
170 566 243 593 αὐτὰ
263 567 321 598 τοῖς
351 566 470 601 δαίμοσι,
499 565 588 593 καίτοι
615 566 849 601 κατεστυγηκότος
877 566 907 592 τὺ

116 613 209 647 χρῆμα
220 612 301 645 Θεοῦ,
315 613 362 639 καὶ
374 612 428 639 οὐδ’
440 612 472 639 ἂν
484 613 569 648 αὐτὴν
584 612 768 648 ἀνασχομένου
782 613 846 639 ποτὲ
857 613 907 649 τὴν

115 656 207 692 φωνὴν
227 657 244 692 ἦ
263 657 350 684 εἰπεῖν
364 657 478 693 ἑτέροις,
491 657 508 692 ἢ
524 657 590 691 γοῦν
609 657 725 684 ἀκοῦσαι
737 657 813 693 παρά
823 666 904 689 τινος.

115 703 152 728 Οὐ
165 702 221 738 γὰρ
243 703 408 738 φιλαίματος
424 704 438 730 6
456 703 605 739 Δεσπότης,
629 703 691 730 οὔτε
716 703 768 739 μὴν
783 705 829 730 ἐπὶ
846 705 906 736 ταῖς

113 748 167 775 τῶν
188 748 342 783 ἀνθρώπων
362 749 456 784 ἣδεται
470 749 668 788 καταφθοραῖς.
696 749 799 776 Πολλοῦ
813 759 844 784 γε
857 750 905 778 καὶ

113 794 162 821 δεῖ.
190 795 306 821 Ἐκτισε
329 790 384 830 γᾶρ
407 795 447 826 είς
460 795 490 821 τὺ
514 792 585 822 εἶναι
608 795 642 822 τὰ
661 795 766 828 πάντα,
785 797 854 823 κατά
875 796 905 822 τὸ

113 840 319 875 γεγραμμένον,
332 840 383 867 καὶ
401 841 529 876 σωτήριοι
541 841 570 867 σί
591 841 713 875 γενέσεις
727 841 774 868 τοῦ
789 842 903 878 κόσμου.

961 248 1042 281 impie
1056 249 1169 282 egerint,
1183 250 1308 276 donatum
1319 258 1333 277 a
1348 250 1551 285 Deoargentum
1563 252 1589 278 in
1599 252 1745 286 imaginem

961 292 1091 322 idolorum
1120 293 1352 328 transformantes,
1370 299 1397 322 et
1412 302 1427 322 e
1448 295 1520 330 ligno
1548 303 1580 323 ac
1612 296 1746 330 lapidibus

959 336 1098 364 fabricatis
1109 337 1207 365 divinae
1232 339 1323 373 gloria:
1353 348 1448 368 nomen
1483 341 1667 374 ascribentes,
1698 343 1744 369 sed

959 381 1041 408 etiam
1056 390 1088 409 eo
1105 383 1229 416 inscitiae,
1247 385 1300 411 imo
1326 386 1455 418 stultitim,
1474 391 1500 414 et
1517 387 1702 420 immanitatis,
1718 393 1746 414 et

959 427 1053 454 ferina:
1081 428 1202 462 saevitiae,
1218 434 1263 456 aut
1277 430 1298 456 si
1312 431 1375 464 quid
1399 432 1440 459 his
1463 433 1548 467 majus
1560 438 1612 465 est,
1642 433 1744 468 delapsi

958 473 1023 505 sint,
1038 478 1067 499 ut
1081 480 1115 500 ne
1127 473 1188 500 ﬁliis
1204 474 1312 508 quidem
1329 476 1386 502 suis
1409 483 1561 511 parcerent,
1575 485 1667 505 verum
1695 485 1743 506 eos

958 517 1125 544 daemonibus
1145 517 1327 551 immolarent,
1347 521 1452 547 tametsi
1469 521 1539 549 Deus
1552 522 1652 550 factum
1668 524 1744 551 odis-

958 567 1000 590 set
1013 562 1091 594 adeo,
1109 567 1137 591 ut
1154 569 1187 589 ne
1208 563 1292 597 ipsam
1305 564 1413 598 quidem
1431 573 1522 593 vocem
1544 567 1601 601 ejus
1619 569 1659 595 vel
1683 569 1744 596 aliis

957 609 1112 642 dicere,,vel
1125 609 1160 636 ab
1170 609 1229 636 aliis
1240 610 1334 638 audire
1345 611 1500 639 sustineret.
1522 612 1579 640 Non
1595 615 1665 640 enim
1679 622 1744 649 gau-

957 655 1002 682 det
1023 655 1154 688 sanguine
1179 655 1325 690 Dominus,
1359 664 1409 684 nec
1428 658 1579 691 perditione
1604 660 1743 687 hominum

957 698 1063 727 laetatur
1077 700 1110 726 ⁷⁷.
1134 699 1227 735 Longe
1247 701 1333 730 abest.
1356 702 1464 730 Creavit
1485 704 1571 731 enim‘
1592 705 1682 732 omnia
1715 713 1744 733 ut

957 746 1150 782 essent(sicut
1165 747 1294 782 scriptum
1307 748 1383 785 est),
1408 754 1435 776 et
1449 750 1581 778 salutares
1607 755 1671 778 sunt
1699 759 1745 786 ge-

956 792 1112 820 nerationes
1126 793 1218 820 mundi
1235 793 1269 821 7°.
1287 793 1340 821 Sed
1361 795 1444 821 draco
1458 799 1592 829 apostata,
1613 801 1643 822 ut
1670 804 1745 823 mor—

956 838 992 866 tis
1014 838 1138 866 inventor
1152 843 1179 866 et
1195 846 1304 873 parcns,
1323 840 1461 871 hominum
1479 840 1597 868 caedibus
1628 841 1745 869 delecta-

118 884 230 920 Ἐπειδὴ
255 885 285 911 δέ
302 887 360 912 ἐστι
377 885 493 913 θανάτου
504 886 551 912 καὶ
566 886 680 922 εὑρετὴς
694 887 741 913 καὶ
752 887 903 922 πρόξενοςό

958 887 1011 910 tur.
1025 883 1130 910 Nudum
1145 884 1227 918 igitur
1241 892 1394 913 sermonem
1411 893 1520 920 quoque
1539 895 1620 921 super
1642 887 1685 915 his
1704 888 1745 914 in-

111 931 221 967 δράκων
231 931 245 956 ὁ
260 931 427 966 ἀποστάτης,
437 931 524 968 ταύτῃ
534 941 575 958 τοι
584 933 643 964 ταῖς
651 932 802 967 ἀνθρώπων
812 933 904 968 ἥδεται

111 977 242 1012 σφαγαῖς.
257 977 320 1003 Ὀτι
335 977 424 1003 τοίνυν
436 978 485 1004 καὶ
497 977 574 1012 ψιλὸς
587 978 602 1004 ό
612 978 659 1004 ἐπὶ
672 977 759 1014 τούτῳ
770 979 847 1013 λόγος
860 987 905 1014 με-

111 1023 229 1058 μίσηται
247 1023 323 1064 παρᾲ
342 1023 418 1058 Θεῷ,
438 1023 578 1059 διατρανοϊ
599 1024 705 1059 λέγων·
732 1034 743 1051 ι
756 1025 838 1052 Αὐτοὶ
859 1026 904 1053 λέ-

111 1076 200 1103 γουσι,
212 1068 320 1096 Θύσατε
332 1068 502 1104 ἀνθρώπους,
514 1070 609 1105 μόσχοι
617 1070 671 1106 γὰρ
683 1071 879 1098 ἐκλελοίπασιν.
892 1081 902 1098 ι

110 1115 168 1141 Οὐκ
184 1115 262 1150 ἐμὸς,
277 1115 371 1150 φησιν,
387 1116 402 1142 ό
415 1115 500 1150 λόγος,
516 1115 570 1142 οὐδ’
579 1116 613 1143 ἂν
623 1117 727 1152 εἴποιμί
742 1126 808 1144 ποτε
817 1118 905 1144 τοιάν-

110 1160 138 1187 δε
157 1161 262 1196 φωνήν.
286 1161 369 1188 Αὐτοὶ
391 1161 420 1188 δέ
448 1170 530 1196 φασιν
548 1162 574 1188 οἰ
590 1163 644 1189 τῶν
672 1163 808 1198 δαιμόνων
824 1163 904 1198 θερα-

110 1206 223 1238 πευταὶ,
245 1205 277 1233 τὸ
288 1207 344 1233 δεῖν
368 1206 530 1242 ἀνθρώπους
546 1208 694 1236 καταθύειν
712 1209 813 1241 αὐτοῖς.
838 1208 904 1236 Εἶτα

108 1252 223 1287 διαγελᾷ
247 1253 298 1289 τὴν
322 1252 427 1287 σκέψιν,
455 1253 502 1280 καὶ
524 1253 650 1290 διασύρει
681 1254 712 1281 τὸ
731 1255 903 1290 ἐγχείρημα,

109 1298 290 1334 προστιθεὶς,
320 1299 368 1325 καὶ
391 1298 493 1333 λέγων·
511 1299 636 1335 «Μόσχοι
660 1300 726 1336 γὰρ,
741 1310 750 1326 ι
779 1300 850 1327 κατὰ
874 1301 904 1327 τὺ

109 1345 195 1379 εἰκὸς,
214 1355 223 1372 ι
234 1346 285 1372 οὐκ
299 1343 370 1380 ἦσαν
385 1345 486 1377 αὐτοῖς.
505 1355 515 1372 ι
529 1346 579 1373 Διὰ
592 1346 671 1373 τοῦτο
681 1348 846 1383 τετιμήκασι
856 1348 904 1383 τὴν

109 1391 300 1427 ὼδροφονίαν.
313 1391 383 1418 Ἀλλ’
395 1391 476 1424 ἔστω,
490 1392 568 1427 φησὶ,
582 1392 767 1428 πεπλάνησθε,
781 1393 828 1419 καὶ
842 1393 905 1424 τοὺς

109 1437 247 1472 γλυπτούς
261 1446 303 1471 τε,
318 1438 365 1464 καὶ
383 1438 535 1473 χωνευτοὺς
555 1439 722 1474 τετιμήκατε
740 1439 828 1470 θεούς.
846 1439 904 1466 Ἵνα

107 1485 135 1512 τί
147 1485 195 1512 καὶ
207 1485 306 1520 αἵμασι
318 1485 381 1516 τοὺς
392 1485 504 1512 ἐκείνων
518 1485 626 1520 βωμοὺς
637 1485 831 1518 κατεδεύσατε;
845 1486 905 1512 ’Λν-

109 1529 236 1566 ἑγνωμεν
251 1530 279 1556 δὲ
294 1531 322 1556 ὲν
341 1531 401 1562 ταῖς
415 1530 582 1562 Βασιλείαις,
601 1531 642 1557 ὅτι
661 1531 773 1565 γέγονεν
794 1531 903 1558 Ἰωάϐαν

957 929 1043 956 visum
1059 936 1120 957 esse
1135 930 1189 958 Deo
1204 930 1332 962 declarat,
1344 931 1455 958 dicens:
1477 940 1486 958 ι
1497 931 1549 966 Ipsi
1569 933 1678 959 dicunt:
1695 933 1745 960 Sa-

954 975 1076 1003 crilicate
1091 977 1225 1010 homines,
1245 976 1320 1004 vituli
1341 978 1412 1004 enim
1427 977 1592 1007 deiecerunt.
1606 988 1615 1004 )
1631 978 1688 1006 Non
1702 984 1745 1006 est

955 1022 1067 1049 verbum
1101 1030 1201 1054 meum,
1223 1023 1321 1058 inquit,
1343 1031 1392 1050 nec
1407 1031 1524 1058 unquam
1543 1024 1669 1059 loquerer
1693 1032 1744 1060 ego

955 1069 1118 1104 hujusmodi.
1136 1069 1188 1104 Ipsi
1205 1075 1295 1097 autem
1318 1070 1437 1098 cultores
1463 1071 1613 1099 daemonum
1632 1072 1741 1104 dicunt,

955 1114 1148 1142 saerilicandos
1170 1115 1204 1143 ab
1219 1123 1248 1142 se
1264 1116 1397 1143 homines.
1412 1116 1513 1144 Deinde
1524 1117 1665 1144 consilium
1681 1117 1744 1145 irri-

956 1160 1002 1187 det
1021 1164 1049 1187 et
1073 1159 1239 1187 molitionem
1271 1160 1438 1195 perstringit,
1472 1168 1532 1187 cum
1572 1161 1620 1193 ait,
1637 1169 1647 1186 ‹
1663 1159 1743 1188 Vituli

955 1205 1036 1238 enim,
1058 1214 1068 1231 ι
1084 1210 1113 1231 ιιι
1129 1210 1337 1233 consentaneum
1361 1210 1412 1237 est,
1430 1214 1439 1231 ι
1452 1213 1505 1233 ιιοιι
1531 1210 1609 1233 erant
1635 1206 1710 1240 ipsis,
1730 1216 1741 1233 ι

956 1251 1058 1278 idcirco
1073 1251 1185 1278 honoris
1197 1258 1277 1278 causa
1288 1251 1388 1278 caedem
1401 1251 1537 1278 hominum
1552 1256 1742 1286 susceperunt.

958 1298 1035 1332 181
1055 1296 1108 1324 Sed
1134 1302 1203 1329 esto,
1223 1296 1319 1332 inquit,
1334 1297 1502 1330 erraveritis,
1521 1297 1744 1332 sculptilibusque

955 1349 982 1370 et
997 1341 1178 1370 conﬂatilibus
1196 1343 1247 1370 diis
1260 1342 1462 1370 venerationem
1478 1342 1630 1370 tribueritis
1652 1363 1660 1375 ,
1675 1350 1743 1377 qua-

957 1396 987 1416 re
1011 1388 1093 1415 etiam
1128 1389 1247 1415 humano
1274 1387 1405 1423 sanguine
1424 1388 1530 1415 illorum
1555 1395 1617 1416 aras
1650 1389 1745 1416 imbui-

960 1434 1031 1462 stis?
1050 1433 1179 1468 Legimus
1207 1434 1234 1461 in
1254 1434 1330 1461 libris
1358 1433 1472 1468 Regum.
1501 1434 1586 1461 lilium
1626 1434 1743 1462 Joathan

955 1479 1039 1508 fuisse
1051 1479 1151 1513 Achar,
1167 1479 1214 1514 qui
1227 1479 1350 1514 regnavit
1366 1486 1447 1514 super
1462 1479 1577 1507 Iudam:
1597 1480 1743 1508 «Ambula-

955 1527 993 1552 vit
1013 1532 1075 1553 vero
1095 1525 1122 1553 in
1144 1524 1185 1552 via
1200 1532 1293 1558 regum
1309 1524 1404 1557 Israel,
1417 1530 1445 1552 et
1460 1525 1578 1553 adolevit
1601 1525 1742 1553 incensum

108 1574 168 1606 υἱός
191 1574 285 1610 ’Δχὰζ,
307 1575 338 1606 ὃς
366 1575 542 1602 ἐϐασίλευσεν
557 1576 603 1602 ἐπὶ
623 1577 669 1603 τὸν
692 1576 802 1603 Ἰούδαψ
822 1585 830 1601 ι
849 1577 902 1602 Πε-

956 1571 981 1597 in
1001 1570 1127 1603 excelsis,
1140 1576 1167 1598 et
1187 1570 1325 1597 transtulit
1337 1570 1420 1598 lilium
1436 1577 1513 1597 suum
1525 1578 1573 1605 per
1587 1571 1677 1606 ignem
1688 1571 1739 1603 ⁷³.»

108 1620 244 1656 πόρευταί
260 1629 293 1655 γε
312 1621 365 1656 μὴν
383 1621 411 1648 ὲν
430 1621 482 1657 όδῷ
496 1621 629 1657 βασιλέων
649 1622 771 1658 Ἰσραὴλ,
786 1622 833 1648 καὶ
846 1622 903 1648 ιου-

109 1666 159 1701 μία
176 1667 228 1701 μὲν
252 1668 281 1694 ἐν
297 1668 354 1699 τοῖς
379 1667 507 1702 ὑψηλοῖς,
527 1667 641 1702 διήγαγε
665 1668 693 1694 δὲ
710 1669 756 1694 καὶ
775 1668 820 1694 τὸν
838 1668 902 1694 ἴδιον

107 1713 165 1739 υἱὸν
179 1713 210 1740 ὲν
226 1713 305 1748 πυρὶ,
326 1722 335 1740 ι
358 1713 405 1740 καὶ
421 1715 477 1745 τοῖς
494 1714 642 1749 δαιμονίοις
665 1714 798 1741 κατέθυσε
810 1714 855 1740 τδν
872 1713 902 1746 ἐξ

108 1758 191 1785 αὐτοῦ
218 1758 317 1792 φύντα,
343 1759 390 1787 καὶ.
411 1760 602 1794 γεγενημένον.
628 1760 735 1795 Ἐπειδὴ
750 1760 778 1786 δὲ
789 1760 902 1786 τοιαῦτα

106 1803 287 1838 δεδράκασιν,
311 1803 436 1836 ἔσονται,
451 1805 548 1839 φησιν,
568 1814 577 1830 ι
601 1804 644 1835 Ὠς
657 1804 756 1839 νεφέλη
775 1804 881 1840 πρωϊνὴ
893 1825 900 1837 ,

107 1849 155 1875 ναὶ
169 1848 209 1880 ὡς
221 1847 340 1884 δρόσος,
349 1848 386 1880 ὡς
402 1849 495 1884 χνοῦς,
514 1849 560 1876 καὶ
575 1849 612 1881 ὼς
625 1850 707 1884 ἀτμὶς
727 1850 758 1876 ὲκ
773 1849 903 1876 καπνοδό-

107 1903 169 1930 κης,
183 1904 193 1920 ι
217 1895 368 1927 τουτέστιν,
390 1895 481 1929 ὀλίγον
497 1895 636 1929 ὀφθέντες,
662 1896 817 1930 οἰχήσονται
834 1895 902 1931 πρὸς

107 1940 259 1973 ἀπώλειαν,
272 1942 320 1968 καὶ
334 1941 487 1976 βαδιοῦνται
497 1941 567 1976 πρὸς
577 1942 607 1968 τὸ
623 1941 717 1976 μηδέν.
730 1941 839 1976 Νεφέλη
849 1941 903 1976 γὰρ

108 1985 230 2020 πρωῖνὴ,
248 1985 402 2018 τουτέστιν,
419 1987 514 2022 ἀχλὺς,
530 1987 624 2022 δρόσος
646 1995 676 2013 τε
694 1985 740 2013 καὶ
754 1986 842 2021 χνοῦς,
857 1987 903 2012 καὶ

107 2030 191 2065 ἀτμὶς
215 2032 249 2057 ὲκ
275 2032 453 2067 καπνοδόκης,
483 2032 672 2067 εὐδιαρίπιστά
701 2032 774 2064 ἐστι,
803 2032 849 2059 καὶ
873 2032 903 2059 ὲν

954 1621 982 1643 et
995 1624 1027 1644 ex
1043 1624 1072 1644 se
1086 1622 1174 1644 ortum
1194 1624 1227 1644 ac
1240 1617 1360 1651 genitum
1382 1617 1548 1644 dmmonibus
1566 1618 1740 1646 sacriﬁcavit.

956 1662 990 1689 Et
1004 1663 1067 1697 quia
1085 1662 1137 1690 ista
1152 1662 1285 1694 fecerunt,
1299 1667 1388 1695 erunt,
1403 1662 1501 1696 inquit,
1514 1671 1524 1688 ι
1537 1667 1566 1690 ιιι
1580 1664 1664 1690 nubes
1683 1672 1741 1691 ma-

954 1707 1050 1740 tutina,
1068 1711 1096 1734 et
1119 1711 1148 1734 ut
1166 1714 1222 1740 ros,
1238 1712 1266 1734 ut
1288 1707 1384 1740 pulvis,
1400 1710 1429 1734 ut
1460 1714 1543 1741 vapor
1566 1715 1598 1735 ex
1622 1709 1738 1742 cau'iino,

952 1759 998 1780 seu
1009 1753 1160 1787 vaporario,
1173 1763 1183 1780 ι
1199 1754 1249 1781 hoc
1258 1757 1312 1786 est,
1327 1760 1388 1780 cum
1403 1753 1435 1780 ad
1448 1754 1529 1781 breve
1544 1759 1649 1788 tempus
1659 1762 1742 1789 appa~

957 1800 1071 1833 ruerint,
1088 1800 1114 1826 in
1128 1799 1240 1827 exitium
1261 1800 1384 1833 abibunt,
1398 1804 1426 1827 et
1443 1800 1468 1827 in
1499 1801 1611 1828 nihilum
1640 1808 1741 1828 evane-

953 1849 1040 1872 scent.
1059 1844 1150 1872 Nubes
1173 1845 1244 1873 enim
1265 1846 1406 1879 matutina,
1427 1847 1478 1873 hoc
1493 1851 1550 1877 est,
1567 1846 1662 1873 nebula
1673 1866 1680 1878 ,
1696 1854 1741 1874 ros

952 1893 1027 1925 item,
1045 1896 1072 1920 et
1087 1892 1182 1927 pulvis,
1195 1897 1222 1919 et
1238 1900 1320 1926 vapor
1338 1901 1369 1920 ex
1388 1893 1494 1920 camino
1525 1893 1604 1920 facile
1633 1893 1740 1920 dilllan—

952 1943 1005 1971 tur,
1020 1943 1047 1965 et
1062 1938 1179 1972 pauxillo
1195 1943 1326 1972 tempore,
1338 1938 1392 1966 imo
1409 1938 1475 1965 hora
1488 1946 1550 1970 una,
1562 1938 1737 1973 dissipantur.

952 1983 1044 2018 Qualis
1070 1984 1142 2011 enim
1155 1988 1202 2011 aut
1231 1984 1359 2018 pulveris,
1376 1989 1422 2012 aut
1440 1985 1519 2017 roris,
1531 1990 1579 2012 aut
1604 1992 1638 2013 ex
1664 1985 1738 2013 l'umo

952 2031 1101 2058 constantis
1120 2031 1226 2064 vaporis
1245 2030 1435 2058 subsistentia?

107 2060 241 2109 ὀλιγοστῷ
259 2060 409 2110 ,παντελῶς
421 2060 627 2104 ,διασκίδνανται
648 2076 752 2112 χρόνῳ,
768 2060 867 2111 μᾶλλον
885 2075 914 2101 δὲ
944 2075 990 2102 καὶ
1002 2075 1030 2102 ὲν
1053 2074 1112 2110 ὥρᾳ
1146 2060 1204 2110 μιᾷ.
1217 2075 1284 2102 Ποία
1305 2075 1358 2111 γὰρ
1383 2060 1530 2108 ὑπόστασις
1550 2076 1566 2112 ἢ
1601 2077 1687 2111 χνοὸς,
1719 2077 1737 2112 ἢ

106 2120 216 2156 δρόσου,
242 2121 328 2156 ἤγουν
353 2121 404 2157 τῆς
420 2123 453 2149 ἐκ
469 2122 575 2150 καπνοῦ
593 2123 792 2158 συνισταμένης
818 2122 927 2158 ἀτμίδος

253 2194 446 2239 ΤΟΜΟΣ
482 2194 757 2240 ΕΒΔΟΜΟΣ.

147 2270 222 2305 Ἐγὼ
235 2269 271 2297 δὲ
282 2271 390 2305 Κύριος
401 2273 417 2298 d
437 2273 509 2305 Θεός
525 2279 593 2306 σου,
611 2274 628 2299 ὀ
644 2272 776 2307 στερεῶν
785 2273 838 2300 τὸν
852 2274 898 2300 οὺ-

103 2315 213 2350 ρανὸν,
237 2315 288 2342 καὶ
310 2316 414 2346 κτίζων
441 2316 509 2352 γῆν,
534 2315 570 2346 οὗ
588 2319 618 2344 al
644 2318 741 2352 xsfpec
772 2318 898 2346 ἔκτισαν

105 2361 213 2388 πᾶσαν
230 2361 288 2395 τὴν
306 2365 451 2396 στρατιὰν
467 2363 521 2390 τοῦ
540 2364 681 2398 οὐρανοῦ,
707 2365 756 2391 καὶ
772 2366 808 2392 οὐ
824 2372 899 2399 παρ-

105 2404 207 2440 έδειξά
214 2415 266 2434 σοι
279 2407 366 2439 αὐτὰ,
376 2407 428 2434 τοῦ
437 2409 617 2442 πορεύεσθαι
630 2410 727 2437 ὀπίσω
741 2409 866 2445 αὑτῶν-(1
874 2411 892 2445 ).

140 2454 237 2480 PMH’.
269 2453 426 2489 Ἐλὲγχεταί
455 2463 514 2487 πως
538 2455 581 2482 ἀεὶ
605 2456 655 2490 τῆς
680 2456 852 2491 ψευδοδοξίας
869 2457 899 2483 τὸ

93 2493 223 2530 omne;
236 2498 287 2533 τῆς
297 2498 414 2532 ἀληθοῦς
426 2499 552 2533 γνώσεως
561 2502 600 2532 είς
613 2501 694 2536 μέσον
707 2502 897 2537 ὲνηνεγμένης,

104 2545 150 2571 καὶ
168 2544 253 2572 οἱονεὶ
266 2545 355 2579 φωτὸς
366 2546 571 2581 ἀναλάμποντος
584 2547 621 2579 ὡς
635 2548 663 2574 ὲν
676 2548 761 2580 νυκτὶ,
774 2549 820 2575 καὶ
833 2549 895 2575 σκό-

102 2598 152 2625 τῳ,
178 2590 227 2616 τοῦ
252 2590 322 2626 πρὸς
343 2591 477 2628 ὀρθότητα
500 2592 636 2628 λογισμῶν
662 2593 896 2628 παιδαγωγοῦντος

103 2635 194 2670 λόγου.
211 2637 273 2663 Ὀτι
292 2636 383 2664 τοίνυν
393 2639 441 2672 τῆς
452 2639 566 2665 ἁπασῶν
588 2639 705 2674 ἐσχάτης
722 2640 896 2675 ἀναπιμπλά-

103 2691 179 2718 μενοι
208 2683 384 2715 δυσϐουλίας,
405 2684 550 2720 ἀθλότητος
577 2686 617 2716 είς
652 2685 728 2720 λῆξιν
747 2685 829 2717 ἰόντες
848 2685 897 2720 τὴν

135 2772 157 2787 7"
175 2771 245 2799 Tob.
260 2779 304 2804 ιιι,
319 2770 365 2797 22.
402 2771 424 2787 ’⁸
438 2773 502 2807 Sap.
521 2779 540 2804 I,
561 2773 603 2799 Μ.

134 2850 172 2886 (ι)
190 2849 256 2877 Ilaec
273 2854 338 2878 sunt
360 2849 433 2877 Isaiw
447 2849 593 2884 prophetae,
608 2857 666 2883 ην,
684 2849 724 2877 I8.

643 2772 664 2788 τε
680 2772 712 2799 IV
729 2772 794 2808 Reg.
816 2781 870 2805 tvx,
891 2773 916 2800 5.

1069 2199 1272 2245 TOMUS
1308 2199 1627 2244 SEPTIMUS.

987 2275 1044 2310 Ego
1053 2280 1138 2302 autem
1156 2273 1284 2301 Dominus
1297 2274 1366 2301 Deus
1381 2279 1452 2306 tuus,
1466 2274 1576 2308 ﬁrmans
1592 2275 1694 2306 mlunt,
1712 2279 1736 2301 et

950 2329 1041 2349 cream
1066 2326 1173 2353 terram,
1199 2320 1272 2352 cuius
1299 2328 1394 2347 manus
1412 2325 1564 2347 creaverunt
1589 2321 1736 2347 universam

951 2367 1073 2394 militiam
1098 2366 1166 2400 caeli,
1179 2372 1202 2393 et
1220 2374 1271 2393 non
1287 2366 1389 2394 ostendi
1407 2365 1454 2392 tibi
1468 2366 1526 2400 ipsa
1539 2371 1566 2392 ut
1587 2366 1736 2393 ambulare:

950 2418 1006 2448 post
1029 2421 1069 2439 ea.

986 2457 1122 2485 CXLVIII.
1140 2457 1271 2493 Perpetuo
1289 2458 1345 2484 fere
1362 2457 1488 2484 falsarum
1504 2457 1661 2491 opinionum
1678 2460 1736 2484 tur-

952 2505 1045 2540 pitudo
1056 2504 1270 2539 reprehenditur,
1278 2511 1340 2531 vera
1350 2503 1443 2530 notitia
1457 2503 1482 2530 in
1504 2503 1620 2530 medium
1636 2503 1735 2537 produ-

949 2554 1003 2581 cta,
1025 2554 1051 2576 et
1064 2550 1140 2584 quasi
1155 2557 1215 2576 cum
1231 2548 1320 2575 lumen
1334 2549 1361 2575 in
1379 2553 1457 2575 nocte
1472 2552 1499 2575 et
1514 2548 1540 2575 in
1566 2547 1683 2575 tenebris
1696 2555 1735 2574 rc-

950 2595 1082 2630 splendet,
1091 2602 1217 2622 sermone
1227 2595 1258 2622 ad
1272 2594 1369 2628 probas
1382 2593 1556 2628 cogitationes
1566 2592 1734 2620 instituente.

951 2641 1086 2668 lsraelitas
1108 2640 1199 2675 igitur,
1217 2644 1245 2667 ut
1269 2645 1391 2667 extrema
1424 2639 1541 2674 repletos
1561 2637 1732 2672 insipientia.

951 2687 983 2712 ad
1008 2691 1155 2714 extremam
1171 2693 1328 2722 progressos
1347 2686 1495 2718 miseriam,
1514 2683 1692 2712 conﬂatilibus
1707 2690 1734 2710 ct
