1919 3042
178 142 236 169 όοδ

680 142 709 168 8.
729 139 866 168 ογιιιιιι
886 137 1120 168 ΑιειιΑΝῡιιιΝι
1139 138 1299 168 ARCHIEP.

1767 136 1819 165 50‘

182 200 309 237 operibus
327 199 461 228 artiﬁcum
490 205 554 226 vere
575 201 602 225 et
627 202 722 224 natura
758 197 812 225 Deo
834 198 963 232 praeteriti

1023 197 1154 224 ἀνωτάτω
1168 196 1297 232 χώνευμά
1306 204 1348 229 τε,
1359 194 1406 222 καὶ
1414 194 1548 223 τεκτόνων
1558 193 1626 231 ἔργα
1635 193 1819 230 τετιμήκασιν

183 247 303 275 adoratis
324 246 483 278 insectatur,
497 244 589 271 dicens
615 251 645 271 se
656 250 717 271 esse
733 243 777 278 qui
801 243 898 271 eodem
924 243 969 271 llr-

183 292 308 324 maverit,
325 295 352 318 et
382 294 482 317 terram
518 288 690 319 stabiliverit,
711 293 739 316 et
765 294 837 316 astra
864 288 966 317 fecerit.

182 336 333 370 Eaprobrat
347 339 446 366 autem,
463 333 534 368 quod
552 337 581 360 ut
594 333 716 368 putidum
743 333 870 368 quiddam
899 341 969 369 prae-

181 381 373 412 tcrmittentes,
391 386 439 413 per
460 385 492 406 ea
508 386 567 413 qua
591 378 659 406 facta
677 384 740 406 sunt
761 386 840 414 posse
856 379 970 406 factoris

179 427 292 461 gloriam
313 432 487 461 cognoscere,
509 425 542 452 iis
562 425 596 452 ad
626 432 746 452 errorem
783 432 863 453 suum
891 424 967 452 abusi

178 474 242 499 sint.
263 471 404 504 Aitcnim,
417 478 470 498 non
487 471 546 498 ideo
566 470 648 503 facta,
662 475 692 497 ut
709 470 742 498 de
766 470 855 498 divina
883 470 967 505 gloria

178 518 278 554 aliquid
296 518 467 549 innuinuant,
480 525 495 544 a
509 516 666 544 mortalibus
675 516 727 544 diis
737 516 908 550 existimata;
921 517 969 545 sed

177 569 218 596 ut,
244 563 470 598 quemadmodum
492 563 530 590 ait
545 562 687 598 Scriptura
703 569 842 596 sacra,ex
864 562 968 598 magni—

177 611 271 639 tudine
295 616 322 638 et
342 609 542 645 pulchritudine
572 614 772 642 creaturarum,
795 611 968 645 proportione

176 664 254 684 meus
272 655 477 690 iulelligeutium
493 662 600 683 sursum
612 655 646 682 ad
663 655 816 683 Conditoris
838 656 967 683 virtutem

177 707 205 728 et
218 701 367 736 opiticium,
382 704 511 735 quantum
537 699 595 727 ﬁeri
612 704 711 735 potest,
725 699 896 728 evehatur".
911 700 966 728 ita—

177 754 230 781 que
244 754 295 774 n0n
312 747 431 774 ostendit
444 746 520 774 nobis
532 746 628 782 Opifex
645 751 808 778 creaturam.
829 751 858 774 ut
872 747 968 774 adore-

179 798 222 819 tur
237 799 252 819 a
265 792 354 819 nobis.
369 791 438 818 Hinc
447 797 473 818 et
486 792 646 819 testiﬁcatus
659 796 700 818 est
709 798 756 826 per
765 791 873 826 Moysen
887 799 893 816 :
909 800 919 818 ι
935 792 967 819 Et

177 846 293 872 ne,cum
306 837 458 872 respexeris
474 837 499 864 in
515 837 624 870 cmlum,
634 843 659 864 et
670 837 768 865 videris
783 837 911 871 solennet
923 838 966 865 lu-

176 892 250 918 nam,
263 890 290 912 et
303 884 404 917 stellas,
425 884 503 918 182
521 888 665 910 etomuem
686 888 810 910 ornatum
831 884 905 917 etnli,
921 884 967 911 de—
983 874 1004 904 Β

175 936 269 966 ceptus
290 931 386 958 adores
401 937 432 957 ea
450 937 509 964 qua:
524 929 661 956 distribuit
675 928 803 957 Dominus
820 929 891 957 Deus
907 934 967 957 tuus

175 977 300 1004 omnibus
322 976 446 1012 gentibus
460 983 519 1010 qua:
542 977 594 1002 sub
608 975 675 1002 cculo
690 980 753 1002 sunt
767 976 819 1003 ⁸⁸.»
838 975 878 1002 llli
901 983 965 1003 vero

175 1023 318 1051 distributa
334 1023 366 1050 ad
382 1021 574 1049 iudicationem
591 1025 755 1056 temporum,
769 1026 797 1048 et
817 1023 850 1048 ad
866 1022 964 1049 illumi-

175 1069 291 1097 nandum
311 1067 445 1095 orbem"
467 1068 614 1094 constituta
647 1067 711 1094 deos
742 1067 922 1102 appellabant,
941 1073 968 1095 et

173 1115 298 1151 precibus
311 1121 343 1141 ea
358 1113 448 1141 colere
461 1121 513 1140 non
534 1113 757 1142 rcformidabant.
774 1114 843 1147 Quin
864 1114 906 1141 his
920 1114 967 1140 ad-

173 1163 231 1189 huc
248 1159 357 1188 infanda
373 1159 460 1194 magis
474 1165 625 1194 quaerentes
639 1160 729 1187 miseri
743 1180 750 1193 ,
767 1160 855 1188 insilia
881 1165 908 1188 et
932 1160 965 1187 Ii-

175 1214 228 1241 sua
249 1206 275 1233 in
289 1206 400 1234 deorum
426 1205 485 1232 loco
503 1206 680 1238 honorabant,
700 1205 838 1233 fabrorum
853 1206 966 1234 aerario-

174 1261 245 1287 rum,
261 1253 428 1286 aliorumque
455 1251 589 1278 artificum
609 1251 723 1278 artillcia
751 1251 908 1279 adorantes.

1021 244 1044 270 οί
1059 243 1089 275 ἐξ
1111 242 1230 278 Ἰσραὴλ,
1243 247 1289 270 τόν
1302 241 1412 278 ἀληθῶς
1428 242 1476 269 καὶ
1496 241 1576 276 φύσει
1596 240 1818 278 παρατρέχοντες

1020 288 1099 320 Θεὸν,
1111 288 1268 323 άπελέγχει,
1282 287 1380 322 λέγων,
1391 287 1429 319 ὼς
1444 288 1485 321 εῐη
1500 287 1550 322 μὲν
1566 287 1657 318 αὐτὸς,
1669 287 1684 313 ό
1697 285 1818 321 στερεῶν

1019 335 1143 371 οὐρανὸν,
1153 335 1396 371 διαστηριξάμενος
1406 334 1434 361 δὲ
1448 335 1494 361 καὶ¹
1505 334 1568 369 γῆν,
1580 333 1694 360 καὶτῶν
1705 334 1828 368 ἄστρων.

1018 382 1033 408 ό
1049 381 1175 417 ποιητής.
1200 381 1382 413 Κατονειδίζει
1399 380 1427 406 δὲ
1440 400 1447 412 ,
1470 380 1511 407 ὅτι
1528 379 1662 415 παρέντες
1675 379 1715 410 ὼς
1732 378 1817 405 ἕωλον

1018 427 1048 454 τὸ
1062 427 1107 454 διὰ
1121 427 1175 454 τῶν
1191 427 1342 461 γεγονότων
1358 426 1492 454 δύνασθαι
1505 426 1555 462 τὴν
1573 425 1620 453 τοῦ
1634 425 1817 460 πεποιηκότος

1019 472 1098 506 δόξαν
1110 472 1272 507 ἀναμαθεῖν,
1284 472 1423 508 πρόφασιν
1435 472 1504 499 αὐτὰ
1514 472 1563 508 τῆς
1573 471 1677 503 οἰκείας
1687 471 1817 506 πεποίην-

1017 527 1063 545 ται
1075 518 1188 554 πλάνης.
1214 518 1284 544 Ἀλλ’
1309 518 1339 545 οὐ
1359 518 1404 544 διὰ
1423 517 1502 545 τοῦτο
1518 517 1680 552 γεγόνασιν,
1697 517 1743 544 ἶνα
1767 516 1816 552 τὴν

1018 563 1094 591 Θείαν
1108 563 1222 591 ἀδικῶσι
1246 563 1339 596 δόξαν,
1360 564 1389 590 ὲν
1405 563 1538 599 ὑπολήψει
1568 562 1638 589 θεῶν
1659 562 1817 598 εἰλημμένα

1017 610 1074 642 τοῖς
1091 610 1137 636 ἐπὶ
1149 610 1201 645 γῆς
1212 617 1219 624 ·
1237 609 1295 636 ἀλλ’
1311 609 1355 641 ἵν’,
1371 609 1409 641 ὡς
1423 607 1475 644 ἔφη
1492 609 1522 635 τὸ
1543 609 1664 644 Γράμμα
1677 608 1710 634 τὸ
1726 607 1815 642 ἱερὸν,

1017 655 1072 682 ἀπὸ
1102 656 1235 690 μεγέθους
1266 655 1314 683 καὶ
1337 655 1468 690 καλλονῆς
1494 655 1651 690 κτισμάτων
1677 654 1817 688 ἀναλόγως

1017 701 1188 738 ἀναθρώσκοι
1204 701 1260 728 τῶν
1276 701 1422 728 συνιέντων
1438 701 1452 727 ό
1466 699 1530 732 νοῦς
1543 701 1582 731 είς
1599 699 1754 735 κατάληψιν
1766 699 1817 735 τὴν

1017 747 1193 783 ἐνδεχομένην
1214 748 1263 784 τῆς
1278 747 1324 774 τοῦ
1347 748 1528 783 πεποιηκότος
1556 745 1699 782 δυνάμεώς
1714 755 1747 772 τε
1767 746 1816 773 καὶ

1016 791 1124 828 τέχνης.
1149 792 1254 819 Οὐκοῦν
1269 793 1300 819 οὐ
1321 792 1464 828 παρέδειξε
1479 792 1528 827 τὴν
1544 792 1633 819 κτίσιν
1646 792 1713 827 ἡμῖν
1732 792 1747 818 ὁ
1767 793 1817 826 Δη-

1019 839 1159 874 μιουργὸς,
1173 839 1216 865 ἴνα
1238 839 1424 874 προσκυνῆται
1439 839 1506 874 πρὸς
1516 838 1606 874 ἡμῶν.
1618 838 1673 865 Καὶ
1687 837 1755 872 γοῦν
1770 838 1817 864 καὶ

1018 884 1272 920 προδιεμαρτύρατο
1297 884 1385 919 λέγων
1412 884 1455 911 διὰ
1484 884 1618 916 Μωσέως·
1653 894 1662 910 ι
1692 884 1748 910 Καὶ
1779 883 1816 919 μὴ

1019 929 1173 964 ἀναϐλέψας
1191 931 1230 962 είς
1245 930 1292 956 τὸν
1304 929 1429 966 οὐρανὸν,
1442 930 1490 957 καὶ
1511 929 1574 956 ἰδὼν
1589 929 1635 956 τὸν
1653 929 1731 965 ἥλιον
1743 951 1750 962 ,
1767 931 1816 956 καὶ

1019 975 1068 1012 τὴν
1084 975 1209 1011 σελήνην,
1223 976 1270 1002 καὶ
1284 976 1349 1007 τοὺς
1378 975 1512 1010 ἀστέρας,
1526 974 1574 1002 καὶ
1587 974 1676 1001 πάντα
1699 974 1746 1001 τὸν
1770 974 1816 1001 κόο

1019 1030 1086 1056 σμον
1100 1021 1146 1049 τοῦ
1171 1020 1304 1057 οὐρανοῦ,
1325 1021 1474 1057 πλανηθεὶς
1495 1020 1688 1056 προσκυνήσῃς
1703 1021 1814 1052 αὐτοῖς,

1017 1069 1064 1096 κα)⁵
1094 1067 1245 1104 λατρεύσῃς
1276 1068 1380 1100 αὐτοῖς,
1400 1067 1418 1094 ἃ
1436 1067 1569 1101 ἀπένειμε
1595 1066 1697 1102 Κύριος
1714 1067 1730 1092 ό
1747 1066 1815 1098 Θεός

1017 1121 1064 1140 σου
1075 1132 1083 1145 ,
1099 1113 1167 1140 πᾶσι
1187 1114 1244 1144 τοῖς
1258 1111 1349 1138 ἔθνεσι
1368 1112 1426 1143 τοῖς
1444 1111 1574 1139 ὑποκάτω
1586 1110 1634 1138 τοῦ
1652 1111 1781 1146 οὐρανοῦ.
1801 1120 1810 1136 ι

1017 1160 1049 1186 Oi
1065 1159 1093 1186 δὲ
1106 1159 1140 1185 τὰ
1152 1157 1339 1194 ἐκνεμηθέντα
1356 1157 1425 1193 πρὸς
1439 1157 1544 1193 καιρῶν
1561 1157 1702 1190 ἐπίδειξιν,
1718 1157 1765 1184 καὶ
1784 1157 1813 1183 ἑν

1016 1205 1169 1240 φωστήρων
1191 1203 1266 1236 τάξει
1283 1203 1476 1238 καθεσταμένα
1490 1202 1570 1235 θεοὺς
1589 1203 1731 1238 ὠνόμαζον
1742 1223 1750 1234 ,
1766 1203 1814 1230 καὶ

1017 1251 1182 1286 προσκυνεῖν
1197 1249 1374 1285 ἀπετόλμων,
1391 1249 1439 1275 καὶ
1459 1249 1494 1276 τὰ
1509 1249 1549 1275 έτι
1563 1248 1666 1276 τούτων
1690 1249 1814 1284 αἰσχίονα

174 1300 319 1336 ζητοῦντες
332 1300 357 1326 oi
376 1298 497 1332 δείλαιοι,
512 1297 641 1334 χώνευμά
658 1307 698 1331 τε,
719 1298 767 1325 καὶ
787 1298 853 1333 ξύλα
870 1299 1048 1335 τετιμήκασιν
1063 1298 1101 1330 ὡς
1118 1298 1208 1330 θεοὺς,
1225 1298 1275 1333 τὴν
1291 1296 1470 1332 χαλκουργῶν
1503 1296 1550 1338 καὶ
1572 1297 1707 1324 τεκτόνων
1726 1304 1813 1332 προσ-

173 1347 316 1378 κυνοῦντες
332 1346 439 1381 τέχνην.

210 1393 290 1420 Vens.
312 1392 339 1424 Λ,
357 1391 384 1418 5.
405 1391 437 1417 Et
457 1399 504 1426 ego
529 1393 608 1419 eduxi
637 1397 660 1419 te
686 1393 718 1419 de
745 1397 815 1420 terra
838 1392 961 1427 Egypti,

172 1444 197 1466 et
223 1438 305 1465 Deum
325 1442 420 1471 prwter
436 1445 476 1464 me
499 1446 551 1464 non
571 1445 720 1473 cognosces,
740 1443 764 1465 et
783 1438 899 1465 salvator
912 1446 963 1465 non

172 1490 209 1512 est
230 1484 325 1518 absque
338 1491 387 1510 me.
406 1483 460 1518 Ego
489 1484 627 1518 pascebant
657 1489 681 1511 te
703 1484 731 1510 in
758 1484 909 1517 solitudine,
936 1486 964 1510 tu

172 1536 242 1557 terra
261 1529 428 1557 inhabitabili
455 1530 597 1556 secundum
617 1537 714 1563 pascua
729 1537 829 1556 eorum.

208 1575 323 1604 CXLlX.
349 1575 431 1602 Multa
450 1575 520 1602 inest
540 1575 566 1602 in
580 1575 622 1602 his
632 1575 751 1609 stuporis
767 1582 799 1602 ac
822 1574 963 1602 dementia
976 1595 997 1624 ο

172 1621 341 1656 redargutio,
358 1625 547 1655 ponanturque
560 1619 656 1647 ordine
667 1620 828 1647 auxiliorum
843 1627 942 1655 genera
952 1639 959 1652 ,

172 1668 271 1703 quibus
289 1666 414 1694 Israelita:
431 1665 550 1692 omnium
566 1665 740 1700 ingratissimi
753 1665 960 1692 convincuntur.

172 1713 356 1748 lleprehendit
367 1718 467 1746 autem,
483 1719 535 1739 non
554 1716 583 1738 ut
594 1713 760 1747 ignorantes,
773 1711 878 1746 opinor,
893 1712 964 1739 unde

172 1761 200 1787 in
220 1767 251 1787 ea
270 1759 327 1786 loca
349 1758 507 1791 venissent;
534 1758 582 1785 sed
609 1763 637 1784 nt
652 1765 685 1784 ex
704 1765 799 1792 magna
817 1757 963 1785 stoliditate

171 1811 200 1833 et
215 1810 325 1840 stupore
349 1804 426 1839 quasi
443 1811 537 1831 eorunt
559 1803 695 1832 oblivione
715 1809 818 1839 captos,
845 1811 962 1839 quorum

171 1856 327 1886 perpetuam
341 1857 502 1878 conservare
523 1850 680 1877 memoriam
704 1850 872 1878 debuissent.
889 1850 964 1877 Dete-

170 1896 276 1925 stabilis
292 1896 392 1932 quippe
406 1895 561 1929 Jeroboum,
573 1895 664 1924 vitulis
689 1896 960 1931 propositis,aiebat:

174 1953 184 1968 ι
205 1943 236 1970 lli
249 1948 312 1970 sunt
332 1943 368 1970 dii
389 1943 438 1975 tui,
453 1942 545 1976 Israel,
562 1943 607 1977 qui
626 1948 652 1970 te
667 1943 820 1970 eduxerunt
832 1943 866 1970 de
889 1947 962 1970 terra

171 1991 282 2026 Egypti
297 1990 332 2016 ⁸⁸.
348 1999 361 2016 θ
376 1990 425 2017 Ast
447 1989 496 2022 illi,
511 1997 663 2025 quanquam
689 1994 800 2017 nossent
816 1989 841 2016 id
855 1997 906 2016 non
928 1989 962 2017 ab

171 2037 261 2072 aliquo
273 2036 336 2069 alio,
353 2035 401 2064 sed
425 2043 440 2063 a
453 2035 507 2063 Deo
519 2036 661 2070 insigniter
686 2039 801 2069 gestum,
827 2033 963 2061 nihilomi-

170 2091 222 2111 nus
240 2083 332 2111 vitulis
347 2081 507 2110 manufactis
522 2082 622 2117 gratias
640 2080 804 2113 referebant,
822 2085 848 2108 et
863 2088 892 2108 se
903 2088 962 2107 mu-

172 2135 219 2156 tuo
245 2129 337 2157 nescio
360 2129 496 2163 quomodo
520 2129 553 2155 ad
585 2127 737 2155 divinorum
768 2127 961 2155 miraculorum

171 2175 358 2202 excellentiam
371 2174 436 2209 ipsis
451 2173 637 2202 ascribendam
653 2172 876 2201 cohortabantur.
889 2172 962 2206 Qua-

172 2229 202 2248 re
231 2226 358 2256 tanquam
388 2221 450 2247 vino
471 2220 650 2247 Sodomorum
684 2218 832 2246 inebriatos
849 2218 873 2234 “
893 2225 961 2253 pene

172 2265 306 2298 vulnerat,
321 2264 426 2298 dicens,
439 2265 556 2298 seipsnm
580 2271 641 2291 esse
675 2263 828 2296 manifeste,
843 2263 888 2298 qui
904 2269 931 2290 et
944 2271 959 2291 c
974 2267 998 2296 D

175 2321 184 2336 ι
197 2311 276 2338 domo
297 2310 435 2338 servitutis
446 2309 485 2335 "r
508 2316 555 2336 eos
570 2308 706 2340 eduxerit,
723 2313 750 2335 et
775 2315 824 2343 per
850 2307 959 2344 Moysen

173 2357 209 2383 ita
224 2356 409 2384 mandaverit:
430 2364 440 2381 ι
457 2355 514 2383 Νοιι
534 2359 613 2382 erunt
651 2354 697 2381 tibi
724 2354 760 2381 dii
790 2354 834 2381 alii
863 2359 961 2389 praeter

172 2404 305 2435 me";ict
317 2402 404 2429 solum
418 2409 446 2428 se
459 2408 519 2428 esse
535 2400 580 2434 qui
600 2400 697 2432 salvet,
714 2404 741 2427 et
753 2400 822 2427 citra
840 2400 960 2428 laborem

172 2447 254 2481 probe
267 2446 347 2474 faciat
367 2445 437 2480 quod
457 2445 585 2478 voluerit;
600 2451 640 2477 se,
659 2444 705 2479 qui
717 2444 743 2471 in
754 2444 898 2472 solitudine
913 2445 961 2472 ali-

171 2493 289 2520 moniam
322 2490 470 2526 providerit
499 2494 526 2518 et
552 2490 578 2517 in
603 2494 674 2517 terra
701 2490 817 2522 deserta,
845 2490 915 2518 invia
933 2495 960 2518 et

172 2539 305 2573 inaquosa
317 2537 404 2563 fontes
419 2543 549 2570 aquarum
560 2535 718 2569 produxerit
731 2535 765 2568 ",
783 2543 881 2563 manna
911 2536 958 2563 de-

172 2583 315 2616 miserit",
324 2588 474 2617 panemque
487 2582 640 2617 angelorum
650 2581 682 2609 de
693 2581 762 2610 ctelo
773 2581 913 2609 donaverit
921 2582 956 2614 ”,

172 2635 200 2656 et
220 2631 308 2658 instar
324 2628 385 2656 boni
412 2629 529 2663 pastoris
555 2635 602 2655 eos
624 2628 650 2656 in
665 2628 839 2660 abundantia,
857 2636 957 2656 secum

173 2677 236 2702 dum
268 2682 365 2710 pascua
382 2682 488 2707 eorum,
517 2675 573 2702 sive
598 2675 746 2702 secundum
775 2675 956 2709 profectiones

173 2721 288 2756 paverit.
306 2719 376 2748 Nihil
399 2719 497 2755 quippe
508 2721 639 2747 bonorum
656 2719 777 2747 ontnitnn
804 2719 830 2746 in
848 2719 956 2747 deserto

699 2819 720 2834 "
742 2818 818 2845 Deut.
836 2827 871 2849 ιν,
896 2820 937 2845 i9.

207 2819 230 2834 '°
250 2819 314 2854 Sap.
334 2828 394 2851 xm,
414 2819 447 2851 Si;
467 2819 544 2848 Rom.
559 2826 578 2850 ι,
597 2818 643 2848 20.
699 2819 720 2834 "
742 2818 818 2845 Deut.
836 2827 869 2849 iv,

213 2862 258 2881 xtl.
278 2855 320 2881 52.
360 2855 382 2870 ⁵⁵
403 2855 486 2881 Exod.
507 2862 566 2881 ιιιιι.
587 2854 613 2881 5.
650 2853 673 2869 ⁸⁸
685 2854 768 2881 Exod.
791 2861 835 2881 xx.
854 2855 869 2880 5

173 2862 258 2887 xxxii,
278 2855 320 2882 52.
360 2855 382 2870 ⁵⁵
403 2855 486 2882 Exod.
507 2862 566 2888 stu,
587 2854 613 2881 5.

993 2821 1016 2836 "
1035 2820 1102 2848 Gen.
1123 2829 1142 2851 ι.
1161 2822 1250 2848 Μ-ΙἹ.

919 2855 939 2871 81
961 2855 1000 2883 [³5¹

1046 1389 1101 1417 Καὶ
1122 1388 1180 1424 ἐγὼ
1206 1387 1360 1424 dini-(ward?
1375 1396 1413 1415 σε
1443 1387 1477 1414 ὲκ
1499 1386 1556 1422 τῆς
1571 1387 1735 1422 Αίγύπτου,
1756 1389 1808 1415 καὶ

1013 1435 1088 1463 Θεὸν
1103 1435 1186 1469 πλὴν
1200 1434 1273 1470 ἐμοῦ
1287 1436 1323 1462 οὐ
1338 1434 1439 1469 γνώσῃ
1452 1454 1461 1467 ,
1487 1433 1537 1460 καί
1553 1433 1654 1463 σώζων
1666 1435 1723 1461 οὐκ
1743 1435 1812 1463 ἐστι

1013 1481 1107 1515 πάρεξ
1118 1481 1200 1516 ἐμοῦ.
1222 1479 1296 1515 Ἐγὼ
1310 1481 1489 1515 ἐποίμαινόν
1501 1487 1538 1507 σε
1556 1479 1592 1506 ἐν
1601 1479 1638 1514 τῇ
1653 1479 1763 1515 ἐρήμῳ,
1777 1481 1812 1508 ἐν

1013 1527 1052 1562 τῇ
1064 1527 1215 1561 ἀοικήτῳ,
1228 1527 1303 1554 κατὰ
1317 1528 1370 1560 τὰς
1383 1527 1478 1562 νομὰς
1493 1526 1602 1554 αὐτῶν.

1049 1574 1139 1601 PMG’.
1155 1574 1242 1605 Πολὺς
1259 1575 1287 1601 ὲν
1299 1573 1403 1605 τούτοις
1415 1574 1462 1608 τῆς
1474 1573 1653 1609 ἀναισθησίας
1664 1574 1678 1600 ό
1690 1573 1810 1609 ἔλεγχος,

1015 1621 1063 1648 καὶ¹
1079 1620 1212 1647 τέθεινται
1225 1620 1365 1656 στοιχηδὸν
1390 1620 1440 1653 τῆς
1467 1620 1627 1656 ἐπικουρίας
1651 1621 1677 1647 οἱ
1701 1621 1810 1657 τρόποι,

1013 1666 1063 1701 τῆς
1078 1667 1257 1701 ἀχαριστίας,
1279 1666 1333 1693 τῶν
1355 1665 1386 1698 ἐξ
1408 1665 1517 1702 Ἰσραὴλ
1534 1666 1760 1699 καταδεικνύντες
1780 1668 1810 1694 τὸ

1015 1711 1141 1748 μέγεθος.
1162 1712 1283 1747 Ἐλέγχει
1297 1711 1335 1744 δὲ,
1350 1712 1400 1738 οὐκ
1416 1711 1597 1747 ἠγνοηκότας,
1614 1712 1652 1744 ὥς
1667 1721 1699 1746 γε
1718 1710 1808 1748 οἴμαι,

1013 1758 1106 1790 πόθεν,
1122 1758 1179 1784 ἀλλ’
1193 1758 1230 1789 ὠς
1248 1759 1280 1784 ὲκ
1296 1758 1402 1784 πολλῶν
1417 1759 1486 1792 ἄγαν
1503 1758 1663 1793 σκαιότητος
1676 1779 1683 1790 ,
1699 1759 1748 1785 καὶ
1765 1759 1810 1786 λο-

1013 1804 1112 1840 γισμοῦ
1126 1804 1287 1836 νενευκότας
1299 1805 1339 1836 εις
1349 1804 1538 1839 ἀναισθησίαν,
1551 1805 1693 1840 μονονουχὶ
1709 1806 1756 1831 καὶ
1771 1807 1811 1838 εἰς

1013 1850 1098 1886 λήθην
1112 1851 1358 1886 ὑπενηνεγμένους,
1369 1847 1407 1877 ὧν
1417 1850 1470 1877 ἔδει
1483 1851 1637 1887 μεμνῆσθαι
1650 1851 1808 1883 διαπαντός.

1019 1897 1048 1925 '0
1064 1898 1112 1933 μὲν
1126 1898 1180 1934 γὰρ
1191 1898 1329 1934 ἐπάρατος
1344 1898 1496 1934 Ἱεροϐοὰμ,
1511 1898 1558 1930 τὰς
1575 1899 1707 1934 δαμάλεις
1717 1900 1810 1931 αὐτοῖς

1013 1943 1179 1978 ἀναστήσας,
1196 1942 1317 1978 ἔφασκεν
1329 1963 1336 1975 ,
1355 1953 1365 1970 ‹
1383 1939 1463 1970 Οὗτοι
1483 1944 1508 1970 οἱ
1530 1943 1585 1971 θεοί
1603 1952 1662 1977 σου,
1684 1944 1808 1980 Ἰσραὴλ,

1012 1989 1039 2016 οῖ
1053 1997 1126 2021 τινες
1142 1989 1280 2024 άνήγαγόν
1295 1997 1323 2016 σε
1341 1989 1373 2016 ὲκ
1386 1990 1437 2026 γῆς
1449 1990 1599 2024 Αἰγύπτου.
1618 2000 1627 2016 ι
1645 1991 1676 2017 οι
1689 1991 1730 2023 δὲ,
1749 1991 1810 2018 καί-

1012 2043 1053 2060 τοι
1078 2033 1257 2068 γινώσκοντες
1269 2055 1275 2067 ,
1293 2035 1334 2061 ὂτι
1363 2035 1402 2070 μὴ
1419 2035 1513 2070 ἑτέρου
1541 2035 1630 2069 τινὸς,
1647 2035 1716 2062 ἀλλὰ
1739 2036 1808 2063 Θεοῦ

1013 2079 1181 2114 κατόρθωσις
1190 2077 1224 2115 ἦν
1238 2080 1268 2106 τὸ
1280 2080 1374 2116 χρῆμα
1389 2081 1492 2113 αὐτοῖς,
1511 2082 1706 2117 χειροκμήτοις
1720 2082 1810 2117 δαμὰ-

1011 2125 1070 2152 λεσι
1087 2127 1226 2162 προσῆγον
1242 2126 1275 2153 τά
1290 2127 1464 2162 χαριστήρια,
1482 2127 1530 2154 καὶ
1546 2128 1642 2159 αὐταῖς
1661 2128 1806 2160 ἀνάπτειν,

1010 2170 1062 2197 οὐκ
1076 2168 1124 2197 οἶδ’
1139 2171 1213 2203 ὅπως
1223 2191 1230 2203 ,
1244 2171 1369 2207 ἀλλήλοις
1387 2172 1529 2199 ἀνέπειθον
1543 2172 1598 2199 τῶν
1611 2172 1692 2200 θείων
1707 2183 1808 2210 κατορ-

1012 2216 1146 2251 θωμάτων
1161 2217 1211 2253 τὴν
1231 2218 1378 2254 ὑπεροχήν.
1404 2218 1520 2250 οὐκοῦν,
1538 2219 1576 2251 ὡς
1591 2219 1622 2252 ἐξ
1637 2220 1710 2246 οἴνου
1728 2221 1807 2247 me-

1012 2270 1069 2295 μων
1083 2262 1317 2297 μεμεθυσμένους,
1335 2263 1476 2299 μονονουχὶ
1493 2263 1628 2291 διανύττει
1641 2264 1730 2299 λέγων
1742 2273 1750 2280 ο
1765 2265 1806 2292 ὅτι

1008 2315 1037 2333 τε
1050 2307 1130 2339 αὐτὸς
1145 2308 1187 2343 εἴη
1203 2308 1308 2343 σαφῶς,
1332 2309 1346 2335 ό
1367 2309 1413 2335 καὶ
1429 2308 1458 2342 ἐξ
1473 2318 1482 2335 ι
1502 2309 1577 2336 οἴκου
1595 2310 1718 2342 δουλείας
1731 2319 1742 2336 ι
1763 2310 1806 2342 ἐξ·

1010 2352 1139 2386 ενεγκὼν,
1157 2353 1202 2379 καὶ
1225 2354 1417 2389 προστεταχὼς
1434 2354 1478 2381 διὰ
1497 2355 1630 2387 Μωσέως,
1644 2355 1682 2387 ὡς
1721 2365 1731 2381 ι
1747 2357 1804 2382 Οὺκ

1010 2397 1118 2425 ἔσονταί
1135 2407 1176 2425 σοι
1196 2399 1252 2426 Θεοὶ
1268 2399 1357 2435 ἕτεροι
1379 2400 1450 2436 πλὴν
1469 2401 1548 2436 ἐμοῦ,
1567 2410 1576 2426 ι
1602 2402 1650 2428 καὶ
1665 2403 1705 2429 ὃτι
1725 2403 1807 2437 μόνος

1010 2444 1089 2476 αὐτὸς
1105 2445 1119 2471 ὁ
1133 2445 1226 2478 σώζων
1237 2446 1306 2479 ἐστὶ,
1321 2446 1367 2474 καὶ
1376 2447 1506 2482 ἀνιδρωτὶ
1519 2447 1659 2483 κατορθῶν
1670 2448 1725 2473 πᾶν
1736 2448 1806 2484 ὅπερ

1013 2489 1145 2525 βούλοιτο,
1167 2492 1247 2524 αὐτὸς
1260 2492 1275 2518 ὁ
1289 2493 1497 2528 τροφοφορήσας
1524 2493 1595 2519 κατά
1617 2492 1666 2528 τὴν
1689 2492 1805 2528 ἔρημον,

1013 2537 1059 2564 καὶ
1078 2537 1107 2563 ὲν
1124 2538 1158 2573 γῇ
1175 2538 1270 2573 ἐρήμῳ
1282 2558 1290 2571 ,
1317 2538 1365 2564 καὶ
1381 2538 1494 2574 ἀϐάτῳ,
1518 2538 1566 2565 καὶ
1587 2538 1694 2573 ἀνύδρῳ
1712 2537 1807 2572 πηγὰς

1014 2582 1063 2617 μὲν
1080 2582 1185 2610 ὑδάτων
1200 2583 1284 2616 ἀνεὶς,
1310 2584 1416 2615 καθιεὶς
1430 2584 1458 2611 δὲ
1483 2584 1513 2610 τὸ
1531 2584 1637 2620 μάννα,
1657 2585 1706 2610 καὶ
1722 2584 1806 2620 ἄρτον

1011 2629 1134 2663 ἀγγέλων
1158 2629 1188 2661 ἐξ
1208 2629 1322 2665 οὖρανοῦ
1345 2630 1532 2666 δωρούμενος,
1550 2631 1596 2657 καὶ
1612 2630 1650 2662 ὡς
1673 2631 1703 2656 ὲν
1728 2631 1805 2663 τάξει

1010 2675 1137 2709 ποιμένος
1155 2676 1258 2709 ἀγαθοῦ
1278 2677 1456 2703 καταϐόσκων
1465 2677 1506 2708 είς
1518 2677 1656 2712 εὐθηνίαν,
1671 2678 1744 2703 κατὰ
1756 2677 1804 2708 τὰς

1009 2720 1095 2756 νομὰς
1123 2721 1222 2754 αὐτῶν,
1244 2722 1304 2757 ἤτοι
1336 2722 1386 2754 τὰς
1414 2723 1559 2758 ὰπάρσεις.
1582 2722 1728 2755 ’Δνενόεεῖς
1749 2722 1804 2758 γὰρ

1306 2823 1329 2840 ⁸³
1348 2824 1380 2851 ili
1404 2824 1468 2856 Rea.
1494 2832 1542 2856 xu,
1563 2825 1608 2852 εὶς.
1662 2825 1686 2842 ⁸⁸
1706 2825 1783 2852 Dent.

1004 2856 1028 2882 ιΙ.
1051 2864 1116 2890 un,
1133 2857 1158 2883 5.
1197 2857 1219 2873 ⁸⁸
1240 2858 1323 2885 lixod.
1345 2867 1400 2892 ιιι,
1421 2860 1464 2887 Η.
1501 2861 1523 2876 ⁸⁵
1544 2860 1614 2888 l's.:l.
1636 2868 1740 2895 unm,
1755 2860 1801 2889 55.
