1919 3042
73 203 123 232 505

545 194 821 236 COMMENTARIUS
840 207 873 235 IN
894 207 1009 236 OSEA.“
1031 209 1251 238 PllOPllETAM.

1659 203 1710 234 5ῦο

75 258 141 296 ἦσαν
157 261 264 294 παντὸς
279 262 389 297 ἀγαθοῦ
402 263 472 291 κατὰ
482 264 532 299 τὴν
547 263 650 300 ἔρημον
664 265 689 291 οί
704 265 734 297 ἐξ
748 265 857 301 Ἰσραὴλ
867 285 874 298 ,

930 267 990 295 llliis
1004 267 1086 294 Israel
1103 266 1197 300 deruit,
1214 264 1385 301 quantumvis
1410 263 1499 291 locum
1521 262 1580 289 loco
1607 268 1712 295 semper

80 306 162 333 καίτοι
176 307 283 339 τόπους
299 310 334 336 ὲκ
345 310 437 337 τόπων
445 310 490 337 ἀεὶ
504 310 725 346 μεταμειϐοντες,
741 311 788 337 καὶ
799 312 827 338 ὲν
838 312 873 347 γῇ

81 351 189 387 τραχείᾳ
202 353 252 379 καὶ
265 353 389 390 ἀκάρπῳ
401 354 636 390 καταυλιζόμενοι.
651 357 711 392 Χρὴ
721 357 752 392 δὴ
765 355 811 384 οὖν
822 357 876 393 ἄρα

83 398 236 433 μεμνῆσθαι
260 399 308 427 διὰ
332 399 433 432 παντὸς
444 421 451 434 ,
466 397 503 427 ὧν
523 399 556 426 ἂν
571 400 679 437 ἔχοιμεν
695 403 771 437 παρά
785 403 853 429 Θεοῦ
866 424 873 436 ,

82 443 125 469 καὶ
142 443 194 479 τὴν
217 445 266 472 ἐπὶ
289 445 397 477 τούτοις
410 445 514 481 λήθην,
529 446 567 478 ὡς
590 447 717 475 ἀποτάτω
740 449 875 476 ποιεῖσθαι

82 488 168 522 φιλεῖν
191 491 244 525 τῆς
263 491 372 518 ἑαυτῶν
395 491 529 525 διανοίας,
548 492 585 524 ὡς
599 492 710 528 ὀλέθρου
734 494 874 530 πρόξενον,

83 534 127 560 καὶ
150 535 328 570 παροτρύνον
350 537 390 568 εἰς
412 537 600 572 ἀγανάκτησιν
620 537 666 563 τὸν
680 538 790 573 ἁπάσης
811 539 876 574 ἡμῖν

83 580 234 615 εὐημερίας
249 581 351 617 δοτῆρα
363 581 479 608 Θεόν.⁷0
492 581 545 617 γὰρ
557 582 713 617 ἀχάριστος,
730 583 777 610 καὶ
793 583 875 618 βλάσ-

83 636 185 663 φημος,
202 628 277 655 κατά
286 637 319 662 γε
333 629 364 655 τδ
378 628 432 655 ὑπό
442 637 489 655 του
505 628 594 663 σοφῶς
607 628 762 664 εἰρημένον.

116 674 172 700 Kal
189 674 430 709 ἐνεπλήσθησαν
444 675 488 707 εὶς
513 675 707 709 πλησμονὴν,
726 676 775 702 καί
792 675 874 710 ὑψώ-

81 720 183 752 θησαν
198 721 229 747 αἰ
248 719 365 754 καρδίαι
388 719 506 754 αὐτῶν,
531 720 620 747 ἕνεκα
641 721 748 748 τούτου
769 721 877 748 ἐπελά-

83 765 173 791 θοντό
185 773 260 799 μου.

118 809 183 836 PN’.
205 809 313 846 Ὥσπερ
325 811 350 837 οἰ
364 811 418 838 τῶν
435 811 534 847 ἰατρῶν
552 812 743 848 ἐμπειρότατοι
757 814 807 846 τὰς
821 815 876 842 τῶν

83 854 247 890 νοσημάτων
260 853 289 883 εὖ
308 857 380 892 μάλα
394 857 622 893 περιαρθροῦντες
640 859 740 893 αἰτίας,
753 861 810 892 τοῖς
823 861 877 887 ἀπὸ

74 900 133 934 τῆς
158 901 259 937 τέχνης
282 903 501 939 ὲπικουρήμασιν
525 904 689 932 ἀνακόπτειν
711 906 874 940 ἐπάγονται·

927 317 1074 346 mutarent,
1092 316 1119 339 et
1132 313 1157 339 in
1175 317 1247 339 terra
1260 310 1369 339 horrida
1383 313 1463 344 atque
1480 307 1712 335 infructuosaca-

926 363 1161 387 strametarentur.
1173 357 1286 392 Semper
1311 357 1393 392 igitur
1408 360 1518 389 accepta
1533 361 1547 382 ο
1564 353 1618 381 Deo
1642 353 1712 380 bana

926 405 953 432 in
970 404 1099 432 memoria
1113 404 1235 431 habenda
1251 407 1324 435 sunt,
1344 401 1423 437 133
1440 407 1590 435 eorumque
1612 398 1714 426 oblivio

925 459 1006 487 quam
1043 449 1198 485 longissime
1232 448 1385 483 repellenda
1400 448 1433 474 ab
1451 448 1552 480 animo,
1585 446 1712 480 quoniam

925 497 1036 524 exitium
1062 496 1143 531 parit,
1169 500 1196 523 et
1216 493 1298 521 Deum
1323 494 1413 521 omnis
1447 498 1546 521 nostra:
1576 491 1715 519 felicitatis

925 546 1063 570 auctorem
1076 541 1108 568 ad
1125 540 1335 574 indignationem
1351 543 1488 572 provocat.
1508 537 1627 572 ingratus
1641 536 1714 563 eiiim

925 588 1007 615 etiam
1019 591 1061 614 est
1081 585 1266 620 blasphemus,
1288 588 1346 610 uta
1361 582 1479 616 quodam
1503 581 1640 615 sapienter
1671 579 1714 606 dir-

925 638 997 661 ctum
1011 637 1063 660 est.

962 678 1042 706 Vens.
1055 678 1081 705 6.
1101 676 1134 704 Et
1151 676 1243 712 repleti
1253 680 1313 703 sunt
1327 674 1512 705 saturitate,~et
1527 670 1642 698 exaltata
1655 674 1714 699 sunt
1726 684 1729 693 .-

926 726 1006 753 corda
1022 732 1111 752 eorum
1123 731 1132 750 :
1145 727 1249 757 propter
1265 722 1312 749 hoc
1334 719 1407 748 obliti
1417 723 1476 746 sunt
1496 718 1556 744 mei.

960 813 1014 842 CL.
1036 811 1267 846 Quemadmodum
1291 808 1456 836 medicorum
1486 802 1716 840 expcrientissimi

929 859 1134 895 diligentissime
1148 855 1352 890 circumspectis
1369 853 1526 880 morborum
1544 849 1642 881 causis,
1662 856 1718 880 eos

927 894 1034 934 auxiliis
1065 905 1099 932 ab
1118 908 1177 931 arte
1202 902 1294 938 petitis
1316 899 1450 934 depellere
1470 896 1652 925 contendunt:
1680 894 1717 923 ita

85 945 156 973 κατὰ
169 946 218 973 τὸν
230 947 323 981 αὐτὸν,
340 946 429 984 οἶμαι,
440 949 541 985 τρόπον
555 950 602 977 καὶ
618 951 632 976 ό
653 950 709 978 τῶν
724 939 791 978 ὅλων
810 952 876 985 Θεὸς

930 959 991 980 sane
1005 951 1191 978 universorum
1221 948 1303 981 Deus,
1320 950 1438 974 mentem
1469 947 1495 971 et
1509 950 1558 970 cor
1588 939 1717 974 introspi-

83 992 122 1022 εἰς
141 990 205 1018 νοῦν
230 992 296 1027 tam;
323 993 370 1020 καὶ
397 994 510 1030 καρδίαν
523 995 605 1030 ὁρῶν,
624 996 672 1028 τὰς
696 996 750 1023 τῶν
764 998 793 1024 ὲν
810 999 875 1034 ἡμῖν

85 1037 180 1064 παθῶν
205 1038 296 1071 αἰτίας
320 1040 541 1075 περιεργάζεται,
562 1041 634 1068 οὕτω
655 1051 684 1069 τε
706 1042 800 1070 λοιπὸν
820 1045 876 1076 τοῖς

85 1083 236 1119 καθήκουσι
253 1085 423 1120 περιστέλλει
436 1088 593 1122 φαρμάκοις
604 1088 649 1114 τὸν
661 1088 877 1124 ἀρῥωστήσαντα

84 1128 156 1155 νοῦν.
174 1130 302 1156 Δίτιᾶται
325 1131 416 1157 τοίνυν
431 1131 494 1163 τοὺς
514 1131 544 1165 ἐξ
574 1132 692 1168 Ἰσραὴλ,
714 1133 752 1165 ὡς
774 1135 806 1161 ἐκ
826 1135 877 1170 τῆς

84 1175 153 1207 άγαν
168 1175 324 1210 εὐημερίας
335 1176 403 1212 πρὸς
419 1176 503 1213 λήθην
518 1177 714 1214 ὲνηνεγμένους
726 1179 773 1206 τοῦ
789 1180 877 1207 πάντα

85 1219 175 1252 αὐτοῖς
191 1220 373 1256 χορηγοῦντος
386 1221 421 1248 τὰ
441 1221 552 1258 ζωαρκῆ
565 1232 572 1238 ·
595 1225 643 1250 καὶ
665 1224 700 1251 τὰ
721 1225 825 1261 ὅσαπερ
842 1226 876 1253 ἂν

85 1264 222 1298 φαίνοιντο
234 1265 476 1301 καταλαμπρύνειν
495 1267 592 1294 εἰδότα·
608 1267 702 1294 καίτοι
710 1276 878 1305 προηγορευ-

85 1309 161 1341 κότος
169 1310 222 1349 τοῦ
243 1310 327 1345 νόμου
349 1311 453 1345 σαφῶς
470 1320 480 1338 ‹
504 1312 624 1348 Πρόσεχε
639 1313 753 1348 σεαυτῷ,
771 1313 808 1349 μὴ
819 1315 878 1340 ἐπι-

84 1355 151 1390 λάθῃ
170 1355 277 1392 Κυρίου
291 1355 339 1382 τοῦ
354 1356 422 1383 Θεοῦ
441 1365 500 1389 σου,
513 1356 560 1383 τοῦ
576 1357 613 1392 μὴ
633 1357 748 1391 φυλάξαι
767 1358 816 1390 τάς
835 1358 878 1385 ὲν-

85 1401 162 1432 τολὰς
185 1400 284 1433 αὑτοῦ,
306 1402 353 1428 καὶ¹
378 1402 413 1428 τὰ
429 1403 562 1437 κρίματα,
586 1402 633 1429 καὶ
651 1402 685 1429 τὰ
707 1402 878 1438 δικαιώματα

86 1445 177 1478 αὑτοῦ,
193 1446 245 1472 ὅσα
260 1446 315 1480 ἐγὼ
332 1447 488 1482 ἐντέλλομαί
501 1456 542 1474 σοι
560 1448 691 1483 σήμερον.
707 1448 752 1484 Μὴ
771 1449 876 1483 φαγὼν,

86 1492 130 1518 καὶ
143 1492 324 1527 ἐμπλησθεὶς,
339 1493 386 1519 καὶ
406 1493 494 1525 οἰκίας
516 1493 600 1525 καλὰς
620 1494 811 1530 οἰκοδομήσας,
830 1495 878 1522 καὶ

86 1538 256 1572 κατοικήσας
272 1539 301 1564 ὲν
320 1538 426 1571 αὑταῖς,
443 1539 490 1565 καὶ
503 1539 558 1566 τῶν
583 1539 726 1574 προϐάτων
749 1548 806 1573 σου,
830 1540 878 1567 καὶ

85 1584 138 1610 τῶν
163 1583 235 1618 βοιῖιν
261 1592 308 1610 σου
335 1584 542 1620 πληθυνοέντων
575 1594 633 1619 σοι,
657 1586 803 1621 ἀργυρίου,
831 1586 877 1613 καὶ

927 999 1011 1030 ciens,
1023 1005 1119 1026 causas
1134 996 1289 1024 morborum
1304 998 1458 1022 nostrorum
1484 994 1678 1026 perscrutatur,
1689 993 1718 1017 (ξι

927 1045 965 1072 ita
993 1045 1098 1072 demum
1118 1046 1248 1078 aegrotum
1276 1041 1394 1068 animum
1422 1035 1626 1066 medicamentis
1651 1042 1717 1062 con—

929 1090 1102 1119 venientibus
1133 1087 1272 1123 componit
1315 1093 1348 1113 ac
1372 1088 1460 1113 sanat.
1487 1082 1607 1117 Castigat
1635 1081 1716 1115 igitur

927 1136 1073 1168 lsraelitas,
1093 1135 1139 1170 qui
1150 1142 1184 1162 ex
1196 1133 1276 1161 rebus
1287 1131 1431 1159 admodum
1446 1127 1604 1156 ﬂorentibus
1626 1131 1657 1153 .et
1673 1132 1717 1154 se-

927 1182 1023 1210 cundis
1032 1181 1122 1209 omnia
1139 1180 1204 1215 ipsis
1225 1179 1287 1205 vitae
1310 1176 1433 1212 praesidia
1458 1172 1664 1208 suppeditantis,
1690 1176 1718 1198 et

927 1227 1133 1263 quibuscunque
1147 1223 1301 1259 conspicuis
1314 1223 1402 1250 lucem
1423 1227 1500 1248 suam
1519 1219 1582 1246 dare
1607 1216 1718 1251 scicntis

927 1273 1002 1301 obliti
1022 1273 1087 1305 sint,
1112 1277 1266 1306 quanquam
1288 1268 1369 1297 claris
1383 1266 1473 1295 verbis
1484 1265 1526 1293 lex
1538 1272 1584 1293 eos
1595 1264 1631 1290 ita
1645 1269 1717 1296 pra:-

927 1318 1083 1347 monuerit:
1106 1317 1198 1344 «Cave
1214 1315 1272 1347 tibi,
1286 1321 1319 1341 ne
1343 1311 1511 1341 obliviscaris
1542 1308 1646 1336 Domini
1672 1307 1719 1334 Dei

928 1365 977 1398 tui,
996 1368 1025 1391 ut
1042 1370 1096 1390 non
1106 1361 1244 1390 custodias
1256 1359 1382 1388 mandata
1401 1357 1470 1392 ejus,
1490 1360 1517 1384 et
1534 1354 1633 1390 judicia
1649 1353 1718 1387 ejus,

927 1413 954 1436 et
965 1407 1172 1444 iustiﬁcationes
1186 1405 1256 1441 ejus,
1272 1410 1440 1439 quaecunque
1450 1409 1500 1437 ego
1513 1399 1641 1436 praecipio
1670 1398 1717 1424 tibi

927 1454 1017 1482 hodie.
1043 1452 1082 1480 Ne
1098 1457 1242 1487 postquam
1263 1449 1423 1481 comederis,
1441 1452 1468 1476 et
1483 1447 1595 1474 satiatus
1623 1444 1717 1475 fueris.

926 1504 952 1527 et
979 1499 1072 1527 domos
1094 1498 1222 1533 pulchras
1243 1495 1430 1527 acditicaveris,
1456 1498 1491 1521 et,
1509 1490 1674 1520 habitaveris
1692 1489 1718 1516 in

926 1544 977 1576 eis,
994 1548 1021 1571 et
1034 1543 1128 1571 ovibus
1149 1543 1203 1570 tuis
1228 1547 1254 1569 et
1268 1541 1354 1569 bobus
1369 1540 1422 1567 tuis
1450 1536 1634 1572 multiplicatis
1661 1535 1719 1567 tibi,

927 1594 1038 1625 argento
1050 1593 1077 1616 et
1091 1596 1157 1616 auro
1168 1586 1351 1622 multiplicatis
1364 1585 1423 1618 tibi,
1441 1584 1562 1612 elevetur
1578 1590 1629 1610 cor.
1642 1587 1718 1608 tuum

86 1629 201 1665 χρυσίου
229 1629 438 1666 πληθυνθέντων
464 1639 515 1663 σοι,
541 1631 587 1657 καὶ
613 1631 720 1658 πάντων
742 1633 811 1659 ὅσων
836 1641 877 1659 σοι

930 1639 957 1662 et
968 1634 1139 1662 obliviscaris
1154 1633 1258 1661 Domini
1271 1632 1318 1660 Dei
1336 1632 1373 1658 tui
1383 1640 1390 1666 ;
1402 1630 1452 1666 qui
1461 1629 1551 1658 eduxit
1567 1633 1592 1656 te
1603 1629 1635 1655 de
1649 1632 1720 1657 terra

87 1676 161 1702 ἔσται
175 1676 386 1710 πληθυνθέντων
403 1685 456 1708 σοι,
471 1676 579 1712 ὑψωθῇς
598 1679 632 1713 τῇ
646 1678 744 1713 καρδίᾳ
758 1687 816 1711 σου,
830 1679 877 1706 καὶ

86 1722 203 1757 ἐπιλάϐῃ
217 1722 321 1759 Κυρίου
336 1722 383 1748 τοῦ
393 1722 461 1749 Θεοῦ
476 1731 533 1755 σου,
547 1723 594 1749 τοῦ
609 1723 787 1758 ἐξαγαγόντος
800 1733 829 1751 σε
845 1724 878 1750 ὲκ

85 1767 135 1801 γῆς
151 1767 304 1801 Αἰγύπτου,
326 1768 356 1800 ἐξ
369 1768 444 1795 οἴκου
466 1769 586 1801 δουλείας
598 1778 605 1785 ·
621 1769 669 1796 τοῦ
683 1770 832 1804 ἀγαγόντος
848 1779 878 1798 σε

85 1812 128 1839 διὰ
137 1813 191 1847 τῆς
203 1814 321 1848 ἐρήμου,
338 1813 388 1848 τῆς
411 1814 532 1850 μεγάλης
546 1815 593 1841 καὶ
613 1815 662 1850 τῆς
677 1815 794 1851 φοϐερᾶς
808 1816 877 1843 ὲκεί-

85 1866 133 1891 νης
162 1854 195 1884 οὗ
215 1859 278 1893 ὄφις
291 1859 407 1891 δάκνων,
420 1859 468 1886 καλ⁴
481 1860 620 1896 σκορπίος,
637 1861 685 1887 καὶ
695 1860 768 1895 δίψα,
784 1859 814 1888 οὗ
828 1862 878 1897 οὐχ

87 1902 169 1938 ὕδωρ.
192 1912 202 1929 ι
221 1904 299 1938 Ἔχει
316 1904 371 1940 γὰρ
386 1905 435 1931 οὐκ
452 1905 586 1937 ἀνικάνως
608 1905 650 1932 ἀεί
675 1914 734 1937 πως
746 1907 762 1941 ἡ
776 1906 877 1942 τρυφὴ,

86 1949 132 1975 καὶ
146 1949 178 1975 τὸ
188 1949 334 1985 ἀδοκήτοις
347 1951 440 1984 τιμαῖς
457 1950 663 1986 ὲναῦρύνεσθαι,
681 1951 727 1978 καὶ
738 1952 778 1983 εἰς
795 1952 879 1987 λήθην

86 1995 160 2028 ἡμᾶς
176 1995 328 2030 ἀποφέρειν
343 1995 421 2028 Θεοῦ,
438 1997 484 2022 καὶ
503 1996 571 2032 πρὸς
585 1997 639 2023 πᾶν
657 1998 746 2024 ὁτιοῦν
767 1999 822 2026 τῶν
835 2000 880 2026 ὲκ-

86 2041 178 2066 τόπων
209 2041 366 2067 κατασείειν
390 2041 520 2069 δύνασθαι
548 2043 594 2069 τὸν
622 2043 791 2079 ἀνθρώπινον
806 2044 878 2072 νοῦν.

93 2085 219 2120 Ἀρκέσει
242 2084 282 2117 δὲ,
307 2083 395 2120 οἶμαι,
419 2085 487 2122 πρὸς
513 2086 622 2122 ἔλεγχον
645 2087 850 2123 ἀποσκιρτήσας
866 2088 880 2114 ὁ

94 2132 213 2167 Ἰσραὴλ,
236 2132 284 2158 καὶ
297 2131 329 2158 τὸ
341 2132 391 2167 τῆς
406 2132 555 2168 εὐημερίας
575 2133 675 2165 πλάτος
688 2133 738 2168 τῆς
750 2133 790 2164 εἰς
801 2133 881 2160 τοῦτο

87 2177 176 2211 δεινῆς
191 2176 350 2212 ἀρῤωστίας
369 2178 520 2213 εὑράμενος
533 2178 671 2214 ἀφορμήν.
686 2178 823 2214 Σφαλερὸν
834 2176 883 2205 οὖν

88 2223 140 2256 ἄρα
165 2222 215 2248 καὶ
235 2221 422 2257 δυσδιοίκητον
441 2223 562 2258 ήτρυφὴ
585 2224 633 2250 καὶ
648 2223 706 2249 λεία
728 2232 770 2255 τις
785 2223 881 2259 ὥσπερ

88 2267 146 2299 ὁδὸς
171 2269 213 2298 εἰς
236 2267 388 2294 ἀπόστασιν
407 2268 456 2302 τὴν
479 2268 534 2295 ἀπὸ
556 2268 633 2295 Θεοῦ.
660 2268 739 2305 Παρὰ
767 2269 834 2296 πολὺ
853 2268 881 2295 δὲ

88 2312 209 2346 ἀμείνων
228 2313 245 2346 ὴ
263 2312 420 2347 σύμμετρος
442 2313 540 2348 θλίψις.
559 2313 743 2341 Πιστὼσονται
761 2314 790 2343 δὲ
812 2315 881 2350 πρὸς

88 2357 166 2383 τοῦτο
186 2358 261 2392 ἡμᾶς
286 2358 313 2384 αἱ
332 2358 385 2384 τῶν
405 2358 490 2392 ἁγίων
514 2359 612 2393 φωναί.
646 2360 675 2386 ’0
696 2360 746 2396 μὲν
765 2361 817 2396 γάρ
840 2369 880 2392 τις

89 2403 213 2437 ἔφασκε·
231 2412 241 2429 ι
271 2404 369 2439 Κύριε,
395 2405 423 2430 ἐν
448 2404 536 2439 θλίψει
562 2405 737 2441 ἐμνήσθημεν
766 2415 830 2435 σου·
851 2407 880 2433 ὲν

90 2449 177 2484 θλίψει
197 2451 284 2485 μικρᾷ
299 2452 315 2485 ἡ
333 2450 440 2477 παιδεία
459 2461 505 2479 σου
523 2453 598 2487 ἡμῖν.
617 2461 626 2478 ι
650 2452 679 2478 '0
694 2452 723 2478 δέ
739 2461 771 2486 γε
793 2452 880 2486 σοφώ-

90 2503 167 2527 τατος
191 2495 309 2529 Παῦλος,
334 2497 434 2528 παντὸς
457 2498 523 2532 ἡμῖν
546 2497 650 2531 ἀγαθοῦ
676 2497 754 2533 ῥίζαν
770 2495 878 2534 οἷάπερ,

90 2543 136 2568 καὶ
157 2542 276 2576 γένεσιν,
292 2543 343 2578 τὴν
357 2543 446 2578 θλίψιν
459 2543 553 2576 ἐτίθει,
566 2544 652 2578 λέγων
665 2553 672 2560 ·
694 2553 702 2570 ι
737 2544 768 2570 Ἦ
790 2544 879 2579 θλίψις

928 1680 1047 1716 Egypti,
1064 1688 1097 1707 ex
1114 1681 1194 1707 domo
1209 1679 1362 1711 servitutis;
1374 1677 1421 1712 qui
1433 1676 1509 1704 duxit
1522 1680 1548 1702 te
1568 1681 1614 1709 per
1629 1673 1721 1700 deser-

929 1731 985 1753 tum
993 1734 1129 1761 magnum,
1144 1730 1170 1752 et
1183 1724 1302 1752 terribile
1315 1724 1388 1756 illud,
1400 1722 1444 1750 ubi
1457 1729 1568 1756 serpens
1582 1720 1719 1750 mordens,

929 1777 955 1800 et
979 1772 1096 1806 scorpio,
1124 1776 1151 1798 et
1176 1771 1278 1805 dipsas,
1302 1770 1347 1797 ubi
1360 1776 1411 1796 non
1421 1767 1614 1802 erataqua’h
1629 1764 1720 1791 Luxus

928 1818 1011 1852 enim,
1023 1823 1051 1845 et
1065 1818 1194 1845 bonorum
1207 1817 1449 1850 inexspectatorum
1456 1813 1582 1848 splendor
1592 1811 1657 1839 satis
1665 1818 1722 1837 ma-

929 1872 1006 1899 gnam
1015 1864 1066 1890 vim
1075 1863 1217 1895 habent,ut
1226 1870 1274 1890 nos
1282 1863 1306 1889 in
1314 1861 1475 1888 oblivionem
1485 1859 1530 1886 Dei
1541 1858 1686 1887 abducant,
1694 1861 1722 1882 et.

929 1911 962 1937 ad
970 1909 1074 1944 quidvis
1086 1909 1252 1944 illegitimum
1261 1909 1407 1935 lmmanum
1416 1905 1536 1932 animum
1560 1902 1718 1930 dissolvant.

929 1955 969 1982 Ad
976 1955 1159 1989 probationem
1168 1953 1292 1986 suﬂiciet,
1300 1948 1611 1984 utexistimonraeani
1618 1947 1722 1977 resiluit

930 2005 957 2028 et
972 1999 1109 2027 felicitatis
1125 2007 1180 2026 sua:
1204 1999 1307 2034 copiam
1324 2002 1377 2025 tam
1402 1996 1493 2032 gravis
1525 1995 1610 2022 morbi
1640 2001 1720 2021 (loca-

931 2048 1032 2075 sionem
1048 2047 1159 2074 invenit.
1173 2045 1319 2074 Lubricum
1342 2045 1424 2079 igitur
1453 2042 1592 2078 quiddam,
1614 2045 1642 2068 et
1663 2047 1721 2067 mo-

932 2092 1024 2119 (leratu
1053 2091 1158 2119 dillicile
1177 2099 1223 2119 res
1251 2091 1328 2123 laetae,
1345 2093 1372 2118 et
1398 2088 1474 2124 quasi
1502 2088 1545 2115 via
1579 2086 1656 2121 plana
1687 2084 1721 2111 ad

933 2137 1135 2165 defectionema
1153 2137 1217 2164 Deo.
1239 2136 1321 2163 Multo
1342 2140 1431 2162 autem
1461 2134 1557 2161 melior
1584 2132 1720 2160 nmdcrata

935 2183 1080 2216 tribulatio,
1096 2182 1167 2217 quod
1181 2186 1335 2208 sanctorum
1351 2187 1432 2208 voces
1448 2180 1524 2206 nobis
1539 2177 1719 2205 lestabuutur.

933 2229 977 2257 Ait
996 2229 1066 2255 enim
1079 2228 1187 2263 quidam
1203 2235 1210 2254 :
1232 2237 1240 2252 ‹
1253 2227 1374 2259 Domine,
1390 2226 1415 2252 in
1432 2224 1604 2252 tribulatione
1620 2231 1720 2251 tuemu-

933 2281 978 2300 res
990 2273 1088 2300 l'nitnus
1101 2273 1148 2299 tui.
1168 2271 1195 2298 ιη
1227 2270 1397 2298 tribulati0ne
1416 2277 1497 2304 parva
1518 2268 1658 2303 castigatio
1675 2273 1719 2294 tua

896 2308 1010 2345 I)nobis
1027 2338 1034 2346 .
1052 2327 1061 2343 ι
1092 2317 1311 2352 Sapientissimus
1331 2321 1395 2341 vero
1420 2314 1517 2341 Paulus
1542 2314 1630 2341 onmis
1657 2313 1719 2340 boni

931 2363 1046 2391 radicem
1064 2369 1091 2390 et
1104 2363 1233 2398 originem
1250 2361 1326 2388 nobis
1351 2359 1551 2387 tribulationem
1569 2359 1718 2393 proposuit,

931 2416 991 2435 cum
1018 2408 1105 2435 dixit:
1122 2407 1203 2443 184
1216 2416 1225 2432 ι
1240 2405 1388 2432 Tribulatio
1402 2403 1558 2438 patientiam
1581 2407 1718 2436 operatur,

930 2453 1058 2488 patientia
1073 2458 1160 2480 autem
1180 2451 1375 2486 probationem,
1405 2449 1528 2484 probatio
1544 2456 1630 2483 spem.
1656 2454 1718 2481 spes

931 2504 1020 2525 autent
1039 2506 1093 2525 non
1112 2497 1291 2525 confundit“.
1313 2506 1323 2522 ι
1343 2495 1436 2522 Psallit
1454 2499 1481 2521 et
1506 2493 1602 2521 alicubi
1620 2493 1714 2520 beatus

933 2544 1030 2571 David:
1043 2553 1052 2569 ε
1067 2543 1167 2571 Burrum
1182 2543 1247 2570 mihi
1269 2542 1330 2577 quia
1346 2540 1491 2569 humiliasti
1506 2547 1558 2573 me,
1575 2543 1604 2568 ut
1615 2539 1718 2566 discam

91 2587 228 2624 ὑπομονὴν
241 2589 452 2624 κατεργάζεται,
469 2591 485 2625 ἠ
500 2589 529 2616 δὲ
542 2590 664 2625 ὑπομονὴ
679 2590 803 2625 δοκιμὴν,
820 2591 836 2626 ή
850 2590 877 2617 δὲ

930 2590 1134 2625 iustiﬁcationes
1146 2594 1203 2616 tuas
1216 2589 1248 2615 θ’.
1263 2598 1272 2615 ι

89 2633 186 2670 δοκιμὴ
212 2634 321 2667 ἐλπίδα,
350 2636 367 2670 ὴ
393 2635 421 2661 δὲ
437 2635 514 2668 ἐλπὶς
535 2635 565 2662 οὐ
601 2636 787 2671 καταισχύνει.
807 2645 816 2662 ›
836 2636 939 2663 Ψάλλει
971 2636 999 2662 δέ
1024 2644 1075 2662 που
1090 2635 1137 2662 καὶ
1157 2636 1171 2662 ὁ
1193 2634 1334 2665 θεσπέσιος
1353 2633 1450 2660 Δαϐίό·
1481 2642 1490 2658 ι
1517 2630 1631 2666 Ἀγαθὸν
1667 2637 1717 2664 μου

88 2680 129 2706 ὅτι
152 2681 339 2713 ὲταπείνωσάς
362 2691 406 2717 με,
426 2683 500 2714 ὅπως
515 2683 548 2710 ἂν
565 2684 643 2718 μάθω
657 2683 691 2710 τὰ
704 2683 876 2719 δικαιώματά
888 2692 944 2711 σου.
965 2693 973 2710 ι

123 2726 178 2754 Καὶ
192 2726 301 2762 ἔσομαι
317 2729 419 2761 αὐτοῖς
437 2729 478 2762 ὡς
499 2728 628 2764 πάνθηρ,
649 2730 698 2760 καὶ
713 2730 752 2763 ὠς
767 2729 879 2765 πάρδα-

89 2775 144 2805 λις.
162 2774 243 2800 Κατὰ
258 2773 317 2807 τὴν
328 2774 400 2800 όὸὸιν
420 2774 590 2809 Ἀσσυρίων
603 2775 813 2809 ἀπαντήσομιιι
827 2776 880 2802 αὐ-

90 2818 148 2851 τοῖς
168 2819 210 2852 ὠς
223 2818 335 2853 ἄρκτος
352 2819 554 2855 ἀπορουμένη,
575 2821 623 2848 καὶ
638 2820 787 2855 ὅιαρῤήξω
804 2829 877 2855 συγ-

123 2910 148 2927 ‘9
168 2912 235 2939 Deut
267 2920 326 2945 vnl,
352 2913 440 2940 ll—lz‘i.

968 2729 1049 2757 Vsus.
1066 2729 1092 2762 7,
1103 2730 1130 2757 8.
1144 2729 1176 2756 Et
1188 2738 1231 2757 ero
1243 2730 1279 2757 eis
1292 2729 1371 2764 quasi
1385 2728 1521 2763 panthera,
1534 2732 1557 2754 et
1573 2727 1640 2754 sicut
1657 2734 1718 2760 par-

932 2776 1009 2802 dalia.
1021 2774 1074 2802 Per
1092 2775 1159 2802 viam
1173 2776 1341 2809 Assyriorum
1365 2781 1499 2800 occurrant
1515 2773 1549 2799 eis
1564 2773 1630 2799 sicut
1655 2780 1716 2798 ursa

932 2823 1061 2858 indigens,
1079 2827 1103 2849 et
1112 2822 1273 2857 disrumpunt
1288 2821 1479 2849 conclusionem
1503 2820 1589 2846 cordis
1615 2826 1714 2847 eorum.

479 2913 499 2929 θ’
521 2913 598 2942 Rom.
620 2921 646 2946 ν,
667 2914 720 2941 5-5.
760 2915 781 2931 θ’
802 2913 872 2942 Psal.
893 2921 969 2946 cun,
991 2913 1032 2942 7|.
