1919 3042
224 223 274 252 307

719 220 749 248 5.
770 219 909 248 CYRILLI
929 220 1163 248 ALEXANDRINI
1184 220 1345 249 ARCHiEP.

1801 229 1854 256 διε
1884 216 1890 220 ’

226 280 259 308 Et
275 280 435 309 aet-orabunt
449 287 492 307 eos
506 279 542 306 ibi
559 278 639 306 catuli
656 279 738 313 silva»,
762 280 850 308 bestia
861 281 919 316 agri
935 280 1005 308 dila-

1067 280 1207 315 ὁλεισμόν
1239 280 1364 314 καρδίας
1393 280 1502 308 αὐτῶν.
1540 282 1595 309 Καί
1629 283 1853 318 καταφάγοηαι

222 326 331 354 ttiabunt
353 334 407 354 eos.

255 415 319 442 CLI.
336 414 479 450 Postquam
491 415 563 443 enim
584 423 674 444 rerum
688 417 853 451 orosperilas
863 417 1008 451 perniciem

220 460 273 488 illis
286 460 400 493 creavit,
417 460 638 496 desciscendique
655 468 669 488 a
684 461 738 489 Deo
765 461 936 489 occasionem
966 467 1008 489 at-

221 506 293 538 tulit,
321 506 382 534 ideo
397 506 521 541 deinceps
542 507 729 535 tribulationes
744 508 846 535 morbis
858 515 1009 542 congruen-

221 556 262 578 tes
276 552 465 586 imponantur.
486 551 607 587 Corpora
625 553 698 580 enim
727 553 848 587 graviter
872 558 1009 588 atgrotam

221 598 258 625 tia
279 602 307 625 et
322 598 474 632 putrefacta
499 598 604 626 lenibus
622 599 830 627 medicamentis
853 600 1009 634 neutiquam

221 643 400 672 curabuntur:
417 644 463 672 sed
475 644 547 672 ferro
574 647 601 672 ct
619 645 672 679 igni
688 652 756 680 opus
765 650 807 672 est
829 645 924 680 magis.
956 644 1008 672 Ita-

221 696 274 724 que
287 690 413 724 quoniam
431 690 527 718 divinae
539 691 752 718 mansuetudinis
776 691 932 726 magnitudo
960 698 1009 725 pa-

218 743 281 763 rum
295 737 364 771 apud
374 736 520 769 lsraclitas,
531 744 565 764 ne
580 737 667 765 dicam
686 737 752 763 nihil
763 737 1009 771 omnino,proiecit.

221 777 454 821 feralishuzedam
464 783 593 811 atrocitas
608 785 634 811 in
649 792 697 812 eos
709 784 872 812 immittitur.
887 783 1010 818 Seipsum

221 833 287 854 vero
301 827 397 854 bestiis
411 828 490 862 longe
504 829 653 862 acerrimis,
668 833 696 856 et
721 829 876 860 voracibu's,
900 835 1011 863 magna.

221 879 273 907 que
284 872 452 900 immanitate
462 873 576 908 perditis
587 878 736 909 comparat.
749 873 806 901 Non
821 874 884 909 quia
914 873 1006 902 divina

221 923 248 945 et
258 917 452 951 inexplicabilis
471 923 565 946 natura
590 918 657 946 tales
677 919 731 946 iras
747 919 828 954 plane
856 918 1008 953 concipiat.

221 965 267 991 sed
291 964 354 991 illud
385 963 499 991 fortasse
530 970 660 998 praeterea
692 953 780 998 docet,
800 965 928 1000 Assyrios
955 970 1009 992 tam
1028 953 1049 980 Β

221 1009 382 1044 implacabili
394 1010 432 1036 ira
452 1017 559 1042 usuros,
576 1010 802 1045 inhumanosque,
831 1011 950 1038 immites
971 1011 1010 1046 (et

220 1056 284 1092 quid
301 1063 352 1083 non
376 1055 484 1083 tandem
502 1056 688 1091 huiusmodi?)
711 1057 893 1091 apparitores.
917 1056 1008 1084 Videri

221 1105 310 1129 autem
335 1105 418 1135 queat
442 1100 488 1128 Dei
507 1101 658 1136 opus'csse,
687 1101 820 1136 siquidem
835 1101 860 1128 id
888 1102 1010 1136 permisit

220 1146 278 1180 ipse
295 1151 349 1173 tam
373 1152 492 1181 agrestes
508 1151 534 1174 et
555 1147 628 1175 feros
663 1153 821 1182 peccatores
846 1149 886 1175 ira
912 1156 1011 1176 conve-

220 1191 304 1218 nienti
324 1198 499 1226 persequens.
513 1192 650 1221 Inveniam
667 1194 747 1228 igitur
758 1199 844 1222 eosut
861 1195 1005 1229 panthera,

221 1241 251 1264 ut
265 1237 390 1271 pardalis.
407 1237 624 1272 Deportabuntur
635 1240 708 1267 enim
739 1241 765 1267 in
784 1241 933 1275 Assyriam.
956 1241 1010 1268 0c-

221 1289 328 1310 curram
341 1290 422 1318 porro
440 1283 479 1310 eis
490 1283 570 1311 etiam
588 1289 617 1311 ut
633 1292 695 1312 ursa
725 1285 861 1319 indigens,
875 1286 927 1314 hoc
957 1291 1010 1319 cst,

222 1328 346 1356 esuriens
365 1328 444 1362 forte,
458 1334 503 1357 aut
517 1331 604 1364 captis
626 1331 723 1358 catulis
734 1332 910 1360 vehementer
927 1333 1012 1360 tristis

221 1378 249 1400 et
261 1373 401 1402 oberrans.
417 1374 493 1402 Tunc
509 1376 581 1402 enim
599 1377 770 1410 potissimum
796 1378 865 1405 hanc
895 1378 1009 1405 belluam

221 1417 311 1446 ierunt
323 1419 433 1446 insitum
450 1419 570 1447 furorem
586 1421 673 1449 solere
685 1426 769 1458 totum
787 1421 934 1450 etl‘undere.
953 1432 963 1449 ι
979 1423 1011 1450 Et

221 1464 372 1499 dirumpam
391 1465 593 1494 conclusionem
624 1468 713 1495 cordis
730 1475 834 1494 eorum.
853 1476 863 1494 ι
893 1468 1011 1496 Conclu-

223 1511 326 1538 sionem
338 1511 455 1546 appellat
474 1517 607 1546 tutamen,
627 1521 673 1541 seu
689 1514 861 1548 priesidium:
893 1519 1010 1542 tutamen

223 1561 312 1584 autem
322 1559 412 1586 cordis
426 1562 468 1586 est
483 1559 606 1591 audacia,
621 1567 702 1594 quam
716 1560 777 1594 quis
792 1559 888 1587 afferat.
916 1565 1010 1587 contra

224 1602 335 1637 hostes;
361 1611 413 1637 qua
430 1604 548 1637 dirupta,
569 1604 673 1632 timoris
708 1604 822 1633 adeetus
849 1605 1010 1640 ingreditur,

224 1648 345 1675 utetiam
360 1648 427 1675 citra
444 1656 559 1684 pugnam
575 1650 698 1677 hostibus
715 1650 856 1677 victoriam
869 1650 1010 1678 concedat.

224 1691 320 1719 Simile
337 1692 418 1727 igitur
435 1697 486 1725 est,
499 1701 530 1720 ac
538 1694 559 1720 si
576 1694 648 1721 dicat
660 1694 776 1722 fortasse
789 1703 796 1721 :
811 1695 849 1720 Ad
865 1698 1014 1721 extremam

224 1743 271 1763 eos
286 1736 455 1763 timiditatem
474 1737 591 1772 adigam,
605 1738 770 1765 adversariis
785 1745 876 1765 ursam
889 1738 1014 1764 esurien-

227 1787 279 1809 tem
299 1786 327 1809 ct
351 1783 448 1810 catulis
478 1774 600 1811 orbatam
627 1784 805 1811 imitantibus.
822 1783 898 1817 Quod
923 1788 1014 1811 autent

225 1827 307 1853 etiam
323 1828 488 1862 captivitatis
501 1828 598 1856 irretiti
615 1829 738 1859 vinculis.
749 1833 777 1856 et
797 1829 823 1856 in
840 1828 1014 1863 Assyriorum

227 1873 362 1906 regionem
391 1874 509 1907 abducti,
535 1874 615 1910 135
635 1875 789 1909 neutiquam
819 1882 832 1901 a
853 1876 1015 1902 sceleredeo

226 1918 360 1953 clinaturi,
377 1919 424 1948 sed
451 1927 498 1947 eos
525 1922 608 1948 etiam
638 1921 702 1948 illuc
730 1922 877 1956 pravitates
893 1922 1013 1956 ipsorum

227 1965 302 1998 quasi
332 1969 464 1993 secuturae
494 1966 559 1999 sint,
587 1967 717 2000 ostendit,
743 1975 803 1994 cum
828 1967 924 1995 addit:
956 1967 1015 1994 «Et

227 2009 396 2038 devorabunt
419 2018 467 2038 eos
489 2012 525 2039 ibi
550 2012 633 2039 catuli
647 2013 733 2044 silvae,
750 2012 843 2040 bestize
860 2013 916 2047 agri
949 2012 1017 2039 dila-

228 2055 341 2083 niabunt
352 2063 399 2083 eos
412 2076 418 2083 .
436 2065 446 2082 ι
471 2057 644 2092 Assyriorum
655 2058 727 2084 enim
740 2057 829 2092 populi
854 2057 1014 2084 intractabi-

228 2102 278 2134 les,
295 2102 391 2130 catulis
407 2102 434 2129 in
450 2102 524 2130 silvis
537 2102 594 2130 sive
616 2103 737 2130 saltubus
758 2107 868 2138 propter
881 2103 1015 2137 insignem

230 2147 306 2174 ierita
312 2153 364 2175 tem
376 2153 580 2183 comparantur.

1060 325 1170 358 αὐτοὺς
1186 325 1249 352 ἐκεῖ
1262 326 1393 360 σκύμνοι
1418 325 1544 361 δρυμοῦ,
1563 327 1650 361 θηρία
1674 328 1769 362 ἁῃοοῦ
1792 329 1855 356 δια-

1059 371 1172 399 (mdo-at
1189 371 1310 403 αὐτούς.

1095 417 1182 443 PNA’.
1209 417 1317 451 Ἐπειδὴ
1339 417 1392 453 γὰρ
1406 417 1455 452 τῆς
1470 417 1598 452 εὐθηνίας
1612 418 1642 445 τὸ
1659 418 1762 451 πλάτος
1777 419 1855 454 γέγο-

1060 470 1106 488 νεν
1139 462 1230 494 αὐτοῖς
1268 461 1379 497 ὀλέθρου
1415 461 1561 497 πρόξενον,
1598 464 1645 490 καὶ
1682 465 1855 496 ἁποστασίας

1060 508 1182 543 ἀφορμὴ,
1198 507 1284 543 ταύτῃ
1297 516 1337 534 τοι
1351 508 1442 534 λοιπὸν
1463 508 1492 534 ai.
1513 507 1617 543 θλίψεις
1631 510 1792 544 ἐπάγονται,
1807 510 1856 536 καὶ

1060 554 1199 588 ἀναλόγως
1219 554 1275 585 τοῖς
1299 554 1509 589 ἀρῥωστήμασι.
1528 554 1568 581 Τὰ
1585 555 1639 590 γάρ
1663 563 1704 582 τοι
1722 555 1792 582 πολὺ
1809 564 1854 582 νε-

1061 599 1193 635 νοσηκότα
1204 599 1258 625 τῶν
1273 599 1417 634 σωμάτων,
1431 599 1479 626 καὶ
1491 600 1629 635 σεσηπότα
1641 600 1744 633 λοιπὺν,
1757 601 1856 633 είξειεν

1060 645 1186 680 οὐδαμῶς
1209 645 1302 680 ὴπίοις
1327 645 1375 680 μὲν
1400 644 1442 671 ἔτι
1468 645 1635 680 φαρμάκοις.
1660 647 1754 673 Δέοιτο
1777 647 1801 673 δ’
1823 646 1858 674 ἂν

1063 690 1162 726 μᾶλλον
1182 691 1230 717 καὶ
1251 690 1373 726 σιδήρου,
1391 691 1438 717 καὶ
1460 691 1557 726 πυρός.
1582 691 1686 719 οὐκοῦν
1705 692 1858 728 ἐπειδήπερ

1060 736 1091 762 τὺ
1103 735 1152 770 τῆς
1166 735 1241 766 θείας
1255 734 1423 770 ἡμερότητος
1447 734 1563 770 μέγεθος
1577 736 1682 771 ὤνησεν
1697 736 1777 771 ὀλίγα
1792 737 1858 768 τοὺς

1061 781 1092 813 ἐξ
1112 780 1220 816 Ἰσραὴλ
1236 780 1291 815 (ἵνα
1309 780 1346 816 μὴ
1361 780 1470 815 λέγοιμι
1493 780 1633 814 παντελῶς
1653 782 1740 818 οὐδὲν)
1760 782 1857 818 θηριο-

1061 825 1171 862 πρεπὴς
1192 826 1284 858 αὐτοῖς
1298 825 1429 862 ἁγριότης
1443 825 1586 860 ἐπάγεται.
1608 827 1765 855 ἐαυτδνχδὲ
1781 837 1858 864 παρ-

1062 871 1166 904 εικάζει
1179 872 1234 903 τοῖς
1246 872 1288 898 ὃτι
1304 871 1422 907 μάλιστα
1436 871 1491 899 τῶν
1507 872 1609 909 θηρίων
1624 873 1799 906 δεινοτάτοις,
1809 875 1869 904 καὶ,

1065 918 1162 954 βοροῑς,
1179 918 1226 944 καὶ
1241 917 1309 944 πολὺ
1323 917 1383 944 λίαν
1396 917 1486 953 ἔχουσι
1498 918 1530 946 τὸ
1545 920 1585 950 είς
1601 919 1731 955 ὠμότητα
1745 920 1859 956 βλέπον.

1063 964 1120 998 οὺχ
1141 964 1182 990 ὃτι
1205 963 1315 995 πάντως
1338 963 1355 998 ἡ
1377 963 1437 990 θεία
1461 971 1491 991 τε
1515 965 1563 991 καὶ
1592 963 1749 1000 ἀπόρρητος
1774 965 1868 1003 φύσις¹

1064 1010 1162 1044 γένοιτ1
1180 1009 1213 1036 ἂν
1226 1010 1257 1036 ἐν
1272 1009 1412 1042 τοιαύταις
1424 1010 1531 1045 ὀργαῖς,
1547 1009 1604 1037 ἀλλ’
1618 1011 1706 1037 ἐκεῖνό
1721 1019 1772 1037 που
1787 1012 1859 1046 τάχα

1063 1053 1183 1080 διδάσκει
1199 1053 1290 1086 πάλιν,
1315 1054 1357 1080 ὅτι
1381 1054 1562 1090 κεχρήσονται
1586 1054 1636 1090 μὲν
1661 1055 1686 1082 τι
1717 1055 1860 1091 ’Δσσύριοι

1063 1100 1123 1131 ταῖς
1146 1099 1231 1131 οὓτως
1253 1099 1383 1134 ἀκράτοις
1406 1099 1513 1135 ὀργαῖς,
1534 1099 1713 1136 ἀπάνθρωποι
1739 1109 1781 1134 τε,
1809 1101 1860 1129 καὶ

1065 1144 1231 1180 ἀτεράμονες
1248 1145 1306 1179 (καὶ
1331 1145 1358 1171 τί
1377 1145 1430 1180 γὰρ
1447 1145 1508 1179 οὐχὶ
1529 1144 1583 1171 τῶν
1599 1145 1757 1178 τοιούτων;)
1777 1154 1860 1180 γεγοι

1065 1191 1138 1222 νοτες
1155 1190 1314 1218 ἁλώσονται.
1335 1190 1424 1223 Δόξειε
1438 1191 1460 1217 δ’
1473 1189 1506 1217 ἂν
1525 1188 1594 1217 εἴναι
1608 1190 1677 1218 Θεοῦ
1695 1191 1727 1218 τὸ
1740 1192 1860 1227 πραττό-

1067 1245 1156 1272 μενον,
1175 1237 1235 1263 ἐπεί
1255 1246 1296 1264 τοι
1317 1237 1443 1271 γενέσθαι
1459 1236 1670 1272 συγκεχώρηκεν
1693 1238 1786 1271 αὐτὸς,
1802 1239 1860 1270 τοῖς

1065 1282 1150 1314 οὕτως
1162 1283 1266 1318 ἀγρίως
1283 1282 1457 1318 ἡμαρτηκόσι
1474 1283 1523 1319 τὴν
1537 1284 1628 1315 αὐτοῖς
1643 1290 1803 1319 πρεπουσαν
1813 1284 1861 1318 ὀρ-

1065 1329 1116 1363 γὴν
1129 1328 1253 1362 ὲπαφείς.
1270 1329 1385 1364 Εὐρήσω
1396 1329 1486 1355 τοίνυν
1505 1329 1613 1362 αὐτοὺς,
1626 1329 1662 1361 ὡς
1685 1329 1808 1364 πάνθ-ηρ,
1821 1328 1860 1360 ὡς

1065 1374 1207 1409 πάρδαλις.
1238 1374 1516 1410 ’Δποκομισθήσονται
1542 1374 1598 1409 γὰρ
1621 1375 1662 1406 είς
1677 1374 1728 1410 τὴν
1761 1374 1860 1400 ’Δσσυο

1067 1421 1141 1455 ρίων.
1165 1420 1370 1455 ’Λπαντήσομαι
1385 1420 1413 1446 δὲ
1433 1421 1524 1452 αὐτοῖς
1548 1421 1595 1448 καὶ
1610 1421 1648 1452 ὡς
1667 1421 1769 1456 ἄρκτος
1792 1421 1860 1448 ἀπο-

1067 1467 1195 1502 ρουμένη,
1222 1467 1371 1499 τουτέστιν,
1396 1468 1413 1502 ἡ
1430 1467 1550 1494 πεινῶσα
1575 1467 1668 1502 τυχὸν,
1696 1467 1713 1502 ἢ
1741 1467 1860 1494 ἁλύουσα

1067 1512 1180 1547 σφόδρα,
1190 1511 1244 1538 τῶν
1256 1511 1383 1547 σκύμνων
1394 1511 1579 1548 ἐξῃρημένων.
1591 1512 1658 1538 Τότε
1672 1512 1729 1547 γὰρ
1741 1512 1859 1548 μάλιστά

1067 1566 1132 1592 φασι
1157 1556 1207 1592 τῆς
1230 1556 1354 1591 ἐμφύτου
1379 1556 1478 1591 μανίας
1505 1556 1546 1587 είς
1569 1555 1653 1592 ἄκρον
1677 1556 1807 1592 ἔρχεσθαι
1829 1557 1859 1583 τὺ

1067 1601 1170 1637 θηρίον.
1200 1610 1210 1626 ‹
1239 1601 1295 1627 Καὶ
1323 1601 1460 1636 διαρῤήξω
1487 1601 1669 1637 συγκλεισμὺν
1695 1601 1822 1637 καρδίας.
1847 1611 1856 1626 ι

1064 1645 1250 1681 Συγκλεισμδν
1264 1646 1294 1672 ὲν
1306 1646 1410 1678 τούτοις
1423 1646 1472 1681 τὴν
1489 1646 1639 1680 ἀσφάλειαν
1655 1647 1741 1681 λέγει.
1763 1647 1860 1681 Ἀσφά-

1063 1692 1123 1718 λεια
1138 1692 1166 1718 δὲ
1181 1692 1294 1727 καρδίας
1310 1692 1340 1718 τὺ
1354 1691 1464 1727 θάρσος,
1478 1692 1547 1727 ὅπερ
1560 1693 1594 1720 ἂν
1610 1692 1666 1728 ἔχοι
1681 1702 1724 1724 τις
1740 1693 1800 1720 κατ’
1816 1694 1859 1728 sx-

1064 1736 1146 1771 θρῶν.
1164 1735 1201 1764 Οὗ
1215 1737 1246 1772 δὴ
1259 1737 1306 1764 καὶ
1316 1737 1505 1772 διερρωγότος,
1521 1736 1556 1763 τὰ
1571 1737 1603 1763 ὲκ
1618 1738 1668 1772 τῆς
1685 1737 1786 1770 δειλίας
1802 1738 1859 1765 sic-

1064 1783 1186 1818 κρίνεται
1210 1782 1294 1817 πάθη,
1318 1782 1356 1814 ὡς
1378 1782 1425 1808 καὶ
1447 1782 1549 1816 ἀμαχεὶ
1569 1783 1625 1814 τοῖς
1650 1782 1761 1817 ἐχθροῖς
1784 1783 1859 1818 χαρί-

1066 1828 1164 1854 σασθαι
1187 1828 1218 1854 τὺ
1238 1829 1326 1863 νικᾷν.
1352 1828 1464 1862 Ὅμοιον
1487 1825 1533 1855 οὖν
1558 1827 1595 1859 ὡς
1613 1827 1688 1862 λέγοι
1711 1828 1804 1862 τυχὸν,
1815 1829 1859 1859 Εἰς

1067 1874 1184 1909 ἐσχάτην
1209 1873 1309 1904 αὐτοὺς
1330 1873 1449 1900 κατοίσω
1471 1873 1584 1906 δειλίαν,
1604 1873 1659 1900 τῶν
1681 1873 1716 1900 δι’
1735 1873 1859 1904 ἐναντίας

1067 1920 1195 1947 πεινῶντι
1214 1927 1255 1951 τε,
1277 1919 1324 1946 καὶ
1346 1919 1529 1954 ἡτεκνωμένῳ
1549 1919 1792 1954 παρεικασθέντων
1810 1918 1859 1953 οη-

1069 1966 1144 2001 ρίων,
1172 1965 1243 2000 φημὶ
1267 1964 1298 2000 δὴ
1322 1965 1356 1999 τῇ
1385 1965 1489 1998 ἄρκτῳ.
1512 1963 1574 1990 ὀτι
1597 1963 1625 1990 δὲ
1649 1965 1698 1991 καὶ
1725 1965 1783 1996 τοῖς
1811 1963 1859 1998 τῆς

1067 2011 1257 2046 αἰχμαλωσίας
1284 2009 1422 2040 ὲναλόντες
1448 2010 1576 2045 δεσμοῖς,
1599 2010 1647 2037 καὶ
1671 2011 1712 2042 εἰς
1734 2010 1785 2046 τὴν
1807 2010 1859 2036 τῶν

1073 2057 1224 2092 ’Δσσυρίων
1243 2056 1458 2091 ἀπενηνεγμένοι
1481 2055 1584 2090 χώραν,
1602 2055 1732 2090 οὐδεμίαν
1755 2055 1858 2088 ἕξουσιν

1067 2102 1211 2129 ἀπόνευσιν
1229 2101 1282 2129 τῶν
1305 2101 1410 2133 κακῶν,
1436 2102 1483 2128 καὶ
1499 2101 1610 2136 ἕψονται
1641 2101 1754 2136 ὥσπερ.
1769 2102 1857 2133 αὐτοῖς

1067 2148 1178 2174 κάκεῖσε
1201 2147 1236 2174 τὰ
1267 2147 1401 2183 μοχθηρὰ,
1423 2148 1595 2184 παρέδειξεν,
1626 2147 1714 2174 εἰπών
1734 2155 1743 2162 ·
1772 2157 1782 2173 ε
1806 2149 1857 2174 Καὶ

229 2195 433 2229 καταφάγονται
453 2194 552 2225 αὐτοὺς
572 2194 630 2220 ἐκεῖ
664 2195 779 2230 σκύμνοι
797 2195 911 2230 δρυμοῦ,
931 2195 1013 2230 θηρία
1033 2193 1117 2229 ἀγροῦ
1136 2193 1282 2221 διασπάσει
1311 2193 1420 2226 αὺτούς.
1443 2203 1453 2220 ›
1482 2194 1524 2221 Τὰ
1547 2193 1602 2228 γὰρ
1632 2193 1688 2220 τῶν
1709 2193 1856 2229 Ἀσσυρίων

228 2241 362 2267 ἀτιθασσα
378 2241 454 2275 γένη,
470 2240 599 2275 σκύμνοις
610 2242 664 2272 τοῖς
677 2242 705 2267 ἐν
719 2242 830 2276 δρυμοῖς
846 2242 1016 2276 παρεικάζει,
1031 2241 1098 2268 πολὺ
1117 2240 1264 2267 νενευκότα
1278 2240 1345 2276 πρὸς
1365 2240 1396 2266 τδ
1412 2240 1557 2275 ἀνήμερον.

268 2286 348 2314 Vens.
368 2287 443 2314 9-H.
460 2286 622 2320 Dispersioni
635 2292 697 2319 tute,
712 2287 807 2320 Israel,
829 2289 888 2323 quia
903 2288 1012 2315 auxilia-

1107 2286 1147 2320 Τῇ
1163 2284 1312 2320 διασπορᾷ
1327 2293 1397 2317 σου,
1417 2286 1546 2320 Ἰσραὴλ,
1559 2286 1604 2318 τίς
1618 2284 1773 2318 βοηθήσει
1782 2293 1792 2317 ;
1802 2284 1856 2311 ποῦ

230 2332 321 2359 bitur?
333 2331 375 2358 ubi
389 2339 433 2358 rex
445 2336 506 2358 tuus
522 2332 593 2358 iste?
607 2332 639 2358 Et
655 2333 733 2360 solvet
743 2338 765 2360 te
780 2334 807 2360 in
832 2335 950 2360 omnibus
974 2342 1020 2362 ιιι*-

231 2377 305 2404 bibus
317 2378 380 2404 tuis.
397 2377 502 2404 Judicet
512 2382 537 2404 te
547 2385 621 2413 quem
637 2379 728 2406 dixisti
741 2379 798 2406 :Da
809 2380 874 2406 milii
887 2385 972 2415 regem
995 2386 1019 2407 et

230 2423 384 2458 principem.
396 2422 431 2449 Et
455 2423 515 2450 dedi
524 2424 570 2450 tibi
585 2432 669 2460 regem
681 2426 707 2452 in
721 2426 760 2452 ira
775 2435 842 2459 mea,
853 2431 876 2454 et
902 2427 1019 2453 habuiin

232 2467 322 2502 furore
332 2476 388 2496 meo
399 2470 625 2504 congregationem
638 2471 794 2505 iniquitatis.

268 2555 347 2582 CLII.
360 2556 417 2583 Dixi
429 2557 484 2592 jam
495 2562 522 2584 et
535 2558 614 2593 paulo
629 2564 702 2590 ante,
725 2559 864 2587 incusasse
877 2560 960 2586 Deum
985 2560 1016 2586 ti-

234 2602 284 2629 lios
297 2601 387 2634 lsracl,
401 2603 462 2637 quia
481 2604 656 2632 nihilominus
674 2607 821 2633 humanum
847 2606 939 2641 jugum
960 2614 1017 2632 ma-

234 2647 345 2680 luerint,
360 2649 445 2676 etsub
460 2649 508 2676 Dei
528 2657 610 2684 regno
629 2651 721 2678 vivere
736 2652 892 2684 abnuerint,
908 2651 1014 2677 tametsi

235 2701 316 2728 super
338 2701 402 2721 avos
423 2701 529 2726 eorum,
566 2695 645 2729 idque
671 2703 718 2730 per
740 2697 886 2730 prophetas
915 2701 1022 2724 sanctos

235 2740 412 2775 regnavisset.
429 2741 501 2768 Dixit
520 2741 591 2768 enim
617 2750 714 2775 supra:
745 2741 802 2768 «Et
831 2742 857 2768 in
891 2742 1021 2776 propheta

235 2786 327 2813 eduxit
342 2787 470 2814 Dominus
493 2787 576 2814 Israel
592 2794 623 2813 ex
655 2787 782 2823 ASgypto,
798 2793 824 2814 et
839 2788 864 2814 in
893 2788 1022 2822 propheta

233 2837 356 2859 servatus
368 2838 409 2860 est
425 2833 474 2859 ⁸³.»
501 2833 552 2859 Vos
566 2838 664 2865 autem,
684 2834 780 2868 inquit,
795 2834 844 2860 sub
861 2834 915 2861 Dco
945 2842 1023 2869 agerc

274 2921 295 2937 "
311 2920 362 2948 05¢:
383 2928 430 2953 xu,
454 2921 495 2947 ίῦ.

1069 2334 1085 2360 ό
1105 2332 1256 2364 βασιλεὺς
1280 2338 1337 2358 σου
1364 2329 1471 2363 οὗτος;
1496 2330 1545 2357 καί
1569 2329 1750 2357 διωωσάτω
1768 2337 1806 2356 σε
1825 2330 1856 2356 ἐν

1067 2379 1180 2410 πάσαις
1200 2377 1264 2410 ταῖς
1282 2377 1392 2404 πόλεσι
1405 2384 1474 2404 σου.
1491 2375 1626 2410 Κρινάτω
1649 2383 1688 2402 σε
1710 2376 1749 2402 ὃν
1763 2374 1856 2407 εἴπας,

1066 2424 1121 2457 Δός
1132 2432 1183 2458 μοι
1208 2423 1342 2456 βασιλέα
1368 2422 1416 2449 καὶ
1439 2422 1580 2456 ἄρχοντα.
1605 2421 1660 2448 Kal
1688 2421 1788 2448 ἔδωκά
1812 2429 1857 2448 σοι

1065 2470 1198 2502 βασιλέα
1214 2470 1248 2496 ἐν
1262 2469 1336 2504 ὀργῆ
1347 2478 1417 2503 μου,
1431 2468 1479 2495 καὶ
1495 2468 1591 2503 ἔσχον
1604 2468 1639 2494 ἐν
1652 2467 1694 2500 τῷ
1708 2466 1794 2502 θυμῷ
1801 2476 1856 2502 μου

1070 2514 1250 2549 συστροφήν
1263 2514 1390 2546 ἀδικίας.

1106 2560 1190 2586 PNB’.
1213 2560 1302 2594 Ἐφην
1320 2559 1370 2594 ἤδη
1385 2559 1433 2585 καὶ
1451 2559 1480 2585 ἐν
1494 2559 1550 2590 τοῖς
1565 2557 1693 2592 ἀνωτέρω
1709 2557 1807 2592 βραχὺ,
1819 2557 1855 2582 ὅτι

1072 2607 1218 2642 κατῃτιᾶτο
1229 2606 1294 2637 Θεὸς
1308 2607 1371 2637 τοὺς
1387 2604 1418 2637 ἐξ
1438 2604 1555 2640 Ἰσραὴλ.
1572 2605 1619 2632 καὶ
1641 2604 1697 2631 οὐδ’
1712 2604 1788 2635 ὅπως
1802 2603 1854 2629 ἐλο-

1071 2653 1167 2687 μένους
1191 2651 1222 2678 ab
1245 2651 1426 2686 ἀνθρωπίνοις
1449 2650 1548 2685 μᾶλλον
1570 2649 1740 2685 ὑπεζεῦχθαι
1760 2649 1852 2682 ζυγοῖς,

1070 2698 1117 2724 καὶ
1131 2697 1280 2733 ἀνήνασθαι
1292 2697 1342 2731 τὴν
1355 2697 1400 2723 ὑπ’
1416 2696 1490 2731 αὐτῷ
1504 2695 1641 2731 βασιλείαν
1659 2695 1699 2730 τῷ
1715 2695 1786 2730 Θεῷ,
1799 2694 1852 2720 καί·

1070 2751 1110 2769 τοι
1131 2742 1353 2776 βεϐασιλευκότος
1370 2741 1423 2768 τῶν
1439 2741 1635 2777 ἀρχαιοτέρων,
1659 2742 1708 2768 καὶ
1734 2741 1778 2767 διὰ
1795 2748 1853 2775 προ-

1072 2789 1162 2822 φητῶν
1177 2788 1270 2822 ἁγίων.
1287 2789 1359 2822 Ἔφη
1377 2788 1442 2822 γὰρ,
1454 2789 1495 2814 ὅτι
1514 2796 1524 2812 ι
1542 2788 1596 2814 Καὶ
1613 2788 1642 2813 ὲν
1655 2789 1784 2822 προφήτῃ
1797 2786 1852 2820 ἀνή-

1072 2843 1139 2867 γαγε
1156 2834 1254 2868 Κύριος
1270 2835 1314 2861 τὸν
1342 2834 1449 2869 Ἰσραὴλ
1471 2834 1501 2865 ἐξ
1523 2833 1673 2867 Αἰγύπτου,
1688 2834 1738 2861 καὶ
1755 2834 1783 2859 ὲν
1796 2841 1851 2868 npu-
