1919 3042
72 178 117 207 309

529 176 803 206 COMMENTARIUS
821 177 854 205 IN
874 178 989 207 OSEAM
1008 178 1229 208 PROPHETAM.

1637 180 1688 208 510

77 236 139 270 φὴτῃ
159 234 339 270 διεφυλὰχῡη.
365 243 375 260 ι
403 235 494 270 ’Υμιῖς
516 235 556 267 δὲ,
580 236 658 271 φησϊ,
675 235 705 262 τὸ
726 236 779 264 ὑπὸ
795 236 854 272 Θεῷ

918 237 1036 271 mlentes,
1052 238 1158 266 ursistis
1173 238 1279 266 beatum
1295 235 1448 264 Samuelem
1466 235 1493 263 in
1511 235 1570 264 hac
1591 234 1689 263 verba:

78 280 196 315 πράττειν
216 279 445 315 παρωθούμενοι,
472 279 679 316 καταϐεϐήκατε
698 280 746 307 τοῦ
767 289 857 315 μακα-

918 282 977 310 Ecce
991 285 1018 308 ιιι
1034 282 1157 314 senuisti,
1185 287 1210 310 et
1238 282 1284 309 ﬁlii
1302 281 1341 309 tui
1358 288 1410 309 non
1433 280 1577 308 ambulant
1594 279 1620 307 in
1647 279 1691 306 via

75 325 126 361 ρίου
140 324 278 360 Σαμουὴλ,
293 325 437 359 λέγοντες·
457 334 467 350 ι
499 325 564 352 Ἰδοὺ
580 326 612 352 σὺ
628 326 796 362 γεγήρακας,
811 327 858 353 καὶ

73 370 157 396 eiulat
178 378 226 396 σου
248 369 280 396 οὐ
301 369 463 404 πορεύονται
482 370 511 396 ἐν
531 371 564 405 τῇ
587 369 640 405 ὁδῷ
663 378 720 397 σου.
737 369 791 397 Καὶ
812 370 858 397 νῦν

73 414 238 449 κατάστησον
260 414 305 448 ἐφ’
325 415 400 450 ἡμᾶς
415 413 527 449 βασιλέα
543 413 663 446 δικάζειν
685 415 768 450 ἡμᾶς,
789 414 859 441 καθὰ

73 460 115 487 καὶ
127 460 162 485 τὰ
175 459 247 486 ἄλλα
268 459 343 495 ἔθνη.
367 469 377 485 ι
400 459 505 486 Οὐκοῦν
522 460 670 495 ἐπειδήπερ
684 460 859 487 εὐδεὸουλεῠο

72 505 128 532 σθαι
149 505 251 537 δοκεῖς,
274 506 431 541 ἀναστήσας
452 506 498 532 ἐπὶ
524 506 615 541 σαυτῷ
639 506 760 541 βασιλέα,
784 506 857 533 καθὰ

70 552 115 578 καὶ
133 551 168 577 τὰ
193 551 277 578 λοιπὰ
297 551 372 586 ἔθνη,
393 551 526 584 σώζεσθαί
546 561 576 579 τε
596 552 662 588 παρ’
676 552 758 579 αὑτοῦ
776 561 860 588 1:900—

70 597 211 632 εδόκησας,
226 597 279 623 ποῦ
296 597 344 624 νῦν
364 597 419 633 ἄρα
441 597 533 631 ὲστίνς
565 597 629 625 Ἰδοὺ
648 598 746 634 καιρὸς
758 599 859 626 ἐπιδεί-

71 642 146 674 ξεως,
171 642 328 678 πολεμείτω
343 651 389 670 σου
409 643 455 670 τὸν
476 643 604 679 πόλεμον,
620 644 772 676 ὀπλιζέσοω
790 644 860 680 λαμ-

70 687 156 723 πρῶς.
181 689 296 720 σωζέτω
320 689 370 721 τὰς
398 689 500 722 πόλεις,
525 690 716 725 προασπιζέτω
738 691 792 718 τῶν
808 691 860 718 ὑπὸ

70 734 157 767 χεῖρα,
176 733 366 761 κατασοϐεἰτω
380 733 433 760 τῶν
447 734 480 760 δι’
494 733 627 767 ἐναντίας,
645 734 782 761 ὲλαυνέτω
798 742 861 762 νεα-

71 778 152 810 νικῶς
174 779 240 810 τοὺς
255 779 406 815 καταδῃοῦν
425 779 566 812 ἐθέλοντας
586 779 676 812 οἴκους
690 787 720 805 τε
746 780 794 806 καὶ
812 779 861 806 πό-

71 823 133 855 1:14.
155 824 226 851 Ἀλλ’
240 825 306 856 ἴσως
320 826 401 861 ἐρεῖς,
415 825 504 852 καίτοι
522 825 652 860 φαίνομαι
669 825 718 861 μὲν
733 825 771 857 ὡς
785 825 862 861 αἰτή-

72 878 119 901 σας
139 869 208 904 ἐγὼ,
230 870 262 896 σὺ
286 871 315 898 δὲ
338 872 385 898 καὶ
400 871 471 903 δοὺς,
493 871 541 898 καὶ
556 871 692 907 κεχρῧιὼς
712 872 740 898 ὲν
763 872 862 907 ἀρχαῖς

908 332 964 355 tua.
977 327 1088 354 Etnune
1097 327 1230 354 constitue
1249 334 1329 362 super
1343 334 1392 354 nos
1408 334 1509 362 regem,
1530 326 1575 361 qui
1589 325 1694 360 iudicet

908 380 967 405 nos,
982 373 1052 400 sicut
1065 378 1093 400 et
1107 373 1174 400 alias
1186 377 1278 407 gentes
1295 373 1330 400 “.
1343 382 1352 399 ι
1380 373 1471 407 Itaque
1483 372 1611 407 quoniam
1645 372 1691 399 be-

909 427 942 446 ne
955 419 1001 446 tibi
1016 418 1183 446 consuluisse
1196 418 1306 450 videris,
1325 418 1388 445 dum
1409 418 1456 445 tibi
1471 425 1563 452 regem
1575 416 1693 445 instituit

909 463 954 497 sti,
971 464 1040 492 sicut
1053 463 1153 492 habent
1167 468 1271 490 caetera:
1285 467 1387 497 gentes,
1398 471 1412 490 a
1428 471 1481 498 quo
1497 461 1690 495 defendereris,

909 509 954 537 ubi
969 517 1040 536 nunc
1055 510 1160 536 tandem
1174 508 1234 536 est?
1247 508 1297 542 Eu,
1313 512 1417 542 tempus
1435 513 1477 535 est
1502 508 1540 535 uti
1558 515 1587 535 se
1614 507 1691 535 exhi-

909 556 982 588 beat,
997 560 1072 590 gerat
1087 562 1137 590 pro
1159 559 1185 581 te
1209 554 1320 586 bellum,
1348 561 1422 582 arma
1444 553 1572 588 fulgentia
1587 553 1689 585 induat,

909 605 1016 630 tueatur
1031 601 1126 633 urbesr
1144 604 1293 634 propugnet
1317 606 1365 633 pro
1392 598 1531 631 subjectis.
1566 597 1691 632 protiiget

911 646 1090 677 adversarios.
1115 649 1208 673 arceat
1240 649 1350 673 strenue
1371 647 1522 671 vastatores
1550 643 1689 670 domorum

910 697 992 728 atque
1019 691 1189 727 oppidorum.
1223 689 1276 717 Sed
1301 695 1430 717 occurres
1456 687 1584 715 fertasse:
1610 686 1692 720 Atqui

911 742 1016 767 constat
1036 744 1080 765 me
1097 736 1208 771 petisse,
1223 739 1249 762 te
1268 739 1358 762 autem
1383 733 1501 764 dedisse,
1526 735 1554 760 et
1582 732 1703 760 unxisse-

910 783 1026 820 primum
1040 789 1130 817 regem
1142 780 1256 809 Saul".
1285 779 1333 807 Est
1349 779 1396 812 ita,
1441 777 1549 812 inquit;
1591 777 1638 805 sed
1668 778 1693 804 in

911 829 950 857 ira
965 829 1025 856 dedi
1039 827 1198 863 principem,
1209 830 1237 853 et
1247 825 1328 853 habui
1345 824 1370 852 in
1381 823 1474 851 furore
1491 829 1553 850 meo
1582 828 1695 855 congre-

912 874 1046 910 gationem
1074 871 1234 907 iniquitatis,
1253 879 1262 897 )
1281 874 1311 897 ut
1332 869 1428 904 injuria
1447 868 1496 896 abs
1518 871 1544 894 te
1571 866 1694 897 affectus,

70 914 114 941 τὸν
127 915 229 943 Σαούλ.
249 916 303 942 Ναί
321 925 414 952 φησιν,
428 916 486 943 ἀλλ’
516 926 526 943 ‹
551 917 596 944 Ἔν
613 917 682 953 ὀργῇ
704 917 806 944 δέδωκα
818 917 862 944 τὸν

918 924 939 947 ει
951 918 1143 954 propemodum
1154 917 1213 952 ipso
1235 916 1332 943 throno
1355 914 1431 949 regni
1456 912 1595 948 expulsus,
1624 913 1698 945 quod

71 961 233 996 ἡγούμενον,
255 962 304 988 καὶ
327 961 406 996 ἔσχον
429 963 457 989 ἐν
476 962 516 998 τῷ
534 962 613 998 θυμῷ
635 971 686 998 μου
711 962 862 998 συστροφὴν

70 1006 187 1038 ἀδικίας,
207 1006 247 1037 ὡς
259 1007 421 1042 ἠδικημένος
438 1008 512 1043 παρὰ
529 1007 588 1040 σοῦ,
607 1017 616 1034 ι
632 1007 707 1043 φησί.
730 1008 818 1035 Μόνον
833 1007 862 1035 δὲ

71 1051 139 1086 οΰχὶν
154 1052 202 1077 καὶ
215 1051 270 1078 τῶν
289 1054 339 1087 τῆς
351 1052 487 1087 βασιλείας
505 1053 600 1081 οώκων
615 1053 810 1089 ὲξωθούμενος,
832 1054 862 1080 τό

71 1105 102 1131 γε
120 1095 188 1132 ἧκον
204 1097 245 1128 εἰς
263 1098 294 1124 τὸ
311 1098 353 1124 σοὶ
374 1098 478 1131 δοκοῦν,
501 1098 661 1134 τεθύμωμαι
684 1100 754 1127 λίαν.
778 1099 862 1135 Πλὴν,

72 1143 205 1176 ἀνέδειξα,
220 1143 322 1177 καίτοι,
336 1143 366 1170 τὸ
379 1144 484 1179 χρῆμα,
504 1146 581 1180 φησὶ,
597 1146 646 1172 οὐκ
663 1146 810 1179 ἀναγκαῖον
825 1146 864 1171 εἰ-

72 1189 122 1221 δὼς
142 1191 182 1221 εἰς
195 1190 300 1224 ὄνησιν.
323 1191 392 1217 Ἀλλ’
403 1192 445 1218 ἵνα
459 1200 489 1218 σε
500 1192 553 1219 τῶν
568 1192 737 1227 πραγμάτων
754 1192 864 1227 ήπείρα

73 1235 270 1272 πληροφορήσῃ
290 1236 391 1268 καλῶς,
416 1237 456 1263 ὅτι
483 1238 574 1269 σκαιὰ,
599 1238 646 1265 καὶ
665 1238 789 1273 ἄχρηστα
811 1237 864 1264 κάν

73 1280 158 1315 τούτῳ
170 1281 358 1315 βεϐούλευσαι.
374 1281 430 1308 Ποῦ
452 1282 506 1317 γὰρ
526 1282 573 1309 νῦν
586 1283 669 1315 ἐστιν,
693 1282 709 1317 ἢ
732 1283 797 1308 ποία
814 1281 866 1308 λοι-

75 1325 122 1352 τεὸν
138 1326 168 1359 ἐξ
184 1326 269 1352 αὑτοῦ
289 1327 386 1360 γένοιτ’
405 1327 437 1353 ἂν
457 1328 514 1358 τοῖς
535 1327 778 1364 πολεμουμένοιςὴ
800 1328 865 1363 ὄνη-

910 966 1018 1000 quidem
1034 965 1066 992 ad
1080 968 1106 992 te
1119 963 1224 990 attinet.
1232 962 1317 989 iratus
1334 968 1392 988 sum
1408 959 1488 987 etiam
1504 962 1584 992 atque
1602 957 1694 985 etiam.

910 1011 1103 1039 Verumtamen
1126 1008 1285 1042 designavi,
1315 1005 1438 1041 quamvis
1465 1011 1524 1031 eam
1559 1009 1616 1030 rem
1639 1001 1695 1029 sci—

911 1063 968 1085 rem
982 1063 1034 1083 non
1045 1061 1106 1083 esse
1120 1052 1301 1082 necessariam
1319 1056 1346 1079 et
1370 1049 1583 1080 conducibilem;
1598 1045 1646 1075 sed
1666 1050 1695 1072 ut

913 1105 940 1129 tu
965 1100 1053 1135 reipsa
1075 1100 1181 1132 doctus,
1205 1097 1288 1132 probe
1307 1101 1483 1130 cognosceres
1506 1097 1533 1120 te
1561 1091 1644 1119 etiam
1668 1090 1698 1117 in

912 1147 964 1175 hoc
977 1146 1086 1174 stultum
1097 1149 1124 1172 et
1141 1144 1235 1172 inutile
1247 1141 1390 1170 consilium
1410 1139 1525 1175 cepisse.
1543 1136 1594 1164 Ubi
1623 1135 1694 1164 enim

911 1199 984 1220 nunc
1009 1195 1062 1225 est,
1083 1194 1130 1217 aut
1142 1196 1202 1224 quae
1226 1189 1252 1216 in
1280 1188 1399 1214 futurum
1424 1182 1584 1219 oppugnatis
1600 1180 1634 1208 ab
1663 1187 1703 1207 eo.

911 1236 1092 1272 exspectanda
1119 1235 1244 1263 utilitas?
1274 1233 1351 1267 Quod
1368 1231 1390 1259 si
1421 1236 1529 1258 rursum
1553 1228 1602 1255 sub
1620 1225 1698 1255 beni-

912 1282 1013 1317 gnitate
1025 1286 1052 1309 et
1062 1284 1195 1315 potestate
1211 1287 1270 1307 mea
1281 1285 1365 1310 esses,
1381 1276 1491 1304 omnino
1506 1271 1623 1310 inimicis
1644 1271 1698 1298 tuis

912 1327 1036 1362 superior
1052 1325 1196 1354 videreris.

74 1381 130 1406 σις;
151 1374 223 1400 Ἀλλ’
249 1371 328 1410 εἴπερ
349 1371 421 1410 ἦσθα
444 1374 524 1401 πάλιν
548 1361 609 1402 ὑπὸ.
626 1361 676 1411 τήν
706 1361 778 1411 ἐμὴν
792 1361 876 1410 φειδῶ
907 1361 952 1407 se,
968 1374 1016 1401 καὶ
1038 1374 1127 1409 χεῖρα,
1151 1372 1259 1403 πάντως
1283 1371 1317 1398 ἂν
1338 1368 1431 1404 ὤφθης
1454 1367 1483 1394 ὲν
1504 1365 1627 1401 ἀμείνοσι
1646 1361 1700 1390 τῶν

74 1419 119 1454 ὲχο
123 1418 177 1454 ρῶν
181 1439 189 1446 .

114 1463 253 1499 Ἐφραῒμ,
267 1464 469 1499 ἐγκεκρυμένη
487 1466 507 1499 ἠ
524 1465 650 1500 ἁμαρτία
664 1466 767 1493 αὐτοῦ.
791 1465 864 1494 Ὠδῖ-

77 1517 125 1542 rec
144 1509 186 1542 ὡς
202 1511 365 1544 τικτούσης
388 1510 517 1544 ἥξουσιν
535 1511 625 1544 αὐτῷ.
642 1509 736 1544 Οὗτος
758 1513 773 1538 d
799 1512 864 1544 υιός

954 1463 1034 1499 186
1065 1462 1146 1489 Vsus.
1181 1460 1225 1493 12,
1258 1459 1303 1487 15.
1343 1457 1481 1492 Epitraim,
1520 1456 1702 1483 absconditum

915 1515 1050 1545 peccatum
1069 1506 1260 1543 ejurNDolores
1272 1505 1348 1540 quasi
1365 1503 1535 1538 parturientis
1552 1503 1652 1530 venient
1663 1502 1699 1530 ei.

76 1556 181 1607 ποτὲ-ὁ
199 1555 357 1607 ξρόνιμος,
383 1556 458 1583 διότι
481 1557 518 1583 οὐ
535 1556 578 1591 μὴ
603 1556 723 1591 ὐποστῇ
739 1556 774 1584 ὲν
793 1555 865 1584 σύν-

918 1556 971 1584 Iue
989 1555 1060 1589 ﬁlius
1086 1559 1156 1584 tuus.
1166 1554 1216 1580 iste
1230 1551 1355 1586 prudens,
1373 1551 1436 1585 quia
1450 1557 1500 1576 non
1513 1549 1651 1576 sustinebit
1675 1549 1703 1576 in

77 1599 160 1634 τριϐῇ
174 1599 298 1627 τέκνων.

110 1646 198 1673 PNI".
219 1645 316 1679 Τοῦτο,
341 1644 418 1682 οἶμαι
443 1649 512 1683 ἐστὶ,
527 1649 568 1683 τὸ,
585 1658 594 1675 ι
619 1648 748 1676 συνέλαϐε
775 1648 865 1682 πόνον,

80 1692 125 1718 καὶ
146 1692 242 1718 ἔτεκεν
258 1692 386 1727 ἀνομίαν.
413 1701 424 1719 ι
449 1693 492 1720 Ἐν
516 1693 615 1728 ἀρχαῖς
636 1694 685 1729 μὲν
701 1693 756 1729 γὰρ
785 1695 867 1729 Ὶεροο

80 1736 161 1771 δοὰμ,
179 1737 225 1764 ἵνα
237 1736 292 1764 τῶν
307 1739 453 1773 σκήπτρων
472 1738 508 1773 μὴ
523 1737 620 1774 ἀπώσῃ
629 1739 691 1775 (τὰς
703 1739 774 1766 κατὰ
786 1739 868 1774 νόμον

81 1782 175 1813 θυσίας
190 1783 367 1818 ἀποπληροῦν
380 1783 516 1816 ἐθέλοντος
530 1783 577 1810 τοῦ
594 1784 711 1820 Ἰσραὴλ,
725 1784 826 1820 ταύτης
839 1793 869 1812 τε

80 1826 160 1853 ἕνεκα
174 1828 226 1862 τῆς
245 1828 335 1859 αἰτίας
352 1829 550 1863 ἀναφοιτῶντος
565 1829 604 1860 εἰς
625 1829 870 1864 Ἱεροσόλυμα),τὰς

81 1873 214 1907 δαμάλεις
228 1874 360 1908 ἐπενόησε
374 1873 423 1906 τὰς
436 1874 548 1909 χρυσᾶς.
563 1875 619 1901 Καὶ
634 1874 730 1910 ὥσπερ
741 1875 804 1902 τινὰ
821 1883 870 1902 πο-

81 1916 164 1951 νηροῦ
181 1916 340 1952 σπέρματος
356 1918 509 1953 καταϐολὴν
523 1919 563 1950 εἰς
578 1918 640 1946 νοῦν
655 1919 770 1954 ἐδέχετο,
786 1928 871 1947 κατα-

82 1961 291 1997 κεχρωσμένην,
309 1962 402 1997 ὥσπερ
418 1963 465 1989 καὶ
478 1963 704 1999 ὲγκεκρυμμένην
718 1964 767 2000 τὴν
783 1965 873 2000 ἀμαρ-

82 2005 151 2032 τίαν.
175 2006 246 2032 Ἀλλ’
260 2006 457 2043 ἤξει,φησζ,καὶ
465 2009 480 2034 ὁ
491 2007 545 2035 τῶν
555 2008 657 2035 ὠδίνων
669 2009 774 2043 καιρός.
788 2005 873 2040 Οὗτος

82 2051 104 2078 δ’
119 2051 153 2078 ἂν
173 2052 260 2078 νοοῖτο
286 2052 377 2083 πάλιν,
393 2052 407 2079 ὃ
431 2061 461 2079 τε
477 2053 524 2079 τοῦ
552 2053 671 2088 πολέμου
688 2055 735 2081 καὶ
750 2054 800 2088 τῆς
814 2055 874 2089 αἰχ-

84 2097 236 2131 μαλωσίας.
254 2098 287 2124 El
299 2097 354 2133 γὰρ
368 2097 416 2124 καὶ
432 2098 469 2134 μὴ
483 2098 558 2133 αὐτῷ
573 2099 671 2134 συνέϐη
686 2099 726 2134 τῷ
743 2098 873 2134 Ἐφραῒμ,

84 2142 141 2168 ἀλλ’
157 2140 205 2169 οὖν
232 2143 290 2175 τοῖς
313 2143 343 2175 ἐξ
362 2142 444 2169 αὑτοῦ
461 2143 612 2178 γεγονόσιν,
635 2144 720 2180 ἤγουν
742 2145 799 2176 τοίς
823 2144 874 2179 τῆς

83 2188 171 2223 ἀρχῆς
195 2188 331 2223 διαδόχοις
357 2189 473 2224 ἐπῆλθον
499 2189 571 2216 κατὰ
599 2190 729 2226 καιροὺς,
756 2190 797 2217 ὅτι
824 2190 874 2226 τῆς

916 1601 1070 1628 contritione
1082 1599 1207 1634 ﬁliorum.
1588 1628 1590 1634 ν

950 1645 1039 1673 CLlll.
1055 1644 1111 1672 Hoc
1122 1643 1186 1671 illud
1196 1646 1248 1675 est,
1264 1641 1302 1669 uti
1316 1647 1390 1673 reor,
1404 1649 1414 1666 ι
1431 1638 1555 1674 concepit
1571 1637 1700 1671 dolorem,

917 1695 945 1719 et
959 1689 1064 1726 peperit
1080 1688 1247 1723 iniquitatem
1259 1686 1308 1713 ⁸³.»
1325 1684 1459 1719 Principio
1468 1683 1539 1711 enim
1551 1682 1705 1714 Jeroboam.

917 1743 953 1764 ne
966 1739 1074 1770 sceptro
1083 1735 1245 1770 privaretur,
1259 1731 1356 1759 lsraele
1370 1730 1473 1758 scilicet
1487 1728 1603 1763 legitima
1619 1727 1704 1755 sacri-

918 1782 978 1809 ﬁcia
999 1787 1140 1815 usurpare,
1151 1783 1179 1806 et
1197 1779 1231 1806 ob
1256 1777 1327 1804 hanc
1351 1782 1460 1803 causam
1490 1773 1704 1808 Hierosolymam

919 1826 1066 1855 ascendere
1099 1825 1243 1860 cupiente,
1269 1821 1367 1849 vitulos
1397 1827 1493 1848 aureos
1525 1818 1706 1854 excogitavit,

920 1876 1113 1907 peccatumque
1127 1870 1201 1898 velut
1215 1869 1362 1896 coloratum
1376 1870 1563 1894 etcontectum
1574 1869 1702 1899 tanquam

920 1916 1021 1945 malum
1042 1923 1132 1943 semen
1152 1915 1179 1942 in
1194 1914 1313 1941 animum
1339 1912 1450 1946 recepit.
1463 1911 1516 1938 Sed
1535 1909 1640 1941 veniet,
1665 1909 1707 1936 in-

921 1963 988 1998 quit,
1001 1965 1029 1990 et
1044 1966 1149 1995 tempus
1175 1960 1296 1988 dolorum
1310 1962 1413 1994 partus.
1428 1956 1504 1990 Quod
1523 1955 1631 1990 quidem
1643 1954 1705 1981 belli

921 2012 949 2035 et
975 2005 1138 2041 captivitatis
1160 2008 1249 2040 potest
1268 2002 1391 2037 intelligi.
1406 2001 1534 2035 Quamvis
1553 1999 1625 2026 enim
1652 2005 1707 2025 non

923 2054 973 2090 ipsi
990 2054 1128 2089 prraim,
1141 2051 1256 2088 posteris
1271 2055 1360 2078 tamen
1374 2049 1444 2084 ejus,
1456 2051 1512 2076 sive
1539 2045 1705 2074 successori-

923 2089 973 2127 bus
996 2100 1022 2126 in
1044 2098 1206 2133 principatu,
1233 2100 1265 2123 ut
1286 2094 1432 2130 impietatis
1455 2091 1634 2124 imitatoribus
1658 2089 1708 2117 ali-

924 2144 1031 2180 quando
1046 2143 1144 2171 evenit.
1159 2142 1240 2175 Quasi
1254 2141 1336 2176 igitur
1347 2140 1516 2176 Synagogam
1532 2138 1558 2166 in
1585 2135 1710 2164 Samaria

925 2190 1098 2225 compellans,
1128 2188 1230 2223 inquit:
1252 2186 1318 2220 Quis
1354 2190 1380 2214 te
1401 2184 1531 2213 salvabit?
1556 2191 1619 2211 num
1640 2181 1710 2209 ﬁlius

83 2233 189 2260 ἐκείνου
217 2233 378 2266 δυσσεϐείας
404 2235 530 2268 γεγόνασι
565 2225 691 2271 μιμηταί.
717 2235 867 2270 Διαλέγεταπ

928 2239 988 2263 tuus
998 2235 1041 2262 hic
1054 2232 1192 2269 prudens?
1210 2231 1327 2259 Dicenda
1338 2239 1348 2256 ι
1369 2231 1413 2258 hic
1425 2239 1435 2256 ι
1450 2234 1498 2257 aut
1514 2228 1567 2256 illis
1583 2225 1711 2261 temperi-

83 2279 174 2306 τοίνυν
188 2280 228 2311 ὡς
242 2280 312 2316 πρὸς
323 2281 372 2316 τὴν
386 2281 416 2308 ὲν
430 2281 463 2316 τῇ
482 2281 623 2317 Σαμαρείᾳ
639 2281 810 2317 συναγωγὴν,
826 2281 874 2309 καί

86 2332 162 2360 φησι,
175 2324 223 2356 Τίς
239 2333 270 2350 σε
285 2324 432 2358 Studiosi;
456 2323 511 2361 ἆρα
526 2327 539 2352 ό
553 2326 609 2357 υἱός
631 2334 677 2352 σου
693 2324 769 2358 οὗτος
783 2327 797 2353 ό
809 2326 876 2362 φρό-

85 2378 178 2404 νιμος;
192 2370 291 2404 Δέγων
309 2370 338 2396 δὲ
355 2371 395 2404 τὸ,
415 2380 424 2397 ι
443 2368 528 2403 οὗτος,
548 2381 558 2398 ι
577 2371 594 2407 ἢ
610 2372 656 2399 τὸν
675 2371 746 2399 κατὰ
762 2373 875 2408 καιροὺς

87 2415 265 2450 βασιλεύοντα
279 2416 426 2449 δείκνυσιν,
446 2417 474 2448 ὃς
492 2418 538 2444 καὶ
559 2416 608 2453 τὴν
627 2417 674 2443 τοῦ
696 2417 784 2445 δοκεῖν
805 2415 875 2445 εἶναι

88 2461 197 2493 συνετὸς
215 2462 326 2496 ἐδέχετο
350 2462 428 2495 δόξαν
453 2462 616 2498 (παρέπεται
641 2463 697 2499 γὰρ
718 2463 797 2491 τοῦτο
818 2465 875 2495 τοῖς

87 2507 233 2542 κρατοῦσιν
246 2507 337 2542 ἀεὶ),ἢ
353 2508 417 2542 γοῦν
435 2507 526 2543 ἓτερον
540 2518 576 2541 τι,
591 2508 638 2535 καὶ
651 2508 690 2544 τῷ
705 2509 792 2544 καιρῷ
808 2509 877 2544 πρέ-

87 2562 136 2580 πον
151 2553 292 2588 ὺποδηλοῖ,
307 2553 369 2580 καθ’
383 2553 397 2580 ὃ
413 2553 460 2580 καὶ
475 2555 489 2580 ὁ
507 2554 558 2589 τῆς
580 2555 748 2589 προφητείας
769 2545 877 2589 ὲίένετο

87 2599 174 2634 λόγος.
191 2609 202 2625 ι
220 2598 416 2630 Βασιλεύοντος
430 2599 484 2633 γὰρ
513 2599 560 2625 τοῦ
582 2599 664 2634 Ἀχὰζ
679 2599 725 2625 ἐπὶ
745 2599 790 2626 τὸν
811 2598 876 2625 Ἰού-

87 2645 134 2672 δαν
147 2646 176 2672 ὲν
187 2646 245 2676 τοῖς
266 2644 472 2679 Ἱεροσολύμοις,
489 2645 518 2672 ὲν
531 2645 665 2680 ἑνδεκάτῳ
682 2644 748 2676 ἔτει,
769 2644 879 2679 βεϐασι-

88 2697 182 2718 Αευκεν
205 2692 236 2717 ἐν
256 2692 290 2726 τῇ
306 2690 447 2726 Σαμαρείᾳ
466 2690 511 2717 ἐπὶ
525 2690 570 2716 τὸν
599 2689 706 2725 Ἰσραὴλ
726 2689 804 2725 Ὠσηὲ
823 2689 879 2721 υἱὸς

93 2738 169 2769 Ἡλὰ,
184 2738 216 2770 ὃς
231 2737 345 2772 ἐποίησε
358 2737 387 2763 τὸ
401 2737 517 2772 πονηρὸν
533 2737 562 2763 ὲν
576 2737 724 2771 ὀφθαλμοῖς
738 2735 850 2771 Κυρίου.
867 2727 876 2761 ί

95 2784 175 2811 Ἀλλὰ
191 2784 254 2811 κατ’
267 2784 358 2810 ἐκεῖνο
372 2783 466 2818 καιροῦ
488 2783 705 2818 κατεστράτευσε
723 2781 772 2816 τῆς
790 2782 881 2816 Σαμα-

922 2282 972 2309 bus
982 2283 1138 2314 regnantem
1154 2276 1296 2313 signiﬁcat,
1304 2276 1348 2310 qui
1357 2279 1384 2302 et
1393 2274 1547 2310 opinionem
1560 2271 1711 2308 prudentiae

922 2323 1095 2358 babebat(ea
1119 2322 1191 2350 enim
1211 2321 1374 2354 imperantes
1400 2324 1508 2350 semper
1533 2314 1638 2348 decet),
1665 2317 1713 2341 aut

922 2374 996 2398 certe
1004 2368 1075 2396 aliud
1087 2367 1223 2402 quidpiam
1237 2369 1265 2394 et
1275 2364 1387 2399 tempori
1404 2365 1614 2397 consentaneum
1631 2358 1712 2385 tacite

923 2415 1034 2446 indicat,
1052 2421 1105 2448 quo
1129 2413 1210 2440 etiam
1236 2410 1393 2438 vaticinium
1416 2411 1527 2442 spectat.
1552 2405 1712 2438 «Regnante

923 2460 993 2488 enim
1008 2447 1098 2487 Achaz
1113 2464 1194 2493 super
1203 2456 1299 2484 Iudam
1310 2451 1501 2488 Hierosolymis
1514 2457 1583 2477 anno
1596 2447 1710 2479 decimo,

931 2504 1053 2540 regnavit
1068 2503 1094 2530 in
1113 2501 1234 2530 Samaria
1251 2507 1332 2534 super
1350 2497 1433 2526 lsrael
1456 2496 1524 2524 Osee
1545 2494 1616 2521 illius
1639 2492 1688 2520 Ela
1703 2511 1713 2525 ,

930 2550 975 2586 qui
989 2549 1052 2578 fecit
1065 2548 1166 2576 malum
1188 2546 1215 2574 in
1232 2545 1317 2574 oculis
1332 2543 1438 2572 Domini
1453 2542 1501 2569 ".t
1513 2541 1644 2568 Caeterum
1665 2545 1714 2572 per

930 2583 996 2623 illud
1029 2599 1134 2628 tempus
1155 2591 1253 2627 irrupit
1276 2597 1336 2618 cum
1365 2588 1483 2616 exercitu
1513 2586 1540 2614 in
1562 2583 1713 2612 Samariam

928 2627 1102 2668 Salmanasar
1116 2646 1163 2667 rex
1172 2636 1356 2673 Assyriorum,
1365 2645 1374 2661 ι
1384 2639 1410 2663 et
1421 2634 1507 2661 lactus
1520 2635 1561 2659 est
1572 2627 1713 2664 ei,inqnit,

928 2685 998 2714 Osee
1011 2693 1105 2713 servus
1115 2685 1164 2711 ³³.)
1192 2684 1279 2711 Iratus
1298 2686 1339 2710 est
1357 2686 1447 2708 autem
1470 2679 1507 2706 illi
1539 2677 1715 2704 vehementer

928 2732 1055 2767 Assyrius
1066 2732 1116 2758 hac
1133 2731 1165 2758 de
1176 2737 1267 2758 causa.
1280 2728 1351 2756 Misit
1363 2727 1460 2762 quippe
1476 2726 1508 2753 ad
1519 2731 1579 2752 eum
1595 2721 1714 2754 nuntios,

930 2783 1024 2813 petens
1032 2775 1240 2811 manaa(dona)
1252 2780 1280 2803 et
1300 2782 1359 2810 qua:
1372 2773 1485 2801 solebat.
1499 2770 1546 2798 ille
1561 2768 1612 2798 sibi
1623 2767 1657 2795 ab
1681 2773 1715 2794 oo

122 2873 146 2890 "
166 2873 176 2901 Ι
195 2872 268 2907 Reg.
296 2879 355 2904 vm,
375 2871 402 2899 6.
439 2873 462 2888 ³⁵
478 2871 487 2897 1
506 2871 571 2906 Reg.
597 2879 623 2904 κ,
645 2871 669 2898 l.
709 2871 731 2886 ³³
747 2868 796 2897 Job
814 2875 857 2900 xv,

949 2865 971 2882 ⁸⁷
989 2863 1107 2899 IVﬁeg.
1131 2871 1194 2896 xvu,
1218 2864 1241 2896 l,
1262 2863 1289 2890 ‘2.
1328 2862 1351 2879 ³⁸
1367 2861 1433 2889 ibid.
1453 2860 1482 2888 5.
