1919 3042
200 166 251 195 3H
700 166 730 196 S.
750 165 890 195 CYRILLI
908 166 1143 194 ALEXANDRINI
1163 166 1326 195 ARCHIEP.
1790 167 1846 195 θη

202 223 331 260 imperari
364 231 417 253 non
440 224 593 257 sustinens,
618 223 722 260 legatos
742 224 776 251 ad
794 223 880 258 Segor
906 231 960 258 regi

1087 223 1125 255 ἶας
1139 223 1324 259 Σαλμανασὰρ
1344 223 1469 259 βασιλεὺς
1489 223 1651 259 Ἆσσυρίων.
1678 233 1688 249 ι
1709 224 1766 251 Καὶ
1787 225 1845 258 ὲ-γε-

202 268 326 306 JEgypti,
346 270 380 297 ab
394 276 426 297 eo
437 270 574 304 suppetias
589 269 700 304 petitum
714 269 798 297 misit.
815 269 852 297 Ea
869 277 898 298 re
914 269 960 298 om

1086 269 1130 304 θη,
1157 269 1249 304 φησὶν,
1275 269 1355 304 Ὠσηέ
1375 269 1450 304 αὐτῷ
1476 269 1578 302 δοῦλος.
1609 278 1619 296 ›
1651 269 1791 304 Ὠργίζετο
1818 269 1844 297 δὲ

204 323 252 346 sus
274 315 456 348 Salmanasar,
473 314 622 343 Samariam
648 318 704 342 toto
733 315 848 343 triennio
879 316 962 343 obsed

1086 323 1109 341 tv
1136 316 1149 341 6
1180 314 1321 350 Ἀσσύριος
1347 316 1390 342 ἐπ’
1421 315 1496 351 αὐτῷ
1522 315 1557 342 δι’
1586 315 1677 343 αἰτίαν
1703 316 1844 351 τοιαύτην.

204 361 306 388 Deinde
317 359 386 391 Osee
401 360 490 388 vivum
513 364 621 396 captmn
644 360 759 388 vinculis
773 361 912 395 astrinxit,
927 366 955 389 et

1088 360 1177 395 πεμψε
1202 360 1252 396 μὲν
1265 360 1319 396 γὰρ
1334 361 1402 396 πρὸς
1421 361 1503 388 αὐτὸν
1526 361 1670 396 ἀγγέλους,
1691 362 1776 389 αῑτῶν
1799 371 1846 397 μα-

204 413 268 434 suos
279 405 381 438 retulit,
395 406 520 434 lsraelem
542 414 651 442 quoque
662 407 688 433 in
703 411 830 436 montana
852 406 962 434 Persaru

1089 406 1112 438 ὴ,
1122 406 1170 433 καὶ
1180 406 1215 433 τὰ
1225 406 1339 442 συνήθη.
1355 407 1385 433 ’0
1395 406 1423 435 δέ
1435 406 1651 442 προστάττεσθαι
1663 408 1728 442 παρ’
1740 407 1847 434 ἐκείνου

205 456 233 478 et
245 451 382 481 Medorum
399 451 551 487 demigrare
565 452 661 487 coegit.
680 451 792 479 Videtur
803 452 893 487 itaque
908 459 963 480 serr

1089 451 1298 487 ηάνασχόμενος,
1314 452 1498 488 ἐπρεσϐεύετο
1520 453 1589 488 πρὸς
1611 453 1710 488 Σηγὼρ
1734 453 1847 489 βασιλέα

205 497 383 532 propheticus
404 498 449 525 hic
467 498 545 525 nobis
564 498 634 526 Osee
658 498 740 526 ﬁliuni
763 498 811 526 Eia
833 499 963 533 exprimet

1089 496 1200 531 γύπτου,
1226 497 1275 532 τὴν
1306 498 1370 533 παρ’
1389 498 1471 525 αὑτοῦ
1499 498 1626 534 βοήθειαν
1651 499 1746 526 αῐτῶν.
1775 499 1847 534 Πρὸς

205 550 285 578 quem
301 548 329 571 et
341 545 500 579 prudentem
514 546 636 572 nominat
651 554 658 578 ;
673 553 725 572 non
742 546 805 581 quia
828 553 919 574 revera
935 554 963 581 pl

1091 544 1129 570 Ξτο
1140 543 1326 580 λελυπημένος
1338 545 1355 572 ὰ
1368 544 1562 581 Σαλμανασὰρ,
1578 545 1781 582 πεπολιόρκηκε
1798 547 1849 582 μὲν

206 588 272 616 deus
282 589 371 622 fuerit,
385 591 431 618 sed
440 590 526 618 ironia
536 591 651 625 quadam
661 591 756 619 utitur.
765 591 918 620 [labebatur
926 593 964 619 eni

1091 600 1100 618 ν
1117 591 1285 626 Σαμάρειαν,
1299 591 1341 625 ἐφ’
1356 591 1427 623 ὅλοις
1445 590 1519 618 ἔτεσι
1538 591 1639 626 τρισίν.
1655 589 1724 618 Εἶτα
1739 591 1849 628 ζωγρή-

207 635 242 662 ab
251 634 352 667 lsraele
373 643 423 671 pro
438 637 496 665 viro
507 637 640 671 prudente
647 642 675 665 et
684 638 728 672 qui
741 638 926 673 persapienter
935 645 965 666 co

1091 645 1102 667 ;
1115 636 1161 662 τὸν
1181 635 1271 671 Ὠσηὲ,
1289 635 1432 671 δεσμώτην
1449 635 1547 668 ἐποίει,
1562 635 1610 662 καὶ
1627 636 1806 670 κατέγραφεν
1820 637 1849 664 ἓν

207 682 347 716 suluisset,
359 691 419 711 cum
437 691 470 712 ex
488 683 603 720 Egypto
619 692 696 719 opem
710 692 758 720 pro
774 685 839 720 ipsis
855 684 965 719 petenda

1092 683 1182 714 ιέταις.
1207 681 1342 717 Ἀπῲκισε
1364 681 1393 709 δέ
1419 682 1467 708 καὶ
1491 681 1537 708 τὸν
1566 681 1674 717 Ἰσραὴλ
1694 683 1725 708 ἐν
1749 681 1850 717 ὀρεέοις

209 729 382 763 censuisset;
400 730 446 757 sed
476 729 572 757 frivole
591 735 617 757 et
644 731 774 758 inutiliter
800 730 899 758 fecisse
921 734 964 765 atq

1095 728 1168 765 ρσῶν
1191 729 1238 756 καὶ
1255 728 1366 764 Μήδων.
1382 728 1490 755 Ἔοικεν
1503 726 1549 755 οὖν
1565 729 1580 755 6
1601 728 1774 764 προφητικδς
1785 729 1850 763 ἡμῖν

209 773 379 801 consuluisse
404 774 539 809 apparuit.
563 774 643 809 187
668 773 733 807 Quis
761 782 835 810 ergo,
859 775 955 810 inquit,

1093 783 1131 809 (ος
1158 774 1237 810 Ὠσηὲ
1260 774 1306 801 τὸν
1332 773 1398 801 Ἦλὰ
1415 773 1620 801 καταδεικνύειν
1639 774 1669 801 ἐν
1683 773 1802 805 τούτοις,
1821 772 1851 799 ὃν

211 825 225 845 a
245 818 413 854 gravissimis
433 818 633 846 calamitatibus
662 819 830 854 perferendis
852 818 969 847 liberabil

1094 822 1102 848 ι
1121 821 1255 857 φρόνιμον
1277 821 1420 848 ἀποκαλεῖ.
1443 820 1498 856 Οὐχ
1520 820 1561 847 ὅτι
1588 819 1700 852 συνετὸς
1723 817 1760 855 ἦν
1779 819 1852 846 κατὰ

213 872 223 889 ι
240 862 291 890 llic
308 863 378 890 ﬁlius
393 868 454 890 tuus
479 863 522 891 ille
543 863 671 898 prudens,
685 864 748 898 quia
780 871 833 891 non
857 864 971 892 sustinet

1095 865 1194 902 ῇθειαν,
1219 866 1278 893 ἀλλ’
1293 866 1374 893 οἱονεί
1393 874 1452 898 πως
1468 865 1652 901 εἰρωνεύεται.
1680 865 1786 892 Ἐδόκει
1804 864 1853 900 μὶν

211 907 238 936 in
257 908 420 936 contritione
435 907 579 936 ﬁliorum.»
593 908 660 935 Dum
676 909 750 936 enim
770 908 816 939 {liii
844 909 880 936 tui
909 914 969 937 cont

1094 920 1107 948 ρ
1123 912 1199 948 παρὰ
1210 911 1249 947 τῷ
1272 911 1379 948 Ἰσραὴλ
1397 911 1508 943 συνετὸς
1530 908 1598 937 εἶναι
1612 919 1665 944 τις,
1679 911 1728 937 καὶ
1747 910 1852 946 σφόδρα

213 958 318 985 rentur,
330 953 427 988 inquit,
443 961 492 981 nec
507 954 564 989 ipse
588 954 726 983 subsistet.
743 953 881 989 Capietur,
895 963 971 983 scrvu

1096 957 1146 992 ρῶς
1177 956 1387 992 βεϐουλεῦσθαι,
1411 956 1456 983 διά
1480 964 1522 983 τοι
1555 956 1586 982 τὸ
1611 955 1719 982 ἑλέσθαι
1743 955 1795 991 τὴν
1823 955 1854 987 ἐξ

211 1006 264 1034 que
279 1004 305 1027 et
320 1000 444 1034 captivus
462 1007 514 1026 una
527 1008 590 1027 cum
615 1000 677 1028 aliis
699 1001 732 1028 ad
745 1000 870 1036 Assyrios
903 1002 969 1036 ntigt

1098 1002 1195 1037 (timeo
1211 1002 1303 1029 καλεῖν
1328 1001 1488 1037 ἐπικουρίαν
1511 1001 1612 1033 αὐτοῖς.
1635 1000 1704 1027 Ἀλλ’
1726 1000 1786 1035 ἥλω
1802 999 1856 1034 ψυιι

211 1045 262 1073 bit.
275 1046 419 1080 Sapienter
434 1045 526 1081 itaque
546 1046 591 1081 qui
607 1046 717 1080 psallit:
737 1056 746 1073 ι
768 1046 909 1075 Fortitudo
934 1055 969 1075 mt

1096 1049 1118 1080 ὶ,
1139 1049 1185 1075 καὶ
1201 1049 1336 1084 ἁνώνητα,
1353 1049 1401 1075 καὶ
1421 1048 1533 1084 δράσας,
1553 1047 1601 1074 καὶ
1625 1046 1854 1082 βουλευσάμενος.

212 1097 241 1119 et
253 1091 311 1119 laus
328 1099 387 1119 mea
403 1091 534 1120 Dominus
547 1092 644 1119 καλλι)
659 1092 717 1127 ipso
727 1093 798 1120 enim
816 1093 902 1120 virtus
917 1100 970 1120 om:

1098 1104 1102 1126 ξ
1118 1095 1151 1130 δὴ
1171 1093 1217 1122 οὖν
1232 1095 1296 1132 ἄρα,
1313 1095 1407 1130 φησὶν,
1424 1093 1556 1126 ἐξελεῖταί
1579 1102 1609 1120 σε
1631 1092 1679 1120 τοῦ
1696 1092 1734 1128 μὴ
1757 1091 1856 1118 παθεῖν

211 1143 240 1166 et
268 1137 342 1165 salus
371 1137 478 1170 omnis,
507 1142 533 1165 et
557 1142 634 1166 extra
666 1138 753 1173 ipsum
779 1146 858 1166 nemo
893 1142 936 1166 est
960 1145 969 1173 ι

1098 1150 1104 1173 :
1123 1141 1289 1177 ἀνηκέστους
1303 1140 1463 1177 συμφοράς
1483 1149 1492 1166 ι
1507 1136 1591 1171 Οὗτος
1602 1140 1617 1166 6
1632 1139 1690 1170 υἱός
1702 1146 1749 1164 σου
1762 1137 1856 1173 φρόνι-

212 1183 332 1211 εοῑνθιλ.
1055 1195 1115 1222 μος,
1130 1187 1198 1214 διότι
1216 1187 1248 1214 οὐ
1261 1187 1299 1223 μὴ
1316 1187 1420 1222 ὑποστῇ
1438 1187 1468 1213 ἐν
1483 1185 1612 1221 συντριϐῇ
1633 1184 1748 1212 τέκνων.
1770 1193 1779 1209 ι
1794 1183 1856 1209 Τῶν

212 1230 268 1270 γὰρ
283 1230 337 1257 σῶν
349 1231 452 1258 τέκνων
467 1229 694 1265 συντριϐομένων,
709 1229 786 1265 φησὶ,
805 1229 859 1256 οὐδ’
876 1229 910 1256 ἂν
939 1229 1020 1263 αὐτὸς
1037 1232 1182 1267 ὐποσταίη.
1198 1233 1375 1268 Ληφθήσεται
1405 1232 1459 1267 γὰρ
1474 1231 1567 1263 δοῦλός
1596 1239 1627 1257 τε
1647 1230 1695 1257 καὶ
1711 1229 1856 1264 αἰχμάλω-

213 1284 268 1307 τος.
293 1276 361 1311 ὁμοῦ
388 1277 445 1308 τοῖς
465 1275 555 1307 ἄλλοις
580 1275 710 1310 βαδιεῖται
736 1275 804 1311 προς
835 1275 1005 1311 Ἀσσυρίους.
1026 1277 1111 1313 Σοφὺς
1143 1277 1190 1306 οὖν
1204 1278 1359 1310 ὸΨάλλων,
1378 1287 1387 1303 ι
1413 1270 1517 1312 Ἰσχὺς’
1531 1285 1593 1312 μου,
1607 1276 1661 1311 καὶ
1671 1274 1791 1311 ὕμνησίς
1803 1282 1854 1309 μου

213 1323 228 1350 6
240 1322 351 1358 Κύριος.
371 1331 381 1348 ι
398 1323 465 1358 Παρ*
484 1322 567 1348 αὑτοῦ
588 1321 642 1358 γὰρ
656 1322 730 1348 πᾶσα
744 1321 858 1356 δύναμις
879 1321 926 1348 καὶ
941 1323 1080 1358 σωτηρία·
1098 1325 1145 1351 καὶ
1160 1323 1254 1357 σώζων
1266 1325 1316 1352 οὐκ
1331 1325 1389 1350 ἐστι
1405 1323 1494 1359 πάρεξ
1507 1322 1600 1350 αὑτοῦ.

252 1367 332 1395 ὶέιιε.
353 1368 398 1396 η,
426 1367 464 1395 De
485 1375 566 1393 manu
584 1366 682 1401 inferni
707 1367 821 1393 liberabo
846 1374 901 1399 eos,
927 1371 950 1393 et
975 1367 1009 1394 de

1103 1371 1151 1397 Ἐκ
1168 1371 1268 1405 χειρὸς
1287 1369 1362 1404 ᾅδου
1381 1369 1514 1403 ῥύσομαι
1530 1367 1659 1400 αὐτοὺς,
1679 1366 1730 1393 καὶ
1749 1365 1785 1392 ἐκ
1805 1366 1853 1392 θαρ

215 1418 299 1440 morte
323 1413 451 1440 redimam
473 1412 544 1440 illos.
570 1411 620 1439 Ubi
646 1412 755 1439 uictoria
774 1416 830 1444 tua,
851 1413 941 1440 mon?
965 1420 973 1439 ι

1095 1416 1154 1444 ἱτου
1168 1416 1358 1451 λυτρώσομαι
1372 1415 1494 1448 αὐτούς.
1508 1414 1572 1441 Ποῦ
1593 1413 1613 1448 ή
1634 1412 1703 1447 δίκη
1724 1420 1794 1445 σου,
1809 1411 1853 1439 θάς

216 1459 325 1486 aculeus
343 1463 415 1490 tuus,
428 1457 531 1492 inferne
541 1457 554 1484 2’

1061 1470 1133 1489 νατε
1141 1470 1151 1494 ;
1166 1462 1224 1490 ποῦ
1238 1462 1271 1489 τὸ
1283 1461 1408 1496 κέντρον
1424 1467 1494 1492 σου,
1510 1459 1586 1493 d611,-

253 1503 343 1532 CLIV.
369 1503 516 1538 Postquam
530 1509 563 1530 ex
580 1502 621 1529 ira
636 1501 826 1537 peccatoribus
836 1501 942 1530 locutus
956 1504 1008 1535 es‘l,

1098 1508 1184 1535 PNA’.
1195 1508 1235 1534 Τὰ
1254 1508 1287 1534 ἐκ
1304 1506 1391 1542 θυμοῦ
1406 1506 1526 1541 λαλήσας
1540 1505 1597 1535 τοῖς
1609 1502 1798 1539 ἡμαρτηκόσι,
1808 1502 1853 1529 καὶ

256 1527 343 1532 η...
370 1527 516 1538 ---πρε-υ
535 1527 563 1530 η
580 1527 620 1529 η-
636 1527 787 1537 ,κνηη
803 1527 823 1529 γε
837 1527 940 1530 mm“
959 1527 975 1530 -.

217 1555 246 1578 et
266 1558 298 1578 ex
324 1550 418 1578 dolore
441 1556 491 1577 suo
517 1547 570 1575 illis
590 1552 722 1575 eventura
747 1547 950 1582 praenuntiavit,

1094 1527 1142 1580 λζ
1254 1527 1376 1588 ἐσόμεῖα
1386 1527 1852 1587 προαπηγγελκῖὶιέῗάναπεφοίτηκε

220 1595 455 1627 mansuetudinem
473 1595 527 1622 Deo
550 1595 676 1621 decoram
693 1593 850 1625 revertitur,
866 1599 894 1620 et
911 1600 940 1620 se
958 1601 978 1620 η‹

1096 1599 1143 1626 ιλιν
1159 1599 1200 1631 εἰς
1215 1597 1353 1634 θεοπρεπῆ
1367 1605 1396 1623 τε
1411 1596 1581 1632 ἡμερότητα,
1609 1594 1657 1622 καὶ
1678 1594 1721 1620 ὅτι
1745 1593 1784 1628 μὴ
1798 1593 1854 1619 εἱσι-

219 1642 375 1670 uuiversum
399 1647 483 1676 genus
505 1641 652 1667 humanum
682 1642 847 1672 aversatum,
871 1646 958 1673 neque

1096 1650 1135 1670 ξαν
1163 1641 1194 1669 τὸ
1221 1642 1268 1669 ἐπὶ
1295 1641 1348 1676 γῆς
1376 1640 1568 1676 ἀπέστραπται
1591 1639 1680 1673 γένος,
1705 1638 1775 1673 μήτε
1801 1637 1854 1673 μὴν

219 1687 342 1716 exsilium
361 1684 540 1713 irrevocabile
563 1684 811 1719 sempiternumque
830 1684 948 1716 misisse,
964 1691 977 1711 ε

1097 1689 1162 1724 ἧκεν
1176 1688 1218 1719 εἰς
1232 1685 1408 1723 καταφθορὰν
1427 1683 1553 1720 ἀχάλινόν
1571 1692 1616 1715 τι,
1639 1683 1686 1710 καὶ
1707 1682 1855 1717 ἀτελεύτη-

219 1734 312 1760 datum
341 1731 374 1759 iri
400 1730 545 1765 aliquando
566 1730 672 1757 veniam
699 1734 727 1757 et
753 1731 952 1759 revocationem

1097 1742 1118 1766 ν,
1138 1732 1196 1759 ἀλλ’
1214 1732 1292 1758 ἔσται
1315 1739 1356 1762 τις
1380 1730 1452 1759 κατὰ
1472 1729 1586 1765 καιροὺς
1601 1727 1694 1764 φειδὼ,
1719 1728 1768 1754 καὶ
1790 1728 1855 1754 ἀνάρ-

221 1783 339 1810 \'eterem
352 1781 451 1805 statum
466 1777 492 1804 in
513 1776 632 1808 Christo,
647 1775 759 1809 indicat,
781 1776 883 1804 addens
911 1776 979 1804 liber

1095 1787 1159 1815 .1101;
1179 1778 1220 1810 εις
1236 1777 1267 1804 τδ
1281 1777 1330 1803 ἁπ¹
1345 1775 1433 1811 ἀρχῆς
1448 1776 1477 1802 ἐν
1491 1774 1618 1810 Χριστῷ,
1636 1774 1853 1809 καταμεμήνυκε

220 1831 311 1852 turum
330 1831 360 1851 se
378 1823 411 1850 de
436 1829 516 1849 manu
543 1822 622 1863 inferi
640 1825 669 1849 et
694 1821 727 1850 de
744 1826 832 1850 morte
858 1823 978 1857 redempl

1095 1824 1229 1856 ιοστιθεὶς,
1247 1823 1286 1855 ὡς
1308 1822 1419 1858 ῥύσεται
1441 1821 1490 1857 μὲν
1507 1822 1539 1848 ὲκ
1557 1820 1648 1856 χειρὸς
1663 1819 1738 1855 ᾅδου,
1753 1819 1802 1846 καὶ
1822 1820 1853 1846 ἐκ

222 1875 292 1899 rum,
306 1866 378 1894 haud
394 1865 475 1893 dubie
488 1865 575 1894 eidem
591 1870 703 1901 propter
720 1871 829 1901 peccata
850 1866 876 1894 in
889 1866 980 1894 Condit

1096 1870 1179 1897 ,νάτου
1194 1867 1370 1903 λυτρὼσεται.
1396 1867 1480 1902 Δῆλον
1505 1866 1544 1899 δὲ,
1568 1866 1609 1892 ὅτι
1631 1865 1695 1896 τοὺς
1713 1865 1760 1892 ὑπ’
1773 1864 1854 1892 αὑτὸν

222 1921 278 1940 rem
297 1913 453 1946 commissa,
477 1916 504 1940 et
525 1917 636 1948 propter
654 1913 896 1948 transgressionem
916 1913 980 1940 Δάοι

1099 1914 1221 1950 γονότας,
1240 1913 1284 1941 διὰ
1302 1913 1353 1949 τὴν
1372 1914 1412 1944 εἰς
1427 1911 1541 1948 ποιητὴν
1564 1911 1713 1946 ἁμαρτίαν,
1737 1911 1786 1938 καὶ
1807 1910 1855 1946 τὴν

222 1969 236 1986 ιι
253 1959 384 1994 principio
407 1957 554 1992 Subiectos.
572 1957 654 1985 Facta
683 1963 724 1985 est
747 1959 820 1985 enim
838 1963 931 1993 postea
953 1964 977 1985 ta

1114 1962 1212 1997 ἀρχαῖς
1235 1959 1282 1987 τοῦ
1299 1959 1387 1994 Ἀδὰμ
1411 1958 1579 1994 παράεασιν.
1595 1957 1748 1992 Πεποίηται
1765 1956 1820 1991 γὰρ
1840 1957 1853 1991 ᾗ

223 2003 368 2037 promissio
380 2011 434 2030 non
447 2003 534 2030 solum
550 2002 690 2038 Ephraim,
707 2010 753 2031 seu
765 2003 905 2038 progeniei
919 2002 981 2030 Israt

1097 2007 1153 2034 ιάδε
1177 2005 1258 2032 πάλιν
1280 2005 1446 2040 ὑπόσχεσις,
1467 2004 1530 2038 οὐχὶ
1557 2002 1629 2038 μόνῳ
1652 2002 1692 2037 τῷ
1722 2001 1854 2037 Ἐφρατμ,

223 2051 270 2077 sed
293 2049 454 2077 mortalibus
471 2049 617 2076 universis.
638 2048 717 2081 Nam,
740 2054 768 2076 ut
788 2049 883 2077 scribit
907 2049 980 2077 divin

1097 2061 1148 2079 ὀυν
1160 2053 1217 2084 τοῖς
1235 2051 1266 2084 ἐξ
1279 2051 1394 2086 αἵματος
1413 2049 1533 2085 Ἰσραὴλ,
1548 2049 1634 2075 ἅπασι
1645 2048 1674 2074 δὲ
1686 2048 1787 2083 μᾶλλον
1799 2049 1855 2079 τοῖς

225 2096 334 2128 Paulus,
363 2094 446 2122 «Non
475 2093 630 2121 Judanrum
654 2094 724 2121 Deus
752 2099 874 2127 tantum,
912 2095 959 2121 sed

1096 2099 1111 2125 τὶ
1129 2098 1179 2134 τῆς
1198 2097 1259 2133 γῆς.
1284 2097 1327 2128 Ὠς
1345 2096 1399 2131 γὰρ
1416 2096 1431 2122 6
1454 2095 1597 2126 Θεσπέσιος
1615 2094 1717 2129 γράφει
1737 2093 1854 2126 Παῦλος,

225 2142 358 2176 gentium.
374 2139 540 2167 Justilicavit
556 2139 628 2167 enim
644 2139 878 2168 circumcisionem
894 2147 926 2167 ex
950 2139 983 2167 [id

1098 2144 1156 2171 Οὐκ
1183 2142 1317 2170 Ἰουδαίων
1343 2143 1358 2169 6
1377 2141 1444 2174 Θεὸς
1469 2141 1576 2176 μόνων,
1602 2139 1670 2167 ἀλλὰ
1692 2140 1740 2167 καὶ
1759 2139 1854 2166 ἐθνῶν.

225 2194 254 2219 et
270 2188 430 2223 praeputium
446 2194 494 2222 per
511 2186 590 2214 ﬁdem
602 2186 638 2213 ’.ι
656 2185 780 2216 Redemit
804 2191 892 2214 autem
913 2194 963 2214 nos
982 2202 983 2206 η

1098 2188 1231 2216 ,δικαίωκε
1255 2188 1310 2224 γὰρ
1336 2186 1487 2222 περιτομὴν
1507 2186 1540 2212 ἐκ
1555 2185 1684 2216 πίστεως,
1703 2184 1752 2211 καὶ
1772 2184 1856 2218 ἀκρο-

227 2242 309 2262 manu
337 2233 447 2266 inferni,
475 2233 525 2260 hoc
552 2235 605 2265 est,
632 2231 664 2259 de
694 2232 839 2267 tyrannide
858 2232 985 2259 mortis.i

1101 2235 1177 2262 στίαν
1191 2234 1236 2260 διὰ
1249 2234 1300 2268 τῆς
1319 2232 1447 2264 πίστεως.
1465 2240 1475 2256 ι
1496 2230 1671 2265 Λελύτρωται
1690 2229 1719 2255 δέ
1733 2228 1807 2264 ἡμᾶς
1826 2228 1858 2254 ἐκ

228 2280 324 2313 modus
344 2277 546 2313 redemptionis,
564 2276 664 2304 Christi
686 2284 760 2304 mors
776 2277 954 2312 intelligitur.
971 2277 986 2304 Ι

1100 2281 1157 2316 ιρὸς
1176 2280 1250 2315 ᾅδου,
1273 2279 1423 2310 τουτέστιν,
1448 2277 1480 2304 ἐκ
1504 2276 1553 2311 τῆς
1569 2275 1617 2302 τοῦ
1638 2274 1754 2301 θανάτου
1774 2282 1858 2300 κατα-

229 2329 296 2354 hens
318 2325 391 2353 enim
416 2331 509 2352 necem
537 2324 564 2351 in
589 2323 661 2358 ligno
681 2331 729 2358 pro
757 2323 833 2351 nobis
853 2324 973 2359 pertulit,

1100 2326 1238 2357 ναστειας,
1253 2325 1300 2352 καὶ
1315 2325 1330 2350 6
1346 2324 1396 2359 τῆς
1411 2321 1572 2358 λυτρώσεως
1584 2320 1686 2356 τρόπος
1700 2320 1715 2345 ὁ
1736 2317 1857 2355 Χριστοῦ

229 2372 396 2410 principatus
421 2377 452 2397 ac
481 2373 638 2404 potestates,
665 2369 744 2395 ailixo
770 2369 807 2396 illi
847 2374 942 2397 contra
970 2379 985 2397 ιι

1099 2372 1168 2397 εἷται
1187 2369 1310 2400 θάνατος.
1332 2368 1442 2403 Ἀνέτλη
1458 2367 1512 2402 γὰρ
1534 2365 1606 2392 ἑκὼν
1622 2365 1673 2400 τὴν
1688 2364 1760 2400 ὑπὲρ
1775 2363 1855 2399 ἡμῶν

230 2411 603 2453 chirographo’,triumphavit
613 2416 634 2443 ³.
651 2415 728 2443 Tunc
742 2416 825 2450 enim,
841 2421 903 2444 tunc
918 2417 988 2445 etian

1100 2417 1118 2443 εὶ
1141 2415 1237 2449 ξύλους
1251 2414 1368 2450 σφαγὴν,
1389 2414 1436 2440 καὶ
1462 2411 1678 2448 τεθριάμϐευκεν
1703 2409 1792 2446 ἀρχὰς
1811 2409 1858 2436 καὶ

233 2476 242 2493 ι
256 2464 350 2498 Omnis
373 2463 500 2498 iniquitas
521 2462 650 2497 oppilavit
673 2470 704 2490 os
726 2462 824 2490 suum‘
839 2473 862 2497 ι,
879 2468 906 2491 et
922 2468 991 2491 mort

1102 2462 1205 2493 ουσίας,
1231 2459 1410 2497 προσηλώσας
1431 2457 1506 2493 αὐτῷ
1527 2457 1557 2483 τὸ
1580 2456 1641 2484 καθ’
1664 2455 1742 2490 ἡμῶν
1771 2454 1859 2490 χειρό-

233 2510 374 2546 imperium
395 2512 507 2545 peccato
527 2509 632 2536 sublato
654 2508 822 2536 destructum
836 2509 906 2537 est'.
928 2509 987 2544 lpsu

1101 2516 1186 2542 ›αφον.
1198 2507 1264 2533 Τότε
1277 2507 1343 2542 γὰρ,
1359 2505 1421 2531 τότε
1432 2503 1480 2530 καὶ
1495 2512 1504 2528 ι
1519 2503 1597 2529 Πᾶσα
1616 2501 1664 2537 μὲν
1678 2500 1779 2536 ἀνομία
1788 2500 1819 2527 τὸ
1831 2500 1859 2546 ἐξ

232 2545 304 2587 enim
326 2560 367 2584 est
381 2555 477 2582 mortis
495 2554 618 2588 victoria,
636 2559 663 2582 et
677 2554 804 2582 stimulus
826 2555 924 2582 inferni
936 2555 956 2584 ³.
972 2555 990 2583 S

1101 2555 1159 2589 ιτῆς
1175 2553 1308 2589 ἐνέφραξε
1330 2552 1434 2587 στόμα·
1449 2559 1457 2576 ι
1476 2549 1650 2585 κατήργηται
1664 2546 1692 2573 δὲ
1707 2547 1756 2573 καὶ
1766 2546 1798 2572 τδ
1813 2545 1859 2573 τοῦ

232 2603 304 2635 enim
319 2605 348 2629 et
360 2600 470 2635 sapiens
483 2599 583 2626 Paulus
601 2599 680 2627 nobis
692 2603 735 2627 est
748 2599 952 2634 interpretatus.
975 2600 990 2626 Α

1101 2600 1185 2626 ενάτου
1209 2599 1320 2634 κράτος,
1347 2596 1519 2632 ἐξῃρημένης
1538 2594 1588 2628 τῆς
1612 2592 1766 2628 ἁμαρτίας·
1791 2591 1859 2626 αὕτη

234 2655 371 2683 namque:
389 2656 398 2672 ι
414 2646 545 2675 Stimuius
571 2645 665 2673 mortis
687 2650 826 2680 peccatum
848 2650 908 2679 est;
933 2646 992 2674 virtu

1101 2646 1125 2681 ιρ
1139 2646 1217 2671 *ἐστιν
1231 2645 1248 2679 ἡ
1265 2643 1313 2671 τοῦ
1329 2643 1446 2670 θανάτου
1465 2641 1528 2676 νίκη
1544 2659 1552 2672 ,
1571 2639 1618 2666 καὶ
1635 2639 1666 2665 τὸ
1681 2638 1797 2673 κέντρον
1815 2637 1859 2664 τοῦ

234 2699 325 2728 autem
347 2692 450 2727 peccati
471 2692 512 2719 lex
524 2692 546 2719 ⁷.
561 2700 571 2718 ι
592 2691 764 2727 Quapropter
776 2692 897 2719 omnium
912 2699 992 2726 pecca

1101 2695 1146 2718 iou.
1173 2691 1252 2718 οὕτω
1272 2690 1319 2718 καὶ
1342 2690 1357 2716 6
1380 2689 1460 2723 σοφὸς
1477 2688 1543 2722 ἡμῖν
1559 2685 1717 2722 ἡρμήνευσε
1743 2684 1859 2715 Παῦλος.

235 2740 334 2776 deleto,
357 2743 386 2767 et
409 2745 459 2766 nos
481 2738 542 2774 jure
563 2738 712 2766 dixerimus
730 2745 738 2763 :
756 2746 765 2762 ι
780 2736 831 2764 Ubi
848 2742 891 2764 est
911 2738 993 2765 victor

1102 2739 1145 2773 ῖφη
1161 2737 1226 2772 γὰρ,
1242 2737 1282 2763 ὃτι
1295 2735 1353 2762 τόδε
1380 2745 1388 2760 ι
1406 2734 1527 2768 Κέντρον
1547 2731 1595 2758 τοῦ
1617 2730 1734 2758 θανάτου
1751 2730 1826 2759 ἐστὶν
1843 2730 1860 2764 ἠ

269 2840 293 2856 ’ν’
313 2838 384 2868 Psal.
403 2845 488 2871 exvit,
508 2837 552 2865 ιι.
591 2837 599 2853 ¹
621 2837 670 2864 lsa.
690 2843 767 2867 xuu,
782 2835 831 2871 ill.
871 2838 881 2853 π
901 2837 978 2867 nom.
998 2846 1026 2865 ιιι

1138 2837 1148 2853 ³
1167 2835 1272 2864 Coloss.
1293 2843 1323 2868 tl,
1340 2835 1381 2869 ιι,
1404 2834 1447 2867 15.
1486 2833 1496 2848 ⁸
1511 2831 1582 2859 Psal.
1598 2837 1652 2863 cvt,
1668 2828 1714 2861 42.
1755 2829 1767 2844 ⁸
1782 2827 1859 2862 Ιιειιιν.

238 2883 267 2913 ιι,
288 2875 330 2909 14.
367 2873 478 2901 ‘lCor.
499 2880 542 2906 xv,
561 2872 594 2899 55
644 2872 654 2888 ⁵
672 2871 737 2899 ibid.
757 2870 800 2898 56.
