1919 3042
111 146 161 175 517

577 151 852 182 COMMENTARIUS
871 154 904 181 ΙΝ
925 155 1040 184 OSEAM
1060 156 1281 185 PROPHETAM.

1688 166 1740 194 318

151 203 381 250 Ἐπισῐράςρηθι,
401 207 536 242 Ἰσραὴλ,
548 210 623 243 πρὸς
636 211 748 244 Κύριον
759 212 811 239 τὸν
829 213 896 239 Θεό,

992 214 1073 243 Vsus.
1085 215 1146 243 2-4.
1165 215 1329 249 Convertere,
1344 216 1441 250 Israel,
1457 218 1492 246 ad
1506 218 1646 248 Dominum
1661 215 1741 250 Deum

112 257 179 290 cev,
195 249 273 277 διότι
290 252 471 287 ἡσθένησας
486 255 520 280 ἐν
535 255 600 288 ταῖς
617 256 746 290 ἀδικίαις
760 265 828 285 σου.
846 258 905 285 Λά-

112 297 176 322 ϐετε
190 296 257 329 μεθ’
271 297 392 325 ἑαυτῶν
406 301 537 337 λόγους,
547 302 595 328 καὶ
610 302 813 338 ἐπιστράφητε
831 304 906 338 πρὸς

109 341 220 380 Κύριον
235 343 292 369 τὸν
312 344 389 370 Θεὸν
409 346 502 380 ὑμῶν.
529 347 642 374 Εἴπατε
656 348 746 381 αὐτῷ,
771 348 850 382 ὅπως
861 349 904 384 μὴ

109 387 223 428 λάϐητε
244 388 380 422 ἀδικίαν,
397 391 447 417 καί
467 392 578 426 λάϐητε
594 394 699 428 ἀγαθὰ,
714 395 763 422 καί
776 395 905 423 ἀνταπο-

110 433 250 467 δώσομεγ
263 435 384 468 καρπὸν
398 438 524 471 χειλέων
545 439 640 473 ἡμῶν.
663 441 788 475 Ἆσσοὺρ
807 442 844 468 οῠ
860 441 904 476 μὴ

109 480 198 514 σώσῃ
211 482 312 515 ἡμᾶς,
337 483 384 518 ἐφ’
409 485 502 512 ἵππον
524 488 580 514 οὐκ
604 488 824 524 ἀναϐησόμεθιι.
843 491 904 518 οὐκ

109 526 152 552 ἔτι
165 525 211 560 μὴ
227 527 374 562 εἴπωμεν·
393 529 459 557 θεοί
476 530 634 565 ήμῶν,τοῐς
647 533 743 568 ἔργοις
759 533 819 561 τῶν
844 543 905 570 χει-

106 572 171 605 ρῶν
187 573 286 607 ἡμῶν.

143 618 237 645 ΡΝΗ¹.
260 615 299 645 (ΞΣ)
316 620 434 656 μετρίως
455 622 488 649 ἄν
510 631 553 654 τις
571 623 705 657 ἀγάσαιτο
719 625 770 651 κάν
783 626 851 661 τῷδε
870 626 902 662 δὴ

108 662 193 689 πάλιν
205 663 255 690 τοῦ
271 665 411 700 προφήτου
425 665 456 692 τὸ
475 667 608 702 εὖτεχνὲς,
623 669 670 695 καὶ
690 669 736 696 τοῦ
756 670 836 704 λόγου
852 671 903 706 τὴν

107 709 279 743 οἰκονομίαν.
305 710 458 746 Πεποίηται
482 711 537 747 γὰρ
566 712 751 748 ἀγιοπρεπῶς,
776 715 822 741 καὶ
845 714 902 742 ἐστι

107 753 158 788 τῆς
183 753 290 781 ἀνωθεν
311 757 507 790 μυσταγωγίας
534 756 671 791 ἔμπλεως.
699 759 902 795 Προαναπεφώ-

107 807 176 833 νηκε
192 799 244 834 μὲν
259 800 315 835 γὰρ
335 801 384 837 τὴν
399 802 533 838 ἐσομένην
553 802 598 829 διὰ
613 803 731 838 Χριστοῦ
754 805 899 841 λύτρωσιν,

106 845 156 870 καὶ
168 845 211 872 δτι
222 846 294 872 κατὰ
309 847 423 882 καιροὺς
437 849 583 884 ὲκπονήσει
596 848 722 882 θάνατος.
752 851 799 878 καὶ
813 852 900 888 ἀργή-

107 898 151 916 σει
164 890 195 916 τὸ
205 891 319 928 κέντρον
332 893 379 919 τοῦ
395 893 469 929 ᾅδου.
480 895 535 926 Καὶ
552 896 621 931 πρὸς
634 896 748 928 τούτοις,
759 897 800 925 ὅτι
812 906 900 932 παρα-

107 935 236 970 κλήσεως
261 939 310 964 καὶ
326 940 502 974 παραμυθίας
512 942 613 977 τρόπος
623 942 656 969 ἂν
666 945 751 970 νοοῖτο
762 943 901 976 παντελῶς

106 977 208 1012 οὐδεὶς,
222 982 253 1013 ὃς
267 983 318 1010 οὐκ
330 985 452 1021 ἐγνώσθη
466 986 533 1022 Θεῷ.
545 988 601 1014 Καὶ
614 988 645 1015 τὸ
659 989 728 1024 μετὰ
741 989 818 1016 τοῦτο
830 999 900 1025 συμ-

107 1025 304 1064 εουλ.εύειν.ἦν
329 1029 478 1062 ἀναγκαῖον
499 1032 534 1058 τὰ
558 1033 626 1068 προς
650 1033 788 1068 σωτηρίαν
809 1035 901 1066 αὐτοῖς

106 1071 238 1099 τελοῦντα
253 1073 347 1102 λοιπὸν
363 1077 471 1110 φρονεῖν
487 1085 516 1103 τε
532 1078 579 1104 καὶ
591 1078 722 1114 δρᾴν,καὶ
737 1080 818 1106 οἱονεὶ
832 1081 900 1115 πρὸς

106 1116 241 1152 ἀνάνηψιν
259 1119 437 1154 ἀνακομίζειν
458 1122 616 1156 ἐπείγεσθαι
635 1124 698 1156 τοὺς
724 1125 898 1160 μεμεθυσμέ-

106 1170 168 1193 νους
189 1162 242 1188 οὐκ
263 1164 293 1196 ἐξ
312 1164 384 1191 οἴνου
401 1166 494 1199 ποθὲν,
512 1168 544 1194 ἐκ
570 1168 725 1204 φιληδονίας
749 1170 778 1196 δὲ
799 1170 898 1205 μᾶλλον

106 1208 254 1242 κοσμικῆς,
266 1210 315 1236 καὶ
331 1210 378 1236 τοῦ
397 1213 576 1246 προσκεῖσθαι
592 1214 679 1248 φιλεῖν
693 1216 754 1247 ταῖς
772 1215 826 1242 τῶν
843 1216 899 1242 δαι-

106 1252 196 1286 μόνων
213 1253 344 1286 ἀπάταις.
359 1255 418 1282 ’Ίνα
433 1257 523 1284 τοίνυν
542 1259 579 1293 μὴ
594 1261 653 1291 ταῖς
663 1261 704 1292 εἰς
726 1261 898 1296 χρηστότητα

106 1298 152 1324 καὶ
179 1299 391 1335 φιλανθρωπίαν
421 1302 584 1337 ὑποσχέσεσι
618 1305 686 1340 πρὸς
717 1305 748 1332 τὸ
776 1306 897 1342 ῥᾴθυμον

106 1343 299 1379 ὑπτιούμενοι,
325 1346 372 1373 τον
401 1348 577 1383 σωφρονίζειν
606 1350 695 1377 εἰδότα
728 1352 794 1387 παρ’
822 1353 897 1379 οὐδὲν

106 1391 222 1417 ποιοῖντο
236 1391 326 1426 λόγον,
344 1392 431 1429 ταύτῃ
444 1402 485 1420 τοι
506 1395 648 1431 χρησίμως
664 1397 732 1432 πρὸς
744 1398 897 1434 ὑπόμνησιν

105 1435 202 1468 αὐτοὺς
217 1437 272 1464 τῶν
284 1438 382 1465 δεινῶν
395 1439 526 1475 ἀναφέρει
539 1441 631 1473 πάλιν,
645 1442 692 1468 καὶ
711 1443 896 1480 ἀναφανισθή-

105 1481 199 1508 σεσθαι
217 1483 269 1517 μὲν
284 1483 334 1518 τὴν
348 1484 508 1520 Σαμάρειαν
522 1486 619 1520 εἰπὼν,
637 1488 677 1514 ὅτι
695 1489 811 1525 ἀντέστη
828 1490 896 1525 πρὸς

956 264 1050 292 tuum,
1076 260 1139 295 quia
1165 261 1315 295 inﬁrmatur
1344 270 1371 290 es
1402 262 1430 289 in
1458 264 1642 299 iniquitatibus
1678 269 1741 294 mir.

957 305 1050 332 Tollite
1065 305 1196 333 uobiscum
1212 315 1353 340 sermones,
1377 314 1400 335 et
1424 311 1583 338 revertimini
1599 312 1635 339 ad
1651 312 1743 339 Domi-

956 359 1028 378 num.
1042 351 1126 378 Dicite
1142 351 1177 383 ei,
1195 357 1222 378 ut
1237 360 1288 379 non
1305 353 1405 380 tollatis
1429 355 1606 390 iniquitatem,
1625 361 1650 383 et
1665 365 1742 384 auu-

955 397 1032 424 matis
1050 397 1128 428 bona,
1149 402 1173 424 et
1196 398 1335 424 reddamus
1352 398 1467 431 fructum
1488 399 1618 427 [abimum
1638 405 1742 428 nostra-

955 449 1023 469 rum.
1048 441 1134 469 Assur
1161 450 1212 469 non
1239 442 1349 469 saluabit
1375 451 1432 476 nos,
1462 452 1540 478 super
1566 453 1668 480 equum.
1688 454 1740 473 non

954 487 1132 520 accendemus,
1150 495 1202 514 non
1221 488 1333 521 amplius
1349 488 1463 516 dicemus
1475 496 1483 515 :
1497 490 1542 517 Dii
1565 492 1663 523 nostri,
1677 499 1739 526 ope-

954 531 1027 559 ribus
1043 540 1169 560 manuum
1180 537 1342 561 nostrarum.

988 619 1101 647 CLVlli.
1128 619 1216 648 Etiam
1237 620 1265 648 in
1293 621 1337 649 bis
1356 621 1496 656 prophetae
1519 623 1663 651 artiﬁcium
1683 631 1740 652 ser-

952 666 1095 700 monisque
1109 667 1290 694 oeconomiam
1313 674 1366 694 non
1379 666 1476 695 leviter
1488 668 1617 695 admirari
1632 675 1716 702 queas
1732 680 1737 696 :

951 718 1026 744 nam,
1043 715 1072 737 ut
1087 714 1210 738 sanctum
1226 712 1349 745 decebat,
1370 713 1452 739 verba
1475 713 1553 744 ﬁunt,
1578 717 1607 740 et
1624 721 1739 748 superna

951 757 1120 792 mystagogia
1141 763 1188 784 seu
1206 756 1329 784 doctrina
1357 757 1462 786 ccelesti
1486 758 1564 792 plena
1585 763 1660 786 sunt.
1674 758 1740 786 Pro-

951 801 1081 836 mulgavit
1095 801 1168 829 enim
1185 802 1303 829 futuram
1317 809 1367 837 per
1377 802 1519 830 Christum
1539 803 1738 836 liberationem,

951 851 979 874 et
1005 847 1070 874 olim
1097 847 1261 875 delassatum
1289 847 1321 875 iri
1351 852 1483 880 mortem,
1513 852 1542 876 et
1569 854 1739 876 cessaturum

951 892 1089 920 stimulum
1113 893 1225 921 inferni.
1253 891 1368 928 Insuper
1396 894 1499 921 nullum
1520 894 1693 922 demulcendi
1712 898 1741 922 et

951 938 1108 965 consolandi
1135 939 1244 966 modum
1266 946 1280 965 a
1299 946 1436 974 quoquam
1456 947 1537 974 posse
1551 939 1658 974 concipi
1678 946 1739 967 om-

950 983 1036 1016 nino,
1063 983 1109 1017 qui
1137 983 1221 1011 Deum
1246 984 1337 1012 lateat.
1368 985 1432 1012 l‘ost
1461 985 1512 1011 hoc
1543 991 1657 1012 necesse
1680 989 1740 1012 erat

949 1029 1074 1062 suadere,
1091 1033 1120 1056 ut
1133 1036 1193 1064 qua:
1209 1030 1321 1063 posthac
1333 1029 1366 1056 ad
1383 1036 1476 1057 eorum
1490 1029 1605 1057 salutem
1620 1029 1741 1063 pertine<

949 1078 1020 1106 rent,
1037 1081 1067 1100 ea
1085 1078 1113 1100 et
1133 1078 1382 1101 commentareutur
1396 1079 1426 1102 et
1440 1074 1580 1106 facerent;
1597 1079 1623 1102 et
1638 1082 1691 1102 non
1703 1082 1738 1102 ex

949 1119 1013 1146 vino
1038 1119 1173 1151 alicunde,
1196 1120 1244 1146 sed
1270 1127 1301 1146 ex
1321 1120 1471 1153 cupiditate
1488 1120 1579 1154 potius
1594 1120 1739 1147 mundanas

949 1164 1106 1198 voluptatis,
1128 1169 1155 1191 ct
1178 1172 1211 1191 ex
1228 1164 1432 1192 consectatione
1448 1165 1619 1193 fallaciarum
1636 1166 1737 1194 diaboli

949 1211 1109 1244 inebriatos,
1132 1211 1226 1238 conari
1251 1211 1325 1238 velut
1344 1211 1378 1238 ad
1401 1211 1577 1239 sobrietatem
1597 1211 1736 1240 reducere.

948 1259 987 1286 Ne
1001 1259 1092 1294 igitur,
1105 1259 1282 1293 benignitatis
1305 1262 1333 1286 et
1358 1259 1535 1286 humanitatis
1550 1258 1739 1294 promissioni-

948 1305 999 1332 bus
1027 1304 1124 1339 supine
1147 1304 1324 1339 negligentes,
1355 1305 1511 1332 sobrietatis
1533 1309 1562 1332 ot
1588 1304 1738 1339 prudentia

948 1350 1108 1385 magistrum
1140 1357 1294 1378 sermonem
1321 1350 1500 1385 despicerent,
1528 1349 1563 1377 ob
1586 1349 1613 1376 id
1636 1356 1683 1377 eos
1703 1349 1737 1376 ad

947 1396 1105 1423 memoriam
1122 1396 1282 1424 acerborum
1295 1397 1382 1424 denuo
1397 1400 1514 1424 revocat.
1529 1395 1563 1423 Et
1579 1403 1640 1423 cum
1650 1395 1736 1423 dixis-

946 1445 988 1469 set
1003 1441 1182 1476 disperditum
1198 1441 1232 1468 iri
1249 1441 1414 1474 Samariam,
1432 1441 1495 1475 quia
1513 1441 1661 1469 restitisset
1681 1440 1737 1468 Deo

948 1494 1007 1520 suo,
1033 1495 1096 1515 mox
1120 1486 1180 1515 istis
1203 1487 1248 1514 Illa
1274 1487 1424 1522 subiungit,
1448 1494 1509 1520 quae
1537 1486 1571 1514 ad
1594 1486 1736 1514 audientes

104 1527 146 1554 τὸν
160 1527 228 1555 Θεὸν
245 1528 350 1564 αὐτῆς,
367 1527 427 1558 εἶτα
442 1531 547 1564 τούτοις
569 1533 661 1560 ἐκεῖνα
685 1535 859 1570 προστιθεὶς,
877 1537 895 1564 ἃ

947 1533 1138 1568 pcrterrendos
1164 1533 1419 1567 contristandosque
1447 1532 1524 1567 191
1550 1532 1640 1559 valere
1669 1531 1736 1559 satis

105 1573 135 1609 δὴ
156 1574 279 1608 μάλιστά
301 1582 335 1609 γε
358 1577 593 1609 καταδεδίττεσθαί
614 1588 644 1606 τε
666 1581 714 1607 καὶ
735 1582 814 1618 ἀνιᾷν
845 1583 896 1610 οὐκ

105 1619 241 1651 ἀνικάνως
255 1620 353 1655 ἔχοντα
370 1623 495 1656 φαίνεται
512 1624 575 1656 τοὺς
588 1625 791 1661 ἀκροωμένους.
801 1628 895 1663 Νήπια

105 1665 152 1699 μὲν
166 1665 223 1700 γὰρ
237 1666 468 1703 ὲδαφισθήσεσθαί
483 1677 566 1705 φησι·
582 1671 778 1698 συνδιολείσοαι
796 1672 824 1699 δὲ
838 1674 896 1705 τοῖς

103 1711 234 1748 ὲμὸρύοις
247 1713 296 1740 καὶ
314 1714 398 1746 αὑτὰς
413 1715 462 1747 τὰς
481 1716 612 1751 μητέρας,
626 1716 703 1744 οὔπω
715 1718 764 1753 τῆς
782 1719 896 1752 λαγόνος

103 1756 301 1792 ὲξενεγκούσας
324 1761 365 1791 είς
381 1761 439 1794 φῶς
461 1762 491 1788 τὸ
513 1762 693 1791 πολύτευκτον
710 1763 800 1796 ἄνθος.
826 1766 895 1800 Προ-

104 1805 298 1839 καταπτοήσας
323 1805 356 1841 δὴ
379 1803 425 1833 οὖν
447 1808 503 1839 τοῖς
529 1808 690 1844 δείγμασιν,
717 1809 763 1837 ἐπὶ
796 1811 893 1847 καιροῦ

103 1848 194 1877 λοιπὸν
205 1851 267 1880 ταῖς
274 1849 329 1877 τῶν
341 1853 562 1888 νοοθετοομὲνων
571 1855 696 1889 καρδίαις
706 1855 752 1883 τὸν
761 1856 894 1884 καλοῦντα

104 1896 170 1931 πρὸς
181 1897 356 1931 μετάγνωσιν
373 1898 460 1934 ἐνίησι
474 1899 562 1933 λόγον,
573 1901 614 1927 ὅτι
624 1901 677 1937 χρὴ
690 1902 893 1938 παλινδρομεῖν,

104 1940 149 1966 καὶ
165 1940 237 1976 πρὸς
252 1941 319 1968 Θεὸν
334 1943 482 1978 ἐπανήκειν
501 1942 531 1970 εὗ
555 1944 627 1980 μάλα
642 1947 826 1981 παραφωνῶν.
843 1948 893 1974 Λέ-

103 1993 156 2018 γων
169 1986 211 2018 δὲ,
233 1987 275 2015 ὅτι
295 1996 305 2013 ι
316 1987 485 2023 Ἦσθένησας
501 1989 529 2016 ὲν
545 1991 605 2022 ταῖς
618 1991 737 2023 ἀδικίαις
750 2001 809 2025 σου,
825 2002 835 2019 t
852 1993 893 2019 δί-

104 2031 166 2058 δωσι
179 2033 264 2064 νοεῖν,
284 2033 326 2059 ὅτι
347 2033 435 2069 πάντη
451 2043 481 2061 τε
501 2035 547 2062 καί
563 2036 672 2068 πάντως
693 2038 893 2074 συγκαταλήξει

105 2079 160 2109 ταῖς
175 2078 297 2110 ἀδικίαις
316 2080 363 2106 καὶ
383 2079 413 2105 τὸ
432 2080 556 2108 ἀσθενεῖν
570 2081 679 2114 αὐτοὺς,
698 2084 745 2110 καὶ
768 2084 825 2115 τοῖς
843 2083 892 2118 τῆς

105 2123 272 2154 ἀποστασίας
286 2124 416 2158 τρόποις,
431 2125 455 2151 εί
472 2125 505 2152 ἐκ
521 2126 605 2160 μέσου
619 2127 748 2160 γένοιντο,
765 2129 888 2164 συνοιχή-

105 2177 178 2195 σεται
201 2169 250 2196 καὶ
270 2169 303 2196 τὰ
319 2170 404 2197 δεινά.
425 2170 476 2197 Τὸν
492 2171 520 2198 δέ
537 2180 569 2206 γε
591 2172 642 2207 τῆς
658 2172 726 2207 πρὸς
746 2173 812 2199 Θεὸν
830 2175 892 2199 επι-

946 1579 1082 1607 videntur.
1118 1579 1239 1606 Infantes
1264 1579 1364 1614 quippe
1391 1578 1541 1605 allidendos
1566 1581 1679 1610 narrat,
1708 1581 1736 1605 et

946 1629 1048 1652 matres
1066 1624 1138 1659 ipsas
1150 1625 1298 1659 perituras.
1315 1624 1488 1658 optatissime
1504 1622 1571 1651 ﬂore
1587 1623 1706 1650 nondum
1719 1629 1735 1650 e

946 1669 1097 1697 visceribus
1131 1669 1158 1696 in
1188 1668 1277 1696 lucem
1311 1669 1394 1696 edito.
1422 1667 1523 1702 lnjecto
1550 1667 1632 1702 igitur
1657 1667 1735 1702 prius

945 1722 1057 1749 pavore,
1081 1715 1115 1743 de
1133 1720 1231 1742 catero
1247 1720 1400 1741 sermonem
1423 1713 1458 1741 ad
1480 1713 1667 1748 pcenilentiam
1687 1720 1735 1740 co-

946 1760 1098 1788 hortantem
1110 1760 1238 1788 cordibus
1252 1766 1346 1786 eorum
1360 1765 1429 1793 quos
1441 1758 1570 1786 admonet
1580 1760 1734 1792 opportune

944 1805 1076 1838 immittit,
1103 1811 1245 1833 recurrere
1266 1807 1294 1832 et
1321 1803 1356 1831 ad
1380 1803 1464 1832 Deum
1486 1803 1585 1831 reverti
1608 1807 1734 1838 oportere

945 1850 1121 1878 meritissimo
1135 1849 1301 1878 acclamans.
1318 1850 1384 1876 Cum
1400 1855 1481 1883 porro
1494 1847 1572 1880 dicit,
1586 1848 1648 1882 quia
1663 1856 1673 1872 ι
1687 1847 1732 1875 ln-

945 1896 1068 1924 lirmatus
1082 1901 1112 1923 es
1137 1895 1165 1923 in
1194 1894 1384 1929 iniquitatibus
1405 1894 1477 1926 tuis,
1491 1902 1501 1920 ι
1529 1892 1732 1928 intelligendum

944 1941 1063 1976 subiicit,
1080 1940 1244 1968 omnimodis
1263 1940 1450 1968 inﬁrmitatem
1466 1939 1586 1974 ipsorum
1599 1946 1653 1966 una
1670 1945 1733 1967 cum

944 1986 1133 2022 iniquitatibus
1146 1986 1309 2019 desiturum;
1325 1989 1362 2018 et.
1377 1986 1400 2012 si
1413 1984 1556 2018 apostasia.
1569 1984 1732 2019 multiplices

943 2041 959 2060 e
974 2031 1063 2060 medio
1083 2034 1282 2063 rem0veantur,
1306 2037 1350 2058 res
1370 2031 1499 2058 adversas
1516 2036 1624 2065 quoque
1648 2030 1729 2057 simul

944 2079 1074 2106 abituras.
1091 2076 1200 2104 Modum
1221 2081 1310 2104 autem
1328 2075 1493 2104 roversionis
1507 2075 1541 2103 ad
1555 2075 1639 2102 Deum
1655 2075 1731 2102 laevi-

944 2128 1008 2159 gat:
1023 2123 1060 2150 ait
1081 2123 1152 2150 enim
1166 2122 1279 2157 pulchre
1298 2123 1442 2150 admodum
1459 2126 1617 2156 peccatores
1634 2121 1733 2149 melius

945 2169 1096 2201 habituros,
1124 2175 1308 2202 sensurosque
1332 2167 1416 2195 Deum
1435 2167 1595 2202 propitium,
1619 2174 1675 2195 non
1698 2167 1734 2195 do

106 2214 222 2249 στροφῆς
233 2214 418 2242 καταλειαίνει
433 2216 540 2250 τρόπον.
555 2217 685 2243 Ἔσεσθαι
699 2218 753 2253 γὰρ
770 2218 798 2244 ὲν
813 2218 893 2253 ἀμει-

947 2214 1048 2242 divitiis
1061 2213 1217 2246 oii'creutes,
1230 2220 1284 2240 non
1301 2219 1398 2240 aurum
1411 2211 1580 2245 dedicantes,
1594 2219 1648 2240 nou
1660 2212 1729 2239 vasis

105 2267 169 2290 νοσι,
190 2260 238 2286 καὶ
250 2260 280 2287 ἐν
293 2261 381 2294 φειδοῖ
400 2262 433 2296 τῇ
452 2261 527 2296 παρὰ
541 2261 600 2297 Θεῷ
615 2263 678 2292 τοὺς
696 2263 892 2298 ἡμαρτηκότας

105 2302 131 2331 εὖ
148 2305 222 2340 μάλα
238 2306 336 2340 φησὶν,
351 2306 380 2333 οὺ
399 2307 433 2333 τὰ
458 2307 490 2334 ἐκ
507 2307 622 2335 πλούτου
641 2309 840 2344 προσάγοντας,
859 2309 890 2335 οὐ

105 2351 201 2385 χρυσὸν
212 2351 374 2383 ἀναθέντας,
393 2353 423 2379 οὑ
439 2353 566 2379 σκεύεσιν
579 2354 708 2389 ἀργυροῖς
720 2355 803 2389 τιμᾷν
816 2355 887 2390 ᾑρη-

106 2396 212 2430 μένους,
229 2397 259 2423 οὺ
276 2397 444 2432 βουθυσίαις,
467 2400 498 2425 οὺ
528 2399 621 2434 μήλων
643 2401 759 2434 σφαγαῖς
776 2401 890 2435 εὐφραι-

106 2450 206 2474 νοντας,
233 2443 292 2469 ἀλλ’
317 2444 341 2469 el
366 2444 523 2478 χαρίσαιντο
546 2445 653 2479 λόγους,
679 2445 726 2471 καὶ
749 2446 890 2480 εὐστομεῖν

107 2488 203 2514 ἕλοιντο
234 2489 281 2516 τὸν
307 2490 361 2516 τῶν
386 2490 454 2517 ὅλων
481 2490 614 2526 δεσπότην
643 2491 888 2526 ἐκμειλισσόμενοι.

109 2541 118 2558 ι
132 2533 236 2560 Λάϐετε
258 2534 314 2568 γὰρ
329 2534 388 2568 μεθ’
403 2535 507 2564 ἑαυτῶν
523 2535 628 2570 λόγους,
650 2536 744 2562 εἴπατε
766 2535 804 2570 τῷ
818 2535 888 2570 Θεῷ,

107 2579 174 2610 ὅπως
191 2578 229 2614 μὴ
245 2579 346 2614 λάϐητε
359 2579 476 2612 ἀδικίαν,
489 2581 536 2608 καὶ
553 2580 654 2615 λάϐητε
670 2580 771 2614 ἀγαθὰ,
787 2589 797 2606 ›
813 2589 891 2607 τουτ-

107 2623 186 2656 έστιν,
209 2624 254 2650 ἵνα
280 2624 318 2659 μὴ
335 2626 395 2656 ταῖς
415 2625 531 2657 ἀδικίαις
556 2625 707 2661 ἰσομέτρως
729 2624 891 2659 κολάζησθε,

108 2669 311 2704 καταπλουτῆτε
339 2669 367 2696 δὲ
383 2671 493 2705 μᾶλλον,
517 2672 577 2702 ταῖς
602 2671 657 2698 τῶν
680 2671 790 2705 ἀγαθῶν
811 2679 893 2706 χορη-

107 2716 184 2749 γίαις,
208 2715 409 2750 ἐπαγγείλασθε
433 2717 462 2742 δὲ
478 2717 673 2752 προσκομίζειν
693 2717 766 2752 αὐτῷ
783 2718 818 2744 τὰ
837 2718 891 2743 ἀπὸ

108 2761 228 2795 χειλέων,
260 2761 457 2796 χαριστηρίους
489 2762 577 2796 ᾠδὰς,
606 2762 652 2788 καὶ
683 2761 888 2797 ἐξομολόγησιν.

108 2805 229 2840 Thbas-qq
242 2807 297 2841 γὰρ
315 2806 347 2832 τὰ
361 2807 448 2834 τοιάδε
470 2808 580 2842 καρποί.
606 2807 678 2842 Πλὴν
695 2808 783 2834 ὲκείνο
796 2807 886 2842 βοᾶτε,

108 2851 178 2887 ensi,
197 2852 244 2878 καὶ
266 2853 407 2887 ἀραρότως
424 2854 632 2886 ἐπαγγέλλεσθε,
657 2854 694 2886 ὡς
707 2853 768 2880 οὒτε
788 2855 884 2889 ἐρεῖτε·
900 2865 903 2867 ·

943 2259 1082 2294 argenteis
1102 2258 1177 2286 illum
1200 2257 1336 2285 bonorare
1361 2257 1546 2290 instituentes,
1569 2263 1623 2284 non
1647 2257 1729 2285 boum

942 2308 1095 2340 sacriﬁciis,
1120 2314 1173 2334 non
1201 2306 1292 2334 ovium
1319 2305 1528 2333 mactationibus
1544 2304 1733 2336 laetificantes;

941 2354 989 2382 sed
1006 2354 1028 2381 si
1044 2353 1204 2380 donaverint
1221 2353 1248 2380 oi
1269 2359 1420 2383 sermones.
1435 2355 1463 2378 et
1477 2350 1602 2377 laudibus
1617 2350 1728 2376 univer-

941 2406 1033 2427 sorum
1063 2398 1205 2426 Dominum
1235 2397 1361 2432 mitigare
1385 2395 1565 2424 decreverint.
1599 2394 1736 2422 «Sumite»

943 2445 1081 2472 vobiscum
1103 2451 1264 2477 sermones,
1295 2443 1396 2477 inquit,
1423 2441 1506 2469 dicite
1533 2441 1589 2468 Deo
1615 2445 1645 2468 ut
1675 2447 1727 2467 nou

944 2490 1044 2518 tollatis
1064 2489 1243 2524 iniquitatem,
1268 2492 1296 2515 et
1314 2487 1455 2521 accipiatis
1477 2486 1560 2517 boua,
1575 2494 1585 2511 ι
1608 2485 1660 2512 hoc
1675 2488 1735 2515 est,

943 2543 978 2564 ne
1002 2535 1122 2571 :eq’uales
1146 2534 1337 2569 iniquitatibus
1364 2539 1460 2567 pinnas
1481 2530 1654 2562 sustineatis;
1680 2529 1731 2558 sed

942 2587 1036 2610 contra
1050 2582 1183 2609 bonorum
1201 2580 1345 2614 adeptione
1361 2578 1459 2606 divites
1473 2576 1605 2604 evadatis.
1620 2575 1735 2603 Oblatus.

941 2635 986 2655 ros
998 2631 1087 2654 autem
1105 2627 1138 2654 de
1152 2625 1232 2653 labiis
1247 2625 1345 2652 vestris
1357 2624 1462 2652 cantica
1480 2622 1627 2658 gratiarum
1650 2625 1729 2648 acto-.

940 2673 990 2704 ria,
1009 2677 1037 2699 et
1051 2671 1249 2700 confessionem
1264 2669 1423 2706 promittite.
1444 2668 1477 2696 Hi
1493 2667 1566 2695 enim
1587 2671 1652 2694 sunt
1670 2666 1727 2693 fru-

938 2723 998 2746 ctus
1014 2718 1122 2753 linguze.
1146 2716 1338 2744 Verumtamen
1354 2715 1419 2742 illud
1437 2714 1562 2746 clamate,
1585 2712 1682 2746 inquit,
1700 2717 1733 2739 et

940 2768 1123 2797 congruenter
1133 2762 1275 2798 spondete.
1289 2769 1343 2789 non
1358 2760 1473 2795 amplius
1487 2760 1569 2788 etiam
1585 2759 1726 2787 dicturos:-

945 2809 1011 2836 tDii
1044 2809 1285 2847 uostri,operibus
1316 2814 1442 2835 manuum
1476 2809 1663 2834 vestrarum.»
1693 2804 1733 2835 lli,

942 2855 1014 2882 enim
1039 2858 1116 2882 crant
1145 2854 1217 2882 modi
1245 2853 1403 2889 apostasia;
1426 2855 1536 2889 propter
1559 2849 1617 2880 bzcc
1641 2848 1732 2879 Deum,
