1919 3042
188 177 241 206 3‘23

682 175 712 204 S.
731 174 871 204 CYRILLI
891 173 1124 203 ALEXANDRINI
1143 173 1304 203 ARCHIEP.

1765 172 1823 200 3‘20

189 232 450 268 utilenderunt,.quia
465 234 493 260 et
509 230 588 259 idolis
605 235 775 266 set-nerunt,
790 236 819 261 et
834 232 889 260 Deo
902 238 975 260 sem-

1034 231 1105 258 ian‘t
1115 231 1193 267 ἡμῶν
1203 231 1260 262 τοῖς
1270 229 1361 266 ἔργοις
1371 227 1426 256 τῶν
1437 228 1536 264 χειρῶν
1549 227 1637 264 ὑμῶν.
1645 224 1752 254 »ἾΙσαν
1764 228 1822 262 γάρ

189 286 240 314 per
265 279 402 307 ululare
425 284 474 305 suo
500 280 676 312 contempto,
706 284 782 312 spem
813 277 839 305 in
865 277 975 306 auxiliis

191 325 318 352 humanis
334 326 528 358 reposuerunt;
551 326 580 351 et
593 323 811 358 oppugnantibus
828 330 877 352 eos
889 323 975 359 Egy-

191 372 254 407 ptiis
278 370 418 405 Assyrium
435 368 632 404 implorarunt,
648 369 764 404 [rursum
780 369 901 405 Assyriis
923 369 976 397 Sa-

191 416 305 443 mariam
330 415 416 442 armis
438 414 643 450 appetentibus,
666 414 855 450 Egyptiorum
869 415 974 449 equites
988 413 997 419 “

189 461 357 496 sagittarios,
372 460 432 488 sive
451 460 586 496 equestris
610 459 714 487 militiae
733 466 833 495 gnaros
852 460 977 487 mercede

189 505 390 533 conduxerunt.
410 505 518 539 Idcirco
533 509 562 533 et
580 512 595 532 a
612 504 668 532 Deo
693 509 786 540 aperte
808 504 952 532 audierunt
968 512 975 531 :

193 560 203 577 t
219 549 265 577 Vae
279 549 326 584 qui
343 549 508 578 descenditis
519 550 546 578 in
564 549 712 585 Egyptum
726 549 759 577 ad
775 549 916 589 auxilium,
931 547 976 583 qui

191 595 331 623 conﬁdunt
347 595 374 623 itt
396 595 474 630 equis
496 599 524 623 et
546 595 574 623 in
589 595 758 623 curribus".
779 604 789 621 ι
808 594 977 622 Ridebantur

191 646 290 674 porro,
318 645 370 667 nec
398 639 516 674 injuria,
541 644 694 674 quaerentes
719 639 915 674 protectionem
942 638 977 666 ab

191 684 302 713 homine
323 684 463 720 Egyptio,
484 691 538 712 non
563 692 578 712 a
597 684 721 717 Domino,
739 693 748 710 ι
762 691 893 718 equorum
913 691 977 711 car-

191 737 241 757 nes
251 730 286 762 ¹⁶,
303 739 313 756 ι
332 734 363 757 ιιι
379 730 510 765 scriptum
535 734 588 758 est.
608 729 677 764 Ergo
700 729 873 764 pollicentur.
895 736 925 757 se
944 727 978 757 ab

191 775 325 803 idolorum
343 775 416 802 cultu
431 775 608 807 discessuros,
625 782 674 802 nec
690 774 759 801 ultra
776 774 803 801 in
824 775 979 802 hominibus

191 827 267 855 spent
307 819 457 847 habituros.
493 819 652 847 Emendatio
683 819 736 847 ista
764 823 978 854 perpetratorum

190 865 351 892 delictorum
364 865 554 893 universorum
565 864 688 900 opiﬁcem
702 864 735 891 ad
750 864 889 891 lenitatem
902 871 980 892 revo-

1025 275 1098 305 οὗτοι
1118 277 1168 312 τῆς
1192 275 1362 308 ἀποστασίας
1385 276 1410 302 oi
1430 275 1535 310 τρόποι.
1556 274 1606 301 Διὰ
1624 273 1714 301 ταῦτα
1733 281 1821 309 προσ‹

1025 323 1220 359 κεκρούκασιν,
1244 322 1286 349 ὅτι
1309 321 1357 349 καὶ
1377 319 1591 357 λελατρεύκασιν
1618 319 1751 350 εἰδώλοις,
1771 319 1822 345 καὶ

1025 370 1072 397 τὸν
1094 369 1138 396 ἀεὶ
1152 368 1273 400 σώζοντα
1293 366 1360 393 Θεὸν
1377 366 1572 401 ἀτιμάσαντες,
1591 365 1652 396 ταῖς
1669 363 1701 396 ἐξ
1716 363 1821 398 ἀνθρώ-

1026 423 1086 441 πων
1109 413 1281 448 ἐπικουρίαις
1309 411 1548 448 προσνενεμήκασι
1563 410 1612 446 τὴν
1634 409 1740 436 ἐλπίδα.
1761 408 1821 435 Καὶ

1027 457 1218 494 πολεμούντων
1228 458 1277 493 μὲν
1290 458 1382 489 αὐτοῖς
1391 455 1445 483 τῶν
1454 455 1623 490 Αἰγυπτίων,
1633 453 1820 481 ἐπεκαλοῦντο

1026 505 1072 531 τὸν
1094 503 1245 539 ¹Δσσύριον.
1272 501 1421 538 Ἀσσυρίων
1436 501 1466 528 δέ
1489 500 1570 529 πάλιν
1592 500 1662 527 ὅπλα
1681 499 1754 527 κατὰ
1767 499 1819 534 τῆς

1027 549 1184 585 Σαμαρείας
1210 548 1355 584 ῂρμένων,
1377 546 1590 582 κατεμισθοῦντο
1611 547 1736 582 χρήμασι
1754 544 1820 576 τοὺς

1027 595 1082 622 τῶν
1097 595 1254 629 Αίγυπτίων
1269 593 1456 626 ἱπποτοξότας,
1477 592 1562 628 ήγουν
1575 592 1605 618 ἐν
1618 592 1674 623 τοῖς
1687 590 1820 625 πολέμοις

1030 640 1147 676 ἱππικῆς
1175 639 1372 674 ἐπιστήμονας.
1388 638 1481 677 Ταύτῃ
1500 647 1542 665 τοι
1564 637 1611 664 καὶ
1633 637 1732 673 ἢκουον
1749 635 1820 663 Θεοῦ

1027 685 1153 720 λέγοντος
1180 684 1313 719 ἐναργῶς·
1337 693 1346 709 t
1369 684 1437 710 οὐαὶ
1450 684 1475 709 οἱ
1491 682 1701 713 καταϐαίνοντες
1715 682 1756 712 είς
1770 680 1819 707 Δῖ-

1028 739 1131 765 γυπτον
1146 729 1193 756 ἐπὶΙ
1222 729 1358 765 βοήθειαν,
1372 730 1397 755 οἱ
1413 729 1456 764 ἐφ’
1471 729 1565 760 ῐπποις
1580 727 1751 759 πεποιθότες,
1770 726 1822 753 καὶ

1028 776 1072 811 ἐφ’
1098 776 1229 811 ἅρμασιν.
1247 784 1256 801 ι
1282 775 1431 809 Ἐγελῶντο
1452 775 1501 808 δὲ,
1529 775 1578 801 καὶ
1601 773 1673 812 μάλα
1696 772 1820 805 δικαίως,

1029 820 1220 857 προασπιστὴν
1235 820 1373 847 ποιεῖσθαι
1391 819 1589 851 σπουδάζοντες
1602 818 1753 852 Αίγύπτιον
1777 817 1822 843 ἀν-

1029 866 1149 902 θρωπον,
1172 865 1219 892 καὶ
1244 865 1274 891 οὒ
1297 864 1376 897 Θεὸν,
1403 873 1412 889 t
1428 864 1521 890 ἵππων
1538 863 1653 899 σάρκας,
1670 871 1679 888 ι
1703 861 1774 889 κατὰ
1790 859 1823 887 τὸ

192 914 237 938 cat
257 917 306 944 per
324 909 403 945 192
424 909 582 944 prophetam
611 910 648 937 ita
671 909 848 944 loquentem:
866 918 877 936 ι
893 908 978 936 Aver-

1034 911 1232 946 γεγραμμένον.
1248 909 1354 937 οὐκοῦν
1368 909 1519 945 ἀποφοιτᾷν
1543 908 1757 943 ἐπαγγέλλονται
1773 906 1822 933 καὶ

192 955 270 983 sione
294 955 449 983 avertimini
471 955 505 983 ab
530 955 719 990 iniquitatibus
748 955 862 988 vestris,
882 956 978 983 domus

1034 956 1078 983 τοῦ
1091 955 1233 992 λατρεύειν
1245 955 1376 987 εἰδώλοις,
1393 955 1441 982 καὶ
1458 954 1506 981 τοῦ
1527 954 1577 986 τὰς
1593 953 1703 985 ἐλπίδας
1717 952 1760 978 ἐπ’
1776 952 1823 977 ἀν-

192 1000 285 1033 lsracl.
304 1005 331 1028 et
351 1008 405 1028 non
419 1004 501 1028 erunt
520 999 597 1029 vobis
617 1001 643 1028 in
664 1007 771 1035 pmnam
788 1001 949 1036 iniquitatis.
965 1009 974 1026 ι

1034 1001 1152 1037 θρώποις
1171 1000 1243 1036 ἐχειν
1258 1000 1310 1028 ἐτι.
1329 999 1531 1035 Ἐπανόρθωσις
1552 999 1582 1026 δέ
1603 998 1672 1034 αὕτη
1695 997 1751 1024 τῶν
1770 996 1821 1032 ἤδη

191 1045 446 1081 προεπταισμένων,
461 1046 582 1073 καλοῦσα
613 1046 682 1082 πρὸς
713 1047 871 1082 ήμερότητα
890 1047 937 1074 τὸν
969 1047 1025 1074 τῶν
1041 1048 1110 1074 ὅλων
1133 1047 1317 1083 δημιουργὸν,
1343 1046 1390 1073 τὸν
1415 1046 1459 1073 διὰ
1491 1045 1583 1080 φωνῆς
1613 1044 1753 1079 προφήτου
1778 1042 1825 1070 H-

191 1097 290 1124 γοντα·
307 1099 318 1117 t
330 1090 503 1127 ’Δποστροφῇ
520 1091 712 1127 ἀποστρέψατε
733 1092 788 1119 ἀπὺ
807 1092 861 1119 τῶν
881 1091 1002 1127 ἀνομιῶν
1022 1091 1110 1127 ὑμῶν,
1125 1090 1200 1124 οἶκος
1219 1092 1267 1118 τοῦ
1288 1091 1407 1127 Ἰσραὴλ,
1425 1091 1472 1118 καὶ
1503 1091 1554 1117 οὐκ
1566 1090 1680 1125 ,ἔσονται
1698 1089 1764 1124 ὑμῖν
1781 1088 1823 1119 εις

190 1137 303 1164 κόλασιν
318 1137 436 1170 ἀδικίας.
459 1147 469 1165 ι

228 1183 281 1216 Qui
295 1184 324 1210 in
339 1188 364 1211 te
374 1188 425 1217 est,
438 1183 604 1212 miserebitur
622 1184 743 1220 orphani.

193 1231 196 1233 '
227 1228 318 1257 CLIX.
338 1228 483 1264 Propheta:
497 1236 550 1257 vox
564 1231 597 1258 ad
611 1229 823 1265 resipiscendum
838 1230 985 1258 adhortan-

194 1275 242 1308 tis,
261 1279 290 1303 et
309 1274 449 1303 lenitatem
470 1274 577 1304 Domini
594 1275 771 1312 publicantis,
789 1279 818 1303 et
834 1275 985 1303 cunctatio-

195 1327 258 1349 nem
282 1319 399 1349 volentis
418 1320 583 1356 resipiscere
602 1322 786 1357 praecideutis.
809 1321 849 1350 Ne
863 1321 985 1354 dubites;

196 1368 290 1400 Israel,
305 1368 403 1403 inquit,
421 1372 447 1396 te
467 1372 558 1404 optata
576 1373 799 1401 consecuturum,
822 1369 845 1396 si
871 1373 897 1396 te
909 1369 983 1404 prius

196 1413 230 1442 ad
240 1413 427 1448 pmnitentiam
450 1413 567 1442 dederis.
587 1413 638 1448 Qui
653 1414 725 1442 enim
741 1414 768 1441 in
789 1419 816 1441 te
835 1418 886 1446 est,
900 1413 985 1442 mise-

197 1459 263 1492 reri,
290 1463 318 1487 et
338 1459 463 1487 miserari
488 1459 604 1494 pupillos
629 1459 714 1487 novit.
750 1459 797 1488 Sic
823 1463 852 1487 et
877 1459 983 1487 divinus

199 1504 283 1532 David
299 1515 305 1533 :
322 1513 332 1531 t
347 1504 483 1540 Pupillum
502 1509 530 1533 et
542 1505 649 1533 viduam
665 1504 794 1540 suscipiet
805 1505 838 1538 ",
857 1514 867 1532 ›
881 1512 915 1532 ex
929 1512 983 1532 una

198 1557 239 1583 re,
254 1550 362 1585 opinor,
378 1550 438 1579 sive
457 1558 491 1578 ex
507 1551 630 1586 personis
651 1551 768 1578 maxime
783 1550 984 1578 miserabilibus

199 1593 310 1628 divinae,
335 1598 363 1622 et
379 1594 575 1629 inexplicabilis
595 1599 698 1622 naturae
722 1594 915 1630 benignitatem
939 1595 985 1623 de-

201 1643 365 1667 monstrans.
402 1639 442 1668 Ac
468 1639 491 1668 si
513 1640 574 1675 quis
598 1639 670 1668 volet
691 1640 820 1675 pupillum
848 1645 876 1668 et
896 1640 984 1675 ipsum

198 1683 326 1711 Israelem
338 1683 470 1712 nominari
482 1684 686 1720 (propemodum
700 1686 770 1713 enim
783 1684 889 1713 Patrem
899 1685 983 1713 Deum

200 1729 302 1763 amisit,
330 1729 438 1758 tametsi
466 1730 510 1759 ille
533 1731 648 1760 dilucide
675 1732 786 1759 dixitzt
800 1732 885 1760 Filius
909 1739 985 1760 meus

199 1774 394 1810 primogenitus
408 1774 492 1803 Israel
503 1776 681 1811 "t),dixerim
697 1784 748 1812 ego
765 1777 846 1805 etiam
860 1778 900 1805 sic
912 1782 985 1806 recte

200 1818 324 1854 intelligi.
350 1819 436 1854 Igitur
460 1819 568 1848 Domini
596 1821 786 1850 universorum
810 1822 930 1850 bonitate
957 1826 985 1850 et

200 1863 330 1891 facilitate
361 1864 396 1892 ad
423 1864 594 1892 clementiam
623 1865 750 1899 conﬁsos,
781 1866 985 1901 promptissime

199 1909 387 1943 pwnitentiam
421 1910 585 1945 complecti,
620 1915 648 1938 et
681 1912 917 1942 emendationibus
954 1911 983 1939 in

200 1954 298 1983 melius
321 1955 483 1985 delictorum
506 1957 707 1992 pmwritorum
742 1958 862 1985 maculas
891 1957 985 1986 eluere

199 2005 316 2037 oportet.

1073 1184 1101 1210 '0
1113 1184 1148 1211 ἐν
1159 1183 1219 1216 σοι,
1235 1183 1356 1219 ἐλεήσει
1371 1183 1515 1218 ὀρφανόν.

1067 1229 1154 1256 PNU’.
1183 1230 1236 1256 Τοῦ
1268 1230 1408 1265 προφήτου
1441 1228 1536 1264 φωνὴ,
1557 1228 1760 1267 προτρέποντος
1784 1230 1825 1263 είς

1033 1274 1217 1309 μετάγνωσιν,
1235 1274 1282 1301 καὶ
1295 1273 1343 1300 τοῦ
1356 1274 1487 1302 δεσπότου
1501 1276 1551 1311 τὴν
1566 1276 1740 1312 γαληνότητα
1758 1276 1825 1302 καθ-

1034 1320 1156 1352 ιστάντος
1170 1319 1286 1356 ἐναργῆ,
1303 1319 1351 1347 καὶ
1371 1319 1418 1350 τὸν
1436 1322 1514 1349 δκνον
1534 1321 1757 1356 ύποτεμνομένου
1776 1321 1825 1348 τοῦ

1037 1367 1252 1402 μεταγινώσκειν
1268 1368 1416 1399 ἐθέλοντος.
1431 1367 1477 1402 Μὴ
1490 1367 1545 1403 γὰρ
1559 1366 1711 1402 ἐνδοιάσῃς,
1729 1367 1824 1403 φησὶν,

1030 1408 1059 1439 ὦ
1076 1412 1195 1448 Ἰσραὴλ,
1209 1413 1250 1439 ὃτι
1264 1412 1345 1448 τεύξῃ
1359 1413 1413 1439 τῶν
1426 1413 1486 1440 κατ’
1496 1413 1578 1448 εὐχὴν
1591 1413 1615 1439 εί
1629 1411 1825 1448 προνομίσειας

1034 1457 1083 1493 τὴν
1096 1458 1274 1493 μετάγνωσιν.
1294 1458 1323 1485 '0
1339 1458 1394 1493 γάρ
1409 1460 1438 1485 ἐν
1453 1458 1494 1485 σοὶ
1508 1458 1574 1489 Θεὸς
1589 1458 1674 1484 ἐλεεῖν
1687 1455 1755 1489 οἶδε,
1779 1458 1826 1485 καὶ

1034 1504 1231 1539 κατοικτείρειν
1249 1504 1395 1539 ὀρφανούς.
1419 1503 1497 1531 Οὕτω
1513 1503 1565 1531 ποῦ
1586 1513 1652 1539 φησι
1678 1504 1726 1530 καὶ
1746 1504 1761 1530 ό
1780 1503 1826 1530 θε-

1036 1550 1146 1582 σπέσιος
1159 1550 1255 1577 Δασίδ·
1275 1560 1283 1576 t
1301 1550 1435 1585 Ὀρφανὸν
1450 1551 1497 1577 καὶ
1511 1550 1600 1586 χήραν
1614 1550 1795 1585 ἀναλήψεται,
1813 1558 1824 1575 ι

1035 1595 1064 1629 ἐξ
1079 1595 1148 1628 ἐνὸς,
1161 1594 1249 1631 οἶμαι,
1262 1596 1436 1632 πράγματος,
1450 1596 1534 1631 ἤγουν
1550 1596 1583 1622 ἐκ
1603 1595 1760 1630 προσώπων
1771 1595 1825 1622 τῶν

1034 1641 1075 1668 ὅτι
1097 1640 1213 1676 μάλιστα
1238 1640 1423 1668 κατελεεῖσθαι
1448 1641 1612 1675 πεφυκότων
1636 1641 1687 1675 τῆς
1703 1640 1779 1672 Θείας
1795 1649 1826 1667 το

1035 1685 1083 1712 καὶ
1105 1686 1261 1721 ἀπορρήτου
1284 1685 1392 1720 φύσεως
1416 1685 1594 1717 καταδεικνὺς
1615 1685 1646 1712 τὺ
1668 1685 1825 1720 φιλάνθρω-

1035 1739 1096 1758 πον.
1114 1731 1146 1758 El
1158 1731 1187 1758 δέ
1201 1731 1322 1766 βούλοιτό
1335 1740 1378 1763 τις
1391 1731 1442 1766 τῆς
1456 1731 1589 1766 ὀρφανίας
1603 1730 1635 1757 τὸ
1651 1731 1759 1766 χρῆμα,
1777 1731 1826 1757 καὶ

1034 1776 1109 1812 αὐτῷ
1123 1777 1310 1812 καταγράφειν
1320 1777 1360 1812 τῷ
1372 1777 1492 1812 Ἰσραὴλ,
1506 1776 1644 1804 ἀπώλισθε
1657 1776 1712 1812 γάρ
1726 1785 1824 1811 μονον-

1034 1823 1094 1858 ουχὶ
1118 1823 1225 1858 Πατρδς
1248 1822 1296 1849 τοῦ
1321 1822 1401 1855 Θεοῦ,
1432 1823 1520 1850 καίτοι
1541 1823 1668 1857 λέγοντος
1689 1824 1825 1860 ἐναργῶς,

1038 1878 1048 1895 ί
1064 1868 1130 1900 Υίὸς
1150 1868 1321 1904 πρωτότοκός
1346 1877 1398 1903 μου
1418 1868 1553 1904 Ἰσραὴλ,›
1581 1868 1664 1904 φαίην
1683 1869 1717 1896 ἂν
1736 1869 1826 1903 ἔγωγε

1035 1914 1082 1941 καὶ
1101 1913 1164 1949 τῇδε
1187 1915 1257 1940 νοεῖν
1270 1913 1368 1949 ὀρθῶς.
1382 1914 1427 1940 Δεῖ
1440 1913 1472 1949 δὴ
1487 1911 1533 1940 οὖν
1547 1913 1602 1949 ἄρα
1617 1913 1826 1949 τεθαρρηκότας

1034 1959 1073 1991 ὡς
1089 1958 1190 1993 ἀγαθός
1202 1958 1234 1985 τέ
1248 1959 1317 1991 ἐστι,
1331 1959 1378 1985 καὶ
1396 1959 1541 1994 πρόχειρος
1554 1960 1594 1990 εις
1619 1958 1825 1994 φιλανθρωπίαν

1034 2006 1049 2032 ὁ
1061 2005 1115 2031 τῶν
1131 2004 1200 2032 ὅλων
1217 2004 1361 2039 δεσπότης,
1375 2003 1526 2031 ἀοκνότατα
1543 2003 1752 2039 μετανοεῖν,›ιαῖ¹
1764 2005 1825 2035 ταῖς

1034 2049 1075 2081 είς
1098 2049 1130 2075 τὸ
1152 2049 1264 2084 ἄμεινον
1288 2048 1510 2084 ἐπανορθώσεσι,
1538 2048 1588 2081 τὰς
1609 2047 1664 2075 τῶν
1683 2048 1736 2084 ήδη
1758 2057 1826 2084 προ-

1034 2095 1225 2130 επταισμένων
1241 2094 1370 2121 ἀπολύειν
1384 2094 1483 2125 αἰτίας.

235 2135 319 2165 Vsns.
335 2136 363 2164 5.
378 2135 487 2164 Sanabo
505 2136 676 2165 habitationes
691 2145 791 2170 eorum,
812 2137 921 2172 diligant
939 2146 983 2166 eos

1077 2139 1205 2174 Ἰἀσομαι
1229 2139 1282 2172 τὰς
1305 2139 1458 2171 κατοικίας
1473 2138 1582 2171 αὐτῶν,
1604 2138 1752 2174 ἀγαπήσω
1768 2139 1823 2166 αὑ-

201 2182 350 2218 manifeste,
365 2183 429 2217 quia
446 2182 530 2210 averti
546 2183 614 2209 iram
629 2190 714 2209 meam
730 2182 762 2209 ab
776 2183 822 2210 eis.

235 2272 316 2302 CLX.
338 2272 411 2306 Mox,
427 2276 456 2300 et
469 2273 546 2307 quasi
565 2280 580 2300 a
594 2272 698 2301 foribus
716 2273 781 2308 ipsis
795 2280 811 2300 a
828 2274 882 2301 Deo
897 2281 986 2302 sermo

204 2318 353 2351 inducitur,
373 2318 550 2353 promittente
571 2322 686 2354 aegrotos
700 2323 857 2346 sanaturum
880 2323 908 2346 et
925 2326 984 2346 ma-

204 2365 304 2393 nifeste
317 2364 489 2396 dilecturum,
504 2363 555 2392 hoc
575 2367 626 2398 est,
642 2363 785 2391 manifeste
803 2367 831 2391 et
845 2364 932 2399 palam
952 2364 986 2392 de

206 2413 307 2438 caetero
328 2408 512 2444 indulgentiae,
543 2412 571 2437 et
594 2409 746 2441 charitatis,
767 2413 794 2437 et
818 2409 907 2437 omnis
924 2409 988 2437 boni

207 2456 403 2484 incrementum
427 2454 597 2489 largiturum.
623 2454 705 2482 Docet
725 2455 834 2490 insuper
857 2462 888 2483 se
905 2455 988 2482 etiam

205 2501 337 2528 adversus
351 2499 424 2533 ipsos
436 2499 606 2534 deposuisse,
622 2504 650 2528 et
668 2507 684 2527 ει
700 2500 782 2528 charo
797 2500 850 2528 sibi
865 2501 990 2528 humani-

207 2551 263 2574 tate
279 2553 333 2574 non
349 2545 543 2574 discessurum.
570 2545 680 2574 Videtur
696 2545 785 2574 autem
807 2547 938 2582 propheta
961 2546 986 2574 in

207 2591 251 2619 liis
265 2597 319 2619 non
333 2589 420 2618 solum
435 2591 593 2619 meminisse
607 2592 792 2620 conversionis
813 2598 847 2619 ex
859 2591 989 2626 sanguine

207 2636 293 2666 Israel
316 2640 519 2672 prognatorum,
539 2637 587 2666 sed
604 2637 724 2672 gentium
749 2645 858 2672 quoque
871 2637 990 2664 vocatioo

208 2691 270 2712 nem
284 2682 444 2711 admiscere.
486 2683 620 2717 Quoniam
632 2691 685 2712 non
700 2691 796 2712 omnes
809 2683 854 2718 qui
867 2690 900 2710 ex
909 2683 990 2710 Israel

209 2732 283 2763 sunt,
299 2728 327 2756 hi
344 2733 407 2756 sunt
425 2728 595 2758 Israelita".
613 2729 782 2764 Repulantur
799 2734 889 2756 autem
902 2729 991 2763 potius

209 2773 269 2808 lilii,
284 2773 330 2809 qui
346 2779 483 2803 sectantur
497 2774 611 2810 vestigia
632 2774 693 2802 ﬁdei
715 2774 741 2802 in
755 2774 886 2809 praeputio
908 2775 991 2808 patris

246 2861 268 2880 ⁸⁸
283 2861 333 2891 Isa.
354 2870 429 2898 mu,
450 2864 473 2891 I.
515 2863 535 2879 “
549 2862 616 2891 Ibid.
633 2863 659 2889 5.
699 2863 719 2879 ¹⁷
736 2862 806 2890 Psal.
825 2870 902 2895 cur,
924 2862 949 2889 9.

991 2863 1011 2878 "
1027 2862 1109 2889 Exod.
1127 2869 1162 2893 ιν,
1177 2861 1220 2889 22.

1036 2185 1107 2219 τοὺς
1121 2186 1288 2220 ὁμολόγως,
1307 2185 1352 2212 ὅτι
1365 2185 1560 2220 ἀπέστρεψεν
1579 2185 1637 2220 τὴν
1652 2186 1748 2221 ὀργήν
1763 2195 1825 2221 μου

1035 2231 1086 2258 ἀπ’
1100 2231 1210 2258 αὐτῶν.

1071 2276 1130 2303 ΡΞ¹.
1150 2276 1362 2312 Είσκεκόμισται
1381 2276 1481 2311 γείτων
1501 2275 1594 2308 εὐθὺς,
1618 2277 1698 2311 μόνον
1711 2276 1740 2304 δὲ
1763 2276 1826 2312 ούχὶ

1036 2321 1085 2348 καὶ
1106 2321 1254 2358 ἀγχίθυρος
1273 2323 1288 2348 ό
1313 2322 1390 2358 παρὰ
1404 2321 1473 2349 Θεοῦ
1495 2322 1584 2356 λόγος,
1602 2322 1695 2349 ἰᾶσθαί
1713 2331 1743 2348 τε
1761 2322 1826 2354 τοὺς

1036 2367 1221 2402 ἠσθενηκότας
1236 2368 1462 2403 ὑπισχνουμένου,
1477 2368 1524 2394 καὶ
1544 2367 1683 2402 ὁμολόγως
1702 2368 1825 2403 ἀγαπᾷν,

1035 2412 1184 2445 τουτέστιν,
1199 2412 1423 2448 ὁμολογουμένως
1447 2413 1494 2440 καὶ
1508 2412 1654 2449 ἀκρύπτως
1666 2413 1716 2448 ήδη
1732 2413 1827 2440 λοιπὸν

1035 2457 1200 2493 ἐνεργοῦντα
1228 2459 1263 2485 τὰ
1285 2459 1318 2485 ἐκ
1339 2458 1448 2493 φειδοῦς
1470 2459 1517 2485 καὶ
1541 2459 1652 2494 ἀγάπης
1671 2459 1826 2494 φαίνεσθαι,

1037 2501 1085 2529 καὶ
1106 2502 1155 2538 τὴν
1182 2503 1284 2534 παντὸς
1307 2503 1428 2530 ἐπίδοσιν
1451 2502 1566 2538 ἀγαθοῦ.
1594 2503 1674 2537 Δηλοῖ
1699 2503 1727 2529 δὲ
1757 2504 1826 2538 πρὸς

1037 2547 1152 2580 τούτοις,
1166 2548 1208 2575 ὅτι
1220 2548 1267 2575 καὶ
1282 2549 1332 2584 τῆς
1343 2549 1383 2580 είς
1396 2548 1495 2580 αὐτοὺς
1510 2547 1660 2584 κατέληξεν
1675 2548 1828 2584 όργῆς,καὶ

1037 2593 1089 2627 τῆς
1105 2593 1180 2629 αὺτῷ
1204 2593 1322 2629 φιλητῆς
1345 2594 1396 2621 οὐκ
1416 2594 1590 2630 ἀποδημήσει
1607 2585 1824 2629 φιλανθρωπίας.

1040 2639 1133 2666 Ἔοικε
1152 2639 1181 2666 δέ
1200 2639 1281 2666 πάλιν
1296 2639 1311 2665 ὁ
1330 2639 1409 2673 λόγος
1424 2640 1491 2674 ἡμῖν
1510 2640 1539 2666 ἐν
1553 2639 1668 2670 τούτοις,
1686 2639 1716 2665 οὑ
1742 2634 1826 2674 μόνης

1037 2683 1239 2718 διαμεμνῆσθαι
1263 2685 1312 2719 τῆς
1342 2683 1396 2710 τῶν
1420 2683 1450 2715 ἐξ
1475 2684 1592 2719 αἵματος
1622 2683 1732 2719 Ἰσραὴλ
1766 2684 1825 2709 ἐπι-

1040 2729 1178 2764 στροιρῆς,
1199 2729 1416 2764 συνεισκομίζειν
1441 2729 1470 2756 δὲ
1496 2729 1597 2764 μᾶλλον
1625 2729 1673 2756 καὶ
1694 2729 1745 2766 τὴν
1771 2728 1826 2756 τῶν

1039 2773 1123 2801 ἐθνῶν
1146 2774 1258 2809 κλῆσιν·
1280 2775 1321 2802 ὅτι
1349 2775 1386 2810 μὴ
1410 2774 1510 2807 πάντες
1531 2775 1556 2801 οἱ
1579 2774 1608 2807 ἐξ
1625 2774 1734 2810 Ίίιραὴλ
1752 2771 1826 2802 οὗτοι

1263 2862 1283 2877 ¹⁹
1298 2861 1374 2889 llom.
1394 2870 1431 2894 IX,
1447 2863 1474 2888 6.
