1919 3042
52 126 98 158 nl

55 229 264 262 ἀκολουθοῦντες
286 231 344 262 τοῖς
370 229 456 265 ῐχνεσι
480 230 529 266 τῆς
550 231 581 257 ἐν
609 230 778 266 ἀκροὸυοτίᾳ
802 230 846 257 πί·

56 283 133 306 στεως
157 273 208 300 τοῦ
244 273 350 309 πατρὸς
375 274 455 309 ὴμῶν
482 273 617 309 Ἀϐραάμ.
643 273 748 301 Οὐκοῦν
780 282 845 301 συν-

56 321 210 356 εισφέρεται
232 320 282 347 καὶ
295 321 313 355 η
329 320 383 347 τῶν
405 319 489 347 ἐθνῶν
508 320 614 355 κλῆσις,
630 320 678 347 καὶ
695 320 764 355 πρὸς
778 319 845 346 Θεὸν

56 367 188 398 οἰκείωσις
209 368 240 394 ὲν
262 366 392 402 Χριστῷ,
413 366 459 394 διὰ
482 366 601 399 πίστεως
624 367 672 394 καὶ
695 365 843 402 ἁγιασμοῦ.

519 120 794 155 COMMENTARIUS
812 123 845 153 IN
865 119 980 153 OSEAII
999 120 1222 154 PROPIIETAM.

61 183 178 220 Ἰσραήλ·
203 183 434 219 καταλογίζονται
459 184 488 211 δὲ
515 185 617 221 μᾶλλον
640 186 680 217 είς
705 185 791 212 τέκνα
817 186 843 212 ot
857 186 982 217 Anostri
1004 186 1188 214 Abraham".

1627 127 1680 156 3’2!

1244 185 1314 222 Ergo
1339 185 1420 214 simul
1434 188 1473 214 “et
1493 187 1601 216 vocatio
1614 195 1681 223 geu~

898 232 975 265 tium,
989 237 1017 259 et
1038 233 1195 267 conjunctio
1210 241 1272 261 cum
1289 233 1343 261 Deo
1362 233 1389 261 in
1412 233 1521 262 Christo
1537 241 1586 269 per
1601 233 1682 261 ﬁdem

896 283 924 304 et
940 277 1182 305 sanctiﬁcationem
1201 278 1347 306 inducitur.
1372 279 1485 314 Insuper
1503 279 1685 315 spiritualium

899 322 1080 358 suppeditatio
1093 328 1120 351 et
1142 324 1236 358 gratim
1256 325 1344 360 copia,
1364 326 1423 361 ejus
1435 325 1561 354 videlicet
1579 332 1639 361 qua:
1655 325 1683 352 iu

897 367 1008 396 Christo
1019 373 1070 401 est,
1088 369 1265 405 signiﬁcatur.

56 390 304 449 Κατασημαίνεταῖ
313 414 341 440 δὲ
354 390 428 449 Et»;
449 413 535 449 τούτῳ
556 390 604 441 καλ
620 414 637 450 ἡ
668 390 727 441 τῶν
738 390 931 450 πνειῦματικῶν
946 390 1073 452 χορηγίαί
1112 390 1160 444 ξιαὶ
1178 390 1369 454 τῆςηιὲάριτος
1389 390 1419 446 τό
1449 418 1614 455 ἀμφιλαφές.
1630 419 1684 455 Δῆ-

56 460 95 487 λον
109 460 138 486 δὲ
152 461 194 487 ὅτι
207 461 258 496 τῆς
277 461 305 488 ἐν
322 460 445 496 Χριστῷ.

89 509 216 543 Ἔσομαι
228 508 273 542 ὡς
285 509 395 543 δρόσος
407 507 447 541 τῷ
467 508 596 542 Ἰσραήλ.

88 553 205 584 Πάντως
218 561 270 579 που
280 553 505 586 καταπιαίνουσα,
519 554 566 580 καὶ
584 553 788 589 καταρδεύουσα
801 553 846 580 τὸν

56 598 114 626 νοῦν
129 598 187 625 τῶν
214 599 392 634 κεκλημένων
415 599 456 630 εἰς
473 599 655 634 μετάγνωσιν,
680 601 714 636 τῇ
743 599 847 627 ἄνωθεν

57 644 240 679 παρακλήσει.
266 644 350 680 Δῆλον
373 644 401 671 δὲ
425 645 519 681 ὅτιτῇ
547 645 725 681 Πνεύματοςο
744 645 848 673 ἄνωθεν

56 690 107 725 γὰρ
123 691 140 725 ἡ
160 690 268 726 696604-

94 736 238 770 Ἀνθήσει
252 737 294 770 ὡς
308 737 421 771 κρίνον.

94 782 236 815 Ἔκδώσει,
265 783 383 818 clo-gotum
409 782 508 814 εὑῶδες
533 783 563 810 ὲν
583 782 705 818 Χριστῷ,
729 782 778 809 καὶ
797 782 847 818 τῆς

934 507 1015 535 Vens.
1036 508 1063 536 6.
1085 508 1138 536 Ero
1151 509 1227 543 quasi
1241 517 1282 536 ros
1299 509 1394 537 Israel.

935 554 1013 589 193
1026 554 1114 582 CLXI.
1138 553 1306 583 Omnimodis
1331 559 1448 583 mentem
1473 561 1627 584 vocatorum
1649 558 1682 583 ad

897 600 1083 635 pmnitentiam
1099 607 1217 635 superna
1233 601 1418 629 consolatione
1432 602 1633 636 pingueiaciens
1657 609 1685 629 et

897 645 1023 679 irrigans,
1050 647 1142 681 utique
1165 653 1213 681 per
1235 646 1376 681 Spiritum,
1404 654 1449 675 ros
1476 647 1549 675 enim
1573 648 1686 684 desuper

899 689 983 716 cadit.

936 734 1055 763 Florebit
1072 741 1099 763 ut
1116 736 1211 764 lilium.

935 780 1037 808 CLXII.
1055 780 1171 816 Elllabit,
1193 782 1289 817 inquit,
1310 783 1337 810 in
1361 782 1470 810 Christo
1493 790 1603 811 suavem
1621 783 1688 811 odo-

58 827 172 862 εὔαγοῦς
183 827 323 860 πολιτείας
333 828 382 863 τὴν
396 828 536 864 εὐοσμίαν,
549 828 597 855 καὶ
606 828 755 856 ἀπόλεκτον
768 828 849 860 ἄνθος

909 832 968 858 em,
979 831 1006 853 et
1016 832 1117 854 sanctae
1137 827 1352 856 conversationis
1369 828 1554 864 ﬂagrantiam,
1582 833 1609 857 et
1632 829 1687 856 ele-

58 874 132 900 ἐσται
151 873 258 901 λοιπόν.

89 920 147 946 Καὶ
164 919 261 952 ,ϐαλεῖ
281 919 336 952 τὰς
356 919 439 953 ῥίζας
466 920 559 948 αὐτοῦ
575 920 616 954 ὡς
631 920 774 954 Λίϐανος,
797 927 851 948 πο-

56 965 216 999 ρεύσονται
231 967 260 992 οι
271 965 379 992 κλάδοι
391 974 460 993 σου.

91 1010 152 1037 Ὅτι
177 1009 217 1046 μὴ
239 1010 452 1042 concedamne;
470 1010 526 1038 τῶν
548 1011 730 1038 πιστευόντων
747 1011 762 1037 ὁ
777 1010 849 1045 νοῦς,

57 1055 115 1082 οὐδὲ
128 1053 185 1082 οἷον
202 1056 313 1092 ἕτοιμος
324 1057 365 1088 είς
375 1056 406 1082 τὸ
414 1056 542 1084 νικᾶσθαι
558 1057 695 1093 πνεύμασι
710 1058 849 1093 πονηροῖς,

58 1104 98 1131 διὰ
118 1105 215 1131 τούτου
233 1102 318 1140 δηλοῖ.
340 1102 438 1128 Ἔσται
455 1103 509 1138 γὰρ
530 1103 617 1135 οὕτως
640 1103 779 1138 ἀσφαλὴς,
802 1103 850 1130 καὶ

58 1150 262 1186 ἐρηρεισμένος,
287 1150 414 1186 καθάπερ
428 1148 524 1185 ἀμέλει
548 1149 595 1175 καὶ
620 1148 651 1175 τὺ
669 1148 717 1176 τοῦ
733 1149 850 1176 Λιϐάνου

59 1197 146 1230 φυτὸν,
165 1196 182 1222 ὃ
192 1196 305 1232 καθίησι
319 1197 368 1231 μὲν
383 1198 422 1228 είς
439 1196 519 1232 βάθος
536 1195 604 1223 πολὺ
621 1195 672 1231 τὴν
685 1194 763 1231 ῥίζαν
773 1204 780 1211 ⁸
794 1196 851 1227 τοῖς

58 1249 87 1275 τε
100 1242 152 1277 μὴν
167 1241 273 1269 ἄνωθεν
289 1241 405 1274 κλάδοις,
424 1242 454 1268 οὐ
469 1241 587 1277 μετρίως
601 1240 756 1276 εὐρύνεται.
777 1240 851 1266 Σπα-

58 1287 180 1322 ταλώοης
199 1287 255 1323 γὰρ
273 1287 325 1322 τῆς
340 1287 428 1323 ῥίζης,
446 1286 527 1323 ἁδραί
543 1295 596 1314 που
610 1286 721 1319 πάντως
735 1285 789 1313 εἰσὶ
804 1285 852 1312 καὶ

57 1333 84 1359 αἱ
96 1333 149 1360 τῶν
163 1334 298 1369 ὀρπήκων
309 1333 440 1365 ἐκδόσεις.

90 1378 145 1405 Καὶ
161 1377 252 1405 ἐᾶται
265 1378 306 1411 ὡς
319 1378 408 1405 ἐλαία
420 1377 620 1412 κατάκαρπος.

97 1423 241 1459 ’Δειθαλὴς
255 1423 377 1459 δηλονότι
391 1423 437 1450 καὶ
452 1421 602 1458 εὕκαρπος,
616 1422 737 1450 τοιοῦτον
752 1422 807 1458 γὰρ
821 1421 851 1449 τὸ

59 1469 149 1504 ςοτόν.

91 1514 145 1543 Καὶ
160 1514 331 1549 ὅσφρανσις
347 1513 440 1542 αὐτοῦ
452 1514 493 1547 ὡς
501 1513 638 1541 λιϐάνου.

90 1560 283 1596 Εὑοσμότατον
300 1560 398 1595 κομιδῇ
417 1559 463 1586 τοῦ
483 1559 591 1587 λιϐάνου
603 1559 635 1586 τὸ
653 1559 756 1597 χρῆμα.
779 1560 850 1587 Ταύ-

60 1613 144 1642 τῃτοι
161 1606 212 1632 καὶ
231 1604 270 1637 ὼς
285 1604 357 1640 ἱερὸν
377 1604 417 1640 τῷ
443 1604 513 1640 Θεῷ,
527 1604 574 1631 καὶ
597 1605 612 1631 ὁ
637 1604 759 1637 Μωσέως
785 1605 851 1632 αὐτὸ

61 1650 312 1686 ητεχρησμῴδησε
327 1650 420 1686 νόμος.
441 1650 551 1686 Λιϐάνῳ
571 1650 626 1686 γὰρ
642 1650 697 1678 δεῖν
712 1651 852 1678 καταπάτ-

61 1696 153 1723 τεσθαι
186 1696 238 1731 τὴν
266 1695 477 1731 προσαγομένην
508 1695 648 1730 σεμίδαλιν
675 1696 715 1727 είς
745 1695 849 1729 θυσίαν,

60 1743 187 1770 omnium.)
201 1741 355 1777 πολλαχῶς.
372 1740 482 1776 Εὺὼδης
497 1732 544 1768 οὖν
560 1740 648 1772 ἔσται,
664 1741 757 1776 φησὶν,
769 1741 783 1767 ὁ
797 1741 852 1767 τῶν

62 1787 239 1823 κεκλημένων
251 1786 368 1822 καρπὸς,
381 1787 428 1814 καὶ
441 1785 642 1822 εὐπαράδεκτος
651 1786 691 1817 είς
704 1785 799 1814 θυσίαν
813 1786 853 1822 τῷ

62 1833 198 1868 φιλαρέτῳ
215 1832 287 1868 Θεῷ.

100 1878 350 1914 Ἐπιστρέψουσι,
370 1877 421 1905 καὶ
441 1877 614 1906 καθιοῦονται
627 1878 686 1906 ὑπὸ
702 1877 761 1913 τὴν
779 1877 852 1905 σκέ-

63 1933 123 1959 πην
135 1925 242 1952 αὑτοῦ.

95 1970 186 2004 PBQ".
214 1970 443 2003 Ἀποπαύσονται,
457 1970 535 2005 φησὶ,
550 1969 606 1997 τῶν
620 1970 742 2006 ἀρχαίων
765 1970 855 1997 αίτια-

65 2018 168 2052 μάτων,
182 2017 231 2043 καὶ
244 2017 470 2052 ὑπονοστήσουσιν
480 2016 614 2048 εὐσθενῶς
625 2017 664 2048 εἰς
673 2016 703 2043 τὺ
713 2017 854 2052 λατρεύειν

64 2062 121 2098 Θεῷ
138 2063 222 2095 ζῶντι
252 2063 300 2090 καὶ
314 2062 444 2098 ἀληθινῷ,
467 2063 514 2089 καὶ
532 2062 578 2089 ὑπ’
599 2062 673 2098 αὐτῷ
694 2063 854 2099 γενήσονται

65 2109 250 2144 μονοτρόπως,
271 2108 303 2135 οὐ
322 2108 388 2143 παρ’
412 2107 507 2142 ἐτέρου
526 2107 558 2133 τὸ
573 2107 708 2140 σώζεσθαι
724 2108 778 2134 ἀπὸ
800 2107 854 2134 τῶν

65 2155 178 2192 ἐχθρῶν,
192 2154 264 2182 ἀλλὰ
276 2154 341 2190 παρ’
354 2154 436 2181 αὐτοῦ
451 2154 653 2190 προσδοκῶντες
664 2154 756 2190 μόνου.
769 2154 854 2181 Τοῦτό

64 2211 103 2228 τοι
118 2202 264 2238 πληροῦσα
276 2200 366 2232 καλῶς
379 2202 396 2236 ἡ
413 2199 443 2233 ἐξ
454 2201 540 2228 ἐθνῶν
562 2201 720 2236 Ἐκκλησία,
731 2202 796 2238 περὶ
807 2202 854 2228 τοῦ

64 2249 171 2275 πάντων
181 2248 320 2283 Σωτῆρος,
331 2247 424 2282 φησὶν,
436 2247 465 2273 ἐν
472 2246 511 2282 τῷ
521 2247 641 2283 ᾌσματι
649 2247 702 2274 τῶν
713 2247 857 2284 ᾀσμάτων·

67 2303 76 2319 ι
91 2294 133 2320 Ἑν
144 2295 178 2329 τῇ
197 2293 262 2328 σκιᾷ
279 2292 361 2319 αὑτοῦ
376 2292 546 2328 ἐπεθύμησα,
559 2293 607 2320 καὶ⁸
620 2292 746 2320 ἐκάθισα.
762 2302 772 2319 ι
793 2293 857 2326 Τοῖς

63 2339 140 2366 τοῦτο
149 2339 220 2374 δρᾷν
232 2339 357 2366 εἰωθόσιν
376 2339 547 2373 ἐπιφωνείτω
563 2339 649 2373 λέγων
666 2339 713 2366 καὶ
726 2339 741 2366 ό
756 2339 856 2366 θεσπέ-

67 2394 120 2417 σιος
135 2385 235 2412 Δαϐίδ·
254 2393 264 2410 ι
276 2384 397 2420 Ἡμέρας
415 2385 429 2411 ό
442 2384 517 2420 ἥλιος
534 2384 563 2411 οὐ
578 2383 726 2418 συγκαύσει
743 2393 782 2418 σε,
796 2384 855 2411 οὐδὲ

66 2433 82 2467 ἡ
96 2431 190 2467 σελήνη
204 2431 256 2466 τὴν
268 2432 365 2458 νύκτα.
380 2441 389 2457 ι
407 2430 491 2457 Τοῦτο
506 2431 562 2462 τοῖς
580 2430 767 2467 ἀρχαιοτέροις
789 2431 854 2457 ἑπε-

67 2476 164 2503 τελεῖτο
187 2476 267 2513 παρὰ
288 2476 367 2508 Θεοῦ,
390 2476 504 2512 νεφέλης
526 2476 618 2508 αὐτοῖς
641 2476 855 2512 ὲπισκιαςούσης

67 2523 134 2550 κατὰ
150 2523 200 2559 τὴν
214 2522 331 2558 ἔρημον,
350 2522 398 2548 καὶ
416 2523 466 2557 τὴν
489 2522 603 2555 ἄνωθεν,
627 2523 674 2549 καὶ
694 2522 768 2558 παρὰ
787 2521 854 2549 Θεοῦ

68 2569 164 2605 σκηνὴν
182 2568 388 2603 ὑποφαινούσης
402 2568 527 2600 ἀστείως.
545 2567 581 2599 Εὖ
596 2569 624 2595 δὲ
641 2569 673 2604 δὴ
691 2569 790 2604 σφόδρα
809 2568 857 2595 καὶ

67 2613 96 2639 τὸ
123 2623 132 2639 ι
146 2613 340 2645 καθιοῦνται,ι
376 2613 470 2648 φησὶν,
496 2613 539 2639 ἵνα
563 2613 593 2640 τὸ
617 2613 731 2648 βεσηκὸς
758 2613 804 2640 καὶ
826 2612 857 2638 τὸ

69 2660 203 2694 ἱδρυμένον
222 2658 355 2694 ἀσφαλῶς
369 2659 419 2694 τῆς
439 2659 493 2686 τῶν
512 2659 731 2694 ἐπιστρεφόντων
746 2658 858 2694 γνώμης

67 2704 108 2731 διὰ
120 2705 212 2732 τούτου
227 2706 337 2741 νοῆται.

98 2805 118 2821 ’³
135 2806 212 2834 Rom.
234 2815 273 2836 iv.
291 2807 335 2834 12.
375 2807 395 2822 ²¹
414 2806 499 2835 Levit.
516 2814 545 2839 ιι,
558 2807 584 2833 l.
623 2807 644 2823 "
662 2807 672 2833 l
692 2805 789 2833 Thess.
810 2813 829 2838 ι,
846 2805 873 2834 9.
911 2805 934 2821 "
951 2804 1029 2833 Cant.
1046 2811 1077 2838 Il,
1093 2804 1119 2830 5.

69 2840 87 2857 "
99 2841 178 2870 Exod.
195 2851 241 2876 XL,
255 2842 302 2869 52.

900 876 961 900 ctus
976 871 1003 899 in
1019 871 1139 900 futurum
1153 872 1202 900 llos
1218 873 1281 901 erit.

934 917 969 944 Et
982 918 1068 945 mittet
1085 918 1186 946 radices
1207 926 1268 946 sua:
1286 919 1363 954 quasi
1382 919 1509 951 Libanus,
1529 919 1603 947 ibunt
1621 921 1687 946 rami

899 962 966 997 ejus.

935 1008 1048 1037 CLXIII.
1065 1009 1180 1038 Mentem
1192 1012 1357 1039 credentium
1373 1011 1417 1039 vix
1438 1018 1455 1039 a
1476 1018 1525 1039 suo
1545 1015 1616 1039 statu
1643 1011 1687 1038 di-

900 1055 1015 1088 moveri,
1028 1062 1115 1090 neqne
1128 1056 1200 1084 vinci
1214 1056 1291 1084 facile
1305 1064 1384 1092 posse
1402 1064 1418 1084 a
1440 1057 1563 1092 malignis
1585 1057 1687 1092 spiriti—

901 1100 952 1129 bus
964 1101 1007 1128 his
1022 1101 1111 1129 verbis
1128 1101 1240 1130 indicat.
1254 1103 1329 1130 Adeo
1343 1103 1477 1137 siquidem
1492 1107 1549 1130 tuta
1562 1107 1590 1131 ct
1608 1102 1686 1130 ﬁrma

901 1151 953 1180 est,
971 1151 1000 1174 ut
1014 1146 1094 1174 urbor
1114 1147 1241 1174 nimirum
1252 1147 1280 1175 in
1297 1153 1388 1175 monte
1398 1147 1512 1180 Libano,
1533 1155 1592 1183 quae
1607 1148 1688 1175 mittit

901 1191 1010 1226 quidem
1023 1191 1050 1218 in
1063 1190 1225 1227 profundum
1243 1192 1373 1225 radicem,
1392 1198 1509 1227 superne
1531 1197 1623 1221 autem
1645 1200 1689 1220 ra-

902 1237 954 1264 mis
965 1236 1053 1271 ample
1065 1236 1203 1264 dilatatur.
1218 1235 1293 1264 Actis
1306 1237 1378 1265 cutim
1390 1236 1443 1266 alte
1451 1236 1595 1273 radicibus,
1606 1237 1688 1266 etiam

902 1283 971 1311 rami
981 1282 1092 1311 omnino
1106 1282 1186 1311 latius
1199 1287 1391 1319 propagentur.

937 1383 1022 1411 Vens.
1037 1383 1065 1411 7.
1081 1383 1114 1410 Et
1127 1383 1176 1411 erit
1188 1383 1266 1418 quasi
1280 1381 1348 1409 oliva
1362 1381 1512 1417 fructifera.

937 1427 1052 1455 CLXIV.
1077 1426 1190 1462 Semper
1218 1427 1308 1454 virens
1334 1426 1459 1454 videlicet
1481 1430 1509 1454 et
1531 1425 1688 1460 fructifera;

903 1471 955 1499 tale
967 1475 1011 1499 est
1024 1471 1095 1499 enim
1107 1477 1191 1506 genus
1203 1471 1308 1498 arboris
1323 1470 1404 1499 oliva.

863 1497 884 1526 ο
906 1497 920 1498 ⁷⁷
936 1497 1269 1553 ὲίρξιιᾷὲελιιῖιιιιιιιὶὶε.

936 1561 1040 1590 CLXV.
1057 1561 1283 1590 Odoratissimum
1296 1565 1338 1589 est
1351 1561 1423 1589 thus.
1448 1561 1581 1595 Quocirca
1602 1561 1688 1597 ipsum

900 1613 929 1635 et
941 1608 1052 1636 oracula
1067 1608 1133 1644 legis
1157 1607 1283 1636 Mosaicae
1302 1605 1416 1635 Domino
1429 1611 1553 1635 sanctum
1568 1614 1627 1635 esse
1643 1614 1690 1635 vo-

901 1654 1019 1682 luerunt.
1036 1652 1228 1689 Saepenumero
1244 1654 1316 1682 enim
1328 1652 1493 1681 oﬂereudam
1506 1652 1562 1680 Deo
1573 1653 1688 1681 similam

901 1701 928 1728 in
944 1700 1120 1733 sacriﬁcium,
1136 1700 1213 1728 thure
1229 1706 1402 1735 conspersum
1415 1703 1564 1727 sanxerunt
1572 1698 1606 1725 ¹¹.
1619 1698 1691 1726 Odo-

903 1745 968 1774 ril'er
981 1750 1024 1774 est
1037 1746 1131 1781 igitur,
1150 1745 1249 1781 inquit,
1262 1750 1421 1773 vocatorum
1436 1745 1549 1777 fructus,
1569 1748 1598 1773 et
1611 1751 1690 1772 acce«

903 1791 1011 1827 ptabilis
1026 1791 1055 1819 in
1069 1790 1232 1819 sacriﬁcium
1248 1790 1312 1823 Deo,
1330 1790 1377 1825 qui
1394 1789 1521 1817 virtutem
1533 1788 1633 1823 diligit.

938 1882 1022 1910 Vens.
1041 1881 1068 1910 8.
1096 1880 1295 1914 Conseruntur,
1322 1884 1347 1907 et
1372 1879 1498 1907 sedebant
1522 1878 1570 1906 sub
1598 1879 1690 1906 umbra

903 1937 1053 2002 εμὲίιΧνί.
1067 1973 1161 2001 Finem
1175 1972 1325 2006 imponent,
1341 1970 1438 2006 inquit,
1453 1970 1570 2006 peccatis
1590 1969 1690 1998 veteri-

904 2021 964 2054 bus,
982 2024 1010 2047 et
1031 2026 1093 2046 cum
1112 2018 1188 2046 suavi
1204 2018 1287 2045 odore
1304 2017 1337 2044 ad
1355 2017 1438 2044 Deum
1468 2017 1557 2044 vivum
1582 2023 1692 2044 verum-

904 2073 956 2102 que
967 2065 1108 2094 culendum
1133 2065 1156 2080 “
1176 2062 1372 2099 regredientur,
1394 2062 1487 2097 illique
1508 2062 1692 2089 tantummodo

905 2111 1094 2147 subjicientur,
1107 2117 1160 2137 non
1177 2110 1212 2137 ab
1223 2109 1287 2142 alio,
1304 2109 1351 2137 sed
1363 2108 1397 2136 ab
1414 2109 1460 2136 illo
1479 2107 1538 2136 solo
1555 2107 1693 2135 liberatio-

869 2169 892 2197 ι)
906 2165 967 2185 nem
985 2158 1019 2184 ab
1038 2156 1161 2185 hostibus
1182 2158 1383 2190 exspectantes.
1410 2154 1467 2182 Hoc
1490 2154 1622 2189 praeclare
1643 2154 1694 2182 im-

906 2203 984 2239 plens
1001 2202 1118 2231 collecta
1142 2209 1176 2229 ex
1202 2200 1328 2236 gentibus
1351 2200 1483 2234 Ecclesia,
1512 2200 1545 2228 de
1573 2200 1694 2228 omnium

906 2248 1048 2277 Salvatore
1059 2248 1087 2275 in
1102 2246 1214 2275 Cantico
1229 2245 1408 2278 canticorum,
1425 2245 1533 2280 inquit:
1552 2253 1562 2271 ι
1583 2244 1612 2272 In
1634 2252 1695 2273 um-

905 2295 955 2322 bra
973 2294 1043 2321 illius
1056 2292 1218 2325 desideravi,
1234 2295 1262 2319 et
1276 2291 1333 2319 sedi
1348 2290 1382 2317 ³³.
1399 2300 1409 2317 ι
1433 2290 1473 2318 Ita
1494 2290 1584 2318 facere
1607 2290 1695 2318 solitis

907 2340 1038 2369 acclamet
1053 2340 1148 2367 beatus
1160 2337 1246 2366 David
1261 2346 1269 2365 :
1288 2347 1297 2364 ι
1313 2337 1367 2365 Per
1381 2337 1451 2365 diem
1464 2336 1504 2365 sol
1516 2344 1570 2364 nou
1585 2341 1645 2364 uret
1657 2341 1693 2370 te,

908 2395 995 2422 neque
1006 2387 1068 2414 lum
1081 2393 1128 2421 per
1141 2389 1249 2413 noctem
1261 2384 1294 2412 “.
1313 2393 1323 2410 ι
1335 2383 1392 2411 Hoc
1402 2382 1595 2411 vetustioribus
1607 2389 1623 2409 a
1638 2381 1694 2410 Deo

907 2433 1108 2469 praestabatur,
1134 2430 1206 2459 nube
1235 2430 1297 2458 illos
1321 2437 1370 2465 per
1395 2429 1466 2457 diem
1493 2429 1520 2456 in
1548 2428 1695 2458 solitudine

907 2477 1087 2505 obumbrante
1099 2475 1134 2509 “,
1158 2480 1359 2509 supernumque
1387 2477 1414 2501 et
1428 2472 1549 2500 divinum
1567 2470 1694 2498 taberna-

908 2524 998 2551 culum
1011 2522 1129 2558 jucunde
1152 2521 1371 2548 submonstrante
1387 2519 1421 2547 ".
1445 2517 1530 2546 Recte
1548 2515 1694 2544 admodum

903 2572 1066 2604 praeterea,t
1085 2567 1226 2598 sedebant,
1247 2575 1257 2592 ι
1279 2565 1378 2600 inquit,
1403 2567 1431 2591 ut
1456 2563 1520 2591 hinc
1544 2561 1694 2590 constantia

905 2619 933 2642 et
953 2613 1090 2641 ﬁrmitudo
1108 2612 1254 2640 voluntatis
1275 2609 1490 2639 convertentium
1509 2615 1539 2637 sc
1560 2607 1694 2643 intelliga-

907 2664 960 2688 tur.

1158 2802 1182 2819 "
1195 2802 1270 2831 Psal.
1285 2810 1349 2837 cxx,
1365 2802 1392 2831 6.
1429 2801 1453 2818 “
1470 2799 1553 2829 Exod.
1573 2805 1634 2834 ml,
1646 2798 1695 2828 21.
