1919 3042
235 154 291 188 325

274 218 356 256 19‘.
366 216 468 246 CXVII.
489 215 590 247 Vivent,
602 221 626 242 ιι
645 215 843 241 inebriabuntur
857 215 1000 248 frumento.
1041 217 1065 243 Α

273 265 338 294 Haec
350 269 414 293 sunt
428 262 611 291 conversionis
631 265 659 288 ct
679 260 840 289 stabilitatis,
856 260 925 287 dona
947 266 1024 287 acce-

240 312 360 346 ptabilia.
375 309 409 336 Et
422 309 484 336 vita‘.
503 312 622 340 aeternas,
644 307 741 341 inquit,
765 305 909 341 participes
933 310 1023 337 erunt,

237 363 266 384 et
282 358 381 384 virtute
390 354 574 385 abundabunt,
590 352 735 387 spirituali,
753 353 875 387 inquam,
889 353 940 379 hoc
953 352 1025 378 enim

238 407 304 436 puto
315 400 384 428 velle
401 400 477 432 illud,
495 409 506 425 ο
526 399 734 427 iuebriabuntur
751 398 895 426 frumento.
916 407 926 424 ι
953 397 1026 424 Scri-

238 452 315 482 ptum
331 452 412 480 porro
438 449 536 477 exstat,
564 453 574 470 ι
606 445 684 480 panis
711 451 760 473 cor
785 443 902 471 hominis
926 442 1027 470 conﬁr-

241 496 296 519 mat
312 492 346 519 π.
363 501 372 518 ι
387 491 507 526 Corpora
524 491 595 518 enim
619 490 830 526 congruentibus
856 489 1027 516 nutrimentis

238 538 370 574 gaudent;
386 538 505 565 animum
523 543 588 564 vero
606 536 724 564 hominis
736 535 842 563 divinus
858 538 884 562 et
909 533 1027 561 cmlestis

237 591 330 612 sermo
342 584 510 611 corroborat.
527 582 596 616 Quia
609 589 725 616 namque
746 587 779 608 ex
795 587 828 607 eo
849 580 884 607 ab
906 578 1028 607 imbecil-

240 628 316 656 litate
331 628 365 655 ad
379 628 462 655 robur
475 628 591 655 transire
604 630 696 663 queat,
713 633 747 653 ex
761 631 854 653 errore
866 624 899 652 ad
911 623 1029 658 agnitio-

240 682 304 702 nem
319 674 365 702 Dei
378 681 438 702 sese
452 677 622 706 convertens,
644 677 672 699 et
696 679 712 699 e
739 668 825 699 fo'veis
849 669 1029 705 lmprobitatis

241 719 331 747 valide
352 719 386 746 ad
406 719 532 746 virtutem
558 717 787 753 complectendam
813 715 951 748 exsiliens,
976 722 1029 742 non

242 769 286 793 est
301 773 350 793 cur
364 765 510 797 dubitetur,
534 763 750 800 quandoquidem
775 769 868 790 revera
888 761 1031 789 imbecilli-

243 810 308 838 tatis
320 809 398 845 culpa
411 813 463 841 est,
479 809 506 836 in
521 809 661 843 segnitiem
679 812 707 834 et
719 807 869 834 mundanas
879 805 1030 841 voluptates

243 856 349 890 prolabi
365 859 392 882 et
408 854 487 883 idolis
502 853 622 882 colendis
637 852 775 882 delectari.
801 852 957 886 Spiritualis
983 859 1031 878 au-

244 886 298 928 tem
313 900 417 928 roboris
429 900 534 934 insigne
549 899 655 926 facinus
669 897 843 933 perspicitur,
860 897 987 924 alacriter
996 896 1030 924 ad
1046 886 1068 914 Β

243 949 314 976 bona
328 947 466 982 operanda
480 947 647 979 incumbere,
659 949 834 980 statuereque
844 944 956 980 insuper
963 944 1030 972 cha-

243 991 325 1018 ritato
338 998 402 1025 erga
420 990 504 1018 Deum
522 989 589 1018 nihil
611 997 671 1018 esse
697 990 878 1024 praestantius,
907 996 940 1017 ac
963 990 1031 1017 citra

244 1037 359 1072 lapsum,
377 1041 405 1064 et
418 1043 482 1064 cum
499 1036 582 1064 animi
597 1035 770 1064 contentione
787 1035 857 1063 viam
872 1042 905 1063 eo
930 1035 1031 1063 ducen—

245 1088 299 1112 tem
311 1082 461 1111 ambulare.

280 1171 315 1200 Et
340 1172 443 1208 [latcbit
470 1172 547 1208 quasi
571 1172 647 1200 uinea
673 1170 825 1199 memoriale
852 1170 918 1204 ejus,
955 1171 1032 1205 quasi

243 1219 332 1246 vinum
346 1219 444 1246 thuris.

279 1264 420 1293 CLXVIII.
434 1262 482 1292 'Ait
497 1264 596 1292 alicubi
613 1265 683 1292 Deus
696 1263 728 1292 ad
741 1263 894 1292 Judaorum
907 1268 1031 1297 matrem,

244 1309 296 1337 hoc
309 1314 362 1342 est,
378 1309 547 1346 Synagogam
565 1317 573 1337 :
595 1318 604 1335 ι
619 1309 675 1344 Εεο
692 1314 782 1338 autem
805 1309 922 1344 plantavi
942 1313 969 1337 te
994 1309 1033 1336 vi-

246 1363 324 1384 neam
338 1355 519 1390 Iructiferam,
537 1363 646 1384 omnem
668 1363 760 1383 veram
779 1355 812 1382 ‘°.
831 1364 840 1381 ι
861 1355 953 1383 Psallit
967 1363 1034 1390 quo‘

245 1407 298 1435 que
310 1402 343 1428 de
359 1407 392 1428 ea
409 1401 486 1428 nobis
502 1400 608 1428 divinus
625 1401 710 1428 David
726 1409 734 1428 :
753 1409 764 1426 ι
792 1400 904 1428 Vineam
927 1402 960 1428 de
981 1401 1033 1428 1E-

245 1445 535 1482 gypto‘transtulisti;
571 1445 673 1480 cjecisti
705 1450 815 1481 gentos,
852 1451 880 1474 et
907 1448 1033 1481 plantasti

245 1499 305 1518 eam
325 1491 360 1518 ¹⁹.
378 1499 387 1516 ι
404 1491 497 1525 Itaque
518 1491 597 1519 vinea
617 1491 729 1525 pulchre
756 1491 911 1526 palmitibus
937 1491 1033 1519 dill'usa

245 1541 304 1564 erat
317 1535 411 1564 Israel.
426 1535 572 1571 Postquam
600 1542 690 1564 autem
714 1537 808 1564 multis
828 1537 916 1565 modis
937 1538 963 1565 iu
987 1538 1033 1566 Dei

245 1581 376 1610 oﬂ‘ensam
389 1582 504 1610 incurrit
520 1591 527 1610 :
547 1591 557 1608 ι
576 1582 716 1610 Destruxit
737 1583 867 1612 Dominus
887 1585 1033 1612 maceriam

245 1628 360 1662 ejus,et
379 1627 581 1655 vindemiarum.
591 1634 652 1655 eam
682 1635 776 1657 omnes
801 1629 846 1662 qui
875 1634 1036 1665 praetergre-

247 1673 359 1700 aluntur
372 1672 454 1700 viam.
467 1671 591 1700 Vastavit
602 1680 662 1700 eam
679 1681 744 1708 aper
760 1675 793 1701 de
804 1675 882 1708 silva,
895 1680 923 1703 et
945 1676 1037 1703 asinus

1049 1567 1070 1596 C

249 1718 364 1753 agrestis
381 1724 474 1752 pastus
490 1724 532 1747 est
546 1727 606 1747 eam
630 1719 663 1746 ³⁸.
685 1729 694 1746 ι
714 1721 805 1748 Posita
817 1726 860 1749 est
876 1722 948 1749 enim
965 1722 1038 1750 velut

249 1765 277 1792 in
291 1765 523 1794 conculcationem
545 1765 567 1782 ³ι
595 1773 693 1794 nocere
710 1767 873 1800 volentibus,
897 1768 988 1803 porcis
1010 1773 1038 1795 et

249 1809 334 1838 asinis
347 1809 528 1844 depascenda,
544 1810 594 1838 hoc
608 1816 658 1843 est,
675 1811 857 1846 voluptatibus
870 1813 1006 1840 etaversis
1022 1820 1038 1840 a

250 1854 355 1882 ratione
385 1850 514 1883 molibus.
542 1856 646 1885 Idcirco
673 1859 815 1885 emarcuit.
847 1857 1037 1885 Verumtamen

249 1899 372 1929 reﬂoruit
385 1900 412 1928 in
426 1900 535 1929 Christo
551 1901 709 1929 memoriale
729 1902 797 1937 ejus,
825 1911 921 1938 nempe
945 1902 1036 1931 Israel.

249 1945 406 1975 Memoriale
422 1947 499 1980 dicit,
514 1948 576 1981 quia
595 1955 648 1975 non
666 1956 760 1976 omnes
785 1949 969 1982 crediderunt,
992 1950 1038 1977 scd

249 1992 325 2027 quasi
342 1993 369 2019 in
384 1993 541 2021 memoriam
553 1994 611 2028 ejus
635 1998 749 2021 servatae
767 1999 829 2020 sunt.
844 1994 972 2028 reliquize.
986 1994 1038 2020 Fa-

250 2042 294 2064 cta
307 2041 350 2066 est
367 2042 459 2066 autem
480 2038 621 2072 prraim,
641 2039 699 2065 sive
723 2039 805 2065 Israel
829 2039 916 2073 gratia
943 2046 958 2065 a
985 2040 1039 2066 Deo

251 2083 390 2117 impertita
406 2088 435 2111 ut
457 2083 549 2111 vinum
576 2083 681 2116 Libani,
711 2083 763 2111 hoc
793 2088 833 2112 est
857 2085 991 2112 odorifera
1013 2091 1041 2112 et

250 2127 399 2163 fragrantia
414 2129 486 2157 thuri
502 2135 597 2163 parum
620 2130 783 2156 concedens.
801 2129 934 2158 Dicuntur
948 2134 1039 2158 autem

250 2173 311 2202 hac
323 2174 358 2202 de
368 2174 489 2207 Christo,
505 2175 540 2203 de
555 2181 609 2210 quo
627 2175 691 2202 item
713 2176 809 2203 beatus
825 2175 921 2203 Sirsch
936 2185 943 2203 :
961 2176 1040 2212 195

252 2228 265 2244 ο
284 2219 385 2247 Vinum
402 2219 521 2248 laetiﬁcat
534 2227 582 2248 cor
598 2221 716 2248 hominis
729 2221 789 2255 ³¹·,ι
807 2222 850 2249 cui
864 2225 892 2249 ut
909 2230 958 2250 nos
979 2230 1039 2250 ma~

731 153 760 181 S.
782 150 920 180 CYRILLI
941 147 1175 178 ALEXANDIIINI
1195 140 1353 175 AIICIIIEI’.

1828 142 1884 171 ΞΜ

1114 209 1282 242 Ζήσυνται,
1293 206 1342 234 καὶ
1355 205 1601 241 μεθυσθὴσονται
1613 204 1698 237 σίτῳ.

1111 253 1195 283 Αὗται
1215 256 1265 289 τῆς
1288 252 1456 288 ἐπιστροφῆς
1472 251 1520 278 καὶ
1535 251 1584 285 τῆς
1605 249 1781 285 ὲδραιὸτητος
1805 247 1885 281 ἀξιό-

1075 302 1173 336 ληπτοι
1198 299 1308 335 δωρεαί.
1333 298 1389 325 Καὶ
1406 297 1479 332 ζωῆς
1500 295 1555 331 γὰρ
1575 295 1693 327 ἔσονται,
1720 294 1806 329 φησὶ,
1831 293 1885 326 τῆς

1076 347 1186 374 αἰωνίου
1207 345 1327 381 μέτοχοι,
1345 344 1392 371 καὶ
1406 344 1436 369 ὲν
1452 341 1614 377 πλεονασμῷ
1628 341 1783 376 δυνάμεως,
1798 338 1885 373 δῆλον

1076 393 1104 419 δὲ
1127 392 1168 418 ὅτι
1189 389 1390 425 πνευματικῆς.
1411 387 1497 414 Τοῦτο
1519 387 1574 422 γὰρ
1602 383 1681 421 οἶμαι
1714 384 1822 420 δηλοῦν
1840 384 1884 415 τὸ,

1080 447 1090 463 ι
1102 435 1318 472 μεθυσθήσονται
1341 434 1418 468 σίτῳ.
1430 442 1440 458 ›
1469 433 1626 468 Γέγραπται
1644 431 1683 463 δὲ,
1701 431 1743 457 ὅτι
1770 439 1780 455 ι
1795 430 1887 465 ἄρτος

1080 482 1203 517 στηρίξει
1224 480 1339 516 καρδίαν
1353 478 1507 514 ἀνθρώπου.
1518 487 1528 504 ι
1546 477 1664 512 Σώματα
1681 477 1731 512 μὲν
1742 475 1802 511 γὰρ
1820 476 1885 505 ταῖς

1079 527 1258 562 καταλλὴλοις
1290 526 1384 561 ἥδεται
1411 525 1535 560 τροφαῖς.
1565 523 1663 558 Ψυχὴν
1683 523 1713 548 δὲ
1728 521 1886 556 ἀνθρώπου

1080 572 1153 604 θεῖός
1174 581 1216 603 τε,
1237 571 1285 598 καὶ
1302 570 1405 598 ἄνωθεν
1425 570 1563 604 διανευροῐ
1586 568 1675 602 λόγος.
1693 568 1755 594 ’Ότι
1776 566 1838 600 γὰρ
1856 565 1886 597 ἐξ

1079 618 1220 650 ἀσθενείας
1234 618 1272 649 είς
1287 616 1402 652 δύναμιν
1412 616 1636 651 μεταφοιτήσειεν
1648 614 1692 646 ἂν,
1701 613 1886 648 ἐπιστρέφων

1078 666 1111 691 ex
1133 664 1237 699 πλάνης
1261 663 1331 698 πρὸς
1354 662 1501 696 ἐπίγνωσιν
1517 660 1595 691 Θεοῦ,
1621 660 1668 686 καὶ
1686 659 1719 686 ὲκ
1743 659 1803 685 τῶν
1833 659 1886 692 τῆς

1080 710 1247 745 φαυλότητος
1263 708 1368 743 βάθρων
1381 706 1567 742 ἀναθρώσκων
1581 705 1717 736 εὐσθενῶς
1728 705 1769 736 είς
1786 704 1887 738 ἔφεσιν

1080 755 1192 791 ἀρετῆς,
1212 753 1271 785 πῶς
1281 753 1355 780 ἐστιν
1369 751 1534 787 ἀμφιϐαλεῖν
1547 759 1555 783 ;
1578 751 1662 783 Ειπερ
1679 750 1755 777 ἐστὶν
1770 748 1887 784 ἀληθῶς

1080 800 1222 832 ἀσθενείας
1237 799 1287 834 μὲν
1299 798 1437 833 ἔγκλημα,
1448 797 1478 823 τὸ
1489 797 1653 824 ἀναπίπτειν
1669 796 1711 828 είς
1727 794 1885 831 ῥᾳθυμίας,

1081 847 1130 873 καὶ
1155 846 1196 877 είς
1219 844 1318 879 ἡδονὰς
1345 843 1491 878 κοσμικὰς,
1521 842 1567 868 καὶ
1589 843 1629 873 εἰς
1645 842 1676 868 τὸ
1697 839 1886 876 προσκεῖσθαι

1084 891 1172 927 φιλεῖν
1189 892 1251 922 ταῖς
1267 890 1321 917 τῶν
1344 889 1461 916 εἰδώλων
1482 888 1634 923 λατρείαις.
1655 887 1760 922 ’ἰσχύος
1784 886 1816 912 δὲ
1835 886 1887 919 τῆς

1085 936 1273 972 πνευματικῆς
1288 935 1416 970 λαμπρὸν
1435 935 1535 960 νοεῖται
1554 933 1731 969 κατόρθωμα.
1748 931 1789 958 Τδ
1812 931 1886 965 ἀγα-

1085 982 1213 1018 θουργεῐν
1228 980 1338 1008 ἑλέσθαι
1351 979 1511 1014 προθύμως,
1527 977 1652 1013 ἡγεῖσθαί
1666 985 1695 1003 τε
1710 975 1783 1011 πρὸς
1795 976 1887 1010 τούτῳ

1084 1029 1134 1064 τῆς
1148 1029 1189 1060 εἰς
1207 1027 1274 1054 Θεὸν
1285 1025 1398 1060 ἀγάπης
1411 1024 1441 1052 τὸ
1453 1024 1566 1060 ἄμεινον
1575 1024 1664 1056 οὐδὲν,
1682 1023 1730 1049 καὶ
1745 1022 1887 1050 ἀδιαπτώ-

1083 1082 1139 1105 τως
1172 1073 1241 1100 ίέναι
1268 1072 1338 1108 μετά
1364 1070 1466 1107 γοργοῦ
1487 1070 1535 1097 τοῦ
1560 1070 1736 1105 φρονήματος
1762 1068 1815 1104 τὴν
1846 1069 1887 1100 είς

1084 1119 1164 1146 τοῦτο
1178 1118 1282 1155 τρίϐον.

1120 1165 1176 1192 Kal
1202 1163 1364 1197 ὲξανθήσσι
1395 1163 1436 1197 ὡς
1461 1163 1597 1198 ἄμπελος
1622 1162 1656 1189 τὸ
1680 1161 1886 1197 μνημόσυνον

1085 1209 1189 1242 αὑτοῦ,
1204 1210 1244 1245 ὡς
1258 1207 1340 1242 οἶνος
1348 1209 1475 1236 λιϐάνου
1491 1209 1532 1242 τῷ
1549 1206 1686 1243 Ἐφραϊμ.

1120 1257 1206 1283 ΡΞΗ¹.
1236 1256 1308 1291 Ἔφη
1330 1264 1381 1282 που
1404 1255 1471 1287 Θεὸς
1494 1255 1564 1292 πρὸς
1582 1253 1633 1289 τὴν
1659 1253 1715 1280 τῶν
1746 1251 1886 1280 Ἰουδαίων

1087 1301 1203 1337 μητέρα,
1221 1301 1355 1333 τουτέστι,
1379 1301 1430 1336 τὴν
1445 1297 1622 1335 Συναγωγήν·
1647 1309 1657 1326 ι
1679 1298 1753 1332 Ἐγὼ
1772 1298 1802 1324 δὲ
1819 1298 1886 1332 ἐφύ-

1085 1348 1170 1375 τευσά
1189 1356 1219 1374 σε
1240 1347 1363 1383 ἄμπελον
1383 1348 1569 1383 καρποφόρον,
1594 1347 1687 1373 πᾶσαν
1710 1344 1858 1380 ἀληθινήν.
1873 1354 1882 1370 ι

1086 1394 1190 1421 Ψάλλει
1209 1393 1239 1420 δέ
1256 1401 1308 1420 που
1328 1394 1393 1429 περὶ
1409 1394 1495 1428 αὐτῆς
1516 1393 1563 1420 καὶ
1579 1393 1593 1419 ὁ
1605 1391 1677 1423 θεῖος
1697 1392 1766 1427 ἡμῖν
1791 1391 1884 1417 Δαείὸι

1090 1439 1250 1474 (Ἀμπελον
1276 1438 1307 1471 ἐξ
1329 1438 1470 1473 Αἰγύπτου
1492 1439 1625 1474 μετῇρας,
1651 1437 1783 1469 ἐξέὸαλες
1808 1436 1883 1470 ιθνη,

1087 1486 1135 1512 καὶ
1162 1486 1368 1519 κατεφύτευσας
1389 1485 1484 1520 αὑτήν.
1518 1484 1697 1519 Ὤδοποίησας
1726 1483 1884 1518 ἔμπροσθεν

1088 1532 1183 1566 αὐτῆς.
1197 1541 1206 1557 ι
1224 1530 1330 1558 Οὐκοῦν
1349 1530 1472 1565 ἄμπελος
1488 1530 1538 1566 μὲν
1558 1530 1770 1565 εὐκληματοῦσα
1794 1530 1882 1564 ὑπῆρ-

1087 1586 1134 1614 χεν
1146 1579 1159 1604 ὁ
1177 1578 1297 1613 Ἰσραήλ.
1312 1577 1421 1612 Ἐπειδὴ
1431 1577 1458 1603 δὲ
1470 1577 1676 1612 προσκέκρουκε
1691 1576 1883 1611 πολυτρόπως,

1092 1634 1100 1650 ι
1116 1624 1240 1660 Περιεῖλε
1263 1623 1366 1659 Κύριος
1388 1623 1434 1650 τὸν
1457 1623 1585 1658 φραγμὸν
1601 1623 1697 1658 αὐτῆς,
1722 1623 1772 1649 καὶ
1793 1631 1886 1656 τετρυ-

1087 1671 1206 1706 γήκασιν
1220 1669 1306 1705 αὐτὴν
1320 1670 1420 1701 πάντες
1436 1669 1461 1695 οἱ
1476 1668 1736 1704 παραπορευόμενοι
1746 1667 1798 1703 τὴν
1817 1668 1884 1694 ὀδόν.

1096 1715 1263 1750 Ἐλυμήνατο
1280 1714 1366 1750 αὐτὴν
1384 1711 1415 1746 ὗς
1434 1715 1466 1741 ὲκ
1492 1713 1608 1749 δρυμοῦ,
1636 1713 1685 1740 καὶ
1705 1713 1767 1744 ὄνος
1790 1713 1886 1747 ἄγριος

1089 1761 1298 1796 κατενεμήσατο
1327 1760 1422 1795 αὑτήν.
1439 1769 1447 1785 ι
1482 1759 1606 1785 Τέθειται
1635 1758 1691 1793 γὰρ
1717 1758 1817 1792 ὥσπερ
1849 1758 1884 1787 είς

1089 1807 1280 1841 καταπάτησιν
1298 1807 1353 1837 τοῖς
1369 1805 1506 1832 ἐθέλουσιν
1519 1805 1633 1836 ἀδικεῖν,
1657 1804 1764 1838 χοίροις
1786 1812 1818 1830 τε
1840 1804 1885 1829 καὶ

1089 1853 1160 1884 ὗνοις
1171 1852 1250 1888 νομὴ,
1262 1852 1414 1884 τουτέστιν,
1429 1852 1538 1887 ἡδοναῖς
1551 1859 1582 1877 τε
1609 1851 1657 1877 καὶ
1666 1851 1804 1884 ἀλογίαις.
1817 1850 1885 1877 Ταύ-

1088 1901 1122 1932 τῃ
1140 1906 1181 1923 τοι
1205 1897 1389 1932 μεμάρανται.
1417 1896 1490 1930 Πλὴν
1513 1896 1643 1923 ἁνέθαλεν
1668 1895 1698 1921 ὲν
1719 1895 1831 1930 Χριστῷ
1857 1894 1885 1921 τι

1092 1941 1263 1977 μνημόσυνον
1279 1941 1373 1968 αὑτοῦ.
1388 1941 1472 1976 Δῆλον
1486 1941 1526 1973 δὲ,
1540 1941 1580 1968 ὅτι
1599 1940 1646 1967 τοῦ
1669 1941 1798 1975 Ἰσραήλ·
1819 1948 1885 1975 μνη-

1092 1987 1209 2023 μόσυνον
1218 1987 1246 2014 δέ
1259 1996 1353 2022 φησιν,
1365 1987 1406 2013 ὅτι
1421 1987 1458 2022 μὴ
1473 1987 1574 2018 πάντες
1588 1985 1817 2018 πεπιστεύκασιν,
1829 1985 1885 2012 ἀλλ’

1091 2035 1132 2066 είς
1149 2035 1259 2069 μνήμην
1271 2033 1366 2068 ὥσπερ
1381 2033 1465 2060 αὑτοῦ
1483 2033 1633 2067 τετήρηται
1650 2031 1682 2058 τὸ
1696 2032 1883 2066 κατάλειμμα.

1091 2080 1189 2114 Γέγονε
1201 2079 1229 2106 δὲ
1244 2079 1284 2114 τῷ
1301 2078 1432 2114 Ἐφρατμ,
1451 2079 1512 2114 ἦτοι.
1524 2078 1563 2112 τῷ
1586 2078 1696 2114 Ἰσραὴλ
1714 2078 1795 2113 παρὰ
1818 2078 1884 2104 Θεοῦ

1090 2126 1171 2161 χάρις
1184 2125 1224 2157 ὡς
1239 2124 1310 2156 οἶνος
1331 2124 1452 2157 λιϐάνου,
1473 2123 1632 2155 τουτέστιν,
1658 2123 1764 2158 εὐώδης
1783 2132 1814 2150 τε
1839 2125 1884 2150 καὶ

1090 2172 1194 2207 λιὸἁνῳ
1211 2172 1281 2207 πρὸς
1302 2171 1435 2206 εὐοσμίαν
1455 2170 1534 2204 ὀλίγα
1558 2169 1743 2206 παραχωρῶν.
1764 2171 1842 2197 Ἔστι
1859 2171 1883 2196 δὲ

1090 2218 1210 2249 τοιοῦτος
1226 2218 1240 2244 ό
1251 2217 1316 2251 περὶ
1327 2215 1446 2253 Χριστοῦ
1460 2216 1551 2250 λόγος,
1565 2216 1613 2243 καὶ
1624 2216 1688 2251 περὶ
1701 2215 1789 2242 αὐτοῦ
1806 2223 1884 2251 φησιν

253 2271 306 2299 gna
320 2271 384 2294 cum
399 2264 541 2294 alacritate
552 2265 688 2300 applicare
702 2249 872 2300 festinemus,
895 2274 974 2295 sacer
991 2276 1039 2296 nos

1095 2265 1106 2291 b
1121 2263 1257 2299 μακάριος
1267 2249 1361 2289 Δαὸίδἰ
1374 2271 1384 2288 ι
1396 2259 1474 2294 Οἶνος
1489 2249 1631 2297 εὐφραίνει
1647 2249 1770 2296 καρδίαν
1782 2249 1883 2296 ἀνθρώ-

251 2317 343 2339 sermo
356 2310 450 2338 incitat
463 2319 471 2344 ;
483 2311 524 2338 sic
535 2311 609 2338 enim
630 2311 711 2339 habet
727 2321 734 2339 :
755 2321 764 2338 ι
784 2312 932 2347 Comedite,
952 2319 979 2342 et
998 2314 1040 2342 bi-

252 2355 318 2388 bite,
328 2361 356 2384 et
366 2355 548 2388 inebriamini.
565 2357 759 2386 clarissimi”.
774 2368 784 2385 ι
799 2358 958 2387 Satietatem
967 2360 1040 2388 enim

253 2401 355 2429 sanctis
368 2401 469 2431 nullam
493 2401 610 2430 aﬁerunt
635 2410 696 2438 qua:
717 2411 763 2439 per
785 2404 923 2432 Christum
943 2412 1042 2441 suppe-

253 2446 385 2479 ditantur,
400 2450 429 2475 et
442 2451 580 2482 assumpta
593 2447 628 2475 ad
643 2447 802 2477 ebrietatem
818 2449 973 2485 proﬁciunt.

288 2535 372 2564 Vens.
388 2536 415 2565 9.
429 2536 500 2570 Quid
511 2538 552 2567 illi
560 2539 645 2568 adhuc
660 2545 685 2568 et
700 2541 799 2570 idolio?

287 2582 402 2612 CLXIX.
419 2581 448 2611 Si
461 2583 532 2612 enim
550 2589 654 2615 tantam
673 2588 778 2622 copiam
804 2588 871 2616 adeo
897 2589 1039 2617 venerabi—

252 2626 318 2655 lium
335 2632 364 2656 et.
376 2635 554 2664 supernorum
576 2630 707 2659 bonorum
731 2633 944 2668 participaverit,
963 2641 978 2660 a
992 2642 1038 2661 vo-

253 2670 355 2700 luntate
365 2674 472 2700 errandi
485 2674 592 2708 penitus
612 2676 730 2710 recedet,
754 2685 805 2706 nec
828 2678 955 2712 operibus
978 2687 1037 2706 ma-

253 2725 336 2744 nuum
351 2726 460 2746 suarum
478 2720 597 2749 colendis
619 2722 794 2750 adhaerescet.
819 2724 942 2756 Quonam
966 2725 1037 2751 enim

252 2761 324 2790 bono
340 2764 454 2799 amplius
467 2772 573 2800 carens,
587 2767 612 2794 id
628 2767 662 2795 ab
677 2767 739 2795 aliis
754 2769 875 2802 quaeret?
889 2769 986 2797 Annon
1002 2770 1038 2797 ita

289 2819 310 2836 "
331 2820 400 2849 PsaL
419 2830 476 2855 ctu,
492 2823 536 2852 I7.

254 2853 277 2869 "
289 2855 365 2883 Cant.
382 2864 408 2889 ν,
427 2858 452 2884 I.

588 2826 610 2841 ’⁸
623 2825 677 2852 Jer.
698 2833 728 2858 ιι,
746 2825 793 2853 9.1.
832 2826 853 2843 ¹⁹
870 2826 940 2854 I’sal.
962 2834 1054 2861 Lxrtx,
1075 2827 1102 2855 9.
1142 2828 1162 2844 "
1178 2828 1244 2856 Ibid.
1263 2828 1307 2862 I3,
1328 2828 1369 2854 ιι.

1089 2318 1154 2343 που,
1170 2319 1180 2336 ι
1192 2306 1216 2343 ᾧ
1234 2309 1282 2336 καὶ
1297 2309 1400 2344 σφόδρα
1418 2307 1567 2343 προθύμως
1585 2307 1747 2342 ἐπείγεσθαι
1768 2308 1885 2342 προσϐα-

1089 2356 1155 2389 λεῖν,
1176 2356 1249 2392 ιερὺς
1267 2357 1343 2392 ἡμᾶς
1365 2355 1524 2391 παραθήγει
1548 2354 1644 2388 λόγος·
1666 2353 1724 2389 ἔχει
1748 2355 1806 2390 γὰρ
1825 2351 1883 2386 ὦδε,

1093 2402 1228 2437 «Φὰγετε,
1254 2401 1301 2428 καὶ
1321 2401 1410 2433 πίει-ε,
1439 2400 1488 2427 καὶ
1504 2399 1657 2435 μεθύσθητε
1681 2401 1707 2426 οὶ
1735 2399 1881 2435 crinalem:

1096 2447 1268 2484 ’Λπροσκορῆ
1278 2447 1332 2482 γὰρ
1342 2447 1431 2481 ἁγίοις
1440 2446 1475 2473 τὰ
1484 2446 1529 2474 διὰ
1542 2445 1672 2482 Χριστοῦ,
1685 2445 1733 2472 καὶ
1746 2446 1788 2477 εἰς
1803 2445 1884 2480 μέῡην

1093 2494 1228 2529 ληφθέντα
1239 2492 1443 2528 χρησιμώτερα.

1132 2541 1161 2567 Τί
1181 2539 1262 2571 αὺτῷ
1275 2539 1318 2566 ἑτι
1333 2538 1383 2567 καὶ
1399 2538 1550 2574 εὶδώλοιςς

1128 2586 1209 2614 ΡΞΘ’.
1236 2586 1267 2612 Et
1293 2585 1348 2620 γὰρ
1369 2585 1485 2618 γένοιτο,
1501 2584 1595 2617 φησὶν,
1619 2581 1648 2608 ὲν
1664 2581 1821 2617 πλησμονῇ,
1839 2581 1882 2607 καὶ

1094 2633 1201 2668 μεθέξει
1215 2632 1270 2658 τῶν
1285 2631 1356 2658 οὕτω
1371 2630 1489 2660 σεπτῶν,
1503 2629 1549 2655 καὶ
1559 2627 1665 2655 ἀνωθεν
1681 2627 1804 2661 ἀγαθῶν,
1823 2627 1881 2653 ἀπο

1093 2679 1211 2714 χωρήσει
1230 2677 1369 2709 παντελῶς
1388 2677 1434 2703 τοῦ
1453 2675 1606 2702 πλανᾶσθαι
1623 2673 1722 2706 θέλειν,
1740 2674 1788 2700 καὶ
1804 2681 1881 2708 προσ-

1093 2724 1197 2751 κεῖσθαι
1213 2725 1268 2755 τοῖς
1285 2723 1377 2759 ἔργοις
1388 2722 1442 2748 τῶν
1462 2721 1533 2748 ἰδίων
1555 2719 1664 2755 χειρῶν.
1678 2719 1761 2750 Τίνος
1775 2718 1826 2752 γὰρ
1843 2719 1880 2743 ἐνι

1092 2771 1146 2798 τῶν
1161 2771 1271 2806 ἀγαθῶν
1288 2771 1419 2806 ὑπάρχων
1441 2769 1544 2804 ἐνδεὴς,
1563 2769 1596 2795 τὰ
1611 2767 1677 2802 παρ’
1697 2767 1793 2802 ἐτέρου
1805 2766 1879 2800 ζητή-

1419 2826 1440 2843 ⁸¹
1454 2825 1506 2853 Isa.
1522 2825 1586 2859 v,‘5.
1628 2825 1661 2840 ³¹⁶
1677 2823 1764 2852 Et-cli.
1778 2831 1821 2856 st,
1836 2822 1878 2848 ευ.
