1919 3042
83 128 133 157 325

549 126 826 158 COMMENTARIUS
846 129 878 156 IN
898 120 1014 157 OSEADI
1034 130 1255 160 PROI’IIETAM.

1659 141 1710 167 326

84 195 140 219 σεις
156 186 192 213 Ἦ
207 186 255 213 καὶ
276 187 413 223 ἀνόνητος
433 188 571 220 παντελῶς
590 191 644 222 τοῖς
661 189 876 225 πεπλανημένοις

933 196 1050 223 quaerere
1071 190 1189 218 seductis
1214 199 1325 226 prorsus
1345 196 1386 220 est
1411 193 1522 222 inutile?
1549 194 1616 228 Quid
1640 198 1710 223 cnim

84 235 99 270 ἡ
114 233 204 260 τοιάδε
221 233 357 269 ζήτησιςς
383 235 416 261 Τί
430 234 485 271 γὰρ
506 236 523 270 ἡ
544 235 650 271 ἄψυχος
667 235 716 270 ὕλη
740 235 876 270 χαριεῖται

83 288 153 306 τισιν
165 288 172 311 ;
187 276 228 310 οἷς
241 279 289 306 καὶ
300 279 416 313 δικαίως
430 280 538 315 ἐλέγετο
550 281 627 316 παρὰ
639 281 718 314 Θεοῦ,
737 290 746 306 ι
756 279 792 307 Εὖ
804 282 878 315 ποιή-

84 334 157 355 σατε,
172 326 221 352 καὶ
234 325 392 358 κακώσατε,
411 326 458 354 καὶ
476 327 637 362 γνωσόμεθα
654 328 694 354 ὅτι
706 327 762 354 θεοί
777 328 849 353 ἐστε.
865 336 874 351 ι

89 370 158 396 Ἀλλ’
172 371 227 397 οὐδ’
249 371 283 398 ἂν
303 372 459 399 κακώσειαν
473 371 633 408 ἀνθρώπους
649 372 682 398 τὰ
708 371 878 407 χειρόκμητά

83 423 160 443 ποτε.
176 417 240 448 Πῶς
255 417 323 453 γὰρ,
337 419 354 453 ἢ
368 418 465 450 πόθεν;
481 418 541 445 οὔτε
560 418 612 453 μὴν
623 419 741 454 χρηστὸν
754 417 770 453 ἢ
786 418 876 452 ὀνησι-

84 462 167 498 φόρον
189 471 218 490 τι
241 463 311 490 δοῖεν
333 463 366 490 ἂν
382 464 486 495 αὐτοῖς.
516 463 620 491 Οὐκοῦν
646 463 808 495 ἀκουόντων,
829 462 877 489 καὶ

80 509 159 543 μάλα
174 508 307 541 εἰκότως·
324 519 334 535 ι
348 510 421 542 Θεοὶ,
435 509 461 536 οἳ
486 510 532 536 τὸν
557 509 680 545 οὐρανὸν,
696 508 742 535 καὶ
761 509 809 544 τὴν
826 508 876 543 γῆν

78 553 132 579 οὐκ
146 554 291 589 ἐποίησαν,
309 554 504 581 ἀπολέσθωσαν
519 554 573 581 ἀπὸ
591 555 641 589 τῆς
661 554 723 590 γῆς,
745 554 792 580 καὶ
812 553 877 580 ὑποο

85 599 210 626 κάτωθεν
229 595 417 635 τοῦόὺρανοῦ
436 599 566 627 τούτουω
593 600 630 627 Τὸ
656 599 805 634 πεποιηκὸς
830 597 876 626 οὖν

84 644 149 680 ἄρα,
166 645 217 672 καὶ
229 646 332 681 ἀραρὸς
348 647 387 677 εις
401 646 540 681 ἀγάπησιν
554 646 603 681 τὴν
613 646 661 672 ὲπὶ
678 645 738 681 Θεῷ
755 654 877 681 καταση-

85 690 175 725 μαίνει
189 690 287 723 λέγων,
301 699 310 716 ‹
324 690 357 716 Τί
367 690 442 726 αὺτῷ
456 691 507 724 ἔτι,
522 691 569 718 καὶ
582 690 720 723 εἰδώλοις;
734 699 744 716 ι

123 735 196 771 Ἐγὼ
222 736 412 764 ἐταπείνωσα
432 737 535 771 αὑτὸν,
555 737 606 764 καί
626 737 684 772 ἐγὼ
702 737 876 771 κατισχύσω

82 781 186 808 αὐτόν.

116 827 179 854 PO'.
204 827 285 862 Ἐγὼ,
301 828 378 862 φησι,
405 828 521 863 δύναμαι
538 828 651 861 κακοῦν,
671 827 718 858 οὓς
733 828 766 855 ἂν
791 828 874 864 ἴδοιμι

926 235 1039 263 materia
1053 243 1134 263 sensu
1151 237 1276 264 destituta
1300 239 1460 272 quibusdam
1484 240 1630 275 largietur?
1650 244 1712 276 qui-

926 282 975 308 bus
991 286 1017 307 et
1029 282 1090 316 jure
1101 282 1239 310 dicebatur
1254 292 1268 310 a
1282 285 1337 312 Deo
1352 294 1359 312 :
1378 295 1389 311 ι
1411 285 1572 320 Dcnel‘acite,
1588 293 1615 315 et
1630 289 1711 316 maln-

925 325 1017 358 fncite,
1029 331 1056 354 et
1070 329 1186 356 sciemus
1198 330 1259 364 quia
1275 330 1311 357 dii
1321 331 1387 358 estis
1400 332 1434 359 ³³.
1455 342 1463 357 ι
1480 332 1561 367 Atqui
1575 341 1710 368 nunquam

925 372 1026 400 facient
1039 373 1108 400 male
1122 375 1239 409 cuipiam
1254 377 1379 404 manibus
1397 377 1536 405 fabricata.
1558 378 1609 411 Qui
1638 380 1711 406 enim

925 418 1067 446 facerent?
1083 427 1170 454 neque
1184 428 1248 448 vero
1266 422 1327 449 boni
1349 423 1496 458 quidpiam,
1520 429 1565 451 aut
1591 426 1658 453 utile
1683 426 1710 453 in

925 471 1089 500 quemquam
1102 466 1251 494 conferent.
1266 467 1384 496 Audiant
1400 469 1491 504 igitur,
1505 475 1532 497 et
1542 471 1708 504 iustissime:

911 511 967 540 (Dii
982 512 1026 547 qui
1045 513 1143 540 cmlum
1156 518 1183 540 et
1207 519 1305 541 terram
1322 522 1374 542 non
1398 515 1530 549 fecerunt,
1551 517 1710 551 disperdan-

925 562 970 585 tur
981 558 1014 585 de
1027 562 1109 591 terra,
1124 563 1152 586 et
1166 560 1198 586 de
1213 560 1263 586 sub
1276 561 1345 587 ctelo
1364 561 1416 588 isto
1437 561 1469 587 “.
1490 571 1499 586 ι
1522 562 1596 594 Quod
1620 568 1710 589 autem

925 604 999 637 fecit,
1016 608 1043 631 et
1059 610 1150 640 aptum
1162 611 1202 632 est
1216 606 1288 640 diligi
1314 607 1403 632 divina
1431 607 1572 641 charitnte,
1599 608 1709 641 indicat,

925 657 987 677 cum
1003 650 1041 676 ait
1057 658 1065 677 :
1084 659 1093 676 ι
1115 650 1182 683 Quid
1199 651 1247 686 ipsi
1258 651 1344 678 adhuc
1359 657 1386 678 et
1401 651 1494 678 idolis?
1507 661 1517 678 ι

962 737 1017 772 Ego
1038 738 1174 764 humiliari
1189 737 1274 771 illum,
1285 743 1308 765 et
1320 747 1366 773 ego
1382 738 1537 772 confartabo
1549 745 1618 766 eum.

962 826 1065 854 CLXX.
1081 826 1146 862 Ego,
1162 826 1259 861 inquit,
1274 826 1391 862 afﬂigere
1407 835 1526 862 possum,
1543 835 1610 862 quos
1622 828 1712 856 videro
1726 859 1730 865 ι

82 873 132 907 τῆς
144 873 185 904 εἰς
199 873 250 908 ἐμὲ
267 874 445 909 γνησιότητος
463 874 650 910 περιορῶντας
665 874 728 905 τοὺς
747 874 872 910 τρόπους.

933 873 1106 900 ιὶιιεειιιίιιιιθηι
1124 881 1186 908 erga
1213 880 1255 900 me
1279 874 1429 908 despicere.
1451 875 1603 902 Corroboro
1623 880 1712 902 autem

80 917 180 954 -Νευρῶ
191 918 220 945 δὲ
234 919 267 954 δὴ
280 919 362 945 πάλιν
377 919 440 951 τοὺς
452 920 532 954 οἵπερ
541 919 581 947 ,ἂν
601 920 704 947 ἕλοιντο
726 920 874 956 κατορθοῦν

82 963 195 998 ἀρετὴν,
212 964 259 990 καὶ
276 962 323 990 τὸν
338 962 417 998 φύσει
431 973 460 990 τε
486 957 532 991 καὶ
554 964 661 999 ἀληθῶς
675 964 775 992 ειδέναι
797 965 872 992 Θεόν.

79 1008 147 1034 ‘(lﬁ‘c‘
163 1006 211 1035 οὖν
233 1009 251 1043 ἡ
268 1009 401 1042 κάκωσις,
417 1009 476 1045 ἦτοι
492 1009 522 1036 τὸ
539 1009 686 1044 ἀσθενῆσαι
699 1009 744 1035 τὸν
767 1010 875 1044 Ἰσραὴλ

84 1053 113 1086 ἐξ
121 1054 235 1080 ἐκείνων
247 1051 282 1088 ἦν
293 1062 300 1068 ’
321 1054 383 1080 οὔτε
404 1055 456 1089 μὴν
504 1054 544 1086 είς
558 1063 590 1088 γε
602 1055 633 1081 τὸ
646 1054 775 1082 δύνασθαι
792 1064 876 1090 μετα-

84 1099 169 1134 δρομὴ
181 1099 319 1134 δαιμόνων
331 1099 364 1126 ἂν
379 1101 466 1126 νοοῖτο
481 1100 566 1133 δόσις,
589 1101 648 1127 ἀλλ’
661 1100 720 1127 εστι
735 1101 875 1128 θεόσδοτον

81 1143 195 1177 ἀγαθὸν,
208 1144 335 1180 καθάπερ
347 1145 441 1179 ἀμέλει
454 1146 501 1172 καὶ
510 1145 540 1172 τὸ
551 1146 673 1174 ἀσθενεῖν
684 1147 737 1173 τῶν
751 1147 780 1179 ἐξ
791 1148 875 1183 ὀργῆς

86 1189 244 1224 κινημάτων
258 1190 402 1222 ἀτοότευξις
413 1188 458 1221 ἦν.
474 1191 567 1226 Σοφῶς
580 1189 628 1218 οὖν
643 1193 706 1229 ἄρα,
731 1193 778 1219 καὶ
801 1193 876 1228 φιλο‹

82 1234 151 1266 λῦέως
173 1236 188 1262 ὁ
208 1235 297 1270 μέγας
316 1237 383 1271 ἡμῖν
398 1235 495 1271 ψάλλει
509 1236 610 1264 Δαϐίδι
630 1246 640 1264 ‹
659 1233 746 1274 Ἰσχῦς
762 1247 813 1274 μου
830 1240 877 1266 καὶ

87 1280 204 1316 ὕμνησίς
216 1290 268 1316 μου
279 1282 295 1308 ὁ
307 1281 418 1318 Κύριος.
433 1292 443 1309 ι

124 1326 200 1362 Ἐγὼ
216 1327 257 1360 ὡς
273 1327 418 1361 ἄρκευθος
431 1327 617 1361 πυκάζουσα,
636 1329 671 1361 ἐξ
689 1329 762 1364 ἐμοῦ
776 1331 792 1357 ὀ
808 1338 877 1364 καρ-

87 1371 142 1405 πός
155 1380 216 1399 σου
234 1373 367 1407 εὕρηται.

118 1418 206 1445 POA'.
223 1418 309 1445 Φυτὸν
325 1419 375 1454 μὲν
391 1419 408 1454 ή
427 1419 572 1455 ἄρκευθος,
589 1419 657 1447 δασύ
675 1429 706 1455 γε
725 1421 779 1456 μὴν
795 1421 876 1454 οὕτω,

84 1465 131 1491 καὶ
143 1465 185 1496 εἰς
207 1464 299 1500 κόμην
319 1465 487 1500 ἀμφιλαφὲς,
506 1466 543 1497 ὡς
556 1466 644 1492 δοκεῖν
658 1465 728 1493 εἷναί
745 1475 804 1499 πως
822 1477 878 1502 χει-

923 924 1028 952 contra,
1046 919 1090 953 qui
1106 919 1212 946 virtutis
1223 927 1335 946 munere
1355 919 1428 954 [ιιιιεὶ
1446 927 1594 954 verumque
1607 925 1635 947 et
1663 929 1713 947 na-

925 967 983 989 tura
1003 962 1085 989 Deum
1101 970 1181 990 nosse
1195 963 1338 990 voluerint.
1361 963 1453 999 Neque
1479 965 1560 999 igitur
1589 965 1710 997 aIllictio,

925 1016 1011 1043 neque
1026 1009 1169 1036 inﬁrmitas
1184 1009 1265 1036 Israel
1279 1017 1311 1036 ex
1327 1009 1380 1037 illis
1394 1010 1553 1043 veniebant,-
1569 1018 1655 1044 neque
1677 1013 1710 1037 ad

924 1055 997 1082 vires
1011 1055 1200 1082 transmutatio
1213 1055 1363 1082 daemonum
1377 1063 1475 1082 munus
1489 1055 1597 1089 intelligi
1613 1060 1708 1090 queat;

925 1100 970 1126 sed
984 1104 1026 1126 est
1040 1100 1139 1126 bonum
1154 1107 1169 1126 a
1186 1100 1238 1126 Deo
1252 1100 1343 1126 datum
1367 1101 1593 1134 quemadmodum
1607 1101 1711 1128 scilicet

925 1150 952 1172 ct
969 1145 1100 1172 inﬁrmari
1114 1153 1148 1172 ex
1164 1145 1201 1172 ira
1221 1146 1310 1172 divina
1323 1145 1552 1180 proﬁciscebatur.
1570 1146 1712 1180 Sapienter

927 1192 1027 1224 itaque,
1045 1196 1115 1219 etut
1129 1191 1173 1219 Dei
1189 1199 1284 1218 amans
1296 1191 1385 1225 psaltit
1399 1191 1476 1219 nobis
1490 1191 1574 1219 David
1591 1201 1598 1219 :
1615 1200 1625 1217 ι
1645 1191 1712 1219 For-

926 1237 1024 1269 titudo,
1039 1240 1066 1263 et
1079 1237 1136 1264 laus
1150 1244 1209 1264 mea
1227 1237 1355 1264 Dominus
1369 1237 1403 1264 ".
1419 1245 1429 1263 ι

963 1327 1020 1363 Ego
1049 1328 1116 1355 sicut
1141 1328 1279 1364 juniperus
1305 1328 1464 1363 cooperiens,
1492 1337 1525 1357 ex
1550 1337 1590 1357 me
1612 1329 1713 1364 fructu:

927 1379 987 1401 tuus
1004 1376 1122 1402 inventus
1130 1379 1179 1402 est.

963 1419 1077 1447 CLXXI.
1094 1419 1238 1455 Juniperus
1255 1419 1336 1447 arbor
1353 1424 1404 1452 est,
1420 1424 1472 1447 tam
1492 1421 1573 1448 densa
1592 1426 1619 1448 et
1640 1421 1714 1448 fron-

929 1466 1005 1498 dosa,
1018 1471 1046 1492 ut
1060 1465 1227 1499 contignatio
1249 1466 1370 1499 quzcdam
1400 1466 1551 1493 manufacta
1579 1466 1712 1500 videatur,

87 1510 225 1545 ρόκμητον
241 1511 354 1546 ὀροφὴν,
376 1510 439 1537 οὔτε
464 1512 524 1541 ταῖς
540 1511 616 1546 ἡλίου
639 1512 729 1546 βολαῖς
750 1519 879 1548 παραχω-

933 1518 1016 1544 neque
1027 1511 1161 1538 solarihus
1174 1502 1451 1546 radiis-peuctrubilis,
1469 1518 1555 1545 neque
1581 1511 1713 1538 inchrium

89 1556 171 1591 ροῦσα
183 1556 235 1592 τὴν
247 1556 377 1588 διάδυσιν,
390 1555 450 1583 οὔτε
469 1557 522 1592 μὴν
532 1558 590 1589 ταῖς
603 1558 686 1584 ὑετῶν
699 1560 877 1594 καταφοραῖς·

88 1601 138 1628 κᾶν
160 1602 187 1628 εἰ
217 1602 339 1637 ῥαγδαῖοι
361 1602 412 1636 τῆς
433 1603 484 1637 γῆς
507 1603 695 1638 κατακέωνται
721 1613 796 1631 ποτε.
820 1605 879 1631 Ὅτι

88 1646 176 1674 τοίνυν
188 1647 243 1673 ὑπὸ
258 1647 327 1673 Θεοῦ
338 1648 480 1681 γεγονότες
491 1649 716 1676 ἀνεπιϐούλευτον
733 1649 822 1682 ἕξουσι
835 1649 880 1677 τὸν

86 1692 286 1727 ἑπισκιασμὸν,
324 1693 386 1728 ἦτοι
418 1693 468 1730 τὴν
504 1694 679 1729 ἐπικουρίαν,
714 1696 878 1731 ὑπεμφοιίνει

88 1737 185 1772 λέγων·
217 1747 226 1764 ι
243 1738 314 1772 Ἐγὼ
336 1739 375 1770 ὡς
398 1738 530 1774 ἄρκευθος
553 1740 743 1772 πυκάζουσα.»
768 1743 829 1768 ’Ότι
851 1742 879 1768 δὲ

89 1785 164 1811 πᾶσα
177 1784 357 1820 καρποφορία
370 1785 425 1812 τῶν
440 1785 494 1812 ὑπὸ
508 1786 567 1820 Θεῷ
582 1787 680 1820 γένοιτ’
699 1787 733 1814 ἂν
754 1788 802 1823 οὐχ
826 1788 882 1814 ἐτέ-

88 1831 226 1866 ρως,ἢὲν
239 1831 362 1866 Χριστῷ,
387 1832 433 1858 καὶ
454 1832 497 1859 διὰ
521 1832 650 1867 Χριστοῦ,
678 1833 881 1868 πληροφορήσει

90 1876 177 1910 λέγων
188 1876 272 1908 αὐτὸς
282 1876 469 1911 εὐαγγελικοῖς
481 1877 659 1914 οεσπίσμασι¹
683 1890 693 1905 ι
706 1878 798 1914 Χωρὶς
814 1879 880 1915 ἐμοῦ

88 1921 120 1947 οὐ
140 1921 258 1949 δύνασθε
273 1923 362 1949 ποιεῖν
377 1923 463 1951 οὐδέν.
479 1933 489 1948 ›
512 1923 622 1958 Λεγέτω
644 1924 676 1960 δὴ
700 1922 746 1951 οὖν
769 1925 881 1956 εἰκότως

90 1966 200 2001 ἑκάστῳ
210 1967 266 1994 τῶν
281 1968 515 2000 πεπιστευκότων,
532 1969 611 2004 ειπερ
622 1978 665 2000 τις
686 1970 728 2005 εἴη
743 1970 880 2006 λαμπρὸς.

91 2011 136 2039 καὶ
147 2012 325 2046 ᾶιάγαστος,
338 2014 386 2040 καὶ
397 2014 426 2040 ὲν
440 2013 595 2050 αὐχήμασιν
611 2015 722 2050 ἀρετῆς,
738 2025 747 2042 ι
759 2016 804 2048 Ἐξ
814 2016 881 2051 ὲμοῦ

86 2058 103 2083 ’ὁ
114 2058 222 2092 καρπός
235 2066 280 2084 σου
292 2057 418 2094 εὕρηται.
427 2068 437 2085 ι

126 2103 178 2136 τίς
191 2103 297 2137 σοφὸς,
310 2104 360 2130 καὶ
374 2104 500 2131 συνέσει
513 2105 624 2137 mira;
643 2105 663 2139 ἣ
679 2106 818 2138 συνετὸς,
832 2105 881 2133 καὶ

90 2147 287 2182 ἐκιτνώσεται
305 2150 402 2182 αὑτά;
415 2150 490 2177 διότι
508 2151 619 2178 εὐθεῶι
634 2153 664 2178 αὶ
679 2151 742 2178 ὁδοὶ
759 2152 813 2179 τοῦ
829 2154 883 2179 Κυ-

931 1557 1080 1584 deﬂuxibus
1098 1557 1199 1590 pervia,
1218 1557 1341 1591 quamvis
1365 1564 1461 1591 magno
1488 1557 1587 1591 impetu
1614 1561 1713 1584 terram

931 1602 1111 1636 irrigat/crint.
1135 1601 1189 1629 Deo
1212 1602 1292 1636 igitur
1311 1598 1446 1636 subjectos
1466 1607 1549 1629 tutam
1574 1603 1714 1630 hahittiros

929 1648 1176 1681 obumbrationem,
1192 1648 1249 1674 sive
1271 1648 1398 1674 auxilium
1419 1648 1581 1679 subindicat,
1598 1648 1689 1675 dicens
1705 1656 1713 1675 :

934 1703 943 1719 ι
961 1694 1018 1728 Ego
1033 1698 1062 1723 ut
1077 1693 1216 1728 iuniperus
1239 1698 1395 1728 contegens.
1416 1702 1426 1718 ι
1447 1693 1606 1720 Universam
1626 1696 1714 1720 autem

931 1739 1094 1768 fertilitatem
1109 1739 1163 1767 Deo
1179 1739 1359 1773 subiectorum
1378 1739 1457 1774 196
1473 1747 1526 1765 non
1543 1739 1621 1765 aliter
1635 1746 1715 1773 quam

931 1788 958 1814 in
975 1786 1084 1814 Christo
1112 1790 1140 1813 et
1162 1793 1209 1820 per
1227 1784 1363 1811 Christum
1391 1790 1525 1817 constare,
1557 1784 1716 1812 testiﬁcatur

932 1833 998 1868 ipse.
1015 1833 1041 1859 in
1053 1831 1167 1858 oraculis
1181 1831 1344 1865 evangelicis
1363 1831 1399 1857 ita
1416 1830 1527 1863 loquens
1543 1839 1549 1857 :
1568 1839 1578 1855 ‹
1594 1829 1658 1857 Sine
1673 1836 1715 1857 me

932 1877 998 1905 nihil
1028 1876 1140 1912 potestis
1161 1875 1252 1902 facere
1280 1875 1312 1902 '°.
1333 1884 1343 1900 ι
1374 1874 1483 1901 Dicatur
1507 1873 1599 1907 itaque
1620 1873 1715 1900 merito

931 1922 1040 1950 cuilibet
1052 1921 1218 1948 credentium
1235 1929 1241 1946 τ
1258 1919 1358 1954 Siquis
1379 1918 1502 1952 insignis,
1530 1922 1557 1944 et
1580 1918 1715 1944 admiran-

931 1969 991 2000 dus,
1006 1973 1032 1995 ct
1048 1968 1148 1994 virtute
1162 1971 1274 1994 ornatus
1289 1965 1379 1998 fuerit,
1398 1973 1408 1990 ‹
1429 1965 1465 1991 Ex
1481 1971 1523 1991 me
1540 1964 1642 1990 fructus
1653 1966 1715 1990 tuus

932 2015 1057 2042 inventus
1069 2017 1120 2041 est.
1136 2021 1145 2038 ›

966 2103 1048 2131 Vens.
1064 2101 1109 2128 10.
1126 2100 1190 2134 Quis
1201 2101 1315 2134 sapiens,
1328 2106 1351 2127 et
1363 2099 1487 2134 intelliget
1498 2099 1568 2126 ista?
1581 2102 1626 2124 aut
1639 2097 1716 2124 intll-

933 2150 1026 2184 ligens,
1042 2153 1066 2175 et
1078 2152 1211 2182 cognoscet
1227 2147 1282 2180 ipsa
1293 2147 1305 2174 ἶ)
1316 2146 1377 2181 quia
1391 2151 1466 2172 rectm
1486 2145 1535 2171 via:
1551 2144 1667 2174 Domini,
1693 2148 1717 2170 et

88 2193 170 2227 ρίου,
193 2194 245 2220 καὶ
265 2194 373 2222 δίκαιοι
390 2196 589 2230 πορεύσονται
610 2197 644 2223 ἐν
657 2197 782 2231 αὑταῖς·
803 2199 830 2224 οι
849 2196 879 2224 δὲ

933 2195 998 2230 justi
1020 2192 1188 2220 ambulabunt
1208 2193 1235 2218 in
1256 2192 1311 2224 eis;
1328 2197 1354 2218 at
1372 2191 1446 2225 impii
1465 2190 1669 2225 inﬁrmabuntur
1691 2188 1718 2215 in

91 2237 211 2271 ἀσεϐεῖς
220 2238 449 2272 ἆσσον-ἥσουσιν
460 2240 495 2267 ἐν
507 2241 622 2274 αὑταῖς.

125 2282 211 2310 POB'.
232 2283 284 2311 Τδν
305 2284 429 2312 συνιέντα
455 2286 533 2312 ταυτὶ
561 2286 642 2320 σοφόν
673 2294 704 2312 τε
729 2283 809 2319 εἶναι,
837 2286 885 2313 καὶ

93 2327 279 2355 συνετώτατον
306 2325 336 2356 εὖ
369 2329 442 2364 μάλα
468 2330 560 2365 φησιν.
585 2331 728 2357 Ἔκκειται
746 2331 800 2366 γὰρ
823 2330 883 2365 οὐχὶ

92 2374 149 2405 τοῖς
178 2373 317 2401 ἐθέλουσιν
345 2374 462 2409 ἑτοίμως
482 2376 553 2403 ἑλεῖν
572 2377 588 2412 ἡ
611 2376 667 2403 τῶν
690 2375 770 2403 Θείων
786 2376 884 2411 λογίων

93 2419 257 2455 κατάληψις.
281 2420 351 2447 Ἀλλ’
362 2421 417 2448 οὐδ’
433 2421 466 2449 ἂν
482 2421 591 2448 δύναιτό
604 2430 646 2454 τις
659 2422 779 2449 συνιέναι
798 2430 883 2458 παρα-

94 2463 184 2500 ϐολὴν,
209 2465 258 2492 καὶ
279 2467 417 2494 σκοτεινὸν
438 2467 526 2502 λόγον,
547 2468 642 2503 ῥήσεις
659 2476 690 2494 τε
708 2467 808 2501 σοφῶν,
836 2467 883 2494 καὶ

93 2509 253 2545 αἰνίγματα,
265 2511 336 2538 κατὰ
348 2511 379 2538 τὸ
393 2511 596 2547 γεγραμμένον,
606 2513 630 2538 ει
643 2511 680 2547 μὴ
693 2512 737 2539 διὰ
752 2512 801 2547 τῆς
811 2511 882 2538 ἂνω-

94 2554 138 2582 θεν
155 2555 312 2591 δᾳδουχίας,
332 2557 452 2592 Χριστοῦ
470 2557 611 2589 καθιέντος
631 2558 671 2589 είς
683 2557 745 2584 νοῦν
758 2558 804 2585 καὶ
815 2566 882 2593 καρ-

94 2601 163 2635 δίαν,
172 2600 273 2638 οἷάπερ
281 2604 382 2630 ἀκτῖνα
391 2603 530 2639 λαμπρὰν,
540 2604 589 2640 τὴν
602 2604 667 2639 παρ’
677 2602 774 2631 ἑαυτοῦ
792 2603 880 2638 χάριν.

93 2648 218 2676 Διδάσκει
239 2649 280 2681 δὲ,
305 2650 349 2676 ὅτι
368 2649 400 2676 τὸ
422 2649 471 2684 μὲν
491 2649 620 2677 δύνασθαι
633 2650 750 2677 διάττειν
766 2649 815 2684 τὴν
838 2649 881 2675 ἐπ’

94 2694 166 2727 εὐθὺ,
180 2695 228 2722 καὶ
245 2695 415 2722 ἀνδάνουσαν
431 2696 470 2731 τῷ
493 2695 553 2731 Θεῷ
567 2696 671 2732 τρίϐον,
694 2695 883 2730 ἀταλαίπωρον

95 2741 188 2777 κομιδῇ
208 2741 261 2776 τῆς
285 2742 468 2776 κοσμιότητος
487 2742 624 2777 ἐρασταῖς.
651 2742 707 2768 Οὐκ
732 2740 836 2776 ἀτραχυ
855 2740 882 2766 δὲ

124 2831 147 2846 ⁸³
162 2831 214 2859 Isa.
229 2838 288 2863 XLI,
303 2829 352 2856 23.
392 2829 414 2845 “
427 2829 483 2858 Jer.
502 2838 529 2863 x,
553 2830 594 2858 II.
635 2830 656 2846 "
671 2829 739 2857 Psal.
760 2836 842 2860 cxvu,
860 2829 902 2854 Ην.

933 2248 982 2267 eis.

968 2283 1095 2312 CLXXII.
1110 2283 1161 2317 Qui
1181 2283 1238 2310 haec
1265 2280 1442 2313 intellexerit,
1466 2279 1614 2314 sapientem
1637 2282 1719 2312 atque

932 2330 1206 2366 intelligentissimum
1219 2335 1281 2356 esse
1297 2327 1438 2355 verissime
1454 2325 1591 2360 pradicat.
1606 2325 1710 2351 Divino-

932 2385 991 2405 rum
1007 2377 1105 2412 quippe
1119 2375 1290 2403 oraculorum
1309 2371 1514 2406 comprehensio
1530 2377 1584 2397 non
1609 2375 1650 2397 est
1671 2376 1719 2396 ex-

932 2422 1016 2457 posita
1033 2420 1172 2456 quibusvis
1187 2425 1285 2453 capere
1297 2417 1386 2445 statim
1397 2415 1558 2442 volentibus.
1569 2413 1621 2441 Sed
1632 2419 1719 2447 neque

932 2467 1017 2503 possit
1033 2466 1093 2502 quis
1108 2464 1259 2499 intelligere
1273 2461 1437 2498 parabolam,
1461 2464 1488 2487 et
1508 2465 1659 2486 sermonem
1677 2461 1718 2484 te-

933 2513 1115 2543 nebricosum,
1130 2510 1255 2544 dictaque
1267 2508 1430 2543 sapientum,
1447 2510 1473 2533 et
1488 2504 1628 2539 aenigmata
1643 2503 1677 2535 ³⁷,
1690 2507 1719 2530 ιιι

934 2559 1064 2592 scriptum
1078 2560 1130 2589 est,
1148 2555 1200 2583 nisi
1217 2555 1332 2588 desuper
1343 2551 1443 2579 lumine
1464 2549 1573 2585 praelato
1595 2548 1719 2576 Christus

936 2605 962 2632 in
980 2604 1099 2631 animum
1116 2605 1143 2629 et
1162 2608 1219 2633 cor,
1244 2600 1331 2627 instar
1356 2596 1487 2631 splendidi
1512 2595 1590 2626 radii,
1603 2593 1718 2628 gratiam

936 2656 1012 2677 suam
1041 2647 1188 2676 demiserit.
1212 2645 1294 2673 Docet
1318 2649 1399 2679 porro
1424 2640 1560 2669 modestiae
1585 2642 1720 2665 amatores

937 2700 1038 2722 rectam
1057 2693 1164 2727 Deoque
1176 2691 1325 2727 placentem
1338 2688 1460 2716 semitam
1475 2686 1543 2713 citra
1559 2683 1640 2711 ullam
1660 2689 1719 2709 mo-

939 2741 1043 2768 lestiam
1063 2747 1095 2766 ac
1107 2739 1224 2765 laborem
1242 2742 1320 2771 posse
1340 2739 1465 2765 currere;
1483 2731 1560 2758 aliter
1577 2729 1667 2756 animo
1681 2727 1721 2754 af-

940 2828 961 2843 ³⁸
979 2827 1055 2854 Joaa.
1080 2833 1122 2859 xv,
1140 2825 1165 2852 5.
1204 2824 1224 2839 ³⁷
1243 2823 1321 2851 Prov.
1342 2817 1361 2854 ι,
1376 2821 1401 2848 6.
