1919 3042
213 166 268 195 δυ

710 155 738 182 5.
760 152 893 182 CYIHLLI
915 150 1150 178 ΑιλΕιιΑΝειιιλι
1170 149 1328 177 ARCIHEP.

1787 146 1842 174 ὃν.ιὸ

213 224 293 254 fectis
304 229 362 250 rem
375 226 435 249 esse
451 223 585 253 asperam.
600 214 666 242 Nam
684 212 736 240 illis
760 211 792 239 ad
814 210 928 246 quodvis
953 210 999 237 bo-

1055 209 1079 235 τὸ
1091 209 1185 244 χρῆμά
1199 209 1258 234 ἔστι
1269 209 1326 239 τοῖς
1339 207 1388 243 οὺχ
1399 203 1450 234 ὦδε
1461 207 1551 242 ἔχουσι
1562 204 1685 241 γνώμης.
1702 204 1774 236 Τοὺς
1792 204 1842 240 μὲν

214 278 279 298 num
294 267 389 303 cupida
403 272 436 293 ac
448 267 571 299 prompta
583 267 660 289 mens
673 259 743 286 vires
752 257 999 303 suﬁicit,utquam-

213 317 255 343 vis
269 302 439 348 rapidissimo
460 316 540 337 cursu
557 307 590 334 ad
617 305 812 334 conﬁciendam
829 302 881 331 sibi
902 302 998 348 bonam

213 347 312 388 tamam
330 357 470 387 ferantur,
486 354 536 381 hos
548 356 638 380 autem
654 350 796 386 propensio
815 353 842 376 et
859 347 1000 375 inclinatio

213 405 247 433 ad
258 403 404 438 nequitiam
418 404 446 428 et
457 404 610 434 peccatum,
628 397 734 425 timidos
759 400 787 423 et
800 393 922 422 imbelles
936 392 998 420 red-

214 450 264 481 dit,
279 455 329 475 nec
341 446 472 474 habentes
485 453 500 472 a
516 445 571 472 Deo
591 442 662 471 unde
687 441 796 470 virtutis
812 439 899 469 oﬂicia
921 445 1001 467 exse-

214 498 342 528 quantur,
358 492 487 528 quoniam
501 491 586 526 ipsam
600 487 754 524 aprincipio
776 484 999 522 posthabuerunt.

213 540 407 574 Quamobrem,
424 538 447 566 si
463 537 577 565 solertes
592 542 686 563 sumus
704 538 732 561 et
753 533 881 567 sapimus.
904 538 918 557 a
946 530 1001 558 Deo

213 590 348 620 petamus,
362 589 391 611 ut
404 590 464 618 quae
474 583 550 610 decet
563 588 644 617 agere
667 579 811 615 possimus.
833 577 925 605 Faciet
945 575 1001 604 voti

213 634 356 664 compotes
369 636 418 664 pro
433 633 519 660 certo,
536 634 595 654 cum
613 626 648 654 sit
665 625 808 660 benignus,
823 627 849 649 et
869 620 1002 656 spirituali

216 677 313 703 robore
326 683 374 710 per
385 674 523 702 Christum
555 679 603 700 nos
629 670 759 706 implebit.
787 668 839 696 Per
862 674 942 702 quem
970 670 999 693 et

214 729 277 749 cum
295 728 348 755 quo
363 721 417 748 Deo
441 723 468 747 et
482 718 556 746 Patri
574 717 669 752 gloria,
687 723 747 744 cum
774 718 868 743 sancto
885 712 999 748 Spiritu,

216 767 244 795 in
258 773 365 794 omnem
381 765 572 793 aeternitatem.
588 762 685 790 Amen.

1050 255 1104 290 γὰρ
1123 256 1140 290 ή
1164 255 1204 286 εἰς
1228 255 1282 281 πᾶν
1299 254 1389 281 ὁτιοῦν
1407 253 1463 280 τῶν
1476 253 1586 288 ἀγαθῶν
1607 251 1701 287 ἔφεσίς
1727 260 1758 278 τε
1794 252 1844 278 καὶ

1050 300 1190 336 προθυμία
1218 300 1365 335 διανευροῖ,
1387 299 1434 325 καὶ
1463 298 1571 333 ἀσχέτῳ
1597 297 1726 332 φέρεσθαι
1752 295 1843 322 πεῑθει

1049 348 1142 383 δρόμῳ
1156 347 1224 383 πρὸς
1234 347 1265 373 τὸ
1282 346 1369 374 θέλειν
1384 345 1545 380 εὐδοκιμεῖν.
1566 344 1634 375 Τοὺς
1649 343 1678 370 δὲ
1693 342 1775 378 ῥοπὴ,
1795 342 1843 368 καὶ

1049 394 1186 425 διὰνευσις
1204 394 1221 428 ἡ
1240 393 1280 425 εἰς
1292 391 1447 427 φαυλότητά
1463 400 1493 418 τε
1514 390 1561 418 καὶ
1575 389 1724 425 ἁμαρτίαν,
1738 388 1843 419 δειλοὺς

1050 440 1098 466 καὶ
1118 439 1268 474 ἀνάνδρους
1283 438 1449 473 ἅποφήνειεν
1466 437 1511 470 ἃν,
1522 436 1570 463 καὶ
1582 436 1632 463 οὐκ
1646 435 1758 471 ἔχοντας
1767 433 1843 470 παρὰ

1052 484 1121 512 Θεοῦ
1137 484 1168 511 τδ
1178 483 1328 518 κατορθοῦν
1341 483 1472 510 δύνασθαι
1494 482 1543 518 τὴν
1566 481 1677 517 ἀρετὴν,
1694 481 1735 507 ὅτι
1755 480 1792 515 μὴ
1812 481 1842 506 ὲν

1054 530 1152 565 ἀρχαῖς
1169 529 1358 564 τετιμήκασιν.
1380 528 1496 558 Οὐκοῦν,
1519 527 1597 562 εἴπερ
1622 526 1706 561 ὲσμὲν
1720 524 1842 559 ἁγχῐνοοι

1055 576 1102 603 καὶ
1115 575 1203 610 σοφοὶ,
1219 574 1296 609 παρὰ
1315 573 1383 601 Θεοῦ
1396 573 1427 599 τὸ
1437 572 1568 599 δύνασθαι
1583 572 1649 607 δρᾷν
1665 566 1684 598 ’ἃ
1701 571 1842 606 προσῆκεν

1052 622 1218 657 αιτήσωμεν.
1237 621 1379 655 Χαριείτιι
1400 619 1428 646 δὲ
1436 619 1555 649 πάντως,
1581 617 1772 652 φιλάνθρωπος
1791 615 1840 648 ὦν,

1052 667 1100 694 καὶ
1113 667 1303 701 πνευματικῆς
1322 665 1413 700 ἰσχύος
1426 664 1558 699 ἐκπλήσει
1580 663 1624 690 διὰ
1641 662 1773 698 Χριστοῦ.
1802 662 1841 688 Δι’

1051 709 1082 740 οὗ
1106 712 1153 739 καὶ
1173 711 1232 747 μεθ’
1244 709 1274 738 οὗ
1294 711 1333 746 τῷ
1346 710 1406 746 Θεῷ
1425 710 1471 737 καὶ
1485 709 1573 745 Πατρὶ
1585 709 1685 745 ὴδόξα,
1705 708 1754 734 σὺν
1773 707 1842 742 ἁγίῳ

1051 757 1202 793 Πνεύματι,
1218 757 1258 789 εἰς
1273 757 1336 789 τοὺς
1350 756 1451 788 αἰῶνας
1463 755 1518 782 τῶν
1527 754 1644 783 αἰώνων.
1665 753 1762 790 ’Δμήν.

223 857 1833 889 m======ﬁ=======

577 957 691 1003 ΤΟΥ
730 958 804 1002 ΕΝ
839 939 1023 1000 ΑΓΙΟΙΣ
1058 954 1278 1000 ΠΑΤΡοΣ
1316 953 1481 1000 ΗΜΩΝ

691 1057 1368 1147 ΚΥΡΙΛΛΟΥ

378 1223 1021 1287 ΑΡΧΙΕΠΙΣΚΟΠΟΥ
1065 1213 1685 1298 ἈΔΕΞΑΝΔΡΕΙΑΣ,

781 1341 967 1370 ΕΞΗΓΗΣΙΣ
989 1341 1189 1371 ΥΠΟΜΝΗΜΔ
1195 1342 1284 1369 ΤῙΚΗ

469 1441 602 1507 ΕΙΣ
641 1438 816 1535 TON
854 1437 1329 1504 ΠΡΟΦΗΤΗΝ
1363 1434 1593 1503 ΙΩΗΑ.

572 1665 658 1755 S.
725 1666 824 1753 P.
885 1665 984 1753 N.

1053 1664 1493 1755 CYBILLI

767 1823 1002 1854 ALEXANDRIE
1029 1823 1306 1860 ARCHIEPISCOPI,

391 1923 453 1970 IN
490 1920 726 1970 JOELEM
763 1921 1129 1968 PROPHETAM
1169 1921 1683 1986 COMMENTARIUS,

831 2030 1032 2057 CONTINENS
1058 2029 1172 2056 TOMOS
1188 2030 1229 2055 ΙΙ.

1008 2114 1044 2123 ...-

1021 2186 1047 2214 υ
1286 2181 1617 2228 ΠΡΟΟΙΜΙΟΝ.

427 2186 791 2233 PRO(EMIUM.

257 2258 336 2297 197
359 2259 381 2288 Ι.
398 2259 526 2288 Divinum
543 2257 648 2288 Joelem
662 2260 756 2287 eadem
782 2264 940 2294 tempestate
955 2269 1006 2289 va-

220 2307 363 2335 ticinatum
377 2309 502 2341 apparet,
519 2312 573 2340 qua
587 2305 678 2333 cteteri
693 2310 757 2333 ante
771 2305 857 2340 ipsum
870 2306 1005 2339 collocati,

220 2351 316 2384 Oseas,
332 2351 452 2386 inquam,
464 2355 492 2378 et
505 2352 589 2377 Amos
606 2350 781 2384 prophetasse
804 2350 915 2385 intelligi
944 2359 1006 2386 pos-

220 2401 293 2424 sunt.
311 2396 416 2424 Hebraei
429 2402 545 2429 namque
556 2402 608 2421 non
624 2398 684 2429 post
705 2393 855 2428 Michaeam,
879 2395 925 2423 sed
947 2400 1007 2430 post

220 2441 280 2469 illos
294 2448 309 2467 a
323 2447 365 2468 me
382 2440 533 2468 nominatos
560 2440 712 2474 ponendum
738 2439 914 2467 arbitrantur.
930 2440 1002 2468 Con-

220 2487 353 2521 queritur.
367 2490 396 2512 ut
413 2492 472 2512 mea
485 2489 526 2513 est
538 2486 639 2520 opinio,
659 2493 739 2520 super
751 2485 888 2518 lsraelitis,
904 2493 1004 2521 eosque

219 2530 379 2566 gravissime
394 2530 554 2562 insectatur,
572 2529 700 2564 quoniam
724 2537 756 2556 eo
780 2529 886 2556 demum
908 2537 1002 2564 super-

218 2577 270 2603 bia;
287 2583 319 2602 ac
343 2576 460 2611 stuporis
491 2576 623 2608 venerint,
649 2581 676 2603 et
701 2576 737 2603 ita
765 2582 872 2602 onmem
895 2575 1000 2602 dolendi

218 2628 327 2649 sensum
341 2621 492 2654 amiserint,
506 2626 536 2648 ut
549 2621 621 2648 nullo
636 2621 715 2656 plane
734 2620 864 2655 supplicio
879 2627 893 2646 a
907 2627 1002 2655 peccao

219 2666 254 2694 tis
270 2666 461 2700 reprimantur,
480 2667 619 2704 necVadeo
639 2667 752 2699 crebris,
774 2670 801 2693 et
823 2670 928 2693 tantum
949 2674 1001 2693 non

219 2711 352 2739 acervatis
367 2711 564 2739 calamitatibus
579 2715 781 2747 expugnentur,
801 2712 908 2746 quando
931 2716 1001 2739 tem-

218 2764 269 2792 pus
281 2757 368 2784 adhuc
382 2757 482 2784 nullum
497 2758 632 2790 inciderit,
656 2765 710 2792 quo
734 2758 775 2785 vel
800 2757 964 2792 aliquantum
988 2765 1002 2784 a

219 2802 336 2830 miseriis
350 2803 520 2837 requiescere
534 2803 649 2830 licuerit.
666 2803 779 2830 Constat
801 2810 882 2837 porro
906 2802 1002 2830 Isaiam

220 2855 328 2884 quoque
341 2849 368 2876 in
395 2848 517 2877 eamdem
542 2849 706 2878 sententiam
724 2850 854 2878 locutum.
876 2857 886 2877 ι
917 2849 1003 2878 Iratus

1094 2260 1263 2296 Προφητεύει
1279 2261 1328 2297 μὲν
1347 2261 1362 2288 ὁ
1374 2261 1515 2293 θεσπέσιος
1537 2260 1613 2296 Ἰωὴλ
1626 2260 1656 2286 ἐν
1676 2259 1791 2295 χρόνοις,
1804 2261 1843 2294 ὡς

1059 2306 1141 2340 ἔοικε,
1160 2306 1221 2333 καθ’
1240 2306 1287 2338 οὒς
1305 2307 1339 2334 ἂν
1353 2308 1454 2334 νοοῖντο
1473 2306 1521 2333 καὶ
1536 2307 1562 2332 οι
1576 2306 1630 2342 πρὸ
1649 2306 1733 2332 αὑτοῦ
1747 2315 1844 2341 τεταγ-

1060 2352 1146 2387 μένοι,
1155 2351 1200 2378 τδν
1215 2352 1293 2387 Ὠσηὲ
1305 2352 1334 2379 δέ
1347 2360 1429 2388 φημι,
1440 2352 1487 2378 καὶ
1499 2352 1589 2387 μέντοι
1612 2351 1659 2378 καὶ
1672 2351 1720 2379 τὸν
1741 2351 1842 2387 Ἀμώς.

1057 2399 1136 2424 Δοκεῖ
1160 2397 1214 2433 γὰρ
1234 2398 1368 2434 Ἑϐραίοις
1383 2398 1413 2424 οὐ
1439 2398 1509 2433 μετά
1526 2406 1558 2432 γε
1576 2398 1622 2424 τὸν
1638 2397 1770 2432 Μιχαίαν,
1786 2398 1844 2425 ἀλλ’

1056 2444 1170 2476 ἐκείνοις
1181 2444 1261 2471 αὐτὸν
1275 2445 1454 2480 συντετάχθαι
1467 2445 1530 2472 δεῖν.
1547 2444 1735 2479 Καταγορεύει
1751 2444 1790 2476 δὲ,
1805 2443 1843 2476 ῶς

1056 2489 1087 2523 γέ
1103 2497 1148 2524 μοι
1168 2489 1304 2523 φαίνεται,
1317 2490 1371 2517 τῶν
1386 2490 1416 2523 ἐξ
1437 2490 1556 2526 Ἰσραὴλ,
1572 2490 1618 2516 καὶ
1634 2489 1764 2525 πλείστην
1776 2490 1842 2524 ὅσην

1055 2535 1144 2562 αὐτῶν
1155 2536 1270 2561 ποιεῖται
1283 2535 1430 2572 καταϐοὴν,
1441 2536 1479 2568 ὡς
1492 2537 1532 2567 εἰς
1541 2535 1619 2562 τοῦτο
1630 2535 1724 2561 λοιπὸν
1736 2536 1843 2570 ἀγερω-

1055 2581 1116 2615 χίας
1127 2581 1245 2616 ῐγμένων
1257 2581 1426 2617 ἀποπληξίας
1447 2591 1477 2608 τε
1491 2582 1538 2608 καὶ
1550 2580 1726 2616 ἀναλγησίας,
1739 2581 1777 2612 ὡς
1790 2581 1842 2607 ὑπὸ
1866 2591 1868 2593 ·

1057 2626 1169 2661 μηδενὸς
1183 2627 1345 2662 τοπαράπαν
1360 2627 1561 2654 ἀνακόπτεσθαι
1580 2627 1635 2654 τῶν
1648 2627 1754 2658 κακῶν,
1772 2628 1840 2662 μήτε

1057 2672 1107 2707 μὲν
1120 2673 1179 2704 ταῖς
1204 2672 1276 2699 οὕτω
1290 2673 1404 2708 (πυκνῶς,
1421 2674 1560 2709 μονονουχὶ
1584 2673 1612 2700 δὲ
1637 2673 1684 2699 καὶ
1701 2673 1841 2708 στοιχηδὸν

1056 2717 1281 2752 ὲπενηνεγμένοις
1301 2719 1433 2752 ἡττᾶσθαι
1451 2720 1613 2754 συμφοραῖς,
1630 2719 1720 2745 καίτοι
1744 2718 1839 2753 χρόνου

1057 2761 1169 2795 μηδενὸς
1191 2763 1440 2797 παρεισδεδυκότος,
1462 2764 1523 2791 καθ’
1541 2764 1570 2790 ὃν
1596 2763 1774 2798 ἀναφαίνοιτό
1800 2772 1840 2794 τις

1052 2806 1213 2838 ἀνάπνευσις
1236 2807 1283 2833 τοῦ
1306 2807 1403 2840 κακοῦ,
1419 2808 1470 2835 κᾶν
1492 2808 1557 2843 γοῦν
1579 2809 1704 2844 βραχεῖα,
1727 2817 1840 2844 γεγενη-

1055 2849 1131 2884 μένη.
1153 2850 1311 2887 Εὐρήσομεν
1329 2852 1357 2879 δὲ
1380 2854 1427 2880 καὶ
1449 2853 1563 2882 Ἡσαΐαν
1575 2854 1619 2881 διὰ
1640 2854 1696 2881 τῶν
1716 2855 1784 2882 ἴσων
1797 2853 1839 2882 Ma
