1919 3042
181 127 229 155 351

182 186 305 221 patribus
317 192 422 218 eorum,
438 188 481 211 aut
497 184 564 218 ipsis
582 182 697 217 posteris
723 189 737 207 a
770 181 823 208 Deo
843 181 976 207 irascente
993 183 1013 210 Α

182 233 334 268 importata:
349 224 412 259 sint.
426 230 613 265 “epulandum
639 228 721 262 igitur
736 227 785 259 ait,
807 233 896 254 utrum
921 235 974 254 non

181 287 251 308 nova
262 278 436 309 etinusitata,
454 283 502 303 nec
517 275 563 302 ulli
578 274 694 302 fortasse
720 274 870 309 priscorum
889 274 974 301 herni-

181 333 245 353 num
257 324 363 359 coguita
375 327 533 350 narraturus
542 322 586 349 sit.
600 321 704 348 Debere
718 321 801 348 etiam
827 320 854 348 in
879 320 976 355 primis

181 378 293 399 casteros
304 370 341 397 ait
353 369 515 403 disquirere,
528 376 591 395 num
616 368 681 403 quid
700 367 885 402 hujuscemodi
903 367 975 400 ipso-

168 414 240 445 ~rum
255 416 415 444 memoriam
430 415 586 450 contigerit,
597 419 623 442 et
642 414 700 443 fore
713 414 853 442 materiam
882 421 976 440 narra-

180 465 262 492 tionis
273 463 454 498 sempilernaz,
465 469 525 497 qum
536 469 588 489 non
607 469 698 494 unam,
714 468 764 488 nec
777 461 854 493 duas,
864 464 910 487 aut
919 465 975 487 tres

178 511 366 544 generationes
381 509 520 544 pervadat,
536 507 582 536 sed
596 507 707 535 multum
732 507 822 542 potius
853 507 973 533 excedat.

179 557 256 584 Sicut
271 556 343 584 enim
362 555 505 582 illustrium
525 562 628 585 rerum,
643 559 670 581 et
696 553 811 581 fortasse
829 552 976 580 delectabi-

178 604 245 630 lium
259 610 367 637 quoque
383 601 577 636 expositiones,
595 601 741 627 multorum
759 599 869 627 auribus
881 599 975 634 dignas

180 649 360 681 alllrmamus;
376 648 414 675 ita
433 646 609 675 nihilominus
623 647 802 674 memoranda
831 645 889 680 iure
909 653 974 673 con-

178 700 282 725 Seritur.
296 702 356 729 qua:
367 688 427 721 cum
437 693 560 721 adversis
585 693 693 720 casibus
721 697 747 720 et
773 691 975 719 calamitatibus

179 741 323 776 conjuncta
337 744 409 768 sunt.
423 738 490 767 Nam
502 744 528 767 et
547 741 604 767 haec
631 744 735 766 tantum
753 746 805 765 non
821 738 976 772 exprimunt

180 788 322 815 veritatem
336 786 545 822 quodammodo,
564 785 755 819 molestiusque
781 791 829 819 per
842 791 975 811 summam

181 833 377 869 impudentiam
390 833 529 866 instantia,
549 831 684 860 recenseri
701 831 840 866 postulant
872 836 899 858 et
914 838 975 858 cum

181 881 297 908 niaxime
312 880 462 915 insignibus
477 880 509 906 de
528 878 612 914 gloria
647 878 825 905 contendunt.
836 877 924 912 Atque
945 881 974 904 ut
990 883 1010 910 ῃ

180 927 249 953 bona
269 946 276 958 ,
296 926 347 958 sic,
363 926 468 960 opinor,
482 930 508 951 et
522 924 639 951 infausta
653 931 684 951 ac
698 923 801 957 tristia,
823 931 875 950 non
892 923 976 950 inuti-

179 972 243 999 liter
256 975 511 999 commemorantur.
527 969 572 997 Illa
587 969 719 1004 siquidem
735 971 767 997 ad
779 970 887 997 virtutis
903 977 978 997 amo-

181 1026 238 1045 rem
249 1018 432 1045 auscultantes
446 1018 642 1049 acuunt;h:ec,
661 1016 729 1043 mala
756 1021 900 1051 antequam
928 1024 976 1043 ve-

181 1065 257 1091 niant
272 1063 493 1098 sentianturque,
514 1063 655 1097 deprecari
670 1062 786 1095 docent;
800 1066 828 1089 et
855 1069 901 1096 per
919 1068 978 1096 qua:

181 1110 225 1136 alii
240 1116 333 1143 pmnas
346 1112 536 1143 susceperunt,
552 1116 599 1143 per
614 1107 709 1135 eadem
723 1107 832 1143 paribus
848 1114 876 1134 se
892 1107 976 1134 scele-

180 1156 255 1183 ribus
270 1155 378 1183 irrctire
390 1155 529 1190 cupientes
543 1162 596 1182 non
607 1154 710 1183 sinunt.

218 1290 301 1319 Vsus.
313 1290 342 1318 4.
357 1289 472 1318 Residua
481 1296 567 1318 eruat
581 1287 692 1317 comedit
710 1287 821 1321 locusta.
837 1293 861 1316 et
872 1288 979 1316 residua

180 1338 290 1365 Ianua
306 1336 416 1366 comedit
432 1336 557 1370 bruchus,
585 1340 611 1364 et
628 1334 734 1363 residua
755 1334 847 1362 bruclu'
868 1335 979 1363 comedit

182 1385 291 1420 rubigo.

216 1472 380 1508 "Semper
387 1472 507 1501 inuitata
515 1476 558 1500 est
570 1471 694 1500 nonnihil
702 1475 858 1499 sanctorum
865 1469 980 1506 prophe-

181 1522 272 1546 tat-tul
286 1517 387 1550 oratio,
399 1521 428 1545 et
440 1521 551 1545 narratu
570 1517 727 1544 tristissima
756 1517 827 1544 haud
852 1516 920 1543 satis
946 1516 979 1542 li-

181 1564 277 1592 benter
296 1563 460 1599 proferunt;
479 1570 547 1590 neve
573 1563 715 1591 audientes
742 1562 900 1590 eﬁrenatius
924 1562 978 1588 ira-
992 1573 1012 1602 ρ

182 1615 302 1643 scantur,
321 1617 389 1644 quas
413 1613 538 1644 possunt,
567 1609 741 1637 obscuritatis
766 1609 874 1636 umbras
896 1608 976 1635 indu-

182 1660 266 1688 cunt;
288 1656 431 1690 aenigmata
458 1656 540 1682 etiam
566 1659 592 1682 et
617 1655 758 1690 parabolas
792 1653 978 1688 excogitantes

183 1710 236 1729 non
261 1701 433 1729 mediocriter
457 1705 585 1735 prosunt;
618 1708 808 1736 nonnunquam
834 1705 861 1728 et
885 1707 978 1727 essent-

183 1749 225 1782 pla
266 1752 417 1783 opportuna
456 1747 583 1775 afferunt.
617 1746 662 1774 Sic
697 1747 767 1781 apud
809 1745 976 1774 Ezechielcm

186 1804 196 1820 ο
216 1794 311 1829 Aquila
324 1794 445 1829 grandis,
466 1801 625 1829 magnarum
646 1793 761 1826 alarum,
777 1802 786 1818 ι
807 1792 977 1827 proponitur,

185 1850 194 1866 ε
208 1840 287 1875 longo
301 1840 484 1868 membrorum
497 1840 589 1872 ductu,
606 1845 633 1868 et
647 1839 722 1875 plena
739 1839 847 1875 plumis,
862 1846 922 1873 qua:
934 1837 978 1864 ha-

183 1885 227 1912 bet
242 1886 351 1913 ductum
368 1886 485 1913 intrandi
514 1886 547 1913 ad
578 1886 723 1918 Libanum,
749 1889 777 1912 et
804 1885 864 1912 tulit
890 1883 976 1911 electa

181 1932 445 1960 cedri.Summitates
460 1931 651 1959 teneritudinis
664 1931 722 1966 ejus
736 1931 872 1962 avulsit,ct
887 1936 975 1959 trans.

184 1979 301 2014 portavit
331 1986 378 2006 eas
391 1979 417 2006 in
435 1983 535 2006 terram
562 1979 690 2006 Chanaan
703 1978 737 2004 “.
757 1987 766 2004 ι
783 1977 977 2013 Subsigniﬁca-

182 2025 220 2051 vit
231 2025 302 2052 enim
318 2024 414 2057 Assur,
431 2025 581 2060 principem
606 2029 684 2051 terrae
715 2023 878 2060 Babyloniae,
894 2024 978 2058 200

183 2070 228 2105 qui
243 2070 343 2097 eximia
358 2078 471 2104 qumque
498 2078 530 2097 ex
552 2070 634 2097 Israel
660 2069 782 2104 diripuit,
815 2069 978 2103 domumque

183 2116 282 2143 avexit.
299 2115 338 2142 Ac
358 2115 517 2142 sterilitates
545 2115 653 2149 quidem
681 2122 818 2149 agrorum,
843 2114 978 2141 fructuum

183 2168 351 2190 Inaturorum
371 2161 523 2196 penuriam,
548 2168 646 2188 smvam
683 2168 755 2195 saepe
776 2165 803 2188 et
823 2161 977 2188 diuturnam

183 2208 282 2235 famem
299 2214 347 2242 per
361 2206 480 2233 Judaaam
491 2206 638 2238 exstitisse,
663 2213 740 2234 sacra
763 2206 902 2241 Scriptura
936 2213 979 2233 re-
998 2223 1001 2225 ›

183 2255 244 2281 fert.
276 2253 428 2286 Quinetiam
442 2252 550 2286 quidam
568 2252 637 2279 l‘ame
646 2253 773 2279 macerati
790 2259 822 2279 eo
838 2253 976 2287 angnstia-
994 2262 1016 2290 ι)

182 2307 242 2326 rum
255 2298 343 2326 adacti
362 2301 434 2330 sunt,
452 2302 480 2324 ut
494 2302 573 2332 caput
588 2297 658 2324 asini
682 2298 877 2333 quinquaginta
905 2298 979 2326 siclis

182 2347 305 2372 emerent
321 2343 356 2370 “.
369 2342 562 2370 Calamitosum
579 2347 685 2377 tempus
695 2344 842 2371 ostendunt
870 2351 978 2378 quoque

182 2397 263 2424 super
278 2387 427 2415 infantibus
448 2388 569 2415 rixantes
599 2388 658 2415 duae
685 2388 858 2416 mulierculae.
883 2389 976 2416 Altero

183 2437 254 2462 enim
272 2435 425 2468 absumpto,
443 2433 476 2461 de
487 2434 574 2461 altero
591 2434 790 2470 vivojudicium
805 2443 820 2462 a
839 2442 901 2470 rege
928 2443 975 2469 pe-

186 2480 326 2508 tebant".
342 2478 431 2511 Quare
448 2479 469 2506 si
481 2487 605 2514 agrorum
625 2479 843 2513 iul'ecunditates,
870 2485 897 2508 et
918 2480 973 2507 I'ru-

183 2532 275 2554 ctuum
289 2526 353 2552 vitia
370 2525 543 2561 propheticus
559 2533 648 2554 sermo
662 2527 742 2554 nobis
758 2534 805 2561 per
825 2527 885 2554 haec
901 2526 974 2553 inte-

184 2577 311 2609 gumenta
329 2573 442 2605 indicat,
457 2573 536 2600 etiam
552 2573 591 2601 sic
603 2580 646 2602 res
659 2573 828 2601 intoleranda
844 2573 974 2608 intelliga-

185 2627 238 2648 tur.
253 2619 320 2647 Nam
333 2620 476 2654 gradatim,
504 2620 562 2647 sine
582 2619 723 2647 intervallo
745 2619 825 2655 longe
849 2618 974 2654 plurimis

184 2671 211 2693 et
224 2665 384 2693 immanibus
403 2666 570 2694 detrimentis
583 2665 738 2699 deformari,
759 2666 894 2701 quomodo
921 2673 973 2692 non

185 2718 348 2747 magnopere
365 2711 574 2746 intolerandum,
587 2717 614 2740 et
641 2713 748 2740 silentio
776 2713 865 2746 potius
893 2719 973 2745 quam

184 2756 339 2783 narratione
353 2755 465 2792 dignum
479 2757 542 2785 est?
555 2757 630 2790 Quod
646 2758 667 2785 si
682 2765 714 2785 ex
731 2757 811 2785 dielis
831 2756 975 2784 involutio-

217 2844 242 2862 “
261 2845 358 2874 Ezcclt.
379 2854 445 2879 xv",
459 2847 484 2872 7.
524 2846 547 2862 ⁸⁸
566 2845 598 2872 ιν
620 2846 683 2881 Reg.
707 2853 742 2878 τι,

683 123 711 149 S.
734 121 868 150 CYRILLI
890 120 1123 149 ALEXANDRINI
1144 120 1302 149 ABCIIIEP.

1773 121 1829 150 332

1028 181 1084 211 τοῖς
1098 180 1234 215 πατράσιν
1245 180 1348 212 αὐτῶν,
1363 180 1446 215 ἤγουν
1458 181 1513 212 τοῖς
1524 180 1563 206 ἔτι
1576 180 1691 207 κατόπιν
1704 180 1736 206 ἐκ
1751 179 1829 213 θείας

1028 225 1113 260 ὀργῆς
1130 225 1346 261 ὲπενηνεγμὲνα·
1363 226 1573 261 άναλογίζεσθαί
1587 235 1615 253 τε
1632 226 1688 253 δεῖν
1708 227 1761 262 ἔφη
1773 227 1829 253 λοι-

1029 272 1090 304 πὸν,
1105 272 1130 298 εἰ
1146 272 1184 307 μὴ
1201 272 1264 305 ξένα
1277 272 1324 298 καὶ
1338 272 1410 308 ἀήθη
1425 272 1459 300 τὰ
1478 273 1651 308 διηγήματα,
1667 273 1716 300 καὶ
1738 273 1829 299 οὐδενί

1028 326 1072 344 πω
1085 317 1157 352 τάχα
1172 317 1227 344 τῶν
1247 318 1331 345 πάλαι
1356 319 1555 354 διεγνωσμὲνα.
1572 319 1697 346 Συνιέναι
1716 328 1749 354 γε
1774 320 1829 355 μὴν

1028 362 1058 391 εὖ
1073 364 1145 399 μάλα
1157 366 1308 400 προσήκειν
1321 365 1442 396 καὶτοὺς
1454 366 1564 401 ἑτέρους
1588 366 1665 401 φησὶ,
1677 367 1701 393 εί
1714 367 1830 394 τοιαῦτα

1028 409 1140 444 γέγονεν
1163 410 1208 435 ἐπ’
1225 410 1316 436 αὐτῶν
1333 419 1339 425 ·
1363 411 1474 437 ἔσεσθαι
1498 412 1526 438 δὲ
1547 412 1594 439 καὶ
1619 412 1748 439 ὑπόθεσιν
1765 414 1831 440 ἀτε-

1028 455 1165 489 λευτήτων
1179 455 1367 491 διηγημάτων,
1383 457 1433 483 οὐκ
1457 458 1497 489 εἰς
1513 458 1577 493 μίαν
1591 458 1752 493 διήκουσαν,
1763 458 1829 486 οὗτε

1034 500 1088 536 μὴν
1114 502 1154 533 είς
1176 502 1223 528 δύο
1246 503 1292 529 καὶ
1317 504 1392 538 τρεῖς
1421 505 1535 538 γενεὰς,
1561 504 1771 532 διεκϐαίνουσαν
1799 506 1831 532 δὲ

1031 547 1142 582 μᾶλλον,
1160 549 1207 574 καὶ
1222 549 1262 579 εἰς
1281 548 1312 575 τὸ
1331 548 1465 576 ἐπέκεινα
1491 549 1571 577 πολύ.
1586 550 1694 585 Ὠσπερ
1716 551 1773 587 γὰρ
1794 551 1834 578 τὰ

1029 593 1143 630 λαμπρὰ
1166 594 1222 620 τῶν
1247 595 1425 630 διηγημάτων
1446 595 1613 628 ἀξιάκουστά
1634 605 1726 632 φαμεν
1759 595 1831 623 εἶναι

1029 641 1084 671 τοῖς
1102 639 1219 671 πολλοῖς,
1240 641 1287 666 καὶ
1300 637 1340 671 οἷς
1360 640 1392 667 ἂν
1411 640 1504 667 ἕποιτο
1524 641 1605 676 τυχὲν
1621 642 1668 668 καὶ
1687 642 1718 668 τὸ
1733 641 1831 677 ἐφήδε-

1031 685 1091 712 σθαι
1114 685 1184 712 δεῖν·
1211 685 1298 717 οὕτως
1324 686 1561 722 ἀξιομνημόνευτά
1587 695 1646 720 πως
1662 685 1734 714 εἶναι
1755 687 1831 714 δοκεῖ

1029 731 1124 758 καὶτὰ
1149 733 1189 764 εἰς
1210 731 1285 767 λῆξιν
1314 733 1419 767 ἥκοντα
1436 733 1584 770 συμφορῶν
1603 742 1633 760 τε
1655 734 1701 761 καὶ
1723 733 1828 760 παθῶν.

1029 778 1179 814 Μονονουχὶ
1195 778 1249 814 γὰρ
1266 778 1464 806 καταδιάσεταί
1480 788 1538 812 πως
1554 781 1601 807 καὶ
1616 780 1651 807 τὰ
1669 780 1760 807 τοιάδε
1779 780 1831 816 τὴν

1029 823 1167 860 ἀλήθειαν,
1182 825 1229 851 καὶ
1241 826 1447 862 φορτικωτέραν
1458 827 1509 862 τὴν
1521 826 1676 862 προσϐολὴν
1686 827 1786 861 ἔχοντα
1798 827 1830 854 ὲκ

1026 870 1126 906 πολλῆς
1153 871 1223 905 ἄγαν
1251 871 1457 906 ἀναισχυντίας,
1489 872 1560 904 ἀξιοῖ
1586 872 1829 907 μνημονεύεσθαι,

1028 916 1076 943 καὶ
1098 917 1158 948 ταῖς
1173 916 1229 943 τῶν
1254 917 1390 952 μεγίστων
1405 918 1494 950 δόξαις
1511 918 1666 952 φιλονεικεῖ.
1686 919 1767 953 Ἔχει
1786 919 1830 951 δὲ,

1029 962 1122 998 ὥσπερ
1137 963 1172 989 τὰ
1193 963 1310 998 χρηστὰ,
1324 964 1374 998 τὴν
1393 964 1503 999 μνήμην
1524 964 1573 990 οὐκ
1598 963 1714 1000 ἀκερδῆ,
1729 964 1829 996 οὕτως,

1029 1007 1115 1044 οἶμαι,
1131 1009 1178 1035 καὶ
1192 1009 1226 1035 τὰ
1243 1009 1325 1036 σκαιὰ
1337 1018 1389 1036 που
1404 1010 1451 1039 καὶ
1473 1010 1634 1046 σκυθρωπὰ.
1650 1010 1690 1036 Τὰ
1713 1011 1763 1046 μὲν
1775 1011 1831 1046 γὰρ

1029 1056 1069 1087 είς
1082 1055 1175 1089 ἔφεσιν
1190 1055 1292 1090 ἀρετῆς
1308 1056 1464 1091 παραθήγει
1480 1057 1543 1088 τοὺς
1564 1057 1761 1094 ἀκροωμένους
1771 1065 1778 1072 η
1796 1057 1830 1082 τὰ

1029 1100 1057 1127 δὲ
1071 1101 1124 1137 πρὸ
1143 1101 1238 1135 ἐφόδου
1261 1101 1311 1136 τὴν
1327 1101 1379 1128 τῶν
1394 1101 1487 1129 κακῶν
1509 1103 1608 1137 πεῖραν
1631 1102 1830 1137 παραιτεῖσθαι

1029 1147 1166 1174 διδάσκει·
1179 1149 1226 1175 καὶ
1239 1148 1272 1175 δι’
1284 1145 1321 1176 ὧν
1334 1149 1424 1185 ἕτεροι
1436 1149 1650 1185 τετιμώρηνται,
1668 1149 1713 1176 διὰ
1725 1149 1831 1177 τούτων

1030 1193 1121 1221 αὐτῶν
1143 1193 1175 1221 τὸ
1200 1195 1257 1227 τοῖς
1280 1194 1348 1228 ῐσοις
1373 1195 1505 1223 ἐναλῶναι
1531 1195 1624 1231 ζητεῖν
1647 1196 1699 1223 οὐκ
1731 1195 1831 1231 ἀφίησί

1029 1247 1117 1272 τινας.

1067 1286 1106 1314 Τὰ
1119 1287 1287 1315 xanthum:
1299 1287 1354 1323 τῆς
1370 1287 1491 1323 κὰμπης
1511 1289 1679 1324 κατέφαγεν
1694 1287 1713 1322 ὴ
1730 1287 1828 1323 ἀκρίς,

1030 1331 1080 1359 καὶ
1092 1332 1128 1360 τὰ
1143 1333 1312 1361 κατὰλοιπα
1326 1334 1380 1369 τῆς
1392 1334 1514 1368 ἀκρίδος
1526 1335 1694 1369 κατέφαγεν
1709 1336 1727 1360 ὁ
1737 1333 1830 1368 βροῦ-

1031 1386 1096 1412 χος,
1111 1379 1159 1406 καὶ
1175 1379 1212 1406 τὰ
1230 1380 1399 1407 κατάλοιπα
1422 1380 1475 1408 τοῦ
1498 1380 1636 1415 βρούχου
1656 1380 1830 1415 κατέφαγεν

1030 1423 1050 1458 ἡ
1066 1425 1202 1460 ἐρυῠίϐη.

1065 1471 1104 1499 Δ’.
1119 1473 1281 1508 Κέχρυπταί
1297 1481 1355 1504 πως
1375 1473 1418 1500 ἀεὶ
1430 1472 1484 1499 τῶν
1498 1471 1583 1507 ἁγίων
1597 1472 1746 1508 προφητῶν
1763 1473 1778 1499 ὸ
1790 1471 1830 1499 λό-

1031 1526 1089 1552 γος,
1101 1518 1148 1544 καὶ
1159 1518 1194 1545 τά
1206 1519 1310 1554 σφόδρα
1320 1519 1469 1554 σκυθρωπὰ
1486 1519 1541 1546 τῶν
1555 1518 1736 1554 διηγημάτων
1750 1518 1831 1553 ὀκνη-

1032 1563 1086 1599 ρῶς
1103 1564 1262 1600 ἐκφέρουσι,
1288 1565 1335 1591 καὶ
1351 1565 1396 1591 διὰ
1416 1565 1466 1597 τὰς
1491 1564 1545 1591 τῶν
1566 1564 1754 1600 ἀκροωμένων
1771 1565 1830 1590 ἀτι-

1030 1609 1146 1642 οάσσους
1166 1611 1252 1645 ὀργὰς
1275 1612 1335 1642 ταῖς
1361 1611 1550 1646 ἐνδεχομέναις
1571 1611 1718 1646 ἀσαφείαις
1741 1619 1828 1639 κατα-

1031 1655 1197 1688 σκιάζουσιν.
1215 1657 1370 1692 Αἰνίγματα
1386 1657 1414 1683 δὲ
1440 1657 1486 1684 καὶ
1507 1657 1666 1692 παραϐολὰς
1688 1657 1829 1683 ἀναπλάτο

1029 1710 1130 1734 σοντες,
1140 1701 1291 1737 ὠφελοῦσιν
1299 1702 1328 1728 οὐ
1344 1703 1473 1738 μετρίως.
1485 1703 1566 1730 Ἐστι
1575 1703 1603 1730 δὲ
1614 1704 1709 1735 αὐτοῖς
1721 1704 1735 1729 ό
1746 1703 1827 1737 λόγος

1030 1747 1077 1775 καὶ
1091 1748 1136 1775 διὰ
1154 1748 1298 1784 χρησίμων
1313 1748 1369 1775 ἔσο*
1392 1749 1436 1775 ὅτε
1454 1749 1697 1785 παραδειγμάτων.
1720 1750 1828 1776 Ὀποῖόν

1029 1793 1086 1818 ἐστι
1102 1792 1149 1819 καὶ
1169 1793 1198 1819 τὺ
1210 1793 1285 1829 παρὰ
1298 1793 1345 1820 τοῦ
1367 1793 1498 1830 Ἰεζεχιὴλ
1512 1795 1653 1830 κείμενον·
1673 1804 1682 1821 ι
1705 1795 1736 1822 ’0
1750 1795 1829 1827 ἀετὸς

1029 1838 1043 1864 ό
1061 1837 1158 1872 μέγας,
1173 1839 1188 1864 6
1212 1839 1465 1875 μεγαλοπτέρυγος,
1481 1841 1495 1867 ὁ
1519 1841 1623 1877 μακρὸς
1645 1842 1679 1877 τῇ
1704 1841 1829 1873 ἐκτάσει,

1030 1883 1076 1910 καὶ
1092 1883 1199 1919 πλήρης
1215 1884 1330 1920 ὀνύχων,
1344 1884 1373 1917 ὃς
1391 1885 1447 1921 ἔχει
1464 1886 1494 1913 τὸ
1513 1886 1609 1922 ἥγημα
1634 1887 1770 1915 εἰσελθεῖν
1788 1889 1828 1920 είς

1029 1928 1074 1956 τὸν
1095 1929 1221 1962 Λίϐανον,
1245 1930 1292 1957 καὶ
1312 1930 1391 1957 ἔλαϐε
1404 1931 1438 1958 τὰ
1456 1931 1572 1958 ἐκλεκτά
1593 1932 1642 1967 τῆς
1656 1932 1768 1968 κέδρου.
1785 1933 1826 1960 Τὰ

1029 1974 1102 2010 ἄκρα
1117 1975 1165 2010 τῆς
1182 1975 1352 2009 ἀπαλάτητος
1372 1976 1515 2009 ἀπέκνισε,
1532 1977 1578 2004 καὶ
1592 1977 1710 2013 ἤνεγκεν
1727 1978 1828 2010 αὐτοὺς

1029 2022 1070 2052 εἱς
1081 2021 1130 2056 τὴν
1145 2023 1197 2057 γῆν
1219 2021 1339 2049 Χαναὰν,
1359 2032 1369 2049 ι
1390 2023 1541 2058 ’Υπεδήλου
1560 2024 1615 2060 γὰρ
1636 2023 1765 2060 Ἀσσοὺρ,
1783 2025 1827 2051 τὸν

1029 2067 1077 2101 τῆς
1093 2067 1272 2094 Βαϐυλωνίων
1292 2067 1411 2103 ἄρχοντα
1429 2068 1492 2104 γῆς,
1504 2069 1551 2096 τὸν
1572 2070 1762 2105 ἀποκείραντα
1774 2071 1828 2098 τῶν

1029 2112 1059 2144 ἐξ
1077 2112 1185 2148 Ἰσραὴλ
1198 2113 1233 2139 τὰ
1243 2113 1380 2149 ἐξαίρετα,
1397 2115 1444 2141 καὶ
1456 2115 1526 2141 οῐκοι
1544 2115 1698 2150 μεταθέντα
1709 2116 1741 2142 τὸ
1752 2116 1828 2152 διηρ-

1029 2157 1180 2193 πασμένον.
1200 2159 1255 2186 Καὶ
1268 2160 1308 2187 ὅτι
1325 2161 1376 2196 μὲν
1389 2161 1532 2196 γεγόνασιν
1549 2162 1661 2198 ἀφορίαι
1672 2171 1705 2188 τε
1721 2163 1825 2198 ἀγρῶν,

1029 2203 1140 2236 ἐνδειαι,
1159 2204 1213 2230 τῶν
1235 2204 1359 2240 ὡρίμων,
1374 2207 1421 2232 καὶ
1444 2207 1518 2242 λιμοὶ
1539 2207 1700 2239 πλειστάκις
1713 2208 1827 2244 ἀπηνεῖς

1028 2258 1057 2275 τε
1073 2250 1121 2276 καὶ
1137 2251 1240 2284 κατάγε
1256 2250 1305 2286 τὴν
1324 2251 1454 2279 Ἰουδαίαν
1467 2252 1570 2288 χώραν,
1587 2253 1639 2288 ἐφη
1656 2254 1687 2280 τὸ
1701 2254 1824 2290 Γράμμα

1029 2296 1060 2322 τὸ
1089 2297 1171 2331 ίερόν.
1189 2297 1258 2332 Ἤδη
1287 2297 1341 2333 γάρ
1364 2306 1436 2330 τινες
1457 2298 1537 2333 λιμοῦ
1558 2299 1763 2334 κατατήκοντος
1787 2301 1827 2332 εἰς

1026 2341 1105 2369 τοῦτο
1116 2343 1240 2378 ἀνάγκης
1252 2345 1456 2379 κεχωρήκασιν,
1466 2344 1536 2371 ὥστε
1551 2346 1614 2372 ὄνου
1626 2346 1751 2381 κεφαλὴν
1763 2355 1827 2373 πεν-

1026 2388 1142 2422 τήκοντα
1159 2389 1290 2424 πρίασθαι
1301 2390 1410 2418 σίκλων.
1422 2391 1598 2426 Παραδείξειε
1614 2391 1635 2418 δ’
1651 2392 1684 2419 ἂν
1693 2393 1744 2428 τὴν
1756 2393 1826 2420 κατά

1026 2434 1139 2470 καιροὺς
1165 2434 1326 2471 ἀγριότητα,
1350 2437 1482 2472 περὶτῶν
1505 2437 1620 2464 παιδίων
1641 2439 1826 2474 μεμαχημένα

1028 2480 1138 2514 γύναια.
1159 2481 1236 2508 Ἐπεὶ
1254 2482 1308 2517 γὰρ
1320 2483 1548 2519 κατεδηδὸκεισαν
1562 2484 1590 2510 αι
1602 2484 1649 2510 δύο
1660 2485 1690 2511 τὸ
1708 2485 1748 2517 ἓν,
1762 2485 1827 2520 περὶ

1027 2526 1075 2553 τοῦ
1092 2526 1192 2558 ζῶντος
1211 2527 1368 2559 δικάζεσθαι
1391 2528 1466 2564 παρά
1483 2530 1540 2560 τοῖς
1556 2529 1704 2565 κρατοῦσιν
1721 2530 1824 2565 ἠξίουν.

1027 2571 1142 2604 Οὐκοῦν,
1167 2573 1192 2599 εί
1206 2573 1255 2607 μὲν
1274 2573 1366 2609 ἀγρῶν
1383 2574 1510 2610 ἀφορίας,
1534 2575 1582 2601 καὶ
1602 2575 1718 2611 καρπῶν
1739 2585 1824 2603 κατα-

1028 2619 1131 2654 φθορὰς
1154 2621 1167 2647 ὁ
1186 2621 1354 2656 προφητικδς
1370 2621 1436 2656 ἡμῖν
1457 2623 1485 2647 ἐν
1500 2621 1606 2654 τούτοις
1621 2624 1825 2658 κατασημαίνει

1027 2665 1117 2699 λόγος,
1135 2667 1221 2693 νοοῖτο
1245 2667 1340 2702 χρῆμα
1365 2667 1412 2694 καὶ
1435 2667 1524 2699 οὕτως
1543 2668 1700 2704 ἀφόρητον·
1716 2668 1748 2696 τὸ
1770 2670 1824 2704 γὰρ

1028 2711 1128 2747 ἑφεξῆς
1144 2712 1191 2739 καὶ
1207 2712 1318 2748 ἀμέσως
1330 2713 1471 2745 πλείσταις
1482 2722 1512 2741 τε
1528 2714 1605 2746 ὅσαις
1625 2715 1672 2741 καὶ
1690 2715 1826 2750 χαλεπαῖς

1029 2758 1236 2790 καταικίζεσῦαι
1264 2759 1392 2794 πληγαῖς,
1409 2760 1467 2791 πῶς
1487 2760 1518 2786 οὐ
1543 2760 1685 2788 δύσοιστον
1712 2761 1821 2796 κομιδῇ,

859 2846 881 2861 ⁸⁸
903 2846 966 2872 ibid.
987 2845 1031 2878 26,
1042 2846 1086 2872 '28.
