1919 3042
145 153 198 182 537

602 149 880 181 COMMENTARIUS
899 149 932 179 IN
952 149 1085 179 JOELEM
1104 148 1326 178 PROPHETAM.

1734 151 1787 181 538

147 213 226 247 Ἶμεν
246 211 277 239 δὲ
293 211 332 247 δὴ
344 211 416 247 πρὸς
431 212 466 239 τὰ
483 210 596 247 βδελυρὰ
615 211 662 238 καὶ
681 211 796 247 θεομισῆ
816 210 870 237 τῶν
889 218 942 237 πα-

995 208 1097 243 piacula
1109 208 1153 235 alii
1169 207 1289 243 segnius,
1301 206 1347 235 alii
1359 210 1413 234 tota
1428 206 1593 242 appetitione
1609 206 1786 239 ruimus,cum

146 257 214 289 θῶν,
226 257 254 284 οἱ
267 256 317 293 μὲν
330 258 361 284 οὑ
373 256 437 284 λίαν
448 256 683 292 ἐσπουδασμένως,
693 257 718 284 oi
724 257 752 284 δὲ
763 256 837 288 ὅλαις
850 256 949 292 ὁρμαῖς

148 301 301 338 χρώμενοι,
317 302 365 329 καὶ
380 302 564 338 ἀνουθέτητον
578 302 686 337 ἔχοντες
699 302 750 338 τῆς
763 301 883 334 διανοίας
898 301 948 337 τὴν

151 348 251 383 ῥοπήν.
264 348 288 374 Τ
289 348 402 385 αύτῃτοί
425 356 509 384 φησιν
521 349 536 374 ὁ
549 348 694 384 προφήτης
704 355 711 362 ·
727 357 736 374 ι
748 347 910 382 Ἐχνήψατε,
922 347 947 373 οἰ

152 391 314 427 μεθύοντες,
327 393 357 425 ἐξ
366 393 438 421 οῐνου
451 393 569 420 αὐτῶν.»
583 392 765 428 Συμὸουλεύει
777 392 804 419 δὲ
814 392 855 419 ὅτι
866 400 948 428 προσ-

149 439 214 474 ήκει
229 439 471 475 κατολοφύρεσθαι
485 441 547 472 τοὺς
565 439 693 471 πίνοντας
704 438 775 467 οἶνον
795 439 837 471 εἰς
849 438 945 474 μέθην.

155 482 200 515 Ὧς
213 485 270 521 γὰρ
287 485 356 521 ἔφην
367 485 479 521 ἀρτίως,
490 487 520 512 οὺ
534 485 615 521 μέχρι
626 485 706 521 κόρου
722 485 770 513 καὶ
779 485 947 520 αὐταρκείας

149 530 249 557 ἱστῶσιν
277 531 329 567 τὴν
350 532 520 567 φιληδονίαν,
539 532 598 559 ἀλλ’
618 529 674 560 οἷον
699 532 740 564 εις
758 531 843 567 μέθην
864 531 945 558 ἐκπί-

148 584 240 610 νουσι,
256 577 306 605 καὶ
318 577 420 610 παντὸς
437 577 566 605 ἐπέκεινα
583 578 691 606 πίνουσι
711 578 824 614 μέτρου.
843 577 944 604 Τούτου

148 623 204 651 ἀπὸ
217 624 266 651 τοῦ
281 625 416 660 στόματος
429 621 587 661 ἀφῃρῆσθαι
602 633 668 660 φησι
682 625 770 661 χαρὰν
788 625 837 652 καὶ
849 625 945 660 εὐφρο-

149 670 246 706 σύνην.
269 672 408 706 Ἀληθεύει
425 671 479 707 γὰρ
491 672 505 698 ὸ
518 672 647 707 Χριστὸς,
662 671 704 698 ὅτι
720 671 833 703 πάντως
852 671 877 698 οι
895 670 944 706 μὲν

147 716 196 744 νῦν
224 717 390 750 πενθοῦντες
416 718 685 753 παρακληθήσονται.
696 717 811 752 Ἔψεται
837 717 867 744 δὲ
887 719 944 749 τοῖς

147 763 258 790 είωθόσι
273 765 381 800 τρυφᾷν
396 763 427 791 ἰδ
437 765 537 799 χρῆναι
556 763 747 800 δακρυρῤοεῖν,
762 764 802 790 ὅτι
814 765 863 799 τῆς
877 763 943 798 ἀγε-

148 809 252 845 ρωχίας
268 809 300 836 τὸ
317 810 404 845 πέρας
418 810 517 846 θρῆνος
531 810 618 842 ἔσται,
634 810 681 836 καὶ¹
698 810 828 845 οἰμωγαὶ,
841 810 889 837 καὶ
903 811 943 842 είς

145 849 288 890 πέταυρον
306 855 370 892 ᾅδου
386 855 566 888 καταϐιϐάζει
583 856 646 888 τοὺς
660 855 828 890 ἀγαπῶντας
844 857 940 892 αὐτήν.

151 901 297 938 ’Δληθεύει
307 902 336 929 δὲ
353 904 401 930 καὶ
414 903 505 936 Δαϐὶδ,
518 904 582 930 ὅταν
597 902 664 938 λέγῃ
679 902 747 938 πρὸς
761 903 828 930 Θεόν
839 912 845 919 ·
863 913 872 930 ι
885 904 942 930 Οὺκ

143 948 221 975 ἔστιν
238 949 268 975 ὲν
289 949 327 985 τῷ
339 949 448 985 θανάτῳ
462 951 475 977 ὁ
491 949 668 985 μνημονεύων
685 958 731 982 σου
743 959 766 976 ⁸)
784 950 832 977 καὶ
848 950 940 984 πάλιν,

147 992 208 1022 ἰοὺ
225 995 281 1031 γὰρ
292 996 317 1022 oi
331 997 424 1031 νεκροὶ
444 997 582 1024 αίνέσουσι
602 1005 642 1030 σε,
658 997 756 1032 Κύριε,
770 997 830 1024 οὐδὲ
841 997 941 1030 πάντες

141 1041 167 1068 οῑ
183 1042 398 1073 καταδαίνοντες
424 1043 465 1074 είς
490 1042 567 1078 ᾂδην.
593 1043 663 1070 Ἀλλ’
684 1044 765 1079 ἡμεῖς
787 1043 812 1070 οἱ
839 1043 939 1076 ζῶντες

142 1088 330 1123 εὑλογήσομέν
346 1097 387 1120 σε,
399 1088 485 1124 Κύριε
500 1112 510 1121 ,
521 1098 530 1115 ι
547 1089 578 1116 El
596 1089 624 1116 δὲ
636 1089 668 1125 δὴ
681 1090 736 1116 τῶν
751 1090 940 1126 προκειμένων

141 1135 159 1170 ἡ
173 1134 294 1170 δύναμις
314 1135 360 1161 καὶ
376 1135 567 1171 γεωδεστέρως
580 1137 674 1163 νοοῖτο.
694 1135 725 1162 ΕΙ.
740 1135 939 1171 δεδαπάνηνται

140 1181 186 1207 διὰ
204 1182 256 1215 τῆς
270 1182 386 1218 κάμπης
404 1182 452 1208 καὶ
466 1181 520 1208 τῶν
535 1181 636 1216 ἐτέρων
650 1181 684 1208 τὰ
700 1181 750 1216 τῆς
771 1182 939 1218 εὐφροσύνης

141 1227 229 1260 αἴτια,
244 1228 354 1260 πάντως
371 1237 424 1254 που
445 1229 506 1259 ταῖς
518 1227 681 1263 εὑκαρπίαις
702 1227 877 1254 συνδιολεὴαι
891 1229 939 1254 καὶ

140 1273 157 1307 ἠ
171 1272 228 1299 τῶν
244 1273 421 1300 πεπονθότων
433 1273 587 1308 εὐφροσύνη
603 1273 650 1300 καὶ
662 1273 745 1308 χαρά.
759 1273 939 1308 Ἐπιστυγνά-

140 1318 199 1350 ζειν
211 1319 267 1354 γὰρ
281 1320 431 1354 ἀναγκαῖον
453 1321 510 1351 τοῖς
534 1319 655 1354 ἀνιαρῶς
681 1319 789 1354 ἔχουσιν
801 1319 842 1351 εῐς
861 1328 893 1355 γε
907 1321 938 1348 τὸ

139 1361 281 1396 δύνασθαι,
301 1363 384 1398 φημὶ,
399 1364 485 1399 πικρᾷ
498 1372 527 1390 τε
552 1363 598 1390 καὶ
611 1364 744 1400 ἀφορὴτῳ
758 1364 832 1402 λύπῃ
850 1374 936 1393 κατα-

139 1408 222 1442 τῆξαι
233 1409 358 1445 σαρκίον.

174 1496 238 1523 Ὅτι
253 1497 342 1529 ἔθνος
352 1496 443 1531 ἀνέϐη
461 1497 511 1524 ἐπὶ
527 1497 586 1531 τὴν
597 1496 656 1532 γῆν
663 1507 724 1532 μου
734 1499 864 1534 ἰσχυρὸν
885 1500 935 1527 καὶ

999 259 1065 281 nutu
1081 259 1107 280 et
1117 254 1273 281 incitatione
1286 253 1384 281 mentis
1397 253 1587 287 incastigabili.
1599 253 1655 281 llac
1663 253 1696 280 de
1706 260 1786 281 cauSa

999 299 1128 335 propheta
1138 299 1292 326 exclamat:
1312 308 1323 324 ι
1337 298 1572 334 Expergiscimini,
1593 299 1661 328 ebrii
1692 307 1707 327 a
1726 301 1786 327 vino

999 352 1122 374 vestro.»
1137 345 1240 373 Suadet
1254 350 1342 373 autem
1359 346 1450 373 vinum
1466 346 1500 373 ad
1513 345 1674 374 ebrietatem
1690 346 1787 374 biben-

999 392 1071 419 tibus
1083 390 1315 424 lamentationem,
1329 395 1358 418 ut
1385 399 1441 419 rem
1467 392 1685 420 convenientem.
1711 391 1785 420 Sicut

997 437 1133 472 enintjam
1150 437 1217 470 dixi,
1236 444 1289 464 non
1304 441 1434 471 quantum
1462 438 1530 466 satis
1554 443 1596 465 est
1620 438 1785 473 voluptatem

998 488 1163 518 sequuntur;
1179 483 1226 510 sed
1241 481 1313 509 velut
1326 484 1359 510 ad
1375 483 1534 511 ebrietatem
1555 489 1662 518 potant,
1677 489 1706 511 et
1728 492 1786 512 om-

998 539 1047 558 nes
1057 530 1156 558 limites
1173 529 1289 557 bihendo
1305 529 1491 564 egrediuntur.
1502 530 1524 556 Α
1539 530 1585 558 tali
1603 538 1652 558 ore
1665 531 1784 559 ablatum

997 584 1056 605 esse
1069 577 1107 604 ait
1123 576 1249 611 gaudium
1265 580 1292 603 et
1306 575 1441 603 lmtitiam.
1456 575 1543 604 Verax
1562 577 1634 604 enim
1647 581 1689 605 est
1706 578 1786 605 Chri-

996 624 1030 651 sti
1056 623 1179 655 verbnnt,
1192 623 1238 657 qui
1268 629 1340 649 nunc
1362 622 1464 656 lugent,
1485 622 1595 649 omnino
1617 623 1784 651 consolatam

997 670 1030 698 iri
1045 669 1079 696 ⁸⁸.
1095 668 1174 703 203
1188 668 1300 700 Contra,
1314 673 1459 695 consuetos
1469 668 1560 695 vivere
1572 668 1599 695 in
1609 668 1786 702 iucunditati-

995 715 1056 749 bus,
1071 715 1207 750 lacrymas
1223 713 1336 740 fundere
1353 713 1500 748 oportebit,
1516 714 1580 748 quia
1608 715 1739 749 superbia
1758 716 1786 743 li-

997 761 1038 789 nis
1054 765 1081 788 et
1096 765 1247 788 extremum
1265 760 1391 794 lact-ymze
1402 763 1467 787 sunt
1481 764 1507 787 et
1527 760 1654 794 gemitus,
1664 766 1695 788 et
1703 761 1784 789 sedi-

995 807 1107 843 ligentes
1121 807 1154 834 ad
1168 805 1265 833 interni
1278 805 1391 840 laqueos
1414 809 1441 833 et
1460 813 1584 833 carceres
1601 805 1720 834 deducit.
1732 806 1786 834 Ve-

995 862 1041 882 rus
1052 858 1092 881 est
1102 854 1184 881 etiam
1200 852 1284 880 David
1303 861 1309 879 :
1329 861 1338 878 ι
1357 851 1415 879 Non
1428 856 1470 879 est
1487 852 1514 878 in
1545 857 1631 880 morte
1659 853 1705 887 qui
1729 860 1785 880 utc-

959 886 979 913 Β
994 908 1053 928 mor
1064 899 1101 928 sit
1130 899 1167 926 tui
1181 899 1217 931 ";
1241 908 1250 924 ›
1271 902 1300 925 et
1328 898 1426 925 iterum
1445 907 1452 925 :
1474 907 1484 924 ι
1509 897 1567 925 Non
1593 886 1674 927 enim
1684 899 1782 928 mortui

992 945 1139 973 laudabunt
1153 944 1322 977 ta,Domine,
1338 951 1425 979 neque
1441 951 1537 971 omnes
1552 944 1597 978 qui
1615 945 1784 972 descendunt

991 993 1018 1020 in
1037 991 1185 1019 infernum.
1203 991 1257 1019 Sed
1268 998 1318 1018 nos
1331 990 1377 1025 qui
1397 990 1523 1024 vivimus,
1538 990 1730 1019 ltcnedicemus
1746 996 1782 1024 ω.

991 1038 1106 1066 Domine
1119 1038 1152 1064 °'.
1175 1037 1272 1070 IQIIOd
1292 1037 1315 1064 si
1336 1036 1435 1072 placet.
1458 1036 1656 1071 propositorum
1686 1036 1783 1066 verbo-

990 1092 1049 1113 rum
1061 1084 1194 1112 sententia
1214 1083 1299 1118 magis
1318 1088 1424 1110 terrens
1435 1082 1608 1116 intelligatur.
1621 1082 1649 1110 Si
1661 1090 1708 1118 per
1717 1090 1783 1110 ern-

989 1139 1048 1159 cam
1058 1135 1086 1158 et
1099 1130 1150 1158 alia
1159 1130 1266 1164 frugum
1282 1128 1448 1156 incommoda
1461 1135 1550 1156 causae
1574 1129 1694 1163 ipsorum
1711 1129 1780 1156 lati-

988 1177 1034 1204 tite
1058 1181 1226 1210 consumptae
1249 1179 1322 1206 sunt,
1352 1182 1465 1209 prorsus
1493 1174 1585 1208 utique
1616 1182 1676 1202 cutn
1700 1175 1781 1202 uber-

989 1226 1044 1250 tate
1061 1222 1196 1249 fructuum
1211 1228 1303 1249 eorum
1320 1220 1367 1255 qui
1384 1225 1457 1247 tanta
1473 1220 1612 1254 voluptate
1626 1219 1780 1248 adicieban-

988 1274 1043 1302 tur,
1055 1269 1180 1303 gaudium
1202 1273 1229 1295 et
1240 1267 1333 1296 laetitia
1347 1272 1500 1295 evanescct.
1518 1267 1635 1296 Necesse
1653 1274 1696 1296 est
1706 1269 1779 1296 enim

988 1315 1142 1344 contristari
1163 1315 1197 1342 ob
1213 1321 1244 1342 ea
1257 1321 1316 1348 qua:
1331 1313 1418 1341 tristia
1449 1314 1584 1346 accidunt,
1601 1319 1627 1341 et
1642 1314 1780 1342 tristitiam

987 1367 1118 1396 generare
1132 1364 1342 1392 consueverunt,
1361 1367 1411 1387 nec
1427 1359 1543 1387 invalida
1568 1365 1641 1393 sum,
1656 1361 1778 1395 inquam,

987 1407 1123 1434 utacerbo
1134 1411 1161 1433 et
1177 1405 1338 1433 intolerabili
1362 1405 1484 1434 cruciatu
1499 1406 1676 1433 carunculam
1704 1407 1780 1435 labe-

985 1453 1075 1480 facere
1085 1457 1194 1487 queant.

1020 1499 1102 1527 Vsus.
1115 1499 1141 1531 6,
1158 1498 1185 1525 7.
1203 1496 1270 1525 Gens
1280 1498 1349 1525 enim
1366 1497 1483 1524 ascendit
1496 1506 1574 1532 super
1588 1503 1780 1526 ter-rummeam

138 1542 356 1577 ἀναρίθμητον,
371 1544 404 1569 Οἱ
416 1543 537 1576 ὀδόντες
551 1543 645 1571 αὐτοῦ
663 1544 784 1578 ὀδόντες
798 1546 933 1579 λέοντος,

988 1544 1061 1580 {ortis
1076 1548 1099 1571 et
1108 1542 1318 1570 innumerabilis.
1330 1542 1424 1569 Dan/es
1440 1542 1497 1573 eius
1522 1549 1548 1570 ut
1575 1544 1664 1571 dentes
1682 1545 1779 1577 leonis,

138 1588 188 1615 καὶ
208 1589 240 1615 αι
252 1588 458 1623 [sitiat-aurci)
480 1589 628 1624 σκύμνου.
644 1589 748 1617 Ἔθετο
764 1590 822 1624 τὴν
840 1591 932 1626 ἄμπε-

137 1634 197 1661 λόν
212 1643 275 1669 μου
290 1635 335 1667 εις
355 1629 538 1669 ἀφανισμὸν,
558 1635 607 1662 καί
627 1635 681 1668 τὰς
701 1635 800 1669 συκᾶς
813 1645 871 1671 μου
891 1638 935 1669 εις

136 1680 362 1715 σειτικλασμὸν,
380 1680 512 1714 ἐρευνῶν
526 1681 733 1715 ἐξηρεύνησεν
757 1682 863 1717 αὐτὴν,
885 1682 934 1709 καὶ

136 1724 346 1760 ὲξερῤἰζωσεν,
362 1725 508 1753 Meditare
522 1727 558 1753 τὰ
571 1726 709 1761 κλήματα
719 1727 826 1762 αὐτῆς.

175 1772 223 1805 ς’.
244 1771 426 1806 Ἀμιλλᾶσθαι
444 1772 546 1806 τρόπον
567 1773 627 1799 τι.νά
644 1774 700 1805 τοῖς
719 1773 932 1808 συμὸεὸηκόσιν,

135 1817 222 1852 ῆγουν
252 1817 363 1844 ἔσεσθαι
385 1817 638 1853 προσδοκωμένοις,
663 1819 710 1845 καὶ
738 1819 768 1845 τὸ
801 1818 847 1845 ἐπὶ
872 1820 932 1851 ταῖς

137 1862 344 1897 μεταγνώσεσιν
358 1862 459 1889 ἐθέλων
472 1863 600 1899 δάκρυον,
619 1863 764 1898 ἀφηγεῖται
779 1864 886 1896 λεπτῶς
898 1865 933 1891 τὰ

136 1908 265 1944 ἐσόμενα,
282 1908 331 1935 καὶ
347 1907 403 1935 τῶν
419 1908 590 1944 σκυθρωπῶν
610 1909 660 1943 τὴν
677 1909 771 1944 ἔφοδον
790 1912 932 1946 μονονουχὶ

136 1955 184 1983 καὶ
198 1955 229 1981 ὲν
236 1955 297 1990 ὕψει
311 1954 407 1987 τιθεὶς,
419 1955 509 1982 δίδωσί
521 1956 612 1987 τιτοίς
625 1956 783 1991 παιομένοις
799 1957 844 1983 xal.
861 1956 927 1992 θρή-

136 2010 222 2037 νημα,
244 2002 293 2028 καὶ
308 2002 391 2028 οἷονεὶ
405 2001 501 2037 γοερὸν
519 2001 671 2028 ἐκδιδάσκει
689 2002 769 2037 μέλος
790 2003 853 2034 τοὺς
871 2003 931 2030 ὀδύ-

137 2047 233 2081 ρεσθαι
251 2047 496 2082 κεκελευσμένους,
512 2048 599 2074 ἐκεῖνό
609 2056 639 2074 τε
656 2047 745 2082 λέγειν
759 2048 851 2076 λοιπὸν
867 2049 930 2076 ἀνα-

137 2092 238 2124 πείθει,
252 2093 294 2118 ὅτι
308 2102 318 2117 ι
329 2092 426 2124 Ἐθνος
447 2092 531 2127 ἀνέϐη
552 2092 598 2119 ἐπὶ
609 2092 659 2127 τὴν
674 2092 726 2127 γῆν
743 2101 794 2128 μου
819 2094 929 2129 ίσχυρὺν

135 2139 182 2165 καὶ
195 2139 383 2174 ἀναρίθμητον
393 2148 401 2154 ·
413 2149 422 2164 ι
437 2139 484 2165 καὶ
498 2139 560 2165 ὅσον
569 2139 679 2173 ἧκειείς
692 2139 806 2166 ὀδόντων
819 2139 922 2174 ἀκμὰς,

134 2183 226 2210 λέουσι
246 2193 276 2211 τε
295 2185 342 2211 καὶ
364 2185 494 2220 σκύμνοις
516 2185 596 2218 ὀλίγα
620 2187 792 2221 παραχωρεῖ.
811 2185 926 2221 Ἀληθὲς

987 1596 1010 1618 et
1019 1590 1131 1617 molares
1144 1589 1200 1623 ejus
1209 1594 1236 1615 ut
1248 1588 1329 1614 catuli
1343 1588 1437 1615 leonis.
1447 1587 1539 1615 Posuit
1568 1589 1669 1618 vineam
1695 1598 1779 1618 meum

986 1637 1013 1663 in
1034 1637 1245 1670 diasiputionem,
1270 1639 1293 1661 et
1321 1634 1387 1669 ﬁcus
1411 1643 1481 1662 meas
1500 1635 1527 1662 in
1554 1636 1777 1670 cauit-actionem,

985 1687 1105 1710 scrutaris
1117 1687 1248 1709 scrutatus
1276 1686 1313 1708 ut
1342 1689 1412 1714 eam,
1434 1687 1458 1708 et
1483 1682 1777 1715 eratlicauit,dealbotdt

985 1737 1072 1756 ramos
1082 1737 1148 1763 ejus.

1021 1775 1237 1802 VLContendere
1248 1775 1338 1810 aliquo
1345 1776 1423 1802 modo
1432 1782 1492 1802 cum
1507 1774 1681 1807 eventis,sive
1689 1775 1779 1809 potius

984 1828 1045 1849 cum
1062 1821 1103 1848 his
1120 1828 1178 1854 quae
1191 1826 1320 1848 eventura
1329 1825 1533 1854 exspectantur,
1557 1825 1584 1848 et
1596 1828 1628 1848 ex
1644 1821 1778 1854 pmltiten-

985 1867 1021 1894 tia
1032 1866 1123 1894 ﬂetum
1138 1866 1237 1894 elicere
1246 1866 1369 1900 cupiens,
1387 1866 1509 1893 minutim
1540 1865 1628 1893 futura
1655 1871 1776 1898 enarrat,

984 1916 1010 1938 et
1022 1918 1113 1938 rerum
1137 1911 1322 1938 tristiﬁcarum
1349 1911 1487 1938 incursum
1514 1911 1706 1945 propemodum
1725 1913 1779 1938 sub

984 1961 1121 1991 aspectum
1138 1956 1298 1990 subiiciens,
1315 1957 1348 1984 iis
1363 1956 1410 1991 qui
1437 1955 1583 1984 multantur
1627 1957 1775 1984 Iumentum

983 2002 1145 2037 suppeditat,
1157 2006 1185 2030 et
1201 2009 1269 2037 quos
1282 2002 1315 2030 ad
1332 2002 1491 2036 plorandum
1506 2002 1644 2034 invitaret,
1668 2009 1716 2030 eos
1729 2003 1771 2030 lu-

982 2048 1066 2083 gubre
1079 2054 1188 2074 carmen
1207 2041 1296 2079 docet,
1308 2047 1379 2082 quod
1394 2047 1420 2074 in
1439 2052 1576 2082 posterum
1590 2055 1721 2082 usurpare
1728 2056 1775 2076 vo-

981 2094 1058 2121 cibus
1071 2094 1205 2121 hortatur.
1225 2102 1234 2119 ι
1253 2093 1325 2121 Gens
1340 2093 1463 2122 ascendit
1478 2101 1560 2128 super
1571 2099 1672 2121 terram
1687 2103 1779 2123 meatu.

982 2139 1059 2167 fortis
1072 2143 1101 2166 et
1114 2139 1330 2172 innumerabilis,
1351 2149 1361 2166 ι
1378 2147 1492 2175 quaeque
1505 2141 1626 2167 dentium
1634 2141 1703 2173 acie,
1719 2142 1775 2169 leo-

981 2185 1062 2212 nibus
1072 2184 1207 2211 etcatulis
1218 2183 1326 2211 leonum
1340 2192 1435 2218 parum
1451 2185 1586 2213 concedit.
1613 2185 1709 2214 Verum
1722 2187 1774 2214 hoc

138 2231 185 2266 μὲν
200 2228 247 2257 οὖν
260 2231 292 2257 τὺ
306 2231 412 2266 χρῆμα,
433 2231 485 2257 κᾶν
504 2231 527 2258 εί
543 2231 588 2257 ἐπὶ
609 2231 718 2267 ἀκρίδος
734 2231 815 2266 τυχὸν
829 2234 925 2264 νοοῖτο,
943 2253 944 2256 η

988 2233 1032 2261 est,
1046 2229 1170 2263 quamvis
1180 2229 1213 2256 de
1226 2228 1328 2256 locusta
1339 2230 1423 2262 forte,
1438 2237 1471 2257 ac
1481 2232 1514 2258 de
1525 2231 1639 2263 bruclto,
1652 2236 1679 2258 et
1691 2239 1774 2260 eruca

137 2277 253 2312 βρούχου
277 2286 307 2303 τε
328 2277 376 2303 καὶ
401 2277 525 2312 κάμπης-
548 2277 672 2312 Ἀμαχον
697 2277 753 2312 γὰρ
775 2277 806 2304 τδ
833 2278 929 2313 Χρῆμά

135 2323 202 2354 ἐστι,
215 2323 263 2350 καὶ
277 2322 499 2357 ἀκαταγώνιοτος
515 2322 612 2358 κομιδῇ
630 2322 685 2350 τῶν
700 2322 830 2351 τοιούτων
850 2325 867 2358 ἠ
885 2323 929 2358 ἔφ-

135 2368 203 2401 οδος,
215 2366 294 2404 [κανή
310 2377 340 2395 τε
353 2368 437 2404 ἄρδην
451 2368 623 2395 ἀπολέσαιτά
638 2369 666 2394 ἐν
682 2369 786 2404 ἀγροῖς,
803 2369 928 2405 καρπούς

134 2424 173 2448 τε,
192 2416 284 2451 φημὶ,
314 2415 362 2442 καὶ
387 2416 473 2442 πόαν
503 2415 684 2450 κατα-φθεῖραί
712 2424 742 2442 τε
772 2417 858 2448 συκᾶς
881 2417 930 2443 καὶ

136 2461 285 2496 αμπέλους,
305 2461 386 2496 ψιλὴν
406 2461 434 2487 δὲ
456 2462 503 2488 καὶ
526 2461 631 2496 ἀκαλλῆ
648 2462 697 2496 τῆς
722 2461 841 2497 ἀρούρας
858 2463 927 2489 ἀπο-

136 2506 214 2541 φῆναι
234 2507 285 2542 τὴν
297 2507 368 2539 ὄψιν.
378 2505 417 2533 Ἐἰ
430 2507 457 2533 δὲ
471 2507 504 2542 δὴ
519 2507 710 2542 περιτρέποιτο
722 2507 804 2534 πάλιν
821 2509 835 2535 ὁ
846 2508 926 2542 λόγος

138 2553 174 2584 εις
181 2553 231 2587 τὴν
240 2552 296 2578 τῶν
308 2551 523 2587 πεπορθηκότων
537 2552 745 2588 ἀπανθρωπίαν,
758 2554 805 2580 καὶ
816 2553 926 2589 ὁλοτελῆ

137 2598 181 2633 τῆς
196 2597 291 2632 χώρας
307 2598 458 2632 ἐρήμωσιν,
472 2597 636 2632 ὑποφήνειεν
650 2597 683 2623 ἂν
703 2597 794 2633 ἕτερον
808 2597 894 2630 οὐδὲν,
908 2598 924 2634 ἢ

136 2644 173 2671 δτι
184 2645 261 2670 πᾶσα
274 2644 323 2679 μὲν
335 2643 428 2674 αὐτοῖς
441 2643 580 2670 ἀπόλωλεν
595 2644 611 2678 ἠ
626 2643 712 2678 χώρα,
726 2642 926 2678 δεδαπάνηνται

135 2690 160 2716 δὲ
177 2690 227 2717 καὶ
246 2692 271 2717 ot
298 2689 465 2726 προῦχοντες
497 2690 563 2724 παρ’
588 2689 700 2721 αὐτοῖς,
728 2688 791 2724 δόξῃ
815 2697 845 2715 τε
878 2690 926 2716 καὶ

135 2737 238 2772 πλούτῳ
250 2736 281 2763 τὸ
296 2736 350 2763 τῶν
364 2736 498 2770 ἀγελαίων
510 2735 689 2772 ὑπερθέοντες
705 2735 805 2770 μέτρον
823 2735 880 2771 (ὡς
895 2737 925 2762 ὲν

133 2782 203 2815 τάξει
227 2781 350 2810 νοεῖσθαι
373 2782 459 2818 συκῆς
478 2791 509 2810 τε
531 2782 578 2809 καὶ
594 2781 746 2817 ἀμπέλου),
767 2781 837 2816 πλὴν
857 2781 924 2808 ὑπο-

163 2871 186 2887 ¹⁹
205 2869 304 2898 Μαιιιι.
325 2877 350 2902 v,
372 2870 399 2898 5.
437 2869 459 2885 ‘9
476 2869 546 2897 Psal.
565 2877 602 2902 Vl,
620 2870 646 2898 6.
660 2869 765 2897 “Psal.
785 2877 861 2902 cxnt,
882 2869 971 2903 l7,l8.

978 2276 1144 2310 accipiatur;
1159 2275 1306 2310 expugnari
1319 2275 1452 2309 siquidem
1469 2282 1614 2310 nequeunt.
1628 2281 1655 2303 et
1679 2285 1773 2304 eorum

978 2321 1121 2356 impressio
1134 2327 1243 2356 prorsus
1257 2325 1298 2348 est
1315 2321 1507 2354 insuperabilis
1523 2327 1605 2356 atque
1617 2323 1758 2357 adpcrden

978 2368 1027 2395 das
1043 2368 1114 2395 ruris
1127 2375 1192 2402 opes
1202 2367 1341 2394 universas
1353 2367 1460 2400 sullicit,
1475 2368 1507 2394 ad
1523 2367 1632 2395 fructus
1657 2373 1684 2395 et
1710 2369 1773 2397 her-

979 2413 1038 2447 bas,
1055 2414 1214 2449 inquam,ct
1230 2414 1264 2440 ad
1290 2413 1368 2446 ﬁcus,
1392 2413 1517 2448 vitesque
1545 2415 1771 2449 corrumpendas.

980 2459 1013 2487 ad
1040 2459 1193 2487 nudandam
1224 2459 1339 2494 denique
1362 2463 1390 2486 et
1416 2458 1619 2486 deformandam
1644 2466 1771 2493 agrorum

978 2505 1085 2533 faciem.
1116 2505 1194 2538 Quod
1222 2506 1245 2533 si
1272 2505 1354 2532 verba
1379 2505 1518 2539 prophetae
1540 2505 1573 2537 ad
1599 2509 1772 2532 vastatorum

978 2551 1165 2578 crudelitatem
1182 2555 1209 2579 et
1224 2559 1358 2578 summam
1371 2551 1489 2586 regionis
1506 2551 1677 2583 solitudinem
1690 2558 1770 2579 revo-

978 2605 1081 2630 cemus,
1102 2597 1256 2624 aliudnihil
1274 2597 1494 2629 subindicahunt,
1528 2605 1609 2632 quant
1635 2597 1682 2624 toti
1707 2604 1770 2631 pro-

978 2645 1074 2672 vinciae
1093 2644 1241 2679 perniciem
1259 2651 1306 2671 eos
1336 2644 1469 2676 attulisse,
1485 2648 1512 2671 ct
1542 2644 1675 2678 printores
1707 2651 1769 2671 con-

978 2696 1101 2726 sumptos
1114 2698 1185 2719 case.
1203 2690 1253 2724 Qui
1271 2697 1424 2724 quanquam
1440 2689 1523 2724 gloria
1546 2693 1573 2716 et
1584 2684 1688 2716 divitii's
1717 2689 1769 2723 ple-

978 2737 1099 2765 beiorum
1117 2737 1255 2765 modulum
1273 2737 1435 2765 excederent
1445 2735 1486 2770 (ut
1501 2740 1629 2770 utrosque
1641 2742 1689 2769 per
1701 2734 1769 2762 licus

977 2787 1005 2810 et
1016 2784 1082 2810 vites
1092 2783 1296 2819 intelligamus),
1305 2781 1624 2811 nihilominnsemarccre
1630 2780 1773 2814 debuisse,
