1919 3042
93 199 136 228 3H

543 198 819 228 COMMENTARIUS
838 198 871 226 lN
888 199 1022 228 JOELEM
1041 197 1262 229 PROPllETA‘M.

1678 196 1729 224 ΜΞ

93 259 196 288 νςικοῦν
215 260 268 288 καὶ
292 262 461 298 ἁμιλλᾶσθαι
477 261 638 294 σπουδάζον,
656 262 693 292 ὡς
711 262 890 297 ίσοστάθμους

949 263 1093 296 tontcndat,
1112 268 1139 290 et
1164 268 1270 291 certare
1287 261 1393 290 studeat
1409 279 1416 292 ,
1439 265 1469 288 ut
1485 258 1591 288 dolores
1613 256 1730 292 peccatis

93 308 146 339 ιιοῖς
167 307 386 344 ἡμαρτημένοις
413 308 549 334 ποιεῖσθαι
573 308 638 339 τοὺς
657 308 764 339 πόνους.
776 308 850 334 Φιλεῖ
860 308 889 334 δέ

95 361 150 384 πως
168 353 330 388 ἀρτίγαμος
344 354 413 390 κόρη
428 353 609 388 κατοιμώζειν
621 353 690 388 ἄγαν
700 355 739 386 είς
754 354 890 381 τεθνεῶτα

96 398 230 434 νυμφίον,
253 399 304 425 καὶ
326 399 454 435 δριμείας
484 398 654 434 εἰσδέχεσθαι
687 399 737 430 τὰς
759 399 806 426 ἐπὶ
821 398 889 434 τῷδε

98 444 192 476 λύπας,
210 443 251 476 ὡς
266 443 413 475 νουθεσίας
435 443 565 470 ἐπέκεινα
584 443 705 470 τίθεσθαι
724 443 773 479 τὴν
793 443 889 479 φρένα,

98 491 142 517 καὶ
159 490 266 526 μηδένα
277 490 381 526 τρόπον
393 490 461 525 αὐτῇ
475 490 521 517 τοῦ
535 490 633 526 χρῆναι
650 489 759 517 πενθεῖν
773 489 890 523 ἐπαξίως

98 536 264 572 ἀποχρῶντα
281 534 354 563 εἶναι
371 536 459 563 δοκεῖν
470 545 477 552 ·
494 536 589 572 χρῆμα
601 535 656 572 γὰρ
673 536 703 562 τὸ
716 535 830 571 θηλειῶν
845 545 890 571 φι-

97 581 214 617 λὸδικρυ
230 582 280 608 καὶ
295 581 457 616 φιλοπενθὲς
479 581 711 618 ὁμολογουμένως,
732 582 848 617 μάλιστα
863 582 892 609 δὲ

97 627 149 654 τῶν
167 628 260 655 ἄλλων
274 628 291 664 ὴ
310 628 473 664 παρθενικύν
487 637 516 654 τε
531 628 579 655 καὶ
600 628 701 663 ἔφηϐον
717 628 808 664 ὁρῶσα
823 637 891 664 νυμ-

98 673 158 708 φίον
171 673 292 710 οἰκτρῶς
305 674 335 700 ὲν
351 674 442 705 εὐναῖς
458 674 554 709 νεκρόν
570 682 601 700 τε
619 673 666 700 καὶ
681 674 783 701 ἄπνουν
798 674 892 709 κείμε-

97 727 151 745 νον.
172 715 215 754 ⁷ῌ
238 719 271 754 δὴ
298 717 513 754 παρεικάξεσθαι
536 718 590 745 δεῖν
606 718 657 754 τὴν
681 718 734 745 τῶν
758 718 892 746 Ἰουδαίων

97 764 203 800 πληθὺν
215 764 245 791 εὖ
261 765 334 799 μάλα
347 765 439 799 φησιν,
451 764 652 799 ἀποκρούεσθαι
661 773 691 791 τε
705 765 740 791 τὰ
753 765 782 798 ἐξ
796 765 890 800 ὀργῆς,

98 811 143 837 καὶ
156 807 214 836 οἷον
228 810 345 845 ἄσχετον
360 811 402 836 ἐπ’
417 811 515 842 αὐτοὺς
531 810 624 837 ἰοῦσαν
643 811 700 842 τοῖς
722 810 830 847 θρήνοις
843 811 893 846 τὴν

99 856 174 883 Θείαν
191 856 301 891 κίνησιν
315 855 488 889 ἀνακόπτειν,
503 856 708 891 τεθαρρηκότας
719 857 759 883 ὅτι
777 856 894 892 χρηστὸς

99 903 145 930 καὶ
167 903 295 938 ἐπιεικὴς
312 903 326 929 ὁ
351 902 404 929 τῶν
423 902 492 928 ἥλων
516 902 576 928 ἐστὶ
601 903 752 938 Δεσπότης,
774 912 783 929 ι
800 903 894 937 φιλάν-

100 949 221 984 θρωπος,
239 949 288 975 καὶ
304 948 458 981 πολυέλεος,
476 949 523 976 καὶ
545 949 684 984 μετανοῶν
706 949 752 975 ἐπὶ
771 950 830 980 ταῖς
849 958 893 975 zot-

100 994 184 1026 κίαις,
218 993 291 1020 κατὰ
308 993 338 1020 τὸ
355 993 460 1028 γένος..

134 1080 211 1116 Πλὴν
232 1080 264 1107 οὐ
289 1081 459 1117 τεθρήνηκεν
484 1083 500 1116 ἡ
518 1082 573 1108 τῶν
591 1082 726 1109 Ἰουδαίων
744 1083 893 1119 Συναγωγή

99 1124 145 1150 τὸν
161 1123 193 1156 ἐξ
214 1124 330 1160 οὐρανοῦ
352 1125 478 1160 νυμφίον,
497 1126 569 1152 τοῦτ’
586 1126 645 1153 ἔστι
667 1127 794 1162 Χριστόν.
819 1128 893 1164 Αὕτη

100 1170 154 1205 γὰρ
165 1169 323 1203 ἀπέκτεινε,
336 1172 383 1197 καὶ
394 1171 592 1207 πεπαρῴνηκεν
602 1174 641 1204 εἰς
652 1173 742 1201 αὐτόν.
750 1174 894 1210 Τοιγάρτοι

99 1216 154 1242 τῶν
170 1216 254 1244 θείων
274 1217 397 1253 εἴργεται
419 1218 539 1250 παστῶν,
553 1217 605 1250 ἔξω
621 1227 650 1245 τε
665 1219 718 1245 τῶν
741 1220 821 1255 ἱερῶν
837 1221 894 1247 ἐστι

100 1262 209 1297 γάμων,
220 1262 268 1289 καὶ
283 1262 334 1297 τῆς
346 1263 444 1298 ἑορτῆς
461 1264 595 1299 ἀμέτοχος
610 1265 761 1299 παντελῶς,
775 1266 894 1302 ἀπόκλη-

102 1309 146 1344 ρος
158 1316 189 1335 τε
207 1310 256 1335 καὶ
268 1308 461 1345 ἀπερῤιμμένη
481 1310 588 1344 λοιπὸν,
605 1311 652 1338 καὶ
669 1312 718 1346 τῆς
741 1313 795 1339 τῶν
810 1313 894 1348 ἁγίων

102 1354 210 1386 ἐλπίδος
223 1355 262 1386 ὡς
280 1355 420 1383 ἀποτάτω.
436 1356 616 1392 Εῐσκέκληται
636 1358 664 1385 δὲ
679 1359 735 1385 ἀντ’
755 1360 862 1395 ἐκείνης
877 1361 893 1396 ἡ

101 1401 149 1428 νέα
168 1401 217 1428 καὶ
239 1401 415 1437 ἀρυτίδωτος,
431 1403 447 1437 ή
473 1402 619 1437 πάναγνος,
638 1405 685 1430 καὶ
702 1404 781 1441 σοφὴ,
801 1406 849 1432 καὶ
863 1406 895 1432 ἐκ

100 1448 221 1475 Λιϐάνου
237 1448 341 1483 νύμφη,
358 1449 428 1484 καλή
445 1457 474 1475 τε
491 1450 649 1485 περιστερὰ,
666 1451 816 1484 τουτέστιν,
833 1453 850 1487 ἡ
865 1452 895 1485 ἐξ

101 1494 188 1522 ἐθνῶν
205 1494 368 1529 Ἐκκλησία,
387 1495 403 1529 ἡ
425 1495 472 1522 καὶ
488 1495 554 1522 αύτὺ
575 1495 607 1522 τὸ
628 1495 713 1528 πάθος
728 1496 896 1532 ὁμολογοῦσα

101 1540 234 1576 Χριστοῦ,
251 1542 392 1577 μονονουχὶ
405 1542 433 1568 δὲ
451 1541 498 1568 καὶ
512 1542 555 1568 ἐπ’
570 1541 645 1577 αὐτῷ
662 1542 792 1569 κλαίουσα
809 1543 852 1570 διὰ
866 1543 896 1570 τὸ

103 1586 278 1622 συμπάσχειν
292 1588 339 1614 καὶ
355 1587 472 1620 πενθεῖν,
485 1588 573 1623 αἴρειν
588 1597 619 1616 τε
630 1588 676 1615 τὸν
691 1588 756 1616 [διον
776 1589 894 1626 σταυρὸν

102 1634 149 1660 καὶ
159 1633 321 1661 ἀκολουθεῖν
335 1634 420 1671 αὐτῷ,
438 1635 485 1662 καὶ
506 1635 550 1663 διὰ
568 1636 623 1664 τῶν
639 1636 704 1664 ῐσων
725 1637 792 1664 ἰέναι
809 1637 895 1672 φιλεῖν

102 1680 146 1707 διά
156 1689 199 1707 τοι
215 1680 266 1716 τὴν
282 1681 323 1713 εἰς
337 1681 417 1709 αὐτὸν
433 1682 556 1717 ἀγάπην.
570 1683 738 1719 Παρθενικδς
754 1683 783 1710 δὲ
797 1684 811 1710 ὁ
827 1692 896 1720 νυμ-

104 1726 163 1760 φίος
179 1726 260 1753 νοοῖτ¹
276 1726 309 1754 ἂν
324 1727 407 1763 αὐτῆς
423 1727 437 1754 ὸ
455 1728 628 1764 Ἐμμανουήλ
642 1730 750 1764 (καίτοι
765 1730 897 1766 δοκούσης

105 1771 314 1807 μεμοιχεῦσθαι,
326 1774 374 1800 καὶ
383 1773 422 1808 τῷ
432 1774 539 1808 Σατανᾷ
549 1783 683 1810 πεπορνευ
688 1775 771 1811 μένης
785 1777 855 1804 κατά
864 1785 896 1811 γε

104 1817 148 1842 τὸν
162 1816 212 1844 τοῦ
232 1817 386 1846 πλανᾶσθαι
398 1819 520 1855 τρόπον),
536 1820 580 1848 διὰ
595 1820 644 1856 τὴν
658 1822 761 1849 ἄνωθεν
779 1822 896 1857 ἀναγέν-

104 1871 194 1896 νησιν,
213 1863 247 1899 ἥν
264 1863 308 1890 διὰ
322 1863 370 1890 τοῦ
393 1865 552 1901 Πνεύματος
575 1866 823 1903 πεπλουτήκαμεν,
847 1868 898 1904 τὴν

105 1907 241 1943 σαρκικὴν
254 1908 428 1944 ἀρνούμενοι.
440 1909 597 1944 Γέγραπται
607 1912 662 1946 γὰρ
680 1911 744 1946 περὶ
756 1911 874 1948 Χριστοῦ
889 1921 895 1928 ·

107 1962 116 1977 ι
128 1953 174 1985 Εἰς
192 1952 227 1980 τὰ
243 1953 296 1980 ῖδια
307 1952 384 1990 ἦλθε,
401 1955 449 1982 καὶ
464 1957 488 1982 οἱ
504 1957 564 1983 ἴδιοι
582 1957 664 1984 αὑτὸν
678 1958 709 1984 οὐ
732 1957 910 1993 παρέλαϐον..

105 1997 182 2025 Ὅσοι
199 1999 228 2026 δὲ
242 1999 339 2027 ἔλαϐον
356 2000 446 2034 αὑτὸν,
462 2010 470 2027 ι
487 2002 534 2028 καὶ
550 2002 583 2029 τὰ
596 2002 670 2038 ἑξῆς.

144 2088 291 2123 Ἔξῇρται
310 2090 401 2117 θυσία
416 2091 466 2117 καὶ
483 2091 603 2125 σπονδὴ
619 2091 653 2123 ἐξ
671 2091 756 2118 οἴκου
776 2092 896 2126 Κυρίου.

105 2135 256 2167 Πενθεῖτε,
271 2137 298 2162 οἱ
309 2136 554 2171 λειτουργοῦντες
564 2137 766 2171 θυσιαστηρίῳ
777 2139 897 2172 Κυρίου,

104 2179 149 2207 ὅτι
167 2181 411 2215 τεταλαιπώρηκε
424 2182 461 2208 τὰ
482 2182 579 2208 πεδία.
594 2183 740 2210 Πενθειτω
752 2184 771 2217 ἡ
788 2183 839 2218 γῆ,
856 2183 900 2210 ὅτι

104 2225 353 2260 τεταλαιπώρηκε
372 2227 466 2260 σῖτος,
485 2227 635 2262 ἐξηράνθη
658 2227 751 2261 οἶνος,
767 2229 899 2263 ὼληυώθη

103 2272 218 2300 ἔλαιον.
241 2273 483 2308 Ἐξηράνθησαν.

140 2319 182 2345 H’.
199 2319 316 2354 Ὅμοιον
328 2319 365 2351 ὡς
382 2320 406 2345 εί
421 2319 495 2354 λέγοι
513 2320 622 2354 σαφῶς
641 2320 846 2347 Ἐκλελοίπασιν
857 2320 902 2346 εύ-

105 2363 260 2399 χαριστίαι,
277 2364 324 2390 καὶ
338 2365 351 2390 ὁ
364 2364 452 2390 θύσων
463 2365 503 2392 ἔτι
520 2365 659 2397 παντελῶς
674 2366 772 2398 οὐδεὶς,
784 2367 798 2393 ὁ
815 2374 901 2401 προσ-

105 2409 211 2445 κομιῶν
227 2409 368 2445 ἀνάθημα,
388 2411 436 2437 καὶ
456 2411 540 2447 ληῗων
554 2412 693 2447 ἀπαρχὰς,
711 2412 823 2448 δράγμα
849 2420 900 2438 που

105 2456 216 2488 πάντως
229 2455 261 2482 τὸ
276 2455 359 2492 ἱερὸν,
374 2457 415 2488 εἰς
431 2456 559 2492 ἀπαρχὴν
572 2457 704 2493 θερισμοῦ
722 2457 817 2493 πυρῶν
833 2458 900 2484 ἀνα-

104 2502 249 2537 τιθέμενον
260 2501 302 2537 τῷ
316 2501 387 2537 Θεῷ,
401 2502 472 2529 κατὰ
485 2502 530 2529 τὸν
541 2502 663 2534 Μωσέως
681 2503 773 2538 νόμον.
791 2502 900 2538 Πρωτὼ

109 2549 172 2575 ιοκά
190 2556 224 2574 τε
247 2547 284 2574 τὰ
302 2547 332 2580 ἐξ
345 2547 426 2583 ὡρῶν
443 2548 531 2580 οὐδεὶς
548 2548 562 2574 ὁ
576 2548 729 2584 καρτάλλῳ,
747 2549 840 2584 φησὶν,
856 2549 899 2574 ὲν-

105 2593 200 2626 τιθεὶς,
225 2593 274 2620 καὶ
291 2594 475 2634 πορευόμενος
494 2594 534 2626 είς
549 2592 624 2621 οἷκον
638 2594 754 2630 Κυρίου,
773 2594 900 2621 ἀνάπτων

942 309 1094 336 commissis
1118 308 1295 344 proportione
1315 305 1510 342 respondeant.
1537 302 1613 331 Solet
1639 305 1730 328 autem

940 353 1027 390 puella
1042 361 1109 380 nova
1126 358 1207 387 nupta
1220 353 1348 388 majorem
1365 352 1391 380 in
1404 351 1512 378 modum
1537 348 1640 382 ejulare
1661 352 1726 379 pro-

940 402 1000 432 pter
1019 401 1152 424 mortuum
1165 404 1292 431 sponsum
1309 404 1398 428 suum,
1413 400 1439 423 et
1458 394 1516 428 ejus
1529 399 1611 421 causa
1631 389 1730 417 acerbo

941 441 968 468 in
984 448 1101 468 moerere
1122 442 1235 473 versari,
1267 446 1294 468 ut
1318 441 1424 468 animus
1438 446 1544 467 omnem
1567 436 1730 465 medicinam

941 491 1061 521 respuat,
1083 494 1133 514 nec
1147 487 1216 514 ullus
1230 488 1253 514 ei
1273 487 1360 514 luctus
1375 486 1441 514 satis
1456 492 1569 519 magnus
1580 488 1606 510 et
1618 482 1731 509 idoneus

941 532 1074 560 videatur.
1103 533 1223 560 Feminm
1251 532 1385 567 siquidem
1414 531 1547 566 lacrymas
1576 533 1603 555 et
1627 528 1729 554 luctum

942 583 1032 606 amant
1056 579 1238 606 communiter
1255 597 1262 610 ,
1292 576 1441 612 praesertim
1469 583 1529 610 qua:
1548 573 1707 608 virgineum
1721 591 1729 604 ,

942 631 1001 656 seu,
1019 623 1061 651 cui
1076 624 1133 659 ipsa
1151 624 1239 650 adhuc
1248 619 1329 658 ‘virgo
1353 622 1454 656 nupsit,
1476 625 1503 648 et
1518 619 1662 654 ephebum,
1680 625 1728 645 scu

943 670 1142 698 adolescentem
1161 669 1288 696 maritqu
1302 667 1495 695 miserabiliter
1519 665 1546 692 iu
1567 670 1626 691 toro
1653 671 1727 690 mor-

944 721 1018 744 tuum
1031 722 1058 744 et
1076 716 1228 744 exanimem
1251 715 1388 750 iacentem
1402 713 1509 747 aspicit.
1528 711 1595 738 lluic
1615 709 1731 738 similem

943 763 1001 790 ﬁeri
1015 762 1168 790 Judzeorum
1184 761 1311 796 populqu
1330 763 1455 795 oportere
1481 758 1529 791 ait,
1548 761 1575 785 et
1597 757 1635 783 ita
1657 763 1731 782 amo-

943 809 998 842 liri,
1019 817 1078 844 qua:
1092 817 1125 836 ex
1147 809 1187 835 ira
1212 807 1318 835 caelesti
1339 805 1483 833 metuenda
1510 804 1574 837 sint,
1605 808 1637 830 ac
1660 801 1734 828 velut

944 854 1125 882 inevitabilem
1146 854 1320 887 ipsorumque
1347 851 1500 880 cervicibus
1525 848 1657 877 divinitus
1680 847 1733 874 im-

945 900 1104 936 pendentem
1121 900 1249 934 impetum
1264 899 1391 926 lamentis
1418 896 1576 932 reprimere,
1600 893 1731 925 conlisos,

946 947 1008 982 quia
1028 946 1148 974 clemens
1165 953 1196 973 ac
1228 945 1303 972 milis
1321 949 1361 972 est
1383 944 1573 971 universorum
1592 939 1733 972 Dominus,

950 1001 958 1017 ι
983 992 1128 1027 benignus,
1141 996 1168 1019 et
1185 991 1280 1018 multre
1297 989 1504 1022 misericordiae,
1529 992 1556 1016 et
1568 985 1733 1023 praestabilis

947 1045 1028 1073 super
1042 1038 1145 1065 malitia
1164 1041 1261 1064 natura
1280 1044 1329 1063 sua
1345 1036 1378 1063 θ’.
1399 1045 1408 1062 ι

984 1084 1225 1111 Verumeuimvero
1255 1089 1309 1109 non
1326 1081 1393 1108 luxit
1413 1080 1566 1108 Judaeorum
1591 1078 1734 1114 Synagoga

947 1135 1076 1163 sponsum
1102 1128 1250 1159 caelestem,
1267 1127 1319 1154 hoc
1343 1130 1385 1153 est
1406 1125 1561 1156 Christum,
1580 1130 1659 1157 quem
1676 1124 1733 1156 ipsa

947 1175 1085 1203 interemit
1122 1178 1149 1201 et
1187 1172 1383 1200 contumeliose
1422 1171 1526 1199 habuit.
1553 1168 1733 1202 Quamobrem

947 1229 961 1248 a
973 1221 1064 1248 divino
1080 1219 1199 1247 thalamo
1214 1222 1324 1246 arcetur
1336 1238 1343 1251 ,
1368 1221 1394 1245 et
1412 1217 1497 1244 sacris
1519 1215 1620 1250 nuptiis
1640 1212 1734 1241 exelu-

948 1268 1031 1299 ditur,
1055 1271 1083 1294 et
1101 1265 1161 1293 festi
1175 1272 1271 1300 expers
1283 1268 1310 1290 et
1327 1263 1451 1291 exhazres
1477 1266 1528 1292 est,
1552 1260 1674 1294 proiecta
1700 1258 1735 1284 de

948 1318 1055 1346 αιτιοι-ο,
1075 1317 1156 1347 atque
1174 1319 1188 1338 a
1213 1314 1369 1338 sanctorum
1395 1316 1442 1343 spe
1462 1305 1659 1335 remotissima.
1682 1303 1736 1332 Vos

947 1365 1007 1387 cata
1018 1363 1060 1386 est
1069 1361 1158 1386 autem
1175 1356 1247 1384 intro
1255 1356 1282 1383 in
1295 1355 1383 1383 locum
1394 1355 1452 1391 eius
1466 1353 1510 1381 illa
1522 1348 1736 1381 adolescentula;

948 1411 1036 1439 nuper
1052 1408 1126 1436 nata.
1147 1401 1192 1430 illa
1208 1400 1374 1433 castissima.
1389 1403 1421 1428 et
1428 1398 1550 1434 sapiens,
1558 1400 1701 1432 et‘sponaa
1719 1401 1739 1422 α

948 1450 1064 1482 Libano,
1080 1447 1215 1481 columba,
1234 1446 1360 1482 pulchra.
1373 1451 1471 1481 nempe
1485 1442 1605 1472 Ecclesia
1618 1449 1652 1469 ex
1666 1448 1741 1477 seu-

950 1496 1033 1528 tibus,
1047 1501 1107 1530 quae
1125 1495 1211 1530 ipsam
1231 1492 1332 1521 Christi
1358 1490 1514 1527 passionem
1532 1487 1691 1520 conﬁtetar.
1709 1490 1747 1518 et:

950 1545 1054 1569 tantum
1071 1547 1124 1568 non
1142 1538 1276 1573 deplorat,
1294 1536 1358 1572 quia
1370 1535 1545 1572 compatitur,
1565 1532 1693 1567 πιπτει,
1709 1534 1739 1558 et
1750 1536 1758 1543 ν

949 1585 1018 1614 tollit
1037 1591 1146 1613 crucem
1161 1590 1249 1615 suam,
1272 1586 1301 1610 et
1316 1581 1406 1616 ipsum
1431 1579 1567 1614 sequitur,
1589 1581 1618 1606 et.
1639 1575 1741 1604 Iisdem

947 1631 1074 1660 incedere
1098 1629 1220 1664 vestigiis
1242 1615 1394 1656 delectatur
1407 1646 1416 1660 ,
1438 1628 1549 1661 propter
1574 1615 1741 1651 clt'aritatenv

946 1685 1000 1712 qua
1019 1676 1045 1704 in
1068 1675 1145 1703 illum
1169 1678 1223 1702 est.
1249 1672 1395 1706 Virgineus
1418 1673 1509 1698 autem
1534 1675 1651 1704 sponsu
1677 1666 1749 1702 ejus-

949 1721 1167 1756 lntelligipotelt
1185 1716 1345 1746 Emmanuel
1364 1716 1438 1752 (licet
1465 1714 1599 1743 adulterio
1622 1712 1735 1748 polluta,

947 1773 974 1796 et
991 1775 1052 1795 cum
1067 1766 1166 1794 Satana
1187 1763 1320 1792 fornicata
1347 1762 1494 1790 secundum
1508 1761 1642 1787 rationem
1661 1765 1736 1785 erro-

949 1814 987 1841 ris
1001 1813 1041 1841 sui
1055 1812 1202 1846 videatur),
1218 1813 1330 1845 propter
1343 1815 1488 1843 supernam
1505 1805 1736 1841 regenerationem

949 1869 1001 1897 qua
1016 1868 1063 1896 per
1083 1859 1215 1895 Spiritum
1230 1857 1307 1884 ditati
1334 1863 1441 1887 sumus,
1466 1853 1602 1881 carnalem
1617 1857 1733 1884 genera-

949 1908 1049 1936 tionem
1066 1906 1243 1940 abncgantcs.
1261 1901 1400 1936 Scriptum
1415 1903 1457 1927 est
1471 1899 1543 1926 enim
1559 1898 1592 1925 de
1608 1897 1735 1924 Christo:

951 1963 960 1981 ι
982 1953 1010 1980 In
1041 1951 1152 1988 propria
1178 1949 1263 1983 venit,
1289 1953 1316 1976 et
1330 1947 1371 1975 sui
1398 1954 1459 1974 eum
1487 1952 1540 1972 non
1565 1946 1735 1977 receperunt.

949 1998 1086 2033 Quotquot
1103 2001 1192 2024 autem
1207 2002 1268 2022 eum
1286 1995 1447 2028 receperunt
1471 1991 1504 2024 ",
1526 1999 1535 2017 ι
1561 1993 1588 2017 et
1606 1996 1665 2024 qua:
1696 1996 1739 2015 sc-

949 2050 1080 2080 qttttnlur.

985 2089 1067 2124 206
1094 2086 1292 2120 Vens.9,10.
1319 2085 1444 2112 Ablalum
1470 2088 1506 2110 est
1530 2081 1689 2116 sacriﬁcium
1713 2085 1738 2107 et

951 2135 1042 2161 libatio
1054 2135 1085 2161 de
1101 2134 1178 2161 domo
1202 2126 1326 2161 Domini;
1334 2130 1442 2167 Lugete,
1468 2129 1616 2157 sacerdotes
1631 2145 1640 2160 ,
1662 2127 1740 2154 mini-

950 2185 1064 2208 strantes
1083 2180 1162 2207 altari
1177 2178 1432 2214 Domini,‘quoniam
1445 2175 1556 2203 desolali
1568 2179 1627 2201 runt
1643 2173 1738 2206 campi.

952 2226 1051 2261 Lugeat
1065 2230 1149 2257 terra,
1161 2225 1290 2260 quoniam
1303 2224 1434 2259 afﬂictum
1458 2226 1494 2249 est
1508 2220 1625 2248 triticum
1638 2228 1648 2252 ;
1670 2218 1740 2246 aruit

916 2282 937 2308 ι)
953 2272 1041 2299 vinum
1053 2290 1061 2303 ,
1075 2271 1247 2297 imminutum
1261 2274 1297 2296 est
1311 2269 1407 2296 oleum.
1423 2267 1568 2294 Araerunt.

989 2315 1185 2343 Vllererinde
1209 2322 1241 2341 ac
1254 2315 1275 2341 si
1301 2314 1373 2341 dicat
1389 2312 1511 2347 apertius
1543 2319 1549 2337 :
1580 2309 1742 2337 Defecerunt

950 2361 1100 2396 gratiarum
1124 2360 1258 2393 actiones,
1275 2360 1358 2393 etqui
1371 2358 1458 2385 sacris
1469 2362 1614 2393 operetur;
1632 2363 1743 2390 prorsus

949 2414 1029 2434 nemo
1043 2410 1084 2434 est
1099 2406 1231 2441 amplius,
1247 2405 1291 2440 qui
1309 2412 1387 2432 sacra
1403 2404 1472 2431 dona
1488 2402 1621 2430 oﬂ‘eratet
1638 2402 1742 2436 h-ugmu

950 2454 1099 2488 primitias,
1122 2452 1291 2487 manipulum
1310 2472 1317 2485 ,
1338 2456 1413 2486 puta,
1430 2458 1479 2485 pro
1494 2449 1620 2484 primitiis
1646 2448 1743 2476 messi;

952 2498 1093 2531 frumenti,
1107 2498 1162 2526 Deo
1182 2497 1331 2525 secundum
1353 2496 1438 2531 legem
1461 2494 1561 2530 Moysis
1581 2501 1729 2522 consecrau

954 2545 1028 2572 dum.
1047 2544 1102 2572 Nec
1118 2548 1159 2572 est
1175 2544 1221 2580 qui
1237 2543 1264 2570 in
1279 2542 1392 2570 cartallo
1410 2546 1502 2577 ponat,
1517 2541 1618 2575 quique
1642 2540 1730 2574 primo

954 2590 1045 2624 genita
1063 2594 1204 2626 segreget,
1230 2593 1257 2616 ct
1273 2589 1300 2615 in
1322 2588 1429 2614 domum
1445 2586 1551 2614 Domini
1570 2586 1682 2616 veniat,
1712 2591 1744 2610 ac

105 2637 132 2663 δὲ
145 2637 184 2673 τῷ
199 2637 262 2673 Θεῷ
283 2628 335 2664 καὶν
356 2628 429 2673 ᾠδὰς
448 2638 498 2670 τὰς
512 2628 723 2674 χαριστηρίους,
738 2639 771 2671 ἃς
790 2637 824 2675 ἦν
837 2639 894 2674 ἀγο

949 2633 1002 2662 Deo
1016 2634 1112 2662 laudes
1126 2639 1274 2669 gratesque
1296 2631 1432 2667 persolvat
1447 2651 1455 2664 ,
1485 2635 1514 2657 ut
1535 2629 1648 2656 solebat.
1676 2628 1738 2655 Ideo

106 2684 196 2718 ρεύειν
211 2683 306 2719 ἔργον.
322 2683 457 2720 Ταύτῃτοι
471 2684 580 2712 πενθεῖν
593 2685 623 2711 τὸ
635 2685 784 2711 ἀπόλεκτον
798 2684 904 2712 κελεύει

106 2729 193 2763 γένος,
210 2730 286 2765 φημὶ
297 2729 330 2765 δὴ
345 2730 409 2761 τοὺς
427 2729 528 2765 ἱερέας,
545 2730 575 2757 οὐ
587 2730 738 2766 λημμάτων
753 2730 834 2757 ἕνεκα
848 2731 904 2758 δια-

107 2775 308 2810 πονουμένους,
324 2774 383 2801 ἀλλ’
399 2774 437 2806 ὡς
454 2775 509 2802 τῶν
528 2775 582 2801 ὑπὸ
597 2777 675 2810 χεῖρα
691 2774 763 2801 λαῶν
787 2775 905 2810 ὑπερηλ-

105 2820 238 2855 γηκότας,
255 2819 305 2846 καὶ
324 2818 499 2854 τεθειμένους
521 2820 561 2851 εἰς
580 2819 751 2855 λειτουργίαν
763 2819 812 2855 τὴν
829 2821 904 2856 ἱεράν

141 2907 166 2924 ⁸⁸
188 2906 249 2935 Joei
280 2914 311 2941 rt,
335 2906 380 2934 15.
419 2906 442 2922 ⁸⁸
470 2904 579 2941 Joan.t,
605 2906 648 2940 Η,
677 2906 721 2933 te.

953 2681 1046 2716 lugere
1063 2681 1140 2716 jubet
1162 2679 1279 2708 electum
1301 2685 1385 2714 genus
1398 2697 1405 2710 ,
1431 2675 1586 2704 sacerdotes
1612 2674 1716 2702 scilicet
1734 2683 1743 2707 ς

954 2734 1006 2753 non
1023 2731 1052 2752 ut
1075 2725 1121 2760 qui
1143 2723 1301 2760 compendia
1327 2729 1376 2762 sua
1405 2720 1596 2757 perdiderint,
1622 2725 1738 2752 quorum

954 2780 1038 2800 causa
1053 2771 1215 2804 laborarint,
1230 2770 1278 2799 sed
1305 2767 1399 2797 crediti
1414 2766 1505 2803 populi
1522 2766 1610 2793 vicem
1631 2764 1743 2793 nimium

954 2823 1084 2853 quantum
1111 2817 1251 2850 dolentes,
1265 2820 1293 2844 et
1315 2811 1455 2851 praefectos
1475 2811 1605 2840 obeundae
1624 2809 1743 2844 liturgiw
