1919 3042
184 176 237 206 “5

677 174 707 203 S.
727 174 863 203 CYRlLLI
880 174 1114 204 ALEXANDMNI
1133 175 1293 204 ARCHIEP.

1757 179 1812 207 διε

185 239 281 266 sacrae,
307 235 336 261 et
347 232 521 265 admirandae,
537 235 565 258 ut
591 235 619 259 ct
643 239 698 267 pra:
721 231 783 261 aliis
810 232 862 268 ipsi
882 233 967 261 Deum

1023 242 1049 260 τε
1064 234 1110 260 καὶ
1126 233 1300 268 ἀξιάγαστον,
1319 233 1362 261 [να
1376 233 1423 261 καὶ
1439 233 1493 269 πρό
1504 242 1536 268 γε
1552 233 1606 261 τῶν
1621 234 1710 261 ἄλλων
1733 235 1812 261 αὐτοὶ

186 278 370 310 reconcilient,
385 278 525 312 ipsumque
541 284 678 304 sacrortuu
693 278 843 306 antistitem
856 278 967 315 Moysen

186 325 324 353 imitentur
340 345 348 356 ,
365 324 409 359 qui
427 323 554 350 lsraelem
576 323 655 356 rexit,
677 329 702 352 et
718 324 786 351 dixit
805 335 812 352 :
837 333 847 350 ι
877 324 967 352 Obse-

186 378 243 403 cro,
258 370 378 401 Domine,
396 369 515 404 peccavit
529 370 572 396 hic
585 370 699 403 populus
715 376 855 404 peccatum
883 370 970 398 maxi-

187 423 282 448 mum;
308 415 372 441 etsi
395 414 503 449 quidem
521 415 636 442 dimittis
663 415 717 443 illis
744 421 882 450 peccatum
896 435 904 449 ,
926 417 967 442 di-

185 461 280 494 mitte;
294 461 335 487 sin
355 465 454 493 autem,
470 461 527 488 dele
547 468 588 488 me
602 462 635 488 de
651 461 720 488 libro
737 467 781 489 tuo
800 469 880 496 quem
897 462 968 490 scri-

185 507 260 537 tzsisti
277 506 310 533 ".
341 515 351 532 ι
378 505 527 541 lnterpouit
550 507 622 533 enim
640 515 668 534 se
693 507 873 534 sacerdotium
898 507 969 534 inter

184 552 267 579 Deum
285 555 311 578 et
332 551 479 586 populum;
497 557 523 579 el
540 559 586 578 eos
603 552 675 587 ipsos
703 554 748 586 qui
773 552 805 578 ad
831 553 965 579 sacrificia

184 596 305 623 facienda
319 596 435 624 inStituti
453 602 526 629 sunt,
545 604 605 623 cum
625 598 660 624 sit
674 606 770 624 munus
796 599 863 625 adeo
885 606 967 624 vene-

185 641 282 672 rabile.
296 641 383 673 decet,
397 642 503 676 opinor,
520 649 569 670 nee
583 643 681 676 injuria
697 651 763 670 sane
774 663 782 676 ,
799 644 966 678 supplicandi

184 686 304 714 libertas.
326 686 521 722 Propemodum
546 688 616 714 enim
651 695 731 722 supra
761 696 855 716 omnes
885 689 967 717 vitam

185 739 260 758 suam
279 731 333 759 Deo
346 738 517 766 consecrant,
542 740 590 768 pro
618 734 738 768 peccatis
765 734 897 762 sacriﬁcia
919 743 967 763 eo-

185 780 333 807 Inedentos.
365 780 410 808 Sic
440 781 511 808 enim
537 788 586 816 per
602 788 633 808 os
665 780 741 808 Osetn
767 780 884 815 loquitur
909 781 968 808 nui-

185 823 321 850 versitatis
341 823 470 852 Dominus
497 834 504 851 :
523 834 532 850 ι
553 824 665 852 l‘eccata
690 825 779 859 populi
810 825 861 852 mei
882 833 970 852 come-

184 869 306 902 dent,et
334 869 359 895 in
376 869 564 903 iniquitatibus
588 876 680 896 eorum
708 869 842 904 accipient
863 871 969 898 animus

1022 276 1088 303 Θεὸν
1110 277 1345 312 ὲκμειλίωσωνται,
1358 278 1406 305 καὶ
1427 278 1510 304 αὑτὸν
1532 278 1560 304 δὲ
1576 278 1621 305 τὸν
1646 278 1811 316 ἱεροφάντην

1022 323 1204 358 ἁπομιμοίντο
1220 323 1333 355 Μωσέα,
1351 324 1598 359 προεστηκότατοῦ
1625 324 1745 360 Ἰσραὴλ,
1765 326 1814 352 καὶ

1022 368 1081 403 Θεῷ
1094 369 1206 403 λέγοντα
1219 377 1226 384 θ
1251 379 1261 395 ι
1278 369 1394 405 Δέομαι,
1410 370 1513 406 Κύριε,
1530 370 1690 406 ἡμάρτηκεν
1713 372 1727 397 ὁ
1747 371 1812 402 λαὸς

1022 410 1099 445 οὗτος
1123 414 1261 450 ἁμαρτίαν
1285 414 1417 449 μεγάλην,
1443 415 1490 440 καὶ
1516 415 1540 440 εἰ
1563 415 1612 449 μὲν
1629 415 1702 449 ἀφῇς
1719 414 1812 445 αὐτοῖς

1022 459 1071 494 τὴν
1087 459 1233 495 ἁμαρτίαν,
1256 460 1339 494 ἄφες·
1364 460 1388 486 εἰ
1404 460 1432 486 δὲ
1447 460 1497 496 μὴ,
1521 459 1659 494 ὲξάλειψον
1680 459 1754 494 κάμὲ
1779 459 1813 486 ὲκ

1021 505 1072 538 τῆς
1089 503 1179 538 βίϐλου
1191 504 1294 540 ταύτης
1307 503 1340 541 ἧς
1357 505 1488 541 ἔγραψας.
1503 515 1512 531 ι
1530 505 1675 532 Μεσιτεύει
1689 505 1747 541 γὰρ
1761 505 1812 539 τῆς

1024 549 1173 585 ἱερωσύνης
1189 549 1220 575 τὺ
1246 550 1342 585 χρῆμα
1362 550 1421 586 Θεῷ
1444 559 1474 577 τε
1497 551 1545 577 καὶ
1568 551 1661 582 λαοῖςο
1684 551 1733 578 καὶ
1757 552 1812 582 τοῖς

1021 595 1198 631 τεταγμένοις
1214 595 1253 627 εἰς
1265 596 1436 632 λειτουργίαν
1455 596 1504 631 τὴν
1521 596 1592 623 οὕτω
1612 596 1727 631 σεπτὴν,
1743 596 1813 631 πρέ-

1023 650 1069 668 ποι
1089 641 1132 668 ἂν.
1146 640 1223 677 οἶμαι
1243 650 1306 674 που,
1329 643 1376 668 καὶ
1392 642 1464 677 μάλα
1488 643 1610 676 εἰκότως,
1633 644 1650 678 ὴ
1670 643 1701 668 ὲν
1725 642 1813 673 λιταῖς

1023 687 1174 722 παρρησία.
1199 686 1348 721 Μονονουχὶ
1369 687 1422 722 γὰρ
1446 687 1492 713 καὶ
1519 687 1588 723 ὑπὲρ
1605 688 1734 715 ἁπάντων
1763 687 1813 721 τὴν

1025 732 1093 759 ἰδίαν
1110 731 1149 767 τῷ
1165 731 1225 767 Θεῷ
1244 731 1403 767 καθιεροῦσι
1418 732 1500 767 ζωὴν,
1516 732 1551 758 τὰ
1569 733 1637 768 ὑπὲρ
1654 733 1704 764 τῆς
1722 732 1812 767 ἁμαρ-

1022 778 1081 809 τίας
1096 777 1204 813 θύματα
1218 777 1364 810 ἐσθίοντες.
1386 777 1471 804 Τοῦτο
1488 778 1534 804 καὶ
1554 777 1598 804 διὰ
1616 778 1709 814 φωνῆς
1731 777 1812 812 Ὠςηέ

1023 831 1106 858 φησιν
1119 824 1133 850 ό
1153 823 1208 850 τῶν
1232 823 1300 850 ὅλων
1313 823 1378 855 θεός
1390 832 1396 839 ·
1411 832 1420 848 ι
1437 823 1587 859 ’Ᾱμαρτίας
1606 823 1672 850 λαοῦ
1690 832 1744 859 μου
1762 824 1814 858 φά-

1023 879 1127 905 γονται,
1140 871 1187 897 καὶ
1200 872 1228 896 ὲν
1239 871 1299 902 ταῖς
1311 870 1429 901 ἀδικίαις
1441 870 1532 896 αὐτῶν
1546 870 1676 906 λήψονται
1690 870 1741 902 τὰς

184 921 278 941 eorum
294 914 331 941 ⁸⁸.
345 924 354 940 ι
375 914 476 941 Sensus
489 917 550 946 est,
570 922 630 941 cum
661 915 775 949 populus
796 915 883 950 legem
909 916 969 943 vio-

1023 917 1071 952 xi;
1088 915 1189 949 αὒτῶν,
1205 925 1215 942 ι
1230 916 1378 949 τουτέστιν,
1394 916 1458 943 ὅταν
1471 916 1595 948 ἀδικῶσι,
1614 917 1644 942 τὺ
1658 916 1757 942 δοκοῦν
1774 916 1813 951 τῷ

185 958 281 986 laverit
305 964 331 986 et
356 959 520 993 peccaverit,
545 964 600 986 tum
624 960 695 988 sacri
715 960 871 988 divinorum
900 962 969 988 alta-

184 1004 254 1031 rium
284 1004 402 1031 ministri
441 1004 574 1038 accipient
607 1005 712 1032 auimas
741 1013 805 1034 suas
833 1014 882 1041 pro
912 1007 966 1034 illo.

187 1057 197 1074 ι
219 1049 359 1084 Accipient
391 1059 400 1075 i
423 1054 536 1085 usurpat
551 1057 599 1084 pro
613 1049 737 1083 offerent,
756 1051 813 1078 sive
827 1052 968 1084 dicabuut,

183 1099 211 1120 et
225 1094 348 1128 accipere
362 1094 429 1121 dixit
454 1101 514 1128 pro,
541 1095 596 1122 Deo
613 1103 784 1124 consecrare.
810 1098 874 1130 Qua:
889 1105 970 1132 porro

183 1142 238 1170 illis
246 1143 354 1178 occasio
368 1143 495 1178 lugendi?
510 1152 520 1169 ι
539 1144 655 1171 Desolati
666 1144 853 1178 suutcampi,»
869 1143 967 1179 inquit;

183 1188 247 1222 quin
259 1192 286 1215 et
302 1188 420 1215 triticum
435 1189 562 1216 dentibus
579 1189 746 1216 locustarum
776 1196 916 1216 corrosum
942 1194 969 1216 et

185 1235 309 1271 rubigine
323 1237 396 1263 velut
411 1237 544 1264 adustum.
562 1236 621 1265 Urit
636 1237 707 1264 enim
725 1237 831 1272 rubigo.
847 1243 874 1264 ct
891 1237 966 1272 quasi

185 1281 211 1307 in
223 1281 329 1312 eineres
343 1281 441 1317 redigit
455 1290 582 1316 agrorum
599 1282 699 1317 fruges.
717 1282 851 1317 Oportere
866 1287 968 1310 terram

184 1333 293 1362 quoque
309 1327 403 1362 lugere
414 1329 463 1359 ait,
477 1328 613 1355 viduatam
627 1329 682 1356 suis
694 1329 828 1363 frugibus.
859 1337 868 1353 ι
896 1328 971 1356 Allli-

184 1378 257 1401 clum
274 1378 316 1403 est
331 1374 402 1402 enim
423 1375 552 1407 triticum.
573 1375 645 1402 aruit
664 1375 755 1402 vinum
769 1395 777 1407 ,
800 1375 968 1402 imminutum

184 1425 226 1448 est
244 1420 343 1448 oleum.
360 1421 512 1452 Aruertmt,
535 1430 544 1447 ι
576 1421 628 1448 huc
649 1425 699 1452 est,
727 1420 808 1456 207
833 1421 971 1456 perierunt

185 1466 275 1496 omnia
293 1466 382 1500 illius,
401 1471 429 1494 et
440 1475 553 1502 quorum
570 1474 652 1494 causa
671 1471 886 1494 consentaneum
910 1471 970 1493 erat

184 1520 245 1540 eam
266 1517 295 1540 ut
311 1514 441 1541 bonorum
461 1512 596 1540 fructuum
620 1517 758 1548 parentem
783 1512 971 1546 nutricemque

184 1558 326 1586 admirari.
352 1559 384 1586 Et
403 1559 460 1586 haec
484 1567 498 1585 a
516 1559 594 1587 nobis
610 1563 638 1587 ut
659 1559 688 1586 in
703 1557 784 1586 rebus
805 1566 865 1593 qua:
886 1565 969 1586 sensu

185 1603 375 1639 percipiuntur
388 1605 459 1632 dicta
475 1609 566 1632 sunto.

222 1733 428 1762 Lamentahitur
444 1742 507 1762 vero
523 1734 678 1770 quicunque
703 1740 744 1763 est
765 1736 971 1770 probatissimus

186 1780 312 1808 sacerdos
329 1788 384 1815 prae
399 1781 542 1808 immodica
555 1781 689 1808 dementia
709 1782 898 1816 purgationem
923 1791 971 1818 per

187 1826 267 1853 ﬁdem
284 1826 465 1860 repudiantes,
485 1834 534 1854 nee
548 1832 669 1855 amantes
694 1835 709 1854 a
733 1828 843 1856 Christo
867 1829 971 1856 sancti-

131 1892 138 1902 ,
186 1871 273 1898 ticari.
288 1871 510 1899 Manebuntenim
527 1873 559 1899 ah
574 1872 682 1908 frugum
699 1874 879 1908 spiritualium
893 1875 970 1909 copia

186 1916 368 1951 ttudequaque
400 1922 427 1952 et
455 1918 617 1946 omnimodis
657 1919 802 1950 destituti.
846 1924 874 1947 ct
907 1927 971 1955 ege-

186 1962 255 1989 bunt
276 1964 350 1990 omni
382 1964 453 1997 quod
484 1971 530 1992 eos
558 1964 630 1991 alere
647 1969 673 1991 et
690 1965 722 1991 ad
740 1965 908 1999 spiritualem
934 1967 974 1992 vi-

187 2008 314 2035 rilitatem
331 2010 447 2036 evehere
461 2014 563 2044 potest,
585 2010 750 2036 frumentum
766 2015 794 2037 et
809 2011 901 2038 vinum
920 2019 972 2038 non

189 2054 329 2087 habentes,
344 2062 394 2081 usu
407 2055 458 2082 olei
472 2055 578 2090 privati.
611 2055 724 2089 Mystice
738 2055 884 2089 loquimur:
911 2065 972 2083 nam

189 2099 268 2126 tidem
295 2101 506 2134 recipientibus,
532 2100 649 2134 seipsuut
677 2101 802 2128 Christus
823 2107 852 2128 ut
877 2110 972 2137 panem

188 2145 251 2172 vita
271 2151 386 2180 apponet
410 2147 461 2181 (sie
485 2146 555 2172 enim
575 2145 664 2172 aiebat
686 2154 717 2172 τι
745 2145 799 2182 Ego
820 2154 878 2174 sum
898 2147 974 2182 panis

189 2192 266 2220 vivus
281 2192 323 2228 ι),
343 2197 370 2220 et
399 2198 428 2220 ut
454 2194 543 2220 vinum
571 2193 710 2220 lattiflcans
733 2201 781 2220 cor
801 2193 918 2221 hominis
940 2195 972 2220 ⁸³.

189 2237 306 2265 Rursum
335 2239 456 2274 intelligo
480 2239 551 2273 quod
583 2239 760 2274 intelligentia
787 2240 970 2274 perspicitur,

188 2284 259 2318 quod
274 2284 426 2312 sanctificat
437 2284 576 2316 nimirum,
589 2289 617 2311 et
633 2285 667 2311 de
681 2284 742 2319 ejus
757 2285 844 2320 gratia
862 2286 973 2320 partici-

189 2336 254 2363 pare
273 2329 448 2364 intelligitur.
467 2328 640 2356 Voluntatem
661 2333 751 2356 autem
765 2337 878 2363 saevam,
897 2337 974 2358 acer-

189 2374 250 2402 ham
264 2379 291 2401 et
307 2382 322 2402 a
339 2375 394 2402 Deo
407 2375 533 2406 alienam,
551 2380 669 2403 mentem
683 2375 850 2404 incredulam
863 2382 889 2404 et
900 2385 968 2404 con-

190 2425 336 2453 tumacem,
350 2429 460 2456 prorsus
480 2421 598 2455 inopem,
614 2426 642 2449 et
654 2421 787 2450 bonorum
809 2431 869 2458 quae
893 2425 974 2451 modo

190 2466 320 2498 diximus,
341 2467 453 2494 omnino
467 2473 603 2495 exsortem
627 2469 724 2496 reddit.
747 2468 874 2496 Sciamus
892 2471 974 2497 etiam

191 2511 255 2539 licet
274 2512 399 2545 Paulum,
412 2514 457 2547 qui
475 2514 656 2542 sanetiticavit
675 2515 850 2551 Evangelium
866 2516 891 2543 in
909 2524 975 2552 gen-

190 2557 274 2590 tibus,
288 2561 393 2585 tanlum
419 2566 473 2586 non
499 2559 640 2588 deﬂevisse
659 2561 813 2590 incredulos
830 2570 862 2589 ex
882 2561 974 2596 lsrael,

191 2603 268 2638 cuius
282 2603 394 2631 verbum
409 2609 450 2632 est
465 2613 473 2633 :
491 2615 500 2632 ι
519 2606 640 2634 Tristitia
653 2613 695 2635 est
710 2608 776 2635 mihi
803 2616 899 2643 magna
920 2610 973 2642 "",i

191 2654 219 2676 et
237 2649 337 2683 reliqua
355 2651 490 2687 deim-eps.
521 2653 566 2680 Est
591 2659 681 2681 autern
697 2654 830 2689 mysticus
849 2659 878 2682 et
898 2661 978 2681 arca-

193 2702 257 2727 nus,
267 2699 296 2722 ut
312 2696 378 2729 dixi,
394 2704 475 2733 super
488 2698 545 2726 hnc
557 2707 657 2727 seruio.

228 2877 251 2896 "
275 2879 358 2908 Exod.
386 2889 472 2915 χχιιι,
499 2881 544 2915 3i,
567 2881 611 2909 32.
651 2882 674 2898 ⁸⁸
700 2881 769 2911 Osee
785 2888 822 2917 tv,
854 2883 880 2911 8.

931 2883 954 2899 “
969 2882 1046 2912 Joau.
1068 2893 1104 2917 Vl,
1123 2885 1148 2911 il
1164 2894 1170 2917 ;
1186 2886 1268 2913 Eucti.
1289 2894 1321 2913 XL
1344 2885 1388 2912 Ξ).

1019 955 1094 998 νόμῷ
1121 962 1345 998 πλημμελοῦντες
1361 962 1386 988 οἱ
1409 961 1479 993 λαοὶ,
1495 963 1555 989 τότε
1572 962 1604 997 δὴ
1620 963 1644 989 οἱ
1659 962 1714 988 τῶν
1732 962 1814 988 θείων

1021 1009 1222 1043 θυσιαστηρίων
1244 1008 1381 1043 ἱερουργοὶ
1403 1007 1534 1042 λήψονται
1549 1007 1588 1042 τῷ
1608 1007 1668 1042 Θεῷ
1683 1007 1734 1038 τὰς
1750 1007 1815 1033 ἑαυ-

1019 1054 1073 1080 τῶν
1086 1053 1176 1088 ψυχὰς
1198 1053 1268 1088 ὑπὲρ
1290 1052 1412 1079 ἐκείνων.
1430 1052 1466 1078 Τὸ
1481 1052 1509 1078 δὲ
1524 1061 1533 1076 ι
1546 1051 1675 1087 λήψονται
1689 1061 1699 1078 ι
1717 1053 1812 1086 φησὶν,

1020 1101 1081 1127 ἀντὶ
1090 1099 1149 1131 τοῦ,
1163 1109 1172 1125 ι
1185 1097 1411 1135 προσκομιοῦσιν,
1423 1106 1432 1121 ι
1446 1098 1528 1132 ἡγουν
1543 1096 1719 1132 ὰναθήσουσι.
1736 1098 1812 1131 Λαμ-

1020 1146 1150 1172 6άνεσθαι
1166 1145 1220 1180 γὰρ
1237 1145 1345 1178 ἐλέγετο
1364 1143 1394 1170 τὸ
1411 1142 1568 1169 ἀνατιθέναι
1589 1143 1629 1177 τῷ
1649 1141 1720 1176 Θεῷ.
1738 1142 1771 1168 Τί
1785 1141 1813 1168 δὲ

1002 1191 1067 1219 ’καὶ¹
1088 1192 1105 1226 ὴ
1123 1191 1259 1226 πρόφασις
1273 1190 1320 1217 τοῦ
1343 1189 1457 1220 πένθους
1479 1189 1587 1221 αὑτοῖςς
1610 1197 1619 1213 ι
1634 1187 1814 1214 Τεταλαιπώ-

1021 1246 1088 1274 ρηκε
1107 1237 1142 1263 τὰ
1156 1236 1253 1267 πεδία,
1277 1245 1287 1262 ι
1302 1235 1384 1270 φησὶ,
1407 1235 1454 1262 καὶ
1473 1235 1564 1270 μέντοι
1583 1234 1631 1262 κα).
1657 1235 1730 1266 σῖτος
1757 1234 1814 1265 τοῖς

1021 1283 1110 1310 ὀδοῦσι
1128 1282 1183 1309 τῶν
1200 1282 1320 1318 ἀκρίδων
1342 1281 1586 1316 καταφιλούμενος,
1606 1281 1654 1307 καὶ
1674 1277 1731 1307 οἷον
1751 1281 1813 1314 ὲρυ-

1021 1330 1084 1366 σίδη
1108 1330 1372 1365 καταπιμπράμενα.
1390 1329 1486 1362 Φλέγει
1511 1328 1585 1363 γὰρ,
1609 1327 1656 1354 καὶ
1682 1326 1814 1362 ἀφανίζει

1021 1375 1115 1411 ὥσπερ
1128 1376 1162 1402 τὰ
1176 1376 1204 1401 ἐν
1219 1376 1324 1411 ἀγροῖς.
1334 1376 1392 1401 Δεῖν
1405 1375 1433 1402 δέ
1445 1383 1526 1410 φησιν
1536 1374 1675 1406 οἱονείπως
1685 1374 1733 1400 καὶ
1749 1381 1813 1400 κατ-

1021 1421 1200 1457 ολοφύρεσθαι
1213 1421 1263 1455 τὴν
1275 1421 1337 1455 γῆν,
1347 1420 1524 1447 ἀπολωλότων
1535 1420 1602 1455 αὐτῇ
1616 1419 1670 1446 τῶν
1684 1419 1812 1454 καρπῶν.

1025 1478 1034 1494 ι
1051 1466 1284 1503 Τεταλαιπώρηκε
1305 1466 1360 1502 γὰρ
1383 1467 1466 1498 σῖτος,
1483 1465 1618 1501 ἐξηράνθη
1640 1461 1727 1496 οἶνος,
1751 1464 1814 1490 ὠλι-

1022 1513 1099 1548 γώοη
1126 1513 1225 1540 ἔλαιον.
1256 1512 1471 1548 Ἐξηράνθησαν,
1495 1521 1504 1537 ι
1527 1512 1688 1542 τουτέστιν,
1710 1510 1815 1545 οἴχεται.

1024 1559 1113 1585 πάντα
1128 1558 1162 1585 τὰ
1173 1558 1202 1590 ὲξ
1217 1557 1311 1592 αὐτῆς,
1324 1557 1370 1583 καὶ
1384 1557 1416 1582 τὰ
1430 1557 1470 1590 ἐφ’
1486 1554 1526 1587 οἷς
1538 1553 1572 1591 ἦν
1588 1556 1660 1587 εἰκὸς
1674 1554 1815 1581 καταϐαυ-

1025 1604 1158 1640 μάζεσθαι
1170 1603 1240 1633 λίαν,
1254 1603 1292 1634 ὡς
1312 1602 1427 1636 καρπῶν
1443 1602 1551 1636 ἀγαθῶν
1571 1601 1675 1636 μητέρα
1692 1601 1741 1627 καὶ
1754 1608 1815 1635 τρο-

1023 1651 1084 1686 φόν.
1100 1650 1156 1677 Καὶ
1170 1649 1248 1676 ταυτὶ
1273 1648 1322 1684 μὲν
1346 1649 1412 1684 ἡμῖν
1432 1647 1470 1680 ὡς
1483 1649 1512 1674 ὲν
1532 1647 1674 1682 αἰσθηταῖς
1693 1645 1818 1682 εἰρήσθω

1024 1697 1150 1734 πράξεσι.

1058 1741 1305 1777 Καταθρηνήσειγε
1325 1739 1377 1776 μὴν
1387 1741 1450 1772 πᾶς,
1463 1740 1537 1771 εἴτις
1553 1741 1610 1766 ἐστι
1627 1738 1816 1774 δοκιμώτατος

1023 1789 1122 1825 ἱερεὺς,
1135 1788 1196 1820 τοὺς
1213 1787 1242 1819 ἐξ
1258 1787 1377 1821 ἀμέτρου
1400 1785 1612 1821 φρενοϐλαϐείας
1638 1784 1688 1817 τὴν
1705 1785 1750 1811 διὰ
1773 1784 1813 1810 πί-

1024 1842 1109 1864 στεως
1131 1833 1264 1868 κάθαρσιν
1281 1832 1311 1858 οὺ
1332 1831 1538 1866 προσιεμένους,
1563 1831 1613 1857 οὐκ
1634 1830 1817 1865 ἠγαπηκότας

1022 1879 1051 1906 δέ
1071 1879 1103 1906 τὸ
1120 1878 1279 1913 ἁγιάζεσθαι
1299 1878 1375 1913 παρὰ
1399 1877 1529 1911 Χριστοῦ.
1554 1876 1737 1912 Ἀπθμενοῦσι
1763 1876 1816 1911 γὰρ

1024 1926 1123 1961 ἔρημοι
1138 1925 1227 1959 πάντη
1240 1933 1269 1950 τε
1290 1924 1337 1950 καὶ
1353 1923 1462 1954 πάντως
1473 1924 1522 1959 τῆς
1533 1923 1631 1958 νοητῆς
1649 1922 1815 1958 εὐκαρπίας,

1024 1971 1071 1998 καὶ
1084 1972 1112 1997 ὲν
1129 1970 1216 2005 ἐνδείᾳ
1225 1970 1326 2002 παντὸς
1338 1969 1444 1996 ἔσονται
1459 1969 1507 1996 τοῦ
1522 1968 1631 2004 τρέφειν
1641 1968 1755 1999 εἰδότος,
1771 1967 1817 1993 καὶ

1024 2017 1063 2047 εἰς
1083 2015 1208 2050 ἀνδρείαν
1235 2015 1333 2046 αὐτοὺς
1347 2015 1396 2048 τὴν
1412 2013 1601 2049 πνευματικὴν
1621 2013 1816 2047 ἀναφέροντος,

1025 2063 1097 2088 σῖτον
1112 2061 1159 2088 καὶ
1174 2058 1246 2087 οἶνον
1259 2061 1309 2087 οὐκ
1327 2060 1444 2095 ἔχοντες,
1465 2060 1513 2086 καὶ
1533 2059 1582 2094 τῆς
1603 2059 1696 2085 ἐλαίου
1717 2059 1814 2094 χρείας

1025 2107 1218 2143 ἐστερημένον
1233 2107 1362 2142 μυστικὸς
1383 2105 1438 2140 γὰρ
1455 2105 1470 2130 ὁ
1485 2104 1576 2138 λόγος.
1603 2104 1664 2130 ’Ὁτι
1681 2105 1740 2136 τοῖς
1769 2104 1818 2139 μὲν

1025 2155 1073 2190 τὴν
1092 2155 1181 2181 πίστιν
1195 2154 1394 2190 προσιεμένοις,
1409 2151 1504 2178 ἑαυτὸν
1518 2149 1672 2185 παραθήσει
1700 2151 1818 2185 Χριστος

1026 2201 1063 2232 ὡς
1075 2201 1156 2236 ἄρτον
1172 2199 1245 2234 ζωῆς
1260 2199 1373 2233 (ἔφασκε
1386 2198 1440 2232 γάρ
1449 2205 1456 2212 ·
1471 2206 1481 2222 ι
1493 2195 1564 2230 Ἐγώ
1577 2196 1634 2231 εἰμι
1646 2197 1660 2223 ὀ
1673 2196 1759 2232 ἄρτος
1768 2195 1817 2230 τῆς

1026 2247 1099 2282 ζωῆς
1113 2247 1146 2280 ι),
1174 2246 1211 2277 ὠς
1224 2243 1294 2276 οἶνον
1316 2244 1494 2279 εὐφραίνοντα
1521 2243 1636 2279 καρδίαν
1660 2242 1817 2278 ἀνθρώπου.

1026 2293 1108 2324 Σύνες
1123 2292 1202 2319 πάλιν
1212 2293 1320 2330 διφημι.
1340 2291 1545 2325 Καταχρίσουσι
1558 2289 1586 2316 δὲ
1601 2290 1648 2316 καὶ
1663 2289 1748 2324 ἐλαίῳ
1758 2309 1765 2319 ,
1781 2288 1818 2323 τῷ

1025 2339 1112 2375 νοητῷ
1134 2339 1255 2372 δηλονότι
1277 2338 1323 2364 καὶ
1339 2337 1498 2371 ἁγιάζοντι,
1522 2336 1570 2363 καὶ
1590 2335 1628 2367 ὡς
1653 2335 1682 2361 ἐν
1705 2335 1815 2370 μεθέξει

1024 2384 1162 2419 νοουμένῳ
1178 2384 1226 2419 τῆς
1239 2383 1304 2418 παρ’
1325 2382 1408 2409 αὑτοῦ
1431 2382 1552 2417 χάριτος.
1570 2381 1639 2412 Τοὺς
1659 2381 1689 2407 δὲ
1704 2380 1818 2416 γνώμην

1024 2431 1136 2465 ἔχοντας
1147 2430 1249 2464 ἀπηνῆ,
1268 2429 1366 2463 πικρόν
1379 2437 1408 2455 τε
1429 2429 1477 2454 καὶ
1495 2428 1637 2462 ἀφιλόοεον
1653 2427 1728 2460 νοῦν,
1742 2428 1819 2454 ἀπει-

1025 2476 1057 2510 θῆ
1078 2476 1126 2502 καὶ
1153 2475 1328 2509 δυσάγωγον,
1357 2475 1435 2502 ἑνδεᾶ
1461 2483 1512 2501 που
1537 2474 1645 2505 πάντως
1664 2474 1816 2508 ἀποφανεῖ,

1025 2522 1073 2548 καὶ
1085 2521 1224 2553 παντελῶς
1241 2522 1375 2557 ἀμέτοχον
1396 2521 1450 2547 τῶν
1464 2521 1566 2556 ἀρτίως
1582 2521 1648 2555 ἡμῖν
1661 2520 1819 2555 είρημένων

1025 2568 1146 2602 ἀγαθῶν.
1181 2568 1278 2594 Ἰπὲον
1299 2568 1338 2601 δὲ,
1358 2568 1400 2594 ὅτι
1418 2567 1466 2594 καὶ
1483 2567 1588 2598 Παῦλος
1605 2567 1764 2602 ’ίερουργῶν
1779 2567 1819 2598 είς

1025 2616 1058 2641 τὰ
1071 2615 1133 2650 ἔθνη
1146 2615 1177 2641 τὸ
1191 2614 1239 2641 τοῦ
1264 2613 1383 2650 Χριστοῦ
1399 2613 1576 2648 Εὐαγγέλιον,
1590 2614 1734 2649 μονονουχὶ
1755 2622 1818 2640 κατ-

1025 2661 1134 2695 εθρήνει
1152 2661 1215 2692 τοὺς
1230 2660 1409 2691 ἀπειθοῦντας
1428 2659 1456 2692 ἐξ
1479 2659 1594 2695 Ἰσραήλ.
1609 2660 1736 2694 Ἔφασκε
1753 2661 1816 2695 γὰρ.

1028 2706 1068 2732 ὅτι
1083 2706 1176 2741 «Λύπη
1193 2707 1238 2742 μοι
1253 2708 1310 2734 ἐστι
1327 2707 1443 2742 μεγάλη,
1454 2716 1462 2732 ι
1477 2707 1524 2734 χαὶ
1536 2707 1572 2733 τὰ
1583 2707 1658 2740 ἑξῆς.
1676 2707 1818 2740 Μυστικὸς

1029 2751 1068 2784 δὲ,
1088 2751 1126 2784 ὡς
1148 2753 1225 2788 ἔφην,
1245 2753 1292 2779 καὶ
1315 2753 1505 2788 κεκρυμμένκ
1533 2754 1547 2779 ὁ
1567 2753 1614 2779 ἐπὶ
1632 2752 1702 2788 τῷδε
1727 2753 1819 2788 λόγος,

1429 2885 1452 2900 ’⁸
1467 2885 1545 2913 Rom.
1561 2893 1599 2918 Ix,
1611 2886 1639 2914 2.
