1919 3042
94 174 147 203 545

544 175 820 205 COMMENTARIUS
840 177 875 204 IN
895 177 1026 207 JOELEM
1046 180 1266 209 PROPHETAM.

1674 186 1728 215 5‘6

125 233 269 268 l‘swprol,
289 234 428 269 θρηνεῖτε
447 233 582 271 κτήματα
609 237 686 271 ὑπὲρ
714 238 812 272 πυροῦ
836 239 885 265 καὶ

978 241 1058 267 Vens.
1076 242 1120 273 tl,
1137 242 1180 269 1‘2.
1205 241 1347 277 Agricola',
1371 242 1456 278 lugete
1481 244 1657 278 possessione;
1679 252 1726 279 pro

94 279 205 315 κριθῆς,
221 280 268 307 ὅτι
279 281 422 308 ἀπόλωλε
433 281 578 316 τρυγητός
587 282 621 314 ἐξ
635 283 889 318 ἀγροῦ.”Αμπελος

94 325 256 360 ἐξηράνθη,
273 326 324 353 καὶ
339 328 369 354 αἱ
397 327 493 354 συκαῖ
510 327 715 362 ὼλιγώθησαν.
745 329 815 357 Ῥοὰ
840 330 889 356 καὶ

95 371 200 405 φοῖνιξ,
214 372 266 398 καὶ
282 371 395 407 μῆλον,
412 373 462 400 καὶ
477 373 576 400 πάντα
591 373 628 400 τὰ
638 373 718 406 ξύλα
730 375 782 401 τοῦ
795 375 889 410 ἀγροῦ

95 416 316 451 ἐξηράνθησαν,
342 418 386 445 ὅτι
407 419 549 454 ᾔσχυναν
571 420 667 455 χαρὰν
695 422 722 448 οι
744 421 804 448 υΙοὶ
830 421 889 449 τῶν

95 462 269 497 ἀνθρώπων.

137 509 177 537 θ’.
206 510 312 542 Πένθος
339 510 464 546 ἀληθῶς,
490 511 602 547 ἄλγημά
625 521 655 538 τε
686 513 734 539 καὶ
762 513 889 550 θρήνημα

92 557 147 587 τοῖς
163 556 277 582 εἰωθόσι
293 558 434 590 γηπονεῖν,
452 557 505 584 τῶν
519 559 549 584 ἐν
563 558 658 593 ἀγροῖς
705 559 885 595 πανωλεθρία,

92 602 138 628 καὶ
156 601 187 628 τὸ
202 602 288 637 μηδὲν
304 602 372 634 ὅλως
387 603 434 629 ἀπ’
445 603 536 630 αὐτῶν
553 604 730 639 συγκομίζειν
743 605 884 638 δύνασθαι,

93 649 138 674 καὶ
159 647 230 682 μετὰ
250 648 373 683 μακροὺς
392 648 505 683 ἱδρῶτας
522 649 579 675 ἔσθ’
602 650 657 676 ὅτε.
682 647 740 677 Λῧα
755 650 782 676 δὲ
798 651 831 677 τὰ
857 652 885 677 ἐν

92 695 191 729 κήποις
219 696 288 730 ὀρᾷν
312 696 366 722 τῶν
395 695 479 728 ξύλων
502 697 639 732 ἐξαίρετα,
663 698 749 733 λητοις
766 707 796 725 τε
817 699 885 734 ὁμοῦ

90 739 138 769 τὰς
163 739 309 774 ἀμπέλους
339 741 578 776 κατεφθαρμὲνας,
607 742 654 768 καὶ
673 743 757 778 αὐτὴν
779 743 807 770 δὲ
835 744 884 779 τὴν

90 784 190 819 ἀγρίαν
204 784 273 820 ὕλην
282 786 339 824 τοῖς
354 786 452 820 κήποις
472 788 756 822 συγχαταφθίνουσαν.
773 798 782 814 ‹
792 789 884 816 Πάντα

89 829 153 865 γὰρ,
169 831 250 864 φησὶ,
271 830 305 857 τὰ
315 831 380 863 ξύλα
387 831 433 858 τοῦ
444 832 529 867 ἀγροῦ
539 832 738 868 ὲξηράνθησαν,
746 835 787 861 ὅτι
795 835 881 870 ᾔσχυ-

89 883 136 900 ναν
154 875 270 912 χαρά[ν]
283 877 336 903 υἱοὶ
349 877 403 903 τῶν
410 877 562 913 ἀνθρώπων
572 899 578 911 ,
592 889 600 904 ι
615 879 752 906 τουτέστιν
765 901 771 912 ,
786 881 880 916 αἰσχύ-

942 286 1074 320 frumento
1088 292 1112 313 ει
1127 287 1236 319 hordeo,
1250 289 1312 323 quia
1336 289 1411 322 periit
1439 289 1571 316 vindemia
1593 298 1626 317 ea;
1651 298 1726 324 agro.

946 331 1029 359 Vinea
1046 333 1128 365 aruit,
1146 338 1169 359 et
1190 333 1255 367 ﬁcus
1278 334 1424 362 immlnutw
1445 338 1517 361 sunt.
1537 334 1640 361 Malum
1663 344 1726 370 grn-

941 383 1031 404 nalum
1045 398 1052 411 ,
1078 383 1101 405 et
1119 379 1218 412 palma,
1235 385 1258 405 et
1282 380 1392 410 malum,
1414 384 1438 407 et
1460 381 1548 406 omnia
1576 382 1650 415 ligna
1667 383 1725 416 agri

940 424 1057 458 arefacta
1080 428 1152 457 sunt,
1181 425 1304 460 quoniam
1329 426 1502 460 confuderunt
1523 428 1650 461 gaudium
1675 429 1724 462 ﬁlii

939 470 1083 496 hominum.

976 515 1020 542 IX.
1048 515 1162 542 Luctum
1183 515 1242 542 sine
1271 515 1362 547 dubio,
1388 516 1507 544 dolorem
1537 521 1564 544 et
1593 517 1722 551 ejulatum

940 569 1017 591 terra:
1032 562 1183 590 cultoribus
1196 562 1268 596 parit
1283 569 1372 588 rerum
1387 561 1414 588 iu
1433 562 1504 596 agris
1527 569 1559 589 ex
1576 571 1637 590 asse
1660 571 1722 598 per-

938 610 1033 641 nicies,
1052 616 1112 636 cum
1130 608 1196 635 nihil
1213 607 1320 642 penitus
1332 607 1394 634 inde
1409 607 1472 634 licet
1491 607 1626 642 colligere,
1641 610 1722 643 idque

938 659 998 691 post
1009 655 1102 690 longos
1116 654 1230 681 sudores
1247 653 1400 687 aliquando.
1426 653 1459 680 Et
1474 653 1567 680 videre
1590 654 1617 680 in
1636 654 1723 681 bonis

936 702 1069 728 arel'actas
1084 700 1196 727 arbores
1209 707 1368 734 generosas,
1398 702 1425 726 et
1444 706 1505 726 cum
1518 699 1583 726 satis
1600 700 1678 732 viles,
1695 705 1723 726 et

936 755 996 774 cum
1012 747 1098 774 hortis
1111 746 1192 774 silvas
1204 746 1316 781 periisse
1328 765 1335 772 .
1355 754 1363 771 ι
1381 745 1477 773 Omnia
1491 745 1564 773 enim
1576 746 1648 780 ligna
1663 747 1722 780 agri

935 793 1055 820 arefacta
1082 796 1146 819 sunt
1160 812 1167 824 ,
1183 792 1279 826 inquit,
1306 792 1435 826 quoniam
1453 791 1633 818 confuderunt
1655 798 1722 826 gau-

936 838 1010 865 dium
1027 838 1074 864 Iilii
1093 837 1243 870 hominum,
1261 846 1270 863 ι
1287 838 1338 865 hoc
1353 841 1395 864 est
1411 857 1418 869 ,
1445 837 1611 864 habitatores
1641 842 1720 864 terra:

934 883 1110 911 reddiderunt
1124 889 1229 918 tempus
1243 883 1385 911 dedecoris
1401 904 1408 916 ,
1432 883 1552 917 pudoris,
1574 883 1723 918 reprehen-

89 928 137 954 νης
156 929 187 947 τε
211 922 261 947 καὶ
284 923 436 958 ἐντροπῆς.
458 923 504 950 καὶ
526 923 655 959 ἐλέγχων,
674 926 771 961 ποινῆς
785 935 815 953 τε
832 927 880 953 καὶ

935 930 1031 962 sionis,
1045 937 1131 965 paena:
1147 934 1174 957 et
1190 930 1312 962 ultionis,
1333 938 1386 964 quo
1406 934 1527 963 tempore
1538 937 1643 964 aequum
1663 934 1723 957 erat

89 965 166 1000 δίκης
188 966 334 999 ἀπέδειξαν
360 968 456 1004 καιρὸν
478 970 502 995 οἱ
526 971 716 1003 κατοικοῦντες
738 972 787 1007 τὴν
817 971 878 1007 γῆν,

90 1010 151 1036 καθ’
162 1010 193 1036 ὃν
204 1011 279 1043 εἰκὸς
290 1010 323 1047 ἦν
339 1013 385 1039 καὶ
395 1013 590 1049 ἀνευρύνεσθαι
601 1017 661 1047 ταῖς
673 1016 832 1052 εὐημερίαις
846 1017 879 1044 τὰ

88 1057 116 1087 ἐξ
128 1056 223 1092 ἀγρῶν
240 1058 429 1092 συλλέγοντας,
446 1061 492 1087 καὶ
507 1062 671 1096 ἀναμετρεῖν
689 1063 739 1097 μὲν
758 1063 823 1098 σίτῳ
831 1063 880 1095 τάς

89 1102 244 1137 ἀποθήκας,
271 1104 419 1138 ἐπιφωνεῖν
448 1106 476 1132 δὲ
501 1107 624 1142 τρυγῶσι
647 1108 695 1140 τὰς
723 1109 879 1143 ὲπιληνίους

88 1146 169 1180 ᾠδὰς,
182 1148 230 1174 καὶ
247 1150 308 1181 ταῖς
319 1150 382 1176 οἰῶν
399 1151 511 1185 ἀγέλαις
528 1153 687 1187 ἐφήδεσθαι,
706 1154 837 1189 πλείστης
849 1163 876 1181 τε

88 1193 150 1228 ὅσης
184 1195 232 1221 καὶ
264 1195 393 1228 εὐανθοῦς
428 1198 523 1229 αὐταῖς
556 1200 789 1235 παρερριμμένης
827 1200 878 1235 τῆς

87 1247 166 1271 nunc.

136 1285 230 1312 Ἕοικε
257 1287 286 1313 δὲ
314 1288 365 1314 κάν
389 1288 457 1323 τῷδε
483 1289 565 1316 πάλιν
589 1291 603 1316 ὁ
629 1290 708 1324 λόγος
738 1292 878 1327 γεωργοὺς

87 1331 232 1366 ὀνομάζειν
243 1333 449 1368 αἰνιγματωδῶς
461 1336 524 1368 τοὺς
539 1336 593 1363 τῶν
616 1337 751 1365 Ἰουδαίων
769 1339 876 1373 ταγμά‹

87 1385 139 1403 των
150 1380 358 1413 προεστηκότας
370 1382 540 1416 τοτηνικάδε,
562 1382 610 1414 οὒς
629 1384 674 1410 καὶ
690 1384 744 1410 δεῖν
761 1384 812 1419 ἔφη
830 1393 878 1411 κα-

87 1422 242 1457 ταθρηνεῖν,
261 1424 298 1456 ὡς
325 1425 387 1452 ὅσον
411 1427 487 1453 οὔπω
506 1427 690 1463 βαδιουμένων
709 1430 749 1461 εις
766 1424 891 1465 ὄλεθρον

87 1468 215 1495 ἁπάντων
240 1469 294 1496 τῶν
320 1471 390 1497 κατὰ
411 1472 512 1507 χώραν,
533 1474 592 1508 ἤτοι
606 1474 660 1501 τῶν
680 1475 877 1502 κατοικούντων

86 1513 134 1548 τὴν
146 1515 210 1548 γῆν,
225 1514 250 1540 οἳ
264 1515 312 1542 καὶ
328 1516 358 1543 ὲν
375 1517 449 1549 τάξει
465 1519 563 1553 πυροῦ,
581 1520 629 1546 καὶ
646 1520 752 1556 κριθῆς,
775 1521 822 1547 καὶ
833 1520 878 1553 ξύ-

86 1559 138 1585 λων
156 1559 267 1595 ὡραίων
281 1561 401 1597 νοηθεῖεν
411 1563 453 1590 ἄν.
477 1565 643 1600 Ἐφαρμόσει
657 1566 686 1592 δὲ
707 1566 761 1592 τῶν
776 1567 878 1602 νοημά-

933 975 1026 1010 augeri
1057 975 1134 1002 bonae
1163 975 1330 1010 tempestatis
1358 975 1414 1002 dies
1439 975 1491 1007 his,
1509 974 1554 1008 qui
1578 974 1666 1010 fruges
1688 982 1721 1002 ex

933 1021 1006 1056 agris
1029 1025 1209 1055 comportant,
1229 1025 1256 1047 et
1277 1020 1337 1048 illos
1361 1021 1497 1048 frumento
1525 1021 1626 1055 stipare
1655 1021 1720 1047 hor-

934 1075 990 1099 rea,
1011 1071 1038 1094 et
1059 1068 1224 1095 messoribus
1251 1067 1400 1095 cantilenas
1426 1067 1571 1094 messorias
1585 1066 1718 1098 accinere,

932 1114 1016 1148 208
1030 1113 1115 1140 laetari
1130 1121 1211 1147 super
1233 1115 1323 1140 ovium
1350 1113 1486 1148 gregibus,
1499 1113 1575 1140 uberi
1601 1118 1628 1140 et
1652 1113 1719 1140 viri-

933 1159 1006 1185 danti
1027 1159 1109 1186 herba
1127 1165 1155 1186 se
1170 1158 1332 1193 subjiciente
1349 1159 1533 1193 pascentibus.

967 1293 1080 1320 Videtur
1101 1295 1190 1318 autem
1208 1289 1339 1326 propheta
1362 1289 1410 1316 hic
1434 1294 1543 1315 rursum
1563 1286 1718 1313 Judazorum

932 1347 981 1374 per
999 1339 1024 1365 id
1055 1342 1161 1372 tempus
1188 1335 1317 1371 praesides
1333 1339 1360 1362 et
1374 1339 1493 1361 rectores
1510 1333 1642 1368 agricolas
1670 1339 1720 1358 no-

932 1385 1044 1416 minare,
1060 1383 1158 1418 quibus
1171 1381 1315 1416 lugendum
1332 1380 1484 1411 continuat,
1504 1385 1533 1405 ut
1548 1384 1609 1405 mox
1627 1377 1719 1404 omni-

931 1432 981 1458 bus
998 1429 1042 1465 qui
1061 1430 1086 1457 in
1100 1429 1210 1464 regione
1226 1431 1301 1460 sunt,
1320 1427 1379 1455 sive
1404 1431 1505 1453 terram
1525 1424 1718 1456 incolentibus,

931 1484 980 1504 seu
999 1476 1144 1510 indigenis,
1161 1475 1273 1502 exitium
1286 1475 1312 1501 in
1330 1473 1482 1501 cervicibus
1498 1471 1632 1498 habituris
1648 1479 1655 1497 :
1671 1470 1717 1505 qui

932 1523 1039 1557 quidem
1063 1522 1216 1556 indigenm,
1243 1519 1392 1550 frumenti,
1421 1517 1514 1545 hordei
1531 1521 1558 1544 et
1581 1516 1716 1551 lignorum

932 1568 1115 1604 speciosorum
1127 1566 1267 1594 vocabulis
1285 1563 1451 1599 intelligendi
1467 1568 1540 1590 sunt.
1554 1562 1715 1596 Quanquam

85 1613 137 1631 των
151 1606 168 1640 ή
179 1606 295 1641 δύναμις
306 1609 529 1645 πρεπωδέστερόν
544 1619 594 1638 που
604 1611 672 1646 τάχα
684 1612 739 1643 τοῖς
752 1612 879 1647 Γραμμα-

934 1616 977 1643 hic
990 1622 1086 1642 sensus
1102 1613 1269 1640 commodius
1284 1612 1399 1639 fortasse
1414 1610 1440 1637 in
1462 1609 1572 1637 Scrihas
1596 1613 1623 1636 et
1644 1608 1718 1635 Pha-

85 1650 161 1677 τεῦσι
188 1652 237 1678 καὶ
262 1653 429 1689 Φαρισαίοις.
457 1655 489 1682 Οἳ
522 1656 570 1683 καὶ
591 1657 718 1692 γηπόνων
744 1658 773 1684 ὲν
801 1658 876 1692 τάξει

86 1696 208 1732 κείμενοι
226 1701 460 1735 πεπαρῳνήκασιν
473 1702 514 1732 εἰς
523 1702 652 1737 Χριστὸν,
669 1703 837 1731 ἀπεκτόνασι
847 1713 878 1731 τε

85 1743 130 1769 τὸν
155 1743 336 1779 κληρονόμον.
352 1745 384 1772 ἵν’
402 1745 488 1781 ἔχοιεν
503 1747 580 1773 αὐτοὶ
589 1747 635 1774 τὸν
646 1749 762 1784 καρπὸν,
777 1749 880 1784 γένοιν-

87 1788 116 1815 τό
142 1797 173 1814 τε
195 1789 291 1816 λοιπὸν
310 1790 359 1816 τοῦ
387 1791 547 1825 ἀμπελῶνος
571 1792 709 1826 δεσπόται,
737 1795 879 1829 μονονουχὶ

87 1833 170 1867 ληῖοις
182 1834 280 1870 ὥσπερ
300 1836 524 1870 ὲπαγαλλώμενοι
545 1839 577 1873 τῇ
593 1829 751 1875 πολυάνδρῳ
779 1840 879 1875 πληθύῖ

88 1880 139 1906 τῶν
151 1881 375 1917 ὑποζευγμένων,
399 1884 445 1910 καὶ
466 1884 529 1915 τοὺς
545 1885 574 1910 ὲν
590 1885 682 1917 αὐτοῖς
699 1886 740 1912 ὅτι
761 1887 880 1921 μάλιστα

87 1925 240 1961 λαμπροὺς,
252 1927 290 1959 ὠς
305 1928 381 1963 ῥοὰν,
401 1929 439 1960 ὡς
456 1930 540 1965 μῆλον
555 1930 715 1967 ἀποτρυγᾷν
737 1932 877 1965 εἰωθότας.

93 1972 159 1998 Ἀλλ’
170 1970 244 1999 εἷλεν
263 1974 362 2005 αὐτοὺς
373 1975 388 2001 ὁ
405 1975 548 2010 Ῥωμαίων
565 1975 693 2012 πόλεμος,
710 1977 879 2013 δεδαπάνηκε

86 2018 172 2053 μέγαν
188 2019 237 2045 καὶ
254 2020 361 2054 μικρὸν,
381 2020 507 2056 λαμπρόν
523 2030 552 2048 τε
567 2021 615 2049 καὶ
635 2022 781 2058 ἐπίσημον,
798 2024 836 2055 ὡς
850 2025 879 2050 ὲν

86 2066 181 2096 συκαῖς
207 2066 388 2100 νοουμένους,
411 2067 537 2103 καθάπερ
564 2067 632 2102 ἔφην
656 2068 766 2102 ἀρτίως,
791 2069 828 2100 ὡς
851 2070 879 2095 ὲν

84 2111 201 2145 ἀμπέλῳ
214 2111 305 2146 τυχὸν,
323 2112 423 2146 φοίνικί
438 2121 468 2139 τε
485 2113 532 2139 καὶ
555 2114 642 2148 μήλῳ,
662 2114 708 2140 καὶ
723 2114 752 2140 ὲν
777 2113 877 2147 ξύλοις,

84 2155 121 2187 ὥς
133 2157 163 2183 ὲν
177 2156 260 2192 κριθῇ
280 2157 327 2184 καὶ
340 2157 418 2193 πυρῴ
428 2166 434 2172 ·
450 2158 572 2194 διάφοροι
588 2159 641 2195 γάρ
655 2161 681 2187 οἱ
698 2160 812 2196 τρόποι,
833 2160 879 2186 καὶ

85 2203 131 2238 οὐχ
152 2203 182 2229 ὲν
204 2203 292 2230 ἅπασι
305 2203 353 2230 τοῦ
377 2204 433 2239 βίου
447 2204 478 2230 τὸ
496 2205 604 2240 μέτρον.
627 2206 735 2241 Ἐπειδὴ
755 2206 783 2232 δὲ
807 2205 880 2238 ἀπαξ

84 2249 160 2284 ἀγρῷ
177 2249 331 2285 παρείκασε
347 2251 397 2286 τὴν
416 2250 469 2285 γῆν
484 2250 537 2277 τῶν
566 2251 708 2283 Ἰουδαίων,
724 2252 771 2278 καὶ
791 2252 878 2287 γηπό-

85 2303 145 2326 νους
166 2295 294 2330 ὠνόμασε
317 2296 380 2328 τοὺς
398 2296 611 2331 προεστηκότας,
627 2297 747 2324 σέσωκεν
768 2298 782 2324 ὁ
798 2297 876 2331 λόγος

87 2341 167 2377 μέχρι
184 2341 285 2373 παντὸς
308 2341 357 2378 τὴν
380 2342 548 2378 μεταφορὰν,
569 2342 654 2378 ληίοις
670 2351 700 2369 τε
722 2344 769 2370 καὶ
789 2343 877 2376 ξύλοις

85 2387 155 2414 κατὰ
164 2387 294 2422 διάφορον
307 2387 407 2423 τρόπον
419 2388 602 2423 παραϐάλλων
622 2389 685 2420 τοὺς
705 2389 750 2415 ὐπ’
768 2388 876 2420 αὐτούς.

119 2434 150 2463 Εἰ
173 2433 202 2459 δὲ
223 2433 255 2469 δή
279 2442 320 2465 τις
341 2433 423 2460 οἴοιτο
437 2434 477 2466 εἰς
493 2434 622 2470 ἐξήγησιν
640 2434 738 2469 ἠθικὴν
754 2434 833 2461 ταυτὶ
847 2434 879 2470 δὴ

86 2480 183 2514 χρῆναι
197 2480 403 2515 μετακομίζειν,
419 2481 549 2516 φρονήσει
563 2481 662 2512 καλῶς.
675 2481 879 2516 Παρεικαστέον

87 2526 139 2559 γὰρ
154 2525 277 2560 ἀρεταῖς,
293 2526 340 2552 καὶ
353 2527 408 2557 τοῖς
421 2527 461 2557 είς
477 2526 539 2553 νοῦν
555 2526 773 2562 κατορθώμασιν,
790 2526 879 2561 ἀμπε-

87 2569 139 2603 λον,
156 2571 205 2598 καὶ
222 2571 318 2607 συκῆν,
337 2572 383 2598 καὶ
397 2573 431 2599 τὰ
444 2573 525 2608 ἕτερα
540 2573 593 2599 τῶν
608 2573 704 2606 ξύλων,
730 2573 748 2600 ἃ
763 2574 879 2608 καρποῖς

87 2615 199 2651 ὡραίοις
226 2617 424 2650 στεφανοῦσθαι
450 2618 531 2653 φιλεῖ.
555 2618 624 2645 Ἀλλ’
649 2619 674 2645 εἰ
695 2619 744 2654 μέν
767 2627 810 2650 τις
835 2619 877 2654 εἴη

89 2663 168 2697 σοφὸς
193 2664 243 2690 καὶ
268 2664 407 2699 ἀγχίνους,
425 2666 473 2693 καὶ
497 2666 663 2701 αὐχημάτων
687 2666 797 2700 ἀγαθῶν
821 2668 880 2693 ἑπι-

90 2708 228 2744 μελητὴς,
252 2709 356 2746 εὐανθῆ
377 2720 408 2737 τε
425 2712 472 2738 καὶ
486 2711 596 2745 εὖξυλον
623 2712 670 2738 τὸν
692 2713 732 2743 εἰς
748 2712 809 2740 νοῦν
832 2711 880 2739 καὶ

89 2756 200 2791 καρδίαν
219 2756 439 2792 φορέσεικῆπον,
455 2757 580 2793 πολυειδῆ
597 2757 646 2792 τὴν
659 2757 758 2793 ἀρετὴν
771 2757 879 2792 τρέφων

89 2802 116 2827 ἐν
130 2801 231 2837 ἑαυτῷ,
259 2802 307 2829 καὶ
323 2803 412 2830 πάντα
433 2804 534 2839 τρόπον
557 2803 716 2834 ἐπιεικείας.
745 2803 775 2829 El
797 2802 825 2829 δὲ
847 2802 878 2838 δὴ

89 2847 207 2883 ῥᾴθυμος
230 2849 279 2875 καὶ
304 2849 462 2884 φιλήδονος,
486 2849 533 2876 καὶ
554 2849 620 2876 πολὺ
636 2849 696 2876 λίαν
712 2847 878 2880 ὲκνενευκὼς

88 2894 133 2921 ἐπὶ
146 2894 181 2922 διὰ
196 2894 310 2931 αἰσχίω,
327 2895 527 2930 καταθρηνήσει
543 2895 661 2928 πάντως,
678 2894 877 2929 μαραινομένης

930 1661 1023 1688 ris:eos
1038 1659 1196 1691 conveniet,
1212 1658 1258 1693 qui
1274 1657 1456 1692 agricolarum
1475 1655 1565 1682 locum
1582 1658 1716 1686 tenentes,

929 1708 955 1735 in
968 1707 1105 1735 Christum
1123 1714 1152 1734 se
1167 1705 1312 1740 injuriosos
1328 1703 1512 1738 prmbueruut,
1531 1706 1558 1729 et
1581 1700 1715 1728 hatredem

929 1753 1096 1784 occiderunt,
1114 1756 1142 1778 nt
1157 1751 1206 1778 sibi
1224 1751 1341 1777 fructum
1356 1748 1538 1780 vindicarent,
1553 1755 1584 1774 ac
1611 1746 1643 1773 de
1658 1753 1712 1772 cte-

931 1804 988 1826 tero
1003 1799 1109 1826 vincam
1128 1797 1317 1832 possiderent,
1335 1795 1437 1828 ingenti
1455 1794 1625 1821 subditorum
1645 1791 1716 1818 mul-

930 1845 1044 1872 titudine
1073 1848 1176 1870 tantum
1205 1849 1256 1868 non
1283 1846 1311 1868 ut
1333 1841 1470 1875 segetibus
1497 1839 1675 1870 exsultantes,
1690 1842 1718 1864 et

930 1891 957 1918 in
994 1897 1024 1917 ea
1048 1889 1145 1923 opibus
1173 1886 1367 1914 eminentiores
1392 1889 1422 1912 ut
1453 1884 1523 1911 mala
1549 1887 1661 1917 grauata
1690 1887 1719 1909 et

928 1943 1008 1972 poma
1024 1935 1170 1968 decerpere
1182 1932 1265 1960 soliti.
1283 1930 1336 1958 Sed
1351 1938 1398 1957 eos
1422 1928 1610 1964 pessumdedit
1625 1935 1639 1954 a
1660 1927 1716 1954 Ro-

930 1982 1018 2009 manis
1043 1979 1153 2011 bellulu,
1183 1985 1309 2013 magnum
1337 1981 1364 2004 et
1383 1983 1508 2012 parvum,
1538 1974 1668 2001 illustrant
1691 1976 1719 2001 et

930 2027 1075 2054 obscurum
1092 2024 1271 2060 consumpsit,
1288 2023 1366 2058 quasi
1385 2022 1452 2050 licus
1465 2041 1473 2055 ,
1497 2025 1527 2047 ut
1543 2020 1622 2047 modo
1636 2018 1690 2046 dixi
1708 2038 1717 2050 ,

930 2073 1007 2107 quasi
1021 2073 1100 2103 vites,
1114 2071 1244 2106 palmam,
1260 2069 1374 2101 malum,
1387 2068 1469 2103 ligna,
1489 2067 1632 2098 hordeum,
1657 2065 1715 2091 Iru—

931 2122 1049 2145 mentum
1060 2120 1077 2144 ':
1093 2124 1145 2143 non
1158 2120 1199 2143 est
1213 2115 1285 2142 enim
1301 2114 1423 2143 omnium
1439 2119 1492 2140 una
1513 2111 1621 2139 vivendi
1638 2110 1718 2144 ratio,

930 2169 957 2192 et
973 2164 1136 2192 institutum.
1156 2162 1224 2195 Quia
1239 2169 1303 2188 vero
1316 2160 1398 2188 semel
1415 2159 1534 2187 Judamm
1556 2165 1622 2192 agro
1643 2164 1718 2184 com-

931 2210 1047 2245 paravit,
1071 2213 1099 2235 et
1127 2207 1264 2242 principes
1293 2207 1366 2241 ipsos
1397 2204 1530 2240 agricolas
1554 2201 1718 2233 nominavit,

932 2256 958 2282 in
975 2254 1155 2282 translatione
1173 2253 1284 2285 mansit,
1301 2257 1328 2280 et
1344 2251 1467 2279 subditos
1478 2258 1539 2277 cum
1558 2249 1624 2276 satis
1638 2253 1720 2283 atque

892 2290 915 2318 θ
930 2301 1083 2331 arboribus.
1098 2300 1149 2327 alia
1165 2304 1246 2334 atque
1259 2298 1310 2325 alia
1325 2298 1358 2325 de
1383 2304 1465 2324 causa
1487 2295 1611 2322 contulit.

963 2431 991 2458 Si
1018 2431 1079 2465 quis
1100 2430 1157 2457 bare
1175 2429 1210 2456 ad
1239 2427 1370 2456 moralem
1390 2418 1588 2460 expositionem
1608 2429 1716 2450 accom-

928 2477 1060 2506 modanda
1079 2476 1195 2511 putabit,
1213 2479 1289 2501 recte
1302 2471 1418 2508 putabit.
1447 2468 1626 2498 Coul'ercndae
1643 2467 1717 2494 enim

931 2528 995 2550 sunt
1008 2523 1135 2554 virtutes,
1151 2525 1179 2548 et
1195 2520 1331 2556 pratclaraa
1346 2517 1468 2544 actiones
1489 2515 1572 2542 animi
1590 2521 1651 2542 cum
1675 2512 1716 2539 vi-

933 2576 995 2600 nea,
1020 2567 1123 2595 ﬁcubus
1134 2570 1161 2593 et
1184 2565 1338 2595 arboribus,
1356 2571 1416 2598 qua:
1441 2561 1573 2589 lructibus
1589 2559 1717 2595 pulcher-

930 2613 1007 2641 rimis
1019 2614 1190 2640 decorautur.
1210 2611 1286 2644 Quod
1300 2611 1321 2638 si
1337 2610 1397 2645 quis
1415 2608 1523 2643 sapiens
1538 2627 1546 2639 ,
1574 2611 1602 2633 et
1616 2605 1715 2636 solers,

928 2664 957 2688 et
977 2659 1097 2694 probatae
1123 2658 1215 2694 gloria
1239 2658 1375 2685 studiosus
1392 2656 1471 2683 fuerit
1486 2675 1493 2688 ,
1519 2654 1626 2680 hortum
1646 2649 1717 2678 belle

928 2705 1080 2736 ﬂorentem,
1096 2709 1122 2731 et
1134 2703 1258 2732 felicibus
1280 2702 1410 2731 refertum
1430 2698 1571 2728 arboribus
1588 2697 1619 2724 .iu
1636 2694 1718 2724 corde

928 2756 954 2778 et
976 2751 1067 2778 animo
1084 2758 1133 2778 suo
1161 2748 1301 2782 excitabit,
1315 2747 1397 2775 multa
1418 2746 1546 2773 virtutum
1571 2749 1669 2778 genera
1690 2746 1717 2768 et

928 2804 1022 2826 omnes
1050 2797 1179 2825 bonitatis
1203 2796 1297 2824 modos
1316 2795 1342 2822 in
1368 2800 1401 2822 eo
1421 2793 1525 2821 fovens.
1556 2790 1605 2817 Sin
1623 2792 1716 2816 contra

932 2845 1053 2880 ignavus.
1071 2843 1201 2879 voluptati
1216 2843 1333 2875 deditus,
1365 2845 1393 2867 et
1407 2839 1440 2867 ad
1461 2838 1602 2866 inhonesta
1627 2834 1716 2869 proje-

931 2897 1001 2924 ctus,
1025 2890 1097 2918 ﬂebit
1113 2889 1234 2925 largiter,
1244 2890 1381 2917 marcente
1389 2885 1440 2914 sibi
1450 2884 1570 2913 bonitate
1583 2885 1611 2910 et
1625 2880 1717 2908 animo
