1919 3042
207 194 262 225 31⁷1

210 255 380 283 sterilitatem
407 254 516 282 multam
544 255 711 289 cxpericnte.
745 255 911 283 PI‘OVldelltla
939 260 1001 283 sunt
1016 258 1038 286 Α

210 302 292 336 igitur
304 301 480 335 prudentibus
496 300 611 328 sollicite
625 302 693 329 bona
705 301 805 333 cordis,
834 309 894 336 qum
925 309 997 329 sam-

210 355 258 379 per
273 348 386 373 aderunt
411 347 523 380 utique,
548 347 680 381 siquidem
707 347 759 374 illis
785 347 851 382 ipsis
866 347 1000 374 oblectare

209 391 359 418 cwlcstium
375 391 508 419 bonorum
525 393 755 428 suppeditatorcm
770 393 914 421 voluerint.

251 479 331 507 Vens.
347 480 391 507 15.
419 481 596 515 Actingimini
632 486 655 508 et
681 482 817 517 plangite,
840 481 998 514 sacerdoles.

211 525 392 553 lamenlamini
408 528 453 561 qui
467 528 622 554 ministralis
636 528 724 554 altari.
738 527 924 563 Ingredimini,
937 529 1000 554 (lor-

212 571 275 597 mite
290 572 318 598 in
326 573 411 599 saccis
422 573 604 600 ministrantes
621 574 673 601 Deo
683 582 691 606 ;
703 575 766 610 quia
775 574 867 609 defecit
883 576 914 602 de
924 574 1001 601 domo

212 616 261 644 Dei
275 618 352 644 vestri
364 618 527 652 sacriﬁcium
541 624 563 645 et
577 618 680 646 libalio.

248 706 332 741 209
346 706 380 733 x.
396 706 484 734 Ellam
502 707 544 735 his
560 708 612 735 alte
637 711 782 743 exaggerat
803 709 1003 742 quodammodo

213 759 274 785 qua:
288 752 447 784 acciderint,
468 757 495 780 et
512 757 612 780 metum
636 753 731 780 incutit
747 753 915 786 horribilem,
929 762 1002 781 rem-

213 805 266 832 que
298 797 376 832 longe
398 798 520 833 plurimis
542 798 778 825 obsecrationibus
806 799 1002 832 procurandum

214 848 305 870 monet
316 851 347 871 ex
363 851 405 876 eo,
420 845 490 879 quod
499 844 653 871 sacerdotes
664 844 734 879 ipsos
751 844 878 879 plangere
894 852 1004 872 necesse

213 894 265 917 cst.
281 889 468 918 Verumtamen
488 890 551 916 latet
567 890 693 924 quiddam
707 889 814 916 artificii
839 890 863 916 iu
888 890 930 917 his
942 898 1002 917 ver-

215 935 265 962 bis.
282 935 350 968 Quia
383 943 499 970 namque
528 935 658 962 idolorum
690 935 808 962 delubris
846 935 1003 963 stultissime

215 983 386 1015 assederant,
412 990 443 1009 ac
469 982 523 1010 Deo
542 991 575 1009 cx
603 983 641 1009 ira
666 984 844 1018 perruticnte,
875 983 1002 1010 auxilium

215 1028 276 1054 inde
295 1029 485 1062 quaesiverunt,
506 1028 609 1055 utiliter
625 1029 812 1056 universorum
843 1028 972 1056 Dominus
989 1037 1003 1056 ιι

214 1073 399 1099 sacerdotibus
434 1073 491 1100 suis
516 1073 639 1107 requirit,
658 1078 687 1100 ut
714 1073 873 1108 suppliciter
901 1074 1004 1101 orando

214 1117 273 1144 aliis
289 1122 418 1151 praeeunt,
433 1121 459 1143 et
480 1118 530 1152 ipsi
548 1117 640 1145 alllicti
669 1119 824 1146 ardentibus
842 1119 1005 1152 pmniteutite

213 1163 310 1190 studiis
330 1163 449 1196 praesint,
475 1167 502 1190 ut
522 1169 685 1197 cognoscant
703 1165 821 1198 percussi
840 1166 921 1199 quod,
954 1166 1003 1192 nisi

216 1207 270 1235 Deo
297 1213 403 1243 gratum
435 1208 523 1236 facere
550 1209 633 1236 velint
656 1210 735 1245 eique
765 1211 900 1245 supplices
925 1211 1004 1242 ﬁeri,

215 1254 275 1286 ejus
300 1253 333 1280 ab
354 1261 383 1280 se
407 1254 473 1280 iram
490 1261 542 1281 non
557 1256 678 1282 aversuri
693 1257 757 1283 sint.
773 1256 885 1291 Oportet
912 1257 1004 1292 igitur,

215 1299 263 1331 ait,
272 1298 422 1326 sacerdotio
441 1299 583 1334 fungentes
596 1301 786 1335 propemodum
807 1303 888 1329 etiam
901 1303 1006 1330 cmteris

215 1343 387 1372 commodare
411 1346 444 1372 dc
475 1346 692 1374 obsecrationum
718 1347 873 1380 laboribus,
890 1348 1004 1381 ululatu,

216 1388 343 1422 lamento,
361 1390 431 1417 sacci
448 1391 559 1423 amictu,
588 1398 637 1425 por
648 1398 728 1425 quem
748 1391 904 1419 deliciarum
917 1398 942 1419 et
955 1393 1003 1420 otii

216 1434 348 1468 depositio
384 1435 561 1469 signiﬁcatur,
597 1435 690 1462 durior
718 1436 855 1469 tractatio,
884 1437 1004 1464 laborum

217 1478 348 1511 molestia,
366 1483 393 1506 et
408 1479 468 1506 vita:
483 1487 542 1514 qua:
558 1484 667 1507 sanctos
682 1481 786 1512 deceat,
803 1481 939 1508 sincerum
956 1483 998 1509 in-

217 1524 409 1560 culpatumque
431 1526 561 1554 studium.
585 1526 687 1554 Deinde
705 1534 813 1554 causam
830 1527 929 1555 laboris
952 1529 1003 1556 hu-

215 1571 261 1605 jus
277 1571 446 1598 manifestam
461 1579 595 1606 promens,
604 1572 734 1600 defecisse
745 1572 830 1606 inquit
839 1580 854 1600 a
867 1573 946 1600 domo
955 1574 1005 1600 Do-

219 1616 285 1643 mini
301 1616 463 1644 sacriﬁcium
476 1617 638 1644 etlibamen.
652 1617 742 1644 Dirum
760 1618 830 1644 dictu
845 1626 851 1644 :
868 1626 919 1645 non
936 1619 1006 1646 enim

218 1660 335 1688 aﬂirmat
367 1661 531 1689 sacriﬁcium
561 1667 587 1690 ct
604 1663 758 1690 libationem
784 1664 933 1697 imminuta,
962 1670 1008 1692 aut

218 1707 347 1736 inferiora
370 1707 441 1735 facta
455 1717 462 1742 ;
481 1708 527 1736 sed
543 1708 675 1737 defecisse
689 1710 786 1743 potius,
814 1710 839 1736 id
855 1715 906 1742 est,
919 1712 1007 1738 omni-

218 1761 255 1781 no
278 1761 371 1780 eversa
385 1761 417 1781 ac
432 1753 572 1789 proﬂigata
597 1761 667 1782 esse.
683 1755 734 1782 Res
762 1756 852 1790 gravis
865 1760 893 1784 et
921 1756 1007 1784 mole-

206 1797 259 1827 ’διο
277 1799 397 1834 profecto
409 1800 622 1835 magistratibus,
635 1801 657 1829 si
677 1801 750 1829 nullo
766 1801 846 1829 modo
868 1810 883 1830 a
917 1802 1008 1837 subje-

219 1845 272 1872 ctis
287 1845 390 1873 colatur
408 1846 486 1873 Deus.

1020 1598 1041 1626 C

253 1932 335 1959 Vens.
364 1933 469 1965 ΝΛΞ.
495 1933 666 1968 Sancti/ionio
691 1934 834 1970 jejunium,
867 1937 1008 1970 praedicam

217 1978 390 2011 curationem,
415 1984 568 2014 congregata
597 1981 730 2012 seniores,
760 1989 849 2007 omne:
883 1982 1006 2008 habitan-

218 2028 256 2051 tn
275 2029 369 2051 terram
388 2025 415 2051 in
430 2025 536 2052 domum
554 2025 657 2052 Domini
689 2025 736 2053 Dei
754 2027 840 2059 vestri,
858 2032 884 2054 et
904 2028 1005 2055 clmim-

218 2075 243 2096 ιε
253 2071 286 2096 ad
307 2069 639 2098 Dominumvellementer:
657 2070 716 2098 Heu
747 2073 820 2105 mihi,
846 2073 896 2100 heu
931 2075 1005 2106 mihi,

217 2114 268 2141 Ιιειι
283 2115 357 2146 mihi,
376 2115 403 2140 in
425 2115 504 2141 diem.
727 2121 735 2129 '

252 2159 298 2186 XI.
317 2159 376 2192 Quo
406 2165 484 2194 pacto
517 2160 581 2194 ipsis
604 2160 749 2196 lugendum
777 2163 813 2189 sit
829 2170 937 2191 rursum
960 2165 1005 2193 de-

218 2209 363 2237 monstrat,
379 2212 491 2239 scseque
509 2205 561 2233 illis
579 2206 605 2233 in
630 2206 700 2233 viam
721 2208 889 2241 pmnitcntize
914 2209 1006 2236 ducto-

219 2259 276 2278 rem
291 2251 439 2285 sapientem
455 2257 575 2286 praestat,
593 2257 621 2279 et
635 2253 732 2286 quibus
747 2253 933 2281 universorum
948 2255 1001 2282 Do-
1019 2266 1041 2294 υ

219 2297 309 2324 minus
329 2297 401 2324 mitis
424 2305 455 2324 ac
484 2298 629 2325 benevolus
643 2297 774 2325 efﬁciatur
801 2301 920 2334 exponit.
948 2300 1005 2329 Hoc

218 2350 300 2378 porro
316 2347 367 2374 est,
387 2348 416 2370 ut
432 2350 482 2376 ego
498 2343 637 2376 existimo,
656 2346 725 2372 iram
741 2345 856 2373 volentis
881 2346 1004 2374 inhibere

218 2394 247 2416 et
262 2396 401 2416 removere
417 2390 524 2423 penitus
538 2390 609 2424 quod
640 2391 792 2423 contristat,
808 2396 834 2419 et
852 2399 1005 2427 compesce-

221 2442 250 2461 re
273 2435 343 2468 quod
359 2435 440 2467 laedit,
452 2440 480 2462 et
501 2435 582 2462 vitam
605 2436 716 2472 insuper
738 2437 844 2465 felicem
860 2437 1005 2466 bonorum-

220 2488 272 2514 que
290 2480 393 2514 copiam
424 2479 526 2515 largiri.
543 2481 587 2508 Ait
610 2490 685 2517 ergo,
714 2492 722 2509 ι
745 2483 919 2511 Sanctiﬁcate
938 2484 1005 2519 jeju-

221 2527 326 2553 nium.)
345 2525 372 2553 Id
403 2531 454 2558 est,
470 2530 596 2562 tanquam
623 2528 775 2560 anathema,
797 2533 824 2556 et
837 2530 1000 2558 sacriﬁcium

220 2580 283 2600 vere
321 2572 553 2605 sacratissimum,
590 2578 617 2601 et
645 2581 659 2601 a
693 2575 904 2609 reprehensione
940 2575 1006 2603 alie-

221 2626 305 2652 num,
344 2624 472 2653 usurpate
500 2619 641 2654 jejunium.
672 2620 747 2648 llaml
775 2621 846 2648 enim
877 2620 918 2649 fas
940 2626 1004 2654 est,

219 2665 341 2692 ciborum
356 2664 517 2692 abstinentia
535 2666 721 2700 corpusculum
743 2666 890 2699 emaciare,
909 2672 936 2694 et
965 2668 1004 2694 in-

221 2716 262 2737 ter
290 2710 463 2745 jejunandum
503 2718 535 2738 ea
569 2711 679 2744 facere,
705 2711 805 2745 quibus
836 2712 869 2738 ad
896 2712 1006 2740 iracun-

219 2755 290 2782 diam
308 2754 376 2783 Deus
392 2755 522 2782 irritetur.
535 2755 602 2782 Nam
616 2756 650 2788 si,
665 2763 726 2783 cum
741 2755 842 2789 jejunio
860 2763 908 2783 nos
923 2756 1006 2784 allici-

221 2808 292 2832 mus,
310 2808 325 2828 a
339 2801 453 2835 propriis
469 2801 655 2828 voluntatibus
674 2800 815 2828 diseudere
834 2801 962 2834 nolimus,
978 2807 1006 2830 et

221 2845 368 2879 aﬂligamus
382 2846 513 2878 subditos,
528 2850 554 2873 et
570 2846 604 2872 ad
624 2845 755 2880 judicium
787 2852 820 2872 ac
835 2852 938 2880 pugnas
966 2847 1005 2881 je-

222 2891 356 2926 junemus,
374 2891 456 2926 210
471 2895 498 2919 ct
519 2891 704 2927 percutiumus
733 2897 822 2925 pugno
852 2892 1005 2921 conditione

725 195 754 223 S.
775 195 913 224 CYRILLI
934 192 1167 222 ALEXANDRINI
1188 192 1348 221 ARClllEP.

1794 191 1847 227 5&3

1052 253 1127 289 αὐτῷ
1140 253 1189 289 τῆς
1205 253 1366 285 ἐπιεικείας,
1383 252 1429 278 καὶ
1445 251 1543 286 πολλὴν
1561 250 1691 281 παθόντος
1709 248 1848 283 ἀκαρπίαν

1051 298 1098 325 τοῦ
1123 297 1179 325 νοῦ.
1211 296 1404 332 Ἐπιμελητέον
1420 296 1451 331 δὴ
1468 294 1514 322 οὖν
1529 296 1585 327 τοῖς
1600 295 1730 330 ἐχέφροσι
1751 293 1806 319 τῶν
1820 293 1848 318 ὲν

1051 343 1173 379 καρδίαις
1186 343 1304 377 ἀγαθῶν,
1317 343 1335 370 ἃ.
1354 342 1386 377 δὴ
1410 341 1558 378 προσέσται
1574 341 1694 372 πάντως,
1711 340 1737 366 εἰ
1753 338 1800 365 ἐπί
1815 347 1846 372 γε

1053 389 1146 423 σφίσιν
1162 389 1254 420 αὐτοῖς
1271 389 1427 423 εὐφραίνειν
1455 387 1557 414 ἕλοιντο
1571 387 1617 415 τὸν
1640 386 1694 413 τῶν
1716 385 1847 421 οὐρανίαν.

1052 433 1164 468 ἀγαθῶν
1183 434 1293 470 δοτῆρα.

1088 478 1291 513 Περιζώσασθε
1315 480 1365 505 καὶ
1397 478 1562 510 κόπτεσθε,
1589 478 1616 504 οί
1648 475 1753 510 ίερεῖς·
1779 477 1849 509 θρη-

1052 524 1139 556 νεῖτε,
1151 525 1179 551 οὶ
1184 524 1431 559 λειτουργοῦντες
1445 523 1655 557 θυσιαστηρίῳ.
1673 522 1846 551 Ἕσέλθετε.

1052 569 1213 598 tim-durare
1250 571 1285 598 ὲν
1321 570 1447 604 σάκκοις
1481 569 1727 604 λειτουργοῦντες
1770 566 1848 599 Θεῷ·

1054 617 1099 644 ὅτι
1129 618 1306 652 ἀπέσχηκεν
1326 617 1361 650 ἐξ
1380 617 1465 644 οἴκου
1487 616 1559 643 Θεοῦ
1581 615 1665 650 ὑμῶν
1683 614 1778 641 θυσία
1798 613 1849 640 καὶ

1053 662 1173 696 σπονδή
1178 683 1185 690 .

1091 709 1120 735 l'.
1141 709 1217 744 Αἵρει
1233 708 1282 744 μὲν
1295 708 1390 744 ὥσπερ
1405 708 1452 734 καὶ
1465 708 1508 735 διὰ
1520 706 1622 734 τούτων
1635 706 1682 741 ὕψι
1699 705 1734 732 τὰ
1749 704 1851 739 συμϐε-

1054 754 1168 790 ϐηκότα,
1186 755 1234 781 καὶ
1250 756 1279 782 ὲν
1292 755 1441 790 ἀφορήτοις
1458 755 1574 780 ποιεῖται
1587 753 1704 787 δείμασι,
1720 751 1852 786 πλείστης

1057 800 1106 836 μὲν
1120 801 1184 836 ὅσης
1198 800 1302 827 δεῖσθαι
1318 800 1394 834 λιτῆς
1418 799 1449 826 τὸ
1471 800 1565 835 χρῆμα
1580 798 1678 834 δηλῶν,
1691 798 1736 825 διά
1749 806 1783 831 γε
1799 797 1846 822 τοῦ

1056 845 1154 881 χρῆναι
1171 845 1219 872 καὶ
1240 845 1339 877 αὐτοὺς
1362 844 1544 880 κατοιμώζειν
1568 844 1631 875 τοὺς
1655 843 1751 879 ίερεῖς.
1778 841 1851 876 Πλὴν

1057 888 1113 923 ἔχει
1129 897 1155 915 τι
1177 888 1224 915 καὶ
1240 888 1365 924 εὐτεχνὲς
1383 889 1397 915 ό
1412 888 1501 923 λόγος.
1524 887 1634 923 Ἐπειδὴ
1652 887 1707 923 γὰρ
1724 888 1783 918 τοῖς
1798 887 1851 912 τῶν

1054 933 1171 959 εἰδώλων
1186 934 1328 968 τεμένεσιν
1342 933 1512 960 ἀϐουλότατα
1521 931 1748 968 προσιζήσαντες,
1763 931 1851 957 καίτοι

1053 978 1120 1004 Θεοῦ
1139 979 1335 1010 καταπαίοντος
1345 979 1375 1011 ἐξ
1390 979 1486 1014 ὀργῆς,
1500 978 1551 1010 τὰς
1565 978 1725 1014 ἐπικουρίας
1738 976 1852 1012 ἐζήτουν

1033 1051 1035 1053 τ
1054 1024 1170 1057 ἐκεῖθεν,
1197 1025 1330 1060 ἀπονέμει
1345 1024 1489 1060 χρησίμως
1503 1025 1517 1051 ὁ
1536 1024 1591 1050 τῶν
1613 1024 1681 1050 ὅλων
1705 1022 1773 1053 Θεὸς
1797 1023 1851 1053 τοῖς

1055 1070 1130 1102 ίδίοις
1147 1070 1299 1105 ίερουργοῖς
1313 1069 1344 1096 τὺ
1359 1069 1539 1105 καθηγεῖσθαι
1557 1069 1655 1101 λιταῖς,
1680 1068 1729 1095 καὶ
1746 1068 1851 1102 τληπα-

1054 1114 1108 1146 θῶς
1123 1114 1286 1149 προεστάναι
1305 1113 1358 1140 τῶν
1375 1114 1413 1145 είς
1432 1113 1601 1148 μετάγνωσιν
1617 1111 1848 1146 σπουδασμάτων,

1055 1159 1090 1185 ἵν’
1113 1159 1208 1185 εἰδεῖεν
1236 1159 1260 1185 οἱ
1285 1158 1465 1193 πεπληγότες,
1490 1157 1527 1189 ὡς
1550 1158 1574 1184 εί
1601 1157 1637 1192 μὴ
1663 1155 1722 1189 Θεῷ
1752 1155 1850 1190 μᾶλλον

1055 1203 1160 1230 ἕλοιντο
1184 1204 1218 1231 τὰ
1237 1204 1301 1238 φίλα
1325 1203 1426 1239 ζητεῖν,
1446 1204 1492 1230 καὶ
1514 1202 1587 1238 αὺτῷ
1611 1202 1777 1238 προσάγοιεν
1802 1200 1851 1232 τὰς

1054 1249 1140 1281 λιτὰς,
1158 1249 1208 1275 οὐκ
1225 1249 1257 1275 ἂν
1282 1249 1489 1284 διακρούσαιντο
1508 1248 1557 1283 τὴν
1575 1248 1669 1284 ὀργήν.
1687 1248 1796 1282 Χρῆναι
1820 1247 1850 1280 δὴ

1055 1293 1102 1322 οὖν
1118 1295 1169 1330 ἔφη
1185 1295 1249 1326 τοὺς
1265 1295 1466 1331 ίερατεύοντας,
1489 1295 1629 1329 μονονουχὶ
1651 1294 1699 1320 καὶ
1721 1292 1853 1325 δανείζειν

1055 1343 1112 1373 τοῖς
1130 1341 1220 1373 ἄλλοις
1239 1342 1301 1372 τοὺς
1315 1342 1343 1367 ἐν
1358 1343 1417 1373 ταῖς
1439 1341 1526 1372 λιταῖς
1550 1340 1664 1372 πόνους,
1678 1339 1803 1366 κωκυτὸν
1818 1347 1846 1364 τε

1056 1386 1102 1412 καὶ
1118 1386 1227 1420 θρῆνον,
1243 1386 1289 1412 καὶ
1309 1387 1411 1413 σάκκου
1437 1386 1595 1421 περιϐολὴν,
1612 1386 1646 1413 δι’
1663 1383 1694 1412 οὗ
1717 1385 1851 1420 σημαίνε-

1054 1440 1099 1458 ται
1113 1431 1219 1466 τρυφῆς
1251 1432 1297 1458 καὶ
1314 1431 1473 1466 ἀναπαύλης
1487 1431 1625 1463 ἀπόθεσις,
1643 1429 1851 1465 σκληραγωγία,

1056 1478 1103 1504 καὶ
1119 1477 1208 1509 πόνος,
1225 1478 1272 1504 καὶ
1286 1477 1360 1512 ζωῆς
1377 1477 1561 1513 ἁγιοπρεποῦς
1584 1476 1650 1512 ὀρθὴ
1670 1477 1717 1503 καὶ
1732 1476 1852 1511 ἀμώμη-
1879 1488 1883 1491 ·

1055 1531 1101 1555 τος
1121 1522 1304 1557 ἐπιτήδευσις.
1328 1521 1395 1550 Εἶτα
1410 1522 1457 1549 τοῦ
1473 1523 1554 1549 πόνου
1570 1522 1619 1558 τὴν
1642 1521 1731 1549 αἰτίαν
1748 1521 1853 1556 ἐναργῆ

1057 1567 1200 1601 καθιστὰς,
1224 1568 1412 1603 ἁπεσχηκέναι
1434 1568 1516 1602 φησὶν
1533 1567 1562 1600 ἐξ
1577 1567 1652 1594 οἴκου
1677 1567 1780 1601 Κυρίου
1804 1566 1851 1592 θυ-

1059 1614 1118 1640 σίαν
1133 1614 1179 1640 καὶ
1194 1613 1320 1649 σπονδήν.
1341 1614 1446 1649 Δριμὺς
1458 1614 1473 1639 ό
1493 1613 1571 1647 λόγος
1582 1621 1589 1628 '
1607 1613 1636 1639 οὺ
1656 1612 1711 1648 γὰρ
1728 1612 1798 1648 πρὸς
1821 1612 1852 1638 τὸ

1060 1660 1135 1694 μεῖον
1163 1658 1324 1693 ὲνηνέχθαι,
1349 1659 1366 1693 ἢ
1391 1657 1564 1693 ὴλαττῶσθαί
1592 1665 1659 1693 φησι
1685 1657 1782 1683 θυσίαν
1805 1657 1853 1683 καὶ

1059 1703 1186 1738 σπονδὴν,
1202 1703 1386 1739 ὰπεσχηκέναι
1400 1703 1429 1730 δὲ
1447 1703 1558 1738 μᾶλλον,
1572 1703 1640 1738 ὅπερ
1663 1703 1724 1729 ἐστὶ
1750 1710 1851 1728 παντε-

1057 1749 1110 1780 λῶς
1127 1750 1284 1784 ἀνατροπῆς
1299 1749 1475 1784 σημαντικόν.
1490 1748 1581 1775 Δεινὸν
1594 1748 1666 1774 δὲτὸ
1682 1747 1779 1782 χρῆμα
1802 1747 1850 1774 καὶ

1057 1795 1189 1830 δυσαχθὲς
1212 1795 1320 1830 ἀληθῶς
1334 1797 1390 1826 τοῖς
1412 1794 1485 1822 λαῶν
1507 1794 1715 1830 προεστηκόσιν,
1731 1794 1756 1819 εί
1781 1793 1852 1819 κατὰ

1060 1841 1162 1876 μηδένα
1180 1840 1280 1876 τρόπον
1297 1841 1349 1868 ὑπὸ
1364 1841 1419 1868 τῶν
1440 1841 1651 1876 ὑπεζευγμένων
1671 1840 1851 1876 θεραπεύοιτο

1058 1888 1134 1918 Θεός.

1099 1933 1255 1968 Ἀγιάσατε
1293 1932 1458 1965 νηστείαν,
1492 1931 1642 1965 κηρύξατε
1677 1933 1848 1966 θεραπείαν,

1057 1979 1242 2013 συναγάγετε
1272 1977 1503 2011 πρεσϐυτέροιιις,
1535 1978 1649 2010 πάντας
1675 1979 1850 2005 κατοικοῦν-

1056 2032 1111 2057 τας
1136 2023 1194 2059 γῆν
1216 2025 1259 2057 είς
1283 2021 1368 2050 οἷκον
1387 2024 1462 2050 Θεοῦ
1489 2023 1581 2058 ὑμῶν,
1609 2024 1657 2050 καί
1683 2024 1850 2058 κεκράξατε

1056 2069 1131 2103 πρὸς
1150 2070 1260 2103 Κύριον
1282 2068 1426 2102 ἐντενῶςσ
1453 2069 1536 2103 Οίμυι
1551 2069 1664 2104 ,οιμοι,
1690 2069 1780 2104 οἴμοι,
1805 2071 1848 2102 εὶς

1056 2114 1181 2148 ἡμέραν.

1091 2159 1140 2188 lA’.
1162 2160 1229 2188 Τίνα
1241 2160 1273 2196 δὴ
1286 2160 1387 2196 τρόπον
1400 2160 1498 2192 αὐτοὺς
1517 2160 1651 2187 ποιεῖσθαι
1667 2161 1803 2196 προσήκει
1820 2161 1850 2188 τὸ

1056 2206 1163 2240 πένθος,
1178 2206 1317 2242 διατρανοῖ
1333 2206 1425 2239 πάλιν,
1441 2207 1489 2234 καὶ
1504 2207 1646 2243 ὑφηγητὴς
1659 2207 1742 2242 σοφὸς
1760 2208 1850 2239 αὐτοῖς

1057 2253 1182 2287 φαίνεται
1194 2252 1242 2288 τῆς
1257 2254 1296 2284 είς
1317 2254 1486 2288 μετάγνωσιν
1502 2252 1573 2285 όδοῦ,
1591 2254 1639 2280 καὶ
1662 2253 1696 2280 τὰ
1712 2253 1747 2280 δι’
1763 2251 1801 2281 ὧν
1818 2254 1851 2281 ἂν

1055 2299 1157 2333 γένοιτο
1171 2299 1259 2334 πρᾶος
1273 2299 1319 2325 καὶ
1340 2298 1457 2334 εὐμενὴς
1479 2300 1493 2325 ό
1515 2299 1569 2325 τῶν
1583 2299 1653 2326 ὅλων
1666 2299 1745 2330 Θεὸς,
1764 2308 1848 2326 κατα-

1053 2347 1184 2373 δείκνυσι.
1202 2345 1288 2372 Τοῦτο
1305 2345 1337 2380 δὴ
1350 2343 1394 2380 ἦν,
1409 2343 1498 2379 οἶμαι.
1516 2345 1563 2370 καὶ
1577 2345 1711 2378 ἀνακόιᾲαι
1727 2345 1851 2376 Θέλοντος

1054 2392 1104 2426 τὴν
1117 2391 1211 2427 ὀργὴν,
1229 2391 1277 2418 καὶ
1298 2390 1427 2424 ἀφανίσαι
1441 2390 1471 2416 τὸ
1485 2390 1598 2420 λυποῦν.
1615 2390 1661 2416 καὶ
1680 2391 1850 2425 περιστεῖλαι

1055 2437 1085 2463 τὸ
1102 2436 1231 2471 βλάπτον,
1246 2435 1386 2462 ἐπιδοῦναί
1399 2444 1429 2461 τε
1446 2435 1526 2462 πάλιν
1541 2435 1632 2467 αὐτοῖς
1648 2436 1677 2462 τὸ
1691 2437 1848 2471 εὐημερεῖν,

1055 2483 1102 2509 καὶ
1116 2482 1266 2517 διαχεῖσθαι
1280 2483 1337 2513 τοῖς
1356 2481 1479 2516 ἀγαθοῖς.
1505 2482 1577 2516 Ἔφη
1594 2482 1702 2509 τοίνυν
1719 2492 1729 2508 ι
1755 2483 1850 2516 Ἀγιά-

1057 2537 1122 2555 σατε
1135 2528 1272 2563 νηστείαν,
1291 2537 1300 2553 ι
1317 2527 1466 2560 τουτέστιν,
1481 2527 1519 2558 ὡς
1538 2528 1567 2554 ἐν
1580 2527 1756 2563 ἀναθήματος
1766 2531 1850 2556 ποιεῖ-

1056 2573 1103 2601 σθε
1119 2573 1205 2607 τάξει,
1221 2573 1269 2600 καὶ
1287 2574 1325 2604 ὡς
1341 2574 1371 2599 ὲν
1393 2572 1488 2605 θυσίας
1498 2573 1592 2609 τρόπῳ
1602 2593 1610 2606 ,
1620 2574 1670 2609 τὴν
1683 2574 1722 2606 ὡς
1742 2575 1850 2611 ἀληθῶς

1056 2619 1187 2654 Μνάγιον
1202 2619 1250 2646 καὶ
1264 2618 1415 2655 ἀμώμητον
1439 2620 1577 2654 νηστείαν.
1594 2620 1631 2646 Οὐ
1646 2619 1702 2655 γὰρ
1719 2620 1753 2656 δὴ
1767 2630 1850 2656 προσ-

1056 2666 1117 2700 ήκει
1130 2666 1190 2697 ταῖς
1199 2665 1248 2701 μὲν
1259 2665 1377 2696 ἀσιτίαις
1391 2665 1595 2700 κατατήκεσθαι
1611 2665 1641 2692 τὸ
1652 2667 1849 2702 σαρκίον,δρᾷν

1056 2711 1084 2738 δὲ
1098 2711 1196 2743 αὐτοὺς
1213 2710 1428 2747 νενηστευκότας
1441 2711 1475 2737 τὰ
1490 2711 1532 2745 ἐφ’
1548 2709 1588 2739 οἷς
1605 2711 1638 2738 ἃν
1651 2713 1847 2748 παροτρὺνοιτο

1055 2757 1132 2789 Θεός.
1161 2758 1193 2784 El
1222 2757 1276 2792 γὰρ
1303 2756 1447 2792 μέλλοιμεν
1476 2757 1504 2783 ἐν
1526 2757 1615 2793 καιρῷ
1636 2759 1766 2792 νηστείας
1794 2760 1846 2786 τῶν

1057 2803 1130 2830 ἰδίων
1151 2803 1201 2829 οὐκ
1221 2802 1412 2829 ἀποπαύεσοαι
1439 2801 1612 2836 θελημάτων,
1635 2802 1797 2830 ὑπονύττειν
1819 2804 1846 2830 δὲ

1055 2850 1118 2880 τοὺς
1133 2848 1303 2884 ὑποχειρίους
1326 2849 1367 2880 είς
1391 2847 1481 2883 κρίσιν
1497 2856 1525 2874 τε
1547 2847 1594 2874 καὶ
1609 2848 1716 2883 μάχας,
1737 2849 1846 2875 τύπτειν

1057 2903 1085 2921 τε
1101 2895 1221 2930 πυγμαῖς
1233 2894 1359 2922 ταπεινὸν
1379 2893 1450 2921 κατὰ
1464 2893 1494 2920 τὸ
1509 2893 1595 2928 γένος,
1613 2893 1689 2920 obrue
1705 2894 1846 2929 νενηστεύ-
