1919 3042
67 194 115 223 ΗΘ

510 194 785 223 COMMENTARIUS
805 196 837 222 IN
857 195 990 224 JOELEM
1012 195 1236 224 PROPUETAM.

1643 194 1696 222 350

69 249 195 286 καμινὼς
205 250 262 277 δεῖ⁶
277 251 369 278 πόνων
380 250 408 278 δὲ
422 250 524 287 ζημίας
535 252 854 288 ὑπομενοῦμε-νείκότως,

914 254 1047 287 humilem,
1071 254 1188 281 nondum
1206 258 1235 281 ut
1258 253 1334 281 decet
1351 252 1513 287 ieiunamus,
1527 255 1555 279 et
1573 251 1696 280 alilictio-

67 297 128 324 8εαῦ
145 297 365 332 διακεκραγότος
376 299 390 314 θ’
403 306 412 323 ι
426 297 464 324 οὐ
481 297 535 333 γὰρ
554 298 656 334 ταύτην
672 298 720 334 τὴν
735 299 860 334 νηστείαν

69 343 119 378 ἐγὼ
131 343 314 378 ἐξελεξάμην.
335 353 344 370 ι
363 344 408 370 Δεῖ
425 344 457 378 δὴ
473 341 520 370 οὖν
540 344 708 380 ἀποσχέσθαι
726 345 861 380 φαυλότη-

68 399 119 422 τος,
136 389 255 416 ἕπεσθαί
273 398 314 422 τε,
331 390 379 417 καὶ
398 390 470 425 μάλα
485 391 627 422 νεανικῶς,
641 392 697 422 τοῖς
713 391 759 417 τοῦ
782 400 861 424 νομο-

69 436 142 462 θέτου
158 435 291 470 δόγμασι,
306 435 356 471 τὴν
370 435 485 471 καρδίαν
498 435 698 467 ἀπευθύνοντας
717 436 786 472 πρὸς
807 437 860 463 πᾶν

68 481 152 508 ὁτιοῦν
177 481 235 508 τῶν
255 482 428 517 ἀρεσκόντων
442 482 527 518 αὐτῷ,
555 483 602 510 καὶ
620 482 666 509 τὸν
681 483 730 518 τῆς
743 483 860 514 διανοίας

70 527 258 560 ὑποφέροντας
286 527 398 562 αὐχένα,
421 527 573 563 ψάλλοντάς
593 536 624 554 τε
647 527 695 554 καὶ
711 527 838 562 λέγοντας
851 536 858 543 ·

68 570 131 600 ιἸδε
139 571 190 608 τὴν
201 572 368 599 ταπείνωσίν
381 582 431 608 μου
444 575 491 600 καὶ
503 573 549 601 τὸν
561 573 645 600 κόπον
657 582 718 608 μου,
731 573 778 600 καὶ
793 574 861 608 ἄφες

69 620 155 648 πάσας
169 617 220 649 τὰς
237 616 386 652 ἁμαρτίας.
399 617 466 645 »Καὶ
477 616 531 652 μὴν
538 617 606 651 πρὸς
618 617 687 652 τῷδε
707 617 816 644 κάκεῖνο
830 617 861 644 τὸ

68 663 254 698 προφητικόν·
276 673 285 688 ι
311 663 376 690 Ἰδοὺ
391 662 445 689 οἶδε
459 661 538 696 ἡμεῖς
561 663 679 698 ἐσόμεθά
698 671 749 694 σοι,
764 663 804 689 ὅτι
827 663 859 689 σὺ

69 709 166 744 Κύριος
180 710 195 735 ό
205 709 274 740 Θεὸς
288 708 368 744 ἡμῶν
381 705 415 735 ei.
436 717 446 735 ι
462 708 637 743 Παράστασις
652 708 706 744 γὰρ
721 708 769 743 ἥδε
784 717 860 735 πνευ-

69 755 179 789 ματικὴ,
196 755 246 781 καὶ
268 755 418 781 ἁνδάνουσα
432 754 471 790 τῷ
487 754 546 790 Θεῷ
569 754 639 789 ὑπὲρ
663 755 763 789 μόσχον
786 754 856 786 νέον,

67 800 134 834 ὑπὲρ
149 800 239 834 ἀμνὸν
254 801 288 826 ὲκ
303 800 446 834 ποιμνίων,
461 800 530 835 ὑπὲρ
542 799 634 834 ἔριφον
649 800 679 833 ἐξ
691 800 860 835 αίγῶν,ὺπὲρ

67 845 206 880 σεμίδαλιν
223 846 272 872 καὶ
291 846 448 873 λιὸανωτόν.
466 847 668 882 Πνευματικαῖς
687 846 740 882 γὰρ
755 847 860 879 θυσίαις

66 893 256 928 εὐαρεστεῖται
281 893 358 924 Θεός.
389 892 561 927 Ἃγιάζοντες
591 893 621 919 δὲ
646 893 858 929 τὴνίνηστείαν,

66 938 232 974 κηρύξωμεν
254 938 414 974 θεραπείαν,
434 940 567 971 τουτέστι,
583 940 631 975 τὴν
646 941 700 967 τῶν
720 940 799 967 θείων
814 940 858 967 θει

67 984 196 1020 λημάτων
208 985 396 1021 ἐκπλήρωσιν,
437 985 468 1021 δὴ
482 986 528 1013 καὶ
538 986 697 1022 πρεπόντως
711 987 861 1022 παρέποιτο

68 1031 99 1056 ἂν
114 1030 145 1057 τὸ
164 1030 245 1064 εὐθὺ,
263 1031 294 1058 τὸ
310 1031 450 1065 εὐάγωγον
469 1031 516 1057 τοῦ
532 1031 646 1066 τρόπου,
667 1031 698 1058 τὸ
719 1031 789 1067 πρὸς
805 1033 859 1058 πᾶν

67 1077 152 1103 ότιοῦν
175 1077 288 1112 ἕτοιμον
313 1076 367 1104 τῶν
389 1077 429 1109 είς
455 1077 596 1110 εὖσεόείας
614 1078 735 1113 ἡκόντων
750 1078 858 1112 λόγους.

75 1120 292 1156 Ἐπιτελέσωμεν
302 1121 330 1148 δὲ
343 1122 406 1153 τοὺς
419 1122 537 1158 τρόπους
544 1122 594 1157 τῆς
609 1122 765 1157 θεραπείας,
773 1132 861 1149 συνει-

68 1166 206 1201 λεγμένων
224 1167 259 1199 ,ἐν
290 1166 436 1201 Ἐκκλησία
453 1166 508 1192 τῶν
530 1167 563 1193 ἐκ
581 1167 744 1201 γερουσίας,
770 1167 862 1194 συνδε-

67 1211 250 1248 δραμηκότων
265 1213 315 1239 καὶ
330 1213 438 1240 πάντων
453 1212 507 1239 τῶν
522 1213 720 1240 κατοικούντων
735 1213 784 1249 τὴν
798 1213 860 1249 γῆν,

68 1258 215 1285 κλαιόντων
236 1267 267 1285 τε
282 1259 330 1285 καὶ
350 1258 423 1293 μάλα
447 1259 580 1290 συντόνως
596 1259 636 1291 εις
657 1259 722 1294 ὅλην
739 1259 857 1295 ἡμέραν,

67 1304 111 1331 καὶ
133 1304 283 1340 ἀραρότως
299 1305 492 1340 διακειμένων,
507 1305 548 1331 ὅτι
561 1305 671 1332 πάντων
689 1305 759 1331 ὲλεεί
777 1305 842 1337 Θεός
853 1313 860 1320 ·

67 1350 122 1377 ἔστι
136 1351 194 1386 γὰρ
211 1360 222 1377 ι
230 1351 418 1386 μακρόθυμος,
431 1351 479 1377 καὶ
493 1351 645 1384 πολυέλεος,
661 1352 708 1378 καὶ
723 1350 860 1387 ἀληθινὸς,

67 1396 185 1431 ὶξαίρων
199 1396 327 1431 ἀνομίας,
341 1397 389 1423 καὶ
404 1396 575 1431 ὑπερϐαίνων
595 1397 712 1429 ἀδικίας,
735 1406 745 1423 ι
763 1397 810 1424 καὶ
830 1397 861 1423 οὺ

68 1442 189 1477 συνέχων
209 1443 252 1474 είς
272 1443 425 1478 μαρτυρίαν
438 1443 523 1478 ὀργὴν
544 1442 627 1470 αὑτοῦ
643 1443 714 1470 κατὰ
728 1443 759 1470 τὸ
773 1443 860 1478 γένος,

70 1498 80 1515 ι
99 1488 163 1515 Ὀτι
177 1488 294 1524 θελητὴς
312 1488 403 1520 ἐλέους
419 1489 485 1516 ὲστί.
506 1499 516 1514 ›

101 1554 164 1581 Ὀτι
176 1554 268 1590 ἐγγὺς
282 1555 302 1588 ἡ
315 1554 409 1589 ἡμέρα
424 1555 546 1588 Κυρίου,
559 1555 607 1582 καὶ
624 1555 664 1588 ὡς
678 1556 862 1590 ταλαιπωρία

912 308 976 328 num
1007 308 1100 335 poenas
1112 300 1244 332 dabimus,
1257 300 1354 327 merito
1365 299 1498 326 clamante
1511 299 1583 325 Deo:
1601 308 1610 325 t
1625 298 1698 325 Nun-

911 345 975 380 quid
993 347 1043 373 hoc
1067 350 1109 373 est
1120 346 1261 381 jejunium,
1278 346 1349 380 quod
1373 345 1439 380 elegi
1457 344 1502 371 ".7
1517 354 1526 370 ι
1551 344 1698 372 Abstinen-

911 393 976 418 dum
993 391 1074 426 igitur
1089 392 1123 419 ab
1142 391 1326 427 improbitate,
1342 396 1368 419 et
1384 392 1509 418 mandata
1537 391 1698 425 legislatoris

911 436 1095 463 exhaurieuda
1110 441 1233 469 strenue,
1256 435 1478 470 dirigendntnque
1493 443 1542 462 cor
1559 436 1592 462 ad
1616 443 1698 462 omne

912 481 959 509 Dei
979 482 1186 516 beneplacitum,
1218 486 1245 509 et
1263 483 1362 509 mentis
1397 482 1487 509 cervix
1517 482 1696 516 subjicienda,

912 528 1132 562 psaltendumque
1152 535 1185 555 ac
1207 527 1386 555 dicendutnzt
1414 528 1480 554 Vide
1517 528 1696 554 humilitatem

911 582 1000 601 meatu
1015 581 1047 601 ac
1064 574 1182 601 laborem
1208 581 1308 606 meum,
1321 577 1348 600 et
1360 573 1464 600 dimitte
1480 573 1569 600 omnia
1588 578 1696 608 peccata

911 620 1032 647 mea".i
1050 619 1162 655 Insuper
1186 619 1251 646 illud
1262 618 1463 653 propheticum:
1483 618 1567 645 «Ecce
1581 626 1629 646 nos
1658 618 1695 644 tui

911 666 1023 696 erimus,
1043 665 1106 700 quia
1130 669 1157 691 tu
1183 665 1310 692 Dominus
1333 664 1401 691 Deus
1424 669 1516 691 noster
1540 671 1579 690 es.
1601 674 1610 690 ι
1635 662 1698 690 Haec

911 712 981 739 enim
991 711 1139 746 spiritualis
1153 715 1194 738 est
1206 710 1352 742 oblatio.et
1365 711 1451 744 placet
1469 711 1522 737 Deo
1533 718 1613 744 super
1628 711 1698 736 vitu-

911 757 965 785 lum
989 758 1123 786 novellum
1136 757 1170 790 ⁷⁸,
1210 764 1290 791 super
1313 764 1410 792 agnum
1424 757 1457 784 de
1473 757 1608 790 gregibus,
1619 763 1699 790 super

911 804 1017 832 ltazdutu
1032 805 1065 831 de
1075 803 1175 838 capris,
1188 809 1269 836 super
1287 802 1348 829 thus
1363 807 1390 829 et
1403 802 1528 828 similam.
1545 801 1698 836 Spirituali-

910 850 962 877 bus
973 857 1089 884 namque
1104 849 1247 876 sacrificiis
1264 853 1412 876 recreatur.
1425 847 1632 874 Sanctificantes
1646 854 1697 873 au-

913 901 966 923 tem
988 895 1119 930 jejunium
1153 895 1329 929 praedicemus
1350 893 1528 926 curationem,
1558 891 1622 919 hoc.
1637 897 1698 925 est,

912 943 1065 970 divinarum
1086 940 1253 968 voluntatum
1283 939 1474 973 expletionem,
1491 945 1570 971 quam
1598 937 1699 964 decen-

913 992 953 1015 ter
969 986 1142 1015 comitabitur
1167 983 1309 1016 rectitude,
1325 990 1428 1010 morum
1455 983 1649 1017 tractabilitas,
1664 983 1698 1010 ad

910 1033 1001 1060 omnia
1024 1035 1165 1066 proruptus
1193 1038 1224 1058 ac
1251 1033 1361 1064 paratus
1385 1029 1508 1062 animus,
1529 1036 1698 1064 quaecunque

911 1078 1006 1113 pietati
1020 1081 1084 1105 sunt
1099 1076 1199 1104 atliuia.
1218 1077 1402 1110 Exsequcmur
1418 1082 1482 1102 vero
1502 1075 1595 1102 modos
1621 1082 1699 1102 cura-

913 1123 993 1151 tionis
1007 1122 1180 1158 congregatis
1195 1122 1220 1149 itt
1236 1121 1358 1149 Ecclesia
1377 1121 1498 1154 senibus,
1514 1125 1541 1148 et
1562 1121 1699 1148 confluen-

912 1170 984 1197 tibus
997 1169 1131 1197 universis
1148 1172 1248 1196 terram
1273 1167 1466 1201 habitantibus,
1479 1167 1699 1202 plorantibusque

911 1216 1088 1244 vehementer
1107 1219 1162 1242 tota
1176 1214 1230 1247 die,
1247 1218 1274 1242 et
1292 1214 1485 1242 convenienter
1499 1213 1615 1246 allectis,
1630 1221 1698 1248 quo-

911 1262 984 1289 niam
998 1261 1118 1288 omnium
1131 1261 1275 1288 miseretur
1291 1259 1361 1288 Deus
1376 1268 1384 1286 :
1399 1264 1442 1287 est
1456 1260 1527 1287 enim
1542 1268 1551 1284 ι
1577 1259 1700 1292 longani-

913 1307 976 1340 mis,
990 1311 1018 1334 et
1031 1307 1123 1334 multae
1138 1306 1328 1335 misericordia:
1342 1309 1370 1333 et
1382 1305 1504 1338 verax",
1533 1308 1560 1332 et
1574 1305 1700 1332 auferens

913 1352 1069 1388 iniquitates
1089 1353 1124 1386 ",
1132 1357 1160 1380 et
1180 1360 1314 1387 superans
1324 1351 1445 1386 justitias
1457 1351 1507 1384 ",i
1521 1357 1609 1384 neque
1633 1358 1700 1377 con-

912 1399 1000 1426 tinens
1016 1398 1084 1425 iram
1098 1405 1173 1426 suam
1187 1398 1213 1425 in
1227 1397 1409 1425 testimonium
1422 1403 1520 1424 natura
1535 1404 1594 1430 sua,
1605 1405 1614 1422 ι
1627 1395 1701 1429 Quo-

913 1444 986 1471 niam
1002 1443 1094 1472 volens
1111 1443 1323 1471 misericOrdiam
1343 1447 1385 1470 est
1400 1443 1451 1469 ⁷⁸.»

950 1557 1031 1583 Vens.
1050 1556 1094 1586 l5,
1115 1555 1158 1583 16.
1176 1555 1306 1587 Quoniam
1319 1554 1400 1589 juxta
1410 1558 1447 1580 est
1464 1553 1519 1581 dies
1536 1553 1660 1584 Domini,
1676 1557 1701 1580 et

68 1599 101 1626 ἐκ
116 1601 320 1634 ταλαιπωρίας
339 1600 415 1634 ἥξει.
436 1601 598 1627 Κατένιιντι
621 1601 681 1627 τῶν
700 1601 863 1636 ὀφθαλμῶν

914 1603 989 1636 quasi
1007 1603 1113 1628 miseria
1133 1601 1165 1628 de
1177 1601 1282 1627 miseria
1297 1601 1388 1627 veniel.
1410 1601 1476 1626 Ante
1491 1599 1580 1626 oculos
1606 1604 1700 1626 uestros

70 1646 151 1681 ὑμῶν
164 1646 319 1681 βρώματα.
358 1646 582 1681 Ἐξωλοθρεύθη
608 1646 642 1678 ἐξ
669 1647 756 1674 οἴκου
787 1646 862 1674 Θεοῦ

69 1693 152 1727 ὑμῶν
164 1693 352 1726 εὐφροσύνη.
363 1692 410 1718 καὶ
423 1691 510 1726 χαρά.

103 1759 153 1785 lB'.
180 1758 304 1794 Ἥμέραν
327 1758 429 1793 Κυρίου
453 1758 529 1794 φησὶ,
548 1758 608 1785 καθ’
624 1758 658 1794 ἢν
673 1757 728 1785 ἔδει
742 1757 862 1793 πληροῦ-

70 1805 130 1832 σθαι
141 1805 178 1831 τὰ
196 1805 228 1837 ἐξ
239 1805 337 1840 ὀργῆς,
355 1805 372 1840 ἢ
387 1805 435 1839 τῆς
446 1805 556 1839 ἁκρίδος
571 1805 662 1836 αὐτοῖς
679 1804 864 1840 ἐπενηνεγμέ-

70 1860 126 1887 νης,
144 1851 192 1878 καὶ
206 1852 242 1878 τὰ
258 1852 287 1877 ὲν
302 1851 379 1886 ἀγρῷ
394 1851 567 1887 δαπανώσης,
584 1851 631 1877 καὶ
649 1851 689 1882 είς
710 1850 791 1885 λιμοῦ
816 1850 863 1876 καὶ

71 1897 172 1929 ἐνδείας
198 1897 361 1932 πεμπούσης
385 1896 509 1932 δείματα,
535 1897 581 1923 καὶ
601 1897 685 1932 αὐτὴν
711 1895 863 1930 ἐντιθείσης

69 1943 114 1969 τοῦ
131 1943 249 1970 θανάτου
269 1943 319 1978 τὴν
336 1943 431 1974 πτόαν,
447 1943 531 1978 ἥγουν
546 1942 599 1970 τῶν
614 1942 793 1969 Βαϐυλωνίων
813 1950 864 1968 κα-

70 1987 273 2023 ταφθειρόντων
287 1989 404 2020 ἅπαντα,
422 1987 516 2014 πόλεσι
528 1996 557 2015 τε
573 1988 621 2015 καὶ
638 1987 746 2023 κώμαις
759 1988 862 2023 ἐμφυο-

71 2034 169 2069 μένων,
192 2034 258 2061 ἄλλο
274 2043 305 2060 τε
328 2034 371 2060 ἐπ’
387 2034 458 2069 ἄλλῳ
481 2034 743 2070 προσεργαζομένων
765 2033 861 2067 κακὸν,

70 2081 115 2106 καὶ
128 2080 319 2115 ταλαιπωρίαν
340 2081 372 2106 ὲκ
388 2080 575 2117 ταλαιπωρίας
601 2079 863 2115 προσεπιρῤιπτούν-

68 2134 122 2152 των
136 2126 181 2152 ἀεὶ
195 2126 330 2152 ἐνοικοῦσι
345 2126 393 2161 τὴν
414 2126 476 2161 γῆν,
494 2126 529 2157 ὡς
546 2125 606 2161 μηδ’
623 2126 684 2152 ὅσον
696 2126 783 2152 εἰπεῖν
795 2125 862 2151 ἀνα-

71 2172 185 2199 πνεῦσαι
199 2172 332 2209 δύνασθαι
348 2172 444 2207 βραχὺ,
466 2172 512 2198 καί
531 2181 556 2199 τι
571 2172 616 2200 διὰ
637 2172 719 2207 μέσου
737 2172 864 2206 γενέσθαι

71 2219 200 2254 χρηστόν-
221 2218 264 2252 ἐφ’
281 2214 373 2253 ὧνπερ
387 2216 420 2253 ἦν
438 2218 522 2250 εἰκὸς,
542 2218 593 2245 κᾶν
614 2218 678 2253 γοῦν
700 2218 753 2245 ἀπὺ
765 2218 863 2254 μέρους

914 1648 1048 1674 alimenta.
1071 1646 1181 1674 Sublata
1194 1652 1251 1674 sunt
1264 1647 1295 1673 de
1309 1646 1385 1673 domo
1409 1645 1457 1672 Dei
1471 1645 1546 1672 vestri
1561 1645 1653 1672 lwtitia
1676 1648 1701 1672 σι

913 1693 1050 1728 gaudium.

948 1759 1007 1787 XII.
1024 1760 1100 1787 Diem
1122 1759 1225 1787 Domini
1245 1765 1333 1791 vocat,
1352 1767 1403 1794 qua
1420 1759 1467 1787 ira:
1492 1758 1549 1794 ejus
1572 1757 1702 1786 satisfieri

913 1811 1029 1840 oportet,
1045 1811 1091 1833 aut
1104 1806 1206 1833 locusta
1225 1805 1290 1840 ipsis
1303 1805 1434 1837 immissa,
1447 1809 1475 1831 et
1489 1804 1580 1838 fruges
1596 1804 1620 1830 in
1637 1811 1703 1838 agro

913 1851 1086 1885 deposcente,
1098 1855 1126 1878 et
1140 1851 1220 1878 famis
1239 1855 1320 1884 atque
1339 1850 1458 1885 penuriae
1474 1849 1601 1876 ltorrores
1624 1848 1702 1875 incu-

916 1897 1007 1928 tiente,
1037 1895 1179 1930 ipsumque
1211 1894 1306 1922 mortis
1332 1901 1458 1929 pavorem
1483 1894 1632 1926 inferente;
1654 1897 1702 1920 aut

914 1941 1069 1976 Babyloniis
1082 1941 1172 1967 omnia
1196 1940 1374 1972 vastantibus,
1400 1939 1564 1972 urbibusque
1588 1943 1615 1965 et
1635 1939 1702 1965 vicis

915 1987 1144 2018 incumbentibus,
1166 1991 1193 2013 et
1207 1986 1310 2014 cladem
1327 1986 1401 2013 clade
1424 1984 1633 2017 cumnlantibus,
1650 1983 1702 2011 mi-

914 2033 1068 2067 seriamque
1082 2039 1114 2059 ex
1133 2032 1241 2060 miseria
1259 2031 1393 2066 indigenis
1417 2029 1699 2065 superadjicicntibus,

916 2085 946 2107 ut
963 2087 996 2106 ne
1009 2079 1041 2106 ad
1054 2084 1181 2113 punctum
1197 2079 1304 2113 quidem
1327 2077 1456 2112 temporis
1481 2075 1588 2110 paulum
1613 2077 1701 2110 respi-

916 2132 977 2152 rare
1008 2129 1118 2159 queant,
1151 2128 1179 2152 et
1199 2124 1300 2150 interea
1339 2122 1439 2157 aliquid
1470 2121 1532 2149 boni
1568 2121 1625 2149 fiat.
1668 2120 1702 2148 Et

914 2179 1021 2206 aequum
1050 2174 1108 2198 erat
1143 2169 1238 2197 saltem
1278 2177 1311 2196 cx
1337 2174 1413 2202 parte
1437 2172 1464 2195 et
1499 2168 1629 2196 mediocri
1658 2175 1704 2195 soc

915 2215 979 2243 latio
1010 2215 1129 2250 perfrui,
1150 2216 1195 2249 qui
1225 2218 1264 2241 tot
1299 2214 1477 2240 incommodis
1505 2222 1566 2240 sese
1606 2221 1704 2241 conse-

71 2265 184 2301 μετρίαν
207 2264 337 2291 δύνασθαι
364 2265 528 2300 παραψυχὴν
545 2265 616 2300 ἔχειν
631 2266 693 2296 τοὺς
713 2266 745 2301 τῇ
767 2265 862 2300 συχνό-

915 2261 1069 2295 quentibus'
1083 2259 1280 2287 intolerandum
1308 2260 1332 2286 in
1346 2260 1453 2285 modum
1471 2259 1560 2286 allecti
1581 2259 1703 2287 fuissent.

69 2319 127 2346 τητι
151 2309 249 2337 λοιπὸν
277 2310 332 2337 τῶν
353 2310 446 2337 κακῶν
469 2310 614 2346 ἀφορήτως
637 2310 862 2345 ὲντετηγμένους.

75 2355 184 2391 Ἐπειδὴ
205 2355 235 2382 δὲ
260 2356 466 2391 πεπαινομένων
478 2355 532 2382 τῶν
546 2355 659 2392 καρπῶν
675 2356 736 2392 ήδη,
752 2357 799 2383 καὶ
818 2356 864 2383 τὸν

68 2401 183 2435 ἁμῶντα
205 2400 301 2427 λοιπὸν
323 2401 478 2428 καλούντων
500 2401 543 2436 ἐφ’
566 2401 672 2435 ἑαυτοῖς
695 2400 748 2427 τῶν
768 2401 864 2435 ληῖων,

71 2447 180 2482 βότρυός
196 2455 226 2473 τε
242 2447 509 2483 καταπερκάζοντος,
527 2447 575 2474 καὶ
596 2447 758 2482 γλιχομένου
773 2447 864 2473 ἐκθλί-

69 2493 174 2524 ϐεσθαι,
192 2493 290 2528 γέγονέ
304 2502 356 2520 που
369 2493 440 2528 τάχα
450 2494 499 2529 τῆς
510 2493 620 2530 ἀκρίδος
629 2494 646 2529 ἡ
663 2493 776 2529 ἐμϐολὴ,
790 2492 864 2528 13ρὼ-

72 2548 153 2574 ματα,
170 2540 268 2575 φησιν,
281 2540 469 2576 ἐξωλοθρεύθη
490 2539 520 2572 ἐξ
531 2539 675 2575 ὀφθαλμῶν
689 2539 790 2571 αὐτῶν,
811 2537 866 2566 οἷον

70 2586 256 2621 ἡρπασμένων
279 2586 335 2612 τῶν
352 2587 381 2613 ἐν
402 2586 464 2621 ὕψει
478 2586 679 2622 γεγενημένων,
700 2586 867 2621 παρακειμέ-

69 2640 120 2658 νων
135 2632 232 2668 ὥσπερ
247 2632 349 2664 αὐτοῖς,
374 2632 421 2659 καὶ
435 2632 484 2668 τὴν
503 2632 653 2659 ἀπόλαυσιν
666 2632 782 2667 ἐχόντων
800 2633 867 2659 ἑτοι-

72 2678 202 2713 μοτάτην.
224 2678 388 2714 Ἑξῃρθῆναι
409 2679 438 2705 δὲ
460 2678 541 2706 πάλιν
555 2678 757 2706 διαϐεϐαιοῦται
774 2678 821 2705 καὶ
835 2678 865 2712 ἐξ

70 2722 143 2749 οἴκου
155 2723 261 2758 Κυρίου
274 2723 325 2759 τὴν
337 2723 507 2760 εὐφροσύνην
520 2725 566 2751 καὶ
577 2725 626 2760 τὴν
646 2724 741 2760 χαράν.
760 2724 858 2751 Ἔθυον

70 2768 133 2804 γὰρ,
143 2769 205 2801 ταῖς
222 2769 252 2802 ἐξ
272 2768 367 2804 ἀγρῶν
384 2768 547 2805 εὐκαρπίαις
568 2770 793 2805 ὲπαγαλλόμενοι,
814 2769 860 2796 καὶ

915 2307 948 2334 Ει
963 2307 1023 2341 quia
1043 2306 1165 2341 frugibus
1189 2306 1268 2340 211
1283 2305 1407 2337 maturis,
1424 2310 1451 2331 et
1466 2305 1602 2338 segetibus
1637 2312 1704 2332 mes-

912 2360 1002 2380 sorem
1024 2351 1080 2387 jam
1106 2351 1275 2384 vocantibus,
1303 2354 1331 2377 et
1359 2357 1411 2376 uva
1435 2354 1510 2377 cocta
1545 2349 1701 2383 calcarique

913 2397 1094 2430 desiderante,
1111 2396 1215 2424 locusta
1230 2395 1356 2424 celeriter
1374 2395 1446 2423 forte
1465 2395 1573 2429 irrupit,
1590 2395 1704 2421 alimen-

915 2448 939 2470 ta
953 2444 987 2471 ab
1005 2444 1092 2471 oculis
1106 2450 1200 2470 eorum
1220 2442 1309 2470 ablata
1333 2449 1393 2469 esse
1413 2440 1581 2476 pronuntiat,
1600 2439 1672 2467 velut
1682 2440 1705 2467 si

914 2491 1025 2525 abrepta
1051 2489 1175 2523 fuissent,
1192 2497 1252 2524 quae
1269 2489 1295 2516 in
1314 2492 1460 2523 conspectu
1483 2491 1510 2514 et
1534 2491 1598 2514 ante
1613 2485 1707 2513 oculos

888 2541 896 2546 ’
916 2536 968 2565 sibi
989 2536 1086 2572 posita,
1099 2540 1127 2564 et
1154 2537 1188 2564 ad
1210 2535 1352 2563 fruendutn
1388 2533 1506 2561 maxime
1529 2532 1556 2560 in
1581 2536 1705 2567 promptu

915 2584 1082 2612 habuissent.
1114 2584 1207 2612 Dentto
1232 2583 1347 2610 afﬁrmat
1369 2582 1402 2610 de
1427 2582 1507 2609 domo
1530 2580 1635 2609 Domini
1655 2581 1705 2608 lae-

915 2631 1002 2658 titiam
1031 2635 1059 2658 et
1091 2629 1220 2665 gaudium
1255 2629 1378 2664 periisse.
1408 2627 1606 2656 Sacrificabaut
1632 2626 1722 2654 enim-

913 2676 1161 2705 cuutexsultatioue
1179 2676 1214 2704 de
1222 2674 1298 2703 uberi
1319 2674 1425 2709 frugum
1441 2677 1582 2708 proventu,
1609 2671 1702 2699 trade-

913 2723 1031 2757 bantque
1038 2731 1068 2750 se
1077 2720 1533 2756 hilaritatilomnimodis,gratiarum
1543 2725 1653 2746 munera
1663 2718 1708 2745 ἀει

913 2770 1119 2804 dicantes,quod
1131 2773 1209 2798 terrae
1222 2769 1300 2797 bouis
1315 2767 1417 2795 affatim
1432 2765 1588 2795 circumfusi
1605 2767 1706 2792 essent.

105 2868 128 2884 "
142 2867 227 2896 chh.
245 2876 293 2899 VH.
377 2869 400 2884 "
417 2869 486 2896 Psul.
508 2879 579 2904 xxiv,
597 2871 638 2899 l8.
676 2870 699 2886 ⁷⁵
715 2869 784 2898 Psal.
813 2876 907 2901 uvttt,
925 2869 970 2897 '52.
1009 2869 1032 2886 "
1048 2869 1118 2898 Psal.
1132 2875 1180 2902 ett,
1201 2869 1228 2898 8.
1266 2868 1290 2884 ⁷⁸
1305 2867 1389 2895 Exod.
1424 2873 1516 2899 xxxiv,
1537 2865 1563 2892 7.
1599 2865 1622 2881 ⁷⁷
1633 2863 1704 2892 i‘sal.

73 2909 160 2938 Lxxtv,
179 2905 205 2932 5.
261 2904 284 2921 ⁷⁸
299 2904 369 2933 Οδοιι
387 2912 422 2939 \‘l,
441 2905 470 2931 ti.
