1919 3042
241 177 291 206 551

745 179 775 206 S.
794 177 931 206 CYRILLI
951 177 1186 207 ALEXANDRINI
1206 179 1367 211 ARCHIEP.

1823 187 1877 217 35S

241 237 304 269 τοὺς
314 235 365 272 τῆς
376 236 545 274 εὐφροσύνης
555 237 674 272 τρόπους
686 238 848 274 ἐπετήδευον
858 238 1031 271 ἀνατιθέντες
1049 238 1084 265 τὰ
1101 241 1277 276 χαριστήρια,
1299 241 1344 269 διά
1356 251 1398 269 τοι
1417 241 1447 269 τδ
1466 243 1638 279 περιχεῖσθαι
1659 245 1796 278 πλουσίως
1818 247 1878 278 τοῖς

241 283 274 310 ὲκ
288 285 340 319 γῆς
354 283 476 318 ἀγαθοῖς.

276 332 407 360 Similiter
426 333 517 360 evenit
552 333 585 361 iis
604 333 651 369 qui
668 334 694 362 in
709 334 848 363 Christum
874 334 1030 370 petulantis-
1044 334 1068 363 Δ

240 379 300 408 simi
325 381 497 408 exstiterunt.
518 381 581 408 Fuit
600 382 672 410 enim
693 383 760 418 ipsis
776 388 840 411 ante
861 383 955 411 oculos
975 381 1031 418 jam

242 434 252 451 ι
265 426 340 459 panis
359 426 435 454 vivus
462 427 506 461 qui
524 428 557 455 de
572 428 642 456 caelo
663 429 814 463 descendit,
831 434 859 458 et
884 431 930 458 dat
949 430 1032 457 vitam

241 473 342 499 mundo
361 473 396 500 ":
415 483 425 500 ι
439 481 554 509 granum
570 475 665 508 tritici,
676 476 746 511 quod
764 476 868 511 lapsum
884 477 912 504 in
931 481 1032 505 terram

241 518 416 553 multiplicem
441 520 558 548 fructum
578 522 688 556 protulit
700 522 735 555 ";
748 523 838 551 vinum
858 524 929 558 quod
942 528 1033 551 mente

239 565 370 599 cernitur,
391 571 418 593 et
444 575 492 594 cor
514 567 631 597 hominis
663 569 799 596 laetilicare
826 569 968 597 consuevit
978 568 1030 596 ⁸⁶”.

239 612 292 639 Sed
311 613 372 646 quia
405 621 457 640 non
486 613 648 641 destiterunt
667 614 695 642 in
715 615 950 643 incredulitatibus
974 615 1032 643 suis

239 657 429 684 contumeliam
448 659 546 691 facere,
564 659 598 686 ab
617 666 711 687 eorum
731 665 888 695 conspectu,
910 664 938 687 et
966 664 1028 687 tan-

238 712 318 739 quam
331 712 347 732 e
361 706 448 733 medio
469 705 557 733 ablata
572 712 633 734 sunt
650 707 740 734 omnia
758 707 887 735 alimenta
901 707 1029 742 spiritua-

238 751 285 783 lia,
316 756 344 778 et
363 753 494 780 abscessit
513 752 548 780 ab
563 753 603 780 eis
619 753 708 780 omnis
725 753 788 781 boni
809 753 1028 786 communicatio,

237 797 373 832 periilqne
397 805 412 825 a
433 798 514 826 domo
530 805 623 826 eorum
648 799 740 826 laetitia
760 804 788 826 et
809 799 947 836 gaudium.
971 799 1031 827 Dati

239 848 303 871 sunt
322 845 394 871 enim
426 844 452 871 ln
475 844 680 878 desolationem,
695 850 725 872 et
746 845 771 872 in
801 853 920 873 aerumna
949 845 1031 873 relin-

238 895 368 924 quuntur,
387 897 436 916 nec
458 896 549 924 regem
569 889 712 923 habentes,
731 897 781 918 nec
807 891 967 925 principem,
981 897 1031 917 nec

239 935 415 966 sacriﬁcium.
434 941 485 962 nec
504 935 600 967 altare.
614 943 664 962 nec
686 936 865 969 sacerdotem,
880 943 929 963 nec
941 935 1030 962 mani—

238 982 305 1010 festa
323 982 358 1010 ⁸¹.
384 982 443 1009 Alio
461 982 524 1009 item
537 983 616 1009 modo
626 983 661 1010 ab
683 982 768 1010 oculis
788 990 883 1010 eorum
900 982 1028 1010 alimenta

237 1033 265 1055 et
281 1028 412 1061 laetitiam,
430 1033 458 1055 et
483 1029 611 1063 gaudium
636 1028 725 1057 ablata
745 1035 806 1056 esse
829 1029 957 1056 dicimus.
984 1028 1030 1056 Ait

235 1073 308 1101 enim
334 1073 499 1101 Dominnsu
523 1073 580 1101 Non
604 1074 630 1101 in
653 1075 711 1102 solo
742 1082 815 1109 pane
835 1075 909 1102 vivet
930 1075 1028 1108 homo,

235 1119 282 1147 sed
301 1120 328 1147 in
347 1119 422 1147 omni
439 1120 532 1153 verbo,
547 1121 619 1154 quod
645 1121 768 1155 procedit
788 1121 821 1148 de
845 1128 894 1148 ore
918 1120 963 1148 Dei
976 1119 1027 1147 ".p

236 1165 334 1192 Mentis
355 1169 446 1194 autem
465 1165 540 1193 cibus
562 1166 670 1193 verbum
693 1171 746 1194 est.
763 1165 850 1194 Nemo
864 1166 1030 1194 dubitaverit

236 1211 370 1240 aﬂlrmare
378 1213 428 1240 hoc
435 1213 682 1249 verbum,inqnam,
693 1222 707 1241 ιι
718 1214 817 1242 Judaeis
825 1215 942 1242 ablatum
956 1222 1026 1248 esse,

236 1258 269 1284 nd
287 1257 405 1292 inopiam
427 1259 500 1286 enim
519 1259 666 1294 spiritualis
682 1261 816 1288 alimoniae
831 1261 930 1289 redacti
947 1266 1027 1295 sunt;

236 1310 286 1329 nec
307 1304 406 1338 scripta
429 1303 528 1339 Moysis
545 1305 754 1338 intellexerunt.
780 1315 790 1332 ι
804 1307 851 1334 sed
873 1314 958 1341 usque
980 1307 1029 1334 lio-

235 1348 280 1376 die
306 1349 424 1383 positum
449 1355 490 1378 est
516 1351 640 1379 velamen
673 1360 754 1387 super
781 1360 828 1380 cor
854 1360 948 1380 eorum
962 1353 996 1385 ”;
1016 1362 1025 1379 ι

235 1395 351 1422 oderunt
370 1395 503 1430 siquidem
524 1397 624 1425 Christi
641 1398 762 1425 oracula.
780 1398 863 1425 Periit
880 1399 945 1433 ipsis
969 1405 1027 1426 om-

236 1438 277 1465 nis
293 1446 354 1466 esca
375 1441 536 1475 spiritualis;
549 1449 601 1469 non
616 1442 687 1476 quod
706 1443 761 1477 ipsa
774 1444 920 1478 perniciem
948 1451 1027 1478 passa

235 1485 280 1518 sit,
293 1485 339 1513 sed
362 1487 424 1521 quia
442 1487 530 1521 passis
547 1496 598 1515 non
616 1489 776 1522 apponitur;
803 1495 830 1516 et
847 1495 978 1524 quantum
1000 1491 1026 1517 in

235 1532 302 1566 ipsis
319 1531 379 1565 luit,
405 1532 474 1560 nulla
497 1538 539 1560 est
565 1534 680 1568 amplius
701 1536 822 1562 omnino.
849 1535 947 1562 Verum
977 1535 1027 1563 Do-

236 1577 326 1604 minus
354 1570 380 1604 in
406 1585 436 1606 sc
467 1579 640 1607 credentibus
667 1580 778 1608 delicias
814 1582 978 1616 impertitur,
1001 1587 1028 1609 et

237 1623 319 1649 vitam
347 1622 444 1659 lautam
469 1631 501 1651 ac
533 1624 674 1652 delicatam
702 1626 728 1652 in
755 1627 833 1654 bonis
861 1627 1025 1654 coelestibus.

237 1667 372 1702 Scriptum
395 1675 436 1696 est
453 1671 524 1697 enim
543 1679 549 1697 :
568 1680 578 1696 ‹
596 1671 654 1698 Νοιι
675 1673 780 1699 occidet
799 1672 928 1700 Dominus
956 1673 1027 1702 fame
1041 1682 1062 1711 α

236 1713 354 1740 animum
385 1714 470 1749 justi;
501 1715 583 1742 vitam
613 1721 703 1743 autent
736 1717 878 1752 impiorum
908 1720 1026 1746 subver-

237 1763 275 1785 tet
289 1758 322 1784 ⁸⁸.
344 1767 354 1784 ι

272 1803 353 1831 Vens.
364 1805 454 1838 17,18.
468 1805 637 1834 Saltaverum
649 1808 738 1835 vitulw
749 1809 774 1835 in
787 1810 946 1843 prtcsepibus
957 1811 1024 1841 suis,

236 1850 355 1884 dissipati
368 1857 426 1878 sum
442 1853 568 1885 tlteaauri,
589 1854 703 1888 stt/fastu
724 1860 785 1881 sunt
810 1855 891 1890 212
910 1856 1026 1882 torcula-

235 1896 286 1925 τίει,
303 1896 364 1930 quia
383 1896 526 1930 arefactum
546 1903 582 1924 est
610 1898 737 1926 triticum.
769 1899 838 1932 Quid
872 1909 1025 1934 reponemus

235 1940 331 1967 nobis?
346 1941 471 1975 fleverunt
487 1948 604 1970 armenta
620 1944 708 1976 boum,
724 1945 785 1978 quia
808 1953 859 1973 non
891 1952 964 1973 erant
978 1954 1027 1981 pn-

233 1993 298 2012 scua
315 1986 400 2019 eis,et
420 1995 509 2022 greges
520 1988 606 2016 ouium
625 1989 811 2024 disperierunt.

1045 1013 1066 1041 Β

268 2074 338 2102 XIII.
354 2075 440 2103 Etiam
465 2076 552 2104 brutis
574 2077 758 2106 animantibus
781 2079 912 2107 divinitus
940 2080 1026 2116 inspi-

233 2125 294 2148 rata
320 2121 458 2156 Scriptura
480 2129 672 2157 nonnunquam
698 2125 829 2152 rationem
848 2125 960 2161 allingit,
981 2134 1026 2153 na-

1117 332 1280 369 Εὑρήσομεν
1289 334 1318 361 δὲ
1334 335 1456 362 τοιοῦτόν
1467 345 1494 362 τι
1513 336 1682 369 πεπονθότας
1705 338 1755 366 καὶ
1778 338 1879 372 αὐτοὺς

1082 378 1114 414 δὴ
1132 379 1251 414 μάλιστα
1273 380 1338 412 τοὺς
1363 381 1405 413 είς
1422 381 1540 417 Χριστὸν
1564 385 1812 419 πεπαρῳνηκάτας.
1829 385 1880 412 Γέ-

1083 431 1146 458 γονε
1157 424 1208 459 μὲν
1222 425 1276 460 7&9
1291 425 1383 457 αὐτοῖς
1399 427 1429 453 ὲν
1439 426 1590 462 ὀφθαλμοῖς
1601 428 1652 464 ήδη
1665 436 1725 461 πως
1743 438 1752 455 ι
1766 430 1780 456 ἐ
1796 430 1882 465 ἄρτος

1082 469 1133 502 τῆς
1153 469 1235 505 ζωῆς,
1255 471 1270 497 ό
1286 471 1315 504 ἐξ
1333 471 1450 507 οὐρανοῦ
1474 472 1596 506 καταὸἀς
1607 493 1615 506 ,
1632 474 1679 501 καὶ
1701 474 1774 510 ζωὴν
1789 475 1882 508 διδοὺς

1082 515 1122 551 τῷ
1137 516 1232 552 κόσμῳ
1246 536 1254 549 ,
1277 526 1287 543 ι
1310 518 1325 544 ὁ
1346 517 1446 550 κόκκος
1461 517 1508 545 τοῦ
1524 519 1609 552 σίτου,
1626 519 1640 546 ό
1651 519 1742 546 πεσὼν
1757 521 1800 552 είς
1814 521 1881 555 γῆν,

1083 563 1130 589 καὶ
1149 563 1293 596 πολλοστὸς
1307 564 1422 598 ἀναφὺς,
1442 564 1456 590 ό
1469 564 1563 600 νοητὸς
1577 562 1659 597 οἶνος,
1673 567 1688 592 ὸ
1703 566 1818 602 καρδίας
1835 567 1883 593 ἀν-

1083 608 1202 644 θρώπων
1219 610 1428 646 κατευφραίνειν
1439 610 1528 642 είδώς.
1555 611 1663 647 Ἐπειδὴ
1684 611 1713 639 δὲ
1732 613 1764 638 οὐ
1788 612 1882 639 διαλε-

1083 656 1191 683 λοίπασι
1210 657 1270 688 ταῖς
1294 657 1447 688 ἀπειθείαις
1474 657 1640 694 ὑϐρίζοντες,
1658 659 1774 694 γέγονεν
1787 660 1882 692 αὐτοῖς

1082 705 1112 738 ἐξ
1125 704 1281 740 ὀφθαλμῶν,
1300 705 1347 731 καὶ
1359 701 1415 732 οἷον
1434 706 1466 732 ὲκ
1489 706 1572 741 μέσου
1599 705 1732 742 βρώματα
1753 715 1881 742 πνευμα-

1081 750 1156 777 τικά..
1178 750 1395 785 ’Δποπεφοίτηκε
1412 750 1466 786 γὰρ
1491 751 1581 778 αὐτῶν
1603 753 1620 786 ἡ
1645 752 1747 784 παντὸς
1774 752 1882 786 ἀγαθοῦ

1083 795 1201 831 μέθεξις.
1222 796 1350 832 Ἐεῇρται
1364 797 1393 824 δὲ
1419 798 1466 824 καὶ
1485 797 1515 830 ἐξ
1542 797 1618 824 οἴκου
1637 798 1685 824 τοῦ
1701 799 1770 833 παρ’
1787 798 1881 830 αὐτοῖς

1081 843 1245 879 εὐφροσύνη,
1268 844 1314 870 καὶ
1335 844 1417 879 χαρά.
1438 844 1564 871 Δέδονται
1587 843 1642 880 γὰρ
1659 844 1700 876 εις
1722 845 1879 880 ἐρήμωσιν,

1081 890 1129 916 καὶ
1142 889 1310 916 διατελοῦσιν
1329 891 1354 916 οἱ
1366 890 1481 922 τάλανες
1503 890 1554 918 οὒκ
1569 890 1646 923 ὄντος
1660 891 1799 926 βασιλέως
1822 891 1880 918 οὐδὲ

1080 936 1222 972 ἄρχοντος,
1234 936 1284 963 οὐκ
1293 935 1378 972 οὔσης
1390 935 1496 969 θυσίας,
1509 936 1570 963 οὐδὲ
1580 936 1657 968 ὁντος
1670 936 1880 972 θυσιαστηρίου,

1081 980 1143 1007 οὒτε
1161 980 1267 1016 ἱερέως,
1281 980 1343 1007 οὔτε
1358 980 1455 1016 δήλων.
1471 981 1525 1008 Καὶ
1543 981 1604 1008 καθ’
1618 981 1712 1017 ἕτερον
1728 981 1758 1008 δὲ
1777 981 1879 1017 τρόπον

1081 1026 1230 1062 ἐξῃρῆσθαι
1246 1035 1336 1062 φαμεν
1345 1025 1376 1059 ἐξ
1387 1026 1535 1062 ὀφθαλμῶν
1550 1026 1641 1054 αὐτῶν
1655 1027 1729 1055 τάτε
1743 1026 1880 1063 βρώματα

1080 1073 1129 1099 καὶ
1137 1072 1186 1108 τὴν
1195 1072 1376 1108 εὐφροσύνην,
1393 1073 1440 1099 καὶ
1457 1072 1506 1108 τὴν
1525 1073 1623 1108 χαράν.
1644 1072 1718 1109 Ἔφη
1733 1073 1785 1108 μὲν
1799 1073 1854 1108 7&9
1866 1074 1879 1100 ό

1080 1118 1182 1154 Κύριος
1195 1125 1202 1133 ο
1223 1128 1231 1144 ι
1248 1118 1306 1145 Οὐκ
1330 1117 1374 1144 ἐπ’
1391 1117 1466 1153 ἄρτῳ
1496 1117 1569 1153 μόνῳ
1585 1117 1698 1154 ζήσεται
1721 1117 1877 1154 ἄνθρωπος,

1080 1164 1138 1191 ἀλλ’
1161 1164 1190 1190 ὲν
1214 1163 1296 1191 παντὶ
1315 1164 1419 1199 ῥήματι
1440 1164 1650 1200 ἐκπορευομένῳ
1672 1163 1718 1191 διὰ
1742 1165 1878 1201 στόματος

1080 1210 1175 1238 Θεοῦ.»
1188 1209 1243 1237 Νοῠ
1254 1210 1283 1237 δὲ
1299 1211 1397 1246 τροφὴ,
1414 1209 1503 1244 λόγος.
1515 1210 1572 1237 Οὐκ
1581 1210 1615 1237 ἂν
1628 1210 1651 1237 δ’
1668 1210 1819 1237 ἁνδοιάσειέ
1836 1219 1877 1242 τις

1079 1257 1160 1283 τοῦτο
1173 1256 1223 1291 τῆς
1245 1255 1381 1283 Ἰουδαίων
1396 1255 1516 1292 πληθύος
1541 1256 1656 1292 ὲξῇρθαι
1676 1255 1779 1290 λέγειν.
1792 1255 1876 1290 Γεγόο

1080 1311 1142 1329 νασι
1152 1302 1206 1338 γὰρ
1215 1303 1243 1328 ἐν
1257 1301 1347 1337 ινδείᾳ
1359 1302 1464 1337 τροφῆς
1475 1301 1673 1337 πνευματικῆς,
1685 1301 1716 1328 οὐ
1729 1301 1875 1336 νενοήκασι

1079 1349 1113 1376 τὰ
1134 1349 1266 1380 Μωσέως,
1284 1357 1294 1374 ι
1308 1347 1365 1375 ἀλλ’
1384 1349 1448 1383 ἄχρι
1466 1349 1587 1383 σήμερον
1604 1348 1740 1383 κάλυμμα
1762 1347 1809 1374 ἐπὶ
1827 1347 1876 1382 τὴν

1080 1395 1195 1430 καρδίαν
1224 1394 1314 1420 αὐτῶν
1338 1395 1444 1421 κεῖται·
1460 1403 1469 1420 ο
1493 1395 1664 1430 μεμισήκασι
1685 1394 1740 1429 7&9
1769 1393 1805 1420 τὰ
1828 1392 1875 1419 τοῦ

1080 1438 1199 1473 Χριστοῦ
1227 1438 1410 1473 θεσπίσματα.
1448 1438 1622 1474 Ὠλόθρευται
1650 1438 1743 1470 αὐτοῖς
1768 1439 1844 1465 πᾶσα
1859 1438 1876 1473 ἡ

1080 1485 1252 1520 πνευματικὴ
1274 1485 1372 1520 τροφὴ,
1387 1485 1438 1511 οὐκ
1454 1485 1523 1520 αὐτὴ
1538 1484 1662 1511 παθοῦσα
1682 1485 1728 1516 τὸν
1751 1484 1874 1518 ὀλεθρον,

1080 1530 1148 1557 ἀλλά
1159 1531 1214 1562 τοῖς
1226 1530 1389 1556 πεπονθόσιν
1401 1531 1451 1557 οὐκ
1465 1530 1505 1556 ἔτι
1526 1531 1731 1566 παρακειμὲνη,
1751 1531 1800 1557 καὶ
1814 1531 1875 1556 ὅσον

1078 1573 1147 1612 ἧκεν
1159 1576 1197 1607 είς
1209 1576 1340 1608 ἐκείνους,
1352 1576 1411 1602 οὐδὲ
1426 1576 1586 1611 ὑπάρχουσα
1602 1576 1752 1608 παντελῶς.
1779 1576 1851 1602 Ἀλλ’
1861 1577 1875 1602 ὁ

1079 1628 1111 1654 γε
1124 1620 1226 1655 Κύριος
1237 1621 1291 1652 τοῖς
1305 1621 1344 1652 είς
1355 1621 1435 1647 αὑτὸν
1448 1622 1605 1648 πιστεύουσι
1615 1621 1644 1648 τὸ
1657 1621 1756 1657 χρῆναι
1768 1622 1875 1656 τρυφᾷν

1079 1666 1219 1701 διανέμει,
1247 1667 1295 1693 καὶ
1319 1667 1491 1702 ὲνσπαταλᾷν
1518 1667 1630 1701 ἀγαθοῖς
1667 1668 1723 1698 τοῖς
1760 1667 1874 1694 ἄνωθεν.

1079 1712 1235 1748 Γέγραπται
1251 1712 1316 1748 γὰρ,
1329 1713 1369 1739 ὅτι
1382 1721 1391 1738 ι
1409 1714 1446 1739 Οὐ
1464 1713 1654 1748 λιμοκτονήσει
1669 1713 1770 1748 Κύριος
1785 1712 1876 1748 ψυχὴν

1077 1756 1194 1790 δικαίου,
1211 1757 1283 1793 ζωὴν
1297 1758 1326 1784 δὲ
1342 1758 1449 1785 ἀσεϐῶν
1467 1758 1622 1794 ἀνατρέψει.
1643 1768 1652 1784 ι

1119 1804 1320 1838 Ἐσκίρτησαν
1327 1804 1473 1838 δαμάλεις
1485 1804 1534 1831 ἐπὶ
1546 1804 1610 1837 ταῖς
1621 1804 1751 1838 φάτναις
1762 1803 1873 1836 αὐτῶν,

1075 1850 1294 1884 ἠφανίσθησαν
1321 1849 1486 1884 θησαυροὶ,
1506 1850 1748 1884 κατεσκάφησαν
1772 1850 1873 1883 ληνοὶ,

1077 1897 1121 1923 ὅτι
1151 1896 1301 1931 ἐξηράνθη
1331 1897 1425 1930 σῖτος.
1455 1898 1486 1924 Τί
1509 1896 1707 1932 άποθήσομεν
1738 1896 1873 1929 ἐαυτοῖς;

1075 1943 1234 1970 ἔκλαυσαν
1243 1943 1393 1976 βουκόλια
1403 1942 1499 1977 βοῶν,
1522 1943 1566 1970 ὅτι
1583 1944 1640 1977 οὐχ
1659 1942 1780 1977 ὑπῆρχε
1794 1943 1873 1977 νομὴ

1075 1989 1188 2023 αὐτοῖς,
1203 1990 1251 2017 καὶ
1269 1989 1305 2016 τὰ
1317 1990 1442 2024 ποίμνια
1455 1989 1515 2017 τῶν
1530 1989 1685 2024 προϐάτων
1698 1989 1871 2024 ἠφανίσθη-

1077 2044 1147 2062 σαν.

1112 2082 1161 2110 ΙΓ¹.
1179 2082 1233 2109 Καὶ
1247 2083 1303 2114 τοῖς
1314 2082 1422 2116 ἀλόγοις
1433 2081 1487 2108 τῶν
1500 2081 1578 2114 ζώων
1596 2080 1652 2108 ἔσθ’
1670 2081 1715 2108 ὅτε
1729 2081 1810 2114 λόγον
1825 2089 1871 2108 πε-

1078 2128 1212 2164 ριτίθησιν
1226 2130 1242 2164 ἡ
1264 2128 1445 2160 θεόπνευστος
1467 2128 1564 2164 Γραφὴ
1576 2148 1583 2159 ,
1598 2127 1648 2159 τὰς
1673 2127 1729 2154 τῶν
1745 2127 1869 2163 πράξεων

235 2171 321 2193 tutam
339 2175 427 2195 rcrum
444 2168 534 2202 lepore
559 2169 676 2203 quodam
697 2174 724 2197 et
754 2171 901 2198 festivitate
929 2172 1025 2199 distin-

1080 2178 1171 2211 φύσεις
1183 2178 1223 2208 είς
1234 2177 1266 2203 τὸ
1288 2177 1384 2213 εὖχαρί
1404 2185 1433 2203 τε
1457 2177 1504 2203 καὶ
1521 2176 1637 2207 ἀστείως
1660 2175 1722 2210 ἔχον
1739 2175 1870 2209 ἐντέχνως

234 2219 330 2245 gneus,
344 2216 371 2239 et
385 2212 462 2247 quasi
483 2213 612 2240 moralem
624 2221 716 2241 eorum
732 2216 912 2243 oeconomiam
923 2217 1025 2245 descri-

235 2256 310 2290 bens,
336 2264 395 2291 quae
421 2265 469 2284 nos
507 2258 654 2293 intelligere
687 2267 735 2294 par
755 2265 806 2287 est.
837 2261 937 2290 Deinde
961 2265 1025 2299 quid

235 2301 343 2335 mirum,
358 2302 462 2329 etiamsi
486 2302 568 2328 vitula
594 2303 699 2330 dicatur
733 2304 877 2340 aliquando
907 2308 1022 2337 saltasse

233 2347 393 2382 ﬂevisseqne
409 2352 530 2374 armenta
553 2347 651 2376 boum?
674 2350 873 2380 lntolerandum
900 2354 1022 2383 enim‘in
1039 2351 1061 2379 Ι)

234 2392 342 2419 modum
358 2392 428 2419 fame
451 2393 653 2427 premebantur.
674 2395 756 2424 Forte
770 2398 841 2425 enim
858 2399 1024 2429 exsiliissent

233 2443 261 2464 cl
278 2438 424 2465 lamentata
439 2443 530 2465 essent
551 2439 611 2474 ipsa
628 2448 702 2475 arva,
721 2442 743 2470 si
758 2451 839 2478 quam
865 2446 1021 2482 intelligen-

235 2485 277 2511 lize
307 2489 411 2518 partem
427 2484 619 2514 habuissent.«
638 2487 763 2524 Dissipati
790 2496 852 2518 sunt
878 2493 1020 2528 thesauri,

233 2529 330 2564 inquit,
346 2535 373 2557 et
399 2530 512 2558 suffossa
539 2533 702 2568 toreularia;
720 2544 729 2561 ›
761 2537 869 2571 penitus
899 2540 1020 2575 neglecta

232 2575 357 2610 forsitan,
372 2577 442 2612 quod
457 2577 522 2604 nihil
537 2585 571 2606 ex
595 2581 667 2615 agris
684 2581 874 2618 colligeretur;
890 2586 937 2612 sed
963 2585 1018 2613 falx

232 2622 318 2648 otiosa
334 2629 406 2650 esset
439 2623 473 2651 ad
498 2624 603 2653 botrum
632 2627 658 2655 in
679 2629 767 2662 vinea,
793 2630 867 2664 spica
889 2632 916 2659 in
947 2633 1019 2668 agris

232 2671 324 2701 utpote
341 2675 485 2704 prostrata,
500 2672 630 2705 arnisset,
647 2681 696 2701 nec
712 2676 746 2702 ad
762 2677 944 2704 maturitatem
960 2686 1020 2712 per-

232 2713 359 2742 venisset.
375 2716 435 2744 ldeo
447 2717 494 2750 ait,
513 2727 523 2744 ι
540 2718 609 2751 Quid
627 2727 790 2754 reponemus
815 2723 912 2750 nobis?
923 2733 934 2750 ι
949 2723 1017 2758 Quia

232 2764 334 2795 autem,
349 2766 378 2790 ut
401 2763 478 2797 dicit,
492 2772 552 2793 cum
573 2766 706 2794 lructibus
727 2768 887 2804 mitioribus,
904 2775 932 2798 et
955 2771 1019 2806 ipsa:

279 2849 290 2866 ⁹
305 2849 381 2880 Joan.
399 2859 435 2883 vr.
451 2853 496 2880 53.
535 2853 557 2869 '°
571 2853 649 2884 Joan.
666 2864 702 2883 xu

231 2891 274 2919 ιιι,
287 2885 329 2913 l5.
367 2887 389 2904 ⁸⁵
402 2887 482 2921 Prov,
501 2896 526 2923 ιι,
548 2889 574 2916 5.

1075 2223 1307 2255 διαποικίλλουσα,
1320 2223 1366 2250 καὶ
1379 2219 1434 2249 οἷον
1445 2223 1473 2249 ὲν
1487 2222 1552 2248 εῖδει
1571 2221 1717 2256 γράφουσα
1737 2222 1787 2252 τὰς
1801 2221 1866 2246 οἰκο-

1075 2270 1181 2304 νομίας,
1197 2267 1234 2296 ὧν
1247 2269 1279 2296 ἂν
1294 2269 1393 2304 πρέποι
1414 2269 1494 2295 νοεῖν,
1513 2266 1579 2294 Εἶτα
1601 2267 1628 2294 τί
1648 2267 1754 2302 θαῦμα,
1779 2266 1830 2294 κᾶν
1846 2267 1868 2292 εί

1074 2315 1190 2351 δάμαλις
1204 2314 1309 2349 λέγοιτο
1321 2314 1481 2349 διασκιρτᾷν
1490 2313 1581 2348 τυχὸν,
1595 2312 1712 2339 κλαῦσαι
1728 2321 1758 2338 τε
1776 2311 1868 2347 βουκό-

1075 2361 1120 2388 λια
1138 2361 1224 2396 βοῶν;
1257 2361 1415 2396 Ἀφορήτως
1441 2359 1496 2395 γὰρ
1523 2358 1593 2386 αὐτὰ
1612 2357 1809 2390 κατεπιέζοντο
1831 2357 1868 2392 τῷ

1075 2406 1155 2442 λιμῷ.
1175 2406 1251 2441 Τάχα
1268 2415 1327 2438 πως
1340 2406 1387 2432 καὶ
1401 2406 1600 2441 ἀνεσκίρτησαν
1613 2405 1656 2436 ἀν,
1671 2404 1720 2430 καὶ
1738 2404 1869 2438 τεθρηνή-

1074 2461 1154 2480 κασιν
1168 2453 1257 2488 ἀγροὶ,
1276 2453 1356 2487 εἴπερ
1370 2449 1404 2487 ἦν
1421 2451 1512 2483 αὐτοῖς
1526 2451 1654 2486 αἴσθησις
1669 2450 1726 2476 τῶν
1740 2451 1868 2483 ἐπενηνε-

1073 2498 1191 2533 γμένων.
1228 2497 1390 2533 Ἦφανίσθαι
1406 2497 1434 2524 δέ
1458 2505 1524 2532 φησι
1540 2496 1695 2531 θησαυροὺς
1706 2515 1715 2528 ,
1733 2495 1783 2522 καὶ
1799 2502 1866 2520 κατ-

1074 2544 1207 2578 εσκάφθαι
1218 2543 1325 2578 ληνοὺς,
1345 2543 1473 2578 οὐδεμιᾶς
1488 2551 1540 2569 που
1551 2541 1623 2577 τάχα
1633 2540 1776 2576 φροντίδος
1785 2540 1866 2575 ἠξιω-

1070 2590 1176 2626 μένους,
1195 2589 1239 2615 διά
1254 2597 1295 2615 τοι
1308 2589 1339 2615 τὸ
1352 2588 1435 2624 μηδὲν
1451 2589 1481 2621 ἐξ
1489 2587 1582 2623 ἀγρῶν
1597 2585 1791 2620 συλλέγεσθαι,
1800 2585 1865 2612 ἀλλά

1068 2635 1205 2671 δρεπάνην
1220 2635 1268 2671 μὲν
1281 2636 1432 2671 ἀπρακτεῖν
1443 2635 1493 2670 τὴν
1507 2635 1536 2661 ὲν
1549 2633 1666 2669 ἀμπέλῳ
1690 2634 1739 2660 καὶ
1755 2632 1849 2668 βότρυῖ
1858 2651 1865 2663 ,

1070 2682 1151 2717 ξηρὴν
1166 2681 1194 2709 δὲ
1211 2682 1258 2708 καὶ
1286 2680 1502 2717 ἅτελεσφόρητον
1517 2681 1573 2712 τοῖς
1596 2680 1692 2715 ἀγροῖς
1717 2679 1865 2706 ἑπικλίνειν

1069 2727 1114 2754 τὸν
1131 2728 1240 2762 στάχυν.
1254 2727 1347 2763 Ταύτῃ
1359 2727 1425 2762 φησι
1436 2735 1443 2742 ο
1461 2725 1509 2753 «Τί
1523 2725 1699 2760 ἀποθήσομεν
1714 2725 1839 2755 tabente;
1853 2732 1860 2748 ι

1071 2773 1131 2799 Ὀτι
1145 2773 1182 2806 δὲ,
1197 2773 1234 2805 ὡς
1247 2773 1326 2809 ἔφην,
1336 2774 1392 2805 τοῖς
1403 2773 1457 2800 τῶν
1469 2771 1586 2808 καρπῶν
1597 2771 1714 2806 ἡμέροις
1725 2771 1774 2797 καὶ
1783 2769 1862 2798 αὐτοὶ

707 2877 714 2889 ,
731 2857 781 2890 τι,
796 2857 842 2886 '25.
880 2859 912 2875 “‘
933 2858 1017 2888 Eccli.

1080 2881 1085 2893 ,
1103 2860 1146 2888 20.
1185 2862 1206 2877 “
1224 2861 1290 2889 Dan.
1304 2869 1344 2895 tu,
1365 2861 1408 2888 38.
1448 2860 1471 2877 ‘"
1488 2859 1583 2888 Matth.
1599 2867 1636 2892 Iv,
1655 2859 1682 2887 4.
1724 2859 1748 2875 ⁸³
1760 2857 1781 2886 ll
1796 2857 1858 2886 Cor.
