1919 3042
75 148 122 177 353

524 154 800 183 COMMENTARIUS
820 155 854 183 IN
873 155 1004 184 JOELEM
1027 157 1250 187 PROPHETAM.

1659 168 1712 196 εει

75 204 277 256 sumo-libum?
291 208 320 234 αἱ
331 207 384 243 τῆς
402 210 506 246 ἐρήμου
524 212 598 245 πόαι,
612 213 773 249 καθίστησιν
785 215 865 250 ¹ἐναρ-

919 215 1073 245 solitudinis
1099 218 1189 245 herbae
1212 219 1361 252 perierunt,
1381 220 1490 255 sulijicil
1511 222 1596 256 clare,
1621 225 1711 252 ovium

74 250 125 283 τέςι
147 250 300 284 ἠφανίσθαι.
327 253 417 288 λέγων
443 257 491 283 καὶ
513 258 583 284 αὐτὰ
600 258 655 285 τῶν
675 259 820 294 προϐάτων
833 260 867 287 τὰ

920 269 1014 297 greges
1040 263 1188 297 interiisse,
1206 265 1277 293 fame
1300 271 1411 295 enectos
1430 268 1559 298 funditus.
1582 277 1711 298 consueto

74 295 190 330 ποίμνια,
205 295 283 331 λιμῷ
307 299 421 332 πάντως
442 303 667 339 κατεφθαρμένα.
683 305 730 331 καὶ
744 306 793 340 τῆς
806 314 869 333 συν-

73 341 149 376 ήθους
157 343 204 368 καὶ
216 343 387 381 φιλαιτάτης
397 348 489 379 αὐτοῖς
497 349 668 384 ἐστερημένοι
676 349 757 386 ζωῆς.
770 352 869 386 Ἐφαρ-

75 388 145 423 pem
160 388 188 414 δὲ
204 389 253 415 καὶ
267 390 359 418 ταῦτα
371 393 460 427 σοφῶς
473 395 533 426 ταῖς
555 395 689 422 Ἰουδαίων
701 399 866 432 συμφοραῖς,

71 435 94 461 οἳ
108 436 345 470 πεπειρῳνὴκασιν
357 439 398 469 εἰς
412 439 539 474 Χριστόν.
628 454 644 466 .-

102 480 180 513 Πρὸς
190 480 240 513 σὲ,
256 482 357 516 Κύριε,
366 484 530 519 βοήσομαι,
541 486 586 512 ὅτι
600 486 660 521 πῦρ
674 488 816 522 ἀνήλωσε
830 490 867 517 τὰ

70 526 156 560 ὡραῖα
165 526 222 561 τῆς
229 528 354 563 ἐρήμου,
369 530 417 557 καὶ
427 531 506 565 φλὸξ
517 532 617 566 ἀνῆψε
630 533 728 561 πάντα
741 535 778 561 τὰ
788 535 867 567 ξύλα

70 572 119 600 τοῦ
139 573 247 607 ἀγροῦ,
263 575 314 602 καί
339 577 377 603 τὰ
394 577 489 611 κτήνη
502 578 555 605 τοῦ
567 579 672 607 πεδίου
692 581 866 616 ἀνέϐλεψαν

70 618 142 652 πρρς
157 619 207 650 σὲ,
223 620 269 647 ὅτι
286 620 502 657 ἐξηράνθησαν
521 624 645 658 ἀφέσεις
674 626 800 659 ὑδάτων,
816 627 866 654 καὶ

70 665 126 698 πῦρ
137 665 290 700 κατέφαγε
303 667 338 694 τὰ
351 668 407 701 τῆς
422 669 543 704 ἐρήμου.

101 711 151 738 LV.
168 712 266 747 Ὡραῖα
280 713 330 748 μὲν
343 714 392 749 τῆς
404 715 508 750 ἐρήμου
520 717 588 752 φησὶ
598 716 633 744 τὰ
643 718 671 745 ἐν
683 719 785 751 πεδίοις
794 721 864 755 τάχα

68 766 117 784 ⁴που
133 759 191 790 τοῖς
206 759 352 794 ἀνηράτοις
362 761 522 796 αὐτομάτως
539 763 715 799 ἀναφυόμενα
727 773 735 781 ⁸
749 765 815 797 ξύλα
832 775 864 801 γε

70 803 119 838 μὴν
131 804 180 830 τοῦ
192 804 292 840 ἀγροῦ,
308 807 343 832 τὰ
353 807 382 832 ὲν
399 807 496 842 κήποις
510 808 559 835 καὶ
573 810 746 845 παραδείσοις
765 812 863 848 εὐγενῆ

68 848 257 884 βλαστήματα,
273 851 321 877 καὶ
334 853 394 883 ταῖς
407 852 437 884 ἐξ
449 852 528 889 ὡρῶν
538 854 704 890 εὖκαρπίαις
720 858 862 892 περιανθί-

919 311 946 334 et
966 308 1122 341 gratissimo
1149 310 1268 344 ipsorum
1288 313 1358 340 victu
1382 315 1512 348 privatos.
1545 316 1606 344 Hier:
1630 326 1712 354 porro

919 361 972 380 non
1001 354 1096 382 inscite
1121 355 1154 382 ad
1178 356 1329 386 Judaeorum
1357 361 1525 390 calamitates
1551 364 1704 392 trahentur-

919 399 965 434 qui
982 399 1118 428 Christum
1136 402 1239 437 injuriis
1255 412 1429 434 vexavernnt.

953 487 1036 515 Vens.
1054 489 1097 522 19,
1110 489 1154 516 20.
1171 490 1212 517 All
1233 495 1266 524 te,
1288 492 1410 527 Domine,
1429 495 1558 529 clamabo,
1584 499 1708 532 quoniam

919 534 988 569 ignis
1013 537 1174 570 consumpsit
1189 538 1306 569 speciosa
1320 539 1424 573 deserti,
1441 546 1464 568 et
1476 543 1584 575 ﬂamma
1603 553 1708 571 atteten-

917 581 955 607 dit
971 582 1060 608 omnia
1074 581 1147 617 ligna
1166 584 1235 618 agri,
1249 589 1272 611 et
1292 587 1414 620 jumenta
1435 589 1520 620 campi
1537 597 1707 624 suspexerunt

916 628 950 653 ad
965 631 1000 661 te,
1016 629 1142 662 quoniam
1165 630 1290 664 arefacta?
1311 637 1371 658 sunt
1391 634 1541 661 emissiones
1567 644 1705 670 aquarum,

916 678 940 700 et
952 675 1018 708 ignis
1032 676 1161 702 devoravit
1176 677 1294 710 speciosa
1310 679 1416 705 deserti.

951 720 1020 747 XIV.
1038 721 1166 755 Speciosa
1190 723 1290 750 deserti
1308 724 1425 756 appellat
1447 724 1570 757 fortasse,
1595 735 1653 761 quae
1680 728 1704 754 in

915 766 1019 801 campis
1041 775 1092 794 non
1115 767 1199 795 aratis
1218 773 1314 803 sponte
1339 776 1515 798 enascuntur.
1531 771 1614 807 Ligna
1643 781 1706 800 vero

915 812 984 846 agri,
1003 812 1143 839 hortorum
1158 819 1185 840 et
1200 808 1391 842 viridariorum
1406 817 1505 844 nobilia
1525 818 1646 852 germina
1657 839 1665 851 ,
1679 823 1707 846 et

916 858 1074 892 tempestiva
1107 859 1242 886 fructuum
1282 863 1357 896 copia
1378 862 1574 890 circumornari
1615 863 1704 891 solita.

67 894 158 926 ζετθαι
170 897 325 930 πεφυκότα.
342 897 435 925 Ταῦτα
449 898 477 925 δὲ
492 900 520 925 ὲν
535 899 600 926 εῖδει
617 902 703 937 πυρὸς
719 903 863 939 κατεδηδο-

915 901 977 929 llzec
996 902 1067 929 velut
1085 903 1173 938 ignem
1194 906 1338 932 devorasse
1361 908 1555 940 propemodum
1573 908 1705 935 bruchum

67 941 141 967 κέναι
167 942 252 976 φησιν
279 944 422 980 μονονουχὶ
451 945 566 981 βροῦχόν
590 956 621 973 τε
649 948 696 974 καὶ
719 950 858 985 ἐρυσίϐην.

67 987 184 1014 Ποιείται
201 988 231 1014 δὲ
248 990 393 1024 χρησίμως
417 991 466 1026 τὴν
484 992 552 1027 πρὸς
568 993 634 1020 Θεὸν
659 995 741 1030 εὐχὴν
753 996 861 1023 ἐκτενέ-

66 1040 158 1066 “nec,
170 1032 318 1066 διδάσκων,
335 1035 373 1067 ὼς
387 1036 487 1071 ἥκιστα
501 1038 551 1072 μὲν
566 1039 631 1075 παρ’
651 1040 744 1075 ἐτέρου
769 1041 860 1076 ζητεῖν

65 1078 152 1113 δεήσει
176 1079 229 1114 τῆς
248 1083 391 1116 συμφορᾶς
414 1082 463 1118 τὴν
486 1084 648 1118 ἀπόστασιν,
667 1087 815 1122 προσάγειν
831 1087 860 1113 δὲ

67 1124 135 1160 μόνῳ
149 1125 192 1160 τῷ
207 1126 306 1158 σώζειν
321 1128 438 1162 ἰσχύοντι
450 1129 499 1162 τὰς
518 1130 603 1164 λιτὰς,
618 1132 664 1158 καὶ
680 1132 717 1164 ὡς
731 1133 759 1166 ἐξ
774 1133 860 1168 ὀργῆς

65 1172 194 1206 ἐπάγοντι
203 1173 240 1199 τὰ
256 1174 423 1201 καταλυπεῖν
440 1176 563 1204 εἰωθότα.
579 1178 624 1213 Μὴ
641 1178 694 1214 γὰρ
708 1179 740 1214 δὴ
760 1179 859 1215 χρῆναι

66 1218 173 1250 φωνεῖν
188 1215 218 1243 εὖ
231 1218 304 1252 μάλα
314 1219 396 1254 φησὶν
410 1221 569 1255 αὐτομάτως
580 1223 715 1257 συμϐῆναι
726 1223 761 1249 τὰ
771 1224 858 1250 τοιάδε

65 1261 115 1287 τῶν
131 1262 240 1295 κακῶν,
258 1264 439 1299 ἐπενηνέχθαι
453 1265 481 1291 δὲ
500 1266 600 1300 μᾶλλον
612 1267 650 1299 ὠς
666 1269 698 1294 ὲκ
714 1268 793 1295 θείων
810 1270 859 1295 αὺ-

65 1308 118 1338 τοῖς
135 1308 312 1343 μηνιμάτων,
339 1310 387 1337 καὶ¹
411 1311 490 1337 τοῦτο
507 1312 588 1344 αὐτὸς
605 1314 671 1349 ἡμῖν
693 1315 708 1340 ὁ
724 1315 778 1340 τῶν
791 1315 859 1342 ὅλων

65 1352 127 1384 Θεὸς
142 1353 190 1380 διὰ
205 1355 299 1390 φωνῆς
316 1355 410 1391 ἑτέρου
425 1357 566 1393 προφήτου
593 1359 690 1393 φησίν·
707 1369 717 1386 ‹
734 1360 766 1386 Εἰ
783 1360 859 1387 ἔσται

67 1398 147 1425 κακία
163 1400 194 1426 ὲν
209 1400 297 1432 mihi,
312 1401 347 1436 ἡν
365 1402 468 1438 Κύριος
490 1404 539 1430 οὑκ
556 1405 694 1439 ἐποίησεν,
711 1415 720 1431 ι
741 1405 779 1432 Οὑ
804 1405 859 1441 γὰρ

66 1444 97 1471 ἂν
109 1444 256 1484 γένοιτὲγτι
272 1446 326 1473 τῶν
340 1448 442 1474 κακοῦν
453 1448 588 1477 εἰωθότων
606 1450 708 1483 πόλεις,
726 1451 741 1486 ἤ
756 1451 857 1488 χώρας,

65 1489 78 1516 ὂ
91 1491 240 1525 πράττοιτο
257 1491 291 1518 ἂν
304 1492 342 1528 μὴ
353 1488 403 1520 οὐκ
417 1495 538 1528 ὲφιέντος
549 1495 628 1523 Θεοῦ.
641 1497 725 1529 Σώζει
744 1498 798 1534 γὰρ
812 1498 859 1530 οὓς

65 1536 97 1562 ἂν
109 1536 210 1570 ἕλοιτο,
227 1538 275 1564 καὶ
285 1538 451 1566 ἀπαλλάττει
462 1541 564 1569 κακῶν.
584 1543 738 1570 Ἀναπείθει
751 1541 796 1571 οὖν
804 1544 858 1571 τῶν

65 1582 259 1618 λελυπηκότων
275 1585 326 1620 τὴν
340 1585 416 1612 λύσιν
432 1586 524 1621 ζητεῖν
540 1589 616 1624 παρὰ
638 1589 717 1622 Θεοῦ,
735 1591 859 1625 ῥιπτοῦν-

64 1637 112 1660 τας
130 1630 243 1665 μακρὰν
256 1631 287 1657 τό
308 1639 340 1665 γε
358 1631 462 1660 οἴεσθαι
476 1633 532 1660 δεῖν
548 1633 599 1669 τῆς
612 1635 666 1661 τῶν
676 1635 860 1672 ψευδωνύμων

65 1674 140 1700 θεῶν
160 1675 264 1711 χειρὸς,
279 1676 326 1703 καὶ
340 1677 502 1714 ἐπικουρίας
518 1678 660 1714 δεδεῆσθαι
680 1680 714 1707 τὰ
737 1681 797 1707 κατ’
811 1681 861 1708 αὑ-

65 1720 136 1751 τούς.
152 1728 162 1745 ί
178 1720 384 1756 Ἐξηράνθησαν
401 1721 445 1754 δὲ,
465 1724 564 1758 φησὶν,
585 1724 698 1758 ἀφέσεις
722 1725 835 1754 ὑδάτων.
846 1735 856 1752 ι

71 1765 164 1792 Ὑετοῦ
179 1766 235 1801 γὰρ
243 1767 293 1793 οὐκ
302 1767 429 1803 ἇρδοντος
438 1768 487 1804 τὴν
498 1769 561 1804 γῆν,
575 1770 741 1806 καθιεμένης
751 1771 779 1798 δὲ
791 1771 859 1807 πρὸς

64 1811 151 1847 τούτῳ
170 1812 223 1847 τῆς
239 1813 380 1848 ἐρυσίϐης,
396 1813 603 1851 ὲξωπλισμένης
618 1816 647 1843 δὲ
665 1817 712 1843 καὶ
735 1817 857 1852 ἁκρίδος,

65 1858 110 1884 καὶ
125 1857 243 1894 βρούχου
262 1858 411 1894 πηδῶντος,
427 1860 474 1887 καὶ
497 1860 611 1897 κάμπης
631 1862 780 1898 ἑρπούσης,
799 1863 858 1895 πῶς

63 1903 95 1930 ἂν
113 1904 270 1939 ἀμφίϐολον
295 1902 329 1939 ἦν
347 1905 384 1937 ὡς
399 1905 508 1938 πάντως
533 1907 634 1942 οἴχοιτο
656 1907 689 1934 ἂν
716 1909 808 1941 αὐτοῖς
823 1909 858 1936 τὰ

64 1950 177 1986 ζωαρκῆ
198 1950 323 1986 πρὸςκτὺ
344 1951 441 1986 μηδέν;
466 1952 728 1989 Καταφθειρομένης
753 1954 781 1980 δὲ
809 1955 858 1982 καὶ

63 1995 143 2028 πόας,
159 1997 238 2023 πᾶσά
262 2005 321 2028 πως
336 1996 442 2032 ἀνάγκη
457 1997 504 2024 καὶ
514 1998 600 2033 κτήνη
616 1998 714 2025 παθεῖν
735 1998 782 2026 τὸν
798 1999 857 2026 ὄλε-

64 2042 137 2078 θρον.
676 2052 679 2055 ‘

103 2096 191 2132 Φαίην
200 2095 222 2122 δ’
231 2096 276 2129 ἂν,
284 2096 325 2123 ὅτι
333 2097 403 2132 τάχα
413 2106 464 2124 που
475 2097 522 2124 καὶ
536 2098 684 2131 Ἰουδαίοις,
693 2099 722 2125 ὲν
732 2099 857 2134 ἐσχάτοις

64 2142 108 2168 τος
124 2142 223 2173 αἰῶνος
242 2143 350 2178 καιροῖς
365 2143 561 2178 ἐπιστρέφουσι
573 2144 642 2179 πρὸς
662 2144 738 2176 Θεὸν,
755 2145 856 2180 πρέποι

65 2188 98 2214 ἂν
112 2190 201 2215 εἰπεῖν
216 2189 267 2220 τὰς
282 2189 390 2216 τοιάσδε
410 2189 512 2224 φωνὰς,
531 2191 591 2221 ταῖς
615 2190 668 2216 τῶν
689 2190 800 2225 ἀγαθῶν
814 2191 857 2216 ὲν-

871 1570 893 1598 (Σ

912 953 938 975 et
959 949 1108 983 rubiginem
1128 955 1261 978 autumat.
1288 951 1475 980 lntensissime
1503 958 1593 980 autem
1620 953 1704 981 Deum

911 999 1048 1028 precatur,
1074 1000 1101 1022 et
1135 996 1246 1028 utiliter,
1265 997 1355 1024 dicens
1388 998 1498 1025 minime
1520 999 1589 1033 apud
1621 999 1703 1026 alium

910 1040 1082 1074 quaerendam
1106 1042 1289 1076 depulsionem
1309 1044 1481 1077 calamitatis,
1498 1050 1526 1071 et
1538 1045 1586 1072 soli
1601 1045 1711 1080 suppli?

911 1085 1024 1111 cundum
1055 1085 1104 1118 illi,
1118 1086 1162 1120 qui
1180 1087 1294 1114 salutem
1323 1087 1419 1115 :iﬁ'erre
1437 1093 1534 1122 potest,
1557 1093 1584 1116 et
1614 1089 1702 1117 iratus

912 1130 1051 1163 repellere,
1067 1138 1125 1164 quae
1139 1132 1237 1159 habere
1252 1132 1400 1160 molestiam
1415 1140 1622 1162 consueverunt.
1640 1135 1700 1163 Non

910 1175 982 1202 eiiim
1002 1177 1190 1210 cogitandum,
1213 1183 1240 1204 et
1261 1183 1335 1206 recte
1356 1187 1433 1212 sane,
1465 1180 1617 1214 huiusmodi
1633 1181 1701 1207 mala

911 1228 959 1255 per
979 1229 1008 1249 se
1027 1223 1194 1256 contingere,
1213 1224 1259 1250 sed
1274 1231 1308 1251 ex
1325 1225 1363 1251 ira
1382 1225 1470 1252 divina
1485 1226 1573 1259 potius
1589 1225 1701 1259 inferri;

912 1267 937 1294 id
950 1268 1021 1302 quod
1039 1268 1115 1295 nobis
1133 1269 1321 1296 universorum
1336 1270 1463 1298 Dominus
1485 1279 1531 1306 per
1546 1280 1577 1299 os
1591 1273 1704 1301 alterius

910 1314 1048 1348 propheta!
1063 1314 1143 1349 213
1155 1314 1255 1341 indicat
1266 1324 1273 1342 :
1286 1324 1295 1340 ι
1314 1315 1342 1342 Si
1358 1317 1410 1342 erit
1430 1317 1528 1344 malum
1542 1318 1567 1345 in
1580 1318 1701 1352 civitate.

909 1359 980 1393 quod
996 1366 1048 1385 non
1069 1359 1133 1386 fecit
1157 1360 1285 1388 Dominus
1298 1361 1347 1387 ⁸⁸.»
1364 1361 1442 1389 Haud
1463 1363 1534 1390 enim
1556 1364 1702 1399 quidquam

909 1413 1002 1432 eorum
1016 1404 1113 1440 quibus
1127 1406 1248 1434 civitates
1261 1411 1287 1433 et
1310 1409 1434 1442 regiones
1460 1408 1626 1444 afﬂiguntur,
1648 1410 1704 1438 Deo

910 1457 962 1476 non
979 1450 1139 1477 imminente
1155 1451 1285 1478 evenerit.
1301 1451 1400 1479 Servat
1416 1453 1488 1480 enim
1501 1461 1567 1488 quos
1585 1455 1660 1489 vult,
1675 1461 1703 1483 et

911 1496 1042 1524 malorum
1069 1497 1202 1524 immunes
1223 1498 1320 1524 reddit.
1337 1497 1440 1526 Suadet
1459 1499 1541 1534 igitur
1561 1502 1703 1535 propheta,

910 1549 1002 1569 eorum
1025 1550 1084 1576 qua:
1100 1547 1196 1570 nocent
1214 1543 1348 1578 repulsam
1368 1551 1382 1571 a
1395 1544 1449 1571 Deo
1471 1549 1573 1580 petere,
1594 1549 1703 1582 opinio-

911 1595 946 1615 ne
985 1587 1030 1615 illa
1042 1588 1134 1622 procul
1152 1588 1249 1622 ejecta,
1267 1589 1394 1616 falsorum
1411 1590 1521 1618 deorum
1539 1599 1617 1626 opem
1645 1601 1702 1621 ma-

911 1641 973 1660 num
997 1638 1024 1662 et
1041 1634 1170 1661 auxilium
1186 1635 1212 1662 in
1229 1635 1286 1662 suis
1303 1635 1383 1663 rebus
1401 1636 1452 1663 sibi
1469 1643 1529 1664 esse
1553 1638 1701 1673 imploran-

910 1681 999 1708 dum.¢
1014 1679 1146 1709 Arel'acue
1161 1686 1234 1715 sunt,
1252 1681 1350 1716 inquit,
1365 1682 1524 1711 emissiones
1538 1691 1698 1718 aquarum.)

908 1726 1002 1754 Pluvia
1017 1727 1115 1762 quippe
1127 1732 1226 1754 terram
1240 1735 1292 1755 non
1309 1728 1450 1763 irrigante,
1462 1734 1490 1756 et
1502 1730 1620 1758 immissa
1634 1738 1704 1765 prae-

911 1777 982 1800 terea
1003 1773 1138 1809 rubigine,
1152 1778 1256 1801 armata
1273 1774 1337 1801 item
1353 1774 1468 1806 locusta,
1482 1779 1509 1801 et
1525 1776 1628 1803 brucho
1648 1776 1703 1804 sal-

909 1824 993 1854 tante,
1009 1824 1036 1848 et
1050 1827 1130 1848 eruca
1153 1825 1273 1855 repente,
1287 1820 1397 1855 quinam
1417 1820 1526 1847 dubium
1547 1826 1617 1855 erat,
1636 1823 1700 1857 quin

910 1867 976 1901 ipsis
992 1867 1054 1894 vita;
1086 1867 1268 1894 sustentandae
1300 1866 1452 1893 necessaria
1471 1867 1589 1900 perirent
1609 1867 1701 1894 fundi-

909 1909 971 1936 tus?
989 1908 1076 1936 Herba
1091 1914 1180 1936 autem
1192 1910 1355 1942 intereunte,
1366 1917 1475 1944 prorsus
1486 1914 1512 1937 et
1521 1909 1644 1945 jumenta
1657 1912 1700 1939 in—

909 1956 992 1984 terire
1007 1963 1117 1984 necesse
1132 1959 1184 1985 est.

943 2103 1061 2130 Dixerim
1081 2110 1171 2137 porro,
1186 2103 1302 2131 fortasse
1316 2111 1331 2131 a
1348 2103 1458 2136 Iudaeis,
1474 2104 1604 2132 extremis
1618 2111 1698 2131 mun-

909 2149 934 2176 di
961 2149 1129 2184 temporibus
1142 2149 1175 2176 ad
1190 2149 1330 2176 Dominum
1348 2150 1544 2178 revertentibus
1567 2151 1699 2178 bonormn

909 2195 998 2230 inopia
1021 2195 1122 2230 pressis
1135 2201 1163 2222 et
1186 2195 1368 2229 ejulantihus,
1394 2202 1454 2231 apte
1474 2197 1525 2224 dici
1546 2205 1625 2232 posse
1652 2199 1700 2225 has

65 2235 147 2267 δείαις
163 2235 398 2270 ὲντεθλιμμένοις,
413 2236 459 2263 καὶ
474 2236 684 2271 κατοιμώξουσι.
699 2237 856 2272 Δεδαπάνη-

913 2249 999 2269 roces.
1025 2240 1190 2275 Consumpta
1211 2245 1274 2268 sunt
1286 2241 1374 2274 enim,
1390 2242 1467 2276 quasi
1485 2243 1518 2270 ab
1533 2243 1604 2276 igne,
1629 2243 1700 2277 ipso-

65 2291 106 2308 ται
114 2281 169 2316 γὰρ
177 2282 272 2312 αὐτοῖς
285 2281 322 2313 ὼς
333 2281 386 2308 ὑπὸ
399 2281 485 2316 πυρὸς
496 2282 530 2308 τὰ
540 2283 580 2313 εἰς
592 2282 655 2308 νοῦν
667 2282 768 2316 ἀγαθὰ,
778 2283 860 2318 ἀκρίς

65 2336 92 2353 τε
105 2327 175 2354 αὑτά
190 2327 273 2362 νοητὴ
288 2326 462 2362 κατεδήδοκε,
474 2327 520 2353 καὶ
531 2327 720 2362 ἐξηράνθησαν
734 2327 858 2362 ἀφέσεις.

71 2372 238 2400 Ἐνετείλατο
252 2373 307 2408 γὰρ
323 2373 384 2404 ταῖς
401 2372 527 2407 νεφέλαις
546 2373 593 2399 τοῦ
616 2373 653 2409 μὴ
669 2372 764 2408 βρέξαι
782 2373 859 2400 ὑετὸν

65 2420 108 2446 ἐπὶ
117 2419 168 2454 τῆς
184 2419 248 2454 γῆς,
264 2419 336 2446 κατὰ
355 2418 386 2445 τὸ
399 2418 487 2453 γένος,
511 2419 557 2446 καὶ
578 2419 689 2453 γέγονεν
707 2419 808 2451 ἄϐατός
828 2428 858 2446 τε

66 2465 109 2491 καὶ
132 2464 250 2500 ἄνυδρος
266 2463 302 2499 γῆ
313 2484 320 2497 ,
337 2464 399 2500 ἣτις
411 2464 442 2490 οὺ
462 2465 701 2500 κατοικηθήσεται.
721 2465 815 2500 Ἦμῶν
827 2466 856 2492 δὲ

65 2508 93 2543 δὴ
117 2507 182 2544 πέρι
195 2507 252 2535 τῶν
270 2508 300 2535 ὲν
315 2508 406 2535 πίστει
431 2508 648 2544 δεδικαιωμένων
671 2509 857 2545 προανεφώνει

66 2554 137 2587 Θεὸς,
153 2553 265 2581 καὶτῶν
273 2554 319 2581 διὰ
329 2553 450 2590 Χριστοῦ
461 2555 640 2590 χαρισμάτων
652 2555 858 2590 ἀμφιλαφεστάη

60 2609 110 2635 -την
126 2600 239 2628 ἔσεσθαι
258 2600 309 2635 τὴν
334 2600 467 2636 χορηγίαν
492 2601 637 2636 ὑπεδήλου,
661 2601 759 2635 λέγων·
783 2611 793 2628 ι
811 2601 857 2628 Ἐν

65 2648 95 2681 τῇ
107 2647 200 2682 ἡμέρᾳ
213 2646 308 2682 ἐκείνῃ
319 2646 502 2679 ἁποοταλάξει
520 2646 554 2673 τὰ
568 2647 620 2682 ὅρη
629 2647 797 2682 γλυκασμὸν,
810 2648 857 2674 καὶ

65 2693 88 2719 οἱ
98 2693 188 2729 βουνοὶ
198 2693 347 2729 ῥυήσονται
361 2693 442 2727 γάλα,
457 2694 503 2720 καὶ
511 2694 597 2720 πᾶσαι
609 2694 636 2720 αἱ
649 2693 760 2728 ἀφέσεις
771 2693 857 2720 Ἰούδα

66 2739 210 2775 ῥυήςονται
226 2738 312 2765 ὕδατα
324 2759 332 2771 ,
348 2739 398 2765 καὶ
410 2739 486 2774 πηγὴ
500 2739 531 2772 ἐξ
542 2740 617 2767 οῐκου
630 2739 733 2775 Κυρίου
748 2739 855 2772 ἐξελεύ-

66 2794 148 2819 σεται,
160 2786 209 2813 καὶ
224 2785 316 2812 ποτιεῖ
327 2784 374 2811 τὸν
387 2785 556 2821 χειμάρρουν
569 2785 623 2813 τῶν
638 2786 760 2822 σχοίνων,
776 2795 786 2812 ι
800 2786 855 2813 Καὶ

97 2878 130 2895 ⁸⁸·
148 2880 232 2907 Amos
253 2886 296 2912 ιιι,
327 2876 356 2905 6.
395 2877 417 2893 ⁸³
434 2876 484 2906 isa.
505 2885 531 2912 v,
550 2878 577 2906 6.
615 2879 637 2895 ⁸⁸
666 2878 734 2907 Psal.
750 2886 814 2914 ιλιι,
836 2879 862 2906 5.

909 2295 968 2314 rnm
992 2287 1063 2315 bona
1081 2287 1176 2320 animi,
1189 2286 1292 2314 locusta
1308 2294 1368 2321 qua:
1383 2292 1475 2315 mente
1490 2289 1641 2324 concipitur
1654 2289 1698 2316 illa

908 2333 1060 2366 devoravit,
1073 2337 1101 2360 et
1112 2338 1277 2361 exaruerunt
1287 2333 1446 2361 emissiones
1457 2341 1602 2368 aquarum.
1620 2335 1697 2362 Man—

908 2379 982 2406 davit
994 2378 1066 2406 enim
1083 2378 1202 2406 nubibus
1216 2385 1249 2406 ne
1263 2377 1386 2413 pluerent
1410 2378 1524 2405 imbrem
1546 2386 1627 2413 super
1644 2386 1698 2406 lcr-

908 2432 978 2458 ram,
990 2432 1038 2460 pro
1061 2431 1137 2452 more
1148 2430 1176 2452 et
1192 2428 1289 2452 natura
1309 2431 1356 2451 sua
1370 2424 1405 2457 ⁸⁵,
1432 2428 1460 2451 et
1482 2424 1553 2452 facta
1565 2430 1607 2452 est
1626 2429 1698 2452 terra

907 2470 980 2498 invia
995 2475 1022 2498 et
1035 2470 1165 2505 inaquosa
1177 2470 1227 2503 ⁸⁸,ι
1244 2477 1303 2504 quae
1316 2477 1368 2496 non
1386 2468 1562 2496 habitabitur.
1585 2468 1622 2495 De
1649 2476 1700 2496 no-

908 2516 950 2543 bis
977 2520 1067 2543 autem
1084 2515 1111 2542 in
1126 2515 1179 2543 ﬁde
1192 2515 1350 2550 iustiﬁcatis
1365 2513 1555 2550 praenuntiavit
1571 2514 1652 2547 Deus,
1669 2518 1698 2541 et

907 2568 957 2597 per
972 2561 1109 2588 Clu-istum
1123 2568 1172 2588 nos
1183 2561 1355 2588 charismatis
1369 2560 1555 2596 copiosissime
1568 2559 1696 2587 donatum

910 2607 942 2634 iri
972 2607 1145 2641 signiﬁcavit,
1167 2606 1210 2633 his
1237 2606 1341 2634 verbis:
1358 2606 1406 2633 «In
1425 2605 1469 2632 illa
1486 2605 1529 2632 die
1558 2604 1698 2632 stillabant

908 2658 1014 2681 montes
1035 2652 1204 2680 dulcedinem
1213 2673 1221 2684 ,
1235 2656 1262 2679 et
1275 2651 1357 2679 colles
1370 2651 1454 2679 ﬂuent
1466 2651 1534 2678 lacte
1544 2660 1552 2683 ;
1563 2655 1591 2677 et
1602 2656 1696 2677 omnes

905 2698 1067 2727 emissiones
1096 2697 1163 2725 Juda
1201 2697 1283 2724 ﬂuent
1318 2697 1407 2731 aquis,
1425 2700 1452 2723 et
1473 2695 1532 2723 fons
1555 2695 1588 2722 de
1615 2694 1696 2721 domo

907 2744 1012 2771 Domini
1027 2743 1191 2779 egredietur,
1203 2748 1228 2770 et
1241 2741 1361 2776 irrigabit
1373 2745 1519 2768 torrentem
1535 2738 1691 2767 funium'm

905 2789 975 2823 Quin
1008 2794 1035 2817 et
1051 2789 1151 2816 aliter:
1174 2798 1184 2814 ι
1207 2788 1263 2824 Ego
1284 2787 1414 2816 Dominus
1433 2787 1521 2820 Deus;
1541 2794 1590 2822 ego
1612 2792 1695 2814 exau-

901 2879 923 2895 ⁸⁷
947 2877 1003 2906 Jocl
1032 2885 1071 2910 ιιι,
1098 2877 1140 2904 18.
