1919 3042
82 156 129 184 561
536 153 813 183 COMMENTARIUS
832 153 864 181 IN
885 153 1017 182 JOELEM
1035 152 1256 182 PROPIIETAM.

1669 158 1722 186 562

85 215 259 250 παρεμϐολὴ
274 215 385 248 αὐτοῦ,
404 215 448 242 ὅτι
466 214 576 249 ισχυρὰ
589 214 660 249 ἔργα
674 215 772 249 λόγων
780 213 883 241 αὑτοῦ·

945 214 1058 246 μιοηίαηι
1078 214 1157 248 fortia
1177 221 1255 248 opera
1276 220 1424 240 sermonum
1445 212 1527 246 illius,
1546 215 1609 249 quia
1629 223 1723 251 magna

87 262 157 289 διότι
175 260 298 296 μεγάλη
323 261 346 295 ἡ
361 260 456 296 ἡμέρα
468 261 579 294 Κυρίου
590 281 596 293 ,
610 259 737 295 μεγάλη,
753 260 803 286 καὶ
825 260 886 286 ἐπι-

90 306 185 342 φανὴς
198 307 333 341 σφόδρα.

123 353 187 379 κε’.
206 353 301 388 Ἐφην
319 352 370 388 ἤδη
385 351 501 387 φθάσας,
528 352 568 379 ὅτι
583 351 683 384 σκοπὸς
696 350 735 387 τῷ
760 351 887 387 προφήτῃ

90 398 176 434 δεινὴν
193 399 242 425 καὶ
265 398 494 434 δυσδιακόμιστον
509 398 646 433 ἀποφῆναι
660 398 710 434 τὴν
734 396 887 432 συμφορὰν,

94 445 133 471 ἵνα
151 444 185 479 δὴ
202 445 392 480 μεταχωροῖεν
408 444 454 470 ἐπὶ
467 443 499 470 τὸ
515 443 618 470 ἐθέλειν
633 443 667 469 τὰ
679 443 785 478 ἀμείνω
795 450 824 469 τε
836 442 887 478 ἤδη

91 491 165 525 δρᾷν,
175 490 224 516 καὶ
240 490 295 525 μὴν
306 490 354 516 καὶ
367 488 540 524 βουλεύεσθαι
554 488 816 524 σωφρονέστερον,οἱ
826 489 888 520 ταῖς

92 536 130 567 εἰς
143 535 305 570 φαυλότητα
315 536 506 570 παρατροπαῖς
522 533 704 569 λελυπηκότες
714 534 760 560 τὸν
776 533 888 569 νομοθέ-

92 589 150 616 την.
167 579 232 607 Οἵδε
246 581 312 616 γὰρ,
331 578 413 616 οἷδεή
433 581 487 607 τῶν
503 580 670 615 ἀλγημάτων
686 580 823 615 ὑπερὸολὴ
840 588 888 615 με-

93 625 258 660 τακομίζειν
275 625 394 656 εὐκόλως
409 624 485 655 τινὰς
509 624 546 655 ὡς
569 623 598 656 ἐξ
613 623 736 658 ἀνάγκης
754 623 800 649 ἐπί
814 631 846 657 γε
858 623 889 649 τὺ

94 671 203 697 ἑλέσθαι
214 671 282 706 δρᾷν
293 671 327 697 τὰ
338 670 488 697 ἁνδάνοντα
510 669 603 696 λοιπὸν
619 669 657 704 τῷ
671 669 766 701 σώζειν
783 669 888 695 εἰωθότι

94 718 140 744 καὶ
153 717 338 744 ἀπαλλάττειν
351 715 482 751 ἰσχύοντι.
511 725 520 741 ι
531 714 617 741 Δώσει
631 715 664 750 δὴ
689 712 734 742 οὖν
757 716 770 741 ὁ
787 714 889 750 Κύριος

94 762 142 796 τὴν
157 762 253 797 φωνὴν
269 761 351 788 αὑτοῦ
366 761 419 796 πρὸ
434 759 580 795 προσώπου
601 759 743 795 δυνάμεως
755 760 838 787 αὑτοῦ
849 779 856 792 ,
876 769 885 785 ι

94 808 243 843 μονονουχὶ
280 807 441 843 στρατηγῶν
456 827 464 840 ,
491 807 539 833 καὶ
570 806 739 842 παραθήγων
771 807 808 839 ὼε
845 806 888 833 ἐπ’

938 260 993 287 dies
1007 260 1122 287 Domini.
1134 265 1157 288 et
1174 259 1283 287 illustris
1297 260 1380 287 valde.

975 347 1057 375 XXV.
1079 348 1137 375 Dixi
1152 348 1206 383 jam
1223 349 1359 384 prophetae
1373 350 1515 378 consilium
1531 358 1592 379 esse
1607 356 1727 380 atrocem

937 399 964 422 et
980 394 1175 421 intolerandam
1190 394 1371 422 calamitatem
1384 397 1540 430 ostendere;
1556 402 1586 425 ut
1600 398 1726 426 nimirum

939 440 1007 468 bene
1022 447 1102 475 agere
1116 440 1184 467 velle
1199 440 1342 474 incipiam,
1353 442 1547 476 etprudcntius
1561 443 1612 471 sibi
1628 451 1727 472 consu-

938 485 994 513 lant
1016 486 1062 521 qui
1081 486 1114 513 ad
1134 485 1335 520 improbitatem
1358 487 1465 522 detorti,
1485 488 1666 523 legislatorem
1685 490 1728 517 of-

940 531 1093 559 fenderunt.
1121 530 1195 558 Solet
1219 531 1308 564 enim,
1334 531 1402 559 solet
1426 532 1547 560 dolorum
1572 534 1729 569 magnitudo

940 577 1019 604 facile
1028 576 1182 610 nonnullos,
1194 581 1221 604 et
1232 576 1304 604 velut
1318 577 1479 604 necessitate
1490 580 1618 612 quadam,
1627 586 1661 607 eo
1669 587 1730 614 per-

939 623 1052 655 vehere,
1072 627 1101 650 ut
1117 623 1150 650 de
1168 627 1267 650 caetero
1285 622 1395 657 cupiant
1413 622 1503 650 facere
1521 623 1558 650 illi
1586 629 1660 659 grata
1682 625 1728 659 qui

939 670 1045 697 salvare
1058 669 1211 701 consuevit,
1222 673 1250 696 et
1263 668 1379 696 liberare
1391 676 1405 695 a
1421 668 1498 696 malis
1512 675 1609 703 potest.
1625 679 1634 695 ‹
1651 669 1730 697 Dabit

940 717 1024 750 igitur
1035 716 1164 743 Dominus
1175 722 1267 742 vocem
1280 718 1342 742 ante
1353 713 1449 742 faciem
1462 713 1630 742 fortitudinis
1640 722 1706 749 sute,
1719 725 1728 742 ι

939 767 1044 789 tantum
1066 769 1119 788 non
1141 762 1197 796 ipse
1217 761 1270 788 dux
1289 761 1425 788 exercitus
1444 767 1560 794 eumque
1579 760 1607 787 in
1627 761 1730 788 hostem

940 815 1052 835 acuens.
1071 807 1129 834 Non
1151 807 1222 835 enim
1244 806 1305 833 aliis
1333 807 1422 841 potius
1445 815 1526 842 quam
1550 811 1732 842 propugnato-

94 853 220 889 ἐχθρούς.
236 854 342 889 Πρέποι
355 854 410 889 γὰρ
423 853 455 880 ἂν
472 853 521 889 οὐχ
534 853 619 889 ἑτέρῳ
634 862 673 888 τῳ
693 846 804 888 μᾶλλον,
819 853 888 888 πλὴν

945 853 1018 880 ribus
1041 856 1069 879 et
1088 852 1202 879 aliorum
1222 851 1336 879 ducibus
1355 852 1454 880 milites
1470 853 1503 879 ad
1522 859 1638 887 pugnant
1657 851 1732 879 exei-

94 901 134 926 ὂτι
151 901 210 930 τοῖς
226 899 436 934 προασπίζουσι,
458 898 504 925 καὶ
530 899 584 925 τῶν
598 899 686 925 ἄλλων
701 898 890 933 προτεταγμέ-

945 904 1010 932 tare,
1025 903 1053 926 et.
1069 903 1158 926 castra
1175 906 1222 926 sua
1240 899 1339 926 ducere
1356 899 1491 926 convenit.
1510 898 1669 926 Subindicat
1685 905 1733 932 per

94 953 148 976 νοις
163 944 194 970 τὸ
209 944 356 978 διεγείρειν
372 944 401 969 τὸ
413 944 544 978 μάχιμον,
571 945 618 969 καὶ
642 943 744 970 οἰκείαν
765 943 889 979 ἡγεῖσθαι

95 989 142 1024 τὴν
156 988 350 1024 παρεμϐολήν.
375 989 557 1024 ’Υπεμφαίνει
569 989 597 1015 δὲ
610 989 655 1015 διὰ
665 989 777 1022 τούτων,
794 989 834 1015 ὅτι
852 989 890 1025 μὴ

95 1034 252 1069 αὐτόματον
271 1033 327 1069 ἔχει
343 1033 393 1069 τὴν
407 1033 501 1067 ἔφοδον
525 1033 561 1059 τὰ
584 1032 669 1064 δεινὰ,
698 1034 766 1068 μήτε
788 1034 841 1069 μὴν
858 1035 890 1060 ἐκ

95 1081 141 1107 τοῦ
158 1080 366 1115 παρατυχόντος
383 1079 556 1114 συμϐέϐηκεν
572 1078 678 1110 ἁπλῶς,
697 1079 804 1106 ἀλλ’ὅτι
823 1080 890 1114 μᾶλ-

95 1128 139 1153 λον
155 1127 234 1161 παρὰ
248 1126 316 1152 Θεοῦ
335 1126 525 1161 ὲπενήνεκται,
549 1125 736 1161 λελυπημένου
750 1125 890 1160 δηλονότι,

95 1172 144 1198 καὶ
158 1172 243 1202 ὁσίως
259 1171 310 1206 ἤδη
326 1170 497 1203 κολάζοντος.
511 1171 668 1198 Καταπτοεῖ
682 1170 710 1196 δὲ
726 1170 825 1206 μᾶλλον
841 1170 890 1197 aui-

95 1220 169 1251 τοὺς,
190 1219 325 1254 πλείστην
339 1227 369 1245 τε
382 1219 448 1254 ὅσην
463 1217 531 1245 εἶναι
542 1219 629 1253 λέγων
641 1219 689 1254 τὴν
703 1219 890 1254 παρεμϐολὴν,

96 1265 143 1291 καὶ
156 1265 199 1291 ὅτι
228 1265 327 1300 ισχυρὰ
350 1264 420 1300 ἔργα
435 1264 522 1298 λόγων
550 1264 644 1291 αὑτοῦ.
669 1264 821 1299 Ἀμήχανον
837 1264 891 1300 γὰρ

98 1309 138 1344 μὴ
161 1309 275 1340 πάντως
299 1309 339 1340 είς
364 1309 452 1344 πέρας
478 1308 584 1340 ἐλθεῖν,
612 1308 681 1344 ὅπερ
706 1309 739 1336 ἂν
764 1309 892 1343 γενέσθαι

97 1355 256 1390 προστάττῃ
269 1354 345 1385 Θεός.
361 1354 417 1381 Καὶ
433 1353 499 1388 γοῦν
516 1354 567 1389 ἔφη
583 1354 652 1390 πρός
663 1362 725 1381 τινα
742 1354 796 1381 τῶν
806 1355 892 1390 ἁγίων

99 1400 260 1436 προφητῶν,
284 1400 418 1435 Ἱερεμίας
432 1397 508 1431 οὗτος
533 1397 577 1435 ἦν’
603 1409 612 1426 ι
631 1400 687 1435 Οὐχ
708 1401 733 1426 οἱ
752 1399 826 1435 λόγοι
839 1409 891 1436 μου

98 1446 192 1481 ὥσπερ
222 1446 278 1481 πῦρ
305 1445 415 1480 φλέγον,
438 1444 513 1479 λέγει
539 1444 653 1480 Κύριος,
680 1444 728 1471 καὶ
757 1445 794 1476 ὡς
808 1444 893 1478 πέλυξ

98 1491 209 1518 κόπτων
225 1491 351 1526 πέτραν;
371 1499 381 1516 t
399 1491 547 1517 Διῖκνεῖται
561 1491 615 1525 γὰρ
634 1490 729 1526 ὥσπερ
747 1490 892 1522 διαπαντὸς

98 1536 169 1564 ὸτοῦ
185 1536 254 1563 Θεοῦ
270 1536 359 1570 λόγος,
385 1536 432 1562 καὶ
448 1532 488 1568 οἷς
505 1536 538 1563 ἂν
552 1535 697 1570 φθέγξαιτο
712 1536 743 1562 τὸ
765 1537 892 1564 ἀντιστα-

99 1583 162 1610 τοῦν
178 1583 270 1615 οὐδὲν,
284 1581 354 1609 εἴκει
367 1582 396 1608 δὲ
413 1582 524 1617 μᾶλλον,
541 1582 588 1609 καὶ
600 1582 633 1609 τὰ
653 1583 767 1618 σκληρὰ,
781 1582 829 1610 καὶ
847 1583 895 1610 ἀν-

99 1631 201 1656 τίτυπα
227 1629 431 1666 καταθραύεται
451 1628 579 1662 εὐκόλως,
597 1629 714 1660 καὶτοῖς
728 1629 896 1662 δεσποτικοῖς

941 945 1013 978 haec,
1029 952 1146 979 non'per
1158 952 1187 972 se
1202 945 1331 972 advenire
1346 944 1430 977 mala,
1448 952 1497 972 nec
1511 948 1614 971 temere
1629 952 1661 971 ac
1676 944 1733 971 for-

942 991 1008 1018 tuito
1027 991 1163 1022 accidere;
1184 990 1230 1018 sed
1250 997 1265 1016 a
1285 989 1340 1017 Deo
1358 990 1528 1022 potissimum
1549 990 1649 1025 inﬂigi,
1670 990 1733 1017 13150

940 1035 1075 1068 videlicet,
1087 1036 1196 1070 etjuste
1207 1043 1301 1070 poenas
1313 1039 1482 1070 rcposcente.
1493 1035 1631 1067 Perterret
1642 1040 1733 1062 autem

940 1088 987 1109 eos
1000 1081 1100 1115 magis,
1117 1081 1199 1108 nimis
1214 1081 1296 1107 multa
1311 1085 1401 1108 castra
1415 1087 1474 1107 esse
1488 1080 1595 1112 dicens,
1611 1086 1638 1108 et
1653 1079 1732 1108 fortia

941 1133 1024 1161 opera
1040 1133 1196 1154 sermonum
1213 1126 1281 1160 ejus.
1298 1126 1370 1152 Fieri
1388 1125 1522 1160 siquidem
1551 1125 1622 1152 haud
1645 1130 1735 1160 potest

942 1178 972 1200 ut
990 1179 1042 1199 non
1060 1172 1168 1206 penitus
1185 1171 1267 1198 ﬁnem
1282 1175 1469 1205 consequatur
1495 1171 1567 1205 quo-l
1586 1171 1657 1198 Deus
1675 1172 1734 1199 lteri

942 1219 1120 1245 mandaverit.
1133 1218 1226 1253 Itaque
1239 1218 1347 1252 quidam
1362 1223 1516 1245 sanctorum
1530 1217 1733 1252 prophetarum,

941 1263 1090 1298 Jeremias,
1109 1265 1237 1299 inquam,
1253 1264 1292 1291 ait
1310 1273 1317 1291 :
1333 1274 1342 1289 ι
1359 1263 1486 1298 Nunquid
1504 1271 1558 1291 non
1576 1263 1657 1290 verba
1676 1269 1736 1290 mea

942 1310 1019 1345 quasi
1039 1310 1108 1345 ignis
1129 1310 1242 1343 ardens,
1262 1310 1328 1338 dicit
1349 1309 1492 1342 Dominus,
1512 1310 1596 1345 218
1613 1315 1640 1338 et
1657 1311 1736 1345 quasi

942 1356 1054 1384 malleus
1071 1361 1215 1384 conterens
1232 1356 1389 1392 petram"?
1407 1365 1417 1382 ι
1434 1355 1562 1383 Pervadit
1579 1356 1651 1384 enim
1669 1363 1737 1391 quo-

942 1401 1086 1429 dammodo
1099 1401 1190 1429 omnia
1203 1401 1250 1429 Dei
1263 1403 1387 1434 verbum,
1401 1405 1428 1429 et.
1442 1409 1503 1436 qua:
1518 1401 1629 1430 locutus
1643 1401 1735 1434 fuerit.

943 1448 1010 1475 nihil
1027 1447 1081 1475 illis
1101 1447 1213 1481 resistit,
1233 1447 1288 1474 imo
1308 1447 1381 1474 cedit
1401 1447 1502 1482 potius,
1521 1451 1549 1475 et
1568 1448 1635 1475 dura
1654 1451 1738 1483 atque

943 1501 1038 1529 aspera
1054 1493 1127 1521 nullo
1142 1493 1250 1527 negotio
1263 1493 1422 1528 confringit,
1437 1498 1464 1520 et
1479 1492 1628 1521 Dominica:
1641 1493 1736 1522 volun-

942 1540 994 1566 .tati
1011 1539 1092 1566 etiam
1111 1539 1230 1566 uolentia
1247 1540 1443 1574 obsequuntur.
1464 1548 1474 1565 ι
1495 1538 1592 1574 Magna
1610 1538 1694 1575 igitur
1706 1543 1737 1567 et

946 1584 1059 1612 illustris
1074 1585 1143 1618 dies,
1161 1594 1171 1611 ι
1191 1585 1288 1620 inquit,
1305 1589 1416 1620 propter
1429 1584 1529 1612 famam
1545 1590 1688 1620 vagantem
1703 1585 1737 1614 de

947 1630 1025 1658 malis
1037 1631 1065 1658 in
1077 1638 1173 1659 omnes
1185 1631 1309 1658 homines
1321 1630 1491 1658 invehendis.

100 1677 237 1712 θελήμασι
249 1677 298 1704 καὶ
309 1677 359 1712 οὐχ
371 1677 467 1704 ἑκόντα
480 1679 649 1714 παραχωρεῖ.
672 1688 681 1704 ι
696 1679 809 1714 Μεγάλη
829 1679 861 1715 δὴ
877 1678 923 1707 οὖν
942 1681 989 1707 καὶ
1009 1680 1144 1716 ἐπιφανὴς
1161 1681 1180 1717 ή
1195 1680 1298 1717 ἡμέρα,
1313 1689 1323 1707 ι
1340 1681 1419 1717 φησὶ,
1435 1681 1481 1709 διὰ
1494 1681 1545 1716 τὴν
1556 1681 1597 1714 εἰς
1612 1681 1737 1715 ἅπαντας

99 1723 264 1758 ἀνθρώπους
280 1724 333 1750 τῶν
347 1723 577 1760 ὲπαχθησομένων
590 1725 685 1753 δεινῶν
700 1726 894 1762 διατρέχουσαν
912 1729 1015 1765 φήμην.

134 1772 191 1800 Καὶ
206 1773 254 1804 τις
266 1771 353 1798 ἔσται
374 1773 477 1806 ικανὸς
495 1772 591 1807 αὺτῇ;

138 1819 214 1851 κςι.
231 1818 389 1851 Τουτέστιν,
409 1818 498 1851 οὐδεὶς
513 1818 546 1846 ἂν
570 1819 676 1854 γένοιτο
692 1820 746 1848 τῶν
772 1820 818 1848 ἐπὶ
842 1821 896 1857 γῆς

101 1864 249 1899 ἀτεράμων
267 1863 355 1895 οὕτως
378 1864 425 1890 καὶ
440 1865 579 1900 εὐσθενὴς,
590 1865 628 1897 ὼς
641 1866 799 1900 ἀντεξάγειν
814 1867 895 1894 δύνα-

102 1910 165 1936 σθαι
178 1911 240 1941 ταῖς
257 1909 341 1941 θείαις
355 1910 460 1945 ὀργαῖς.
480 1911 535 1938 Καὶ
562 1911 644 1946 σοφὸς
658 1909 691 1947 ἦν
707 1912 777 1944 ἄγαν
789 1912 804 1938 ὁ
814 1912 896 1939 Δασὶδ

102 1956 171 1991 πρὸς
196 1955 262 1982 Θεὸν
282 1955 491 1998 ἀνακεκραγώς·
513 1966 521 1982 ι
535 1957 570 1983 Σὺ
583 1956 697 1992 φοϐερὸς
723 1951 758 1990 εἷ,
785 1958 832 1984 καὶ
855 1958 897 1989 τίς

101 2001 294 2037 ἀντιστήσεταί
306 2010 348 2027 σοι
358 2002 412 2028 ἀπὸ
422 2003 472 2038 τῆς
488 2003 573 2038 ὀργῆς
588 2011 652 2036 dou;
671 2012 682 2029 ι

136 2047 193 2074 Καὶ
211 2046 270 2074 νῦν
282 2047 364 2082 λέγει
377 2048 484 2082 Κύριος
508 2049 525 2075 ό
539 2048 609 2081 Θεὸς
623 2048 717 2083 ἡμῶν·
738 2049 895 2085 Ἐπιστρά-

101 2101 178 2127 gnte
196 2092 273 2127 πρὸς
298 2093 338 2127 μὲ
361 2093 397 2125 ἐξ
425 2093 499 2127 ὅλης
521 2093 577 2128 τῆς
599 2095 722 2129 καρδίας
745 2095 845 2130 ὑμῶν,
861 2095 896 2123 ἐν

101 2138 242 2173 νηστείᾳ,
267 2139 316 2165 καὶ
334 2138 494 2174 κλαυθμῷ,
519 2139 569 2166 καὶ
589 2140 714 2173 κοπετῷ,
742 2141 790 2168 καὶ
812 2141 894 2176 διαῤ-

983 1777 1018 1804 Et
1032 1777 1091 1813 quis
1105 1778 1155 1805 erit
1170 1777 1298 1813 sufﬁciens
1312 1777 1357 1805 ei?

982 1823 1077 1851 XXVI.
1095 1823 1152 1852 Hoc
1163 1829 1218 1857 est,
1231 1831 1311 1852 nemo
1325 1823 1480 1853 mortalium
1494 1824 1562 1852 adeo
1576 1823 1738 1860 praefractus

946 1874 974 1897 et
988 1870 1114 1897 robustus
1127 1870 1218 1902 fuerit.
1231 1874 1262 1897 ut
1276 1876 1306 1897 se
1317 1870 1414 1897 divina:
1427 1869 1476 1897 iraa
1489 1869 1575 1904 possit
1587 1876 1736 1904 opponere.

948 1914 1090 1948 Sapienter
1102 1914 1184 1942 Demn
1198 1915 1340 1949 compellat
1352 1914 1435 1942 David
1448 1923 1455 1941 :
1471 1922 1481 1940 I
1496 1914 1537 1942 Tu
1552 1913 1683 1942 terribilis
1694 1921 1736 1947 es,

947 1966 974 1988 et
988 1961 1050 1996 quis
1065 1960 1173 1989 resistet
1188 1961 1237 1988 tibi
1253 1960 1287 1989 ab
1302 1961 1342 1988 ira
1357 1967 1404 1988 tua
1415 1960 1458 1988 νει
1474 1969 1484 1986 ι

983 2049 1066 2077 Vens.
1081 2049 1173 2077 12-14.
1190 2049 1223 2077 Et
1239 2057 1307 2084 nimo
1321 2049 1383 2077 dicit
1400 2048 1526 2076 Dominus
1542 2048 1610 2076 Deus
1625 2053 1714 2076 noster
1725 2055 1736 2075 :

947 2095 1133 2124 Convertimini
1149 2096 1183 2123 ad
1199 2104 1240 2124 me
1254 2104 1287 2124 es;
1303 2100 1358 2123 toto
1376 2095 1453 2123 corde
1469 2101 1564 2128 vestro,
1580 2095 1606 2122 in
1619 2093 1733 2130 jejunio,

947 2147 972 2170 et
986 2143 1061 2178 ﬂetu,
1074 2147 1099 2170 et
1113 2142 1232 2176 planetu,
1246 2147 1269 2170 et
1285 2142 1426 2176 dirumpite
1440 2141 1521 2168 corda
1536 2146 1629 2173 uestra,
1643 2145 1669 2168 et
1684 2147 1737 2167 non

100 2184 216 2218 ῥήξατε
240 2184 293 2217 τὰς
319 2185 444 2219 καρδίας
474 2185 567 2219 ὑμῶν,
594 2186 643 2212 καὶ
667 2186 708 2221 μὴ
739 2186 774 2213 τὰ
796 2186 890 2222 Ιμάτιιι

948 2188 1098 2215 vestimenta
1110 2192 1205 2215 uestra.
1217 2187 1251 2214 Et
1262 2187 1443 2214 convertimini
1454 2187 1488 2213 ad
1499 2186 1641 2213 Dominum
1652 2186 1737 2213 Deum

103 2228 196 2263 ὑμῶν.
222 2229 279 2256 Καὶ
296 2218 498 2264 ἐπιστράφητε
517 2229 592 2264 πρὶς
613 2218 722 2265 Κύριον
748 2218 890 2259 τὸννθεὸφ

947 2239 1075 2266 vestrum,
1092 2234 1153 2268 quia
1169 2233 1316 2261 misericors
1331 2237 1356 2260 et
1373 2234 1512 2260 mirerator
1525 2238 1578 2266 est,
1595 2234 1697 2268 patiens
1712 2237 1737 2260 et

103 2275 196 2309 ὑμῶν,
209 2275 256 2301 ὅτι
270 2275 407 2310 ἐλεήμων
419 2276 468 2302 καὶ
492 2278 651 2312 οἰκτίρμων
662 2278 737 2311 ἐστὶ,
746 2279 890 2313 μακρόθυ-

946 2279 1036 2306 multae
1053 2279 1258 2311 misericordiae,
1274 2283 1299 2306 et
1312 2280 1437 2314 paenitens
1452 2287 1531 2313 super
1543 2279 1661 2306 malitiis.
1671 2277 1737 2311 Quis

102 2330 177 2355 μσς,
207 2321 259 2347 καὶ
289 2321 473 2355 πολυέλεος,
497 2323 554 2349 -καὶ
578 2323 732 2358 μετανοῶν
760 2324 809 2350 ἐπὶ
833 2324 890 2358 ταῖς

945 2324 1005 2357 scit,
1023 2324 1046 2351 si
1064 2329 1214 2357 revertetur,
1231 2328 1257 2351 et
1277 2323 1410 2358 paenitebit
1425 2331 1496 2355 eum,
1514 2328 1537 2349 et
1549 2323 1660 2349 dimittet
1679 2326 1737 2354 post

103 2367 232 2400 κακίαις.
256 2367 304 2400 Τίς
330 2365 411 2394 οἶδεν
436 2369 463 2395 εὶ
482 2368 672 2402 ἐπιστρέψει,
701 2369 750 2396 καὶ
771 2377 890 2404 μετανο-

945 2378 972 2398 se
988 2365 1201 2403 benedictionem,
1216 2374 1240 2397 et
1256 2369 1425 2403 sacriﬁcium,
1449 2373 1473 2396 et
1494 2367 1608 2396 libamen
1623 2367 1737 2395 Domino

104 2412 182 2446 ήσει,
207 2413 258 2439 καί
285 2413 476 2448 ὑπολήψεται
500 2414 596 2441 ὀπίσω
616 2414 709 2442 αὑτοῦ
734 2416 890 2450 εὐλογίαν·1

946 2416 1001 2445 Deo
1015 2418 1116 2444 vestro?

104 2459 152 2485 καὶ
168 2458 292 2490 θυσίαν,
311 2458 361 2484 καὶ
373 2459 514 2493 σπονδὴν
527 2460 625 2493 Κυρίῳ
641 2459 681 2492 τῷ
697 2460 758 2493 Θεῷ
775 2461 876 2495 onor,-

140 2506 205 2531 KZ’.
222 2504 364 2531 Ἐντεῦθεν
394 2505 427 2531 ἂν
445 2505 551 2540 μάθοις,
570 2506 617 2532 καὶ
638 2506 711 2541 μάλα
737 2506 841 2541 σαφῶς,
857 2506 890 2538 ὡς

982 2507 1089 2536 XXVII.
1105 2506 1184 2538 Hinc.
1196 2510 1224 2533 et
1234 2506 1340 2541 quidem
1353 2505 1495 2532 admodum
1507 2503 1581 2532 clare
1592 2503 1736 2538 intelliges.

105 2551 154 2586 οὺχ
164 2551 259 2585 ἐτέρου
273 2550 353 2586 χάριν
366 2549 438 2582 τινὸς
450 2551 516 2585 ὑψοῦ
527 2551 576 2587 μὲν
589 2552 623 2578 τὰ
634 2552 787 2588 διηγημὲνα
799 2553 890 2579 ἐτίθει.

947 2562 1007 2589 qua:
1020 2560 1100 2588 supra
1115 2557 1224 2580 narrata
1238 2556 1315 2585 sunt,
1332 2558 1385 2578 non
1400 2550 1435 2578 ob
1451 2549 1524 2577 aliud
1541 2549 1623 2577 fuisse
1638 2549 1735 2584 posita.

106 2597 231 2632 ὶ-κληρὰν
261 2597 291 2623 δὲ
320 2597 410 2628 αὐτοῖς
424 2616 431 2629 ,
467 2598 515 2624 καὶ
544 2597 767 2634 δυσδιακόμιστον
793 2600 890 2636 κομιδῇ

948 2599 1065 2633 Duram,
1087 2603 1114 2626 et
1139 2605 1200 2633 quae
1220 2598 1265 2625 vix
1288 2596 1452 2632 perferatur,
1476 2595 1659 2623 calamitatem
1685 2594 1738 2621 illis

106 2642 295 2679 προανεφώνει
309 2643 357 2679 τὴν
368 2644 521 2679 συμφορὰν,
537 2644 553 2680 ἢ
572 2645 642 2672 ὥστε
655 2645 748 2672 λοιπὸν
760 2647 890 2681 μεταστῆ-

946 2645 1147 2681 praenuntiavit,
1164 2648 1194 2671 ut
1211 2651 1258 2671 eos
1278 2642 1382 2671 scilicet
1401 2642 1529 2677 deinceps
1548 2641 1583 2668 ad
1602 2639 1738 2675 paeniten-

106 2697 150 2716 σαι
166 2689 283 2720 τούτους
295 2689 335 2720 εἰς
353 2689 533 2724 μετάγνωσιν.
554 2690 765 2726 ’Ᾱπογινώσκειν
779 2691 834 2727 γὰρ
847 2692 890 2718 οὐν

947 2691 1011 2718 tiam
1025 2691 1180 2718 adduceret.
1194 2689 1341 2724 Desperare
1352 2688 1424 2716 enim
1437 2695 1491 2715 non
1503 2687 1578 2714 sinit.
1589 2686 1739 2714 Conﬁrmat

106 2735 372 2769 Διαϐεὸαιοῦται
398 2735 436 2768 δὲ,
464 2736 512 2763 καὶ
535 2736 609 2771 μάλα
625 2737 729 2772 σαφῶς,
757 2738 794 2769 ὡς
817 2738 890 2773 εἴπερ

947 2742 1048 2771 autetn,
1060 2737 1141 2773 idque
1152 2736 1316 2773 planissimis
1325 2735 1425 2767 verbis,
1437 2734 1460 2762 si
1472 2733 1633 2768 resipiscere
1643 2731 1737 2764 velint,

106 2780 207 2808 now-to
222 2782 335 2817 φρονεῖν
350 2781 384 2807 τὰ
397 2781 504 2816 βελτίω,
526 2783 573 2809 καὶ
593 2783 642 2815 τὰς
671 2783 739 2815 ἰδίας
757 2783 832 2816 ὀδοὺς
845 2783 890 2811 κᾶνι

947 2787 975 2812 et
992 2784 1096 2812 animas
1111 2790 1174 2813 suas
1191 2781 1387 2819 posterioribus
1403 2779 1498 2810 saltem
1516 2779 1637 2809 consiliis
1651 2777 1739 2806 corri-

137 2871 160 2887 ⁹¹
180 2870 237 2898 Jer.
259 2878 339 2902 nm,
357 2870 402 2898 29.
438 2871 461 2887 "
481 2871 552 2899 Psal.
569 2880 647 2906 Lxxv,
658 2872 684 2900 8.
741 2904 747 2910 _

203 2919 344 2950 Pn'not.
374 2918 431 2950 (in.
457 2920 566 2950 LXXI.
965 2941 990 2953 ,η
1540 2920 1572 2951 12
