1919 3042
196 158 250 186 51ῖῦ

691 157 719 185 S.
740 156 877 185 CYlllLLI
898 156 1130 186 ALEXANDRINI
1151 156 1308 185 ARCIIIEP.

1774 158 1826 186 566

197 224 277 251 gere,
299 220 328 244 ut
349 217 403 244 Deo
423 216 560 251 placeant,
579 220 606 243 et
625 223 737 249 prorsus
758 215 876 243 desitura
898 223 913 242 a
935 216 981 243 οε(

1041 216 1105 250 γοῦν
1117 217 1172 248 τοῖς
1185 216 1319 251 δευτέροις
1335 214 1500 250 ἐπανορθοῦν
1515 215 1554 246 εις
1563 215 1595 241 τὸ
1610 215 1738 250 ἀρέσκειν
1748 215 1808 250 Θεῷ
1818 236 1825 247 ,

198 264 359 290 exacerbato
370 262 510 297 supplicia,
522 265 548 289 et
557 261 647 288 omnia
660 269 722 288 mox
736 262 762 288 in
775 269 898 296 magnam
913 268 985 289 tran-

198 309 357 344 quillitatem
380 315 411 335 ac
433 307 605 335 securitatem
630 312 828 334 commutatum
852 308 903 340 iri;
925 309 985 342 quis

198 359 288 381 autem
312 358 339 380 et
362 351 545 393 conversionis
571 352 709 388 ipsorum,
735 357 763 380 et
788 353 985 388 deprecationis

193 399 293 426 modos
308 406 367 426 esse
386 398 491 432 debeat,
513 399 613 433 liquido
631 399 722 426 subdit
738 399 781 426 his
795 399 884 426 verbis
900 408 907 426 :
925 409 934 425 ι
952 400 986 427 Et

191 453 269 473 .nunc
285 445 351 472 dicit
370 445 500 472 Dominus
518 445 589 473 Deus
607 450 698 472 noster
714 454 720 472 :
738 445 934 472 Convertintini
951 445 985 472 ad

191 499 241 518 eme
255 491 282 518 in
297 495 354 518 toto
366 491 448 518 corde
461 495 559 518 vestro.
577 500 586 516 ι
601 491 789 526 Projiciantur,
804 491 900 526 inquit,
914 498 985 526 prte-

198 538 293 569 terita,
309 542 337 565 et
351 544 412 570 qua:
426 541 633 564 antecesserunt
650 536 677 563 in
692 535 854 564 oblivionem
871 536 985 567 abeant,

196 584 342 618 vobisipsis
371 583 496 610 meliores
514 588 656 618 apparate;
676 581 870 617 posterioribus
901 581 984 609 Deum

197 631 328 665 mitigate,
341 628 443 664 jejunio
455 634 483 656 et
497 629 679 660 afﬂictatione,
693 628 797 663 ploratu
811 633 838 655 et
851 628 984 655 lamentis.

198 675 280 702 Plane
294 675 364 702 enitn
374 693 383 708 ,
397 675 442 710 qui
458 675 495 701 ita
511 674 602 702 facere
617 674 782 701 instituerint
793 694 799 706 ,
815 674 841 700 in
858 673 986 701 felicitate

197 721 354 755 deliciisque
368 720 558 748 versabuntur.
574 719 650 746 Sicut
663 719 734 746 enim
751 719 857 746 fortuna
874 720 984 746 nimium

198 767 350 799 blandiens,
364 771 392 793 et
407 767 461 793 vita
475 766 657 800 voluptatibus
673 765 699 792 in
716 765 837 792 honestis
852 765 941 792 dedita
958 765 985 792 in

197 813 312 846 gemitus
331 816 357 838 et
385 811 514 847 supplicia
541 810 647 838 tandem
667 809 783 843 desinit,
804 811 840 837 ita
858 810 986 837 bonitatis

198 862 225 884 ct
248 857 370 885 laborum
395 856 618 891 poenitentislium
638 856 728 882 exitus
749 860 791 883 est
811 855 899 890 ampla
926 855 984 882 feli-

1039 262 1146 293 πάντως
1168 262 1335 288 πεπαύσεται
1362 261 1396 287 τὰ
1413 261 1443 294 ἐξ
1464 261 1558 296 ὀργῆς.
1584 261 1632 287 καὶ
1658 261 1698 292 είς
1725 260 1827 292 πλάτος

1039 307 1120 338 εὐθὺς
1134 306 1267 341 εὐθυμίας
1285 306 1474 342 μεταχωρήσει
1493 306 1526 332 τὰ
1552 306 1713 342 πράγματα.
1731 305 1781 337 Τίς
1804 306 1826 332 δ’

1038 353 1070 380 ἂν
1080 353 1186 388 γένοιτο
1200 353 1251 388 τῆς
1263 361 1293 379 τε
1312 352 1481 387 ἐπιστροφῆς
1495 352 1587 383 αὑτοῦ,
1600 352 1647 379 καὶ
1659 352 1674 378 ὁ
1685 351 1737 386 τῆς
1750 351 1828 386 λιτῆς

1038 399 1148 433 τρόπος,
1163 399 1323 434 καθίστησιν
1337 399 1460 434 ἐναργὲς.
1478 398 1549 424 οὕτω
1565 398 1661 432 λέγων’
1681 406 1690 423 ι
1707 397 1764 423 Καὶ
1779 395 1828 423 νῦν

1038 445 1112 480 λέγει
1140 444 1271 480 Κύριοςὸ
1286 444 1352 476 Θεὸς
1375 443 1462 479 ἡμῶν·
1483 443 1686 479 Ἐπιστράφητε
1707 442 1776 479 πρὸς
1793 443 1828 478 μὲ

1039 491 1069 523 ἐξ
1084 490 1147 526 ὅλης
1161 491 1210 525 τῆς
1234 490 1348 526 καρδίας
1369 489 1456 525 ὑμῶν.
1477 498 1487 515 ι
1525 488 1674 525 Ἐρρίφθω,
1697 489 1777 524 φησὶ,
1793 488 1828 515 τὰ

1040 536 1233 572 παρῳχηκότα,
1257 536 1305 562 καὶ
1323 535 1499 571 ἀποδημείτω
1519 535 1588 570 πρὸς
1605 534 1691 570 λήθην
1705 534 1741 562 τὰ
1758 534 1827 569 φθά-

1040 590 1134 609 σαντα·
1150 581 1254 609 ὲαυτῶν
1275 582 1403 617 ἀμείνους
1417 581 1519 616 δφθητε
1529 589 1535 595 ·
1551 582 1607 612 τοῖς
1627 581 1768 616 δευτέροις
1786 581 1830 607 ὲκ-

1041 628 1210 663 μειλῐσσεσοε
1233 629 1309 659 Θεὸν,
1329 628 1452 663 νηστείᾳ,
1474 627 1523 654 καὶ
1549 627 1634 660 πόνῳ,
1660 626 1780 662 κωκυτῷ
1798 635 1828 653 τε

1039 675 1085 701 καὶ
1101 674 1220 709 ὀδυρμῷ.
1237 674 1351 709 Ἕψεται
1364 674 1419 710 γὰρ
1433 674 1541 705 πάντως
1553 673 1638 700 ταῦτα
1650 672 1718 708 δρᾷν
1727 672 1830 709 ᾑρημέ-

1039 728 1093 751 νοις
1103 720 1134 746 τδ
1147 721 1245 755 χρῆναι
1254 720 1347 746 λοιπὸν
1360 720 1388 746 ὲν
1402 719 1535 755 εὐπαθείᾳ
1558 717 1628 746 εἶναι
1651 720 1699 746 καὶ
1724 720 1827 754 τρυφῇ.

1039 767 1145 801 Ὠσπερ
1159 767 1214 802 γὰρ
1223 767 1272 802 τῆς
1281 766 1422 802 ῥᾳστώνης
1433 766 1463 792 τὸ
1475 766 1562 798 τέλος,
1572 766 1620 792 καὶ
1626 765 1658 792 τὸ
1670 765 1830 792 διαπίπτειν

1040 813 1080 844 είς
1097 813 1196 848 ἡδονὰς
1219 813 1404 849 καταστρέφει
1429 813 1537 844 πάντως
1565 813 1606 844 εἰς
1626 812 1752 847 οἰμωγὰς
1779 812 1828 838 καὶ

1039 859 1160 886 κόλασιν·
1175 859 1246 885 οῦτω
1260 859 1310 893 τῆς
1324 859 1485 891 ἐπιεικείας,
1504 859 1549 885 καὶ
1565 859 1619 885 τῶν
1639 858 1686 885 ὲπὶ
1702 859 1765 890 ταῖς
1781 867 1830 893 με·

196 904 276 930 citas.
288 903 370 938 219
382 902 511 929 Conducit
530 901 611 936 igitur
623 900 722 928 deﬂere
737 905 847 935 peccata
858 919 866 932 ,
879 905 907 928 et
921 908 981 928 con-

1038 903 1190 937 ταγνώσεσι
1213 903 1332 939 πόνωνή
1360 903 1473 935 ἔκϐασις
1495 904 1536 934 είς
1555 903 1585 930 τὸ
1600 903 1651 938 τῆς
1676 902 1831 938 εὐημερίας

198 949 298 975 tristari
313 947 459 976 secundum
476 947 570 974 Deum.
587 946 653 973 Nam
668 951 697 973 nt
710 951 753 974 est
766 947 835 982 apud
848 946 960 973 Paulum
975 955 982 973 :

198 1003 208 1021 ‹
225 994 345 1021 Tristitia
360 993 505 1021 secundum
520 993 614 1025 Deum,
628 993 812 1026 pmnitentiam
827 993 854 1019 in
869 993 983 1020 salutem

195 1047 247 1067 non
259 1039 440 1074 pamitendam
450 1039 616 1074 operatur".
631 1048 639 1064 ι
651 1039 724 1066 Beati
734 1046 841 1074 quoque
851 1046 866 1065 a
876 1039 984 1066 Christo

195 1085 411 1120 pronuntiantur,
424 1093 432 1109 ι
455 1084 501 1119 qui
520 1084 628 1118 lugent;
647 1083 772 1118 quoniam
791 1083 840 1118 ipsi
858 1083 982 1111 consola-

194 1130 332 1157 buntur".
350 1139 358 1155 ι
370 1129 439 1162 Quin
450 1134 478 1157 et
488 1129 597 1163 sapiens
607 1129 734 1156 Salomon
747 1129 800 1156 tale
810 1128 884 1163 quid,
898 1136 983 1163 quan-

193 1183 274 1210 quam
290 1175 339 1203 sub
353 1175 548 1210 integumento,
565 1174 631 1202 dicit
652 1183 660 1202 :
683 1183 692 1200 ι
719 1173 812 1201 Melius
831 1178 873 1201 est
892 1174 930 1201 ire
949 1174 982 1200 ad

194 1223 302 1249 domum
316 1220 418 1252 luctus,
431 1227 511 1254 quam
525 1220 559 1247 ad
573 1220 682 1247 domutn
696 1220 812 1247 convivii
823 1220 855 1246 ".
874 1229 883 1245 ι
898 1219 983 1246 Caete-

195 1275 253 1294 rum
268 1267 332 1293 illud
346 1266 570 1294 considerandum
576 1269 617 1292 est
625 1265 724 1299 diligen
730 1269 781 1298 ter,
792 1269 922 1300 quantum
935 1273 982 1292 va-

194 1313 246 1341 leat
263 1312 404 1347 jejunium.
425 1311 565 1340 Dominum
587 1311 780 1344 mansuefacit,
803 1311 870 1338 iram
892 1311 981 1343 sedat,

193 1367 300 1394 penam
322 1358 400 1386 tollit.
419 1357 604 1392 Nosmetipsos
629 1361 731 1384 tantum
754 1364 805 1384 non
825 1356 982 1384 verberibus

192 1406 294 1434 acriter
307 1404 486 1439 accipientes,
503 1403 680 1431 ferocientem
696 1407 723 1430 et
737 1401 871 1430 furentem
887 1408 981 1430 contra

192 1459 243 1479 nos
263 1452 330 1478 iram
353 1450 470 1477 divinam
492 1449 634 1477 commode
655 1448 803 1481 ﬂectimus,
825 1453 854 1476 et
873 1456 981 1476 manum

193 1496 368 1531 percutientis
385 1503 438 1522 non
457 1494 598 1522 dilIiculter
615 1494 782 1522 cohibentus.
799 1495 828 1522 Si
846 1495 917 1522 enim
934 1502 981 1522 ve-

192 1550 252 1569 rum
272 1546 330 1574 est,
351 1548 401 1568 nos
419 1540 506 1568 solum
526 1545 636 1576 peccata
656 1544 749 1568 nostra
769 1540 930 1568 conﬁtentes
946 1541 980 1574 ",

192 1587 338 1633 miserante
356 1585 427 1633 beo,
441 1584 600 1619 justillcari,
619 1585 730 1620 quinam
749 1585 888 1612 dubitetur
903 1585 978 1620 quin,
993 1603 1015 1633 ϐ

191 1632 317 1661 asceticis
331 1631 471 1660 laboribus
484 1638 533 1659 nos
547 1635 728 1664 macerantes,
740 1635 768 1658 et
781 1635 908 1666 tanquam
922 1638 979 1665 pce-

191 1686 241 1706 ttas
255 1686 270 1706 a
283 1677 416 1706 nobismet
430 1677 579 1712 exigentes,
592 1681 764 1711 peccatorum
776 1676 882 1703 veniam
896 1683 911 1703 a
927 1675 981 1703 Deo

193 1723 387 1759 impetremus?
409 1723 515 1757 Lugere
537 1723 620 1757 igitur
639 1722 733 1758 jubet,
755 1726 782 1749 et
806 1721 980 1749 discindenda

196 1770 304 1804 quidem
315 1769 477 1796 vestimenta
491 1767 615 1800 minime;
630 1766 718 1802 potius
732 1771 822 1794 autem
835 1766 907 1801 quod
921 1773 982 1800 per-

191 1817 243 1853 t-ipi
258 1815 351 1844 animo
364 1819 392 1842 et
406 1814 569 1850 cogitatione
581 1818 687 1848 potest,
702 1813 805 1840 immite
818 1819 851 1840 ac
863 1820 963 1840 saevum
972 1833 980 1846 ,

189 1868 217 1891 et
239 1865 434 1891 commutatum
460 1867 508 1888 seu
535 1859 689 1887 indurattnn
712 1866 760 1886 cor
781 1858 980 1886 dissolvendum

188 1914 271 1944 atque
281 1906 485 1943 explicandum,
497 1912 553 1941 quo
566 1905 613 1933 Dei
629 1905 710 1933 timor
722 1905 898 1940 ingrediatur.
908 1904 980 1932 Scri-

191 1955 257 1982 bcns
265 1954 346 1989 igitur
357 1953 390 1981 ad
397 1945 555 1981 Corinthios
564 1951 662 1979 Paulus
673 1960 680 1979 τ
694 1960 704 1977 ι
721 1950 779 1979 Non
787 1950 979 1986 angustiamini

187 2000 217 2027 in
228 1999 314 2032 nobis,
327 2008 337 2026 ι
348 1999 450 2034 inquit;
463 2007 472 2023 ι
483 1997 672 2032 angustiamini
681 2003 771 2024 autem
789 1997 815 2023 in
831 1995 981 2024 visceribus

190 2046 297 2074 vestris.
314 2045 443 2073 Eamdem
460 2049 550 2072 autem
568 2043 700 2070 habentes
716 2043 960 2070 remunerationem
972 2063 979 2075 ,

193 2096 318 2125 tanquam
337 2090 400 2117 (iliis
416 2089 488 2120 dico,
506 2088 656 2115 dilatamini
676 2093 703 2114 et
719 2094 768 2114 vos
779 2087 813 2114 '7.
833 2095 843 2112 ι
863 2086 981 2114 Dilatare

190 2143 256 2172 ergo
273 2143 322 2163 cor
337 2138 461 2169 oportet,
481 2138 608 2167 tanquam
628 2132 699 2162 Deo.
716 2136 741 2159 et
762 2139 845 2166 prope
862 2135 980 2159 mentem

191 2184 372 2216 disrumpere,
387 2186 416 2207 ut
432 2178 504 2214 quod
518 2179 575 2213 ejus
589 2182 641 2210 est,
656 2178 779 2213 recipiat.
793 2176 860 2205 Nam
876 2177 980 2204 moesti-

191 2229 258 2255 tium
275 2227 392 2262 lingere.
412 2225 497 2260 ruptis
514 2225 613 2252 frustra
632 2232 663 2251 ac
682 2229 783 2252 temere
798 2223 980 2256 vestimentis,

1036 948 1137 979 πλάτος
1153 948 1270 983 ἔρχεται.
1298 949 1442 983 Χρήσιμον
1462 946 1510 974 οὖν
1528 948 1582 982 ἄρα
1604 947 1634 975 τὺ
1661 948 1765 974 κλαίειν
1785 947 1828 982 ἐφ’

1035 994 1198 1029 ἁμαρτίαις,
1212 994 1259 1020 καὶ
1271 993 1416 1021 λυπεῖσθαι
1438 994 1508 1020 κατὰ
1523 994 1599 1020 Θεόν.
1620 994 1664 1025 Ὧς
1680 994 1736 1028 γὰρ
1752 993 1829 1020 Παῦ-

1034 1039 1079 1071 λος
1101 1039 1221 1075 γράφει,
1236 1049 1246 1064 ι
1267 1039 1300 1065 'H
1329 1039 1400 1066 κατὰ
1419 1039 1486 1066 Θεὸν
1517 1039 1588 1074 λύπη
1616 1040 1762 1074 μετάνοιαν
1788 1039 1829 1070 είς

1035 1084 1170 1120 σωτηρίαν
1187 1085 1430 1120 ἁναμεταμέλητον
1449 1085 1659 1120 κατεργάζεται.
1681 1094 1690 1110 ι
1705 1085 1828 1120 Μακαρί-

1034 1129 1074 1161 ζει
1089 1130 1117 1156 δὲ
1133 1130 1180 1156 καὶ
1194 1130 1274 1161 αὐτὸς
1290 1131 1304 1156 ὁ
1329 1130 1447 1165 Χριστὸς
1471 1139 1480 1156 ι
1497 1130 1561 1162 τοὺς
1580 1129 1763 1162 πενθοῦντας,
1786 1131 1826 1157 ὅτι

1035 1177 1111 1203 αὐτοὶ
1128 1177 1396 1212 παρακληθήσονται.
1417 1187 1427 1202 ι
1444 1177 1499 1204 Καὶ
1511 1177 1563 1213 μὴν
1575 1178 1622 1204 καὶ
1634 1177 1648 1203 ὁ
1663 1177 1746 1211 σοφὸς
1762 1177 1827 1212 ἡμῖν

1034 1221 1160 1256 Σολομῶν
1170 1221 1291 1248 τοιοῦτόν
1307 1222 1333 1248 τί
1349 1231 1431 1258 φησιν
1446 1223 1663 1258 αἰνιγματωδῶς·
1680 1231 1690 1248 ι
1713 1222 1828 1257 Ἀγαθὸν

1032 1267 1064 1294 τὸ
1080 1267 1245 1303 πορευθῆναι
1259 1269 1299 1300 εἰς
1311 1266 1385 1295 οἰκον
1395 1269 1519 1301 πένθους,
1534 1269 1550 1304 ἢ
1567 1269 1597 1295 τὸ
1608 1268 1775 1305 πορευθῆναι
1787 1269 1827 1301 είς

1033 1311 1108 1340 οἷκον
1126 1313 1220 1340 πότου.
1243 1323 1252 1339 ι
1268 1313 1342 1349 Πλὴν
1367 1314 1455 1341 ἐκεῖνο
1479 1314 1637 1350 περιαορεῖν
1658 1315 1826 1349 ἀναγκαῖον,

1034 1359 1084 1394 ὅση
1099 1367 1141 1391 τις
1151 1359 1210 1385 ἐστὶ
1224 1359 1274 1394 τῆς
1286 1360 1412 1395 νηστείας
1436 1361 1452 1396 ἡ
1476 1360 1602 1395 δύναμις.
1622 1360 1770 1395 Ἐξημεροῖ
1781 1360 1828 1387 τὸν

1033 1405 1182 1440 Δεσπότην,
1197 1405 1356 1438 κατευνάζει
1372 1406 1422 1441 τὴν
1446 1406 1541 1442 ὀργὴν,
1562 1406 1710 1442 ἀνατρέπει
1722 1406 1772 1442 τὴν
1786 1406 1828 1433 κό-

1032 1449 1120 1477 λασιν.
1142 1450 1270 1482 Ἑαυτοὺς
1284 1450 1339 1486 γὰρ
1354 1450 1531 1486 αἰκιζόμενοι,
1549 1452 1690 1486 μονονουχὶ
1701 1451 1828 1486 ἀγριαίν-

1033 1504 1108 1529 οντα,
1131 1495 1179 1522 καὶ
1191 1495 1373 1532 λελυττηκότα
1387 1496 1432 1523 τὸν
1444 1496 1515 1523 θεῖον
1530 1496 1592 1523 καθ’
1605 1497 1685 1532 ἡμῶν
1705 1494 1735 1523 εὖ
1754 1489 1832 1532 μάλα

1032 1541 1212 1577 δυσωποῦμεν
1225 1541 1322 1577 θυμὸν,
1339 1542 1386 1568 καὶ
1399 1541 1448 1578 τὴν
1462 1544 1541 1578 χεῖρα
1561 1542 1608 1569 τοῦ
1624 1542 1828 1574 καταπαίοντος

1032 1586 1150 1618 εὐκόλως
1166 1586 1356 1621 συστέλλομιν.
1375 1587 1406 1613 El.
1427 1587 1483 1622 γάρ
1505 1587 1579 1614 ἐστιν
1593 1587 1705 1623 ἀληθὲς,
1721 1589 1765 1615 ὅτι
1780 1589 1829 1614 καὶ

1033 1632 1113 1667 μόνον
1132 1631 1327 1667 ὁμολογοῦντες
1352 1631 1403 1664 τὰς
1427 1632 1566 1667 ἁμαρτίας
1591 1633 1829 1668 κατοικτείροντος

1031 1675 1098 1703 Θεοῦ
1118 1676 1306 1712 δικαιούμεθα,
1321 1676 1380 1708 πῶς
1396 1676 1429 1704 ἂν
1446 1677 1592 1704 ὲνδοιάσειέ
1610 1686 1652 1710 τις
1671 1678 1713 1704 ὅτι
1726 1679 1783 1710 τοῖς
1798 1678 1829 1711 ἐξ

1032 1722 1174 1758 ἀσκήσεως
1202 1724 1293 1754 πόνοις
1312 1723 1427 1754 ἑαυτοὺς
1454 1723 1670 1758 κατατήκοντες,
1693 1724 1741 1750 καὶ
1769 1723 1827 1751 οἷον

1032 1768 1170 1800 αἰτοῦντες
1182 1768 1269 1801 δίκας,
1285 1768 1362 1804 παρὰ
1377 1768 1446 1796 Θεοῦ
1468 1769 1522 1796 τῶν
1540 1770 1745 1805 ἡμαρτημένων
1763 1779 1828 1806 κερ-

1031 1814 1163 1849 δανοῦμεν
1178 1815 1228 1850 τὴν
1247 1815 1360 1849 άιρεσιν;
1382 1815 1494 1842 Πενθεῖν
1505 1813 1552 1842 οὖν
1561 1815 1616 1851 ἄρα
1632 1816 1751 1849 κελεύει,
1779 1817 1828 1843 καὶ

1031 1860 1226 1896 διαρῤηγνῦναι
1247 1862 1328 1896 σφᾶς,
1347 1862 1448 1897 ἣκιστα
1463 1861 1513 1896 μὲν
1523 1861 1558 1888 τὰ
1575 1862 1676 1897 ἄμφια,
1693 1862 1828 1889 διαπτύε-

1033 1914 1089 1933 σειν
1103 1906 1131 1932 δὲ
1147 1906 1247 1942 μᾶλλον
1269 1906 1371 1941 νοητῶς
1396 1907 1446 1942 τὴν
1472 1907 1585 1942 καρδίαν
1609 1907 1659 1943 τὴν
1674 1908 1766 1943 ἀπηνῆ
1779 1909 1827 1934 καὶ

1036 1951 1224 1987 πεπιλημένην
1252 1953 1292 1983 είς
1317 1951 1350 1987 ἠν
1378 1952 1392 1978 ὁ
1422 1952 1492 1984 θεῖος
1507 1952 1557 1978 οὐκ
1571 1952 1704 1979 εἰσδύεται
1732 1952 1824 1986 φόϐος.

1039 1996 1205 2023 Ἑπιστέλλει
1234 1995 1280 2023 οὖν
1308 1997 1462 2032 Κορινθίοις
1487 1998 1501 2024 ὁ
1521 1996 1642 2029 Παῦλος
1669 2007 1679 2023 ι
1696 1998 1734 2024 Οὐ
1763 2007 1826 2025 στε-

1032 2043 1194 2078 νοχωρεῖσθε
1213 2045 1242 2070 ὲν
1255 2045 1334 2079 ἡμῖν,
1345 2043 1556 2080 στενοχωρεῖσθε
1572 2044 1600 2070 δὲ
1612 2045 1641 2070 ἐν
1654 2045 1711 2076 τοῖς
1722 2044 1826 2079 σπλάγ-

1032 2097 1105 2123 χνοις
1132 2088 1218 2124 ὑμῶν.
1239 2089 1294 2125 Τὴν
1311 2089 1338 2116 δὲ
1365 2090 1449 2125 αὐτὴν
1475 2089 1648 2124 ἀντιμισθίαν
1665 2090 1704 2122 ὡς
1720 2091 1826 2122 τέκνοις

1032 2134 1112 2168 λέγω,
1121 2134 1290 2169 πλατύνθητε
1299 2135 1346 2161 καὶ
1354 2136 1441 2170 ὑμεῖς.
1449 2145 1458 2161 ›
1469 2135 1527 2171 Χρὴ
1533 2133 1578 2162 οὖν
1589 2135 1643 2170 ἄρα
1650 2136 1826 2171 κατευρὺνειν

1034 2179 1085 2214 μὲν
1099 2179 1194 2214 ὥσπερ
1205 2180 1265 2215 Θεῷ
1281 2180 1330 2215 τὴν
1347 2181 1470 2216 καρδίαν,
1484 2181 1531 2207 καὶ
1547 2181 1688 2216 μονονουχὶ
1704 2181 1752 2208 τὸν
1763 2181 1826 2208 νοῦν

1033 2224 1258 2260 περιρῤηγνῦναι,
1290 2225 1485 2259 ῐν“εἰσδέεαιτο
1509 2226 1538 2252 τὸ
1565 2226 1659 2253 αὑτοῦ.
1679 2226 1826 2262 Τοιγάρτοι

193 2274 259 2301 nihil
277 2272 329 2300 illis
359 2270 490 2306 profuerit
510 2270 556 2305 qui
574 2270 598 2297 id
617 2269 738 2297 fecerint.
753 2269 811 2296 Non
825 2269 878 2296 vile
891 2273 980 2296 autem

1036 2271 1201 2298 πλάττεσθαι
1220 2271 1316 2306 λύπην,
1335 2272 1605 2307 καταρῤηγνυμένων
1622 2273 1684 2308 εἰκῇ
1704 2273 1752 2299 καὶ
1773 2274 1825 2308 μά-

192 2320 297 2347 lucrum
317 2317 479 2354 apportabit,
499 2316 606 2351 aperire
626 2323 674 2343 cor
695 2315 760 2348 Deo,
779 2319 807 2342 et
826 2315 881 2342 illic
900 2322 978 2350 repo-

191 2372 258 2393 nere
270 2363 343 2400 quod
353 2363 393 2392 illi
403 2362 505 2398 placet;
517 2362 650 2390 condueet
672 2361 743 2388 enim
757 2368 798 2389 res
808 2361 841 2387 ad
853 2360 978 2388 salutem.

193 2411 250 2438 Non
271 2415 360 2438 autem
383 2416 432 2444 spe
452 2416 500 2436 sua
521 2409 645 2442 lapsuros
667 2406 823 2441 suppliciter
842 2411 979 2442 rogantes,

193 2456 325 2492 propheta
354 2455 511 2486 conﬁrmat,
530 2453 655 2488 inquiens
677 2451 817 2479 Dominum
839 2452 979 2480 universo-

194 2510 253 2530 rum
268 2508 330 2529 esse
343 2500 500 2534 benignum,
515 2504 543 2527 et
557 2498 648 2526 multae
663 2498 869 2531 misericordiae,
884 2502 912 2525 et
926 2498 979 2525 mi-

193 2553 352 2578 seratorem,
365 2551 392 2574 et
406 2546 517 2578 bonum,
531 2549 556 2572 et
571 2544 746 2580 ptenitentem
760 2551 842 2579 super
855 2543 978 2571 malitiis.

192 2593 260 2621 Nam
281 2592 332 2620 etsi
355 2595 513 2626 peccatores
533 2589 652 2625 aiIligere
670 2589 794 2624 πωροι-η,
816 2593 904 2616 tamen
927 2595 980 2615 non

193 2638 238 2666 diu
261 2641 322 2672 post
346 2636 470 2669 lenietur,
492 2634 622 2670 facileque
645 2634 678 2662 ad
702 2633 896 2669 benignitatem
920 2639 981 2660 sese

195 2681 351 2710 transferet.
374 2680 429 2708 lloc
448 2684 512 2715 puto
533 2687 593 2707 eSse
613 2688 623 2705 ι
646 2679 780 2714 paenitere
801 2686 882 2713 super
902 2677 980 2704 mali-

195 2728 250 2756 tiis.
268 2737 278 2754 ›
296 2727 414 2754 Salutem
430 2733 510 2762 porro
525 2725 740 2761 desperantibus,
757 2724 886 2760 propheta
905 2723 979 2751 utili-

195 2780 234 2802 ter
245 2773 422 2809 cogitationes
432 2777 459 2800 et
470 2772 582 2800 consilia
596 2771 702 2806 propria
717 2770 876 2804 prtccitlcns,
889 2779 897 2795 ι
914 2770 980 2802 Quis

1039 2324 1098 2351 την,
1118 2317 1240 2351 ὀνήσειεν
1260 2317 1293 2344 ἂν
1310 2318 1386 2344 οὐδὲν
1405 2317 1467 2349 τοὺς
1484 2317 1563 2344 τοῦτο
1579 2317 1645 2353 δρᾷν
1658 2318 1823 2354 ᾑρημένους.

1040 2362 1193 2398 Ἐμποιησῃ
1212 2362 1233 2389 δ’
1260 2363 1292 2389 ἂν
1316 2364 1346 2390 οὺ
1369 2363 1454 2398 βραχὺ
1468 2363 1498 2389 τὸ
1514 2363 1608 2399 κέρδος
1622 2364 1652 2391 τὸ
1668 2365 1825 2399 ἀνοιγνύναι

1034 2409 1158 2444 καρδίαν,
1171 2409 1217 2436 καὶ
1231 2409 1439 2436 ὲναποτίθεσθαι
1453 2408 1483 2435 τὸ
1493 2408 1588 2436 δοκοῦν
1599 2409 1638 2444 τῷ
1655 2409 1726 2446 Θεῷ.
1751 2411 1826 2438 Ἀπο-

1034 2455 1125 2490 κομιεῖ
1138 2454 1192 2490 γὰρ
1212 2455 1242 2481 τὸ
1266 2455 1358 2490 χρῆμα
1385 2455 1452 2490 πρὸς
1469 2456 1616 2491 σωτηρίαν.
1639 2456 1701 2483 Ὀτι
1726 2457 1755 2484 δὲ
1776 2458 1825 2484 οὑκ

1033 2499 1226 2532 άποτεύξονται
1260 2500 1307 2527 τοῦ
1340 2500 1442 2527 σκοποῦ
1471 2501 1628 2536 ποιούμενοι
1650 2501 1700 2533 τὰς
1733 2502 1823 2535 λιτὰς,

1033 2545 1146 2580 ὲμπεδοϊ
1172 2546 1270 2580 λέγων,
1297 2547 1335 2579 ὡς
1360 2546 1403 2582 εἴη
1420 2547 1469 2582 μὲν
1483 2547 1562 2574 ὁτῶν
1588 2547 1657 2575 ὃλων
1685 2549 1825 2585 Δεσπότης

1033 2591 1222 2627 φιλάνθρωπός
1233 2601 1272 2625 τε,
1284 2592 1330 2619 καὶ
1340 2592 1471 2627 φιλέλεος,
1481 2593 1641 2628 οἰκτίρμων,
1651 2594 1700 2621 καὶ
1712 2595 1823 2629 ἀγαθὸς,

1034 2634 1081 2662 καὶ
1097 2636 1234 2670 μετανοῶν
1246 2636 1292 2663 ἐπὶ
1308 2638 1367 2669 ταῖς
1384 2637 1505 2669 κακίαις.
1519 2637 1550 2664 Et
1562 2638 1616 2674 γὰρ
1633 2638 1665 2674 δὴ
1678 2640 1725 2666 καὶ
1740 2640 1825 2666 ἕλοιτο

1034 2681 1134 2708 κακοῦν
1145 2683 1206 2713 τοὺς
1216 2683 1422 2718 ἡμαρτηκότας,
1435 2684 1491 2711 ἀλλ’
1510 2682 1557 2711 οὖν
1573 2684 1650 2711 ἔσται
1664 2686 1764 2720 πρᾶος,
1780 2687 1824 2713 καὶ

1033 2727 1083 2754 οὐκ
1093 2728 1121 2759 ἐς
1138 2729 1256 2764 μακράν.
1278 2730 1440 2765 Μεταχωρεῖ
1452 2730 1506 2766 γὰρ
1523 2730 1643 2763 εὐκόλως
1663 2732 1712 2758 ἐπὶ
1723 2732 1754 2758 τὺ
1765 2732 1824 2766 βου-

1033 2773 1157 2800 λεύεσθαι
1169 2773 1203 2801 τὰ
1217 2776 1332 2810 χρηστά.
1347 2775 1432 2803 Τοῦτο
1444 2773 1514 2803 εἷναί
1529 2785 1601 2812 φημι
1611 2777 1641 2803 τὸ
1661 2786 1670 2803 ι
1684 2777 1823 2813 μετανοεῖν

230 2862 251 2878 ⁹³
279 2863 298 2891 ll
326 2865 386 2892 (lor.
408 2872 455 2897 ru,
472 2863 514 2890 l0.
543 2862 565 2878 "
581 2861 674 2889 Matth.
703 2869 727 2895 ν,
752 2861 777 2888 5.
816 2862 838 2878 "
857 2861 944 2890 Ecclc.
979 2870 981 2875 π

1043 2865 1068 2891 5.
1107 2866 1129 2882 ’⁵
1162 2866 1268 2894 lJoan.
1295 2875 1313 2900 t,
1338 2867 1363 2894 9.
1402 2867 1423 2883 ’⁷
1443 2866 1463 2894 ll
1493 2866 1554 2894 Cor.
1573 2876 1612 2901 vt,
1645 2868 1686 2900 19,
1715 2869 1759 2896 15.
