1919 3042
95 177 140 205 565

96 235 136 262 ἐπὶ
151 234 208 265 ταῖς
235 232 358 265 κακίαις.
373 243 382 260 ι
411 218 645 269 ’Υποτεμνόμενος
657 234 686 261 δὲ
701 234 843 270 χρησίμως
856 234 870 259 ὁ
885 251 908 279 Α

96 280 227 316 προφήτης
240 279 294 306 τῶν
306 281 357 315 τὴν
368 280 504 316 σωτηρίαν
515 280 714 314 ἀπεγνωκότων
724 280 754 306 τὸ
770 280 871 306 είκαιὸ-

97 325 190 357 ϐουλον,
200 334 209 350 ι
227 324 275 356 Τίς
285 322 368 358 οἷδε,ι
378 325 471 360 φησὶν,
487 335 496 351 ι
508 326 533 352 εί
549 326 721 361 μετανοήσει,
738 325 785 351 καὶ
809 326 871 351 ὑπο-

96 371 198 406 λήψεται
211 370 300 397 ὀπίσω
312 371 393 397 αὐτοῦ
405 372 530 406 εὐλογίαν
543 379 550 404 ;
570 381 579 397 ι
593 372 640 398 καὶ
656 371 690 398 τὰ
700 371 774 406 ἑξῆς.
788 371 871 397 Τουτ-

96 417 155 444 έστι.
168 415 246 443 δὼσει
257 418 313 448 τοῖς
326 417 518 452 ἐπιστρέφουσι
533 418 564 444 τὸ
579 418 723 453 μετασχεῖν
735 417 869 451 εὐλογίαν,

526 154 800 201 ΟΟΜΜΕΝΤΑΒΠΞΞ
819 172 851 200 ΙΝ
874 172 1006 201 JOELEM
1026 174 1246 203 PROPHETAM.

1654 175 1706 203 366

921 234 1022 268 novit,»
1032 234 1177 270 inquit,¢si
1192 234 1332 270 paenitebit
1346 241 1418 267 eum,
1433 239 1460 262 et
1473 234 1590 262 dimittet
1603 239 1663 269 post
1676 242 1706 262 se

922 280 1153 308 benedictionem?
1162 285 1246 314 setc.;
1258 281 1284 308 id
1297 285 1348 312 cst,
1361 280 1434 308 dabit
1447 279 1665 307 convertentibus
1677 286 1706 307 se

921 325 1114 354 benedictionis
1129 326 1188 353 ﬁeri
1205 326 1350 361 participes
1360 347 1367 359 ,
1383 330 1412 353 ut
1427 325 1542 353 libamen
1558 330 1586 353 et
1600 324 1708 352 sacriﬁ-

922 370 992 397 cium
1007 371 1104 398 iterum
1119 371 1167 406 ipsi
1181 370 1279 398 oﬂ‘erre
1291 375 1400 405 queant,
1413 370 1564 406 gaudioque
1576 374 1602 398 et
1615 370 1707 398 latitia

926 416 1094 444 exsultantes
1108 416 1255 451 gratiarum
1269 418 1388 444 actiones
1402 416 1554 444 decantent.

96 462 156 489 ὥστε
170 464 216 490 καὶ
226 464 343 500 σπονδὴν
364 464 412 492 καὶ
427 464 523 492 θυσίαν
534 464 673 492 ἀναθεῖναι
686 464 767 491 πάλιν
795 464 869 500 αὐτῷ
879 486 885 497 ,
904 463 1048 499 χαίροντας
1065 472 1094 490 τε
1111 464 1158 490 καὶ
1187 463 1416 498 εὐφραινομένους
1427 463 1582 500 ὰναμέλψαι
1599 463 1634 491 τὰ
1657 472 1706 499 χαι

112 519 219 537 smptu.

112 519 119 535 ι
140 526 147 536 ι
184 519 219 537 ια.

97 510 295 582 ρϐιςῖῗῆαῖίπίοίῑιτε
311 556 457 591 σάλπιγγι
477 556 512 583 ἐν
534 556 627 591 Σιὼν,
653 556 798 591 ἁγιάσατε
818 565 872 590 νη-

94 602 197 631 στείαν,
211 601 362 636 κηρύξατε
386 602 556 637 θεραπείαν,
577 602 762 637 συναγάγετε
782 603 871 636 λαὸν,

94 647 223 682 ἁγιάσατε
247 647 445 682 Ἐκκλησίαν,
460 647 626 680 ἐκλέξασθε
641 647 871 682 πρεσϐυτέρους,

95 692 227 726 συνάγετε
243 692 341 726 νήπια
364 693 531 727 θηλάζοντα
550 694 694 728 μαστούς.
713 693 874 726 Ἐξελθέτω

94 738 209 772 νυμφίος
232 738 269 765 ἐκ
294 738 349 765 τοῦ
376 738 528 771 κοιτῶνος,
557 740 606 766 καὶ
629 740 732 774 νύμφη
755 739 789 766 ἐκ
816 739 869 766 τοῦ

94 784 199 811 παστοῦ
209 783 317 818 αὐτῆς.
340 784 502 819 Ἄναμέσον
520 784 575 819 τῆς
590 785 734 819 κρηπίδος
755 785 805 811 καὶ
816 785 868 812 τοῦ

95 829 298 863 θυσιαστηρίου
324 830 510 857 κλαύσονται
534 832 560 857 οὶ
586 830 682 864 Ῐερεῒς,
695 833 721 858 οί
737 832 870 865 λειτουρ-

957 552 1038 588 220
1061 551 1143 579 Vsus.
1157 550 1248 578 1547.
1265 550 1384 586 Clangite
1398 552 1459 580 tuba
1475 552 1502 579 in
1518 551 1593 586 Sion,
1606 556 1705 582 sancti-

922 598 998 632 ﬁcat:
1006 597 1147 632 jejunium,
1158 595 1298 630 pradicate
1310 596 1481 630 curationem,
1493 604 1644 633 congregate
1656 608 1704 632 po-

921 643 1020 677 pulum,
1030 642 1192 676 sanctiﬁcnte
1202 642 1356 675 Ecclesium,
1365 642 1452 678 eligilc
1462 644 1586 675 seniores,
1595 652 1703 678 congre-

922 695 981 724 gare
996 687 1118 723 parvulos
1134 692 1252 722 augentes
1269 687 1360 714 ubera.
1376 687 1535 723 Egrediatur
1548 695 1656 722 sponsus
1673 689 1704 715 de

923 734 1003 761 cubili
1020 742 1078 767 suo,
1095 739 1119 762 et
1136 743 1233 768 sponsa
1249 735 1281 762 de
1297 735 1412 762 thalamo
1428 743 1486 762 suo.
1506 734 1578 762 Inter
1593 737 1705 770 crepidi-

922 789 979 807 nem
996 785 1022 807 et
1038 781 1122 808 altare
1137 781 1276 815 plorabant
1293 782 1442 808 sacerdotes
1461 781 1637 809 ministrantes
1654 781 1707 809 Do-

922 827 1004 859 mino,
1021 831 1044 853 et
1063 826 1148 853 dicent
1165 834 1174 853 :
1191 826 1286 859 Parce,
1303 826 1425 860 Domine,
1442 827 1538 862 populo
1559 832 1615 859 tuo,
1631 831 1656 854 et
1676 835 1707 854 ne

95 874 204 908 τοῦντες
225 875 335 909 Κυρίῳ,
352 875 400 902 καί
417 875 550 909 ἐροῦσιν·
571 876 685 910 Φεῖσαι,
700 877 797 910 Κύριε,
817 876 870 904 τοῦ

922 871 966 898 des
981 870 1158 898 [nereditatem
1173 876 1246 898 tuam
1262 872 1288 898 in
1304 871 1481 905 opprobrium,
1497 876 1526 898 ut
1541 873 1708 899 dominentur

94 919 158 946 λαοῦ
173 928 229 947 σου
243 940 251 952 ,
281 920 332 947 καί
354 920 397 955 μὴ
420 920 480 954 δῷς
507 921 565 954 τὴν
585 922 789 956 κληρονομίαν
811 929 870 949 σου

99 967 136 999 εις
160 966 272 998 ὄνειδος
297 966 352 993 τοῦ
386 965 530 1000 κατάρξαι
551 966 650 994 αὐτῶν
673 967 761 1002 ἔθνη.
790 967 870 1001 ὅπως

92 1011 127 1045 μὴ
141 1011 263 1038 εἴπωσιν
284 1011 320 1038 ἐν
339 1011 403 1043 τοῖς
424 1010 538 1044 ἔθνεσι,
559 1011 621 1039 Ποῦ
645 1012 731 1039 ἐστιν
754 1013 771 1039 ὀ
797 1011 871 1045 Θεὸς

94 1057 179 1085 αὐτῶν
186 1065 194 1088 ;

124 1102 250 1129 ΚΗ’-ΚΘ’.
263 1103 438 1138 Διανίστησιν
458 1101 488 1130 εὖ
503 1103 577 1138 μάλα
588 1103 635 1131 καὶ
652 1102 696 1130 διὰ
705 1103 806 1131 τούτων
821 1103 869 1130 αὖ·

94 1149 147 1179 τοὺς
160 1149 198 1179 εἰς
224 1149 409 1183 μετάγνωσιν,
435 1149 483 1175 καὶ
512 1148 613 1184 τρόπον
639 1149 732 1175 οὐδένα
762 1149 812 1185 τῆς
829 1150 869 1181 είς

96 1194 162 1220 τοῦτο
177 1194 294 1229 σπουδῆς
320 1195 540 1230 ἀνεπιτήδευτον,
559 1195 607 1230 ὲᾷν
622 1195 761 1222 ἐπιτάττει
774 1195 868 1231 χρησί-

96 1249 152 1275 μως.
162 1241 218 1266 Δεῖν
226 1240 281 1275 γὰρ
301 1240 354 1275 ἔφη
364 1240 482 1276 λαμπρῷ
496 1241 542 1268 καὶ
553 1241 698 1277 διαπρεπεῖ
710 1241 868 1277 κηρύγματι

94 1285 280 1320 κεχρημένους,
297 1286 421 1321 ἀγιάζειν
436 1287 484 1322 μὲν
501 1287 638 1323 νηστείαν,
653 1287 771 1324 κηρύξαι
784 1288 812 1315 δὲ
825 1287 868 1314 θε-

95 1332 206 1365 ραπείαν,
231 1332 279 1358 καὶ
312 1332 482 1367 συναγείρειν
496 1333 524 1359 ὲν
546 1333 696 1369 Ἐκκλησία
710 1335 772 1365 τοὺς
788 1333 868 1369 θερα-

93 1377 174 1405 πεύειν
187 1378 356 1412 ὀφείλοντας,
374 1377 452 1413 δῆλον
467 1377 496 1405 δὲ
507 1379 548 1405 ὅτι
558 1378 747 1414 λελυπημένον
758 1378 804 1406 τὸν
814 1378 868 1406 τῶν

94 1423 151 1450 ὅλων
168 1423 243 1450 Θεόν.
260 1422 325 1450 Εἶεν
343 1423 365 1450 δ’
377 1425 409 1451 ἂν
427 1421 499 1451 οὗτοι
511 1424 714 1457 νεανίσκοι,καὶ
727 1424 866 1461 παρθένοι,

94 1469 260 1505 πρεσϐύτεροι
281 1470 353 1505 μετὰ
365 1470 518 1505 νεωτέρων,
535 1471 620 1506 νήπιά
634 1479 664 1497 τε
682 1471 751 1506 πρὸς
763 1471 868 1504 τούτοις

92 1514 219 1550 ἀρτιγενῆ,
239 1515 289 1542 καὶ
303 1515 443 1549 ὺπότιτθα,
466 1516 514 1543 καὶ
529 1515 581 1552 μὴν
597 1516 644 1543 καὶ
665 1517 793 1552 νυμφίοι,
819 1516 868 1544 καὶ

91 1560 226 1596 ἀρτίγαμοι
250 1561 343 1596 κόραι,
358 1561 430 1596 τάχα
445 1570 497 1588 που
513 1561 739 1597 κατεστεμμένων
760 1561 800 1588 ἔτι
815 1570 867 1589 πα-

93 1605 152 1633 στῶν
163 1606 318 1639 ἐκθέουσαι,
343 1607 390 1633 καλ¹
413 1606 566 1641 γαμηλίους
584 1606 665 1639 εὐνὰς
682 1606 846 1642 ἀρνούμεναι
858 1628 865 1640 ,

92 1651 184 1687 τρυφῆς
196 1660 237 1685 τε,
253 1653 304 1678 καὶ
317 1652 398 1678 πότου
412 1651 595 1688 ὕπερορῶσαι,
611 1652 659 1679 καὶ
668 1651 867 1687 ἀλλασσόμεναι

91 1695 133 1732 τὴν
157 1697 370 1733 σκληραγωγῶν
403 1697 518 1733 (κρότου
547 1697 795 1733 περιεσταλμένου,
820 1697 867 1724 καὶ

91 1742 208 1776 ᾀσμάτων
226 1742 416 1778 ἠρεμούντων,
437 1745 484 1771 καὶ
498 1743 650 1779 εὐφημιῶν,
664 1743 698 1775 ἃς
722 1743 782 1774 ἔθος
795 1743 866 1770 τισὶν

91 1787 207 1815 ἀνάπτειν
217 1788 325 1815 ἐσθ’ὄτε
334 1791 390 1821 τοῖς
398 1790 592 1825 γεγαμηκόσι),
599 1790 647 1817 καὶ
660 1789 728 1824 ὁμοῦ
738 1790 866 1825 νυμφίοις

91 1833 286 1868 ὀλοφυρόμεναι.
310 1835 367 1861 Καὶ
384 1835 438 1870 γάρ
452 1835 526 1862 ἐστιν
547 1835 647 1871 ἀληθὲς
670 1834 738 1870 ὅπερ
753 1834 805 1870 ἔφη
823 1843 867 1866 τις

90 1877 136 1903 τῶν
152 1879 213 1913 παρ’
232 1880 302 1914 ἡμῖν
321 1880 419 1914 σοφῶν·
439 1880 582 1907 (Μουσικὰ
592 1881 621 1906 ἐν
632 1880 735 1912 πένθει,
751 1880 866 1915 ἄκαιρος

90 1922 447 1960 διήγησις.›Ὲπηρτημένης
460 1925 491 1961 δὴ
515 1924 562 1952 οὖν
587 1926 653 1961 ἡμῖν
671 1926 745 1957 θείας
760 1925 846 1961 ὀργῆς
856 1944 863 1958 ,

91 1968 185 1995 πενθεῖν
207 1965 376 2004 ἀναγκαῖον,
399 1971 461 2006 οὐχὶ
490 1971 583 2002 πότοις
610 1980 640 1997 τε
674 1971 721 1998 καὶ
749 1972 865 2006 τρυφαῖς

89 2013 267 2049 ὲνευρύνεσθαι
285 2016 384 2050 φιλεῖν,
399 2017 460 2042 Ὅτι
479 2016 533 2052 γὰρ
559 2017 609 2043 οὐκ
636 2017 811 2052 ἀμοιρήσειεν
831 2017 864 2043 ἂν

91 2061 189 2095 μομφῆς
202 2069 243 2093 τε,
263 2063 311 2089 καὶ
325 2061 403 2097 δίκης
417 2062 448 2088 τὺ
458 2062 508 2089 οὐκ
531 2063 560 2089 ἐν
575 2062 663 2098 καιρῷ
680 2063 796 2098 τρυφᾷν,
817 2070 864 2088 σα-

89 2107 170 2140 φηνιεῖ
181 2115 223 2138 τις
232 2107 290 2134 τῶν
308 2107 394 2141 ἁγίων
411 2107 568 2143 προφητῶν,
583 2108 670 2142 λέγων
689 2108 753 2143 περὶ
766 2107 819 2134 τῶν
836 2107 866 2140 ἐξ

94 2150 200 2186 Ἰσραήλ·
222 2161 232 2176 ι
243 2153 301 2179 Καὶ
315 2153 428 2180 ἐκάλεσε
439 2153 539 2188 Κύριος
551 2153 664 2180 Σαϐαὼθ
679 2154 708 2180 ὲν
724 2155 757 2189 τῇ
772 2153 864 2189 ἡμέρᾳ

880 1538 904 1570 C

88 2194 167 2231 ἐκείνῃ
191 2196 341 2232 κλαυθμὸν,
357 2199 404 2225 καὶ
425 2200 539 2226 κοπετὸν
552 2219 559 2231 ,
588 2199 636 2226 καὶ
661 2199 790 2235 εὑρησιν,
815 2199 862 2226 καὶ
877 2211 900 2239 D

88 2241 158 2273 ζῶσιν
174 2245 295 2278 σάκκων,
303 2246 379 2273 αὐτοὶ
389 2247 418 2273 δὲ
430 2247 593 2282 ἐποιήσαντο
607 2247 785 2282 εὐφροσύνας,
793 2246 861 2281 σφά-

87 2287 167 2321 ζοντες
185 2291 310 2326 μόσχους
319 2312 326 2324 ,
339 2292 383 2318 καὶ
395 2292 503 2324 θύοντες
520 2293 654 2328 πρόϐατα,
667 2293 713 2319 καὶ
726 2292 862 2327 λέγοντες·

86 2334 218 2371 Φάγωμεν,
235 2338 285 2364 καὶ
301 2338 418 2372 πίωμεν,
439 2338 533 2374 αὔριον
547 2338 602 2373 γὰρ
617 2338 835 2374 ἀποθνήσκομεν.
851 2347 860 2364 ι

87 2380 210 2416 Ζητητέον
234 2381 283 2410 οὖν
312 2383 436 2419 θρήνους,
466 2384 513 2410 καὶ
539 2384 644 2418 δάκρυα
671 2383 863 2419 ὲπηρτημένης

86 2424 168 2461 ὀργῆς.
183 2427 238 2454 Καὶ
259 2428 408 2464 διεῤῥίφθω
429 2429 518 2460 πότος.
539 2431 599 2456 Δεῖν
622 2429 650 2455 δέ
666 2437 748 2464 φησιν
768 2430 782 2456 ὀ
796 2437 863 2465 προ-

87 2470 162 2506 φήτης
175 2473 222 2499 καὶ
235 2474 302 2500 αὐτὸ
314 2475 368 2506 τοῖς
380 2474 507 2501 πενθοῦσι
524 2475 555 2501 τὸ
576 2475 648 2510 ἱερὸν
661 2474 859 2502 ἀναπλέκεσθαι

87 2516 282 2545 καὶάπόλεκτον
305 2520 393 2554 γένος,
421 2521 468 2547 καὶ
480 2521 511 2556 δὴ
528 2522 595 2556 πρὸς
623 2521 719 2553 αὐταῖς
744 2523 859 2557 κρηπῖσι

85 2560 124 2587 τοῦ
138 2563 209 2596 ναοῦ,
222 2565 272 2591 καὶ
283 2565 417 2600 ἀναμέσον
436 2566 484 2593 τοῦ
503 2566 695 2602 θυσιαστηρίου
718 2567 860 2593 κατολολύ-

86 2605 133 2637 ζειν
146 2609 262 2642 ἐκτενῶς
280 2611 497 2645 ἀνακωκύοντας,
509 2613 556 2639 καὶ
574 2612 713 2647 λέγονταςο
732 2622 741 2638 ι
755 2613 858 2646 Φεῖσαι,

86 2651 169 2687 Κύριε,
181 2654 228 2681 τοῦ
245 2655 312 2684 λαοῦ
330 2665 389 2690 σου,
407 2658 455 2684 καὶ
480 2658 517 2694 μὴ
539 2657 592 2694 δῷς
606 2658 655 2694 τὴν
679 2658 862 2693 κληρονομίαν

86 2705 126 2724 σου
141 2701 178 2732 εἰς
192 2701 306 2735 δνειδος,
331 2703 378 2730 τοῦ
394 2703 528 2740 κατάρξαι
553 2704 643 2731 αὐτῶν
655 2703 728 2739 ἔθνη,
757 2704 862 2739 μήποτε

84 2741 170 2771 altrum
186 2746 221 2773 τὰ
241 2746 318 2782 ἔθνη,
341 2748 395 2775 Ποῦ
421 2749 517 2776 ἐστινὸ
539 2749 603 2781 Θεὸς
631 2749 738 2781 αὐτῶν;
752 2757 761 2774 ι
791 2749 861 2777 Ἀλλ’

84 2787 153 2824 εἴπερ
172 2792 252 2826 μόνον
266 2793 341 2829 αὑτῷ
362 2794 411 2830 τῆς
430 2796 540 2831 ἀκρίδας
563 2795 642 2830 λόγος
664 2793 707 2830 ἦν,
730 2794 788 2826 πῶς
803 2795 863 2830 οὐχὶ

920 924 1009 943 eorum
1027 921 1123 951 gentes,
1141 921 1170 943 ut
1188 925 1239 944 non
1256 917 1345 944 dicunt
1363 917 1391 944 in
1409 917 1558 945 nationibus
1574 925 1584 945 :
1600 917 1651 945 Ubi
1668 921 1707 945 est

922 961 990 989 Deus
1006 970 1094 988 eorum
1102 962 1115 989 1’

953 1101 1172 1131 XXVIII-XXIX.
1193 1103 1279 1130 Etiam
1300 1103 1341 1131 his
1352 1111 1398 1132 eos
1409 1104 1441 1131 ad
1452 1103 1638 1138 paenitentiam
1663 1111 1706 1132 re-

919 1147 1038 1175 ctissime
1046 1149 1229 1180 exsuscitat,et
1239 1149 1331 1176 modos
1339 1156 1432 1176 omnes
1441 1149 1466 1176 in
1471 1148 1523 1176 hoc
1530 1149 1618 1177 studio
1625 1156 1708 1184 expe-

919 1193 966 1220 riri
978 1193 1122 1221 salubriter
1134 1193 1401 1229 prmcipit.0portere
1410 1194 1494 1227 enim,
1502 1194 1598 1228 inquit,
1608 1195 1707 1230 insigni

918 1243 947 1266 et
959 1239 1099 1267 excellenti
1110 1240 1311 1267 denuntiatione
1321 1239 1440 1267 adhibita
1456 1240 1625 1268 sanctiﬁcare
1635 1240 1707 1275 jeju-

917 1285 1003 1318 nium,
1016 1285 1162 1320 praedicare
1175 1286 1354 1318 curationem,
1363 1289 1560 1322 etcongregare
1573 1285 1600 1314 in
1615 1285 1708 1314 Eccle-

918 1331 996 1363 siam,
1005 1331 1051 1365 qui
1062 1331 1144 1359 Deum
1154 1329 1285 1358 oﬂensum
1297 1331 1452 1366 propitiant,
1463 1339 1559 1367 nempe
1592 1331 1706 1366 juvenes

917 1381 943 1406 et
959 1378 1094 1413 virgines,
1110 1384 1190 1405 senes
1207 1385 1267 1405 cum
1281 1377 1481 1412 junioribus",
1529 1378 1646 1405 infantes
1663 1378 1707 1406 in—

918 1432 998 1459 super
1010 1425 1090 1452 modo
1104 1424 1208 1459 genitos
1220 1424 1242 1456 ¹,
1255 1429 1281 1451 et
1296 1425 1385 1452 adhuc
1399 1424 1449 1452 sub
1464 1424 1557 1457 ubere,
1573 1429 1706 1459 prmterea

917 1478 1030 1506 sponsos
1043 1475 1070 1498 et
1084 1478 1167 1498 novas
1182 1475 1288 1506 nuptas,
1304 1471 1429 1498 nimirum
1442 1479 1458 1499 e
1473 1471 1599 1500 thalamis
1614 1473 1704 1500 adhuc

918 1515 1054 1542 coronatis
1074 1520 1260 1548 excurrentes,
1278 1519 1307 1543 et
1328 1515 1454 1543 lectulum
1477 1516 1609 1551 genialem
1630 1517 1707 1545 dese-

920 1565 1021 1593 rentes,
1036 1561 1252 1595 voluptatemque
1263 1565 1290 1587 et
1304 1560 1397 1595 epulas
1409 1561 1598 1596 despicientes,
1610 1565 1638 1589 et
1651 1562 1705 1589 vita

919 1607 1066 1635 austeriore
1080 1611 1275 1634 commutantes
1290 1606 1401 1642 (plausu
1418 1614 1584 1641 compresso,
1600 1607 1706 1642 epitha—

919 1651 1007 1679 lamiis
1027 1651 1178 1684 silentibus,
1195 1656 1223 1679 et
1242 1651 1320 1679 bonis
1340 1651 1486 1684 ominibus,
1505 1652 1602 1686 quibus
1623 1660 1706 1680 novos

918 1697 1047 1733 coniuges
1058 1697 1166 1732 quidam
1181 1697 1307 1732 prosequi
1320 1698 1431 1732 solent),
1444 1701 1472 1724 et
1484 1705 1535 1724 una
1548 1705 1608 1724 cum
1620 1705 1698 1733 sport-

918 1744 956 1772 sis
977 1744 1165 1771 lamentantes.
1184 1743 1283 1770 Verum
1315 1743 1447 1777 siquidem
1473 1751 1542 1770 unus
1564 1751 1580 1771 e
1604 1743 1704 1772 nostris

917 1788 1086 1823 sapientibus
1100 1788 1167 1816 dixit
1182 1797 1190 1816 :
1208 1797 1219 1814 ι
1237 1787 1338 1815 Musica
1355 1788 1380 1815 in
1395 1788 1479 1820 luctu,
1494 1793 1535 1815 est
1550 1789 1686 1823 importun

917 1834 1065 1862 narratio’.
1079 1843 1088 1860 ι
1101 1833 1276 1869 Opprimente
1287 1833 1368 1868 igitur
1377 1840 1426 1861 nos
1438 1833 1476 1860 ira
1487 1833 1585 1864 divina,
1599 1833 1701 1867 Ingere,

917 1887 970 1906 non
983 1879 1114 1906 conviviis
1125 1884 1152 1906 et
1164 1879 1268 1907 deliciis
1279 1879 1368 1906 soluto
1381 1879 1471 1905 animo
1484 1885 1581 1905 vacare
1593 1886 1703 1906 necesse

915 1930 966 1953 est.
979 1925 1045 1952 Nam
1061 1925 1249 1960 intempestive
1262 1925 1327 1952 dare
1341 1931 1450 1959 operam
1462 1924 1602 1959 voluptati,
1616 1928 1642 1952 et
1658 1932 1702 1952 re-

916 1972 1122 2006 prehensionem
1137 1977 1166 1999 et
1180 1979 1286 2007 poenam
1302 1971 1412 2004 mereri,
1427 1972 1536 2006 quidam
1553 1974 1585 1999 de
1599 1973 1701 2001 sanctis

916 2017 1055 2052 prophetis
1068 2018 1196 2050 ostendit,
1211 2018 1253 2045 his
1266 2018 1355 2045 verbis
1370 2018 1402 2045 de
1416 2017 1550 2045 lsraelitis
1565 2017 1677 2052 loquens
1692 2027 1700 2045 :

919 2073 928 2090 ι
948 2064 981 2090 Et
993 2063 1100 2090 vocavit
1116 2064 1245 2090 Dominus
1259 2063 1379 2091 Sabaoth
1393 2063 1420 2090 in
1434 2063 1478 2090 die
1493 2063 1536 2090 illa
1552 2062 1660 2096 ﬂetum,
1674 2069 1702 2091 et

915 2108 1062 2143 planctum,
1075 2112 1101 2135 et
1116 2108 1262 2142 calvitium,
1277 2113 1304 2136 et
1318 2109 1468 2136 cincturam
1484 2114 1635 2142 saccorum;
1651 2109 1701 2143 ipsi

915 2159 1004 2182 autem
1017 2155 1137 2181 fecerunt
1148 2154 1279 2187 laetitiam,
1293 2154 1464 2182 immolantes
1475 2154 1571 2182 vitulos
1581 2159 1608 2182 et
1619 2155 1702 2182 saeri-

917 2201 1028 2228 ticantes
1041 2207 1118 2232 oves;
1134 2199 1170 2226 ita
1184 2204 1212 2226 ut
1229 2199 1402 2226 comederent
1416 2207 1521 2232 carnes,
1537 2205 1564 2227 et
1579 2201 1702 2228 biberent

914 2247 1024 2280 vinum,
1049 2246 1170 2273 dicentes
1193 2253 1200 2272 :
1225 2245 1406 2273 Comedamus
1428 2250 1456 2273 et
1480 2246 1617 2279 bibamus,
1640 2253 1702 2274 cras

911 2292 984 2319 enim
1008 2290 1167 2318 morimur'.
1190 2300 1200 2317 ι
1222 2290 1262 2318 Ad
1279 2290 1396 2318 lamenta
1419 2292 1501 2326 igitur
1520 2296 1546 2319 et
1567 2291 1701 2328 lacrymas

911 2337 1118 2371 confugiendum
1132 2341 1174 2364 est
1189 2336 1232 2363 his
1258 2336 1286 2363 in
1299 2343 1368 2370 quos
1381 2337 1501 2364 caelestis
1514 2337 1554 2364 ira
1570 2338 1699 2366 incubue-

912 2384 957 2411 rit.
969 2383 1060 2418 Apagc
1074 2390 1133 2410 cum
1148 2382 1289 2410 conviviis.
1303 2382 1467 2417 Lugentibus
1479 2390 1560 2417 porro
1574 2389 1696 2411 sanctum

911 2433 939 2456 et
951 2428 1065 2456 electum
1078 2435 1163 2463 genus
1175 2428 1340 2455 miscendum
1355 2429 1402 2460 ait,
1415 2433 1443 2455 et
1456 2428 1517 2455 ideo
1532 2429 1602 2456 inter
1613 2430 1698 2457 vesti-

912 2474 1003 2502 bulum
1027 2473 1116 2508 templi
1139 2478 1166 2501 et
1186 2473 1270 2501 altare
1291 2472 1443 2508 ploraturos
1466 2474 1585 2507 impense
1606 2482 1697 2502 sacer-

914 2521 1003 2554 dotes,
1020 2524 1047 2548 et
1064 2528 1124 2548 cum
1142 2520 1243 2547 ululatu
1262 2520 1380 2548 dicturos
1398 2528 1404 2547 :
1423 2529 1433 2546 ι
1453 2519 1552 2554 Parce,
1568 2520 1694 2554 Domine,

914 2567 1011 2602 populo
1027 2571 1082 2599 tuo,
1098 2569 1126 2594 et
1142 2574 1177 2594 ne
1194 2567 1242 2593 des
1259 2565 1443 2593 haereditatem
1462 2570 1534 2592 tuam
1554 2566 1580 2593 in
1599 2574 1696 2601 oppro-

912 2612 1019 2644 brium,
1039 2617 1069 2639 ut
1090 2612 1263 2640 dominentur
1283 2618 1376 2639 eorum
1398 2611 1538 2644 nationes,
1559 2611 1639 2646 221
1664 2619 1698 2639 ne

911 2658 979 2686 forte
991 2658 1082 2686 dicant
1094 2662 1187 2693 gentes
1203 2666 1210 2685 :
1225 2657 1276 2686 Ubi
1290 2662 1332 2685 est
1346 2657 1417 2685 Deus
1430 2657 1541 2684 eorum?
1556 2667 1566 2683 ι
1581 2657 1657 2692 Quod
1673 2658 1695 2686 si

911 2710 1015 2733 tantum
1032 2705 1067 2732 de
1084 2705 1186 2732 locusta
1205 2705 1332 2743 loquitur,
1351 2704 1486 2739 quomodo
1503 2711 1556 2731 non
1575 2705 1664 2739 potius
1681 2703 1695 2732 τι

911 2751 980 2779 faine
1001 2755 1028 2778 et
1052 2751 1142 2786 inopia
1163 2751 1272 2778 liberari
1295 2750 1405 2785 petunt?
1427 2749 1537 2777 Timent
1558 2756 1647 2778 autem
1668 2751 1695 2777 in

911 2805 1006 2826 manus
1017 2797 1134 2825 hostium
1148 2796 1277 2830 incidere,
1286 2800 1313 2824 et
1324 2795 1476 2824 irrisionem
1487 2801 1570 2833 atque
1580 2797 1696 2825 dedecus

113 2879 133 2895 ”
160 2880 229 2908 Psal.
247 2889 358 2915 chvnt,
383 2883 423 2910 l2.
464 2883 472 2899 ¹
500 2883 509 2910 l
539 2883 610 2911 Petr.
644 2891 671 2917 ll,
691 2882 719 2909 2.
758 2883 768 2898 ¹
792 2881 875 2910 Eccli.
897 2889 964 2916 xxii,
978 2882 1004 2909 6.
1042 2882 1053 2898 ³
1078 2881 1131 2910 lsa.
1165 2882 1354 2916 xxtt,12,l5.
