1919 3042
209 175 260 202 567

704 168 731 195 S.
750 166 888 194 CYlllLLl
909 164 1141 194 ALEXANDRINI
1159 162 1318 192 ARCHIEP.

1778 159 1833 187 568

210 231 398 265 deprecantur.
424 226 566 255 Probabile
589 229 630 253 est
653 231 732 259 ergo,
757 224 827 258 quod
852 228 880 251 et
898 230 990 251 verum

1048 222 1145 257 μᾶλλον
1159 220 1252 256 λιμοῦ,
1261 220 1308 247 καὶ
1323 217 1425 250 ἐνδείας
1436 217 1557 245 αἰτοῦσιν
1572 217 1750 254 ἀπαλλαγήν;
1770 218 1832 244 ‘Ex-

210 275 342 307 dixerim,
362 274 412 301 sub
430 273 541 300 locustae
559 271 667 298 nomine
685 270 853 305 aenigmatice
872 274 900 297 et
917 274 993 297 recte

212 320 334 348 hostilem
356 317 526 352 Assyriorum
550 315 695 343 adventum
720 314 848 343 describi.
871 313 947 348 Quod
970 314 992 342 si

210 363 271 397 quis
288 361 368 389 etiam
388 360 421 387 de
437 360 503 394 ipsis
522 359 633 387 locustis
650 359 708 387 haec
725 359 896 394 interpretari
913 358 991 390 velit,

211 407 307 433 merito
325 405 542 440 propheticorum
560 404 732 432 oraculorum
751 405 928 432 meonomiam
945 405 993 432 ad-

211 453 332 480 miretur.
351 451 409 487 lpse
427 459 544 487 namque
563 452 688 488 supplicii
706 453 801 480 modus
819 456 922 479 tantum
940 459 992 478 non

209 498 338 525 adversus
358 498 539 526 Israelitarnm
560 499 721 526 dementiam
739 502 767 525 et
783 497 993 525 imbecillitatem

208 543 352 571 exclamat.
369 543 508 570 Mutabant
521 543 593 570 enim
608 547 635 570 et
648 542 846 570 venerabantur
859 541 924 568 deos
946 542 993 576 qui

208 597 262 616 nou
279 593 342 616 sunt
360 589 407 621 dii,
422 589 662 623 universorumque
678 587 731 614 Deo
747 587 850 620 relicto,
865 586 928 614 Baal
943 586 993 613 ad-

207 635 332 663 orabunt.
350 634 402 662 Sed
419 641 483 661 ecce
500 635 610 662 locusta:
625 641 686 661 cum
703 633 873 661 intolerando
888 632 994 667 agmine

207 685 446 713 castrametantur,
459 680 578 708 bruchus
594 683 724 711 armatur,
736 684 764 707 et
774 687 788 706 a
800 678 993 706 commentitiis

210 726 366 754 numinibus
377 726 434 753 suis
447 725 519 753 nullo
532 725 589 752 fulti
602 724 702 752 auxilio
716 728 883 752 sternuntur.
895 722 993 751 Bruchi

210 778 299 800 autem
319 777 346 800 et
366 772 476 800 locustae
490 772 582 803 victis,
599 776 627 799 et
644 772 709 798 deos
726 770 892 801 colentibus.
906 777 992 804 quan-

211 823 375 852 tumcunque
391 817 478 844 adhuc
496 815 674 851 proluissent,
691 815 714 842 si
733 820 828 842 contra
845 815 936 842 hostes
952 813 992 840 di-

212 863 368 896 micassent,
382 867 409 890 et
423 869 437 889 a
459 861 636 897 phalangibus
655 860 869 888 adversariorum
890 858 993 887 obsessi

212 908 334 936 fuissent.

1041 269 1144 296 δεδίασι
1167 268 1196 294 δὲ
1213 267 1244 293 τὺ
1268 266 1361 292 πεσεῖν
1380 266 1420 297 είς
1445 265 1538 300 χεῖρας
1553 264 1668 300 ἐχθρῶν,
1691 264 1741 291 καὶ
1758 273 1833 299 παρ-

1042 314 1178 341 αιτοῦνται
1199 313 1320 346 γέλωτα,
1343 311 1389 338 καὶ
1417 310 1578 345 ὀνειδισμόν.
1600 309 1681 341 Είκδς
1708 307 1767 342 οὖν,
1790 310 1834 336 ὅτι

1043 360 1125 395 φαίην
1135 359 1168 386 ἂν
1182 359 1229 385 καὶ
1239 357 1348 392 ἀληθὲς,
1365 357 1403 388 ὡς
1424 357 1453 382 ὲν
1465 355 1522 386 τοῖς
1536 354 1678 390 αἰνίγμασι
1696 355 1754 385 τοῖς
1769 353 1835 389 περὶ

1042 405 1092 439 τῆς
1115 403 1224 439 ἀκρίδος
1249 403 1266 437 ἡ
1297 401 1352 428 τῶν
1388 400 1538 436 Ἀσσυρίων
1564 400 1657 434 ιφοδος
1680 398 1834 434 λεληθότως

1042 449 1187 485 ἐγράφετο.
1205 449 1236 474 Εἰ
1260 448 1289 474 δὲ
1311 447 1344 482 δὴ
1371 446 1492 482 βούλοιτό
1504 454 1546 478 τις
1559 447 1606 473 καὶ
1629 445 1770 481 ὲπάὑτῆς
1782 446 1833 480 τῆς

1042 493 1152 529 ἁκρίδος
1177 491 1212 519 τὰ
1235 491 1349 518 τοιαῦτα
1371 491 1453 524 νοεῖν,
1477 490 1717 525 καταθαυμάσειεν
1731 489 1833 517 ἀντῶν

1043 537 1219 574 προφητικῶν
1235 536 1427 572 θεσπισμάτων
1455 537 1566 568 εἰκότως
1589 535 1638 572 τὴν
1662 535 1831 570 οἰκονομίαν.

1043 585 1127 617 Αὐτὸς
1147 584 1201 619 γὰρ
1223 584 1237 610 ὁ
1260 583 1309 619 τῆς
1323 582 1459 614 κολάσεως
1473 582 1573 617 τρὸπος
1588 581 1731 618 μονονουχὶ
1746 589 1832 608 κατα-

1043 631 1164 666 κέκραγε
1176 629 1224 664 τῆς
1238 628 1285 655 τοῦ
1306 628 1415 663 Ἰσραὴλ
1438 627 1577 660 ἀὸουλίας,
1591 628 1638 654 καὶ
1651 627 1768 663 προσέτι
1783 626 1833 662 τῆς

1043 676 1155 712 ἐνούσης
1176 675 1266 707 αὐτοῖς
1293 674 1446 706 ἀσθενείας.
1468 673 1633 707 Ἦλλάξαντο
1649 673 1704 709 γὰρ
1715 673 1795 705 θεοὺς
1808 673 1832 699 οἳ

1043 722 1093 749 οῦκ
1113 722 1166 748 εισι
1183 720 1249 753 θεοὶ,
1262 719 1367 748 καὶτὸν
1393 719 1446 746 τῶν
1468 719 1536 747 ὅλων
1558 719 1624 746 Θεδν
1648 719 1777 754 ἀφέντες,
1794 718 1833 754 τῷ

1044 767 1118 795 Βάαλ
1128 767 1392 802 προσκεκυνήκασιν.
1407 764 1477 791 Ἀλλ’
1489 764 1542 791 ἰδοὺ
1557 765 1586 791 αἱ
1602 763 1714 799 ἀκρίδες
1728 763 1833 799 ἀφόρη-

1043 822 1089 840 τον
1101 811 1240 839 ποιοῦνται
1263 811 1313 847 τὴν
1332 810 1518 846 παρεμδολὴν,
1539 810 1651 846 βροῦχος
1673 810 1831 842 ὁπλίζεται,

1044 857 1092 885 καὶ
1107 856 1283 884 πεπτώκασιν
1297 856 1424 891 οὐδεμίαν
1438 856 1545 891 ἔχοντες
1554 856 1715 891 ἐπικουρίαν
1732 856 1766 882 ὲκ
1779 854 1833 881 τῶν

1008 899 1225 938 Βψευδωνύμων
1245 902 1335 929 αὐτῶν
1363 901 1442 929 θεῶν.
1475 902 1507 928 Oi
1536 901 1564 928 δὲ
1594 901 1626 937 δὴ
1649 901 1760 937 βροῦχοι
1787 899 1832 927 καὶ

209 955 319 990 ἀκρίδες
334 955 499 990 ἡττωμένοις
516 953 595 980 ποίαν
608 953 714 984 ἔτιτοῖς
733 953 930 989 προσκυνοῦσιν
955 951 1045 984 αὐτοῖς
1075 951 1191 978 ἐπιδοῖεν
1208 949 1258 984 τὴν
1293 950 1387 978 ἄκεσιν
1411 949 1435 976 εἰ
1450 950 1578 985 μάχοιντο
1609 949 1677 985 πρὸς
1704 948 1830 984 ἐχθροὺς,

210 1001 256 1028 καὶ
271 1001 330 1032 ταῖς
341 999 395 1026 τῶν
409 998 535 1026 ἐναντίων
551 997 736 1033 πολιορκοῖντο
746 998 888 1033 φάλαγξιν.

297 1065 421 1111 ΤΟΜ
435 1065 500 1110 US
545 1063 906 1110 POSTERIOR.

245 1141 326 1168 Vsus.
340 1139 384 1172 18,
399 1139 442 1167 19.
457 1138 492 1165 Et
513 1139 604 1166 zelavit
623 1139 748 1166 Dominus
763 1144 857 1166 terram
872 1147 958 1172 suum,
970 1144 994 1167 et

200 1186 320 1220 pepercit
336 1185 432 1220 populo
444 1192 502 1211 suo.
514 1184 546 1211 Et
563 1185 694 1218 respondit
721 1184 858 1217 Dominus,
876 1191 899 1212 et
926 1185 995 1213 dixit

209 1231 306 1265 popqu
324 1238 392 1258 suo:
409 1229 475 1256 Ecce
501 1237 547 1265 ego
568 1230 670 1256 mittant
691 1231 761 1258 vobis
788 1231 958 1264 frumentum,
970 1236 994 1258 et

211 1276 308 1306 sinum,
324 1280 348 1302 et
365 1273 462 1305 oleum,
483 1278 507 1301 et
520 1273 790 1307 implebiminieis;et
802 1282 853 1301 non
875 1274 942 1300 dabo
953 1282 995 1301 vos

211 1321 282 1348 ultro
289 1320 316 1347 in
324 1319 489 1354 opprobrium
503 1319 530 1347 in
536 1319 664 1354 gentibus.
673 1319 706 1345 Et
713 1327 771 1346 eum
778 1320 823 1354 qui
835 1319 866 1346 ob
876 1319 995 1354 aquilone

202 1365 358 1401 upelloma
371 1365 451 1393 vobis.

248 1465 332 1494 XXX.
347 1465 414 1493 Vide
428 1469 583 1493 currentem
610 1471 626 1491 e
639 1463 753 1499 vestigio
768 1462 992 1492 misericordiam.

213 1511 452 1543 Prazvertitenim.
480 1511 586 1545 opinor,
613 1509 716 1538 luctum
743 1509 887 1542 serenitas,
902 1514 930 1537 et
957 1508 995 1535 la-

204 1567 319 1596 .crymas
335 1558 510 1594 poenitentiae.
529 1558 616 1593 gratia
631 1557 797 1586 miserantis.
822 1557 925 1592 Quippe
941 1564 994 1584 non

213 1603 300 1632 solum
313 1602 497 1630 misericordia
506 1607 689 1630 commovetur
704 1610 767 1638 erga
791 1602 923 1634 miseros;
948 1602 995 1629 sed

213 1647 295 1675 etiam
311 1646 369 1674 zelo
378 1646 493 1678 ducitur,
510 1650 540 1673 ut
558 1645 600 1673 his
617 1651 775 1674 succenseat
791 1646 838 1681 qui
857 1654 905 1674 eos
920 1647 995 1674 bese-

214 1696 288 1725 runt,
307 1697 335 1720 et
351 1699 400 1727 per
415 1698 483 1727 quos
502 1691 528 1718 in
551 1691 731 1719 calamitatem
761 1692 924 1720 inciderunt.
942 1691 995 1720 Re-
1009 1689 1029 1717 C

211 1737 355 1774 prehendit
372 1742 461 1764 autem
475 1737 637 1772 Babylonios
651 1737 838 1767 universorum
855 1737 994 1769 Dominus,

214 1782 287 1818 quod
304 1782 440 1810 crudelius
468 1782 605 1816 aliquanto
633 1789 714 1817 quam
741 1783 870 1818 oportuit,
902 1783 928 1810 in
948 1790 996 1811 eos

214 1828 313 1863 quibus
331 1828 389 1863 ipse
406 1828 579 1860 irasceretur,
594 1827 750 1855 debacchati
764 1828 828 1855 sint.
844 1828 888 1855 Ait
903 1829 974 1855 enim
987 1838 994 1856 :

217 1886 226 1902 ι
247 1875 304 1911 Εεο
318 1874 378 1902 illos
392 1874 453 1902 dedi
470 1874 497 1901 in
514 1880 610 1901 manus
623 1877 743 1907 vestras;
759 1881 807 1901 vos
821 1873 874 1907 illis
891 1874 998 1901 miseri-

215 1921 334 1949 cordiam
352 1928 405 1948 non
427 1919 541 1950 dedistis
556 1919 576 1947 ἔ.
600 1929 609 1946 ι
623 1919 785 1947 Zachariam
800 1920 863 1947 item
882 1920 922 1948 sic
931 1920 997 1948 allo-

216 1967 329 2001 quitur:
350 1975 360 1992 ι
383 1965 444 1993 Haec
461 1966 529 1993 dicit
556 1965 707 1993 Dominus:
730 1965 819 1994 Zelavi
849 1965 996 1994 Jerusalem

215 2018 242 2040 ct
254 2012 319 2040 Sion
335 2012 392 2039 zelo
407 2018 515 2046 magno,
530 2015 557 2039 et
570 2011 610 2038 ira
627 2018 723 2047 magna
741 2019 791 2046 ego
804 2012 905 2040 irascor
917 2018 998 2047 super

215 2063 310 2093 gentes
324 2065 383 2092 qua:
394 2064 500 2084 mecum
511 2056 724 2091 superimposita
736 2061 808 2090 sunt;
825 2064 873 2092 pro
882 2064 914 2085 eo
927 2058 998 2092 quod

211 2111 265 2139 ego
276 2104 385 2139 quidem
406 2104 490 2130 iratus
502 2109 573 2134 sum.
588 2102 635 2129 sed
650 2103 795 2135 modicum,
810 2102 862 2137 ipsi
873 2110 937 2130 vero
962 2103 999 2131 si-

218 2149 272 2176 mul
287 2148 488 2184 superimpositi
505 2152 569 2175 sunt
580 2147 606 2174 in
621 2147 721 2175 malum
735 2148 756 2175 '.
774 2157 784 2174 »
800 2147 898 2176 Zelans
911 2148 1000 2183 itaque

213 2194 341 2229 populum
362 2201 451 2226 suum,
469 2194 502 2220 ad
514 2193 594 2219 vitam
608 2192 756 2228 degendam
772 2193 900 2227 requisita
915 2193 1000 2220 abun-

218 2241 313 2266 danter
325 2238 556 2273 suppeditaturum
568 2245 608 2271 se,
624 2241 652 2264 et
673 2236 778 2264 cladem
802 2238 998 2272 praecedentem

213 2283 308 2311 laetitia
317 2288 562 2318 compensaturum,
571 2281 763 2316 esculentaque
803 2282 836 2309 ad
848 2283 999 2309 satietatem

219 2330 374 2366 largiturum
388 2328 541 2364 pollicetur.
554 2327 634 2362 222
648 2327 758 2362 Insuper
769 2327 953 2360 securitatem,
972 2332 1001 2354 ut

1167 1056 1359 1100 ΤΟΜΟΣ
1398 1055 1691 1099 ΔΕΥΤΕΡΟΣ.

1080 1134 1134 1162 Kal
1150 1134 1301 1169 ἐζήλωσεν
1325 1135 1341 1160 ὀ
1365 1134 1473 1168 Κύριος
1489 1133 1548 1168 τὴν
1571 1132 1630 1168 γῆν
1644 1133 1751 1167 αὑτοῦ,
1781 1133 1831 1161 καὶ

1045 1179 1184 1214 ἐφείσατο
1199 1179 1252 1206 τοῦ
1271 1178 1348 1206 λαοῦ
1367 1178 1470 1206 αὑτοῦ.
1501 1178 1553 1205 Καὶ
1569 1179 1713 1212 ἀπεκρίθη
1730 1180 1748 1205 ὁ
1771 1179 1831 1206 Κύ-

1041 1234 1117 1259 ριος,
1132 1225 1182 1251 καὶ
1200 1223 1265 1252 εἶπε
1291 1224 1331 1258 τῷ
1353 1223 1416 1256 λαῷ
1440 1224 1552 1252 αὑτοῦ·
1579 1224 1655 1252 Ἰδοὺ
1681 1225 1740 1259 ἐγὼ
1762 1225 1833 1252 ἀπο-

1045 1270 1164 1298 στέλλω
1190 1270 1262 1305 ὑμῖν
1276 1270 1330 1298 τὸν
1353 1270 1450 1302 σῖτον,
1471 1271 1520 1297 καὶ
1538 1271 1592 1298 τὸν
1609 1269 1703 1303 οῖνον,
1734 1271 1785 1298 καί
1798 1271 1832 1298 τὸ

1045 1317 1158 1348 ἔλαιον,
1175 1316 1224 1343 καὶ
1237 1315 1493 1351 ἐμπλησθήσεσθε
1508 1316 1616 1348 αὐτῶν,
1629 1316 1679 1344 καὶ
1696 1317 1733 1343 οὐ
1746 1316 1833 1344 δώσω

1045 1361 1124 1397 ὑμᾶς
1135 1363 1191 1390 οὐκ
1206 1361 1249 1388 ἔτι
1266 1363 1309 1395 εὶς
1325 1361 1498 1396 ὀνειδισμὸν
1507 1362 1542 1389 ἐν
1557 1362 1618 1395 τοῖς
1633 1362 1766 1390 ἔθνεσιν.
1778 1363 1833 1390 Καὶ

1046 1408 1100 1435 τὸν
1110 1408 1168 1435 ἀπὸ
1179 1407 1277 1442 ,βορῤἁ
1295 1406 1424 1440 ὲκδιώζω
1438 1408 1487 1442 ἀφ’
1500 1407 1593 1442 ὑμῶν.

1082 1465 1121 1492 Δ’.
1147 1464 1241 1500 Ἀθρει
1268 1463 1300 1500 δὴ
1326 1464 1457 1499 τρέχοντα
1479 1463 1550 1491 κατὰ
1569 1464 1651 1496 πόδας
1675 1464 1722 1491 τὸν
1748 1463 1833 1492 ἔλεον.

1046 1511 1143 1538 Φθάνει
1154 1510 1219 1545 γὰρ,
1230 1507 1316 1545 οἶμαι,
1329 1509 1360 1536 τὸ
1371 1509 1467 1542 πένθος
1479 1511 1496 1545 ὴ
1511 1510 1672 1545 γαληνότης,
1688 1512 1736 1538 καὶ
1745 1511 1777 1538 τδ
1788 1511 1836 1538 ἐπὶ

1047 1557 1105 1588 ταῖς
1123 1554 1310 1591 μεταγνώσεσι
1321 1555 1438 1591 δάκρυον
1449 1556 1465 1590 ὴ
1477 1555 1556 1591 χάρις
1569 1555 1617 1583 τοῦ
1630 1557 1836 1592 κατοικτείραν-

1047 1611 1103 1634 τος.
1125 1603 1163 1629 Οὐ
1185 1602 1239 1638 γὰρ
1260 1602 1338 1637 μόνον
1353 1602 1424 1628 ἐλεεῖ
1446 1602 1509 1633 τοὺς
1528 1603 1703 1638 πεπραχότας
1718 1602 1834 1635 ἀθλίως,

1048 1648 1125 1684 ζηλοῖ
1133 1648 1162 1675 δὲ
1175 1648 1286 1683 μᾶλλον,
1297 1647 1335 1679 ὡς
1345 1647 1392 1674 καὶ
1403 1647 1564 1683 ὲπιμηνίσαι
1577 1649 1632 1680 τοῖς
1642 1647 1835 1684 λελυπηκόσιν,

1046 1694 1070 1721 οἳ
1089 1694 1136 1722 καὶ
1148 1693 1198 1729 τῆς
1210 1692 1429 1728 ἐπενηνεγμένης
1445 1693 1534 1723 αὐτοῖς
1549 1693 1706 1729 ἀθλιότητος
1719 1694 1836 1729 γεγόνα-

1048 1747 1090 1765 σιν
1104 1739 1246 1774 ὑπουργοί.
1265 1739 1444 1774 Ἐπισκήπτει
1463 1738 1491 1765 δέ
1508 1747 1559 1765 που
1570 1739 1627 1771 τοῖς
1652 1739 1836 1771 Βαὸυλωνιοις

1046 1786 1124 1812 ὁτῶν
1148 1786 1215 1812 ὅλων
1239 1785 1315 1817 Θεὸς,
1331 1785 1369 1817 ὡς
1384 1784 1568 1820 ἀπηνέστερόν
1581 1793 1639 1816 πως
1659 1784 1676 1820 ἦ
1704 1785 1760 1821 χρὴ
1780 1786 1836 1817 τοῖς

1048 1832 1100 1858 ὑπὸ
1126 1831 1200 1858 θείαν
1224 1831 1309 1866 ὀργὴν
1330 1830 1566 1866 ὲπενηνεγμένοις.
1593 1831 1666 1866 Ἔφη
1691 1831 1766 1867 γὰρ,
1795 1832 1836 1858 ὅτι

1051 1887 1059 1903 ι
1078 1877 1186 1904 Δὲδωκα
1207 1877 1306 1908 αὐτοὺς
1328 1876 1368 1908 εις
1393 1876 1443 1908 τὰς
1471 1877 1565 1911 χεῖράς
1595 1884 1653 1907 σου,
1681 1877 1714 1903 σὺ
1741 1876 1770 1903 δὲ
1786 1877 1836 1903 οὐκ

1047 1923 1151 1954 ἔδωκας
1162 1922 1253 1953 αὐτοῖς
1267 1921 1352 1953 ἔλεος.
1369 1930 1378 1948 ι
1399 1921 1454 1948 Καὶ
1470 1921 1522 1957 μὴν
1536 1921 1584 1948 καὶ
1599 1921 1668 1957 πρὸς
1684 1921 1834 1957 Ζαχαρίαν·

1051 1978 1060 1994 ι
1080 1967 1148 1994 Τάδε
1171 1967 1244 2002 λέγει
1270 1966 1381 2002 Κύριος
1410 1965 1548 2001 Ἐζὴλωσα
1583 1965 1632 2001 τὴν
1659 1966 1837 2001 Ἰερουσαλὴμ

1049 2012 1095 2040 καὶ
1115 2011 1165 2046 τὴν
1185 2010 1255 2038 Σιὼν
1269 2011 1348 2046 ζῆλον
1366 2010 1462 2045 μέγαν,
1479 2010 1526 2037 καὶ
1543 2009 1622 2045 θυμῷ
1649 2010 1762 2045 μεγάλῳ
1780 2010 1836 2044 ἐγω

1048 2057 1194 2092 ὀργίζομαι
1207 2057 1253 2083 ἐπὶ
1269 2056 1302 2082 τὰ
1319 2055 1382 2091 ἔθνη
1392 2055 1428 2082 τά
1439 2054 1676 2090 συνεπιτεθειμένα
1693 2064 1750 2090 μοι.
1765 2055 1836 2082 ‘Avo’

1049 2100 1087 2131 ὧν
1105 2103 1155 2139 μὲν
1171 2102 1226 2137 ἐγὼ
1248 2101 1388 2137 ὠργίσθην
1410 2100 1498 2134 ὀλίγα,
1511 2100 1589 2126 αὐτοὶ
1609 2100 1639 2126 δὲ
1657 2100 1837 2127 συνεπέθεντο

1049 2149 1088 2181 εἰς
1101 2149 1209 2176 κακίαν.
1225 2157 1234 2174 ν
1249 2146 1376 2182 Ζηλώσας
1389 2146 1421 2181 δὴ
1431 2144 1478 2172 οὖν
1491 2145 1536 2172 τὸν
1546 2144 1608 2172 λαὸν
1625 2144 1719 2177 αὐτοῦ,
1735 2153 1837 2172 atauu-

1050 2195 1211 2230 αγγέλλιται
1235 2195 1284 2230 μὲν
1308 2193 1433 2228 ἀφθόνως
1459 2192 1624 2228 χορηγήσειν
1650 2191 1685 2218 τὰ
1705 2191 1835 2228 ζωαρκῆ,

1050 2242 1097 2267 καὶ
1111 2241 1159 2276 τῆς
1175 2239 1363 2275 προλαϐούσης
1389 2238 1531 2273 συμφορᾶς
1551 2236 1666 2271 ἰσοπαλῆ
1689 2236 1741 2272 τὴν
1758 2237 1838 2264 εὐθυ-

1052 2287 1126 2322 μίαν,
1144 2286 1190 2312 καὶ
1218 2286 1258 2316 είς
1284 2285 1364 2320 κόρον
1386 2284 1421 2310 τὰ
1450 2283 1578 2318 ἐδώδιμα·
1594 2282 1663 2318 πρὸς
1690 2282 1837 2315 τούτοιςδὲ

1050 2331 1199 2366 ἀσφάλειαν
1213 2330 1259 2358 τοῦ
1271 2330 1308 2365 μὴ
1324 2330 1363 2361 εἰς
1376 2330 1470 2365 χεῖρας
1481 2328 1640 2363 δοθήσεσθαι
1651 2328 1704 2355 τῶν
1718 2328 1836 2364 ἐχθρῶν,

217 2377 243 2404 iu
261 2382 354 2403 manus
369 2375 486 2402 hostium
502 2380 555 2401 non
576 2372 724 2404 tradantur,
740 2380 790 2400 nec
802 2373 884 2400 vitam
897 2373 923 2400 in
938 2379 995 2400 ser-

1051 2379 1118 2413 μήτε
1129 2377 1182 2412 μὴν
1192 2376 1378 2407 ὑποπεσόντας
1391 2374 1496 2410 δουλείᾳ
1509 2375 1542 2409 τῇ
1555 2374 1597 2400 ἐπ’
1605 2373 1704 2404 αὐτοὺς
1717 2373 1834 2408 οἰκτρὸν,

217 2423 301 2450 vitutc
317 2421 441 2449 miseram
460 2423 487 2447 et
502 2425 679 2446 aerumnosam
696 2419 795 2446 vivant.
809 2420 849 2446 Ad
867 2418 924 2446 haec
939 2427 998 2454 pro-

218 2467 302 2494 mittit
318 2465 469 2500 iugaturum
481 2471 542 2492 eum
557 2463 602 2498 qui
619 2463 793 2498 abaquilone.
809 2465 859 2492 hoc
871 2470 924 2497 est,
937 2471 998 2492 eum

217 2512 263 2548 qui
275 2512 379 2539 vicinus
394 2514 436 2538 est
450 2510 588 2545 aquiloni;
603 2510 693 2545 potius
708 2511 779 2537 enim
804 2510 838 2538 ad
867 2510 998 2538 orientem

217 2558 263 2585 siti
276 2561 339 2585 sunt
352 2555 466 2591 Assyrii.
489 2555 565 2589 Quod
583 2555 605 2583 si
622 2555 682 2590 quis
696 2556 844 2587 existimat.
857 2556 938 2584 etiam
965 2563 999 2584 ex

217 2603 304 2638 magis
335 2601 538 2636 aquilonarihus
562 2601 662 2629 Judaeze
687 2601 806 2636 partibus
832 2602 997 2629 locustarum

218 2647 422 2684 impressionem
437 2646 547 2679 factam,
578 2646 645 2674 nihil
675 2646 828 2681 prohibebit
857 2647 1000 2682 quominus

219 2694 362 2730 explicatio
374 2693 424 2721 ista
440 2692 580 2728 probetur.

252 2737 312 2766 Jam
332 2739 354 2766 si
372 2738 414 2766 cui
428 2741 637 2772 corrumpuntur
647 2738 729 2765 etiam
754 2737 823 2765 bona
839 2737 927 2766 cordis
944 2738 999 2771 sui,

217 2790 246 2815 et
260 2793 318 2821 qua:
325 2785 485 2821 cogitatione
497 2788 644 2814 cernuntur
654 2783 789 2811 fructuum
803 2783 998 2812 uberrimorum

261 2875 273 2893 ⁵
292 2875 342 2903 lsa.
363 2883 442 2909 XLVII,
459 2875 484 2902 6.
523 2875 532 2891 '
551 2873 633 2900 Zach.
651 2881 670 2906 I,
688 2872 728 2907 ιι,
746 2872 787 2900 15.

1048 2424 1094 2451 καὶ
1109 2425 1138 2450 ὲν
1152 2423 1290 2457 ἀθλιότητι
1317 2423 1397 2458 ζῆσαι
1422 2421 1488 2456 βίον.
1509 2420 1697 2454 Ὑπισχνεῖται
1721 2419 1752 2446 ὁὶ
1769 2419 1836 2455 πρὸς

1047 2467 1151 2498 τούτοις
1176 2466 1300 2501 ἀφανιεῖν
1328 2466 1373 2493 τὸν
1402 2465 1456 2492 ἀπὸ
1487 2463 1590 2499 βορρᾶ,
1617 2463 1761 2495 τουτέστι,
1790 2463 1836 2490 τὸν

1049 2512 1229 2548 βορειότερον,
1244 2511 1312 2548 πρὸς
1323 2512 1419 2539 ἀκτῖνα
1433 2510 1486 2545 γὰρ
1500 2510 1592 2540 αὐτοῖς
1606 2508 1706 2544 μᾶλλον
1716 2510 1734 2544 ἡ
1747 2509 1835 2545 χώρα.

1048 2558 1080 2585 Εἰ
1093 2558 1121 2584 δὲ
1135 2557 1167 2592 δή
1185 2565 1226 2589 τις
1244 2557 1326 2583 οῐοιτο
1342 2556 1389 2583 καὶ
1414 2555 1447 2581 ὲκ
1469 2554 1522 2582 τῶν
1545 2553 1722 2589 βορειοτὲρων
1745 2553 1836 2590 μερῶν

1048 2603 1098 2639 τῆς
1116 2602 1257 2634 Ἰουδαίας,
1280 2603 1329 2637 τῆς
1351 2600 1460 2636 ἀκρίδος
1470 2599 1595 2634 γενέσθαι
1608 2599 1658 2634 τὴν
1679 2598 1791 2633 ἔφοδον,
1808 2599 1837 2626 re

1049 2647 1154 2674 κωλύον
1180 2646 1257 2674 οὐδὲν
1277 2645 1365 2682 ὀρθῶς
1391 2645 1464 2680 ἔχειν
1490 2643 1593 2671 οῐεσθαι
1619 2644 1668 2682 καὶ
1691 2643 1765 2670 οὓτω
1793 2644 1838 2671 τὸν

1049 2692 1137 2726 λόγον.

1085 2738 1117 2764 El.
1132 2737 1160 2764 δὲ
1179 2737 1211 2773 δή
1226 2745 1280 2764 τισι
1306 2735 1514 2771 καταφθείροιτο
1538 2735 1586 2762 καὶ
1609 2735 1644 2762 τὰ
1667 2735 1708 2766 εἰς
1724 2734 1838 2769 καρδίαν

1050 2782 1151 2817 ἀγαθὰ,
1170 2783 1217 2810 καὶ
1230 2783 1278 2818 τῆς
1290 2781 1388 2818 νοητῆς
1411 2780 1563 2815 εὐκαρπίας
1577 2781 1592 2808 ὀ
1610 2780 1726 2812 πλοῦτος
1740 2776 1838 2814 οἷάπερ
