  <div class='ocr_page' id='page_1' title='image "/cluster/home/n/w/nwhite01/storage/ocr_20150623/71/njp.32101077772745/198.png"; bbox 0 0 1919 3042; ppageno 0'>
   <div class='ocr_carea' id='block_1_1' title="bbox 80 164 129 192">
    <p class='ocr_par' dir='ltr' id='par_1_1' title="bbox 80 164 129 192">
     <span class='ocr_line' id='line_1_1' title="bbox 80 164 129 192; baseline 0 0"><span class='ocrx_word' id='word_1_1' title='bbox 80 164 129 192; x_wconf 78' lang='lat'><strong>369</strong></span> 
     </span>
    </p>
   </div>
   <div class='ocr_carea' id='block_1_2' title="bbox 531 162 1248 194">
    <p class='ocr_par' dir='ltr' id='par_1_2' title="bbox 531 162 1248 194">
     <span class='ocr_line' id='line_1_2' title="bbox 531 162 1248 194; baseline 0.003 -2"><span class='ocrx_word' id='word_1_2' title='bbox 531 162 805 192; x_wconf 78' lang='lat' dir='ltr'><strong>COMMENTARIUS</strong></span> <span class='ocrx_word' id='word_1_3' title='bbox 824 163 858 191; x_wconf 83' lang='lat' dir='ltr'><strong>1N</strong></span> <span class='ocrx_word' id='word_1_4' title='bbox 878 163 1008 194; x_wconf 76' lang='lat' dir='ltr'><strong>JOELEM</strong></span> <span class='ocrx_word' id='word_1_5' title='bbox 1029 165 1248 194; x_wconf 77' lang='lat' dir='ltr'><strong>PBOPHETAM.</strong></span> 
     </span>
    </p>
   </div>
   <div class='ocr_carea' id='block_1_3' title="bbox 1655 171 1709 199">
    <p class='ocr_par' dir='ltr' id='par_1_3' title="bbox 1655 171 1709 199">
     <span class='ocr_line' id='line_1_3' title="bbox 1655 171 1709 199; baseline -0.019 0"><span class='ocrx_word' id='word_1_6' title='bbox 1655 171 1709 199; x_wconf 71' lang='lat'><strong>570</strong></span> 
     </span>
    </p>
   </div>
   <div class='ocr_carea' id='block_1_4' title="bbox 77 221 881 265">
    <p class='ocr_par' dir='ltr' id='par_1_4' title="bbox 77 221 870 258">
     <span class='ocr_line' id='line_1_4' title="bbox 77 221 870 258; baseline -0.001 -8"><span class='ocrx_word' id='word_1_7' title='bbox 77 222 181 258; x_wconf 64' lang='lat' dir='ltr'><strong>ixpiSoc</strong></span> <span class='ocrx_word' id='word_1_8' title='bbox 195 221 293 254; x_wconf 77' lang='grc' dir='ltr'>αὐτοῖς</span> <span class='ocrx_word' id='word_1_9' title='bbox 309 221 488 258; x_wconf 81' lang='grc' dir='ltr'>ὲπιπηδώσης</span> <span class='ocrx_word' id='word_1_10' title='bbox 505 222 554 258; x_wconf 85' lang='grc' dir='ltr'>τῆς</span> <span class='ocrx_word' id='word_1_11' title='bbox 576 221 632 249; x_wconf 89' lang='grc' dir='ltr'><strong>τῶν</strong></span> <span class='ocrx_word' id='word_1_12' title='bbox 654 222 790 258; x_wconf 86' lang='grc' dir='ltr'><strong>δαιμόνων</strong></span> <span class='ocrx_word' id='word_1_13' title='bbox 804 222 870 257; x_wconf 71' lang='grc' dir='ltr'>ἀγι-</span> 
     </span>
    </p>
   </div>
   <div class='ocr_carea' id='block_1_5' title="bbox 935 221 1709 265">
    <p class='ocr_par' dir='ltr' id='par_1_5' title="bbox 935 224 1709 265">
     <span class='ocr_line' id='line_1_5' title="bbox 935 224 1709 265; baseline 0.006 -14"><span class='ocrx_word' id='word_1_14' title='bbox 935 224 1031 259; x_wconf 75' lang='lat' dir='ltr'><strong>livitiae,</strong></span> <span class='ocrx_word' id='word_1_15' title='bbox 1047 226 1160 262; x_wconf 84' lang='lat' dir='ltr'><strong>proinde</strong></span> <span class='ocrx_word' id='word_1_16' title='bbox 1170 231 1199 254; x_wconf 90' lang='lat' dir='ltr'><strong>ut</strong></span> <span class='ocrx_word' id='word_1_17' title='bbox 1212 225 1460 255; x_wconf 85' lang='lat' dir='ltr'><strong>locttstainsilienle</strong></span> <span class='ocrx_word' id='word_1_18' title='bbox 1488 226 1514 254; x_wconf 87' lang='lat' dir='ltr'><strong>in</strong></span> <span class='ocrx_word' id='word_1_19' title='bbox 1541 227 1612 262; x_wconf 80' lang='lat' dir='ltr'><strong>ipsas</strong></span> <span class='ocrx_word' id='word_1_20' title='bbox 1629 236 1709 265; x_wconf 69' lang='lat' dir='ltr'><strong>grege</strong></span> 
     </span>
    </p>
   </div>
   <div class='ocr_carea' id='block_1_6' title="bbox 77 267 871 304">
    <p class='ocr_par' dir='ltr' id='par_1_6' title="bbox 77 267 871 304">
     <span class='ocr_line' id='line_1_6' title="bbox 77 267 871 304; baseline 0.001 -10"><span class='ocrx_word' id='word_1_21' title='bbox 77 272 131 303; x_wconf 84' lang='grc' dir='ltr'>λης,</span> <span class='ocrx_word' id='word_1_22' title='bbox 155 267 203 294; x_wconf 75' lang='grc' dir='ltr'>καὶ</span> <span class='ocrx_word' id='word_1_23' title='bbox 220 267 418 295; x_wconf 76' lang='grc' dir='ltr'>ιωιταθεουσῶν</span> <span class='ocrx_word' id='word_1_24' title='bbox 442 267 545 304; x_wconf 85' lang='grc' dir='ltr'>ἀρχῶν,</span> <span class='ocrx_word' id='word_1_25' title='bbox 562 268 701 303; x_wconf 80' lang='grc' dir='ltr'><strong>δυνάμεων</strong></span> <span class='ocrx_word' id='word_1_26' title='bbox 721 269 769 295; x_wconf 78' lang='grc' dir='ltr'>καὶ</span> <span class='ocrx_word' id='word_1_27' title='bbox 795 268 871 300; x_wconf 61' lang='lat' dir='ltr'><strong>lieu-</strong></span> 
     </span>
    </p>
   </div>
   <div class='ocr_carea' id='block_1_7' title="bbox 79 312 871 349">
    <p class='ocr_par' dir='ltr' id='par_1_7' title="bbox 79 312 871 349">
     <span class='ocr_line' id='line_1_7' title="bbox 79 312 871 349; baseline 0.001 -10"><span class='ocrx_word' id='word_1_28' title='bbox 79 313 139 340; x_wconf 87' lang='grc' dir='ltr'>σιῶν</span> <span class='ocrx_word' id='word_1_29' title='bbox 153 312 256 348; x_wconf 84' lang='grc' dir='ltr'>(δῆλον</span> <span class='ocrx_word' id='word_1_30' title='bbox 269 313 300 339; x_wconf 80' lang='grc' dir='ltr'>δὲ</span> <span class='ocrx_word' id='word_1_31' title='bbox 310 313 352 340; x_wconf 70' lang='grc' dir='ltr'>ὅτι</span> <span class='ocrx_word' id='word_1_32' title='bbox 366 313 526 349; x_wconf 75' lang='grc' dir='ltr'>πονηρῶν),</span> <span class='ocrx_word' id='word_1_33' title='bbox 536 313 647 340; x_wconf 82' lang='grc' dir='ltr'>ποιείτω</span> <span class='ocrx_word' id='word_1_34' title='bbox 656 313 687 340; x_wconf 78' lang='grc' dir='ltr'>τὸ</span> <span class='ocrx_word' id='word_1_35' title='bbox 697 313 805 347; x_wconf 80' lang='grc' dir='ltr'>πένθος,</span> <span class='ocrx_word' id='word_1_36' title='bbox 823 322 871 349; x_wconf 78' lang='grc' dir='ltr'>με·</span> 
     </span>
    </p>
   </div>
   <div class='ocr_carea' id='block_1_8' title="bbox 79 359 868 397">
    <p class='ocr_par' dir='ltr' id='par_1_8' title="bbox 79 359 868 397">
     <span class='ocr_line' id='line_1_8' title="bbox 79 359 868 397; baseline 0.003 -11"><span class='ocrx_word' id='word_1_37' title='bbox 79 359 179 387; x_wconf 84' lang='grc' dir='ltr'>λετάτω</span> <span class='ocrx_word' id='word_1_38' title='bbox 198 359 251 395; x_wconf 85' lang='grc' dir='ltr'>τὴν</span> <span class='ocrx_word' id='word_1_39' title='bbox 283 360 467 396; x_wconf 75' lang='grc' dir='ltr'><strong>μετάγνωσιν,</strong></span> <span class='ocrx_word' id='word_1_40' title='bbox 491 360 676 397; x_wconf 80' lang='grc' dir='ltr'>δακρυροείτω</span> <span class='ocrx_word' id='word_1_41' title='bbox 697 361 765 396; x_wconf 83' lang='grc' dir='ltr'>πρὸς</span> <span class='ocrx_word' id='word_1_42' title='bbox 792 361 868 388; x_wconf 86' lang='grc' dir='ltr'>Θεόν.</span> 
     </span>
    </p>
   </div>
   <div class='ocr_carea' id='block_1_9' title="bbox 84 405 870 442">
    <p class='ocr_par' dir='ltr' id='par_1_9' title="bbox 84 405 870 442">
     <span class='ocr_line' id='line_1_9' title="bbox 84 405 870 442; baseline 0.001 -10"><span class='ocrx_word' id='word_1_43' title='bbox 84 405 246 432; x_wconf 83' lang='grc' dir='ltr'>’Δκούσεται</span> <span class='ocrx_word' id='word_1_44' title='bbox 262 406 319 442; x_wconf 80' lang='grc' dir='ltr'><strong>γὰρ</strong></span> <span class='ocrx_word' id='word_1_45' title='bbox 345 407 427 439; x_wconf 83' lang='grc' dir='ltr'>εὐθὺς</span> <span class='ocrx_word' id='word_1_46' title='bbox 450 407 483 434; x_wconf 77' lang='grc' dir='ltr'>ὲκ</span> <span class='ocrx_word' id='word_1_47' title='bbox 509 406 714 442; x_wconf 83' lang='grc' dir='ltr'><strong>φιλανθρωπίας</strong></span> <span class='ocrx_word' id='word_1_48' title='bbox 734 406 870 441; x_wconf 72' lang='grc' dir='ltr'>λέγοντος·</span> 
     </span>
    </p>
   </div>
   <div class='ocr_carea' id='block_1_10' title="bbox 81 448 871 486">
    <p class='ocr_par' dir='ltr' id='par_1_10' title="bbox 81 448 871 486">
     <span class='ocr_line' id='line_1_10' title="bbox 81 448 871 486; baseline 0.001 -10"><span class='ocrx_word' id='word_1_49' title='bbox 81 459 90 476; x_wconf 75' lang='grc' dir='ltr'><strong>ι</strong></span> <span class='ocrx_word' id='word_1_50' title='bbox 112 449 178 476; x_wconf 84' lang='grc' dir='ltr'>Ἰδοὺ</span> <span class='ocrx_word' id='word_1_51' title='bbox 195 449 254 484; x_wconf 72' lang='grc' dir='ltr'>ἐγὼ</span> <span class='ocrx_word' id='word_1_52' title='bbox 267 450 365 486; x_wconf 86' lang='grc' dir='ltr'>δίδωμι</span> <span class='ocrx_word' id='word_1_53' title='bbox 382 451 446 486; x_wconf 81' lang='grc' dir='ltr'>ὑμῖν</span> <span class='ocrx_word' id='word_1_54' title='bbox 455 450 500 477; x_wconf 85' lang='grc' dir='ltr'>τὸν</span> <span class='ocrx_word' id='word_1_55' title='bbox 514 451 596 482; x_wconf 80' lang='grc' dir='ltr'>σῖτον,</span> <span class='ocrx_word' id='word_1_56' title='bbox 610 451 658 477; x_wconf 79' lang='grc' dir='ltr'>καὶ</span> <span class='ocrx_word' id='word_1_57' title='bbox 670 450 716 477; x_wconf 79' lang='grc' dir='ltr'>τὸν</span> <span class='ocrx_word' id='word_1_58' title='bbox 727 448 808 483; x_wconf 75' lang='grc' dir='ltr'>οἶνον,</span> <span class='ocrx_word' id='word_1_59' title='bbox 824 450 871 477; x_wconf 72' lang='grc' dir='ltr'>καὶ</span> 
     </span>
    </p>
   </div>
   <div class='ocr_carea' id='block_1_11' title="bbox 78 494 872 531">
    <p class='ocr_par' dir='ltr' id='par_1_11' title="bbox 78 494 872 531">
     <span class='ocr_line' id='line_1_11' title="bbox 78 494 872 531; baseline 0.001 -10"><span class='ocrx_word' id='word_1_60' title='bbox 78 495 108 521; x_wconf 77' lang='grc' dir='ltr'>τὸ</span> <span class='ocrx_word' id='word_1_61' title='bbox 126 494 231 522; x_wconf 70' lang='grc' dir='ltr'>ἔλαιον.</span> <span class='ocrx_word' id='word_1_62' title='bbox 251 504 261 521; x_wconf 81' lang='grc' dir='ltr'><strong>ι</strong></span> <span class='ocrx_word' id='word_1_63' title='bbox 293 495 442 530; x_wconf 80' lang='grc' dir='ltr'>’Δποφανεϊ</span> <span class='ocrx_word' id='word_1_64' title='bbox 456 495 510 531; x_wconf 82' lang='grc' dir='ltr'><strong>γὰρ</strong></span> <span class='ocrx_word' id='word_1_65' title='bbox 533 494 582 530; x_wconf 83' lang='grc' dir='ltr'><strong>τὴν</strong></span> <span class='ocrx_word' id='word_1_66' title='bbox 603 494 685 522; x_wconf 77' lang='grc' dir='ltr'>αὑτοῦ</span> <span class='ocrx_word' id='word_1_67' title='bbox 707 495 820 531; x_wconf 81' lang='grc' dir='ltr'><strong>καρδίαν</strong></span> <span class='ocrx_word' id='word_1_68' title='bbox 834 495 872 527; x_wconf 82' lang='grc' dir='ltr'>ὡς</span> 
     </span>
    </p>
   </div>
   <div class='ocr_carea' id='block_1_12' title="bbox 79 539 871 577">
    <p class='ocr_par' dir='ltr' id='par_1_12' title="bbox 79 539 871 577">
     <span class='ocr_line' id='line_1_12' title="bbox 79 539 871 577; baseline 0.001 -11"><span class='ocrx_word' id='word_1_69' title='bbox 79 539 215 575; x_wconf 84' lang='grc' dir='ltr'>εὔσταχυν</span> <span class='ocrx_word' id='word_1_70' title='bbox 227 540 293 574; x_wconf 85' lang='grc' dir='ltr'><strong>γῆν,</strong></span> <span class='ocrx_word' id='word_1_71' title='bbox 310 541 349 572; x_wconf 86' lang='grc' dir='ltr'><strong>ὡς</strong></span> <span class='ocrx_word' id='word_1_72' title='bbox 363 541 495 576; x_wconf 83' lang='grc' dir='ltr'>πρέμνοις</span> <span class='ocrx_word' id='word_1_73' title='bbox 510 540 620 576; x_wconf 80' lang='grc' dir='ltr'><strong>ὡραίοις</strong></span> <span class='ocrx_word' id='word_1_74' title='bbox 632 540 759 576; x_wconf 82' lang='grc' dir='ltr'>κομῶντα</span> <span class='ocrx_word' id='word_1_75' title='bbox 773 541 871 577; x_wconf 80' lang='grc' dir='ltr'>κῆπον,</span> 
     </span>
    </p>
   </div>
   <div class='ocr_carea' id='block_1_13' title="bbox 79 584 872 621">
    <p class='ocr_par' dir='ltr' id='par_1_13' title="bbox 79 584 872 621">
     <span class='ocr_line' id='line_1_13' title="bbox 79 584 872 621; baseline 0.003 -11"><span class='ocrx_word' id='word_1_76' title='bbox 79 585 116 616; x_wconf 83' lang='grc' dir='ltr'>ὡς</span> <span class='ocrx_word' id='word_1_77' title='bbox 139 584 277 620; x_wconf 82' lang='grc' dir='ltr'>εὖὸοτρυν</span> <span class='ocrx_word' id='word_1_78' title='bbox 302 585 463 620; x_wconf 78' lang='grc' dir='ltr'><strong>ἀμπελῶνα,</strong></span> <span class='ocrx_word' id='word_1_79' title='bbox 478 585 525 612; x_wconf 77' lang='grc' dir='ltr'>καὶ</span> <span class='ocrx_word' id='word_1_80' title='bbox 542 585 596 621; x_wconf 88' lang='grc' dir='ltr'>μὴν</span> <span class='ocrx_word' id='word_1_81' title='bbox 615 586 663 612; x_wconf 79' lang='grc' dir='ltr'>καὶ</span> <span class='ocrx_word' id='word_1_82' title='bbox 688 585 772 621; x_wconf 77' lang='grc' dir='ltr'>ἐλαίῳ</span> <span class='ocrx_word' id='word_1_83' title='bbox 786 594 872 612; x_wconf 86' lang='grc' dir='ltr'>κατα-</span> 
     </span>
    </p>
   </div>
   <div class='ocr_carea' id='block_1_14' title="bbox 79 631 870 667">
    <p class='ocr_par' dir='ltr' id='par_1_14' title="bbox 79 631 870 667">
     <span class='ocr_line' id='line_1_14' title="bbox 79 631 870 667; baseline 0.003 -11"><span class='ocrx_word' id='word_1_84' title='bbox 79 631 184 658; x_wconf 80' lang='grc' dir='ltr'>πιανεῖ.</span> <span class='ocrx_word' id='word_1_85' title='bbox 216 639 227 656; x_wconf 87' lang='grc'><em>‹</em></span> <span class='ocrx_word' id='word_1_86' title='bbox 251 631 399 662; x_wconf 83' lang='grc' dir='ltr'>Ἐλίπανας</span> <span class='ocrx_word' id='word_1_87' title='bbox 417 631 446 658; x_wconf 78' lang='grc' dir='ltr'>ὲν</span> <span class='ocrx_word' id='word_1_88' title='bbox 467 631 550 666; x_wconf 87' lang='grc' dir='ltr'>ὲλαίῳ</span> <span class='ocrx_word' id='word_1_89' title='bbox 572 631 620 667; x_wconf 86' lang='grc' dir='ltr'>τὴν</span> <span class='ocrx_word' id='word_1_90' title='bbox 636 631 756 666; x_wconf 83' lang='grc' dir='ltr'>κεφαλήν</span> <span class='ocrx_word' id='word_1_91' title='bbox 781 639 844 666; x_wconf 89' lang='grc' dir='ltr'>μου.</span> <span class='ocrx_word' id='word_1_92' title='bbox 861 641 870 658; x_wconf 80' lang='grc' dir='ltr'><strong>ι</strong></span> 
     </span>
    </p>
   </div>
   <div class='ocr_carea' id='block_1_15' title="bbox 87 675 873 714">
    <p class='ocr_par' dir='ltr' id='par_1_15' title="bbox 87 675 873 714">
     <span class='ocr_line' id='line_1_15' title="bbox 87 675 873 714; baseline 0 -11"><span class='ocrx_word' id='word_1_93' title='bbox 87 675 229 708; x_wconf 79' lang='grc' dir='ltr'>Ἐξελάσει</span> <span class='ocrx_word' id='word_1_94' title='bbox 255 676 284 703; x_wconf 80' lang='grc' dir='ltr'>δὲ</span> <span class='ocrx_word' id='word_1_95' title='bbox 306 676 354 704; x_wconf 77' lang='grc' dir='ltr'>ἀπ’</span> <span class='ocrx_word' id='word_1_96' title='bbox 373 676 455 704; x_wconf 80' lang='grc' dir='ltr'>αὐτοῦ</span> <span class='ocrx_word' id='word_1_97' title='bbox 479 677 526 704; x_wconf 86' lang='grc' dir='ltr'>τὸν</span> <span class='ocrx_word' id='word_1_98' title='bbox 541 677 596 704; x_wconf 85' lang='grc' dir='ltr'><strong>ἀπὺ</strong></span> <span class='ocrx_word' id='word_1_99' title='bbox 619 676 714 714; x_wconf 77' lang='grc' dir='ltr'>βορρᾶ,</span> <span class='ocrx_word' id='word_1_100' title='bbox 731 677 873 708; x_wconf 80' lang='grc' dir='ltr'>τουτέστι,</span> 
     </span>
    </p>
   </div>
   <div class='ocr_carea' id='block_1_16' title="bbox 81 721 875 759">
    <p class='ocr_par' dir='ltr' id='par_1_16' title="bbox 81 721 875 759">
     <span class='ocr_line' id='line_1_16' title="bbox 81 721 875 759; baseline 0.004 -11"><span class='ocrx_word' id='word_1_101' title='bbox 81 721 126 748; x_wconf 79' lang='grc' dir='ltr'>τὸν</span> <span class='ocrx_word' id='word_1_102' title='bbox 152 721 334 757; x_wconf 73' lang='grc' dir='ltr'>ἀπαιιύχοντα</span> <span class='ocrx_word' id='word_1_103' title='bbox 357 723 490 755; x_wconf 77' lang='grc' dir='ltr'>Σατανᾶν,</span> <span class='ocrx_word' id='word_1_104' title='bbox 515 723 563 749; x_wconf 79' lang='grc' dir='ltr'>καὶ</span> <span class='ocrx_word' id='word_1_105' title='bbox 587 723 637 758; x_wconf 83' lang='grc' dir='ltr'><strong>ζῇν</strong></span> <span class='ocrx_word' id='word_1_106' title='bbox 657 723 709 750; x_wconf 84' lang='grc' dir='ltr'>οὐκ</span> <span class='ocrx_word' id='word_1_107' title='bbox 734 723 822 751; x_wconf 73' lang='grc' dir='ltr'>ἐῶντα</span> <span class='ocrx_word' id='word_1_108' title='bbox 835 724 875 759; x_wconf 79' lang='grc' dir='ltr'>τῷ</span> 
     </span>
    </p>
   </div>
   <div class='ocr_carea' id='block_1_17' title="bbox 81 767 875 806">
    <p class='ocr_par' dir='ltr' id='par_1_17' title="bbox 81 767 875 806">
     <span class='ocr_line' id='line_1_17' title="bbox 81 767 875 806; baseline 0.004 -12"><span class='ocrx_word' id='word_1_109' title='bbox 81 767 223 803; x_wconf 84' lang='grc' dir='ltr'>πνεύματι</span> <span class='ocrx_word' id='word_1_110' title='bbox 232 768 296 800; x_wconf 81' lang='grc' dir='ltr'>τοὺς</span> <span class='ocrx_word' id='word_1_111' title='bbox 306 768 351 794; x_wconf 76' lang='grc' dir='ltr'><strong>ὑπ’</strong></span> <span class='ocrx_word' id='word_1_112' title='bbox 366 768 440 805; x_wconf 84' lang='grc' dir='ltr'>αὐτῷ</span> <span class='ocrx_word' id='word_1_113' title='bbox 451 769 624 805; x_wconf 82' lang='grc' dir='ltr'>γενομένους.</span> <span class='ocrx_word' id='word_1_114' title='bbox 643 769 836 806; x_wconf 82' lang='grc' dir='ltr'>Ψυχθήσεσθαι</span> <span class='ocrx_word' id='word_1_115' title='bbox 846 769 875 797; x_wconf 83' lang='grc' dir='ltr'>δὲ</span> 
     </span>
    </p>
   </div>
   <div class='ocr_carea' id='block_1_18' title="bbox 81 814 877 851">
    <p class='ocr_par' dir='ltr' id='par_1_18' title="bbox 81 814 877 851">
     <span class='ocr_line' id='line_1_18' title="bbox 81 814 877 851; baseline 0.006 -12"><span class='ocrx_word' id='word_1_116' title='bbox 81 814 95 840; x_wconf 81' lang='grc' dir='ltr'><strong>ό</strong></span> <span class='ocrx_word' id='word_1_117' title='bbox 109 814 217 849; x_wconf 80' lang='grc' dir='ltr'>Κύριος</span> <span class='ocrx_word' id='word_1_118' title='bbox 240 814 292 850; x_wconf 82' lang='grc' dir='ltr'>τὴν</span> <span class='ocrx_word' id='word_1_119' title='bbox 312 815 422 850; x_wconf 82' lang='grc' dir='ltr'>ἀγάπην</span> <span class='ocrx_word' id='word_1_120' title='bbox 441 815 495 843; x_wconf 90' lang='grc' dir='ltr'><strong>τῶν</strong></span> <span class='ocrx_word' id='word_1_121' title='bbox 516 816 621 843; x_wconf 84' lang='grc' dir='ltr'>πολλῶν</span> <span class='ocrx_word' id='word_1_122' title='bbox 652 817 755 851; x_wconf 72' lang='grc' dir='ltr'>ἔφασκε</span> <span class='ocrx_word' id='word_1_123' title='bbox 781 817 825 844; x_wconf 83' lang='grc' dir='ltr'><strong>διὰ</strong></span> <span class='ocrx_word' id='word_1_124' title='bbox 845 817 877 844; x_wconf 83' lang='grc' dir='ltr'>τὸ</span> 
     </span>
    </p>
   </div>
   <div class='ocr_carea' id='block_1_19' title="bbox 82 859 876 898">
    <p class='ocr_par' dir='ltr' id='par_1_19' title="bbox 82 859 876 898">
     <span class='ocr_line' id='line_1_19' title="bbox 82 859 876 898; baseline 0.005 -12"><span class='ocrx_word' id='word_1_125' title='bbox 82 859 274 895; x_wconf 83' lang='grc' dir='ltr'>πληθυνθῆναι</span> <span class='ocrx_word' id='word_1_126' title='bbox 292 861 342 897; x_wconf 79' lang='grc' dir='ltr'>τὴν</span> <span class='ocrx_word' id='word_1_127' title='bbox 354 861 479 896; x_wconf 81' lang='grc' dir='ltr'>ἀνομίαν.</span> <span class='ocrx_word' id='word_1_128' title='bbox 503 862 573 889; x_wconf 81' lang='grc' dir='ltr'>Ἀλλ’</span> <span class='ocrx_word' id='word_1_129' title='bbox 589 863 648 898; x_wconf 80' lang='grc' dir='ltr'>οἵγε</span> <span class='ocrx_word' id='word_1_130' title='bbox 671 863 790 898; x_wconf 80' lang='grc' dir='ltr'><strong>Χριστοῦ</strong></span> <span class='ocrx_word' id='word_1_131' title='bbox 803 863 876 897; x_wconf 86' lang='grc' dir='ltr'>γνώ-</span> 
     </span>
    </p>
   </div>
   <div class='ocr_carea' id='block_1_20' title="bbox 927 271 1708 308">
    <p class='ocr_par' dir='ltr' id='par_1_20' title="bbox 927 271 1708 308">
     <span class='ocr_line' id='line_1_20' title="bbox 927 271 1708 308; baseline 0.004 -10"><span class='ocrx_word' id='word_1_132' title='bbox 927 271 1091 306; x_wconf 67' lang='lat' dir='ltr'><strong>dmmonum,</strong></span> <span class='ocrx_word' id='word_1_133' title='bbox 1103 277 1130 300; x_wconf 85' lang='lat' dir='ltr'><strong>et</strong></span> <span class='ocrx_word' id='word_1_134' title='bbox 1148 271 1347 300; x_wconf 69' lang='lat' dir='ltr'><strong>incursantibus</strong></span> <span class='ocrx_word' id='word_1_135' title='bbox 1372 272 1580 308; x_wconf 75' lang='lat' dir='ltr'><strong>principatibus,</strong></span> <span class='ocrx_word' id='word_1_136' title='bbox 1601 275 1708 302; x_wconf 88' lang='lat' dir='ltr'><strong>virtuti-</strong></span> 
     </span>
    </p>
   </div>
   <div class='ocr_carea' id='block_1_21' title="bbox 921 317 1708 354">
    <p class='ocr_par' dir='ltr' id='par_1_21' title="bbox 921 317 1708 354">
     <span class='ocr_line' id='line_1_21' title="bbox 921 317 1708 354; baseline 0.003 -9"><span class='ocrx_word' id='word_1_137' title='bbox 921 317 981 349; x_wconf 86' lang='lat' dir='ltr'><strong>bus,</strong></span> <span class='ocrx_word' id='word_1_138' title='bbox 999 318 1177 352; x_wconf 87' lang='lat' dir='ltr'><strong>potestatibus</strong></span> <span class='ocrx_word' id='word_1_139' title='bbox 1201 318 1291 354; x_wconf 89' lang='lat' dir='ltr'><strong>(malis</strong></span> <span class='ocrx_word' id='word_1_140' title='bbox 1311 317 1425 354; x_wconf 83' lang='lat' dir='ltr'><strong>utique),</strong></span> <span class='ocrx_word' id='word_1_141' title='bbox 1446 319 1530 347; x_wconf 78' lang='lat' dir='ltr'><strong>luctui</strong></span> <span class='ocrx_word' id='word_1_142' title='bbox 1555 327 1585 347; x_wconf 85' lang='lat' dir='ltr'><strong>se</strong></span> <span class='ocrx_word' id='word_1_143' title='bbox 1617 321 1708 353; x_wconf 82' lang='lat' dir='ltr'><strong>dedat,</strong></span> 
     </span>
    </p>
   </div>
   <div class='ocr_carea' id='block_1_22' title="bbox 922 362 1708 401">
    <p class='ocr_par' dir='ltr' id='par_1_22' title="bbox 922 362 1708 401">
     <span class='ocr_line' id='line_1_22' title="bbox 922 362 1708 401; baseline 0.004 -11"><span class='ocrx_word' id='word_1_144' title='bbox 922 362 1108 396; x_wconf 64' lang='lat' dir='ltr'><strong>paenitentiam</strong></span> <span class='ocrx_word' id='word_1_145' title='bbox 1120 369 1256 397; x_wconf 68' lang='lat' dir='ltr'><strong>exerceat,</strong></span> <span class='ocrx_word' id='word_1_146' title='bbox 1271 364 1305 391; x_wconf 86' lang='lat' dir='ltr'><strong>ad</strong></span> <span class='ocrx_word' id='word_1_147' title='bbox 1328 364 1411 391; x_wconf 90' lang='lat' dir='ltr'><strong>Deum</strong></span> <span class='ocrx_word' id='word_1_148' title='bbox 1428 365 1561 401; x_wconf 83' lang='lat' dir='ltr'><strong>lacrymas</strong></span> <span class='ocrx_word' id='word_1_149' title='bbox 1578 365 1708 397; x_wconf 78' lang='lat' dir='ltr'><strong>eﬂ‘undat,</strong></span> 
     </span>
    </p>
   </div>
   <div class='ocr_carea' id='block_1_23' title="bbox 921 406 1710 443">
    <p class='ocr_par' dir='ltr' id='par_1_23' title="bbox 921 406 1710 443">
     <span class='ocr_line' id='line_1_23' title="bbox 921 406 1710 443; baseline 0.005 -9"><span class='ocrx_word' id='word_1_150' title='bbox 921 411 949 434; x_wconf 90' lang='lat' dir='ltr'><strong>et</strong></span> <span class='ocrx_word' id='word_1_151' title='bbox 962 406 1053 434; x_wconf 82' lang='lat' dir='ltr'><strong>statim</strong></span> <span class='ocrx_word' id='word_1_152' title='bbox 1072 415 1121 442; x_wconf 90' lang='lat' dir='ltr'><strong>pro</strong></span> <span class='ocrx_word' id='word_1_153' title='bbox 1132 408 1435 443; x_wconf 82' lang='lat' dir='ltr'><strong>benignitatedicentem</strong></span> <span class='ocrx_word' id='word_1_154' title='bbox 1454 410 1545 437; x_wconf 80' lang='lat' dir='ltr'><strong>audiet</strong></span> <span class='ocrx_word' id='word_1_155' title='bbox 1562 418 1569 436; x_wconf 89' lang='lat'><strong>:</strong></span> <span class='ocrx_word' id='word_1_156' title='bbox 1598 419 1609 437; x_wconf 86' lang='grc'><strong><em>‹</em></strong></span> <span class='ocrx_word' id='word_1_157' title='bbox 1641 411 1710 438; x_wconf 85' lang='lat' dir='ltr'><strong>Ecce</strong></span> 
     </span>
    </p>
   </div>
   <div class='ocr_carea' id='block_1_24' title="bbox 922 452 1706 487">
    <p class='ocr_par' dir='ltr' id='par_1_24' title="bbox 922 452 1706 487">
     <span class='ocr_line' id='line_1_24' title="bbox 922 452 1706 487; baseline 0.004 -8"><span class='ocrx_word' id='word_1_158' title='bbox 922 459 971 487; x_wconf 81' lang='lat' dir='ltr'><strong>ego</strong></span> <span class='ocrx_word' id='word_1_159' title='bbox 986 453 1020 479; x_wconf 90' lang='lat' dir='ltr'><strong>do</strong></span> <span class='ocrx_word' id='word_1_160' title='bbox 1037 453 1113 481; x_wconf 80' lang='lat' dir='ltr'><strong>vobis</strong></span> <span class='ocrx_word' id='word_1_161' title='bbox 1131 452 1307 487; x_wconf 79' lang='lat' dir='ltr'><strong>frumentum,</strong></span> <span class='ocrx_word' id='word_1_162' title='bbox 1325 459 1352 481; x_wconf 85' lang='lat' dir='ltr'><strong>et</strong></span> <span class='ocrx_word' id='word_1_163' title='bbox 1383 455 1476 482; x_wconf 87' lang='lat' dir='ltr'><strong>vimtm</strong></span> <span class='ocrx_word' id='word_1_164' title='bbox 1492 476 1499 487; x_wconf 86' lang='lat'><strong>,</strong></span> <span class='ocrx_word' id='word_1_165' title='bbox 1525 460 1553 483; x_wconf 88' lang='lat' dir='ltr'><strong>et</strong></span> <span class='ocrx_word' id='word_1_166' title='bbox 1574 455 1676 484; x_wconf 88' lang='lat' dir='ltr'><strong>oleum.</strong></span> <span class='ocrx_word' id='word_1_167' title='bbox 1697 465 1706 482; x_wconf 77' lang='grc' dir='ltr'><strong>ι</strong></span> 
     </span>
    </p>
   </div>
   <div class='ocr_carea' id='block_1_25' title="bbox 923 499 1711 536">
    <p class='ocr_par' dir='ltr' id='par_1_25' title="bbox 923 499 1711 536">
     <span class='ocr_line' id='line_1_25' title="bbox 923 499 1711 536; baseline 0.004 -10"><span class='ocrx_word' id='word_1_168' title='bbox 923 499 1026 527; x_wconf 78' lang='lat' dir='ltr'><strong>Reddet</strong></span> <span class='ocrx_word' id='word_1_169' title='bbox 1037 499 1110 526; x_wconf 89' lang='lat' dir='ltr'><strong>enim</strong></span> <span class='ocrx_word' id='word_1_170' title='bbox 1122 507 1170 527; x_wconf 89' lang='lat' dir='ltr'><strong>cor</strong></span> <span class='ocrx_word' id='word_1_171' title='bbox 1181 499 1240 534; x_wconf 82' lang='lat' dir='ltr'><strong>ejus</strong></span> <span class='ocrx_word' id='word_1_172' title='bbox 1255 504 1284 527; x_wconf 91' lang='lat' dir='ltr'><strong>ut</strong></span> <span class='ocrx_word' id='word_1_173' title='bbox 1307 507 1400 535; x_wconf 81' lang='lat' dir='ltr'><strong>agrum</strong></span> <span class='ocrx_word' id='word_1_174' title='bbox 1416 502 1498 536; x_wconf 87' lang='lat' dir='ltr'><strong>spicis</strong></span> <span class='ocrx_word' id='word_1_175' title='bbox 1525 502 1665 534; x_wconf 82' lang='lat' dir='ltr'><strong>refertum,</strong></span> <span class='ocrx_word' id='word_1_176' title='bbox 1682 507 1711 529; x_wconf 90' lang='lat' dir='ltr'><strong>ut</strong></span> 
     </span>
    </p>
   </div>
   <div class='ocr_carea' id='block_1_26' title="bbox 923 545 1709 581">
    <p class='ocr_par' dir='ltr' id='par_1_26' title="bbox 923 545 1709 581">
     <span class='ocr_line' id='line_1_26' title="bbox 923 545 1709 581; baseline 0.001 -8"><span class='ocrx_word' id='word_1_177' title='bbox 923 546 1031 573; x_wconf 88' lang='lat' dir='ltr'><strong>hortum</strong></span> <span class='ocrx_word' id='word_1_178' title='bbox 1046 545 1173 580; x_wconf 86' lang='lat' dir='ltr'><strong>stirpibus</strong></span> <span class='ocrx_word' id='word_1_179' title='bbox 1184 550 1346 578; x_wconf 82' lang='lat' dir='ltr'><strong>comantem,</strong></span> <span class='ocrx_word' id='word_1_180' title='bbox 1362 550 1391 573; x_wconf 92' lang='lat' dir='ltr'><strong>ut</strong></span> <span class='ocrx_word' id='word_1_181' title='bbox 1406 547 1510 574; x_wconf 83' lang='lat' dir='ltr'><strong>vineam</strong></span> <span class='ocrx_word' id='word_1_182' title='bbox 1541 547 1625 574; x_wconf 87' lang='lat' dir='ltr'><strong>botris</strong></span> <span class='ocrx_word' id='word_1_183' title='bbox 1652 546 1709 581; x_wconf 79' lang='lat' dir='ltr'><strong>ple—</strong></span> 
     </span>
    </p>
   </div>
   <div class='ocr_carea' id='block_1_27' title="bbox 923 590 1710 626">
    <p class='ocr_par' dir='ltr' id='par_1_27' title="bbox 923 590 1710 626">
     <span class='ocr_line' id='line_1_27' title="bbox 923 590 1710 626; baseline 0.001 -9"><span class='ocrx_word' id='word_1_184' title='bbox 923 590 1077 624; x_wconf 85' lang='lat' dir='ltr'><strong>nam.Quin</strong></span> <span class='ocrx_word' id='word_1_185' title='bbox 1098 595 1126 618; x_wconf 87' lang='lat' dir='ltr'><strong>et</strong></span> <span class='ocrx_word' id='word_1_186' title='bbox 1152 590 1212 618; x_wconf 89' lang='lat' dir='ltr'><strong>oleo</strong></span> <span class='ocrx_word' id='word_1_187' title='bbox 1229 590 1412 625; x_wconf 78' lang='lat' dir='ltr'><strong>pinguel‘aciet</strong></span> <span class='ocrx_word' id='word_1_188' title='bbox 1430 599 1437 617; x_wconf 94' lang='lat'>:</span> <span class='ocrx_word' id='word_1_189' title='bbox 1456 600 1466 616; x_wconf 75' lang='grc' dir='ltr'><strong>ι</strong></span> <span class='ocrx_word' id='word_1_190' title='bbox 1487 591 1660 626; x_wconf 74' lang='lat' dir='ltr'><strong>lmpinguasti</strong></span> <span class='ocrx_word' id='word_1_191' title='bbox 1684 591 1710 618; x_wconf 92' lang='lat' dir='ltr'><strong>in</strong></span> 
     </span>
    </p>
   </div>
   <div class='ocr_carea' id='block_1_28' title="bbox 923 637 1711 673">
    <p class='ocr_par' dir='ltr' id='par_1_28' title="bbox 923 637 1711 673">
     <span class='ocr_line' id='line_1_28' title="bbox 923 637 1711 673; baseline 0 -8"><span class='ocrx_word' id='word_1_192' title='bbox 923 637 982 665; x_wconf 88' lang='lat' dir='ltr'><strong>oleo</strong></span> <span class='ocrx_word' id='word_1_193' title='bbox 997 642 1078 672; x_wconf 87' lang='lat' dir='ltr'><strong>caput</strong></span> <span class='ocrx_word' id='word_1_194' title='bbox 1100 645 1190 665; x_wconf 88' lang='lat' dir='ltr'><strong>meum</strong></span> <span class='ocrx_word' id='word_1_195' title='bbox 1208 639 1229 666; x_wconf 73' lang='grc'><strong>⁸.</strong></span> <span class='ocrx_word' id='word_1_196' title='bbox 1251 647 1260 664; x_wconf 75' lang='grc' dir='ltr'><strong>ι</strong></span> <span class='ocrx_word' id='word_1_197' title='bbox 1277 638 1400 673; x_wconf 84' lang='lat' dir='ltr'><strong>Expellet</strong></span> <span class='ocrx_word' id='word_1_198' title='bbox 1414 638 1529 672; x_wconf 87' lang='lat' dir='ltr'><strong>denique</strong></span> <span class='ocrx_word' id='word_1_199' title='bbox 1553 639 1587 666; x_wconf 87' lang='lat' dir='ltr'><strong>ab</strong></span> <span class='ocrx_word' id='word_1_200' title='bbox 1616 646 1648 666; x_wconf 89' lang='lat' dir='ltr'><strong>eo</strong></span> <span class='ocrx_word' id='word_1_201' title='bbox 1665 646 1711 665; x_wconf 85' lang='lat' dir='ltr'><strong>ve—</strong></span> 
     </span>
    </p>
   </div>
   <div class='ocr_carea' id='block_1_29' title="bbox 925 682 1711 719">
    <p class='ocr_par' dir='ltr' id='par_1_29' title="bbox 925 682 1711 719">
     <span class='ocr_line' id='line_1_29' title="bbox 925 682 1711 719; baseline 0.001 -10"><span class='ocrx_word' id='word_1_202' title='bbox 925 682 1041 710; x_wconf 85' lang='lat' dir='ltr'><strong>nientem</strong></span> <span class='ocrx_word' id='word_1_203' title='bbox 1051 683 1084 710; x_wconf 89' lang='lat' dir='ltr'><strong>ab</strong></span> <span class='ocrx_word' id='word_1_204' title='bbox 1092 683 1228 718; x_wconf 71' lang='lat' dir='ltr'><strong>aquilone,</strong></span> <span class='ocrx_word' id='word_1_205' title='bbox 1242 684 1267 711; x_wconf 89' lang='lat' dir='ltr'><strong>id</strong></span> <span class='ocrx_word' id='word_1_206' title='bbox 1276 688 1327 716; x_wconf 81' lang='lat' dir='ltr'><strong>est,</strong></span> <span class='ocrx_word' id='word_1_207' title='bbox 1343 683 1558 719; x_wconf 81' lang='lat' dir='ltr'><strong>frigelaciemem</strong></span> <span class='ocrx_word' id='word_1_208' title='bbox 1572 684 1711 715; x_wconf 80' lang='lat' dir='ltr'><strong>Satanam,</strong></span> 
     </span>
    </p>
   </div>
   <div class='ocr_carea' id='block_1_30' title="bbox 924 728 1713 764">
    <p class='ocr_par' dir='ltr' id='par_1_30' title="bbox 924 728 1713 764">
     <span class='ocr_line' id='line_1_30' title="bbox 924 728 1713 764; baseline 0.001 -9"><span class='ocrx_word' id='word_1_209' title='bbox 924 735 974 756; x_wconf 89' lang='lat' dir='ltr'><strong>nec</strong></span> <span class='ocrx_word' id='word_1_210' title='bbox 989 728 1121 756; x_wconf 75' lang='lat' dir='ltr'><strong>sitientem</strong></span> <span class='ocrx_word' id='word_1_211' title='bbox 1141 730 1236 764; x_wconf 84' lang='lat' dir='ltr'><strong>spiritu</strong></span> <span class='ocrx_word' id='word_1_212' title='bbox 1251 730 1342 757; x_wconf 87' lang='lat' dir='ltr'><strong>vivere</strong></span> <span class='ocrx_word' id='word_1_213' title='bbox 1362 737 1431 764; x_wconf 85' lang='lat' dir='ltr'><strong>quos</strong></span> <span class='ocrx_word' id='word_1_214' title='bbox 1458 730 1605 764; x_wconf 83' lang='lat' dir='ltr'><strong>subegerit.</strong></span> <span class='ocrx_word' id='word_1_215' title='bbox 1624 729 1713 756; x_wconf 78' lang='lat' dir='ltr'><strong>Refri-</strong></span> 
     </span>
    </p>
   </div>
   <div class='ocr_carea' id='block_1_31' title="bbox 924 774 1714 810">
    <p class='ocr_par' dir='ltr' id='par_1_31' title="bbox 924 774 1714 810">
     <span class='ocr_line' id='line_1_31' title="bbox 924 774 1714 810; baseline 0.003 -10"><span class='ocrx_word' id='word_1_216' title='bbox 924 778 1045 809; x_wconf 79' lang='lat' dir='ltr'><strong>geratum</strong></span> <span class='ocrx_word' id='word_1_217' title='bbox 1059 782 1140 809; x_wconf 90' lang='lat' dir='ltr'><strong>porro</strong></span> <span class='ocrx_word' id='word_1_218' title='bbox 1158 775 1190 802; x_wconf 92' lang='lat' dir='ltr'><strong>iri</strong></span> <span class='ocrx_word' id='word_1_219' title='bbox 1205 774 1351 803; x_wconf 89' lang='lat' dir='ltr'><strong>multorum</strong></span> <span class='ocrx_word' id='word_1_220' title='bbox 1380 775 1553 807; x_wconf 87' lang='lat' dir='ltr'><strong>charitatem,</strong></span> <span class='ocrx_word' id='word_1_221' title='bbox 1586 775 1714 810; x_wconf 85' lang='lat' dir='ltr'><strong>quoniam</strong></span> 
     </span>
    </p>
   </div>
   <div class='ocr_carea' id='block_1_32' title="bbox 925 819 1714 855">
    <p class='ocr_par' dir='ltr' id='par_1_32' title="bbox 925 819 1714 855">
     <span class='ocr_line' id='line_1_32' title="bbox 925 819 1714 855; baseline 0.001 -9"><span class='ocrx_word' id='word_1_222' title='bbox 925 819 1070 847; x_wconf 79' lang='lat' dir='ltr'><strong>abundabit</strong></span> <span class='ocrx_word' id='word_1_223' title='bbox 1097 821 1251 855; x_wconf 77' lang='lat' dir='ltr'><strong>iniquitas&#39;,</strong></span> <span class='ocrx_word' id='word_1_224' title='bbox 1282 821 1412 849; x_wconf 90' lang='lat' dir='ltr'><strong>Dominus</strong></span> <span class='ocrx_word' id='word_1_225' title='bbox 1451 825 1576 849; x_wconf 91' lang='lat' dir='ltr'><strong>testatur.</strong></span> <span class='ocrx_word' id='word_1_226' title='bbox 1613 821 1714 848; x_wconf 70' lang='lat' dir='ltr'><strong>Verum</strong></span> 
     </span>
    </p>
   </div>
   <div class='ocr_carea' id='block_1_33' title="bbox 925 865 1714 903">
    <p class='ocr_par' dir='ltr' id='par_1_33' title="bbox 925 865 1714 903">
     <span class='ocr_line' id='line_1_33' title="bbox 925 865 1714 903; baseline 0.003 -11"><span class='ocrx_word' id='word_1_227' title='bbox 925 865 1032 893; x_wconf 88' lang='lat' dir='ltr'><strong>Christo</strong></span> <span class='ocrx_word' id='word_1_228' title='bbox 1048 866 1105 893; x_wconf 87' lang='lat' dir='ltr'><strong>noti</strong></span> <span class='ocrx_word' id='word_1_229' title='bbox 1122 866 1228 895; x_wconf 82' lang='lat' dir='ltr'><strong>fervent</strong></span> <span class='ocrx_word' id='word_1_230' title='bbox 1238 867 1346 902; x_wconf 89' lang='lat' dir='ltr'><strong>spiritu,</strong></span> <span class='ocrx_word' id='word_1_231' title='bbox 1362 872 1389 895; x_wconf 89' lang='lat' dir='ltr'><strong>et</strong></span> <span class='ocrx_word' id='word_1_232' title='bbox 1415 867 1573 903; x_wconf 87' lang='lat' dir='ltr'><strong>neutiquam</strong></span> <span class='ocrx_word' id='word_1_233' title='bbox 1600 866 1714 902; x_wconf 67' lang='lat' dir='ltr'><strong>refrige-</strong></span> 
     </span>
    </p>
   </div>
   <div class='ocr_carea' id='block_1_34' title="bbox 84 906 881 948">
    <p class='ocr_par' dir='ltr' id='par_1_34' title="bbox 84 906 875 944">
     <span class='ocr_line' id='line_1_34' title="bbox 84 906 875 944; baseline 0.003 -12"><span class='ocrx_word' id='word_1_234' title='bbox 84 914 159 941; x_wconf 86' lang='grc' dir='ltr'>ριμοι</span> <span class='ocrx_word' id='word_1_235' title='bbox 181 906 223 941; x_wconf 85' lang='grc' dir='ltr'>τῷ</span> <span class='ocrx_word' id='word_1_236' title='bbox 250 907 384 942; x_wconf 84' lang='grc' dir='ltr'>πνεύματι</span> <span class='ocrx_word' id='word_1_237' title='bbox 400 906 517 939; x_wconf 80' lang='grc' dir='ltr'>ζέουσιν.</span> <span class='ocrx_word' id='word_1_238' title='bbox 542 907 694 943; x_wconf 83' lang='grc' dir='ltr'>Ἀνὲχονται</span> <span class='ocrx_word' id='word_1_239' title='bbox 709 908 737 935; x_wconf 80' lang='grc' dir='ltr'>δὲ</span> <span class='ocrx_word' id='word_1_240' title='bbox 750 908 875 944; x_wconf 80' lang='grc' dir='ltr'>οὐδαμῶς</span> 
     </span>
    </p>
   </div>
   <div class='ocr_carea' id='block_1_35' title="bbox 935 906 1714 948">
    <p class='ocr_par' dir='ltr' id='par_1_35' title="bbox 935 912 1714 948">
     <span class='ocr_line' id='line_1_35' title="bbox 935 912 1714 948; baseline 0.003 -11"><span class='ocrx_word' id='word_1_241' title='bbox 935 917 1002 939; x_wconf 63' lang='lat' dir='ltr'><strong>scere</strong></span> <span class='ocrx_word' id='word_1_242' title='bbox 1013 912 1146 940; x_wconf 77' lang='lat' dir='ltr'><strong>sustinent</strong></span> <span class='ocrx_word' id='word_1_243' title='bbox 1158 913 1192 941; x_wconf 88' lang='lat' dir='ltr'><strong>ad</strong></span> <span class='ocrx_word' id='word_1_244' title='bbox 1209 918 1300 948; x_wconf 87' lang='lat' dir='ltr'><strong>turpes</strong></span> <span class='ocrx_word' id='word_1_245' title='bbox 1314 913 1477 947; x_wconf 67' lang='lat' dir='ltr'><strong>Voluptates,</strong></span> <span class='ocrx_word' id='word_1_246' title='bbox 1498 913 1606 948; x_wconf 84' lang='lat' dir='ltr'><strong>quando</strong></span> <span class='ocrx_word' id='word_1_247' title='bbox 1624 922 1633 939; x_wconf 76' lang='grc' dir='ltr'><strong>ι</strong></span> <span class='ocrx_word' id='word_1_248' title='bbox 1653 920 1714 940; x_wconf 73' lang='lat' dir='ltr'><strong>car-</strong></span> 
     </span>
    </p>
   </div>
   <div class='ocr_carea' id='block_1_36' title="bbox 84 951 877 990">
    <p class='ocr_par' dir='ltr' id='par_1_36' title="bbox 84 951 877 990">
     <span class='ocr_line' id='line_1_36' title="bbox 84 951 877 990; baseline 0.003 -12"><span class='ocrx_word' id='word_1_249' title='bbox 84 951 113 978; x_wconf 83' lang='grc' dir='ltr'><strong>τὺ</strong></span> <span class='ocrx_word' id='word_1_250' title='bbox 124 952 317 988; x_wconf 73' lang='grc' dir='ltr'>ἀποψύχεσθαί</span> <span class='ocrx_word' id='word_1_251' title='bbox 334 962 380 980; x_wconf 77' lang='grc' dir='ltr'><strong>ποι</strong></span> <span class='ocrx_word' id='word_1_252' title='bbox 393 953 461 988; x_wconf 73' lang='grc' dir='ltr'>πρὸς</span> <span class='ocrx_word' id='word_1_253' title='bbox 473 953 523 985; x_wconf 84' lang='grc' dir='ltr'><strong>τὰς</strong></span> <span class='ocrx_word' id='word_1_254' title='bbox 532 954 664 986; x_wconf 84' lang='grc' dir='ltr'>ὲκτόπους</span> <span class='ocrx_word' id='word_1_255' title='bbox 678 954 784 990; x_wconf 81' lang='grc' dir='ltr'>ἡδονάς.</span> <span class='ocrx_word' id='word_1_256' title='bbox 798 963 807 980; x_wconf 75' lang='grc' dir='ltr'><strong>ι</strong></span> <span class='ocrx_word' id='word_1_257' title='bbox 820 954 877 989; x_wconf 79' lang='grc' dir='ltr'>Τὴν</span> 
     </span>
    </p>
   </div>
   <div class='ocr_carea' id='block_1_37' title="bbox 85 996 875 1036">
    <p class='ocr_par' dir='ltr' id='par_1_37' title="bbox 85 996 875 1036">
     <span class='ocr_line' id='line_1_37' title="bbox 85 996 875 1036; baseline 0.005 -13"><span class='ocrx_word' id='word_1_258' title='bbox 85 996 178 1032; x_wconf 75' lang='grc' dir='ltr'>σάρκα</span> <span class='ocrx_word' id='word_1_259' title='bbox 187 998 244 1034; x_wconf 84' lang='grc' dir='ltr'><strong>γὰρ</strong></span> <span class='ocrx_word' id='word_1_260' title='bbox 259 999 363 1025; x_wconf 79' lang='grc' dir='ltr'><strong>ἑαυτῶν</strong></span> <span class='ocrx_word' id='word_1_261' title='bbox 378 998 554 1034; x_wconf 73' lang='grc' dir='ltr'>ἐσταύρωσαν</span> <span class='ocrx_word' id='word_1_262' title='bbox 575 1000 624 1027; x_wconf 81' lang='grc' dir='ltr'>σὺν</span> <span class='ocrx_word' id='word_1_263' title='bbox 638 1001 693 1032; x_wconf 87' lang='grc' dir='ltr'>τοῖς</span> <span class='ocrx_word' id='word_1_264' title='bbox 717 999 859 1036; x_wconf 83' lang='grc' dir='ltr'>παθήμασι</span> <span class='ocrx_word' id='word_1_265' title='bbox 868 1019 875 1032; x_wconf 84' lang='grc'><em>,</em></span> 
     </span>
    </p>
   </div>
   <div class='ocr_carea' id='block_1_38' title="bbox 85 1043 429 1080">
    <p class='ocr_par' dir='ltr' id='par_1_38' title="bbox 85 1043 429 1080">
     <span class='ocr_line' id='line_1_38' title="bbox 85 1043 429 1080; baseline 0.003 -11"><span class='ocrx_word' id='word_1_266' title='bbox 85 1043 132 1069; x_wconf 82' lang='grc' dir='ltr'>καὶ</span> <span class='ocrx_word' id='word_1_267' title='bbox 150 1045 213 1075; x_wconf 89' lang='grc' dir='ltr'>ταῖς</span> <span class='ocrx_word' id='word_1_268' title='bbox 227 1044 398 1080; x_wconf 70' lang='grc' dir='ltr'>ἐπιθυμίαις.</span> <span class='ocrx_word' id='word_1_269' title='bbox 420 1053 429 1070; x_wconf 76' lang='grc' dir='ltr'><strong>ι</strong></span> 
     </span>
    </p>
   </div>
   <div class='ocr_carea' id='block_1_39' title="bbox 118 1089 878 1125">
    <p class='ocr_par' dir='ltr' id='par_1_39' title="bbox 118 1089 878 1125">
     <span class='ocr_line' id='line_1_39' title="bbox 118 1089 878 1125; baseline 0.003 -9"><span class='ocrx_word' id='word_1_270' title='bbox 118 1089 177 1116; x_wconf 73' lang='grc' dir='ltr'><strong>Καὶ</strong></span> <span class='ocrx_word' id='word_1_271' title='bbox 189 1089 294 1122; x_wconf 81' lang='grc' dir='ltr'>ἐξώσω</span> <span class='ocrx_word' id='word_1_272' title='bbox 311 1090 406 1118; x_wconf 82' lang='grc' dir='ltr'>αὐτὸν</span> <span class='ocrx_word' id='word_1_273' title='bbox 416 1091 459 1124; x_wconf 79' lang='grc' dir='ltr'><strong>είς</strong></span> <span class='ocrx_word' id='word_1_274' title='bbox 473 1090 532 1125; x_wconf 80' lang='grc' dir='ltr'>γῆν</span> <span class='ocrx_word' id='word_1_275' title='bbox 541 1090 683 1125; x_wconf 78' lang='grc' dir='ltr'>ἄνυδρον,</span> <span class='ocrx_word' id='word_1_276' title='bbox 696 1091 746 1118; x_wconf 79' lang='grc' dir='ltr'>καὶ</span> <span class='ocrx_word' id='word_1_277' title='bbox 761 1091 878 1125; x_wconf 74' lang='grc' dir='ltr'>ἀφανιῶ</span> 
     </span>
    </p>
   </div>
   <div class='ocr_carea' id='block_1_40' title="bbox 85 1135 878 1171">
    <p class='ocr_par' dir='ltr' id='par_1_40' title="bbox 85 1135 878 1171">
     <span class='ocr_line' id='line_1_40' title="bbox 85 1135 878 1171; baseline 0.001 -9"><span class='ocrx_word' id='word_1_278' title='bbox 85 1135 118 1162; x_wconf 80' lang='grc' dir='ltr'>τὸ</span> <span class='ocrx_word' id='word_1_279' title='bbox 132 1136 302 1169; x_wconf 71' lang='grc' dir='ltr'>πρόσωπον</span> <span class='ocrx_word' id='word_1_280' title='bbox 314 1136 409 1164; x_wconf 76' lang='grc' dir='ltr'>αὐτοῦ</span> <span class='ocrx_word' id='word_1_281' title='bbox 419 1137 463 1170; x_wconf 74' lang='grc' dir='ltr'>εις</span> <span class='ocrx_word' id='word_1_282' title='bbox 478 1136 536 1170; x_wconf 76' lang='grc' dir='ltr'>τὴν</span> <span class='ocrx_word' id='word_1_283' title='bbox 547 1136 710 1164; x_wconf 74' lang='grc' dir='ltr'>θάλασσαν</span> <span class='ocrx_word' id='word_1_284' title='bbox 722 1136 780 1171; x_wconf 76' lang='grc' dir='ltr'>τὴν</span> <span class='ocrx_word' id='word_1_285' title='bbox 803 1136 878 1171; x_wconf 81' lang='grc' dir='ltr'>πρώ-</span> 
     </span>
    </p>
   </div>
   <div class='ocr_carea' id='block_1_41' title="bbox 86 1180 879 1216">
    <p class='ocr_par' dir='ltr' id='par_1_41' title="bbox 86 1180 879 1216">
     <span class='ocr_line' id='line_1_41' title="bbox 86 1180 879 1216; baseline 0.004 -10"><span class='ocrx_word' id='word_1_286' title='bbox 86 1188 154 1214; x_wconf 66' lang='grc' dir='ltr'>την,</span> <span class='ocrx_word' id='word_1_287' title='bbox 169 1180 220 1208; x_wconf 72' lang='grc' dir='ltr'>καὶ</span> <span class='ocrx_word' id='word_1_288' title='bbox 232 1181 269 1208; x_wconf 81' lang='grc' dir='ltr'>τὰ</span> <span class='ocrx_word' id='word_1_289' title='bbox 284 1181 382 1208; x_wconf 77' lang='grc' dir='ltr'>ὀπίσω</span> <span class='ocrx_word' id='word_1_290' title='bbox 404 1181 497 1209; x_wconf 70' lang='grc' dir='ltr'>αὐτοῦ</span> <span class='ocrx_word' id='word_1_291' title='bbox 513 1182 557 1215; x_wconf 80' lang='grc' dir='ltr'><strong>εις</strong></span> <span class='ocrx_word' id='word_1_292' title='bbox 570 1182 628 1216; x_wconf 80' lang='grc' dir='ltr'>τὴν</span> <span class='ocrx_word' id='word_1_293' title='bbox 644 1181 806 1210; x_wconf 77' lang='grc' dir='ltr'>θάλασσαν</span> <span class='ocrx_word' id='word_1_294' title='bbox 821 1181 879 1215; x_wconf 79' lang='grc' dir='ltr'>τὴν</span> 
     </span>
    </p>
   </div>
   <div class='ocr_carea' id='block_1_42' title="bbox 86 1223 879 1260">
    <p class='ocr_par' dir='ltr' id='par_1_42' title="bbox 86 1223 879 1260">
     <span class='ocr_line' id='line_1_42' title="bbox 86 1223 879 1260; baseline 0.001 -9"><span class='ocrx_word' id='word_1_295' title='bbox 86 1223 234 1259; x_wconf 75' lang='grc' dir='ltr'><strong>ἐσχάτην.</strong></span> <span class='ocrx_word' id='word_1_296' title='bbox 248 1224 304 1252; x_wconf 74' lang='grc' dir='ltr'><strong>Καὶ</strong></span> <span class='ocrx_word' id='word_1_297' title='bbox 317 1225 502 1260; x_wconf 77' lang='grc' dir='ltr'>ἀναϐήσεται</span> <span class='ocrx_word' id='word_1_298' title='bbox 519 1226 538 1260; x_wconf 75' lang='grc' dir='ltr'><strong><em>ἠ</em></strong></span> <span class='ocrx_word' id='word_1_299' title='bbox 559 1226 673 1260; x_wconf 77' lang='grc' dir='ltr'>σαπρια</span> <span class='ocrx_word' id='word_1_300' title='bbox 693 1225 786 1252; x_wconf 83' lang='grc' dir='ltr'>αὐτοῦ</span> <span class='ocrx_word' id='word_1_301' title='bbox 797 1246 804 1258; x_wconf 93' lang='grc'>,</span> <span class='ocrx_word' id='word_1_302' title='bbox 829 1226 879 1252; x_wconf 76' lang='grc' dir='ltr'><strong>καὶ</strong></span> 
     </span>
    </p>
   </div>
   <div class='ocr_carea' id='block_1_43' title="bbox 86 1271 880 1307">
    <p class='ocr_par' dir='ltr' id='par_1_43' title="bbox 86 1271 880 1307">
     <span class='ocr_line' id='line_1_43' title="bbox 86 1271 880 1307; baseline 0 -9"><span class='ocrx_word' id='word_1_303' title='bbox 86 1271 275 1306; x_wconf 75' lang='grc' dir='ltr'>ἀναϐήσεται</span> <span class='ocrx_word' id='word_1_304' title='bbox 290 1273 306 1299; x_wconf 83' lang='grc' dir='ltr'><strong>ό</strong></span> <span class='ocrx_word' id='word_1_305' title='bbox 324 1271 439 1307; x_wconf 79' lang='grc' dir='ltr'><strong>βρόμος</strong></span> <span class='ocrx_word' id='word_1_306' title='bbox 458 1271 563 1306; x_wconf 83' lang='grc' dir='ltr'>αὐτοῦ,</span> <span class='ocrx_word' id='word_1_307' title='bbox 580 1272 625 1299; x_wconf 81' lang='grc' dir='ltr'>ὅτι</span> <span class='ocrx_word' id='word_1_308' title='bbox 646 1271 830 1307; x_wconf 70' lang='grc' dir='ltr'><strong>ἐμεγάλυνεν</strong></span> <span class='ocrx_word' id='word_1_309' title='bbox 844 1271 880 1298; x_wconf 84' lang='grc' dir='ltr'>τὰ</span> 
     </span>
    </p>
   </div>
   <div class='ocr_carea' id='block_1_44' title="bbox 86 1317 281 1351">
    <p class='ocr_par' dir='ltr' id='par_1_44' title="bbox 86 1317 281 1351">
     <span class='ocr_line' id='line_1_44' title="bbox 86 1317 281 1351; baseline 0.005 -8"><span class='ocrx_word' id='word_1_310' title='bbox 86 1317 161 1351; x_wconf 69' lang='grc' dir='ltr'>ἔργα</span> <span class='ocrx_word' id='word_1_311' title='bbox 175 1317 281 1345; x_wconf 84' lang='grc' dir='ltr'>αὐτοῦ.</span> 
     </span>
    </p>
   </div>
   <div class='ocr_carea' id='block_1_45' title="bbox 120 1362 877 1399">
    <p class='ocr_par' dir='ltr' id='par_1_45' title="bbox 120 1362 877 1399">
     <span class='ocr_line' id='line_1_45' title="bbox 120 1362 877 1399; baseline 0.003 -11"><span class='ocrx_word' id='word_1_312' title='bbox 120 1362 187 1389; x_wconf 80' lang='lat' dir='ltr'><strong>AA’.</strong></span> <span class='ocrx_word' id='word_1_313' title='bbox 210 1363 445 1399; x_wconf 84' lang='grc' dir='ltr'>Διαπλαττόμενον</span> <span class='ocrx_word' id='word_1_314' title='bbox 456 1364 504 1391; x_wconf 83' lang='grc' dir='ltr'><strong>καὶ</strong></span> <span class='ocrx_word' id='word_1_315' title='bbox 515 1363 554 1390; x_wconf 79' lang='grc' dir='ltr'>ἔτι</span> <span class='ocrx_word' id='word_1_316' title='bbox 567 1364 614 1391; x_wconf 83' lang='grc' dir='ltr'>τοῦ</span> <span class='ocrx_word' id='word_1_317' title='bbox 625 1363 705 1398; x_wconf 87' lang='grc' dir='ltr'>λόγου</span> <span class='ocrx_word' id='word_1_318' title='bbox 724 1363 755 1390; x_wconf 80' lang='grc' dir='ltr'>τὸ</span> <span class='ocrx_word' id='word_1_319' title='bbox 775 1364 877 1399; x_wconf 82' lang='grc' dir='ltr'>σχῆμα,</span> 
     </span>
    </p>
   </div>
   <div class='ocr_carea' id='block_1_46' title="bbox 88 1407 880 1446">
    <p class='ocr_par' dir='ltr' id='par_1_46' title="bbox 88 1407 880 1446">
     <span class='ocr_line' id='line_1_46' title="bbox 88 1407 880 1446; baseline 0.004 -12"><span class='ocrx_word' id='word_1_320' title='bbox 88 1407 180 1440; x_wconf 83' lang='grc' dir='ltr'>καθὼς</span> <span class='ocrx_word' id='word_1_321' title='bbox 192 1408 241 1435; x_wconf 77' lang='grc' dir='ltr'>καὶ</span> <span class='ocrx_word' id='word_1_322' title='bbox 256 1409 285 1435; x_wconf 79' lang='grc' dir='ltr'>ἐν</span> <span class='ocrx_word' id='word_1_323' title='bbox 297 1409 394 1445; x_wconf 81' lang='grc' dir='ltr'>ἀρχαῖς</span> <span class='ocrx_word' id='word_1_324' title='bbox 408 1410 445 1442; x_wconf 86' lang='grc' dir='ltr'>ὡς</span> <span class='ocrx_word' id='word_1_325' title='bbox 461 1411 504 1436; x_wconf 77' lang='grc' dir='ltr'><strong>ἐπ’</strong></span> <span class='ocrx_word' id='word_1_326' title='bbox 516 1410 637 1446; x_wconf 85' lang='grc' dir='ltr'>ἀκρίδος,</span> <span class='ocrx_word' id='word_1_327' title='bbox 653 1410 701 1437; x_wconf 78' lang='grc' dir='ltr'><strong>καὶ</strong></span> <span class='ocrx_word' id='word_1_328' title='bbox 717 1410 843 1446; x_wconf 86' lang='grc' dir='ltr'>βρούχου,</span> <span class='ocrx_word' id='word_1_329' title='bbox 863 1409 880 1437; x_wconf 78' lang='grc' dir='ltr'>ἃ</span> 
     </span>
    </p>
   </div>
   <div class='ocr_carea' id='block_1_47' title="bbox 89 1453 881 1492">
    <p class='ocr_par' dir='ltr' id='par_1_47' title="bbox 89 1453 881 1492">
     <span class='ocr_line' id='line_1_47' title="bbox 89 1453 881 1492; baseline 0.003 -12"><span class='ocrx_word' id='word_1_330' title='bbox 89 1453 136 1480; x_wconf 77' lang='grc' dir='ltr'>καὶ</span> <span class='ocrx_word' id='word_1_331' title='bbox 149 1454 390 1490; x_wconf 78' lang='grc' dir='ltr'>ἀφανισθήσεσθαι</span> <span class='ocrx_word' id='word_1_332' title='bbox 402 1464 500 1492; x_wconf 86' lang='grc' dir='ltr'>φησιν,</span> <span class='ocrx_word' id='word_1_333' title='bbox 513 1456 720 1491; x_wconf 81' lang='grc' dir='ltr'>ἀπενηνεγμένα</span> <span class='ocrx_word' id='word_1_334' title='bbox 732 1456 804 1483; x_wconf 83' lang='grc' dir='ltr'><strong>κατά</strong></span> <span class='ocrx_word' id='word_1_335' title='bbox 820 1455 881 1491; x_wconf 87' lang='grc' dir='ltr'><strong>βού-</strong></span> 
     </span>
    </p>
   </div>
   <div class='ocr_carea' id='block_1_48' title="bbox 92 1499 882 1538">
    <p class='ocr_par' dir='ltr' id='par_1_48' title="bbox 92 1499 882 1538">
     <span class='ocr_line' id='line_1_48' title="bbox 92 1499 882 1538; baseline 0.004 -12"><span class='ocrx_word' id='word_1_336' title='bbox 92 1499 170 1534; x_wconf 87' lang='grc' dir='ltr'>λησιν</span> <span class='ocrx_word' id='word_1_337' title='bbox 185 1500 256 1527; x_wconf 83' lang='grc' dir='ltr'>Θεοῦ</span> <span class='ocrx_word' id='word_1_338' title='bbox 272 1500 340 1537; x_wconf 73' lang='grc' dir='ltr'>πρὸς</span> <span class='ocrx_word' id='word_1_339' title='bbox 350 1501 435 1534; x_wconf 77' lang='grc' dir='ltr'>αὐτάς</span> <span class='ocrx_word' id='word_1_340' title='bbox 455 1510 507 1529; x_wconf 86' lang='grc' dir='ltr'><strong>που</strong></span> <span class='ocrx_word' id='word_1_341' title='bbox 523 1502 594 1537; x_wconf 85' lang='grc' dir='ltr'><strong>τάχα</strong></span> <span class='ocrx_word' id='word_1_342' title='bbox 616 1502 665 1538; x_wconf 82' lang='grc' dir='ltr'>τῆς</span> <span class='ocrx_word' id='word_1_343' title='bbox 686 1502 820 1529; x_wconf 82' lang='grc' dir='ltr'>Ἰουδαίων</span> <span class='ocrx_word' id='word_1_344' title='bbox 831 1502 882 1537; x_wconf 81' lang='grc' dir='ltr'><strong>γῆς</strong></span> 
     </span>
    </p>
   </div>
   <div class='ocr_carea' id='block_1_49' title="bbox 90 1544 884 1580">
    <p class='ocr_par' dir='ltr' id='par_1_49' title="bbox 90 1544 884 1580">
     <span class='ocr_line' id='line_1_49' title="bbox 90 1544 884 1580; baseline 0.001 -9"><span class='ocrx_word' id='word_1_345' title='bbox 90 1544 139 1576; x_wconf 73' lang='grc' dir='ltr'><strong>τὰς</strong></span> <span class='ocrx_word' id='word_1_346' title='bbox 150 1545 292 1580; x_wconf 74' lang='grc' dir='ltr'>ἐσχατιὰς,</span> <span class='ocrx_word' id='word_1_347' title='bbox 307 1546 355 1572; x_wconf 81' lang='grc' dir='ltr'>καὶ</span> <span class='ocrx_word' id='word_1_348' title='bbox 367 1546 407 1578; x_wconf 77' lang='grc' dir='ltr'>εἰς</span> <span class='ocrx_word' id='word_1_349' title='bbox 419 1546 498 1573; x_wconf 80' lang='grc' dir='ltr'>τοῦτο</span> <span class='ocrx_word' id='word_1_350' title='bbox 516 1547 649 1579; x_wconf 82' lang='grc' dir='ltr'>δυσωδίας</span> <span class='ocrx_word' id='word_1_351' title='bbox 672 1547 770 1579; x_wconf 77' lang='grc' dir='ltr'>ἐλθεῖν,</span> <span class='ocrx_word' id='word_1_352' title='bbox 785 1547 822 1578; x_wconf 86' lang='grc' dir='ltr'>ὡς</span> <span class='ocrx_word' id='word_1_353' title='bbox 836 1547 884 1574; x_wconf 78' lang='grc' dir='ltr'>καὶ</span> 
     </span>
    </p>
   </div>
   <div class='ocr_carea' id='block_1_50' title="bbox 91 1591 882 1628">
    <p class='ocr_par' dir='ltr' id='par_1_50' title="bbox 91 1591 882 1628">
     <span class='ocr_line' id='line_1_50' title="bbox 91 1591 882 1628; baseline 0.005 -12"><span class='ocrx_word' id='word_1_354' title='bbox 91 1591 225 1625; x_wconf 78' lang='grc' dir='ltr'>φορτικὴν</span> <span class='ocrx_word' id='word_1_355' title='bbox 239 1591 289 1626; x_wconf 81' lang='grc' dir='ltr'>τὴν</span> <span class='ocrx_word' id='word_1_356' title='bbox 310 1591 428 1619; x_wconf 78' lang='grc' dir='ltr'>διάδοσιν</span> <span class='ocrx_word' id='word_1_357' title='bbox 447 1592 573 1626; x_wconf 81' lang='grc' dir='ltr'>γενέσθαι</span> <span class='ocrx_word' id='word_1_358' title='bbox 592 1593 648 1624; x_wconf 90' lang='grc' dir='ltr'>τοῖς</span> <span class='ocrx_word' id='word_1_359' title='bbox 662 1592 715 1619; x_wconf 85' lang='grc' dir='ltr'>ἀνὰ</span> <span class='ocrx_word' id='word_1_360' title='bbox 727 1594 818 1620; x_wconf 83' lang='grc' dir='ltr'>πᾶσαν</span> <span class='ocrx_word' id='word_1_361' title='bbox 832 1592 882 1628; x_wconf 85' lang='grc' dir='ltr'><strong>τὴν</strong></span> 
     </span>
    </p>
   </div>
   <div class='ocr_carea' id='block_1_51' title="bbox 91 1637 884 1675">
    <p class='ocr_par' dir='ltr' id='par_1_51' title="bbox 91 1637 884 1675">
     <span class='ocr_line' id='line_1_51' title="bbox 91 1637 884 1675; baseline 0.004 -11"><span class='ocrx_word' id='word_1_362' title='bbox 91 1637 194 1673; x_wconf 85' lang='grc' dir='ltr'>χώραν.</span> <span class='ocrx_word' id='word_1_363' title='bbox 212 1638 366 1675; x_wconf 81' lang='grc' dir='ltr'>Μεθίστησι</span> <span class='ocrx_word' id='word_1_364' title='bbox 380 1639 409 1666; x_wconf 80' lang='grc' dir='ltr'>δὲ</span> <span class='ocrx_word' id='word_1_365' title='bbox 419 1639 545 1674; x_wconf 83' lang='grc' dir='ltr'>οὐδαμῶς</span> <span class='ocrx_word' id='word_1_366' title='bbox 559 1640 573 1666; x_wconf 88' lang='grc' dir='ltr'>ὁ</span> <span class='ocrx_word' id='word_1_367' title='bbox 589 1639 668 1674; x_wconf 85' lang='grc' dir='ltr'>λόγος</span> <span class='ocrx_word' id='word_1_368' title='bbox 679 1639 727 1666; x_wconf 80' lang='grc' dir='ltr'>τοῦ</span> <span class='ocrx_word' id='word_1_369' title='bbox 746 1639 799 1675; x_wconf 83' lang='grc' dir='ltr'>χρὴ</span> <span class='ocrx_word' id='word_1_370' title='bbox 814 1641 884 1667; x_wconf 84' lang='grc' dir='ltr'>νοεῖν</span> 
     </span>
    </p>
   </div>
   <div class='ocr_carea' id='block_1_52' title="bbox 92 1682 884 1718">
    <p class='ocr_par' dir='ltr' id='par_1_52' title="bbox 92 1682 884 1718">
     <span class='ocr_line' id='line_1_52' title="bbox 92 1682 884 1718; baseline 0.005 -10"><span class='ocrx_word' id='word_1_371' title='bbox 92 1683 137 1708; x_wconf 79' lang='grc' dir='ltr'>καὶ</span> <span class='ocrx_word' id='word_1_372' title='bbox 152 1682 188 1709; x_wconf 72' lang='grc' dir='ltr'>τὰ</span> <span class='ocrx_word' id='word_1_373' title='bbox 201 1683 290 1710; x_wconf 79' lang='grc' dir='ltr'>τοιάδε</span> <span class='ocrx_word' id='word_1_374' title='bbox 306 1683 388 1710; x_wconf 82' lang='grc' dir='ltr'>πάλιν</span> <span class='ocrx_word' id='word_1_375' title='bbox 400 1683 438 1715; x_wconf 88' lang='grc' dir='ltr'>ὡς</span> <span class='ocrx_word' id='word_1_376' title='bbox 453 1684 499 1710; x_wconf 82' lang='grc' dir='ltr'>ὲπί</span> <span class='ocrx_word' id='word_1_377' title='bbox 523 1692 555 1718; x_wconf 86' lang='grc' dir='ltr'><strong>γε</strong></span> <span class='ocrx_word' id='word_1_378' title='bbox 571 1683 626 1711; x_wconf 81' lang='grc' dir='ltr'><strong>τῶν</strong></span> <span class='ocrx_word' id='word_1_379' title='bbox 641 1684 884 1712; x_wconf 79' lang='grc' dir='ltr'>Βαὸυλωνίων.Ἑν</span> 
     </span>
    </p>
   </div>
   <div class='ocr_carea' id='block_1_53' title="bbox 94 1728 886 1766">
    <p class='ocr_par' dir='ltr' id='par_1_53' title="bbox 94 1728 886 1766">
     <span class='ocr_line' id='line_1_53' title="bbox 94 1728 886 1766; baseline 0.001 -10"><span class='ocrx_word' id='word_1_380' title='bbox 94 1729 143 1763; x_wconf 87' lang='grc' dir='ltr'>μὲν</span> <span class='ocrx_word' id='word_1_381' title='bbox 156 1728 213 1765; x_wconf 87' lang='grc' dir='ltr'><strong>γὰρ</strong></span> <span class='ocrx_word' id='word_1_382' title='bbox 226 1730 283 1762; x_wconf 83' lang='grc' dir='ltr'>τοῖς</span> <span class='ocrx_word' id='word_1_383' title='bbox 293 1730 390 1762; x_wconf 69' lang='grc' dir='ltr'>νοτίοις</span> <span class='ocrx_word' id='word_1_384' title='bbox 415 1730 510 1766; x_wconf 81' lang='grc' dir='ltr'><strong>μέρεσι</strong></span> <span class='ocrx_word' id='word_1_385' title='bbox 533 1730 584 1765; x_wconf 81' lang='grc' dir='ltr'>τῆς</span> <span class='ocrx_word' id='word_1_386' title='bbox 601 1730 778 1766; x_wconf 81' lang='grc' dir='ltr'>Ἰερουσαλὴμ</span> <span class='ocrx_word' id='word_1_387' title='bbox 791 1731 886 1766; x_wconf 84' lang='grc' dir='ltr'>βαθεῖά</span> 
     </span>
    </p>
   </div>
   <div class='ocr_carea' id='block_1_54' title="bbox 92 1774 886 1812">
    <p class='ocr_par' dir='ltr' id='par_1_54' title="bbox 92 1774 886 1812">
     <span class='ocr_line' id='line_1_54' title="bbox 92 1774 886 1812; baseline 0 -10"><span class='ocrx_word' id='word_1_388' title='bbox 92 1783 133 1806; x_wconf 84' lang='grc' dir='ltr'><strong>τις</strong></span> <span class='ocrx_word' id='word_1_389' title='bbox 143 1774 251 1811; x_wconf 76' lang='grc' dir='ltr'>ἔρημος</span> <span class='ocrx_word' id='word_1_390' title='bbox 270 1775 453 1812; x_wconf 82' lang='grc' dir='ltr'>ὲξευρύνεται,</span> <span class='ocrx_word' id='word_1_391' title='bbox 466 1775 660 1811; x_wconf 78' lang='grc' dir='ltr'>τερματίζεταί</span> <span class='ocrx_word' id='word_1_392' title='bbox 685 1784 718 1810; x_wconf 87' lang='grc' dir='ltr'><strong>γε</strong></span> <span class='ocrx_word' id='word_1_393' title='bbox 745 1776 797 1812; x_wconf 82' lang='grc' dir='ltr'><strong>μὴν</strong></span> <span class='ocrx_word' id='word_1_394' title='bbox 817 1777 886 1812; x_wconf 81' lang='grc' dir='ltr'>πρὸς</span> 
     </span>
    </p>
   </div>
   <div class='ocr_carea' id='block_1_55' title="bbox 92 1821 885 1858">
    <p class='ocr_par' dir='ltr' id='par_1_55' title="bbox 92 1821 885 1858">
     <span class='ocr_line' id='line_1_55' title="bbox 92 1821 885 1858; baseline -0.003 -8"><span class='ocrx_word' id='word_1_395' title='bbox 92 1824 132 1858; x_wconf 80' lang='grc' dir='ltr'>ἠῶ</span> <span class='ocrx_word' id='word_1_396' title='bbox 145 1832 185 1856; x_wconf 81' lang='grc' dir='ltr'>τε,</span> <span class='ocrx_word' id='word_1_397' title='bbox 198 1823 247 1850; x_wconf 71' lang='grc' dir='ltr'><strong>καὶ</strong></span> <span class='ocrx_word' id='word_1_398' title='bbox 261 1822 338 1849; x_wconf 80' lang='grc' dir='ltr'>νότον</span> <span class='ocrx_word' id='word_1_399' title='bbox 355 1821 500 1856; x_wconf 84' lang='grc' dir='ltr'>πελάγεσιν</span> <span class='ocrx_word' id='word_1_400' title='bbox 521 1822 642 1854; x_wconf 85' lang='grc' dir='ltr'>Ἰνδικοῖς</span> <span class='ocrx_word' id='word_1_401' title='bbox 652 1841 659 1854; x_wconf 85' lang='grc'><em>,</em></span> <span class='ocrx_word' id='word_1_402' title='bbox 688 1822 757 1858; x_wconf 80' lang='grc' dir='ltr'>πρὸς</span> <span class='ocrx_word' id='word_1_403' title='bbox 775 1822 851 1848; x_wconf 91' lang='grc' dir='ltr'>δύσιν</span> <span class='ocrx_word' id='word_1_404' title='bbox 863 1822 885 1848; x_wconf 76' lang='grc' dir='ltr'>δ’</span> 
     </span>
    </p>
   </div>
   <div class='ocr_carea' id='block_1_56' title="bbox 93 1867 887 1904">
    <p class='ocr_par' dir='ltr' id='par_1_56' title="bbox 93 1867 887 1904">
     <span class='ocr_line' id='line_1_56' title="bbox 93 1867 887 1904; baseline -0.003 -8"><span class='ocrx_word' id='word_1_405' title='bbox 93 1867 138 1901; x_wconf 79' lang='grc' dir='ltr'><strong>αὖ,</strong></span> <span class='ocrx_word' id='word_1_406' title='bbox 155 1870 205 1897; x_wconf 78' lang='grc' dir='ltr'>καὶ</span> <span class='ocrx_word' id='word_1_407' title='bbox 225 1868 263 1896; x_wconf 83' lang='grc' dir='ltr'><strong>τὰ</strong></span> <span class='ocrx_word' id='word_1_408' title='bbox 284 1868 434 1904; x_wconf 74' lang='grc' dir='ltr'>βορῥότερα</span> <span class='ocrx_word' id='word_1_409' title='bbox 460 1869 493 1903; x_wconf 82' lang='grc' dir='ltr'><strong>τῇ</strong></span> <span class='ocrx_word' id='word_1_410' title='bbox 515 1868 701 1895; x_wconf 86' lang='grc' dir='ltr'>Παλαιστινῶν</span> <span class='ocrx_word' id='word_1_411' title='bbox 719 1868 820 1902; x_wconf 88' lang='grc' dir='ltr'>γείτονι</span> <span class='ocrx_word' id='word_1_412' title='bbox 839 1867 887 1895; x_wconf 85' lang='grc' dir='ltr'>θα-</span> 
     </span>
    </p>
   </div>
   <div class='ocr_carea' id='block_1_57' title="bbox 94 1913 885 1951">
    <p class='ocr_par' dir='ltr' id='par_1_57' title="bbox 94 1913 885 1951">
     <span class='ocr_line' id='line_1_57' title="bbox 94 1913 885 1951; baseline -0.001 -10"><span class='ocrx_word' id='word_1_413' title='bbox 94 1914 193 1951; x_wconf 71' lang='grc' dir='ltr'>λάσσῃ,</span> <span class='ocrx_word' id='word_1_414' title='bbox 211 1914 260 1941; x_wconf 78' lang='grc' dir='ltr'>καὶ</span> <span class='ocrx_word' id='word_1_415' title='bbox 275 1914 367 1945; x_wconf 75' lang='grc' dir='ltr'>αὐτοῖς</span> <span class='ocrx_word' id='word_1_416' title='bbox 381 1913 408 1939; x_wconf 78' lang='grc' dir='ltr'>δὲ</span> <span class='ocrx_word' id='word_1_417' title='bbox 427 1913 635 1949; x_wconf 83' lang='grc' dir='ltr'>προσκλυζούσῃ</span> <span class='ocrx_word' id='word_1_418' title='bbox 645 1914 702 1945; x_wconf 87' lang='grc' dir='ltr'>τοῖς</span> <span class='ocrx_word' id='word_1_419' title='bbox 716 1913 885 1948; x_wconf 75' lang='grc' dir='ltr'>Αἰγυπτίοις.</span> 
     </span>
    </p>
   </div>
   <div class='ocr_carea' id='block_1_58' title="bbox 101 1959 886 1996">
    <p class='ocr_par' dir='ltr' id='par_1_58' title="bbox 101 1959 886 1996">
     <span class='ocr_line' id='line_1_58' title="bbox 101 1959 886 1996; baseline -0.003 -8"><span class='ocrx_word' id='word_1_420' title='bbox 101 1961 174 1988; x_wconf 80' lang='grc' dir='ltr'>Ἐκεῖ</span> <span class='ocrx_word' id='word_1_421' title='bbox 187 1960 236 1988; x_wconf 80' lang='grc' dir='ltr'><strong>τὸν</strong></span> <span class='ocrx_word' id='word_1_422' title='bbox 262 1959 378 1996; x_wconf 80' lang='grc' dir='ltr'>βροΰχον</span> <span class='ocrx_word' id='word_1_423' title='bbox 402 1960 449 1987; x_wconf 74' lang='grc' dir='ltr'>καὶ</span> <span class='ocrx_word' id='word_1_424' title='bbox 470 1960 520 1995; x_wconf 81' lang='grc' dir='ltr'>τὴν</span> <span class='ocrx_word' id='word_1_425' title='bbox 544 1959 642 1996; x_wconf 82' lang='grc' dir='ltr'>ἀκρίδα</span> <span class='ocrx_word' id='word_1_426' title='bbox 665 1959 784 1987; x_wconf 79' lang='grc' dir='ltr'>διολέσαι</span> <span class='ocrx_word' id='word_1_427' title='bbox 807 1960 886 1995; x_wconf 74' lang='grc' dir='ltr'>φησὶ,</span> 
     </span>
    </p>
   </div>
   <div class='ocr_carea' id='block_1_59' title="bbox 94 2005 888 2042">
    <p class='ocr_par' dir='ltr' id='par_1_59' title="bbox 94 2005 888 2042">
     <span class='ocr_line' id='line_1_59' title="bbox 94 2005 888 2042; baseline -0.001 -9"><span class='ocrx_word' id='word_1_428' title='bbox 94 2006 217 2041; x_wconf 82' lang='grc' dir='ltr'>δυσαχθῆ</span> <span class='ocrx_word' id='word_1_429' title='bbox 226 2006 257 2033; x_wconf 80' lang='grc' dir='ltr'>δὲ</span> <span class='ocrx_word' id='word_1_430' title='bbox 266 2006 393 2040; x_wconf 78' lang='grc' dir='ltr'>γενέσθαι</span> <span class='ocrx_word' id='word_1_431' title='bbox 408 2006 453 2032; x_wconf 80' lang='grc' dir='ltr'>τὸν</span> <span class='ocrx_word' id='word_1_432' title='bbox 465 2006 564 2042; x_wconf 81' lang='grc' dir='ltr'>βρόμον</span> <span class='ocrx_word' id='word_1_433' title='bbox 578 2005 678 2033; x_wconf 81' lang='grc' dir='ltr'>αὐτῶν.</span> <span class='ocrx_word' id='word_1_434' title='bbox 688 2005 761 2041; x_wconf 84' lang='grc' dir='ltr'>Πλὴν</span> <span class='ocrx_word' id='word_1_435' title='bbox 773 2005 888 2041; x_wconf 85' lang='grc' dir='ltr'>ἀνῄρην-</span> 
     </span>
    </p>
   </div>
   <div class='ocr_carea' id='block_1_60' title="bbox 94 2051 888 2087">
    <p class='ocr_par' dir='ltr' id='par_1_60' title="bbox 94 2051 888 2087">
     <span class='ocr_line' id='line_1_60' title="bbox 94 2051 888 2087; baseline 0 -9"><span class='ocrx_word' id='word_1_436' title='bbox 94 2061 139 2080; x_wconf 81' lang='grc' dir='ltr'><strong>ται</strong></span> <span class='ocrx_word' id='word_1_437' title='bbox 150 2053 200 2079; x_wconf 80' lang='grc' dir='ltr'>καὶ</span> <span class='ocrx_word' id='word_1_438' title='bbox 210 2052 236 2079; x_wconf 86' lang='grc' dir='ltr'><strong>οί</strong></span> <span class='ocrx_word' id='word_1_439' title='bbox 252 2051 428 2085; x_wconf 75' lang='grc' dir='ltr'><strong>Βαϐυλώνιοι⁷</strong></span> <span class='ocrx_word' id='word_1_440' title='bbox 451 2052 500 2087; x_wconf 82' lang='grc' dir='ltr'>τὴν</span> <span class='ocrx_word' id='word_1_441' title='bbox 525 2052 696 2087; x_wconf 84' lang='grc' dir='ltr'>βορειοτέραν</span> <span class='ocrx_word' id='word_1_442' title='bbox 715 2051 820 2087; x_wconf 86' lang='grc' dir='ltr'>χώραν,</span> <span class='ocrx_word' id='word_1_443' title='bbox 840 2051 888 2078; x_wconf 69' lang='grc' dir='ltr'>καὶ</span> 
     </span>
    </p>
   </div>
   <div class='ocr_carea' id='block_1_61' title="bbox 95 2097 888 2134">
    <p class='ocr_par' dir='ltr' id='par_1_61' title="bbox 95 2097 888 2134">
     <span class='ocr_line' id='line_1_61' title="bbox 95 2097 888 2134; baseline 0 -10"><span class='ocrx_word' id='word_1_444' title='bbox 95 2099 163 2134; x_wconf 74' lang='grc' dir='ltr'>πρὸς</span> <span class='ocrx_word' id='word_1_445' title='bbox 173 2098 217 2133; x_wconf 73' lang='grc' dir='ltr'>ὴῶ</span> <span class='ocrx_word' id='word_1_446' title='bbox 229 2097 360 2134; x_wconf 79' lang='grc' dir='ltr'>κειμένην</span> <span class='ocrx_word' id='word_1_447' title='bbox 374 2097 522 2130; x_wconf 74' lang='grc' dir='ltr'>οἰκοῦντες.</span> <span class='ocrx_word' id='word_1_448' title='bbox 537 2098 600 2133; x_wconf 83' lang='grc' dir='ltr'><strong>Ἀνῄ</strong></span> <span class='ocrx_word' id='word_1_449' title='bbox 605 2106 699 2134; x_wconf 86' lang='grc' dir='ltr'>ρηνται</span> <span class='ocrx_word' id='word_1_450' title='bbox 710 2097 739 2124; x_wconf 79' lang='grc' dir='ltr'>δὲ</span> <span class='ocrx_word' id='word_1_451' title='bbox 747 2098 775 2124; x_wconf 82' lang='grc' dir='ltr'>ὲν</span> <span class='ocrx_word' id='word_1_452' title='bbox 784 2098 888 2133; x_wconf 80' lang='grc' dir='ltr'>καιροῖς</span> 
     </span>
    </p>
   </div>
   <div class='ocr_carea' id='block_1_62' title="bbox 94 2142 888 2180">
    <p class='ocr_par' dir='ltr' id='par_1_62' title="bbox 94 2142 888 2180">
     <span class='ocr_line' id='line_1_62' title="bbox 94 2142 888 2180; baseline -0.001 -10"><span class='ocrx_word' id='word_1_453' title='bbox 94 2145 143 2180; x_wconf 82' lang='grc' dir='ltr'>τῆς</span> <span class='ocrx_word' id='word_1_454' title='bbox 171 2144 296 2179; x_wconf 83' lang='grc' dir='ltr'>Ἐζεχίου</span> <span class='ocrx_word' id='word_1_455' title='bbox 325 2144 480 2179; x_wconf 82' lang='grc' dir='ltr'>βασιλείας,</span> <span class='ocrx_word' id='word_1_456' title='bbox 509 2144 555 2171; x_wconf 74' lang='grc' dir='ltr'>καὶ</span> <span class='ocrx_word' id='word_1_457' title='bbox 575 2142 610 2179; x_wconf 82' lang='grc' dir='ltr'>ἦν</span> <span class='ocrx_word' id='word_1_458' title='bbox 643 2143 810 2179; x_wconf 79' lang='grc' dir='ltr'>δυσφόρητος</span> <span class='ocrx_word' id='word_1_459' title='bbox 834 2143 888 2169; x_wconf 87' lang='grc' dir='ltr'><strong>τῶν</strong></span> 
     </span>
    </p>
   </div>
   <div class='ocr_carea' id='block_1_63' title="bbox 96 2189 889 2226">
    <p class='ocr_par' dir='ltr' id='par_1_63' title="bbox 96 2189 889 2226">
     <span class='ocr_line' id='line_1_63' title="bbox 96 2189 889 2226; baseline -0.003 -9"><span class='ocrx_word' id='word_1_460' title='bbox 96 2190 257 2226; x_wconf 77' lang='grc' dir='ltr'>πτωμάτων</span> <span class='ocrx_word' id='word_1_461' title='bbox 269 2189 381 2226; x_wconf 82' lang='grc' dir='ltr'>βρόμος,</span> <span class='ocrx_word' id='word_1_462' title='bbox 393 2191 431 2222; x_wconf 85' lang='grc' dir='ltr'><strong>ὡς</strong></span> <span class='ocrx_word' id='word_1_463' title='bbox 443 2190 642 2226; x_wconf 82' lang='grc' dir='ltr'>καθαρισθῆναι</span> <span class='ocrx_word' id='word_1_464' title='bbox 659 2189 736 2225; x_wconf 87' lang='grc' dir='ltr'>μόλις</span> <span class='ocrx_word' id='word_1_465' title='bbox 755 2189 784 2215; x_wconf 83' lang='grc' dir='ltr'>ὲν</span> <span class='ocrx_word' id='word_1_466' title='bbox 805 2190 889 2216; x_wconf 81' lang='grc' dir='ltr'>ἐπτα-</span> 
     </span>
    </p>
   </div>
   <div class='ocr_carea' id='block_1_64' title="bbox 96 2234 888 2272">
    <p class='ocr_par' dir='ltr' id='par_1_64' title="bbox 96 2234 888 2272">
     <span class='ocr_line' id='line_1_64' title="bbox 96 2234 888 2272; baseline -0.003 -10"><span class='ocrx_word' id='word_1_467' title='bbox 96 2237 175 2272; x_wconf 84' lang='grc' dir='ltr'>μήνῳ</span> <span class='ocrx_word' id='word_1_468' title='bbox 191 2235 245 2271; x_wconf 82' lang='grc' dir='ltr'>τὴν</span> <span class='ocrx_word' id='word_1_469' title='bbox 258 2235 321 2271; x_wconf 84' lang='grc' dir='ltr'>γῆν,</span> <span class='ocrx_word' id='word_1_470' title='bbox 335 2236 383 2263; x_wconf 79' lang='grc' dir='ltr'>καὶ</span> <span class='ocrx_word' id='word_1_471' title='bbox 396 2236 445 2272; x_wconf 85' lang='grc' dir='ltr'>τῆς</span> <span class='ocrx_word' id='word_1_472' title='bbox 460 2234 515 2262; x_wconf 81' lang='grc' dir='ltr'><strong>τῶν</strong></span> <span class='ocrx_word' id='word_1_473' title='bbox 527 2235 683 2270; x_wconf 83' lang='grc' dir='ltr'>πτωμάτων</span> <span class='ocrx_word' id='word_1_474' title='bbox 697 2234 888 2270; x_wconf 84' lang='grc' dir='ltr'>ἀπαλλαγῆναι</span> 
     </span>
    </p>
   </div>
   <div class='ocr_carea' id='block_1_65' title="bbox 95 2280 890 2318">
    <p class='ocr_par' dir='ltr' id='par_1_65' title="bbox 95 2280 890 2318">
     <span class='ocr_line' id='line_1_65' title="bbox 95 2280 890 2318; baseline -0.004 -9"><span class='ocrx_word' id='word_1_475' title='bbox 95 2282 228 2318; x_wconf 85' lang='grc' dir='ltr'>σαπρίας.</span> <span class='ocrx_word' id='word_1_476' title='bbox 242 2281 321 2308; x_wconf 75' lang='grc' dir='ltr'>οὕτω</span> <span class='ocrx_word' id='word_1_477' title='bbox 333 2281 387 2317; x_wconf 87' lang='grc' dir='ltr'><strong>γάρ</strong></span> <span class='ocrx_word' id='word_1_478' title='bbox 404 2289 488 2317; x_wconf 84' lang='grc' dir='ltr'>φησιν</span> <span class='ocrx_word' id='word_1_479' title='bbox 505 2280 645 2317; x_wconf 80' lang='grc' dir='ltr'>Ἰεζεχιήλ.</span> <span class='ocrx_word' id='word_1_480' title='bbox 661 2281 722 2307; x_wconf 86' lang='grc' dir='ltr'><strong>Ὅτι</strong></span> <span class='ocrx_word' id='word_1_481' title='bbox 736 2280 765 2307; x_wconf 78' lang='grc' dir='ltr'>δὲ</span> <span class='ocrx_word' id='word_1_482' title='bbox 776 2280 890 2316; x_wconf 79' lang='grc' dir='ltr'>προσκέ-</span> 
     </span>
    </p>
   </div>
   <div class='ocr_carea' id='block_1_66' title="bbox 95 2325 890 2363">
    <p class='ocr_par' dir='ltr' id='par_1_66' title="bbox 95 2325 890 2363">
     <span class='ocr_line' id='line_1_66' title="bbox 95 2325 890 2363; baseline -0.003 -9"><span class='ocrx_word' id='word_1_483' title='bbox 95 2328 187 2355; x_wconf 82' lang='grc' dir='ltr'>κλιται</span> <span class='ocrx_word' id='word_1_484' title='bbox 200 2327 260 2358; x_wconf 86' lang='grc' dir='ltr'>τοῖς</span> <span class='ocrx_word' id='word_1_485' title='bbox 272 2327 451 2363; x_wconf 76' lang='grc' dir='ltr'>βορειοτέροις</span> <span class='ocrx_word' id='word_1_486' title='bbox 463 2327 517 2354; x_wconf 87' lang='grc' dir='ltr'><strong>τῶν</strong></span> <span class='ocrx_word' id='word_1_487' title='bbox 526 2325 706 2353; x_wconf 81' lang='grc' dir='ltr'>Βαϐυλωνίων</span> <span class='ocrx_word' id='word_1_488' title='bbox 718 2326 735 2360; x_wconf 79' lang='grc' dir='ltr'><strong>ἡ</strong></span> <span class='ocrx_word' id='word_1_489' title='bbox 749 2325 795 2360; x_wconf 84' lang='grc' dir='ltr'><strong>γῆ,</strong></span> <span class='ocrx_word' id='word_1_490' title='bbox 806 2325 890 2360; x_wconf 76' lang='grc' dir='ltr'>σαφὲς</span> 
     </span>
    </p>
   </div>
   <div class='ocr_carea' id='block_1_67' title="bbox 95 2371 890 2407">
    <p class='ocr_par' dir='ltr' id='par_1_67' title="bbox 95 2371 890 2407">
     <span class='ocr_line' id='line_1_67' title="bbox 95 2371 890 2407; baseline -0.003 -7"><span class='ocrx_word' id='word_1_491' title='bbox 95 2372 128 2400; x_wconf 83' lang='grc' dir='ltr'>ἂν</span> <span class='ocrx_word' id='word_1_492' title='bbox 146 2373 274 2407; x_wconf 79' lang='grc' dir='ltr'>γένοιτο,</span> <span class='ocrx_word' id='word_1_493' title='bbox 294 2373 419 2407; x_wconf 80' lang='grc' dir='ltr'>λέγοντος</span> <span class='ocrx_word' id='word_1_494' title='bbox 442 2372 510 2399; x_wconf 88' lang='grc' dir='ltr'><strong>Θεοῦ</strong></span> <span class='ocrx_word' id='word_1_495' title='bbox 527 2371 572 2399; x_wconf 81' lang='grc' dir='ltr'><strong>διὰ</strong></span> <span class='ocrx_word' id='word_1_496' title='bbox 587 2373 679 2407; x_wconf 79' lang='grc' dir='ltr'>φωνῆς</span> <span class='ocrx_word' id='word_1_497' title='bbox 698 2371 783 2406; x_wconf 82' lang='grc' dir='ltr'>ἁγίων</span> <span class='ocrx_word' id='word_1_498' title='bbox 793 2372 848 2403; x_wconf 84' lang='grc' dir='ltr'>τοῖς</span> <span class='ocrx_word' id='word_1_499' title='bbox 860 2371 890 2404; x_wconf 80' lang='grc' dir='ltr'><strong>ἐξ</strong></span> 
     </span>
    </p>
   </div>
   <div class='ocr_carea' id='block_1_68' title="bbox 95 2416 888 2454">
    <p class='ocr_par' dir='ltr' id='par_1_68' title="bbox 95 2416 888 2454">
     <span class='ocr_line' id='line_1_68' title="bbox 95 2416 888 2454; baseline -0.004 -8"><span class='ocrx_word' id='word_1_500' title='bbox 95 2420 212 2454; x_wconf 80' lang='grc' dir='ltr'>αἵματος</span> <span class='ocrx_word' id='word_1_501' title='bbox 242 2417 349 2454; x_wconf 80' lang='grc' dir='ltr'>Ἰσραὴλ</span> <span class='ocrx_word' id='word_1_502' title='bbox 376 2418 608 2453; x_wconf 81' lang='grc' dir='ltr'>ἀπενηνεγμένοις</span> <span class='ocrx_word' id='word_1_503' title='bbox 639 2418 669 2445; x_wconf 77' lang='grc' dir='ltr'>ἐν</span> <span class='ocrx_word' id='word_1_504' title='bbox 697 2416 888 2452; x_wconf 79' lang='grc' dir='ltr'>αἰχμαλωσίᾳ·</span> 
     </span>
    </p>
   </div>
   <div class='ocr_carea' id='block_1_69' title="bbox 100 2463 889 2500">
    <p class='ocr_par' dir='ltr' id='par_1_69' title="bbox 100 2463 889 2500">
     <span class='ocr_line' id='line_1_69' title="bbox 100 2463 889 2500; baseline -0.003 -10"><span class='ocrx_word' id='word_1_505' title='bbox 100 2474 109 2490; x_wconf 75' lang='grc' dir='ltr'><strong>ι</strong></span> <span class='ocrx_word' id='word_1_506' title='bbox 128 2465 171 2497; x_wconf 80' lang='grc' dir='ltr'><strong>Ὢ,</strong></span> <span class='ocrx_word' id='word_1_507' title='bbox 188 2464 231 2498; x_wconf 85' lang='grc' dir='ltr'><strong>ὣ,</strong></span> <span class='ocrx_word' id='word_1_508' title='bbox 246 2464 362 2499; x_wconf 81' lang='grc' dir='ltr'>φεύγετε</span> <span class='ocrx_word' id='word_1_509' title='bbox 376 2465 408 2491; x_wconf 79' lang='grc' dir='ltr'>ἐκ</span> <span class='ocrx_word' id='word_1_510' title='bbox 419 2464 469 2500; x_wconf 85' lang='grc' dir='ltr'><strong>γῆς</strong></span> <span class='ocrx_word' id='word_1_511' title='bbox 484 2464 571 2500; x_wconf 56' lang='lat' dir='ltr'><strong>popae</strong></span> <span class='ocrx_word' id='word_1_512' title='bbox 581 2484 589 2497; x_wconf 89' lang='lat'><strong>,</strong></span> <span class='ocrx_word' id='word_1_513' title='bbox 607 2463 682 2498; x_wconf 85' lang='grc' dir='ltr'>λέγει</span> <span class='ocrx_word' id='word_1_514' title='bbox 703 2463 805 2498; x_wconf 83' lang='grc' dir='ltr'>Κύριος</span> <span class='ocrx_word' id='word_1_515' title='bbox 815 2471 822 2478; x_wconf 91' lang='grc'>·</span> <span class='ocrx_word' id='word_1_516' title='bbox 849 2463 889 2495; x_wconf 83' lang='grc' dir='ltr'>εἰς</span> 
     </span>
    </p>
   </div>
   <div class='ocr_carea' id='block_1_70' title="bbox 98 2509 892 2547">
    <p class='ocr_par' dir='ltr' id='par_1_70' title="bbox 98 2509 892 2547">
     <span class='ocr_line' id='line_1_70' title="bbox 98 2509 892 2547; baseline -0.001 -10"><span class='ocrx_word' id='word_1_517' title='bbox 98 2511 167 2538; x_wconf 85' lang='grc' dir='ltr'>Σιὼν</span> <span class='ocrx_word' id='word_1_518' title='bbox 182 2509 370 2544; x_wconf 77' lang='grc' dir='ltr'>ἀνασώζεσοε,</span> <span class='ocrx_word' id='word_1_519' title='bbox 388 2511 414 2538; x_wconf 77' lang='grc' dir='ltr'>οἱ</span> <span class='ocrx_word' id='word_1_520' title='bbox 427 2511 618 2543; x_wconf 83' lang='grc' dir='ltr'>κατοικοῦντες</span> <span class='ocrx_word' id='word_1_521' title='bbox 642 2510 780 2547; x_wconf 81' lang='grc' dir='ltr'>θυγατέρα</span> <span class='ocrx_word' id='word_1_522' title='bbox 802 2510 892 2536; x_wconf 83' lang='grc' dir='ltr'>Βασυ-</span> 
     </span>
    </p>
   </div>
   <div class='ocr_carea' id='block_1_71' title="bbox 99 2555 253 2588">
    <p class='ocr_par' dir='ltr' id='par_1_71' title="bbox 99 2555 253 2588">
     <span class='ocr_line' id='line_1_71' title="bbox 99 2555 253 2588; baseline 0 -6"><span class='ocrx_word' id='word_1_523' title='bbox 99 2555 253 2588; x_wconf 74' lang='grc' dir='ltr'>λῶνος.ισ</span> 
     </span>
    </p>
   </div>
   <div class='ocr_carea' id='block_1_72' title="bbox 139 2600 891 2638">
    <p class='ocr_par' dir='ltr' id='par_1_72' title="bbox 139 2600 891 2638">
     <span class='ocr_line' id='line_1_72' title="bbox 139 2600 891 2638; baseline -0.004 -9"><span class='ocrx_word' id='word_1_524' title='bbox 139 2602 288 2635; x_wconf 77' lang='grc' dir='ltr'>Ἐξελάσας</span> <span class='ocrx_word' id='word_1_525' title='bbox 296 2602 326 2629; x_wconf 83' lang='grc' dir='ltr'>δὲ</span> <span class='ocrx_word' id='word_1_526' title='bbox 343 2602 390 2630; x_wconf 73' lang='grc' dir='ltr'>καὶ</span> <span class='ocrx_word' id='word_1_527' title='bbox 403 2602 433 2635; x_wconf 74' lang='grc' dir='ltr'>ἐξ</span> <span class='ocrx_word' id='word_1_528' title='bbox 447 2602 525 2638; x_wconf 80' lang='grc' dir='ltr'>ἡμῶν</span> <span class='ocrx_word' id='word_1_529' title='bbox 542 2601 632 2629; x_wconf 89' lang='grc' dir='ltr'>αὐτῶν</span> <span class='ocrx_word' id='word_1_530' title='bbox 650 2601 700 2637; x_wconf 80' lang='grc' dir='ltr'>τὴν</span> <span class='ocrx_word' id='word_1_531' title='bbox 713 2600 810 2637; x_wconf 83' lang='grc' dir='ltr'>ἀκρίδα</span> <span class='ocrx_word' id='word_1_532' title='bbox 824 2601 891 2636; x_wconf 87' lang='grc' dir='ltr'>Χρι-</span> 
     </span>
    </p>
   </div>
   <div class='ocr_carea' id='block_1_73' title="bbox 101 2645 889 2683">
    <p class='ocr_par' dir='ltr' id='par_1_73' title="bbox 101 2645 889 2683">
     <span class='ocr_line' id='line_1_73' title="bbox 101 2645 889 2683; baseline -0.003 -9"><span class='ocrx_word' id='word_1_533' title='bbox 101 2647 171 2679; x_wconf 80' lang='grc' dir='ltr'>στὸς,</span> <span class='ocrx_word' id='word_1_534' title='bbox 193 2648 268 2683; x_wconf 75' lang='grc' dir='ltr'>φημὶ</span> <span class='ocrx_word' id='word_1_535' title='bbox 290 2647 323 2683; x_wconf 86' lang='grc' dir='ltr'>δὴ</span> <span class='ocrx_word' id='word_1_536' title='bbox 343 2647 393 2683; x_wconf 82' lang='grc' dir='ltr'>τὴν</span> <span class='ocrx_word' id='word_1_537' title='bbox 411 2647 519 2683; x_wconf 82' lang='grc' dir='ltr'>νοητὴν,</span> <span class='ocrx_word' id='word_1_538' title='bbox 539 2647 574 2674; x_wconf 73' lang='grc' dir='ltr'><strong>τὰ</strong></span> <span class='ocrx_word' id='word_1_539' title='bbox 596 2647 784 2682; x_wconf 85' lang='grc' dir='ltr'>παμμόχθηρα</span> <span class='ocrx_word' id='word_1_540' title='bbox 808 2645 889 2681; x_wconf 86' lang='grc' dir='ltr'>στίφη</span> 
     </span>
    </p>
   </div>
   <div class='ocr_carea' id='block_1_74' title="bbox 101 2692 889 2729">
    <p class='ocr_par' dir='ltr' id='par_1_74' title="bbox 101 2692 889 2729">
     <span class='ocr_line' id='line_1_74' title="bbox 101 2692 889 2729; baseline -0.004 -9"><span class='ocrx_word' id='word_1_541' title='bbox 101 2693 152 2719; x_wconf 77' lang='grc' dir='ltr'><strong>τῶν</strong></span> <span class='ocrx_word' id='word_1_542' title='bbox 163 2693 315 2729; x_wconf 79' lang='grc' dir='ltr'>δαιμονίων</span> <span class='ocrx_word' id='word_1_543' title='bbox 335 2693 465 2729; x_wconf 78' lang='grc' dir='ltr'>δηλονότι,</span> <span class='ocrx_word' id='word_1_544' title='bbox 481 2693 655 2721; x_wconf 78' lang='grc' dir='ltr'>κατέκλεισεν</span> <span class='ocrx_word' id='word_1_545' title='bbox 671 2692 740 2719; x_wconf 79' lang='grc' dir='ltr'>αὐτὰ</span> <span class='ocrx_word' id='word_1_546' title='bbox 756 2693 796 2724; x_wconf 84' lang='grc' dir='ltr'><strong>είς</strong></span> <span class='ocrx_word' id='word_1_547' title='bbox 814 2692 889 2727; x_wconf 74' lang='grc' dir='ltr'>ᾅδου,</span> 
     </span>
    </p>
   </div>
   <div class='ocr_carea' id='block_1_75' title="bbox 102 2735 892 2774">
    <p class='ocr_par' dir='ltr' id='par_1_75' title="bbox 102 2735 892 2774">
     <span class='ocr_line' id='line_1_75' title="bbox 102 2735 892 2774; baseline -0.003 -10"><span class='ocrx_word' id='word_1_548' title='bbox 102 2737 146 2764; x_wconf 81' lang='grc' dir='ltr'>καὶ</span> <span class='ocrx_word' id='word_1_549' title='bbox 159 2738 190 2765; x_wconf 72' lang='grc' dir='ltr'>ἐν</span> <span class='ocrx_word' id='word_1_550' title='bbox 202 2740 261 2770; x_wconf 85' lang='grc' dir='ltr'>τοῖς</span> <span class='ocrx_word' id='word_1_551' title='bbox 281 2738 331 2774; x_wconf 73' lang='grc' dir='ltr'>τῆς</span> <span class='ocrx_word' id='word_1_552' title='bbox 349 2738 468 2765; x_wconf 78' lang='grc' dir='ltr'>ἀϐύσσου</span> <span class='ocrx_word' id='word_1_553' title='bbox 492 2740 586 2774; x_wconf 85' lang='grc' dir='ltr'>μυχοῖς</span> <span class='ocrx_word' id='word_1_554' title='bbox 600 2738 778 2774; x_wconf 72' lang='grc' dir='ltr'>κατηφάνισε,</span> <span class='ocrx_word' id='word_1_555' title='bbox 798 2735 892 2766; x_wconf 77' lang='grc' dir='ltr'>καθεὶς</span> 
     </span>
    </p>
   </div>
   <div class='ocr_carea' id='block_1_76' title="bbox 135 2837 368 2869">
    <p class='ocr_par' dir='ltr' id='par_1_76' title="bbox 135 2837 368 2869">
     <span class='ocr_line' id='line_1_76' title="bbox 135 2837 368 2869; baseline 0.009 -5"><span class='ocrx_word' id='word_1_556' title='bbox 135 2838 145 2853; x_wconf 82' lang='grc'>⁸</span> <span class='ocrx_word' id='word_1_557' title='bbox 165 2837 237 2866; x_wconf 82' lang='lat' dir='ltr'><strong>Psal.</strong></span> <span class='ocrx_word' id='word_1_558' title='bbox 253 2846 323 2869; x_wconf 80' lang='lat' dir='ltr'><strong>xx&quot;,</strong></span> <span class='ocrx_word' id='word_1_559' title='bbox 341 2838 368 2866; x_wconf 82' lang='lat'><strong>5.</strong></span> 
     </span>
    </p>
   </div>
   <div class='ocr_carea' id='block_1_77' title="bbox 103 2873 319 2908">
    <p class='ocr_par' dir='ltr' id='par_1_77' title="bbox 103 2873 319 2908">
     <span class='ocr_line' id='line_1_77' title="bbox 103 2873 319 2908; baseline -0.014 -5"><span class='ocrx_word' id='word_1_560' title='bbox 103 2873 123 2889; x_wconf 81' lang='lat'>“</span> <span class='ocrx_word' id='word_1_561' title='bbox 141 2873 225 2902; x_wconf 79' lang='lat' dir='ltr'><strong>Zach.</strong></span> <span class='ocrx_word' id='word_1_562' title='bbox 242 2881 277 2908; x_wconf 88' lang='lat' dir='ltr'><strong>tt,</strong></span> <span class='ocrx_word' id='word_1_563' title='bbox 291 2874 319 2900; x_wconf 87' lang='lat'><strong>6.</strong></span> 
     </span>
    </p>
   </div>
   <div class='ocr_carea' id='block_1_78' title="bbox 423 2839 696 2869">
    <p class='ocr_par' dir='ltr' id='par_1_78' title="bbox 423 2839 696 2869">
     <span class='ocr_line' id='line_1_78' title="bbox 423 2839 696 2869; baseline -0.004 -2"><span class='ocrx_word' id='word_1_564' title='bbox 423 2840 432 2856; x_wconf 94' lang='grc'><strong><em>⁷</em></strong></span> <span class='ocrx_word' id='word_1_565' title='bbox 451 2839 544 2869; x_wconf 83' lang='lat' dir='ltr'><strong>Matth.</strong></span> <span class='ocrx_word' id='word_1_566' title='bbox 560 2847 633 2868; x_wconf 82' lang='lat' dir='ltr'><strong>xxtv.</strong></span> <span class='ocrx_word' id='word_1_567' title='bbox 653 2839 696 2866; x_wconf 74' lang='grc'><strong>12.</strong></span> 
     </span>
    </p>
   </div>
   <div class='ocr_carea' id='block_1_79' title="bbox 747 2837 976 2870">
    <p class='ocr_par' dir='ltr' id='par_1_79' title="bbox 747 2837 976 2870">
     <span class='ocr_line' id='line_1_79' title="bbox 747 2837 976 2870; baseline -0.004 -5"><span class='ocrx_word' id='word_1_568' title='bbox 747 2838 757 2854; x_wconf 81' lang='grc'><strong><em>⁸</em></strong></span> <span class='ocrx_word' id='word_1_569' title='bbox 778 2837 865 2865; x_wconf 80' lang='lat' dir='ltr'><strong>Gulat.</strong></span> <span class='ocrx_word' id='word_1_570' title='bbox 895 2845 921 2870; x_wconf 90' lang='lat' dir='ltr'><strong>v,</strong></span> <span class='ocrx_word' id='word_1_571' title='bbox 941 2837 976 2864; x_wconf 73' lang='lat' dir='ltr'><strong>2i</strong></span> 
     </span>
    </p>
   </div>
   <div class='ocr_carea' id='block_1_80' title="bbox 926 958 1724 994">
    <p class='ocr_par' dir='ltr' id='par_1_80' title="bbox 926 958 1724 994">
     <span class='ocr_line' id='line_1_80' title="bbox 926 958 1724 994; baseline 0.004 -11"><span class='ocrx_word' id='word_1_572' title='bbox 926 963 987 984; x_wconf 92' lang='lat' dir='ltr'><strong>nem</strong></span> <span class='ocrx_word' id='word_1_573' title='bbox 1001 964 1077 984; x_wconf 88' lang='lat' dir='ltr'><strong>suam</strong></span> <span class='ocrx_word' id='word_1_574' title='bbox 1092 958 1354 987; x_wconf 79' lang='lat' dir='ltr'><strong>cruciﬁxeruntcum</strong></span> <span class='ocrx_word' id='word_1_575' title='bbox 1370 959 1476 988; x_wconf 77' lang='lat' dir='ltr'><strong>vitiiset</strong></span> <span class='ocrx_word' id='word_1_576' title='bbox 1488 958 1724 994; x_wconf 75' lang='lat' dir='ltr'><strong>concupiscentiis</strong></span> 
     </span>
    </p>
   </div>
   <div class='ocr_carea' id='block_1_81' title="bbox 927 1002 1044 1030">
    <p class='ocr_par' dir='ltr' id='par_1_81' title="bbox 927 1002 1044 1030">
     <span class='ocr_line' id='line_1_81' title="bbox 927 1002 1044 1030; baseline -0.009 0"><span class='ocrx_word' id='word_1_577' title='bbox 927 1002 983 1030; x_wconf 89' lang='lat' dir='ltr'><strong>suis</strong></span> <span class='ocrx_word' id='word_1_578' title='bbox 994 1002 1016 1030; x_wconf 80' lang='grc'><strong>³.</strong></span> <span class='ocrx_word' id='word_1_579' title='bbox 1035 1012 1044 1029; x_wconf 78' lang='grc' dir='ltr'><strong>ι</strong></span> 
     </span>
    </p>
   </div>
   <div class='ocr_carea' id='block_1_82' title="bbox 964 1091 1714 1129">
    <p class='ocr_par' dir='ltr' id='par_1_82' title="bbox 964 1091 1714 1129">
     <span class='ocr_line' id='line_1_82' title="bbox 964 1091 1714 1129; baseline 0.003 -10"><span class='ocrx_word' id='word_1_580' title='bbox 964 1091 1044 1120; x_wconf 74' lang='lat' dir='ltr'><strong>Vsus.</strong></span> <span class='ocrx_word' id='word_1_581' title='bbox 1063 1092 1107 1120; x_wconf 73' lang='lat'><strong>20.</strong></span> <span class='ocrx_word' id='word_1_582' title='bbox 1123 1092 1157 1120; x_wconf 83' lang='lat' dir='ltr'><strong>Et</strong></span> <span class='ocrx_word' id='word_1_583' title='bbox 1174 1093 1301 1128; x_wconf 67' lang='lat' dir='ltr'><strong>expellam</strong></span> <span class='ocrx_word' id='word_1_584' title='bbox 1316 1102 1375 1122; x_wconf 76' lang='lat' dir='ltr'><strong>eum</strong></span> <span class='ocrx_word' id='word_1_585' title='bbox 1395 1095 1422 1122; x_wconf 83' lang='lat' dir='ltr'><strong>in</strong></span> <span class='ocrx_word' id='word_1_586' title='bbox 1441 1098 1538 1122; x_wconf 81' lang='lat' dir='ltr'><strong>terram</strong></span> <span class='ocrx_word' id='word_1_587' title='bbox 1554 1094 1612 1121; x_wconf 86' lang='lat' dir='ltr'><strong>sine</strong></span> <span class='ocrx_word' id='word_1_588' title='bbox 1634 1102 1714 1129; x_wconf 82' lang='lat' dir='ltr'><strong>aqua,</strong></span> 
     </span>
    </p>
   </div>
   <div class='ocr_carea' id='block_1_83' title="bbox 927 1138 1715 1174">
    <p class='ocr_par' dir='ltr' id='par_1_83' title="bbox 927 1138 1715 1174">
     <span class='ocr_line' id='line_1_83' title="bbox 927 1138 1715 1174; baseline 0.003 -10"><span class='ocrx_word' id='word_1_589' title='bbox 927 1143 950 1164; x_wconf 80' lang='lat' dir='ltr'><strong>et</strong></span> <span class='ocrx_word' id='word_1_590' title='bbox 965 1138 1115 1172; x_wconf 76' lang='lat' dir='ltr'><strong>disperdam</strong></span> <span class='ocrx_word' id='word_1_591' title='bbox 1126 1138 1221 1174; x_wconf 82' lang='lat' dir='ltr'><strong>faciem</strong></span> <span class='ocrx_word' id='word_1_592' title='bbox 1239 1139 1296 1174; x_wconf 88' lang='lat' dir='ltr'><strong>ejus</strong></span> <span class='ocrx_word' id='word_1_593' title='bbox 1310 1140 1336 1167; x_wconf 80' lang='lat' dir='ltr'><strong>in</strong></span> <span class='ocrx_word' id='word_1_594' title='bbox 1360 1148 1434 1167; x_wconf 84' lang='lat' dir='ltr'><strong>mare</strong></span> <span class='ocrx_word' id='word_1_595' title='bbox 1455 1141 1579 1174; x_wconf 83' lang='lat' dir='ltr'><strong>primum,</strong></span> <span class='ocrx_word' id='word_1_596' title='bbox 1592 1144 1617 1167; x_wconf 81' lang='lat' dir='ltr'><strong>et</strong></span> <span class='ocrx_word' id='word_1_597' title='bbox 1632 1146 1715 1172; x_wconf 77' lang='lat' dir='ltr'><strong>poste-</strong></span> 
     </span>
    </p>
   </div>
   <div class='ocr_carea' id='block_1_84' title="bbox 929 1184 1716 1220">
    <p class='ocr_par' dir='ltr' id='par_1_84' title="bbox 929 1184 1716 1220">
     <span class='ocr_line' id='line_1_84' title="bbox 929 1184 1716 1220; baseline 0.001 -10"><span class='ocrx_word' id='word_1_598' title='bbox 929 1185 999 1211; x_wconf 80' lang='lat' dir='ltr'><strong>riora</strong></span> <span class='ocrx_word' id='word_1_599' title='bbox 1013 1184 1069 1219; x_wconf 77' lang='lat' dir='ltr'><strong>ejus</strong></span> <span class='ocrx_word' id='word_1_600' title='bbox 1082 1185 1110 1211; x_wconf 82' lang='lat' dir='ltr'><strong>in</strong></span> <span class='ocrx_word' id='word_1_601' title='bbox 1129 1193 1200 1212; x_wconf 80' lang='lat' dir='ltr'><strong>mare</strong></span> <span class='ocrx_word' id='word_1_602' title='bbox 1221 1185 1400 1214; x_wconf 72' lang='lat' dir='ltr'><strong>novissimum.</strong></span> <span class='ocrx_word' id='word_1_603' title='bbox 1418 1186 1450 1213; x_wconf 84' lang='lat' dir='ltr'><strong>Et</strong></span> <span class='ocrx_word' id='word_1_604' title='bbox 1472 1186 1593 1213; x_wconf 75' lang='lat' dir='ltr'><strong>ascendet</strong></span> <span class='ocrx_word' id='word_1_605' title='bbox 1607 1186 1716 1220; x_wconf 80' lang='lat' dir='ltr'><strong>putredo</strong></span> 
     </span>
    </p>
   </div>
   <div class='ocr_carea' id='block_1_85' title="bbox 929 1230 1717 1267">
    <p class='ocr_par' dir='ltr' id='par_1_85' title="bbox 929 1230 1717 1267">
     <span class='ocr_line' id='line_1_85' title="bbox 929 1230 1717 1267; baseline 0.003 -11"><span class='ocrx_word' id='word_1_606' title='bbox 929 1230 1029 1264; x_wconf 75' lang='lat' dir='ltr'><strong>ejus,et</strong></span> <span class='ocrx_word' id='word_1_607' title='bbox 1042 1230 1163 1258; x_wconf 82' lang='lat' dir='ltr'><strong>ascendet</strong></span> <span class='ocrx_word' id='word_1_608' title='bbox 1172 1231 1272 1258; x_wconf 80' lang='lat' dir='ltr'><strong>sonitus</strong></span> <span class='ocrx_word' id='word_1_609' title='bbox 1293 1231 1375 1264; x_wconf 76' lang='lat' dir='ltr'><strong>illius,</strong></span> <span class='ocrx_word' id='word_1_610' title='bbox 1394 1232 1518 1267; x_wconf 84' lang='lat' dir='ltr'><strong>quoniam</strong></span> <span class='ocrx_word' id='word_1_611' title='bbox 1542 1231 1717 1267; x_wconf 78' lang='lat' dir='ltr'><strong>magni/icavit</strong></span> 
     </span>
    </p>
   </div>
   <div class='ocr_carea' id='block_1_86' title="bbox 929 1276 1082 1312">
    <p class='ocr_par' dir='ltr' id='par_1_86' title="bbox 929 1276 1082 1312">
     <span class='ocr_line' id='line_1_86' title="bbox 929 1276 1082 1312; baseline 0.013 -10"><span class='ocrx_word' id='word_1_612' title='bbox 929 1284 1008 1304; x_wconf 79' lang='lat' dir='ltr'><strong>onera</strong></span> <span class='ocrx_word' id='word_1_613' title='bbox 1017 1276 1082 1312; x_wconf 75' lang='lat' dir='ltr'><strong>ejus.</strong></span> 
     </span>
    </p>
   </div>
   <div class='ocr_carea' id='block_1_87' title="bbox 965 1364 1717 1401">
    <p class='ocr_par' dir='ltr' id='par_1_87' title="bbox 965 1364 1717 1401">
     <span class='ocr_line' id='line_1_87' title="bbox 965 1364 1717 1401; baseline 0.001 -10"><span class='ocrx_word' id='word_1_614' title='bbox 965 1364 1059 1392; x_wconf 76' lang='lat' dir='ltr'><strong>XXXI.</strong></span> <span class='ocrx_word' id='word_1_615' title='bbox 1079 1364 1219 1393; x_wconf 87' lang='lat' dir='ltr'><strong>Sermonis</strong></span> <span class='ocrx_word' id='word_1_616' title='bbox 1233 1365 1345 1401; x_wconf 74' lang='lat' dir='ltr'><strong>figuram</strong></span> <span class='ocrx_word' id='word_1_617' title='bbox 1376 1365 1475 1397; x_wconf 79' lang='lat' dir='ltr'><strong>adhuc,</strong></span> <span class='ocrx_word' id='word_1_618' title='bbox 1489 1365 1562 1393; x_wconf 87' lang='lat' dir='ltr'><strong>sicut</strong></span> <span class='ocrx_word' id='word_1_619' title='bbox 1578 1366 1611 1393; x_wconf 86' lang='lat' dir='ltr'><strong>ab</strong></span> <span class='ocrx_word' id='word_1_620' title='bbox 1627 1365 1717 1399; x_wconf 89' lang='lat' dir='ltr'><strong>initio,</strong></span> 
     </span>
    </p>
   </div>
   <div class='ocr_carea' id='block_1_88' title="bbox 931 1411 1719 1445">
    <p class='ocr_par' dir='ltr' id='par_1_88' title="bbox 931 1411 1719 1445">
     <span class='ocr_line' id='line_1_88' title="bbox 931 1411 1719 1445; baseline 0.001 -8"><span class='ocrx_word' id='word_1_621' title='bbox 931 1417 1074 1445; x_wconf 86' lang='lat' dir='ltr'><strong>usurpans,</strong></span> <span class='ocrx_word' id='word_1_622' title='bbox 1092 1411 1164 1438; x_wconf 88' lang='lat' dir='ltr'><strong>velut</strong></span> <span class='ocrx_word' id='word_1_623' title='bbox 1189 1411 1222 1439; x_wconf 87' lang='lat' dir='ltr'><strong>de</strong></span> <span class='ocrx_word' id='word_1_624' title='bbox 1246 1411 1349 1439; x_wconf 86' lang='lat' dir='ltr'><strong>locusta</strong></span> <span class='ocrx_word' id='word_1_625' title='bbox 1377 1415 1404 1438; x_wconf 90' lang='lat' dir='ltr'><strong>et</strong></span> <span class='ocrx_word' id='word_1_626' title='bbox 1422 1411 1524 1438; x_wconf 91' lang='lat' dir='ltr'><strong>brucho</strong></span> <span class='ocrx_word' id='word_1_627' title='bbox 1547 1411 1677 1445; x_wconf 84' lang='lat' dir='ltr'><strong>loquitur,</strong></span> <span class='ocrx_word' id='word_1_628' title='bbox 1692 1416 1719 1438; x_wconf 87' lang='lat' dir='ltr'><strong>et</strong></span> 
     </span>
    </p>
   </div>
   <div class='ocr_carea' id='block_1_89' title="bbox 932 1455 1719 1490">
    <p class='ocr_par' dir='ltr' id='par_1_89' title="bbox 932 1455 1719 1490">
     <span class='ocr_line' id='line_1_89' title="bbox 932 1455 1719 1490; baseline 0 -8"><span class='ocrx_word' id='word_1_629' title='bbox 932 1455 1092 1490; x_wconf 88' lang='lat' dir='ltr'><strong>dissipatum</strong></span> <span class='ocrx_word' id='word_1_630' title='bbox 1105 1455 1138 1482; x_wconf 89' lang='lat' dir='ltr'><strong>iri</strong></span> <span class='ocrx_word' id='word_1_631' title='bbox 1154 1456 1231 1488; x_wconf 82' lang='lat' dir='ltr'><strong>dicit,</strong></span> <span class='ocrx_word' id='word_1_632' title='bbox 1246 1456 1368 1483; x_wconf 85' lang='lat' dir='ltr'><strong>sublatos</strong></span> <span class='ocrx_word' id='word_1_633' title='bbox 1384 1456 1530 1483; x_wconf 88' lang='lat' dir='ltr'><strong>secundum</strong></span> <span class='ocrx_word' id='word_1_634' title='bbox 1547 1455 1594 1483; x_wconf 89' lang='lat' dir='ltr'><strong>Dei</strong></span> <span class='ocrx_word' id='word_1_635' title='bbox 1623 1455 1719 1483; x_wconf 84' lang='lat' dir='ltr'><strong>volun-</strong></span> 
     </span>
    </p>
   </div>
   <div class='ocr_carea' id='block_1_90' title="bbox 935 1500 1723 1535">
    <p class='ocr_par' dir='ltr' id='par_1_90' title="bbox 935 1500 1723 1535">
     <span class='ocr_line' id='line_1_90' title="bbox 935 1500 1723 1535; baseline 0.001 -8"><span class='ocrx_word' id='word_1_636' title='bbox 935 1505 1017 1528; x_wconf 82' lang='lat' dir='ltr'><strong>tatem</strong></span> <span class='ocrx_word' id='word_1_637' title='bbox 1030 1500 1157 1529; x_wconf 87' lang='lat' dir='ltr'><strong>celeriter</strong></span> <span class='ocrx_word' id='word_1_638' title='bbox 1177 1501 1211 1529; x_wconf 91' lang='lat' dir='ltr'><strong>ad</strong></span> <span class='ocrx_word' id='word_1_639' title='bbox 1219 1508 1282 1529; x_wconf 87' lang='lat' dir='ltr'><strong>oras</strong></span> <span class='ocrx_word' id='word_1_640' title='bbox 1293 1501 1391 1529; x_wconf 69' lang='lat' dir='ltr'><strong>Judasae</strong></span> <span class='ocrx_word' id='word_1_641' title='bbox 1404 1501 1513 1529; x_wconf 88' lang='lat' dir='ltr'><strong>ultimas</strong></span> <span class='ocrx_word' id='word_1_642' title='bbox 1522 1500 1592 1528; x_wconf 76' lang='lat' dir='ltr'><strong>forte</strong></span> <span class='ocrx_word' id='word_1_643' title='bbox 1601 1501 1723 1535; x_wconf 84' lang='lat' dir='ltr'><strong>adeoque</strong></span> 
     </span>
    </p>
   </div>
   <div class='ocr_carea' id='block_1_91' title="bbox 935 1546 1721 1582">
    <p class='ocr_par' dir='ltr' id='par_1_91' title="bbox 935 1546 1721 1582">
     <span class='ocr_line' id='line_1_91' title="bbox 935 1546 1721 1582; baseline -0.001 -8"><span class='ocrx_word' id='word_1_644' title='bbox 935 1550 1034 1575; x_wconf 84' lang='lat' dir='ltr'><strong>tetrum</strong></span> <span class='ocrx_word' id='word_1_645' title='bbox 1044 1547 1155 1575; x_wconf 89' lang='lat' dir='ltr'><strong>odorem</strong></span> <span class='ocrx_word' id='word_1_646' title='bbox 1174 1551 1228 1574; x_wconf 87' lang='lat' dir='ltr'><strong>tota</strong></span> <span class='ocrx_word' id='word_1_647' title='bbox 1246 1547 1357 1582; x_wconf 73' lang='lat' dir='ltr'><strong>regione</strong></span> <span class='ocrx_word' id='word_1_648' title='bbox 1387 1546 1545 1580; x_wconf 74' lang='lat' dir='ltr'><strong>diﬂusuros,</strong></span> <span class='ocrx_word' id='word_1_649' title='bbox 1573 1551 1603 1574; x_wconf 91' lang='lat' dir='ltr'><strong>ut</strong></span> <span class='ocrx_word' id='word_1_650' title='bbox 1628 1546 1721 1574; x_wconf 79' lang='lat' dir='ltr'><strong>incola:</strong></span> 
     </span>
    </p>
   </div>
   <div class='ocr_carea' id='block_1_92' title="bbox 934 1591 1723 1627">
    <p class='ocr_par' dir='ltr' id='par_1_92' title="bbox 934 1591 1723 1627">
     <span class='ocr_line' id='line_1_92' title="bbox 934 1591 1723 1627; baseline -0.001 -7"><span class='ocrx_word' id='word_1_651' title='bbox 934 1592 1083 1620; x_wconf 87' lang='lat' dir='ltr'><strong>molestiam</strong></span> <span class='ocrx_word' id='word_1_652' title='bbox 1100 1599 1225 1627; x_wconf 75' lang='lat' dir='ltr'><strong>magnam</strong></span> <span class='ocrx_word' id='word_1_653' title='bbox 1242 1593 1367 1620; x_wconf 85' lang='lat' dir='ltr'><strong>sentiant.</strong></span> <span class='ocrx_word' id='word_1_654' title='bbox 1380 1591 1434 1620; x_wconf 87' lang='lat' dir='ltr'><strong>Nec</strong></span> <span class='ocrx_word' id='word_1_655' title='bbox 1450 1596 1536 1620; x_wconf 88' lang='lat' dir='ltr'><strong>mutat</strong></span> <span class='ocrx_word' id='word_1_656' title='bbox 1563 1599 1654 1620; x_wconf 90' lang='lat' dir='ltr'><strong>sermo</strong></span> <span class='ocrx_word' id='word_1_657' title='bbox 1668 1592 1723 1619; x_wconf 91' lang='lat' dir='ltr'><strong>ullo</strong></span> 
     </span>
    </p>
   </div>
   <div class='ocr_carea' id='block_1_93' title="bbox 935 1637 1721 1673">
    <p class='ocr_par' dir='ltr' id='par_1_93' title="bbox 935 1637 1721 1673">
     <span class='ocr_line' id='line_1_93' title="bbox 935 1637 1721 1673; baseline -0.001 -8"><span class='ocrx_word' id='word_1_658' title='bbox 935 1638 1023 1671; x_wconf 88' lang='lat' dir='ltr'><strong>modo,</strong></span> <span class='ocrx_word' id='word_1_659' title='bbox 1040 1638 1105 1673; x_wconf 89' lang='lat' dir='ltr'><strong>quin</strong></span> <span class='ocrx_word' id='word_1_660' title='bbox 1119 1643 1147 1665; x_wconf 87' lang='lat' dir='ltr'><strong>et</strong></span> <span class='ocrx_word' id='word_1_661' title='bbox 1174 1638 1232 1666; x_wconf 67' lang='lat' dir='ltr'><strong>hmo</strong></span> <span class='ocrx_word' id='word_1_662' title='bbox 1259 1638 1292 1666; x_wconf 88' lang='lat' dir='ltr'><strong>de</strong></span> <span class='ocrx_word' id='word_1_663' title='bbox 1302 1638 1463 1673; x_wconf 87' lang='lat' dir='ltr'><strong>Babyloniis</strong></span> <span class='ocrx_word' id='word_1_664' title='bbox 1496 1644 1603 1665; x_wconf 84' lang='lat' dir='ltr'><strong>rursum</strong></span> <span class='ocrx_word' id='word_1_665' title='bbox 1620 1637 1721 1665; x_wconf 88' lang='lat' dir='ltr'><strong>intelli-</strong></span> 
     </span>
    </p>
   </div>
   <div class='ocr_carea' id='block_1_94' title="bbox 935 1683 1720 1720">
    <p class='ocr_par' dir='ltr' id='par_1_94' title="bbox 935 1683 1720 1720">
     <span class='ocr_line' id='line_1_94' title="bbox 935 1683 1720 1720; baseline -0.001 -9"><span class='ocrx_word' id='word_1_666' title='bbox 935 1684 1021 1719; x_wconf 76' lang='lat' dir='ltr'><strong>genda</strong></span> <span class='ocrx_word' id='word_1_667' title='bbox 1032 1684 1096 1711; x_wconf 89' lang='lat' dir='ltr'><strong>sint.</strong></span> <span class='ocrx_word' id='word_1_668' title='bbox 1111 1683 1178 1711; x_wconf 75' lang='lat' dir='ltr'><strong>Nam</strong></span> <span class='ocrx_word' id='word_1_669' title='bbox 1193 1692 1245 1719; x_wconf 87' lang='lat' dir='ltr'><strong>qua</strong></span> <span class='ocrx_word' id='word_1_670' title='bbox 1259 1683 1445 1720; x_wconf 81' lang='lat' dir='ltr'><strong>Hierosolyma</strong></span> <span class='ocrx_word' id='word_1_671' title='bbox 1457 1689 1579 1712; x_wconf 88' lang='lat' dir='ltr'><strong>austrum</strong></span> <span class='ocrx_word' id='word_1_672' title='bbox 1601 1683 1720 1719; x_wconf 86' lang='lat' dir='ltr'><strong>respicit,</strong></span> 
     </span>
    </p>
   </div>
   <div class='ocr_carea' id='block_1_95' title="bbox 935 1729 1724 1765">
    <p class='ocr_par' dir='ltr' id='par_1_95' title="bbox 935 1729 1724 1765">
     <span class='ocr_line' id='line_1_95' title="bbox 935 1729 1724 1765; baseline -0.001 -8"><span class='ocrx_word' id='word_1_673' title='bbox 935 1729 1050 1758; x_wconf 91' lang='lat' dir='ltr'><strong>solitudo</strong></span> <span class='ocrx_word' id='word_1_674' title='bbox 1072 1729 1150 1765; x_wconf 79' lang='lat' dir='ltr'><strong>longa</strong></span> <span class='ocrx_word' id='word_1_675' title='bbox 1177 1729 1338 1762; x_wconf 89' lang='lat' dir='ltr'><strong>intenditur,</strong></span> <span class='ocrx_word' id='word_1_676' title='bbox 1355 1737 1415 1765; x_wconf 78' lang='lat' dir='ltr'><strong>quze</strong></span> <span class='ocrx_word' id='word_1_677' title='bbox 1440 1730 1472 1757; x_wconf 80' lang='lat' dir='ltr'><strong>ad</strong></span> <span class='ocrx_word' id='word_1_678' title='bbox 1495 1730 1724 1758; x_wconf 83' lang='lat' dir='ltr'><strong>orientemetau-</strong></span> 
     </span>
    </p>
   </div>
   <div class='ocr_carea' id='block_1_96' title="bbox 936 1775 1725 1809">
    <p class='ocr_par' dir='ltr' id='par_1_96' title="bbox 936 1775 1725 1809">
     <span class='ocr_line' id='line_1_96' title="bbox 936 1775 1725 1809; baseline 0 -7"><span class='ocrx_word' id='word_1_679' title='bbox 936 1779 1021 1802; x_wconf 90' lang='lat' dir='ltr'><strong>strum</strong></span> <span class='ocrx_word' id='word_1_680' title='bbox 1037 1776 1107 1803; x_wconf 88' lang='lat' dir='ltr'><strong>mari</strong></span> <span class='ocrx_word' id='word_1_681' title='bbox 1130 1775 1221 1804; x_wconf 86' lang='lat' dir='ltr'><strong>Indico</strong></span> <span class='ocrx_word' id='word_1_682' title='bbox 1239 1776 1410 1809; x_wconf 88' lang='lat' dir='ltr'><strong>terminatur,</strong></span> <span class='ocrx_word' id='word_1_683' title='bbox 1438 1776 1471 1803; x_wconf 90' lang='lat' dir='ltr'><strong>ad</strong></span> <span class='ocrx_word' id='word_1_684' title='bbox 1499 1776 1670 1804; x_wconf 87' lang='lat' dir='ltr'><strong>occidentem</strong></span> <span class='ocrx_word' id='word_1_685' title='bbox 1697 1780 1725 1802; x_wconf 80' lang='lat' dir='ltr'><strong>ct</strong></span> 
     </span>
    </p>
   </div>
   <div class='ocr_carea' id='block_1_97' title="bbox 937 1821 1723 1856">
    <p class='ocr_par' dir='ltr' id='par_1_97' title="bbox 937 1821 1723 1856">
     <span class='ocr_line' id='line_1_97' title="bbox 937 1821 1723 1856; baseline 0 -8"><span class='ocrx_word' id='word_1_686' title='bbox 937 1821 1099 1855; x_wconf 87' lang='lat' dir='ltr'><strong>aquilonem,</strong></span> <span class='ocrx_word' id='word_1_687' title='bbox 1114 1821 1184 1848; x_wconf 85' lang='lat' dir='ltr'><strong>mari</strong></span> <span class='ocrx_word' id='word_1_688' title='bbox 1198 1822 1287 1850; x_wconf 89' lang='lat' dir='ltr'><strong>vicino</strong></span> <span class='ocrx_word' id='word_1_689' title='bbox 1304 1821 1456 1849; x_wconf 72' lang='lat' dir='ltr'><strong>Palaestinae</strong></span> <span class='ocrx_word' id='word_1_690' title='bbox 1480 1821 1560 1856; x_wconf 74' lang='grc'><strong>223</strong></span> <span class='ocrx_word' id='word_1_691' title='bbox 1584 1826 1612 1849; x_wconf 89' lang='lat' dir='ltr'><strong>et</strong></span> <span class='ocrx_word' id='word_1_692' title='bbox 1639 1822 1723 1855; x_wconf 88' lang='lat' dir='ltr'><strong>ipsam</strong></span> 
     </span>
    </p>
   </div>
   <div class='ocr_carea' id='block_1_98' title="bbox 937 1866 1724 1902">
    <p class='ocr_par' dir='ltr' id='par_1_98' title="bbox 937 1866 1724 1902">
     <span class='ocr_line' id='line_1_98' title="bbox 937 1866 1724 1902; baseline -0.003 -8"><span class='ocrx_word' id='word_1_693' title='bbox 937 1866 1082 1902; x_wconf 70' lang='lat' dir='ltr'><strong>Egyptum</strong></span> <span class='ocrx_word' id='word_1_694' title='bbox 1096 1867 1223 1894; x_wconf 87' lang='lat' dir='ltr'><strong>alluente.</strong></span> <span class='ocrx_word' id='word_1_695' title='bbox 1238 1867 1278 1894; x_wconf 86' lang='lat' dir='ltr'><strong>lbi</strong></span> <span class='ocrx_word' id='word_1_696' title='bbox 1292 1866 1425 1894; x_wconf 89' lang='lat' dir='ltr'><strong>bruchum</strong></span> <span class='ocrx_word' id='word_1_697' title='bbox 1448 1871 1475 1894; x_wconf 89' lang='lat' dir='ltr'><strong>et</strong></span> <span class='ocrx_word' id='word_1_698' title='bbox 1491 1866 1621 1894; x_wconf 87' lang='lat' dir='ltr'><strong>locustam</strong></span> <span class='ocrx_word' id='word_1_699' title='bbox 1638 1866 1724 1894; x_wconf 89' lang='lat' dir='ltr'><strong>inter-</strong></span> 
     </span>
    </p>
   </div>
   <div class='ocr_carea' id='block_1_99' title="bbox 938 1910 1724 1947">
    <p class='ocr_par' dir='ltr' id='par_1_99' title="bbox 938 1910 1724 1947">
     <span class='ocr_line' id='line_1_99' title="bbox 938 1910 1724 1947; baseline -0.001 -8"><span class='ocrx_word' id='word_1_700' title='bbox 938 1913 1002 1939; x_wconf 89' lang='lat' dir='ltr'><strong>iisse</strong></span> <span class='ocrx_word' id='word_1_701' title='bbox 1019 1912 1067 1939; x_wconf 87' lang='lat' dir='ltr'><strong>ait.</strong></span> <span class='ocrx_word' id='word_1_702' title='bbox 1085 1912 1184 1939; x_wconf 85' lang='lat' dir='ltr'><strong>Eorum</strong></span> <span class='ocrx_word' id='word_1_703' title='bbox 1196 1919 1278 1947; x_wconf 89' lang='lat' dir='ltr'><strong>porro</strong></span> <span class='ocrx_word' id='word_1_704' title='bbox 1297 1911 1415 1940; x_wconf 83' lang='lat' dir='ltr'><strong>sOnitum</strong></span> <span class='ocrx_word' id='word_1_705' title='bbox 1432 1918 1577 1939; x_wconf 87' lang='lat' dir='ltr'><strong>onerosum</strong></span> <span class='ocrx_word' id='word_1_706' title='bbox 1595 1918 1626 1938; x_wconf 90' lang='lat' dir='ltr'><strong>ac</strong></span> <span class='ocrx_word' id='word_1_707' title='bbox 1639 1910 1724 1938; x_wconf 86' lang='lat' dir='ltr'><strong>mole-</strong></span> 
     </span>
    </p>
   </div>
   <div class='ocr_carea' id='block_1_100' title="bbox 938 1956 1725 1986">
    <p class='ocr_par' dir='ltr' id='par_1_100' title="bbox 938 1956 1725 1986">
     <span class='ocr_line' id='line_1_100' title="bbox 938 1956 1725 1986; baseline -0.001 -1"><span class='ocrx_word' id='word_1_708' title='bbox 938 1963 1009 1986; x_wconf 91' lang='lat' dir='ltr'><strong>stum</strong></span> <span class='ocrx_word' id='word_1_709' title='bbox 1021 1957 1168 1985; x_wconf 76' lang='lat' dir='ltr'><strong>exstitisse.</strong></span> <span class='ocrx_word' id='word_1_710' title='bbox 1188 1958 1320 1985; x_wconf 66' lang='lat' dir='ltr'><strong>Caeterum</strong></span> <span class='ocrx_word' id='word_1_711' title='bbox 1337 1957 1419 1984; x_wconf 84' lang='lat' dir='ltr'><strong>ablati</strong></span> <span class='ocrx_word' id='word_1_712' title='bbox 1436 1962 1498 1985; x_wconf 88' lang='lat' dir='ltr'><strong>sunt</strong></span> <span class='ocrx_word' id='word_1_713' title='bbox 1511 1957 1593 1984; x_wconf 88' lang='lat' dir='ltr'><strong>etiam</strong></span> <span class='ocrx_word' id='word_1_714' title='bbox 1607 1964 1623 1984; x_wconf 87' lang='lat' dir='ltr'><strong>e</strong></span> <span class='ocrx_word' id='word_1_715' title='bbox 1636 1956 1725 1984; x_wconf 88' lang='lat' dir='ltr'><strong>tnedio</strong></span> 
     </span>
    </p>
   </div>
   <div class='ocr_carea' id='block_1_101' title="bbox 938 2002 1725 2040">
    <p class='ocr_par' dir='ltr' id='par_1_101' title="bbox 938 2002 1725 2040">
     <span class='ocr_line' id='line_1_101' title="bbox 938 2002 1725 2040; baseline -0.004 -9"><span class='ocrx_word' id='word_1_716' title='bbox 938 2004 1088 2040; x_wconf 84' lang='lat' dir='ltr'><strong>Babylonii,</strong></span> <span class='ocrx_word' id='word_1_717' title='bbox 1121 2004 1241 2038; x_wconf 84' lang='lat' dir='ltr'><strong>aquiloni</strong></span> <span class='ocrx_word' id='word_1_718' title='bbox 1276 2003 1435 2031; x_wconf 81' lang='lat' dir='ltr'><strong>viciniorem</strong></span> <span class='ocrx_word' id='word_1_719' title='bbox 1463 2002 1612 2038; x_wconf 76' lang='lat' dir='ltr'><strong>regionem,</strong></span> <span class='ocrx_word' id='word_1_720' title='bbox 1639 2007 1667 2029; x_wconf 93' lang='lat' dir='ltr'><strong>et</strong></span> <span class='ocrx_word' id='word_1_721' title='bbox 1691 2003 1725 2029; x_wconf 86' lang='lat' dir='ltr'><strong>ad</strong></span> 
     </span>
    </p>
   </div>
   <div class='ocr_carea' id='block_1_102' title="bbox 938 2047 1726 2083">
    <p class='ocr_par' dir='ltr' id='par_1_102' title="bbox 938 2047 1726 2083">
     <span class='ocr_line' id='line_1_102' title="bbox 938 2047 1726 2083; baseline -0.003 -7"><span class='ocrx_word' id='word_1_722' title='bbox 938 2048 1069 2076; x_wconf 86' lang='lat' dir='ltr'><strong>orientem</strong></span> <span class='ocrx_word' id='word_1_723' title='bbox 1085 2048 1199 2083; x_wconf 88' lang='lat' dir='ltr'><strong>positam</strong></span> <span class='ocrx_word' id='word_1_724' title='bbox 1217 2048 1381 2080; x_wconf 87' lang='lat' dir='ltr'><strong>habitantes,</strong></span> <span class='ocrx_word' id='word_1_725' title='bbox 1394 2054 1448 2082; x_wconf 87' lang='lat' dir='ltr'><strong>quo</strong></span> <span class='ocrx_word' id='word_1_726' title='bbox 1459 2051 1581 2082; x_wconf 83' lang='lat' dir='ltr'><strong>tempore</strong></span> <span class='ocrx_word' id='word_1_727' title='bbox 1593 2047 1726 2074; x_wconf 80' lang='lat' dir='ltr'><strong>Ezechias</strong></span> 
     </span>
    </p>
   </div>
   <div class='ocr_carea' id='block_1_103' title="bbox 939 2094 1727 2130">
    <p class='ocr_par' dir='ltr' id='par_1_103' title="bbox 939 2094 1727 2130">
     <span class='ocr_line' id='line_1_103' title="bbox 939 2094 1727 2130; baseline -0.003 -8"><span class='ocrx_word' id='word_1_728' title='bbox 939 2095 1062 2130; x_wconf 74' lang='lat' dir='ltr'><strong>regnavit</strong></span> <span class='ocrx_word' id='word_1_729' title='bbox 1076 2095 1097 2128; x_wconf 88' lang='lat'><strong>&#39;,</strong></span> <span class='ocrx_word' id='word_1_730' title='bbox 1106 2099 1218 2129; x_wconf 85' lang='lat' dir='ltr'><strong>eratque</strong></span> <span class='ocrx_word' id='word_1_731' title='bbox 1231 2094 1406 2123; x_wconf 85' lang='lat' dir='ltr'><strong>intolerabilis</strong></span> <span class='ocrx_word' id='word_1_732' title='bbox 1423 2094 1584 2122; x_wconf 79' lang='lat' dir='ltr'><strong>cadaverum</strong></span> <span class='ocrx_word' id='word_1_733' title='bbox 1595 2094 1675 2126; x_wconf 80' lang='lat' dir='ltr'><strong>fetor,</strong></span> <span class='ocrx_word' id='word_1_734' title='bbox 1697 2098 1727 2120; x_wconf 88' lang='lat' dir='ltr'><strong>ut</strong></span> 
     </span>
    </p>
   </div>
   <div class='ocr_carea' id='block_1_104' title="bbox 939 2140 1725 2176">
    <p class='ocr_par' dir='ltr' id='par_1_104' title="bbox 939 2140 1725 2176">
     <span class='ocr_line' id='line_1_104' title="bbox 939 2140 1725 2176; baseline -0.003 -8"><span class='ocrx_word' id='word_1_735' title='bbox 939 2141 985 2168; x_wconf 83' lang='lat' dir='ltr'><strong>vix</strong></span> <span class='ocrx_word' id='word_1_736' title='bbox 1012 2146 1114 2176; x_wconf 82' lang='lat' dir='ltr'><strong>septem</strong></span> <span class='ocrx_word' id='word_1_737' title='bbox 1132 2140 1268 2168; x_wconf 87' lang='lat' dir='ltr'><strong>mensibus</strong></span> <span class='ocrx_word' id='word_1_738' title='bbox 1290 2145 1361 2168; x_wconf 88' lang='lat' dir='ltr'><strong>terra</strong></span> <span class='ocrx_word' id='word_1_739' title='bbox 1377 2144 1549 2176; x_wconf 81' lang='lat' dir='ltr'><strong>purgaretur,</strong></span> <span class='ocrx_word' id='word_1_740' title='bbox 1565 2145 1591 2167; x_wconf 89' lang='lat' dir='ltr'><strong>et</strong></span> <span class='ocrx_word' id='word_1_741' title='bbox 1607 2148 1621 2167; x_wconf 75' lang='grc' dir='ltr'><strong>ιι</strong></span> <span class='ocrx_word' id='word_1_742' title='bbox 1633 2144 1725 2174; x_wconf 85' lang='lat' dir='ltr'><strong>putre-</strong></span> 
     </span>
    </p>
   </div>
   <div class='ocr_carea' id='block_1_105' title="bbox 939 2186 1735 2221">
    <p class='ocr_par' dir='ltr' id='par_1_105' title="bbox 939 2186 1735 2221">
     <span class='ocr_line' id='line_1_105' title="bbox 939 2186 1735 2221; baseline -0.003 -8"><span class='ocrx_word' id='word_1_743' title='bbox 939 2186 1002 2214; x_wconf 87' lang='lat' dir='ltr'><strong>dine</strong></span> <span class='ocrx_word' id='word_1_744' title='bbox 1016 2193 1160 2221; x_wconf 86' lang='lat' dir='ltr'><strong>corporum</strong></span> <span class='ocrx_word' id='word_1_745' title='bbox 1175 2190 1344 2213; x_wconf 89' lang='lat' dir='ltr'><strong>mortuorum</strong></span> <span class='ocrx_word' id='word_1_746' title='bbox 1376 2186 1579 2218; x_wconf 71' lang='lat' dir='ltr'><strong>liberaretur”,</strong></span> <span class='ocrx_word' id='word_1_747' title='bbox 1599 2189 1629 2213; x_wconf 88' lang='lat' dir='ltr'><strong>ut</strong></span> <span class='ocrx_word' id='word_1_748' title='bbox 1657 2186 1735 2220; x_wconf 82' lang='lat' dir='ltr'><strong>apud-</strong></span> 
     </span>
    </p>
   </div>
   <div class='ocr_carea' id='block_1_106' title="bbox 941 2230 1731 2267">
    <p class='ocr_par' dir='ltr' id='par_1_106' title="bbox 941 2230 1731 2267">
     <span class='ocr_line' id='line_1_106' title="bbox 941 2230 1731 2267; baseline -0.004 -7"><span class='ocrx_word' id='word_1_749' title='bbox 941 2231 1108 2260; x_wconf 76' lang='lat' dir='ltr'><strong>Ezechielem</strong></span> <span class='ocrx_word' id='word_1_750' title='bbox 1123 2231 1247 2267; x_wconf 75' lang='lat' dir='ltr'><strong>legimus.</strong></span> <span class='ocrx_word' id='word_1_751' title='bbox 1267 2230 1475 2267; x_wconf 82' lang='lat' dir='ltr'><strong>Babyloniorum</strong></span> <span class='ocrx_word' id='word_1_752' title='bbox 1487 2235 1581 2259; x_wconf 87' lang='lat' dir='ltr'><strong>autem</strong></span> <span class='ocrx_word' id='word_1_753' title='bbox 1591 2231 1731 2266; x_wconf 76' lang='lat' dir='ltr'><strong>regionem</strong></span> 
     </span>
    </p>
   </div>
   <div class='ocr_carea' id='block_1_107' title="bbox 942 2275 1736 2312">
    <p class='ocr_par' dir='ltr' id='par_1_107' title="bbox 942 2275 1736 2312">
     <span class='ocr_line' id='line_1_107' title="bbox 942 2275 1736 2312; baseline -0.003 -7"><span class='ocrx_word' id='word_1_754' title='bbox 942 2284 1055 2312; x_wconf 76' lang='lat' dir='ltr'><strong>vergere</strong></span> <span class='ocrx_word' id='word_1_755' title='bbox 1069 2284 1163 2305; x_wconf 89' lang='lat' dir='ltr'><strong>versus</strong></span> <span class='ocrx_word' id='word_1_756' title='bbox 1179 2275 1332 2311; x_wconf 82' lang='lat' dir='ltr'><strong>aquilonem</strong></span> <span class='ocrx_word' id='word_1_757' title='bbox 1347 2276 1520 2311; x_wconf 87' lang='lat' dir='ltr'><strong>perspicuum</strong></span> <span class='ocrx_word' id='word_1_758' title='bbox 1534 2276 1563 2303; x_wconf 82' lang='lat' dir='ltr'><strong>iit</strong></span> <span class='ocrx_word' id='word_1_759' title='bbox 1589 2283 1628 2302; x_wconf 68' lang='grc' dir='ltr'>ει</span> <span class='ocrx_word' id='word_1_760' title='bbox 1639 2275 1736 2303; x_wconf 78' lang='lat' dir='ltr'><strong>verbis</strong></span> 
     </span>
    </p>
   </div>
   <div class='ocr_carea' id='block_1_108' title="bbox 942 2321 1728 2357">
    <p class='ocr_par' dir='ltr' id='par_1_108' title="bbox 942 2321 1728 2357">
     <span class='ocr_line' id='line_1_108' title="bbox 942 2321 1728 2357; baseline -0.004 -7"><span class='ocrx_word' id='word_1_761' title='bbox 942 2323 1061 2356; x_wconf 90' lang='lat' dir='ltr'><strong>Domini,</strong></span> <span class='ocrx_word' id='word_1_762' title='bbox 1076 2330 1135 2357; x_wconf 65' lang='lat' dir='ltr'><strong>quae</strong></span> <span class='ocrx_word' id='word_1_763' title='bbox 1144 2327 1296 2350; x_wconf 86' lang='lat' dir='ltr'><strong>sanctorum</strong></span> <span class='ocrx_word' id='word_1_764' title='bbox 1310 2328 1376 2349; x_wconf 90' lang='lat' dir='ltr'><strong>voce</strong></span> <span class='ocrx_word' id='word_1_765' title='bbox 1388 2321 1493 2349; x_wconf 85' lang='lat' dir='ltr'><strong>loeutus</strong></span> <span class='ocrx_word' id='word_1_766' title='bbox 1504 2325 1547 2349; x_wconf 85' lang='lat' dir='ltr'><strong>est</strong></span> <span class='ocrx_word' id='word_1_767' title='bbox 1563 2321 1597 2348; x_wconf 87' lang='lat' dir='ltr'><strong>iis</strong></span> <span class='ocrx_word' id='word_1_768' title='bbox 1619 2321 1666 2354; x_wconf 91' lang='lat' dir='ltr'><strong>qui</strong></span> <span class='ocrx_word' id='word_1_769' title='bbox 1695 2322 1728 2347; x_wconf 91' lang='lat' dir='ltr'><strong>de</strong></span> 
     </span>
    </p>
   </div>
   <div class='ocr_carea' id='block_1_109' title="bbox 942 2365 1725 2404">
    <p class='ocr_par' dir='ltr' id='par_1_109' title="bbox 942 2365 1725 2404">
     <span class='ocr_line' id='line_1_109' title="bbox 942 2365 1725 2404; baseline -0.006 -7"><span class='ocrx_word' id='word_1_770' title='bbox 942 2369 1073 2404; x_wconf 79' lang='lat' dir='ltr'><strong>sanguine</strong></span> <span class='ocrx_word' id='word_1_771' title='bbox 1100 2367 1182 2396; x_wconf 86' lang='lat' dir='ltr'><strong>Israel</strong></span> <span class='ocrx_word' id='word_1_772' title='bbox 1210 2367 1236 2394; x_wconf 92' lang='lat' dir='ltr'><strong>in</strong></span> <span class='ocrx_word' id='word_1_773' title='bbox 1253 2366 1436 2402; x_wconf 84' lang='lat' dir='ltr'><strong>captivitatem</strong></span> <span class='ocrx_word' id='word_1_774' title='bbox 1462 2366 1570 2393; x_wconf 77' lang='lat' dir='ltr'><strong>abducti</strong></span> <span class='ocrx_word' id='word_1_775' title='bbox 1596 2365 1725 2392; x_wconf 80' lang='lat' dir='ltr'><strong>fuerant:</strong></span> 
     </span>
    </p>
   </div>
   <div class='ocr_carea' id='block_1_110' title="bbox 945 2411 1727 2450">
    <p class='ocr_par' dir='ltr' id='par_1_110' title="bbox 945 2411 1727 2450">
     <span class='ocr_line' id='line_1_110' title="bbox 945 2411 1727 2450; baseline -0.006 -7"><span class='ocrx_word' id='word_1_776' title='bbox 945 2424 955 2442; x_wconf 88' lang='grc' dir='ltr'><strong>ι</strong></span> <span class='ocrx_word' id='word_1_777' title='bbox 973 2414 1006 2448; x_wconf 91' lang='lat'><strong>0,</strong></span> <span class='ocrx_word' id='word_1_778' title='bbox 1022 2422 1048 2447; x_wconf 82' lang='grc' dir='ltr'>ο,</span> <span class='ocrx_word' id='word_1_779' title='bbox 1064 2414 1149 2450; x_wconf 74' lang='lat' dir='ltr'><strong>fugite</strong></span> <span class='ocrx_word' id='word_1_780' title='bbox 1163 2414 1196 2442; x_wconf 91' lang='lat' dir='ltr'><strong>de</strong></span> <span class='ocrx_word' id='word_1_781' title='bbox 1207 2417 1279 2441; x_wconf 89' lang='lat' dir='ltr'><strong>terra</strong></span> <span class='ocrx_word' id='word_1_782' title='bbox 1306 2412 1522 2448; x_wconf 87' lang='lat' dir='ltr'><strong>aquilonis,dicit</strong></span> <span class='ocrx_word' id='word_1_783' title='bbox 1541 2411 1682 2439; x_wconf 87' lang='lat' dir='ltr'><strong>Dominus.</strong></span> <span class='ocrx_word' id='word_1_784' title='bbox 1699 2411 1727 2439; x_wconf 91' lang='lat' dir='ltr'><strong>ln</strong></span> 
     </span>
    </p>
   </div>
   <div class='ocr_carea' id='block_1_111' title="bbox 943 2454 1727 2493">
    <p class='ocr_par' dir='ltr' id='par_1_111' title="bbox 943 2454 1727 2493">
     <span class='ocr_line' id='line_1_111' title="bbox 943 2454 1727 2493; baseline -0.008 -6"><span class='ocrx_word' id='word_1_785' title='bbox 943 2460 1007 2488; x_wconf 90' lang='lat' dir='ltr'><strong>Sion</strong></span> <span class='ocrx_word' id='word_1_786' title='bbox 1035 2459 1175 2487; x_wconf 84' lang='lat' dir='ltr'><strong>salvamini</strong></span> <span class='ocrx_word' id='word_1_787' title='bbox 1189 2478 1197 2492; x_wconf 95' lang='lat'><strong>,</strong></span> <span class='ocrx_word' id='word_1_788' title='bbox 1226 2457 1273 2493; x_wconf 86' lang='lat' dir='ltr'><strong>qui</strong></span> <span class='ocrx_word' id='word_1_789' title='bbox 1317 2457 1444 2485; x_wconf 83' lang='lat' dir='ltr'><strong>habitatis</strong></span> <span class='ocrx_word' id='word_1_790' title='bbox 1492 2455 1573 2483; x_wconf 79' lang='lat' dir='ltr'><strong>tiliam</strong></span> <span class='ocrx_word' id='word_1_791' title='bbox 1611 2454 1727 2490; x_wconf 84' lang='lat' dir='ltr'><strong>Babylo-</strong></span> 
     </span>
    </p>
   </div>
   <div class='ocr_carea' id='block_1_112' title="bbox 943 2505 1066 2534">
    <p class='ocr_par' dir='ltr' id='par_1_112' title="bbox 943 2505 1066 2534">
     <span class='ocr_line' id='line_1_112' title="bbox 943 2505 1066 2534; baseline -0.016 0"><span class='ocrx_word' id='word_1_792' title='bbox 943 2506 985 2534; x_wconf 84' lang='lat' dir='ltr'><strong>nis</strong></span> <span class='ocrx_word' id='word_1_793' title='bbox 1002 2505 1035 2532; x_wconf 71' lang='grc' dir='ltr'><strong>ιι.</strong></span> <span class='ocrx_word' id='word_1_794' title='bbox 1056 2514 1066 2531; x_wconf 77' lang='grc' dir='ltr'><strong>ι</strong></span> 
     </span>
    </p>
   </div>
   <div class='ocr_carea' id='block_1_113' title="bbox 976 2588 1728 2624">
    <p class='ocr_par' dir='ltr' id='par_1_113' title="bbox 976 2588 1728 2624">
     <span class='ocr_line' id='line_1_113' title="bbox 976 2588 1728 2624; baseline -0.012 -2"><span class='ocrx_word' id='word_1_795' title='bbox 976 2593 1100 2622; x_wconf 81' lang='lat' dir='ltr'><strong>Christus</strong></span> <span class='ocrx_word' id='word_1_796' title='bbox 1115 2599 1179 2621; x_wconf 89' lang='lat' dir='ltr'><strong>vero</strong></span> <span class='ocrx_word' id='word_1_797' title='bbox 1199 2592 1309 2619; x_wconf 81' lang='lat' dir='ltr'><strong>etiame</strong></span> <span class='ocrx_word' id='word_1_798' title='bbox 1323 2589 1400 2618; x_wconf 86' lang='lat' dir='ltr'><strong>nobis</strong></span> <span class='ocrx_word' id='word_1_799' title='bbox 1423 2589 1488 2624; x_wconf 87' lang='lat' dir='ltr'><strong>ipsis</strong></span> <span class='ocrx_word' id='word_1_800' title='bbox 1514 2588 1645 2616; x_wconf 85' lang='lat' dir='ltr'><strong>locustam</strong></span> <span class='ocrx_word' id='word_1_801' title='bbox 1667 2594 1728 2621; x_wconf 68' lang='lat' dir='ltr'><strong>quae</strong></span> 
     </span>
    </p>
   </div>
   <div class='ocr_carea' id='block_1_114' title="bbox 943 2633 1727 2673">
    <p class='ocr_par' dir='ltr' id='par_1_114' title="bbox 943 2633 1727 2673">
     <span class='ocr_line' id='line_1_114' title="bbox 943 2633 1727 2673; baseline -0.011 -4"><span class='ocrx_word' id='word_1_802' title='bbox 943 2646 1033 2669; x_wconf 87' lang='lat' dir='ltr'><strong>mente</strong></span> <span class='ocrx_word' id='word_1_803' title='bbox 1052 2640 1157 2668; x_wconf 86' lang='lat' dir='ltr'><strong>videtur</strong></span> <span class='ocrx_word' id='word_1_804' title='bbox 1176 2637 1299 2673; x_wconf 78' lang='lat' dir='ltr'><strong>expulit,</strong></span> <span class='ocrx_word' id='word_1_805' title='bbox 1334 2635 1595 2670; x_wconf 84' lang='lat' dir='ltr'><strong>improbissimorum</strong></span> <span class='ocrx_word' id='word_1_806' title='bbox 1624 2633 1727 2661; x_wconf 66' lang='lat' dir='ltr'><strong>daemo-</strong></span> 
     </span>
    </p>
   </div>
   <div class='ocr_carea' id='block_1_115' title="bbox 944 2679 1728 2720">
    <p class='ocr_par' dir='ltr' id='par_1_115' title="bbox 944 2679 1728 2720">
     <span class='ocr_line' id='line_1_115' title="bbox 944 2679 1728 2720; baseline -0.01 -6"><span class='ocrx_word' id='word_1_807' title='bbox 944 2695 1006 2714; x_wconf 89' lang='lat' dir='ltr'><strong>num</strong></span> <span class='ocrx_word' id='word_1_808' title='bbox 1021 2691 1143 2714; x_wconf 83' lang='lat' dir='ltr'><strong>catervas</strong></span> <span class='ocrx_word' id='word_1_809' title='bbox 1160 2689 1234 2720; x_wconf 88' lang='lat' dir='ltr'><strong>puta,</strong></span> <span class='ocrx_word' id='word_1_810' title='bbox 1250 2690 1349 2718; x_wconf 86' lang='lat' dir='ltr'><strong>eosque</strong></span> <span class='ocrx_word' id='word_1_811' title='bbox 1367 2682 1473 2710; x_wconf 75' lang='lat' dir='ltr'><strong>inferno</strong></span> <span class='ocrx_word' id='word_1_812' title='bbox 1487 2680 1631 2712; x_wconf 87' lang='lat' dir='ltr'><strong>conclusit,</strong></span> <span class='ocrx_word' id='word_1_813' title='bbox 1655 2684 1683 2707; x_wconf 86' lang='lat' dir='ltr'><strong>et</strong></span> <span class='ocrx_word' id='word_1_814' title='bbox 1701 2679 1728 2706; x_wconf 85' lang='lat' dir='ltr'><strong>in</strong></span> 
     </span>
    </p>
   </div>
   <div class='ocr_carea' id='block_1_116' title="bbox 945 2726 1729 2770">
    <p class='ocr_par' dir='ltr' id='par_1_116' title="bbox 945 2726 1729 2770">
     <span class='ocr_line' id='line_1_116' title="bbox 945 2726 1729 2770; baseline -0.013 -8"><span class='ocrx_word' id='word_1_815' title='bbox 945 2733 1033 2770; x_wconf 83' lang='lat' dir='ltr'><strong>abyssi</strong></span> <span class='ocrx_word' id='word_1_816' title='bbox 1047 2733 1139 2761; x_wconf 86' lang='lat' dir='ltr'><strong>intima</strong></span> <span class='ocrx_word' id='word_1_817' title='bbox 1156 2730 1249 2767; x_wconf 88' lang='lat' dir='ltr'><strong>procul</strong></span> <span class='ocrx_word' id='word_1_818' title='bbox 1260 2729 1382 2762; x_wconf 85' lang='lat' dir='ltr'><strong>removit,</strong></span> <span class='ocrx_word' id='word_1_819' title='bbox 1390 2728 1467 2764; x_wconf 84' lang='lat' dir='ltr'><strong>quasi</strong></span> <span class='ocrx_word' id='word_1_820' title='bbox 1482 2728 1505 2755; x_wconf 87' lang='lat' dir='ltr'><strong>si</strong></span> <span class='ocrx_word' id='word_1_821' title='bbox 1521 2727 1548 2755; x_wconf 90' lang='lat' dir='ltr'><strong>in</strong></span> <span class='ocrx_word' id='word_1_822' title='bbox 1559 2726 1729 2754; x_wconf 73' lang='lat' dir='ltr'><strong>altummare</strong></span> 
     </span>
    </p>
   </div>
   <div class='ocr_carea' id='block_1_117' title="bbox 1040 2826 1719 2868">
    <p class='ocr_par' dir='ltr' id='par_1_117' title="bbox 1040 2826 1719 2868">
     <span class='ocr_line' id='line_1_117' title="bbox 1040 2826 1719 2868; baseline -0.012 -6"><span class='ocrx_word' id='word_1_823' title='bbox 1040 2837 1050 2851; x_wconf 84' lang='lat'><strong>&#39;</strong></span> <span class='ocrx_word' id='word_1_824' title='bbox 1066 2834 1098 2862; x_wconf 82' lang='lat' dir='ltr'><strong>IV</strong></span> <span class='ocrx_word' id='word_1_825' title='bbox 1118 2835 1181 2868; x_wconf 76' lang='lat' dir='ltr'><strong>Reg.</strong></span> <span class='ocrx_word' id='word_1_826' title='bbox 1210 2840 1288 2864; x_wconf 80' lang='lat' dir='ltr'><strong>xvttt,</strong></span> <span class='ocrx_word' id='word_1_827' title='bbox 1320 2831 1344 2858; x_wconf 83' lang='grc'><strong>1.</strong></span> <span class='ocrx_word' id='word_1_828' title='bbox 1408 2830 1429 2846; x_wconf 81' lang='grc'><strong>¹⁰</strong></span> <span class='ocrx_word' id='word_1_829' title='bbox 1445 2828 1541 2856; x_wconf 86' lang='lat' dir='ltr'><strong>Ezech.</strong></span> <span class='ocrx_word' id='word_1_830' title='bbox 1562 2835 1655 2862; x_wconf 69' lang='grc' dir='ltr'>χχχιιι,</span> <span class='ocrx_word' id='word_1_831' title='bbox 1676 2826 1719 2854; x_wconf 77' lang='lat' dir='ltr'><strong>l2.</strong></span> 
     </span>
    </p>
   </div>
  </div>
