1919 3042
217 189 267 217 551

721 183 751 211 S.
770 180 908 210 CYRILLI
927 177 1162 207 ALEXANDRINI
1182 177 1343 206 ARCHIEP.

1803 176 1860 205 359

217 249 282 280 τοὺς
291 246 342 282 τῆς
353 245 522 283 εὐφροσύνης
533 243 650 279 τρόπους
663 243 825 279 ἐπετήδευον
835 240 1008 271 ἀνατιθέντες
1026 239 1061 265 τὰ
1077 239 1254 274 χαριστήρια,
1276 238 1321 265 διά
1333 247 1374 265 τοι
1393 237 1424 264 τδ
1443 237 1615 274 περιχεῖσθαι
1635 236 1775 268 πλουσίως
1798 236 1860 267 τοῖς

219 295 251 322 ὲκ
266 296 317 330 γῆς
331 293 453 327 ἀγαθοῖς.

254 328 385 371 Similiter
405 340 495 368 evenit
530 340 563 369 iis
583 339 629 375 qui
645 340 672 368 in
687 339 826 368 Christum
852 335 1008 373 petulantis-

1096 331 1258 368 Εὑρήσομεν
1267 331 1296 358 δὲ
1312 329 1434 358 τοιοῦτόν
1446 339 1472 357 τι
1491 328 1660 361 πεπονθότας
1683 329 1733 357 καὶ
1757 329 1860 360 αὐτοὺς

219 391 279 419 simi
304 391 476 417 exstiterunt.
496 389 560 416 Fuit
579 388 651 416 enim
672 388 739 423 ipsis
755 391 819 415 ante
840 385 934 414 oculos
954 383 1010 419 jam

222 446 231 462 ι
245 436 320 471 panis
338 436 414 464 vivus
442 435 485 470 qui
504 436 536 463 de
551 435 622 462 caelo
643 434 794 468 descendit,
811 438 839 462 et
863 433 910 460 dat
928 432 1011 459 vitam

222 483 321 510 mundo
340 483 376 509 τέ
395 492 405 509 ι
420 490 535 518 granum
550 481 645 514 tritici,
656 481 726 516 quod
744 481 848 515 lapsum
865 480 892 507 in
911 483 1012 507 terram

222 529 397 564 multiplicem
422 529 538 557 fructum
558 528 669 564 protulit
681 527 716 561 ⁸⁶;
728 528 819 554 vinum
839 527 910 562 quod
923 529 1013 552 mente

221 576 351 609 cernitur,
372 581 399 603 et
425 583 473 603 cor
495 575 612 603 hominis
644 574 780 601 laetilicare
807 572 950 600 consuevit
960 569 1011 597 °°‘.

222 624 274 651 Sed
292 623 355 657 quia
387 630 439 649 non
468 622 630 649 destiterunt
649 620 677 647 in
697 618 932 647 incredulitatibus
956 616 1014 644 suis

221 667 411 696 contumeliam
431 668 529 698 facere,
546 666 580 693 ab
599 673 694 693 eorum
714 668 871 698 conspectu,
893 666 921 690 et
949 666 1010 688 tan-

221 723 301 751 quam
315 723 330 743 e
344 715 432 742 medio
452 714 540 741 ablata
555 719 616 741 sunt
633 713 724 740 omnia
741 712 870 739 alimenta
885 709 1013 744 spiritua-

222 763 268 795 lia,
300 767 328 789 ct
347 761 477 789 abscessit
497 760 531 787 ab
547 760 587 787 eis
603 759 692 787 omnis
709 758 772 786 boni
793 754 1012 786 communicatio,

222 809 357 844 periitque
381 815 396 834 a
418 807 498 834 domo
514 812 607 833 eorum
632 805 725 832 laetitia
745 808 772 831 et
794 801 932 839 gaudium.
956 800 1015 828 Dati

224 859 288 882 sunt
307 855 379 881 enim
411 854 438 880 ln
461 851 666 883 desolationem,
681 855 711 877 et
731 850 757 877 iu
786 855 906 877 erumna
934 847 1016 874 relin-

224 905 354 935 quuntur,
372 906 422 926 nec
444 904 534 932 regem
555 896 698 928 habentes,
717 902 767 922 nec
793 893 953 929 principem,
967 897 1017 918 nec

225 945 401 976 sacriﬁcium.
420 950 471 971 nec
491 943 587 974 altare,
601 949 650 968 nec
673 939 852 972 sacerdotem,
867 945 916 966 nec
927 936 1016 964 mani-

1061 378 1093 414 δὴ
1111 378 1230 414 μάλιστα
1252 377 1317 409 τοὺς
1342 378 1383 409 είς
1400 375 1519 412 Χριστὸν
1543 375 1792 411 πεπαρῳνηκότας.
1809 374 1861 401 Γέ-

1062 431 1126 458 γονε
1137 423 1187 458 μὲν
1201 423 1255 458 γὰρ
1270 423 1362 454 αὐτοῖς
1378 422 1408 448 ὲν
1418 420 1569 456 ὀφθαλμοῖς
1581 420 1632 456 ἢδη
1645 428 1704 452 πως
1722 430 1732 446 ι
1746 421 1760 446 ἐ
1777 420 1862 455 ἄρτος

1062 469 1113 502 τῆς
1133 469 1215 504 ζωῆς,
1235 469 1249 495 ὁ
1266 468 1295 501 ἐξ
1313 467 1429 503 οὐρανοῦ
1453 466 1576 498 καταϐὰς
1588 486 1595 499 ,
1612 466 1660 493 καὶ
1682 465 1755 500 ζωὴν
1771 465 1862 497 διδοὺς

1064 515 1102 551 τῷ
1117 515 1213 550 κόσμῳ
1227 534 1235 546 ,
1259 523 1268 540 ›
1290 515 1305 540 ὁ
1326 514 1426 545 κόκκος
1442 512 1489 539 τοῦ
1505 513 1590 545 σίτου,
1607 512 1621 538 ὁ
1632 511 1724 538 πεσὼν
1739 511 1781 542 είς
1797 510 1860 545 γῆν,

1064 562 1112 589 καὶ
1130 560 1275 593 πολλοστὸς
1288 560 1403 595 ἀναφὺς.
1424 559 1438 585 ὁ
1450 558 1544 594 νοητὸς
1559 555 1640 590 οἶνος,
1655 558 1669 584 ὁ
1684 557 1800 592 καρδίας
1816 557 1863 582 ἀν-

1065 607 1183 644 θρώπων
1200 606 1410 642 κατευφραίνειν
1421 605 1510 636 εἰδώς.
1537 604 1645 639 Ἐπειδὴ
1666 603 1695 630 δὲ
1715 603 1746 630 οὐ
1771 602 1862 629 διαλε-

1065 655 1174 682 λοίπασι
1192 655 1253 686 ταῖς
1277 653 1430 684 ἀπειθείαις
1457 652 1623 687 ὑϐρίζοντες,
1641 651 1757 685 γέγονεν
1771 651 1864 681 αὺτοῖς

1066 704 1095 738 ἐξ
1108 702 1264 738 ὀφθαλμῶν,
1283 702 1330 728 καὶ
1343 697 1398 727 οἷον
1417 701 1449 727 ὲκ
1472 700 1555 735 μέσου
1582 698 1715 734 βρώματα
1736 705 1863 732 πνευμα-

1065 749 1140 776 τικά.
1162 747 1380 782 Ἀποπεφοίτηκε
1395 746 1450 781 γὰρ
1475 745 1565 772 αὐτῶν
1587 745 1604 779 ἡ
1629 744 1731 775 παντὸς
1757 741 1865 776 ἀγαθοῦ

1068 795 1185 832 μέθεξις.
1207 794 1335 829 Ἐεῇρται
1349 793 1377 820 δὲ
1404 793 1450 819 καὶ
1469 791 1500 824 ἐξ
1526 790 1602 818 οἴκου
1622 790 1669 816 τοῦ
1685 790 1754 825 παρ’
1771 788 1865 819 attat;

1067 841 1230 878 εὐφροσύνη,
1253 841 1300 868 καὶ
1320 840 1402 876 χαρά.
1423 838 1549 865 Δέδονται
1572 836 1627 872 γὰρ
1645 836 1685 868 είς
1708 835 1864 871 ἐρήμωσιν,

1066 889 1115 916 καὶ
1128 887 1296 915 διατελοῦσιν
1315 887 1340 914 oi.
1352 885 1466 916 τάλανες
1489 885 1539 912 οὒκ
1555 883 1632 915 ὄντος
1646 882 1783 919 βασιλέως
1806 880 1866 908 οὐδὲ

1067 935 1208 971 ἄρχοντος,
1220 934 1271 961 οὐκ
1280 932 1364 968 οὔσης
1376 931 1483 964 θυσίας,
1496 930 1556 958 οὐδὲ
1567 930 1644 960 ivro;
1656 927 1868 962 θυσιαστηρίου,

225 994 292 1021 festa
310 993 345 1020 ιι.
371 991 430 1018 Alio
448 991 511 1018 item
524 990 603 1017 modo
614 989 648 1016 ab
670 987 755 1015 oculis
775 993 870 1015 eorum
888 984 1015 1012 alimenta

1082 980 1130 1006 lita
1149 979 1254 1015 ἱερέως,
1268 977 1331 1004 οὒτε
1345 976 1442 1012 δήλων.
1458 975 1512 1002 Καὶ
1530 974 1590 1002 καθ’
1605 974 1698 1009 ἕτερον
1715 972 1744 999 δὲ
1763 971 1867 1007 τρόπον

224 1014 253 1066 ei.
269 1014 400 1070 laetitiam,
417 1041 446 1064 et
471 1014 600 1071 gaudium
615 1014 713 1062 ablata
733 1014 794 1061 esse
817 1032 945 1060 dicimus.
972 1029 1017 1056 Ait

1084 1014 1218 1062 ξῃρῆσθαί
1233 1032 1324 1059 φαμεν
1332 1021 1363 1055 ἐξ
1374 1020 1523 1056 ὀφθαλμῶν
1538 1019 1628 1047 αὐτῶν
1643 1019 1678 1047 τά
1685 1027 1717 1045 τε
1731 1017 1868 1054 βρώματα

224 1085 296 1112 enim
322 1083 488 1111 Dominttsu
511 1080 569 1108 Non
592 1081 618 1108 in
641 1081 699 1108 solo
731 1086 803 1114 pane
824 1078 898 1105 vivet
918 1077 1016 1108 homo,

1082 1073 1117 1099 ιαὶ
1125 1071 1174 1107 τὴν
1184 1069 1363 1106 εὐφροσύνην,
1382 1068 1429 1095 καὶ
1445 1066 1495 1103 τὴν
1514 1065 1611 1102 χαράν.
1632 1064 1706 1100 Ἔφη
1721 1064 1772 1099 μὲν
1786 1063 1841 1098 γὰρ
1853 1063 1868 1089 ὁ

536 1127 608 1162 quod
634 1108 757 1161 procedit
777 1125 810 1152 de
834 1131 883 1151 ore
907 1122 953 1150 Dei
965 1121 1015 1148 ".i

1082 1118 1172 1153 mpm;
1184 1124 1191 1131 ·
1212 1126 1220 1142 ι
1237 1116 1294 1142 Οὺκ
1319 1113 1362 1141 ἐπ’
1380 1113 1455 1148 ἄρτῳ
1485 1111 1558 1147 μόνῳ
1575 1110 1686 1146 ζήσεται
1709 1108 1867 1144 ἄνθρωπος,

226 1176 323 1203 Mentis
345 1179 436 1203 autem
454 1173 530 1201 cibus
551 1173 660 1199 verbum
683 1176 735 1199 est.
753 1170 839 1198 Nemo
853 1167 1020 1197 dubitaverit

1082 1163 1128 1190 ιλλ’
1151 1163 1179 1189 ἐν
1203 1161 1285 1189 παντὶ
1305 1161 1408 1196 ῥήματι
1429 1157 1639 1194 ἐκπορευομένῳ
1662 1155 1707 1183 διὰ
1732 1155 1868 1191 στόματος

226 1222 360 1250 allirmare
368 1223 418 1250 hoc
425 1221 672 1256 verbum.inquam,
684 1227 697 1246 a
709 1219 808 1247 audacis
816 1218 933 1246 ablatum
946 1223 1017 1249 esse,

227 1269 260 1295 ad
278 1268 396 1302 inopiam
419 1268 491 1295 enini
510 1266 656 1302 spiritualis
673 1265 806 1293 alimonia).
822 1264 921 1292 redacti
938 1267 1018 1296 sunt;

227 1321 277 1340 nec
299 1313 398 1348 scripta
421 1312 519 1348 Moysis
537 1312 744 1343 intellexerunt.
772 1320 782 1336 ι
796 1310 842 1337 sed
864 1316 950 1344 usque
971 1309 1021 1335 ho-

227 1359 272 1386 die
297 1359 416 1394 positntn
441 1363 483 1386 est
508 1359 632 1385 velamen
665 1365 746 1392 super
773 1364 820 1383 cor
846 1363 940 1384 eorum
955 1355 988 1386 5';
1009 1363 1018 1380 ι

228 1406 344 1432 oderunt
363 1405 496 1439 siquidem
517 1404 616 1431 Christi
634 1403 754 1431 oracula.
772 1402 856 1429 Periit
873 1401 938 1436 ipsis
962 1407 1020 1427 om-

229 1450 270 1476 nis
286 1457 347 1477 esca
369 1449 528 1484 spiritualis;
542 1456 594 1475 non
610 1448 680 1483 quod
699 1448 754 1482 ipsa
767 1447 913 1482 perniciem
942 1452 1020 1480 passa

229 1497 274 1529 sit,
287 1496 333 1524 sed
356 1496 418 1531 quia
437 1495 524 1530 passis
540 1503 592 1522 non
610 1494 770 1528 apponitur;
797 1498 824 1520 et
841 1497 972 1527 quantum
994 1491 1020 1517 in

230 1543 296 1577 ipsis
314 1542 373 1581 fuit,
399 1541 468 1569 nulla
491 1545 533 1568 est
560 1540 674 1574 amplius
696 1540 817 1566 omnino.
844 1537 941 1565 Verum
972 1537 1022 1564 Do-

231 1588 320 1615 minus
348 1587 375 1614 iu
401 1594 432 1614 se
462 1587 634 1614 credentibus
663 1585 773 1614 delicias
809 1585 973 1619 impertitur,
996 1588 1024 1610 et

232 1634 315 1660 vitam
342 1632 440 1667 lautam
464 1640 497 1659 ac
528 1632 669 1659 delicatam
698 1631 723 1658 in
750 1631 829 1658 bonis
856 1629 1022 1657 ctelestibus.

1071 1209 1148 1237 Θεοῦ.
1157 1219 1166 1235 i
1178 1208 1233 1235 Νοῦ
1245 1207 1273 1235 δὲ
1289 1206 1387 1242 τροφὴ,
1404 1205 1493 1239 λόγος.
1506 1204 1562 1231 Οὐκ
1571 1203 1605 1230 ἂν
1618 1203 1640 1229 δ’
1659 1201 1809 1230 ὲνδοιάσειέ
1826 1208 1868 1232 τις

1070 1256 1150 1283 τοῦτο
1163 1255 1214 1290 τῆς
1235 1252 1371 1281 Ἰουδαίων
1387 1251 1507 1286 πληθύος
1532 1249 1647 1285 ἔξῇρθαι
1666 1247 1770 1282 λέγειν.
1783 1245 1868 1280 Γεγό-

1072 1311 1134 1330 νασι
1143 1301 1197 1336 γὰρ
1206 1301 1234 1326 ὲν
1249 1298 1338 1334 ἐνδείᾳ
1350 1297 1455 1333 τροφῆς
1467 1294 1664 1331 πνευματικῆς,
1676 1293 1707 1319 οὐ
1720 1291 1867 1326 νενοήκασι

1071 1349 1106 1376 τὰ
1126 1347 1258 1377 Μωσέως,
1276 1354 1286 1371 t
1300 1344 1356 1371 ἀλλ’
1376 1344 1440 1378 ἄχρι
1458 1343 1579 1378 σήμερον
1596 1340 1732 1374 κάλυμμα
1754 1337 1801 1364 ἐπὶ
1818 1337 1869 1371 τὴν

1073 1395 1188 1429 καρδίαν
1212 1391 1306 1418 αὐτῶν
1330 1391 1436 1417 κεῖταιυ
1453 1399 1461 1415 ι
1486 1388 1656 1424 μεμισήκασι
1677 1386 1732 1420 γὰρ
1761 1383 1798 1410 τὰ
1820 1382 1869 1409 τοῦ

1073 1427 1192 1473 Χριστοῦ
1220 1435 1403 1469 θεσπίσματα.
1441 1433 1615 1468 Ὠλόθρευται
1643 1430 1735 1462 αὐτοῖς
1761 1427 1871 1463 πᾶσαή

1074 1482 1246 1518 πνευματικὴ
1268 1481 1366 1517 τροφὴ,
1381 1480 1432 1507 οὐκ
1448 1479 1517 1514 αὑτὴ
1531 1477 1655 1505 παθοῦσα
1676 1476 1721 1508 τὸν
1745 1474 1869 1508 ὄλεθρον,

1074 1529 1142 1556 ἀλλὰ
1153 1530 1209 1560 τοῖς
1221 1527 1383 1554 πεπονθόσιν
1396 1526 1446 1552 οὐκ
1459 1525 1499 1551 ἔτι
1520 1522 1725 1559 παρακειμένη,
1746 1521 1795 1548 καὶ
1809 1521 1871 1547 ὅσον

1073 1573 1142 1612 ἧκεν
1154 1574 1192 1606 είς
1204 1574 1335 1604 ἐκείνους,
1346 1572 1406 1598 οὐδὲ
1421 1571 1581 1606 ὑπάρχουσα
1597 1568 1747 1600 παντελῶς.
1775 1566 1846 1592 Ἀλλ’
1858 1566 1872 1592 ὅ

1074 1628 1107 1654 γε
1120 1618 1222 1654 Κύριος
1233 1619 1287 1649 τοῖς
1300 1618 1340 1648 είς
1350 1616 1431 1643 αὐτὸν
1444 1615 1601 1642 πιστεύουσι
1611 1614 1640 1641 τὺ
1652 1613 1753 1649 χρῆναι
1764 1613 1872 1647 τρυφᾷν

233 1679 368 1713 Scriptum
391 1683 433 1706 est
449 1679 520 1705 enim
539 1686 545 1704 :
564 1687 574 1703 ‹
592 1678 650 1704 Non
672 1677 776 1704 occitlct
795 1676 924 1703 Dominus
953 1675 1021 1702 fame

1082 1665 1215 1700 ῑιανέμει,
1243 1664 1291 1690 καὶ
1315 1662 1487 1697 ὲνσπαταλᾷν
1514 1661 1626 1695 ἀγαθοῖς
1663 1660 1720 1690 τοῖς
1757 1657 1872 1684 ἀνωθεν.

233 1724 350 1750 anituam
381 1723 467 1758 justi;
497 1723 580 1750 vitam
610 1727 700 1750 autent
732 1722 875 1756 impiorum
905 1722 1023 1748 subver-

234 1774 273 1796 let
286 1769 319 1795 ⁸⁸.
341 1777 350 1794 ι

269 1814 451 1848 VERS.17,18.
465 1814 635 1842 Saltavcrunt
648 1813 736 1840 vitula
747 1814 773 1840 in
785 1812 944 1847 prmepibus
956 1813 1022 1842 suis,

234 1862 353 1895 dissipati
366 1867 424 1888 sunt
441 1861 567 1892 thesauri,
588 1860 702 1894 stt/fossa
723 1865 784 1886 sunt
809 1859 890 1894 212
909 1857 1025 1884 torcula-

234 1907 285 1936 ria.
302 1906 363 1941 quia
382 1905 526 1939 arefactum
545 1910 581 1931 est
610 1904 736 1931 triticum.
768 1903 838 1936 Quid
871 1911 1024 1937 reponemus

234 1951 331 1978 nobis?
345 1951 471 1986 ﬂeverunt
487 1955 604 1977 armenta
621 1950 709 1982 boum,
724 1949 786 1984 quin
808 1957 859 1976 non
891 1954 964 1976 erant
978 1956 1027 1982 pa-

234 2005 299 2025 scua
316 1997 365 2030 eis,
376 2000 400 2023 et
421 2003 510 2032 greges
521 1995 607 2022 ovium
626 1996 812 2030 diapert‘erunt.

270 2085 340 2113 Xlll.
356 2085 442 2113 Etiam
467 2085 554 2112 brutis
577 2084 760 2111 animantibus
783 2082 914 2110 divinitus
942 2082 1027 2117 inspi-

235 2137 296 2160 rata
323 2132 461 2166 Scriptura
483 2138 675 2165 nonnunquam
700 2129 832 2156 rationem
851 2127 962 2163 ailingit,
984 2135 1029 2154 na-

1075 1712 1232 1746 Γέγραπται
1248 1709 1313 1745 γὰρ,
1326 1710 1366 1736 ὃτι
1379 1718 1388 1734 ‹
1406 1709 1444 1735 Οὺ
1461 1707 1650 1743 λιμοκτονήσει
1665 1705 1768 1740 Κύριος
1783 1701 1874 1738 ψυχὴν

1074 1756 1192 1788 δικαίου,
1209 1755 1280 1791 ζωὴν
1295 1755 1325 1781 δὲ
1340 1753 1447 1781 ἀσεὸῶν
1464 1751 1620 1788 ἀνατρέψει.
1640 1760 1649 1777 ι

1117 1803 1318 1836 Ἐσκίρτησαν
1326 1800 1472 1835 δαμάλεις
1483 1799 1532 1826 ἐπὶ
1543 1797 1608 1830 ταῖς
1619 1796 1748 1831 φάτναις
1761 1793 1872 1826 αὐτῶν,

1074 1849 1293 1884 ἠφανίσθησαν
1320 1844 1485 1879 θησαυροὶ,
1505 1842 1746 1877 κατεσκάφησαν
1771 1840 1873 1874 ληνοὶ,

1076 1897 1121 1923 ὅτι
1150 1895 1301 1929 ἐξηράνθη
1331 1893 1424 1926 σῖτος.
1455 1892 1485 1918 Τί
1509 1889 1705 1924 ἀποθήσομεν
1736 1886 1874 1919 ἐαυτοῖς;

1076 1943 1234 1970 ἔκλαυσαν
1243 1941 1394 1973 βουκόλια
1404 1937 1499 1971 βοῶν,
1523 1937 1566 1964 ὅτι
1583 1937 1639 1970 οὐχ
1659 1934 1780 1968 ὑπῆρχε
1794 1933 1875 1967 νομὴ

1076 1989 1189 2022 αὐτοῖς,
1204 1988 1252 2015 καί
1269 1986 1306 2014 τὰ
1318 1986 1442 2020 ποίμνια
1456 1984 1516 2011 τῶν
1530 1982 1684 2017 προϐάτων
1698 1980 1873 2015 ἠφανίσθη-

1078 2044 1149 2062 σαν.

1114 2081 1163 2108 ll".
1180 2080 1235 2108 Καὶ
1249 2081 1305 2111 τοῖς
1316 2078 1424 2112 ἀλόγοις
1435 2076 1489 2104 τῶν
1502 2075 1580 2108 ζώων
1598 2073 1653 2100 ἐσθ’
1672 2073 1717 2100 ὅτε
1729 2071 1810 2105 λόγον
1827 2079 1874 2098 πε-

1081 2127 1214 2164 ριτίθησιν
1229 2127 1245 2162 ἡ
1267 2126 1447 2156 θεόπνευστος
1469 2122 1566 2158 Γραφὴ
1579 2141 1585 2152 ,
1601 2120 1650 2151 τὰς
1675 2119 1730 2146 τῶν
1746 2117 1874 2154 πράξεων

238 2183 324 2205 turam
342 2185 430 2205 rerum
447 2177 538 2211 lepore
562 2176 679 2211 quodam
701 2180 727 2202 et
757 2175 903 2202 festivitate
932 2174 1021 2201 distin-

1082 2177 1175 2211 φύσεις
1187 2176 1226 2206 είς
1238 2174 1269 2201 τὸ
1291 2173 1387 2209 εὔχαρι
1407 2181 1437 2198 τε
1460 2171 1507 2198 καὶ
1524 2169 1639 2199 ἀστείως
1663 2167 1724 2202 ἔχον
1741 2166 1875 2200 ἐντέχνως

237 2229 333 2257 gneus,
348 2227 375 2249 et
389 2221 466 2256 quasi
486 2220 616 2249 moralem
628 2227 720 2247 eorum
736 2219 915 2246 oeconomiam
927 2219 1029 2246 deseri-

239 2268 315 2301 lnens,
340 2275 399 2302 qua:
425 2274 474 2293 nos
510 2266 659 2300 intelligere
690 2271 738 2299 par
759 2268 811 2291 est.
841 2265 941 2292 Deinde
965 2265 1030 2300 quid

240 2313 347 2346 mirum,
363 2311 467 2339 etiamsi
491 2311 573 2337 vitula
599 2310 703 2336 dicatur
738 2309 881 2344 aliquando
912 2310 1027 2338 saltasse

237 2358 398 2393 ﬂcvisseqne
414 2361 536 2384 armenta
558 2355 656 2382 boum?
679 2354 878 2383 lntolerandum
905 2355 1028 2384 enim‘in
1045 2351 1066 2379 Ι)

240 2403 348 2431 modum
364 2402 434 2429 fame
458 2400 659 2436 premebantur.
680 2400 762 2428 Forte
776 2401 847 2428 enim
865 2401 1030 2430 exsiliissent

239 2456 267 2477 et
284 2450 431 2476 lamentata
446 2451 537 2474 essent
558 2446 617 2481 ipsa
634 2454 709 2480 arva,
728 2447 750 2474 si
765 2455 846 2482 quam
872 2448 1028 2484 intelligen-

241 2497 284 2524 tiae
315 2500 418 2530 partem
435 2493 604 2520 habuissent.
617 2502 626 2518 ι
645 2493 771 2528 Dissipati
797 2499 859 2522 sunt
886 2495 1027 2528 thesauri,

241 2542 338 2576 inquit,
354 2546 382 2568 et
407 2539 520 2567 sullossa
547 2539 711 2573 toreularia;
728 2549 737 2566 ›
769 2541 877 2575 penitus
907 2541 1028 2577 neglecta

241 2588 366 2620 forsitan,
380 2585 451 2621 quod
466 2585 530 2612 nihil
546 2593 580 2613 ex
604 2587 676 2621 agris
693 2586 883 2622 colligeretur;
899 2588 946 2614 sed
971 2587 1027 2614 falx

241 2634 326 2660 otiosa
343 2638 415 2660 esset
449 2631 482 2659 ad
507 2632 612 2660 botrum
641 2633 668 2661 in
688 2634 777 2666 vinea,
803 2633 876 2668 spica
898 2634 925 2661 in
956 2633 1028 2669 agris

243 2683 334 2712 utpote
351 2683 495 2714 prostrata,
511 2679 640 2712 aruissct,
657 2687 706 2706 nec
722 2680 756 2706 ad
772 2679 954 2706 maturitatem
970 2686 1030 2714 per-

242 2725 370 2753 venisset.
386 2726 447 2753 ldeo
458 2725 504 2758 ait,
524 2735 534 2751 ‹
551 2725 619 2758 Quid
637 2733 801 2760 reponemus
826 2726 922 2753 nobis?
934 2735 944 2752 ι
960 2725 1028 2759 Quia

242 2776 345 2806 autem,
360 2776 390 2800 ut
413 2772 490 2806 dicit,
503 2780 563 2800 cum
585 2773 717 2800 lructibus
738 2773 898 2806 mitioribus,
915 2778 943 2800 et
966 2773 1030 2808 ipsa:

1079 2221 1311 2252 διαποικίλλουσα,
1324 2219 1370 2246 καὶ
1383 2215 1438 2244 οἷον
1449 2218 1477 2244 ὲν
1491 2215 1557 2243 εἴδει
1575 2214 1720 2250 γράφουσα
1739 2213 1789 2243 τὰς
1804 2211 1872 2237 οἱκο-

1079 2269 1185 2303 νομίας,
1202 2265 1239 2294 ὢν
1251 2267 1284 2294 ἂν
1298 2265 1398 2301 πρέποι
1419 2264 1498 2291 νοεῖν.
1517 2260 1584 2288 Εἶτα
1606 2260 1632 2286 τί
1653 2258 1757 2294 θαῦμα,
1782 2257 1834 2284 κᾶν
1851 2256 1875 2281 εί

1080 2301 1195 2350 δάμαλις
1209 2312 1314 2347 λέγοιτο
1326 2309 1486 2345 διασκιρτᾷν
1496 2307 1586 2342 τυχὸν,
1599 2304 1717 2332 κλαῦσαι
1731 2312 1762 2329 τε
1779 2301 1874 2350 βουλιόῖ

1080 2346 1125 2387 λια
1143 2359 1230 2395 βοῶν;
1263 2357 1421 2392 ’Δφορήτως
1447 2354 1502 2390 γὰρ
1529 2352 1599 2381 αὐτὰ
1617 2349 1814 2382 κατεπιέζοντο
1837 2346 1875 2382 τῷ

1081 2406 1162 2442 λιμῷ.
1181 2405 1257 2440 Τάχα
1274 2412 1333 2434 πως
1346 2402 1393 2429 καὶ
1407 2400 1605 2435 ἀνεσκίρτησαν
1619 2398 1662 2428 ἂν,
1677 2395 1725 2422 καὶ
1743 2394 1877 2429 τεθρηνή-

1081 2460 1160 2480 κασιν
1175 2451 1264 2486 ἀγροὶ,
1283 2450 1363 2484 εἴπερ
1377 2445 1410 2484 ἦν
1428 2447 1519 2477 αὐτοῖς
1533 2444 1660 2478 αἴσθησις
1676 2441 1731 2468 τῶν
1745 2442 1876 2474 ἐπενηνε-

1080 2497 1198 2533 γμένων.
1235 2493 1397 2530 Ἠφανίσθαι
1414 2493 1442 2519 δέ
1466 2500 1532 2526 φησι
1548 2488 1702 2525 θησαυροὺς
1713 2486 1789 2533 ,Ακαὶ
1806 2492 1874 2533 κατ-

1082 2530 1216 2577 εσκάφθαι
1225 2541 1333 2575 ληνοὺς,
1354 2539 1481 2573 οὐδεμιᾶς
1495 2545 1548 2562 που
1559 2534 1630 2570 τάχα
1640 2531 1783 2568 φροντίδος
1793 2530 1875 2566 ἠξιω-

1079 2575 1185 2625 μένους,
1203 2587 1248 2614 διά
1262 2595 1304 2612 τοι
1316 2585 1347 2612 τὸ
1361 2584 1443 2620 μηδὲν
1460 2583 1490 2616 ἐξ
1498 2581 1591 2618 ἀγρῶν
1605 2577 1799 2612 συλλέγεσθαι,
1809 2575 1876 2602 ἀλλά

1078 2623 1214 2671 δρεπάνην
1229 2633 1278 2668 μὲν
1290 2631 1441 2667 ἀπρακτεῖν
1453 2629 1502 2665 τὴν
1516 2629 1545 2655 ὲν
1558 2626 1674 2663 ἀμπέλῳ
1698 2625 1747 2652 καὶ
1763 2623 1859 2659 βότρυῖ
1869 2641 1875 2653 ,

1080 2669 1162 2717 ξῇρον
1176 2680 1204 2707 δὲ
1220 2680 1268 2706 καὶ
1296 2676 1512 2712 ἀτελεσφόρητον
1527 2675 1582 2705 τοῖς
1606 2672 1702 2707 ἀγροῖς
1726 2669 1876 2697 ὲπικλίνειν

1142 2727 1250 2761 στάχυν.
1264 2723 1358 2759 Ταύτῃ
1369 2722 1435 2758 φησι
1447 2731 1453 2737 ·
1471 2721 1519 2748 «Τί
1534 2718 1709 2753 ἀποθήσομεν
1724 2715 1850 2746 suum;

1082 2773 1143 2799 Ὀτι
1157 2759 1245 2805 sua);
1259 2770 1338 2805 ἔφην,
1347 2770 1404 2800 τοῖς
1414 2768 1468 2795 τῶν
1480 2765 1597 2802 καρπῶν
1607 2763 1723 2799 ἡμέροις
1735 2761 1783 2788 καὶ
1794 2759 1876 2788 αὑταὶ

291 2861 302 2877 ³
317 2861 394 2889 Joan.
413 2868 447 2892 rt,
464 2861 508 2888 35.
547 2861 569 2876 '°
583 2860 661 2890 Joan.
678 2869 726 2894 xu,
743 2861 793 2894 σι,
809 2861 854 2890 25.
892 2861 924 2878 εν
946 2860 1018 2889 Eccli

1082 2880 1097 2894 .,
1115 2859 1159 2886 ‘20.
1198 2859 1218 2875 ³¹
1237 2859 1302 2886 Dan.
1316 2865 1356 2891 Ill,
1377 2857 1421 2884 38.
1461 2855 1483 2871 θ’
1500 2854 1595 2882 Matth.
1611 2860 1648 2885 tr,
1666 2851 1693 2879 4.
1735 2850 1760 2866 ⁸³
1771 2848 1794 2877 ll
1809 2847 1873 2876 Cor.

243 2902 287 2930 ιιι,
300 2897 342 2924 l5.
380 2897 403 2913 5*
416 2895 494 2930 Prov,
513 2904 539 2931 x,
561 2897 586 2923 5.
