1919 3042
66 158 120 187 553

520 160 796 190 COMMENTARIUS
816 160 850 188 IN
868 160 1000 189 JOELEM
1023 161 1245 190 PROPIIETAM.

1655 167 1707 196 ΖΜ

66 215 276 242 συνδιολώλασιν
290 217 319 243 αἱ
329 216 380 251 τῆς
398 218 502 254 ἐρήμου
520 220 593 252 πόαι,
607 220 769 255 καθίστησιν
781 220 861 255 ἐναρ-

918 220 1070 248 solitudinis
1095 221 1185 248 herbas
1208 221 1357 255 perierunt,
1377 221 1487 256 subiicit
1508 223 1592 256 chre,
1617 225 1707 252 ovium

65 260 122 293 γὲς,
147 260 299 294 ἠφανίσθαι
325 262 413 297 λέγων
440 264 488 290 καὶ
509 265 579 292 αὺτά
596 266 652 291 τῶν
671 265 816 300 προϐάτων
830 265 865 292 τὰ

65 305 191 340 ποίμνια,
206 305 282 341 λιμῷ
306 308 417 341 πάντως
439 310 664 346 κατεφθαρμένα.
679 311 726 337 καὶ
741 311 790 346 τῆς
803 319 865 338 συν‹

65 352 150 386 ήθους
158 353 204 378 καὶ
216 353 383 389 φιλαιτάεης
394 356 485 387 αὐτοῖς
493 356 664 392 ὲστερημένα
673 355 753 391 ζωῆς.
766 357 865 391 Ἐφαρ-

67 398 145 433 μύσει
160 398 189 424 δὲ
204 399 252 425 καὶ
267 399 357 427 ταῦτα
369 401 458 435 σοφῶς
471 403 530 433 ταῖς
552 402 686 428 Ἰουδαίων
698 404 863 438 συμφοραῖς,

64 445 89 471 οἵ
105 445 343 480 πεπαρῳνήκασιν
355 447 396 477 εἰς
409 447 536 482 Χριστόν.
626 461 641 473 δ

99 491 180 524 Πρὸς
190 490 240 523 σὲ,
255 491 355 526 Κύριε,
363 492 528 527 βοήσομαι,
539 493 584 520 ὅτι
598 493 658 528 adp
671 494 814 528 ἀνήλωσε
829 496 865 522 τὰ

65 537 156 571 ὡραῖα
166 536 222 571 τῆς
229 537 352 572 ἐρήμου,
367 539 415 565 καὶ
425 539 504 573 φλὸξ
515 539 615 574 ἀνῆψε
629 540 726 566 πάντα
740 541 776 567 τὰ
785 541 865 572 ξύλα

65 583 118 610 τοῦ
139 583 247 618 ἀγροῦ,
263 585 312 611 καὶ
338 586 375 612 τὰ
393 585 488 619 κτήνη
500 586 553 613 τοῦ
565 586 671 614 πεδίου
691 587 865 622 ἀνέϐλεψαν

67 629 142 663 πρὸς
157 629 207 660 σὲ,
223 629 269 656 ὅτι
285 630 500 665 ἐξηράνθησαν
520 632 644 666 ἀφέσεις
672 633 799 665 ὑδάτων,
815 633 865 660 καὶ

66 675 126 708 πῦρ
137 675 290 710 κατέφαγε
302 677 338 703 τὰ
350 677 405 710 τῆς
420 677 543 712 ἐρήμου.

100 721 151 748 ΙΔ’.
168 721 266 757 Ὠραῖα
280 722 329 757 μὲν
342 722 391 757 τῆς
403 724 507 758 ἐρήμου
520 724 587 759 φησὶ
597 723 632 751 τὰ
642 725 671 751 ὲν
683 725 784 757 πεδίοις
794 726 864 761 τάχα

66 776 116 795 που
133 769 192 800 τοῖς
207 768 351 803 ἁνηρότοις
362 769 521 804 αὐτομάτως
539 770 714 806 ἀναφυόμενα
727 779 734 787 ·
748 771 815 803 ξύλα
832 780 863 806 γε

68 813 119 848 μὴν
131 813 181 840 τοῦ
193 814 292 849 ἀγροῦ,
307 816 342 841 τά
353 815 382 840 ὲν
398 815 496 850 κήποις
510 815 558 842 καὶ
573 816 746 852 παραδείσοις
766 818 863 853 εὐγενῆ

67 858 259 894 βλαστήματα,
274 860 321 886 καὶ
335 861 394 892 ταῖς
407 860 437 893 ἐξ
449 860 528 897 ὡρῶν
539 861 704 897 εὐκαρπίαις
720 863 863 898 περιανθί-

917 273 1011 302 greges
1036 267 1184 300 interiisse,
1202 267 1274 295 fame
1297 273 1408 296 enectos
1427 269 1556 298 funditus.
1578 277 1708 298 consueto

916 316 943 339 et
963 312 1119 345 gratissimo
1146 313 1265 347 ipsorum
1285 315 1355 342 victu
1379 317 1509 350 privatos.
1542 316 1603 344 “me
1627 326 1708 353 porro

915 365 969 385 non
997 358 1093 386 inscite
1118 359 1151 385 ad
1175 359 1326 388 Iudaeorum
1354 362 1523 391 calamitates
1548 364 1702 391 trahentur»

916 404 962 438 qui
978 403 1115 432 Christum
1133 405 1237 440 injuriis
1253 414 1426 436 vexaverit-tt.

951 491 1033 519 Vsus.
1051 493 1095 526 19,
1108 492 1152 520 20.
1170 494 1210 520 Ad
1231 498 1264 527 te,
1286 495 1408 528 Domine,
1427 496 1557 529 clamabo,
1582 499 1706 532 quoniam

917 539 986 573 ignis
1011 540 1172 574 consumpsit
1187 541 1304 572 speciosa
1318 541 1422 574 deserti,
1439 547 1462 568 et
1474 543 1582 576 ﬂamma
1601 553 1707 571 succen-

915 585 952 612 dit
970 586 1058 612 omnia
1073 585 1145 621 ligna
1165 587 1233 621 agri,
1248 592 1271 614 et
1291 589 1413 622 jumenta
1433 590 1518 621 campi
1535 596 1706 624 suspexerunt

915 633 949 658 ad
964 636 999 665 te,
1015 633 1140 667 quoniam
1164 633 1288 667 arefacta:
1310 639 1369 659 sunt
1390 635 1540 661 emissiones
1565 645 1704 670 aquarum,

915 683 939 704 et
951 679 1018 712 ignis
1031 679 1160 706 devoravit
1176 680 1293 712 speciosa
1310 680 1415 706 deserti.

950 725 1020 752 XIV.
1037 725 1166 759 Speciosa
1189 725 1290 752 deserti
1307 725 1424 758 appellat
1446 725 1570 757 fortasse,
1594 735 1653 761 qua:
1680 728 1704 754 iu

915 770 1019 805 campis
1040 778 1092 798 non
1115 771 1199 798 aratis
1218 776 1314 806 sponte
1339 777 1515 799 enascuntur.
1531 772 1614 808 Ligna
1643 780 1706 800 vero

915 816 984 850 agri,
1003 816 1143 843 hortorum
1158 822 1185 843 et
1200 817 1392 844 viridariorum
1406 818 1505 845 nobilia
1525 819 1646 853 germina
1658 839 1665 850 ,
1679 823 1707 845 et

916 862 1075 896 tempestiva
1108 862 1243 890 fructuum
1282 865 1357 898 copia
1378 864 1574 891 circumoruari
1616 863 1705 891 solita.

66 904 160 936 ζεσθαι
172 906 325 939 πεφυκότα.
342 906 436 933 Ταῦτα
449 906 478 933 δὲ
493 908 521 933 ὲν
536 907 600 934 εῖδει
617 908 703 943 πυρὸς
719 909 863 944 κατεδηδο-

918 905 978 933 llzec
996 906 1067 933 velut
1086 907 1174 942 ignem
1194 908 1339 935 devorasse
1362 908 1556 942 propemodum
1574 908 1706 935 brucltutu

67 951 142 977 κέναι
169 951 254 986 φησιν
281 952 422 988 μονονουχὶ
452 952 566 989 βροῦχόν
591 962 622 980 τε
651 954 697 981 καὶ
719 956 859 990 ἐρυσίϐην.

67 998 186 1023 Ποιείται
203 997 234 1023 δὲ
250 999 393 1034 χρησίμως
417 999 467 1034 τὴν
485 999 553 1034 πρὸς
569 1000 635 1027 Θεὸν
660 1000 743 1036 εὐχὴν
754 1002 862 1028 ἐκτενέ-

67 1051 161 1076 στατα,
173 1042 320 1075 διδάσκων,
337 1043 374 1076 ὡς
388 1044 489 1079 ἥκιστα
502 1045 552 1080 μὲν
567 1046 632 1081 παρ’
652 1047 746 1081 ἑτέρου
770 1046 861 1081 ζητεῖν

66 1088 156 1123 δεήσει
179 1089 232 1124 τῆς
250 1091 392 1125 συμφορᾶς
415 1090 464 1126 τὴν
488 1091 650 1124 ἀπόστασιν,
668 1093 817 1128 προσάγειν
833 1092 862 1119 δὲ

68 1135 139 1170 μόνῳ
153 1135 194 1170 τῷ
209 1135 308 1167 σώζειν
323 1136 440 1171 ἰσχύοντι
451 1137 501 1169 τὰς
519 1137 605 1171 λιτὰς,
620 1138 666 1165 καὶ
682 1139 719 1170 ὼς
733 1139 761 1172 ἐξ
776 1138 862 1174 ὀργῆς

67 1182 197 1215 ἐπάγοντι
207 1182 242 1208 τά
258 1183 425 1209 καταλυπεῖν
442 1183 566 1211 εἰωθότα.
581 1185 626 1220 Μὴ
643 1185 696 1220 γὰρ
711 1185 742 1220 δὴ
762 1185 862 1221 χρῆναι

68 1228 176 1260 ςρονεῖν
191 1224 222 1252 εὖ
234 1227 306 1261 μάλα
317 1228 399 1262 φησὶν
412 1228 572 1263 αὐτομάτως
582 1230 718 1264 συμϐῆναι
729 1229 763 1255 τὰ
773 1230 861 1256 τοιάδε

67 1271 120 1297 τῶν
136 1271 244 1304 κακῶν,
262 1272 442 1307 ἐπενηνέχθαι
456 1273 484 1299 δὲ
503 1273 603 1308 μᾶλλον
615 1274 652 1305 ὡς
669 1275 701 1300 ὲκ
716 1274 796 1301 θείων
813 1275 862 1300 αὑ-

67 1318 122 1348 τοῖς
140 1317 316 1352 μηνιμάτων,
343 1319 390 1345 καὶ
414 1319 493 1345 τοῦτο
510 1320 592 1352 αὐτὸς
609 1321 674 1356 ἡμῖν
696 1321 711 1346 ὁ
727 1321 781 1347 τῶν
794 1320 863 1347 ὅλων

69 1363 132 1394 Θεὸς
147 1363 194 1389 διὰ
210 1364 303 1399 φωνῆς
319 1363 413 1399 ἑτέρου
428 1365 570 1400 προφήτου
596 1366 694 1399 φησίν*
711 1375 720 1391 ε
738 1366 770 1392 Εἰ
786 1365 862 1392 ἔσται

70 1409 152 1436 κακία
168 1410 198 1436 ἐν
214 1409 301 1442 πόλει,
316 1410 351 1445 ἣν
368 1410 471 1446 Κύριος
494 1411 543 1438 οὐκ
559 1411 698 1446 ἐποίησεν.
715 1421 724 1437 ι
745 1411 783 1438 Οὐ
809 1411 863 1447 γὰρ

70 1454 102 1481 ἄν
114 1454 223 1488 γένοιτό
229 1464 261 1493 ’τι
276 1455 331 1482 τῶν
344 1456 445 1482 κακοῦν
457 1456 592 1484 εἰωθότων
610 1457 712 1490 πόλεις,
730 1457 746 1492 ἢ
760 1456 862 1492 χώρας,

69 1500 82 1526 ὂ
96 1500 244 1535 πράττοιτο
262 1500 296 1527 ἂν
309 1501 346 1536 μὴ
357 1496 407 1528 οὐκ
421 1503 543 1536 ἐφιέντος
554 1502 632 1530 Θεοῦ.
646 1503 730 1535 Σώζει
748 1504 803 1539 γὰρ
817 1503 864 1536 οὓς

70 1546 102 1573 ἂν
115 1547 216 1579 ἕλοιτο,
231 1547 280 1574 καὶ
289 1547 456 1575 ἀπαλλάττει
466 1549 569 1576 κακῶν.
588 1550 743 1576 ’Λναπείϐει
756 1547 801 1577 οὖν
809 1549 863 1576 τῶν

70 1592 265 1628 λελυπηκότων
280 1594 331 1629 τὴν
345 1593 422 1620 λύσιν
437 1594 528 1629 ζητεῖν
546 1595 622 1631 παρὰ
643 1595 722 1629 Θεοῦ,
740 1597 864 1632 ῥιπτοῦν-

69 1648 118 1671 τας
137 1639 249 1675 μακρὰν
261 1640 293 1666 τό
314 1648 346 1674 γε
363 1640 468 1668 οἴεσθαι
482 1641 538 1668 δεῖν
554 1641 604 1676 τῆς
618 1641 672 1668 τῶν
681 1641 866 1678 ψευδωνύμων

70 1684 147 1711 θεῶν
167 1685 270 1720 χειρὸς,
285 1685 332 1712 καὶ
346 1686 508 1722 ἐπικουρίας
523 1685 666 1721 δεδεῆσθαι
686 1687 721 1713 τὰ
743 1687 803 1714 κατ’
817 1687 866 1714 αὑ-

70 1730 144 1761 τούς.
160 1738 169 1754 ι
186 1729 390 1765 Ἐξηράνθησαν
407 1730 451 1763 δὲ,
471 1731 571 1766 φησὶν,
591 1731 704 1766 ἀφέσεις
729 1731 841 1759 ὑδάτων.
852 1741 862 1758 ι

76 1775 171 1802 ’Υετοῦ
187 1775 242 1811 γὰρ
250 1777 300 1802 οὐκ
309 1776 435 1812 άρδοντος
445 1776 494 1812 τὴν
505 1776 567 1811 γῆν,
582 1777 747 1812 καθιεμένης
758 1778 785 1805 δὲ
797 1777 866 1813 πρὸς

70 1822 159 1857 τούτῳ
178 1822 230 1856 τῆς
247 1822 387 1858 ἐρυσίϐης,
403 1822 609 1858 ὲξωπλισμένης
625 1823 654 1850 δὲ
672 1823 720 1850 καὶ
742 1823 864 1858 ἀκρίδος,

71 1868 118 1895 καὶ
135 1867 251 1904 βρούχου
269 1867 419 1903 πηδῶντος,
434 1868 481 1894 καὶ
505 1868 619 1904 κάμπης
638 1868 786 1904 ἑρπούσης,
806 1868 865 1900 πῶς

70 1913 103 1941 ἃν
123 1913 278 1949 ἀμφίϐολον
303 1911 337 1948 ἦν
354 1913 392 1946 ὡς
407 1914 516 1946 πάντως
542 1914 642 1950 οἴχοιτο
663 1914 697 1941 ἂν
724 1915 816 1946 αὐτοῖς
831 1915 866 1942 τὰ

71 1960 187 1996 ζωαρκῆ
207 1960 276 1996 πρὸς
300 1959 331 1986 τὸ
351 1960 450 1995 μηδέν;
474 1959 736 1995 Καταφθειρομένης
761 1960 789 1986 δὲ
817 1960 865 1987 καὶ

71 2005 153 2038 πόας,
169 2006 247 2033 πᾶσά
271 2014 330 2038 πως
344 2006 451 2040 ἀνάγκη
466 2005 513 2032 καὶ
523 2005 608 2040 κτήνη
625 2005 722 2032 παθεῖν
744 2004 790 2032 τὸν
806 2004 866 2031 ὁλε-

72 2052 147 2088 Θρον.

113 2106 201 2142 Φαίην
210 2105 232 2132 δ’
241 2105 286 2138 ἂν,
293 2105 334 2132 ὅτι
342 2105 412 2141 τάχα
422 2113 473 2132 που
484 2105 531 2132 καὶ
545 2104 693 2137 Ἰουδαίοις,
702 2105 731 2132 ἐν
741 2104 866 2141 ἐσχάτοις

73 2152 119 2179 τος
134 2151 233 2183 αἰῶνος
252 2152 359 2187 καιροῖς
375 2151 570 2186 ἐπιστρέφουσι
583 2151 651 2186 πρὸς
672 2150 748 2183 Θεὸν,
764 2151 866 2185 πρέποι

75 2199 107 2226 ἂν
123 2200 211 2226 εἰπεῖν
227 2198 277 2229 τὰς
292 2197 399 2225 τοιάσδε
420 2196 522 2232 φωνὰς,
540 2198 600 2228 ταῖς
625 2196 678 2223 τῶν
698 2196 810 2231 ἀγαθῶν
824 2196 867 2222 ὲν-

913 957 939 980 et
960 953 1109 987 rubiginem
1130 957 1262 980 autumat.
1289 954 1476 981 lntensissime
1504 959 1594 980 autent
1621 953 1705 981 Deum

912 1003 1049 1033 precatur,
1075 1003 1102 1025 et
1136 999 1248 1031 utiliter,
1266 999 1357 1026 dicens
1389 999 1499 1026 minime
1522 1000 1591 1033 apud
1623 999 1705 1026 alium

912 1044 1084 1078 qmerendam
1107 1045 1291 1079 depulsionem
1310 1045 1484 1078 calamitatis,
1499 1051 1527 1072 et
1539 1045 1588 1072 soli
1603 1045 1706 1079 suppli-

913 1089 1026 1116 candum
1057 1089 1106 1121 illi,
1120 1089 1164 1123 qui
1182 1089 1296 1116 salutem
1325 1089 1421 1116 :ilferre
1439 1094 1536 1123 potest,
1559 1094 1586 1117 et
1617 1089 1704 1116 iratus

913 1134 1053 1167 repellere,
1069 1141 1127 1168 quae
1141 1135 1239 1162 habere
1255 1135 1403 1162 molestiam
1417 1140 1624 1162 consueverunt.
1642 1135 1702 1162 Non

913 1180 984 1206 enim
1005 1181 1193 1214 cogitandum,
1215 1186 1243 1207 et
1264 1185 1338 1207 recte
1359 1188 1436 1213 sane,
1467 1181 1619 1215 huiusmodi
1635 1180 1703 1207 mala

913 1233 962 1260 per
981 1233 1011 1253 se
1030 1226 1197 1260 contingere,
1215 1226 1262 1253 sed
1277 1233 1311 1253 ex
1328 1227 1366 1253 ira
1385 1226 1473 1253 divina
1487 1227 1576 1260 potius
1592 1225 1704 1258 inferri;

915 1272 940 1299 id
954 1272 1024 1306 quod
1042 1272 1118 1299 nobis
1136 1272 1324 1298 universorum
1340 1272 1467 1299 Dominus
1488 1279 1534 1306 per
1549 1280 1580 1299 os
1594 1272 1707 1300 alterius

914 1317 1051 1352 prophetae
1066 1317 1147 1352 213
1158 1317 1276 1344 iudicat:
1290 1326 1299 1342 ι
1318 1317 1345 1344 Si
1362 1318 1414 1344 erit
1434 1318 1532 1344 malum
1545 1319 1571 1346 iu
1584 1319 1706 1352 civitate,

913 1363 984 1398 quod
1000 1370 1052 1389 nou
1073 1362 1138 1390 fecit
1161 1363 1289 1390 Dominus
1302 1363 1351 1389 “.v
1368 1363 1446 1390 Ilaud
1466 1364 1538 1390 enim
1560 1364 1707 1399 quidquam

913 1417 1006 1437 eorum
1020 1408 1117 1444 quibus
1131 1409 1253 1436 civitates
1265 1414 1291 1436 et
1314 1410 1438 1444 regiones
1464 1409 1630 1445 aﬂliguntur,
1653 1410 1708 1438 Deo

915 1462 966 1481 ιιοιι
983 1454 1144 1481 imminente
1159 1454 1290 1481 evenerit.
1306 1452 1404 1481 Servat
1420 1454 1493 1481 enim
1506 1462 1572 1489 quos
1589 1455 1665 1489 vult,
1679 1461 1708 1483 et

916 1501 1046 1528 malorum
1073 1501 1206 1527 immunes
1228 1500 1325 1528 reddit.
1342 1499 1445 1528 Suadet
1463 1500 1546 1536 igitur
1566 1502 1708 1536 propheta,

915 1554 1007 1574 eorum
1030 1554 1089 1580 qua:
1105 1550 1201 1574 nocent
1218 1545 1354 1580 repulsam
1373 1553 1388 1573 a
1401 1546 1454 1573 Deo
1476 1551 1578 1582 petere,
1599 1549 1708 1582 opinio-

889 1591 898 1603 ‘
917 1599 951 1620 ne
991 1592 1035 1619 illa
1047 1591 1140 1627 procul
1157 1591 1255 1626 ejecta,
1273 1591 1400 1619 falsorum
1417 1592 1527 1619 deorum
1545 1601 1623 1627 opem
1650 1601 1708 1621 ma-

916 1646 979 1666 nttm
1002 1643 1030 1666 et
1047 1638 1176 1665 auxilium
1191 1638 1217 1665 in
1235 1638 1291 1665 suis
1309 1637 1389 1665 rebus
1407 1637 1457 1664 sibi
1475 1644 1534 1665 esse
1558 1639 1707 1674 imploran-

916 1686 1005 1713 dum.r
1019 1683 1153 1712 Arefactaa
1167 1688 1240 1717 sunt,
1259 1683 1357 1719 inquit,
1371 1684 1530 1712 emissiones
1545 1692 1704 1719 aquarum.»

914 1731 1008 1759 Pluvia
1023 1731 1121 1766 quippe
1133 1736 1232 1758 terram
1246 1737 1298 1758 non
1315 1730 1457 1764 irrigante,
1469 1735 1496 1757 et
1508 1731 1626 1758 immissa
1641 1738 1710 1765 prae-

917 1783 988 1805 terea
1010 1777 1145 1812 rubigine,
1158 1781 1262 1804 armata
1280 1776 1344 1804 item
1360 1776 1475 1808 locusta,
1488 1779 1516 1802 et
1531 1777 1635 1804 brucho
1654 1776 1709 1804 sal-

916 1829 1000 1858 tante,
1015 1828 1043 1852 et
1057 1831 1137 1852 eruca
1160 1827 1280 1858 repente,
1294 1823 1404 1857 quinam
1424 1822 1533 1849 dubium
1554 1826 1624 1855 erat,
1643 1823 1707 1857 quin

917 1871 984 1906 ipsis
999 1870 1062 1898 vitae
1093 1869 1276 1897 sustentandae
1307 1868 1460 1895 necessaria
1478 1868 1596 1901 perirent
1617 1867 1708 1894 fundi-

917 1913 979 1940 tus?
996 1912 1084 1940 Herba
1099 1917 1188 1940 autem
1200 1912 1363 1944 intereunte,
1374 1918 1483 1946 prorsus
1493 1915 1520 1938 et
1528 1910 1652 1945 jumenta
1664 1911 1707 1938 in-

917 1961 1000 1988 terire
1015 1967 1126 1988 necesse
1140 1962 1193 1988 est.

953 2107 1071 2135 Dixerim
1091 2113 1181 2142 porro,
1196 2105 1311 2134 fortasse
1326 2113 1340 2132 a
1357 2104 1467 2137 Judteis,
1483 2104 1613 2132 extremis
1627 2111 1707 2131 mun-

918 2155 944 2181 di
971 2153 1139 2188 temporibus
1152 2153 1185 2180 ad
1200 2152 1340 2179 Dominum
1358 2151 1554 2178 revertentibus
1576 2151 1708 2178 bonorutn

919 2199 1008 2235 inopia
1030 2199 1132 2234 pressis
1146 2205 1173 2226 et
1197 2198 1378 2232 ejulautibus,
1403 2203 1464 2232 apte
1484 2197 1534 2224 dici
1556 2205 1634 2232 posse
1661 2198 1710 2224 has

75 2246 158 2278 δείαις
175 2245 407 2279 ἑντεθλιμμένοις,
423 2244 469 2271 καὶ
484 2243 694 2279 κατοιμώζουσι.
709 2243 866 2278 Δεδαπάνη-

920 2253 1009 2273 voces.
1035 2245 1201 2279 Consumpta
1221 2243 1385 2276 suutenim,
1400 2243 1477 2278 quasi
1496 2243 1529 2270 ab
1543 2242 1614 2276 igne,
1639 2242 1710 2276 ipso-

75 2301 116 2319 ται
125 2292 181 2326 γάρ
189 2292 283 2322 αὐτοῖς
294 2291 332 2322 ὡς
343 2290 396 2317 ὑπὸ
408 2289 495 2325 πυρὸς
506 2289 540 2315 τὰ
550 2290 590 2320 εις
603 2289 666 2315 νοῦν
677 2288 778 2322 ἀγαθὰ,
789 2288 870 2324 ἀκρίς

75 2347 103 2364 τε
116 2337 188 2364 αὐτὰ
201 2337 284 2372 νοητὴ
299 2335 473 2371 κατεδήδοκε,
485 2335 532 2361 καί
542 2334 731 2369 ἐξηράνθησαν
745 2333 869 2368 ἀφέσεις.

81 2382 249 2410 Ἑνετείλατο
263 2383 318 2417 γὰρ
333 2383 394 2413 ταῖς
411 2381 538 2415 νεφέλαις
558 2380 604 2407 τοῦ
628 2379 665 2416 μὴ
680 2379 775 2415 βρέξαι
793 2379 870 2405 ὑετὸν

76 2430 120 2457 ἐπὶ
130 2429 181 2464 τῆς
196 2429 260 2464 γῆς,
276 2428 348 2455 κατὰ
366 2428 396 2454 τὸ
409 2427 498 2461 γένος,
522 2427 569 2454 καὶ
590 2426 701 2461 γέγονεν
719 2425 819 2457 nam;
839 2433 870 2452 τε

77 2475 122 2501 καὶ
146 2474 262 2510 ἄνυδρος
278 2473 314 2508 γῆ
324 2493 332 2506 ,
349 2473 410 2508 ἥτις
422 2473 453 2499 οὐ
474 2472 713 2507 κατοικηθήσεται.
733 2471 826 2506 Ἦμῶν
839 2470 868 2498 δὲ

76 2519 106 2554 δὴ
131 2517 196 2554 πέρι
209 2517 265 2544 τῶν
283 2518 312 2544 ὲν
327 2517 418 2544 πίστει
443 2516 660 2552 δεδικαιωμένων
682 2515 869 2552 προανεφώνει

77 2564 151 2596 Θεὸς,
167 2563 278 2591 καὶτῶν
286 2563 331 2590 διὰ
342 2561 462 2598 Χριστοῦ
473 2563 652 2598 χαρισμάτων
664 2561 870 2597 ἀμφιλαφεστά-

71 2619 124 2646 την
140 2610 253 2637 ἔσεσθαι
271 2609 322 2644 τὴν
347 2609 479 2645 χορηγίαν
505 2608 650 2644 ὑπεδήλου,
674 2607 772 2642 λέγων·
796 2617 805 2633 ι
824 2606 870 2634 Ἐν

76 2658 109 2692 τῇ
121 2656 215 2692 ἡμέρᾳ
227 2655 322 2691 ἐκείνῃ
333 2654 516 2687 annonam“
534 2654 568 2681 τὰ
582 2654 632 2689 ῦρη
643 2653 810 2688 γλυκασμδν,
823 2653 870 2679 καὶ

77 2703 101 2730 οἱ
112 2703 204 2739 βουνο¹ι
214 2702 361 2738 ῥυήσονται
374 2701 456 2735 γάλα,
471 2701 517 2727 καὶ
525 2701 610 2727 πᾶσαι
622 2700 650 2728 αἱ
662 2699 774 2734 ἀφέσεις
784 2698 871 2726 Ἰούδα

78 2749 225 2785 ρυήσονται
241 2748 326 2774 ὕδατα
338 2767 346 2779 ,
363 2747 412 2773 καὶ
424 2746 500 2781 πηγὴ
515 2746 545 2779 ἐξ
556 2747 630 2773 οῐκου
643 2745 747 2781 Κυρίου
762 2744 869 2777 ἐξελεύ-

79 2804 163 2828 σεται,
175 2795 224 2822 καὶ
239 2794 331 2821 ποτιεῖ
341 2792 388 2819 τὸν
402 2793 570 2828 χειμάρρουν
583 2791 638 2819 τῶν
652 2792 774 2827 σχοίνων.
791 2800 800 2817 ι
814 2790 869 2817 Καὶ

112 2888 146 2905 ⁸⁴¹
164 2889 248 2916 Amos
268 2894 313 2920 tu,
342 2884 372 2912 6.
410 2884 432 2900 "
449 2883 500 2912 Isa.
520 2892 546 2918 v,
565 2885 592 2912 6.
630 2885 652 2901 "
681 2883 750 2913 Psnl.
765 2891 830 2919 Lxu,
851 2883 877 2911 5.

919 2299 978 2319 rum
1003 2292 1073 2319 bona
1091 2290 1186 2323 animi,
1200 2289 1304 2318 locusta
1319 2297 1379 2324 quas
1394 2294 1485 2316 mente
1500 2288 1651 2324 concipitur
1664 2287 1708 2315 illa

919 2337 1071 2370 devoravit,
1085 2341 1113 2364 et
1123 2341 1288 2364 exaruerunt
1298 2336 1457 2364 emissiones
1468 2342 1613 2370 aquarum.
1630 2334 1707 2360 Man-

919 2383 993 2411 davit
1005 2382 1077 2410 enim
1094 2381 1213 2408 nubibus
1227 2388 1261 2409 ne
1275 2380 1398 2416 pluereut
1421 2379 1535 2408 imbrem
1557 2386 1638 2413 super
1655 2385 1708 2406 ter-

919 2437 990 2463 ram,
1001 2436 1050 2464 pro
1073 2434 1149 2455 more
1160 2432 1187 2454 et
1204 2431 1301 2454 natura
1320 2433 1368 2454 sua
1382 2426 1416 2459 ⁸⁸,
1444 2430 1472 2453 et
1494 2426 1564 2453 facta
1577 2429 1619 2453 est
1637 2429 1709 2451 terra

919 2475 992 2503 invia
1007 2479 1034 2502 et
1047 2473 1177 2508 inaquOsa
1188 2471 1239 2505 “,i
1255 2479 1315 2506 qua!
1328 2479 1380 2498 non
1397 2470 1574 2498 habitabitur.
1597 2468 1634 2496 De
1661 2475 1711 2496 no.

920 2521 963 2548 bis
989 2524 1080 2547 autem
1097 2518 1123 2546 in
1139 2518 1191 2545 ﬁde
1204 2516 1362 2552 justiticatis
1378 2515 1567 2551 praenuntiavit
1583 2514 1664 2548 Deus,
1681 2518 1710 2540 et

919 2574 970 2602 per
984 2565 1122 2593 Christum
1136 2571 1185 2591 nos
1195 2561 1367 2590 charismstis
1381 2560 1568 2596 copiosissime
1580 2560 1709 2588 donatum

922 2612 954 2639 iri
985 2610 1159 2645 signiﬁcavit,
1180 2608 1223 2635 Itis
1250 2607 1354 2636 verbis:
1371 2606 1418 2633 tlu
1437 2605 1481 2632 illa
1498 2605 1542 2632 die
1571 2604 1711 2632 stillabunt

921 2662 1027 2686 montes
1048 2655 1217 2684 dulcedinem
1227 2675 1234 2686 ,
1248 2657 1275 2680 et
1289 2651 1370 2680 colles
1383 2651 1467 2678 liuent
1479 2650 1565 2682 laete;
1576 2654 1604 2676 et
1615 2656 1710 2676 omnes

919 2702 1081 2731 emissiones
1110 2700 1177 2728 Juda
1215 2699 1297 2726 ﬂuent
1332 2697 1420 2732 aquis,
1438 2700 1465 2722 et
1486 2694 1545 2722 fons
1568 2694 1602 2721 de
1629 2693 1710 2721 domo

921 2747 1026 2775 Domini
1041 2746 1204 2781 egredietur,
1217 2750 1242 2772 et
1255 2742 1376 2778 irrigabil
1387 2744 1533 2768 torrentem
1548 2737 1705 2766 funium'm

920 2793 990 2827 Quin
1022 2797 1049 2820 et
1065 2792 1165 2819 aliter:
1188 2800 1198 2816 ι
1222 2790 1277 2825 Ego
1298 2788 1429 2818 Dominus
1447 2787 1535 2820 Deus;
1556 2793 1605 2821 ego
1626 2791 1709 2813 exau-

916 2883 938 2898 ⁸⁷
962 2881 1019 2909 Jocl
1047 2887 1086 2913 ut,
1112 2879 1155 2906 i8.
