1919 3042
206 136 260 165 555

207 198 278 224 diam
295 205 343 225 eos
360 197 429 224 Deus
443 196 540 227 Israel;
551 194 797 229 uunderclinquam
809 196 997 230 eos,sedape-

148 268 151 269 ,
207 245 274 271 riam
293 245 319 271 in
341 244 477 271 montibus
501 242 623 273 ﬂumina,
642 245 668 268 et
689 241 714 268 in
731 242 820 268 medio
839 249 996 276 camporum

206 290 303 322 fontes,
321 294 348 317 et
365 289 463 316 faciam
486 287 623 315 desertum
638 288 663 314 in
680 287 802 322 paludes,
817 293 844 314 et
860 287 996 315 sitientem

205 340 302 362 teriam
316 335 342 362 in
361 334 536 368 aqumductus
549 333 600 361 ".s
618 333 644 360 In
663 333 706 361 his
721 334 812 368 itaque
824 341 873 360 nos
891 339 994 360 sumus.

203 380 279 413 Quod
297 379 319 406 si
337 380 369 406 ad
387 380 575 414 paenitentiam
592 386 622 407 se
645 380 796 412 conferent,
810 383 836 406 et
851 379 934 406 Deum
953 386 997 406 re-

202 426 325 460 spiciant,
341 430 368 453 et
382 427 472 454 dicent
487 427 569 453 etiam
583 426 645 461 ipsi,
662 436 671 452 (
683 425 723 453 Ad
741 430 766 453 te
781 425 931 459 clamabo,»
947 433 994 453 ac-

201 472 301 506 cipient
315 480 447 507 aquarum
469 474 642 506 emissiones,
658 477 686 500 el
709 473 834 500 Itaurient
855 473 993 500 uobiscum

200 525 296 552 aquam
321 526 381 553 qua:
412 519 468 546 sola
495 519 671 554 intelligentia
693 519 809 552 videtnr,
830 519 863 545 de
876 518 994 546 fontibus

199 563 349 592 Salvatoris
361 565 395 598 ⁸³,
409 566 628 600 potabunturque
648 570 738 592 torren
745 571 768 592 te
788 565 932 599 voluptatis
944 565 966 580 '°
978 573 992 591 a

200 610 254 638 Deo
278 610 368 644 Patre,
383 616 409 638 et
432 612 532 638 fontem
551 612 613 638 vitae
635 611 660 638 in
691 611 818 638 cordibus
845 611 990 637 habebunt.

198 657 375 691 Apponeutur
386 657 450 691 ipsis
474 657 555 683 etiam
574 657 607 683 ad
624 655 734 683 delicias
746 656 868 690 speciosa
881 655 990 688 deserti,

199 702 224 729 id
238 708 288 734 est,
303 710 401 736 pascua
422 703 491 729 bona
513 707 540 729 et
563 702 662 736 ampla,
679 702 865 729 convertentia
888 709 935 729 eos
957 701 990 727 ad

197 748 376 782 cognitionem
388 749 506 775 divinant
521 753 549 776 et
563 747 827 782 evangelicam,_qum
841 748 867 775 in
881 747 992 775 Christo

196 798 287 820 mente
306 794 469 828 concipitur.

490 958 572 994 214
584 957 658 985 car.
675 957 705 985 ιι.

229 1015 310 1042 Vl-zns.
329 1014 394 1046 1,2.
422 1014 515 1042 Canite
540 1016 602 1041 tuba
635 1015 663 1041 in
684 1013 761 1046 Sion,
786 1014 927 1046 pra-dicate
962 1015 990 1042 in

191 1067 277 1088 monte
292 1068 383 1088 sancto
407 1070 472 1091 meo.
494 1067 517 1088 et
539 1062 726 1088 cariturbentur
755 1069 842 1087 ontnes
863 1061 987 1088 habilan-

191 1113 229 1134 tes
243 1112 352 1139 terram,
383 1108 508 1142 quoniam
541 1107 613 1133 adest
637 1106 692 1133 dies
713 1106 841 1138 Domini;
863 1106 988 1140 quoniam

190 1161 269 1188 prope
292 1159 327 1179 est
353 1153 409 1180 dies
432 1153 599 1179 tenebrarum
618 1157 641 1178 et
666 1152 799 1187 caliginis,
820 1152 875 1178 dies
906 1151 984 1178 nubis

189 1205 214 1226 et
237 1199 346 1226 nebulw.

224 1255 284 1283 XV.
331 1255 448 1284 Venuste
485 1263 550 1283 sane
587 1263 694 1283 rursum
729 1256 807 1283 nobis
844 1256 905 1283 belli

189 1302 246 1329 cies
280 1303 451 1335 describitur,
479 1307 506 1330 et
534 1310 598 1330 vera
637 1307 679 1330 est
700 1303 857 1337 descriptio,
878 1303 934 1329 sive
960 1303 985 1329 iu

189 1346 305 1380 locusta,
329 1348 386 1374 sive
433 1348 459 1374 in
489 1348 593 1374 bruclio
618 1347 688 1374 forte
719 1348 895 1383 intelligatur,
930 1349 986 1376 sive

192 1394 254 1428 quis
289 1394 323 1420 de
364 1393 431 1428 ipsis
472 1393 627 1428 Babyloniis
674 1394 797 1428 accipere
848 1394 984 1420 maluerit.

190 1438 274 1472 Quasi
304 1438 377 1465 enim
402 1438 471 1465 bello
498 1438 553 1473 jam
581 1445 628 1472 per
666 1442 757 1473 portas
793 1438 934 1472 ingresso,
959 1442 986 1465 et

188 1492 238 1520 per
269 1489 351 1512 totam
379 1485 463 1512 ferme
486 1483 606 1517 Sionem,
631 1492 676 1512 seu
699 1492 747 1519 per
766 1489 848 1512 totam
865 1483 983 1511 Judzeam

188 1531 308 1565 vulgato,
332 1531 447 1558 tumultu
475 1535 502 1558 et
527 1530 674 1558 terroribus
705 1530 799 1558 urbem
822 1531 982 1566 completam

187 1584 248 1604 esse
269 1577 355 1604 dicit:
374 1585 383 1601 ι
406 1576 489 1604 Adest
503 1576 574 1603 enim
588 1575 646 1603 dies
662 1576 793 1603 Domini.’
813 1576 889 1610 Quod
912 1577 981 1605 hanc

188 1622 271 1649 habet
283 1622 358 1648 vim:
375 1629 419 1649 res
436 1629 488 1649 non
517 1625 559 1648 est
584 1621 699 1656 amplius
726 1621 798 1648 nuda
823 1622 979 1656 praedictio,

187 1667 234 1694 sed
254 1671 318 1693 ante
339 1665 432 1693 oculos
454 1666 544 1692 omnia
567 1672 627 1699 quze
649 1665 829 1700 praenuntiata
851 1665 979 1698 fuerunt,

187 1717 215 1739 et
229 1712 286 1746 ipsa
303 1711 470 1746 experientia
487 1715 562 1745 gesta
579 1717 652 1738 sunt.
669 1712 708 1738 Ae
722 1711 819 1739 melius
832 1717 891 1739 erat
913 1713 980 1739 mul-

188 1764 216 1786 to
235 1759 268 1786 ad
284 1759 393 1785 meliora
408 1766 438 1785 se
453 1759 588 1793 applicare
615 1758 744 1790 voluisse,
761 1763 788 1785 et
804 1763 865 1786 ante
878 1759 979 1786 adven-

188 1809 243 1831 tum
272 1805 499 1838 praesentiamque
531 1804 663 1830 malorum
693 1803 903 1831 sollicitudinem
932 1812 980 1831 ex-

186 1850 314 1878 cussisse.
329 1850 421 1885 Itaque
437 1851 469 1877 de
483 1851 642 1885 poenitentia
663 1850 794 1877 incertum
811 1857 871 1877 esse
889 1851 979 1877 consi-

186 1897 214 1923 lii
229 1904 282 1922 non
300 1896 375 1928 sinit,
390 1897 439 1927 sed,
464 1896 586 1931 deposito
608 1896 689 1922 animi
707 1895 781 1922 velut
807 1895 936 1930 languore
952 1901 977 1923 et

185 1941 303 1977 ignavia,
322 1942 354 1968 ad
370 1942 460 1976 operis
478 1941 596 1969 studium
617 1941 742 1975 expedite
767 1942 887 1976 aggredi,
903 1945 930 1967 et
945 1941 978 1968 ad

179 1986 350 2014 voluntatem
365 1987 539 2022 sibimetipsis
554 1986 668 2014 viriliter
681 1987 855 2014 succurrendi
872 1988 976 2014 incum-

183 2032 343 2067 berejubet,
360 2032 393 2059 ad
408 2032 492 2060 Deum
509 2033 678 2067 properando
690 2054 697 2065 ,
714 2036 890 2066 veterumque
912 2032 977 2059 deli-

183 2084 289 2106 ctorum
317 2078 435 2105 maculas
459 2078 602 2105 virtutibus
621 2077 784 2106 sumeieudis
796 2077 908 2105 delendo
937 2079 977 2104 vi-

184 2124 292 2150 delicet.
309 2121 371 2151 Ideo
390 2124 428 2150 ait
451 2130 535 2158 prepe
550 2124 645 2151 adesse
679 2123 750 2150 diem
775 2123 898 2156 Domini,
923 2131 974 2158 qua

183 2169 270 2197 futuri
285 2170 340 2197 sint
358 2174 486 2204 tanquam
502 2171 528 2197 in
546 2170 653 2203 nebula,
668 2173 695 2196 et
723 2168 852 2200 tenebris,
877 2168 974 2196 famem

944 1256 985 1282 fn-

705 133 748 161 ‘S.
769 133 908 162 CYBILLI
928 133 1162 162 ALEXANDRINI
1183 134 1345 163 ARCHIEP.

996 1553 1017 1581 C

1793 136 1848 165 556

1011 201 1033 228 Λ
1050 197 1103 232 μὴν
1120 197 1167 223 καὶ
1184 197 1284 231 ἑτέρως
1295 205 1302 211 ·
1320 206 1329 222 ι
1344 197 1415 231 Ἐγὼ
1428 197 1529 232 Κύριος
1541 197 1555 224 ὁ
1565 194 1641 230 Θεὸς,
1658 197 1713 231 ἐγὼ
1726 197 1847 224 ἐπακού-

1049 251 1130 277 σομαι
1150 243 1164 268 ὁ
1179 242 1244 274 Θεὸς
1263 243 1383 278 Ἰσραὴλ,
1401 243 1447 270 καὶ
1463 243 1514 269 οὐκ
1529 243 1720 278 ἐγκαταλείψω
1734 243 1846 275 αὐτοὺς,

1047 288 1106 314 ἁλλ’
1130 287 1229 321 ἀνοίξω
1251 288 1364 315 ἐπὶτῶν
1385 288 1472 324 ὁρέων
1496 288 1646 323 ποταμοὺς,
1664 288 1712 315 καὶ
1724 288 1754 314 ὲν
1770 289 1846 323 μέσῳ

1046 335 1101 362 τῶν
1117 336 1215 362 πεδίων
1229 336 1269 366 εὶς
1280 334 1340 370 ἕλη,
1355 335 1402 361 καὶ
1414 334 1464 370 τὴν
1478 334 1599 369 διψῶσαν
1612 335 1663 369 γῆν
1675 335 1704 361 ὲν
1720 335 1846 370 ὑδραγω-

1046 383 1115 415 γοῖς.
1136 390 1145 406 ι
1161 381 1266 408 Οὐκοῦν
1280 381 1361 416 ἡμεῖς
1377 380 1426 415 μὲν
1443 380 1472 406 ἐν
1494 379 1610 410 τούτοις.
1629 379 1660 405 Εἰ
1675 378 1705 405 δὲ
1725 378 1757 414 δὴ
1772 377 1846 413 βαδί-

1046 427 1119 459 ζοιεν
1137 426 1204 463 πρὸς
1219 427 1400 462 μετάγνωσιν,
1417 426 1465 452 καὶ
1486 424 1663 459 ἀναὸλέψοιεν
1681 425 1749 460 πρὸς
1765 423 1842 456 Θεὸν,

1046 473 1150 508 λέγοιέν
1162 482 1191 500 τε
1205 473 1253 500 καὶ
1265 472 1356 504 αὐτοὶ,
1370 471 1458 507 (Πρὸς
1472 471 1512 504 σὲ,
1524 471 1621 506 Κύριε,
1632 471 1818 506 κεκράξομαι,
1831 480 1840 496 s

1045 519 1174 555 λήψονται
1184 519 1234 550 τὰς
1245 518 1298 544 τῶν
1313 518 1417 544 ὑδάτων
1428 517 1552 552 ἀφέσεις,
1565 516 1730 552 ἁντλὴσουσὶ
1739 524 1771 542 τε
1784 515 1844 551 μεθ’

1044 565 1060 599 ἡ
1066 564 1123 598 μῶν
1138 564 1168 590 τὸ
1177 563 1250 599 ὕδωρ
1261 563 1291 590 τὺ
1308 562 1414 598 νοητὸν,
1434 563 1481 590 καὶ
1496 563 1528 588 ὲκ
1543 561 1596 588 τῶν
1613 562 1711 597 πηγῶν
1730 562 1779 588 τοῦ
1793 571 1844 588 σωα

1043 609 1137 644 τηρέου
1154 608 1374 644 ποτισοήσονται,
1393 608 1440 634 καὶ
1452 608 1498 635 τὸν
1518 608 1687 643 χειμάρρουν
1709 608 1761 642 τῆς
1775 616 1842 642 τρυ-

1044 656 1097 691 φῆς
1110 656 1186 691 παρὰ
1203 654 1250 682 τοῦ
1261 655 1328 682 Θεοῦ
1341 655 1387 681 καὶ
1404 655 1520 690 Πατρὸς,
1539 654 1586 681 καὶ
1610 653 1658 688 τὴν
1678 652 1774 688 πηγὴν
1793 652 1842 687 τῆς

1043 703 1117 737 ζωῆς
1130 701 1235 735 ἕξουσιν
1247 702 1275 728 ὲν
1287 701 1422 736 καρδίαις.
1438 700 1639 736 Παρακείσεται
1651 699 1680 726 δὲ
1693 699 1788 730 αὐτοῖς
1802 699 1841 729 είς

1042 748 1149 784 τρυφὴν
1166 748 1214 774 καὶ
1227 747 1262 774 τὰ
1277 747 1366 782 ὡραῖα
1392 747 1440 781 τῆς
1467 747 1572 782 ὲρήμου
1585 765 1594 779 ,
1611 745 1747 777 τουτέστι,
1770 744 1840 779 νομὴ

1041 795 1112 830 καλὴ
1137 795 1183 821 καὶ
1203 793 1383 829 ἀμφιλαφὴς,
1396 793 1436 824 είς
1452 792 1553 826 γνῶσιν
1575 792 1674 822 αὐτοὺς
1698 790 1839 826 ἀποστρέ-

1042 850 1130 876 φουσα
1147 841 1197 876 τὴν
1220 841 1249 868 ὲν
1264 839 1375 875 Χριστῷ
1389 839 1539 875 νοουμένην
1561 838 1636 866 Θείαν
1647 846 1677 864 τε
1689 839 1738 864 καὶ
1757 837 1839 870 εὐαγ-

1004 879 1025 907 Β
1041 887 1166 921 γελικύν.

1346 953 1474 981 ΚΕΦΑΛ.
1495 952 1532 980 B'.

1076 1013 1248 1040 Σαλπίσατε
1259 1011 1404 1047 σάλπιγγι
1416 1011 1452 1038 ὲν
1461 1009 1547 1042 Σιὼν,
1561 1007 1713 1043 κηρύξατε
1728 1007 1836 1048 ἐτι-ὄρει

1039 1059 1112 1093 ἁγιῳ
1133 1067 1200 1092 μου,
1220 1057 1269 1085 καὶ
1289 1056 1532 1092 συγχυθήτωσαν
1554 1055 1666 1087 πάντες
1686 1055 1714 1080 οι
1734 1061 1834 1080 κατοι-

1039 1105 1164 1137 κοῦντες
1179 1105 1238 1138 τὴν
1259 1102 1326 1138 γῆν,
1353 1102 1428 1129 διότι
1443 1101 1589 1136 πάρεστιν
1603 1099 1700 1135 ἡμέρα
1710 1099 1833 1132 Κυρίου,

1039 1151 1083 1177 ὅτι
1097 1150 1187 1185 ἐγγὺς
1201 1149 1295 1184 ἡμέρα
1309 1149 1439 1181 σκότους
1459 1147 1508 1174 καὶ
1525 1147 1649 1182 γνόφου,
1674 1146 1772 1180 ἡμέρα
1786 1152 1834 1171 νε-

1037 1197 1134 1231 φέλης
1148 1196 1197 1223 καί
1214 1196 1352 1231 ὁμίχλης.

1074 1255 1122 1281 IE’.
1139 1254 1276 1290 Γράφεται
1287 1253 1318 1288 δὴ
1339 1252 1420 1279 πάλιν
1437 1251 1553 1284 ἀστείως
1566 1252 1633 1287 ἡμῖν
1647 1250 1695 1277 τοῦ
1711 1249 1832 1285 πολέμου

1036 1300 1067 1326 τὺ
1079 1300 1182 1335 σχῆμα.
1200 1300 1249 1335 an,
1269 1299 1291 1325 δ’
1312 1298 1346 1326 ἂν
1359 1299 1405 1325 καὶ
1422 1299 1466 1325 ἐπ’
1478 1299 1581 1334 ἀμφοῖν
1597 1297 1697 1332 ἀληθὲς
1710 1315 1719 1328 ,
1741 1296 1793 1322 κᾶν
1807 1295 1831 1321 εί

1037 1346 1080 1373 ἐπ’
1107 1345 1216 1381 ἀκριδος
1242 1345 1288 1371 καὶ
1308 1345 1424 1380 βρούχου
1440 1345 1520 1380 τυχὸν
1549 1344 1644 1374 νοοῖτο,
1661 1343 1714 1369 κᾶν
1739 1342 1764 1368 εῑ
1787 1341 1831 1368 ἐπ’

1036 1393 1127 1418 αὐτῶν
1141 1391 1228 1418 ἓλοιτό
1241 1400 1283 1422 τις
1299 1391 1354 1418 τῶν
1365 1391 1554 1418 Βαὸυλωνίων.
1584 1390 1628 1422 Ὠς
1647 1389 1702 1424 γὰρ
1717 1388 1769 1424 ἤδη
1782 1386 1831 1414 τοῦ

1036 1439 1156 1474 πολέμου
1175 1437 1323 1473 βεϐηκότος
1346 1446 1374 1464 τε
1393 1438 1458 1464 εῐσω
1484 1436 1576 1472 θυρῶν
1589 1456 1596 1467 ,
1613 1435 1660 1462 καὶ
1687 1433 1831 1470 μονονουχὶ

1035 1484 1106 1512 κατὰ
1124 1485 1211 1511 πᾶσαν
1224 1485 1273 1520 τὴν
1287 1484 1367 1516 Σιὼν,
1381 1484 1470 1519 ἧγουν
1483 1483 1512 1509 ὲν
1530 1482 1577 1517 ὅλῃ
1599 1483 1632 1517 τῇ
1653 1480 1769 1515 Ἰουδαίᾳ
1782 1488 1831 1506 πε-

1035 1521 1246 1567 ριηγγελμένου,
1263 1530 1310 1557 καὶ
1333 1529 1460 1565 θορύὸου,
1477 1529 1525 1556 καὶ
1547 1527 1683 1563 δειμάτων
1704 1526 1830 1562 ἀναπλη-

1035 1576 1132 1612 σθῆναι
1145 1575 1193 1612 τὴν
1208 1575 1284 1602 πόλιν
1299 1575 1392 1611 φησίν⁸
1407 1584 1416 1601 ι
1432 1574 1553 1610 Πάρεστι
1566 1573 1620 1609 γὰρ
1632 1574 1649 1608 ἡ
1668 1572 1761 1608 ἡμέρα
1771 1573 1830 1599 Ku-

1033 1623 1090 1658 plou
1105 1630 1112 1638 '
1131 1632 1141 1649 ι
1160 1622 1311 1654 τουτέστιν,
1331 1621 1424 1648 οὐκέτι
1451 1621 1651 1656 προαγόρευσις
1674 1620 1706 1646 τὸ
1731 1619 1829 1655 χρῆμα

1033 1669 1122 1704 μόνον,
1139 1668 1197 1694 ἀλλ’
1213 1669 1251 1700 ὡς
1267 1668 1297 1694 ὲν
1311 1667 1371 1702 ὕψει
1387 1667 1422 1694 τὰ
1437 1667 1537 1699 πάντα,
1555 1667 1602 1693 καὶ
1621 1666 1650 1694 ὲν
1670 1666 1766 1698 αὐταῖς
1781 1674 1828 1700 γε-

1030 1715 1125 1749 γόνασι
1139 1716 1198 1746 ταῖς
1214 1714 1323 1750 πείραις
1338 1713 1392 1740 τῶν
1407 1713 1491 1741 πάλαι
1511 1713 1753 1749 προηγγελμένων,
1778 1712 1827 1744 οὓς

1028 1759 1062 1796 ἦν
1075 1761 1186 1796 ἄμεινον
1203 1760 1274 1787 κατὰ
1295 1760 1363 1786 πολὺ
1390 1760 1556 1796 μεταφοιτᾷν
1575 1759 1684 1786 ἑλέσθαι
1702 1759 1771 1794 πρὸς
1790 1758 1826 1784 τὰ

1031 1806 1137 1842 βελτίω,
1157 1806 1203 1832 καὶ
1216 1806 1270 1841 πρὸ
1289 1806 1385 1840 ἐφόδου
1399 1806 1446 1832 καὶ
1461 1800 1624 1840 ἆταρουσίας,
1640 1805 1688 1840 τὴν
1702 1804 1756 1830 τῶν
1772 1812 1824 1830 κα·-

1030 1851 1086 1878 κῶν
1100 1850 1274 1878 ἀποσείεσθαι
1290 1851 1430 1886 φροντίδα.
1447 1850 1551 1878 Οὐκοῦν
1570 1851 1637 1885 πρὸς
1652 1850 1825 1885 μετάγνωσιν

1029 1897 1159 1924 ἁλύεσθαι
1171 1897 1220 1924 οὐκ
1233 1897 1266 1932 ἑᾷ
1276 1904 1283 1911 ·
1302 1897 1446 1932 μεθιέντας
1456 1897 1484 1923 δὲ
1496 1897 1590 1932 ὥσπερ
1605 1897 1634 1923 τὸ
1647 1896 1697 1932 τῆς
1707 1896 1822 1932 γνώμης

1027 1943 1224 1974 ἀναπεπτωκὸς
1244 1943 1292 1970 καὶ
1308 1943 1338 1969 τὸ
1363 1942 1484 1978 ῥᾴθυμον
1497 1963 1504 1973 ,
1522 1943 1562 1974 εἰς
1591 1942 1736 1978 φιλεργίας
1754 1942 1823 1969 ἰέναι

1028 1989 1135 2016 κελεύει
1147 1989 1264 2025 γοργῶς,
1275 1990 1322 2015 καὶ
1332 1990 1378 2014 ὲπί
1388 1996 1419 2022 γε
1428 1988 1458 2014 τὺ
1469 1987 1610 2022 βούλεσθαι
1624 1988 1716 2022 σφίσιν
1729 1987 1823 2019 αὐτοῖς

1028 2035 1166 2070 ὲπαμύναι
1189 2035 1317 2069 γενικῶς,
1343 2034 1403 2069 Θεῷ
1418 2027 1537 2070 δηλονότι
1554 2033 1749 2069 προσθέοντας,
1768 2033 1823 2060 τῶν

1026 2081 1150 2116 ἀρχαίων
1166 2081 1336 2116 αἱτιαμάτων
1347 2080 1528 2115 ἀφανίζοντας
1538 2080 1571 2107 τὰ
1587 2080 1750 2116 ἐγκλήματα
1761 2081 1822 2111 ταῖς

1026 2126 1080 2153 τῶν
1103 2128 1254 2162 ἀμεινόνων
1278 2128 1445 2161 ἐπαγωγαῖς.
1473 2126 1608 2162 Ταύτῃτοί
1630 2134 1713 2161 φησιν
1736 2126 1822 2160 ἐγγὺς

1026 2170 1156 2208 εἶναιτὴν
1167 2173 1274 2208 ἡμέραν
1289 2173 1404 2209 Κυρίου,
1421 2172 1481 2200 καθ’
1494 2173 1528 2207 ἢν
1547 2171 1654 2199 ἔσονται
1674 2171 1724 2206 μὲν
1740 2171 1778 2202 ὡς
1792 2172 1822 2197 ὲν

183 2222 198 2242 a
215 2215 316 2242 locusta
332 2215 520 2248 inreltendam,
537 2216 594 2243 sive
607 2223 639 2242 ex
656 2214 827 2249 Assyriorum
858 2214 973 2249 impres-

1035 2217 1124 2252 ὲμίχλῃ
1148 2218 1194 2243 καὶ
1209 2218 1307 2253 σκότῳ,
1321 2219 1365 2245 τὸν
1376 2219 1408 2244 ὲκ
1418 2218 1467 2253 τῆς
1479 2218 1589 2253 ἀκρίδας
1601 2217 1718 2248 δεδιότες
1731 2217 1822 2252 λιμὸν,

183 2260 258 2287 sione
268 2267 346 2294 supra
360 2265 440 2294 caput
455 2261 520 2295 ipsis
532 2264 664 2287 astantem
676 2257 857 2286 calamitatem
869 2264 895 2286 et
911 2267 972 2294 per-

183 2305 280 2332 niciem
302 2310 460 2333 metuentes.

221 2351 300 2379 Vnus.
314 2352 341 2384 Ξ,
361 2352 388 2380 5.
409 2352 483 2380 Sicut
508 2359 584 2378 mane
603 2351 729 2386 fundatur
761 2360 840 2386 super
873 2358 972 2379 momas

181 2398 291 2432 populus
307 2398 448 2429 multus,ct
463 2398 558 2432 fortis;
573 2397 666 2424 similis
689 2399 714 2425 ei
738 2406 790 2425 non
809 2398 858 2433 fuit
888 2407 904 2426 a
922 2407 972 2426 sa:-

180 2445 250 2477 culo,
263 2450 287 2472 et
301 2450 358 2479 post
376 2452 434 2470 eum
450 2452 500 2470 non
514 2444 562 2470 erit
589 2451 669 2478 usque
688 2445 723 2471 ad
736 2453 819 2471 annos
835 2445 863 2472 iu
896 2453 973 2479 gene—

181 2493 297 2518 rationes
330 2490 535 2525 generationum.
554 2492 619 2516 Ante
632 2498 691 2517 enm
712 2490 780 2525 ignis
804 2499 969 2522 consumens,

180 2543 205 2564 et
220 2542 276 2572 post
296 2545 355 2564 eum
383 2545 506 2563 succensa
527 2537 644 2571 ﬂamma.
662 2536 734 2564 Sicut
759 2539 898 2572 paradisus
926 2545 970 2564 vo-

181 2583 288 2618 luptatis
305 2587 376 2609 terra
396 2587 456 2608 ante
489 2582 581 2612 faciem
613 2583 692 2617 ejus,
719 2587 743 2608 et
770 2583 917 2616 posteriora
939 2582 970 2608 i1-

180 2626 232 2652 lius
263 2625 331 2652 sicut
359 2626 445 2660 campi
468 2626 637 2654 desolationis
650 2648 657 2661 ,
674 2632 697 2654 et
710 2627 830 2654 salvatus
853 2635 904 2654 non
920 2628 969 2654 erit

213 2717 285 2747 XVI.
303 2719 379 2747 Mane
395 2720 500 2747 videtur
515 2719 652 2755 appellare
675 2723 722 2746 aut
741 2718 902 2746 matutinum
922 2725 966 2745 ro-

182 2773 237 2793 rem
253 2766 298 2800 qui
318 2767 444 2794 universe
474 2773 522 2800 per
539 2767 606 2793 tiues
624 2764 742 2800 regionis
757 2765 881 2797 diffusus,
900 2764 966 2791 nihil

213 2852 236 2888 3"
249 2851 299 2881 15a.
329 2861 383 2886 xu,
412 2853 456 2887 17,
484 2853 528 2880 18.
561 2853 583 2868 λ’
606 2851 656 2879 lsa.
675 2859 721 2884 λιι,
741 2851 766 2878 5.

1027 2264 1111 2298 ἤγουν
1134 2263 1182 2298 τὴν
1199 2264 1231 2290 ὲκ
1248 2265 1297 2299 τῆς
1325 2264 1476 2300 Ἀσσυρίων
1502 2264 1593 2296 αὐτοῖς
1623 2263 1822 2299 ὲπηρτημένην

1026 2309 1173 2345 ἀθλιότητα
1188 2311 1237 2336 καὶ
1251 2310 1440 2346 καταφθοράν.

1066 2355 1112 2388 Ὡς
1127 2355 1231 2389 ὄρθρος
1250 2355 1414 2390 χυθήσεται
1429 2356 1479 2383 ἐπὶ
1494 2355 1529 2383 τὰ
1543 2355 1596 2390 ὄρη
1618 2355 1694 2389 λαὸς
1719 2355 1821 2388 πολὺς

1026 2401 1074 2427 καὶ
1087 2402 1227 2435 ἰσχυρός·
1253 2402 1354 2436 ὅμοιος
1376 2402 1456 2434 αὐτῷ
1477 2403 1513 2429 οὐ
1531 2402 1655 2437 γέγονεν
1679 2401 1741 2428 ἀπὸ
1764 2401 1820 2428 τοῦ

1024 2447 1141 2480 αιῶνος,
1153 2448 1201 2474 καί
1208 2449 1272 2482 μετ’
1284 2449 1377 2476 αὑτὸν
1386 2450 1421 2475 οὐ
1432 2447 1670 2483 προστεθήσεται
1679 2447 1735 2481 ἕως
1744 2448 1821 2475 ἑτῶν

1024 2494 1067 2525 εἰς
1080 2493 1185 2527 γενεὰς
1195 2494 1315 2528 γενεῶν.
1334 2495 1371 2522 Τὰ
1385 2495 1557 2529 ἔμπροσθεν
1569 2493 1662 2521 αὑτοῦ
1674 2494 1736 2528 πῦρ
1745 2494 1819 2521 ἀνα-

1024 2539 1143 2570 λίσκον,
1158 2539 1207 2565 καὶ
1223 2539 1259 2566 τὰ
1273 2540 1370 2567 ὀπίσω
1388 2539 1481 2567 αὐτοῦ
1508 2539 1700 2573 ἀναπταμένη
1724 2539 1815 2573 φλόξ.

1029 2583 1078 2615 Ὧς
1091 2583 1272 2618 παράδεισος
1281 2584 1398 2619 τρυφῆς
1415 2585 1434 2619 ἡ
1450 2583 1487 2619 γῆ
1504 2584 1560 2618 πρὸ
1580 2583 1746 2618 προσώπου
1765 2586 1819 2611 αὺ-

1023 2626 1086 2658 τοῦ,
1107 2628 1158 2654 καὶ
1185 2628 1220 2655 τὰ
1237 2628 1362 2656 ὄπισθεν
1389 2629 1483 2656 αὐτοῦ
1502 2629 1607 2656 πεδίον
1629 2629 1816 2664 ἀφανισμοῦ,

1023 2673 1072 2699 καὶ
1085 2673 1310 2709 ἀνασωζὶεμενος
1328 2676 1383 2702 οὐκ
1401 2675 1487 2702 ἔσται
1505 2674 1594 2708 αὐτῷ.

1058 2720 1116 2752 ις’.
1133 2720 1250 2756 Ὄρθρον
1274 2721 1423 2748 ἀποκαλεῖν
1453 2721 1540 2748 ἔοικεν
1565 2722 1582 2757 ἢ
1605 2722 1655 2757 τὴν
1671 2722 1701 2749 ὲν
1724 2721 1816 2756 δρορῳ

1020 2765 1126 2800 δρόσον,
1144 2765 1282 2801 ἢὲπειδὰν
1296 2767 1364 2800 ὅλως
1374 2767 1544 2803 καταχέηται
1554 2767 1608 2796 τῶν
1621 2768 1705 2803 ὅρων,
1717 2768 1816 2802 ἀφίησι

798 2852 820 2867 °°
836 2851 906 2879 [’sal.
940 2859 1021 2886 xxxv,
1035 2852 1062 2879 9.
