1919 3042
80 120 125 148 3.57

530 119 807 150 COMMENTARIUS
827 122 860 149 IN
879 122 1013 150 JOELEM
1033 122 1254 151 PROPIIETAM.

1661 130 1714 158 558

78 179 125 206 τῶν
134 179 163 206 ὲν
175 178 272 212 αὐτοῖς
288 179 366 208 οὐδὲν
379 180 578 216 ἀκατάρδευτον
588 190 595 197 ·
611 182 751 217 ἦγουντὰς
763 183 875 218 πρώτας

927 182 953 210 in
971 182 1036 217 ipsis
1059 183 1159 211 siccum
1172 183 1300 218 relinquit
1313 192 1319 216 ;
1330 187 1376 211 aut
1390 189 1464 212 certe
1476 186 1576 220 primos
1592 186 1656 214 solis
1670 196 1714 214 ra-

77 225 145 260 iwou
161 224 257 260 βολὰς,
275 226 388 252 καὶιτοῦ
402 227 489 260 φωτὸς
512 227 560 262 τῆς
577 228 685 265 ἡμέρας
701 228 750 264 τὴν
765 228 829 255 εὐθύ
845 238 874 256 τε

75 270 120 298 καὶ
131 270 160 297 ἑ)
173 270 249 306 ἀρχῇ
267 270 437 305 ἀνάλαμψιν,
462 271 479 306 ἢ
498 273 558 304 ταῖς
575 273 708 308 κορυφαῖς
721 273 775 300 τῶν
788 273 874 308 ὀρέων

74 316 120 343 καὶ
135 316 191 351 πρὸ
211 324 245 350 γε
261 316 318 342 τῶν
342 316 429 343 ἄλλων
453 318 594 353 μονονουχὶ
612 319 659 345 καὶ
674 318 848 354 ὲνευρύνεται
865 339 872 351 ,

74 362 119 388 καὶ
133 362 350 397 κατερυθραίνει
371 362 492 397 βουνούς.
509 363 601 395 Οὕτως
619 364 701 399 φησὶν
718 365 764 391 ἐπὶ
776 365 810 391 τὰ
822 365 872 401 ὅρη

75 408 185 435 ἔσεσθαι
204 409 252 435 τὸν
267 409 332 436 λαὸν
346 409 393 436 τὴν
408 409 527 445 ἰσχυρὸν,
553 410 666 446 ἀκρίδας
680 411 770 446 τυχὸν,
789 412 873 446 ἤγουν

75 453 102 487 ἐξ
117 454 282 489 ὁμοιότητος
299 455 400 486 αὐτῶν,
417 455 471 482 τῶν
494 455 655 491 Ἀσσυρίων,
674 457 711 488 ὡς
728 458 757 483 ἐν
772 456 874 492 πληούῖ

74 499 230 535 νοουμένων
248 500 445 536 ἀπαραὸλήτῳ.
459 501 569 532 Λοιπὸν,
583 510 592 526 ι
608 502 723 536 Ὄμοιος
741 502 805 537 γὰρ,
821 510 872 536 φη-

75 546 127 577 σὶν,
140 546 220 581 αὐτῷ
234 547 266 572 οὺ
279 546 391 580 γέγονεν
406 547 461 573 ἀπὸ
473 546 521 573 τοῦ
534 547 642 579 αἰῶνος,
652 547 714 574 οὔτε
732 548 785 583 μὴν
796 547 871 574 ἔσται

73 592 148 618 ποτέ.
173 601 183 617 ι
207 591 320 627 Ἐπειδὴ
344 591 372 618 δὲ
387 592 447 623 ταῖς
463 591 517 619 τῶν
531 592 650 627 ἀκρίδων
671 592 801 626 ἐμϐολαῖς
825 592 872 618 δα-

73 638 192 664 πανᾶται
207 638 258 672 μὲν
271 637 302 664 τὸ
319 638 517 673 παρεμπῖπτον
540 637 620 669 εὐθύς
632 645 638 653 ·
656 638 679 663 εἰ
697 637 725 663 δὲ
743 637 829 673 δήπου
844 646 871 664 τι

73 683 118 710 καὶ
139 683 334 719 περιλειφθείη
350 683 440 718 τυχὸν,
463 683 543 719 ἔργον
559 684 608 710 καὶ
634 683 700 710 αὐτὸ
721 683 797 710 ἔσται
815 684 871 710 τῶν

73 729 217 764 ἑπομένων
241 731 301 760 ταῖς
315 729 449 765 πρώταις,
466 739 475 755 ι
496 729 555 764 Πῦρ
569 729 724 762 ἀναλίσκον,
744 739 753 755 ι
771 730 822 765 ἔφη
836 729 870 757 τὰ

73 775 231 812 ἔμπροσθεν
245 775 338 808 αὑτοῦ,
354 775 440 810 φλόγα
448 775 476 802 δὲ
487 775 682 811 ἀναπτομένην
697 775 731 802 τὰ
755 776 870 803 κατόπιν

72 823 118 848 καὶ
132 823 270 857 ἑπόμενα.
280 821 364 848 Τοῦτο
376 821 404 848 δὲ
420 822 486 849 αὐτὸ
503 822 641 857 δράσειεν,
655 820 733 858 οἶμαί
745 832 807 854 που,
822 824 869 850 καὶ

926 227 996 261 dios,
1023 233 1050 255 ct
1074 229 1164 255 diurni
1198 228 1308 256 luminis
1341 230 1510 264 repentinum
1536 236 1568 258 ac
1598 231 1713 266 primum

925 272 1107 306 splendorem,
1121 273 1167 308 qui
1188 274 1213 300 in
1226 274 1297 309 jngis
1315 275 1444 302 montium
1461 275 1536 310 prius
1551 277 1714 311 expanditur

925 323 951 344 et
965 318 1046 352 215
1062 325 1196 353 purpurea
1212 319 1271 346 luce
1289 319 1369 348 colles
1391 321 1534 348 convestit.
1552 321 1598 349 Sic
1612 322 1651 349 ait
1667 330 1713 350 su-

923 371 972 398 per
985 367 1089 391 montes
1103 363 1160 391 fore
1174 365 1298 399 populum
1324 365 1432 398 fortem,
1459 367 1588 400 locustas,
1620 369 1712 401 credo,

924 414 968 436 aut
983 417 1015 437 ex
1034 409 1210 437 similitudine
1229 411 1360 445 ipsarum,
1375 412 1558 447 Assyriorum,
1573 421 1621 448 per
1645 413 1713 440 mul-

924 455 1065 483 titudinem
1091 456 1329 490 incomparabilem
1357 458 1564 485 intellecturum.
1597 458 1712 494 Suhjicit

922 502 994 529 enim
1010 509 1083 535 mox,
1097 511 1106 528 ι
1126 502 1228 530 Similis
1245 503 1269 530 ei
1283 510 1333 530 non
1361 503 1411 530 fuit
1425 511 1441 530 a
1475 505 1586 537 saeculo,
1599 510 1626 532 et
1651 510 1711 539 post

921 554 982 575 eum
996 554 1050 574 non
1064 547 1143 576 erit.»
1157 548 1289 581 Quoniam
1305 553 1393 575 autem
1410 549 1573 577 locustarum
1586 551 1712 586 irruptio-

921 593 1000 621 nibus
1023 593 1094 627 quod
1114 593 1233 620 occurrit
1262 593 1405 620 confestim
1427 596 1604 627 consumitur,
1629 601 1657 623 et
1687 596 1710 623 si

921 639 1018 666 alicubi
1031 639 1166 673 quidpiam
1183 639 1252 666 forte
1265 639 1436 674 superfuerit,
1454 640 1568 675 idipsum
1583 649 1642 675 quae
1654 643 1709 676 pri-

921 691 979 712 mas
999 688 1148 719 sequuntur
1165 684 1324 718 absumunt,
1345 685 1430 720 tignis
1446 693 1618 719 consumens,
1640 697 1649 713 ›
1668 688 1711 714 in~

920 730 988 764 quit,
1003 737 1035 757 ea
1051 738 1112 765 qua:
1137 735 1202 758 ante
1216 730 1314 766 ipsum,
1331 730 1439 757 flamma
1467 737 1554 759 autem
1583 739 1711 760 succensa

920 776 946 802 in
962 776 1013 809 his,
1031 783 1091 810 quae
1103 781 1163 810 post
1177 776 1276 809 ipsum,
1295 781 1321 803 et
1333 777 1519 811 sequentibus.
1545 777 1602 805 Iloc
1624 778 1711 813 ipsum

920 821 1029 854 facient,
1044 826 1117 856 puto,
1133 827 1160 849 et
1189 822 1298 849 hostiles
1320 824 1414 856 copim.
1430 822 1511 850 Planc
1528 824 1599 850 enim
1614 831 1713 858 praste-

72 867 213 902 πολεμίων
244 867 368 903 στρατός.
390 867 520 902 Ἕψονται
546 867 600 902 γὰρ
614 867 724 899 πάντως
739 869 798 899 ταῖς
815 868 868 894 τῶν

924 867 1042 894 dentium
1067 868 1221 901 superbiam
1240 871 1267 894 et
1294 868 1480 902 arrogantiam
1516 869 1710 902 imitabuntur,

72 913 239 948 φθασάντων
263 913 429 948 ἀγερωχίαις
455 912 521 948 ὁμοῦ
544 912 591 940 καὶ
606 913 761 945 αὐθαδείαις
783 913 829 940 καὶ
845 914 869 940 οἰ

72 959 190 986 κατόπιν
223 959 308 990 ἰόντες
332 958 429 995 βραχύ.
460 959 623 994 Ποιήσονται
648 959 677 985 δὲ
695 959 744 994 τὴν
761 959 813 994 γῆν
832 959 869 990 ὡς

72 1006 180 1041 τρυφῆς
194 1006 369 1041 παράδεισον,
385 1006 470 1042 ἄρδην
482 1005 687 1041 ἀποκείροντες,
703 1006 750 1032 καὶ
769 1007 869 1032 ἐνσπα-

72 1052 210 1084 ταλῶντες
228 1053 285 1084 τοῖς
311 1052 528 1088 εὑρισκομένοις.
547 1052 623 1087 Ἔχει
648 1051 676 1078 δὲ
697 1051 727 1077 τὸ
745 1051 842 1086 ἀληθὲς
855 1052 869 1078 6

73 1099 166 1133 λόγος,
182 1099 232 1125 καὶ
249 1099 274 1124 εὶ
287 1099 330 1125 ἐπ’
342 1099 426 1133 αὐτῆς
440 1098 583 1134 ὲκφέροιτο
598 1098 648 1132 τῆς
661 1098 780 1133 ἀκρίδος.

121 1146 163 1178 Ως
180 1144 287 1179 ὅρασις
302 1144 413 1176 ἵππων,
433 1144 453 1178 ἠ
478 1144 584 1177 ὅρασις
610 1142 727 1176 αὐτῶν,
758 1141 807 1169 καὶ
829 1142 869 1175 ὠς

72 1190 191 1224 ἱππεῖς,
218 1190 312 1223 οὕτως
329 1189 570 1221 καταδιώξονται.
596 1189 644 1220 Ὧς
669 1187 754 1222 φωνὴ
774 1187 868 1221 ἁρμά-

73 1246 131 1265 των
144 1237 193 1263 ἐπὶ
212 1236 267 1270 τὰς
281 1235 416 1270 κορυφὰς
434 1234 493 1261 τῶν
507 1234 599 1268 ὀρέων
610 1233 801 1266 ἐξαλοῦνται,
820 1231 868 1259 καὶ

72 1284 112 1316 ὡς
124 1282 213 1317 φωνὴ
229 1281 344 1316 φλογὸς
359 1281 454 1315 πυρὸς
475 1280 696 1313 κατεσθιούσης
716 1278 868 1314 καλάμην,

73 1330 122 1357 καὶ
137 1330 178 1362 ὡς
196 1328 273 1361 λαὸς
288 1327 386 1360 πολὺς
399 1326 447 1354 καὶ
459 1325 584 1361 ἰσχυρὸς
601 1325 870 1360 παρατασσόμενος

73 1376 116 1409 εις
131 1375 281 1409 πόλεμον.

108 1423 160 1450 lZ’.
177 1421 233 1457 Τὴν
247 1420 359 1456 ἀκρίδα,
378 1419 425 1447 καὶ
440 1419 486 1446 τὸν
506 1418 629 1454 βροῦχον,
654 1417 678 1444 εἰ
696 1418 729 1453 δὴ
745 1417 869 1453 φέροιντο

78 1467 149 1495 κατὰ
163 1467 263 1503 χωρῶν
291 1466 339 1493 καὶ
356 1466 470 1497 πόλεων,
481 1464 555 1491 οὐδὲν
570 1466 598 1491 ὲν
619 1464 707 1499 μείοσί
717 1472 799 1498 φησιν
814 1463 869 1489 ἔσε-

74 1512 134 1539 σθαι
149 1513 236 1539 ἵππου
253 1511 304 1546 τῆς
324 1509 532 1546 μαχιμωτάτης.
549 1508 628 1535 Οὕτω
648 1508 702 1544 γὰρ
718 1517 868 1544 κατασκιρ-

73 1558 151 1592 τήσει
165 1556 217 1591 τῆς
234 1556 297 1591 γῆς,
315 1556 353 1587 ὡς
369 1555 439 1590 τάχα
450 1563 501 1581 που
517 1554 563 1581 καὶ
574 1554 705 1589 ἁρμάτων
717 1554 867 1589 ἀπομιμεῖ-

74 1603 135 1630 σῡαι
147 1602 262 1628 κτύπον.
281 1601 412 1632 Ἀπάσαις
422 1608 452 1627 τε
462 1600 517 1636 γὰρ
527 1599 727 1635 ἐπιθρῴσκουσι
735 1601 867 1636 κορυφαῖς

73 1649 170 1684 ὀρέων,
187 1648 372 1675 καθίπτανται
387 1647 415 1673 δὲ
429 1647 474 1672 καὶ
487 1645 582 1681 βουνοῦ
592 1645 703 1677 παντὸς,
714 1645 761 1672 καὶ
770 1645 868 1680 φλογὸς

73 1696 255 1723 ἀποτελοῦσιν
274 1695 344 1730 ἠχὴν
369 1694 606 1730 καταπιμπράσης
638 1693 775 1728 καλάμην.
800 1692 868 1718 Φασὶ

73 1743 127 1778 γὰρ
161 1743 194 1770 οὐ
224 1742 286 1776 δίχα
311 1740 416 1768 κτύπου
442 1739 610 1776 πράττεσθαι
635 1739 700 1774 παρ’
725 1738 814 1765 αὐτῶν
839 1738 868 1764 ὲν

74 1791 169 1825 ἀγροῖς
181 1789 231 1825 τὴν
241 1788 433 1815 κατάπτωσιν·
459 1786 519 1822 ἠχὼ
542 1786 571 1812 δέ
590 1793 650 1812 τινα
674 1785 729 1812 τῶν
755 1785 867 1811 ὀδόντων

74 1835 266 1863 ἀποτελεῖσθαι
292 1833 426 1870 βληχρὰν,
445 1831 686 1868 περιθραυομένων
702 1830 797 1862 αὐταῖς
814 1829 868 1857 τῶν

74 1881 271 1913 πεπτωκότων,
286 1880 324 1912 ὡς
342 1879 443 1914 ἀνέμου
465 1878 549 1912 φλόγα
578 1876 805 1912 διαρριπίζοντος.
835 1875 867 1901 El

74 1927 102 1954 δὲ
128 1927 170 1953 δεῖ
184 1925 324 1960 πολεμίων
348 1924 420 1959 Βχλῳ
436 1923 521 1958 αὐτὴν
545 1921 770 1958 παρεικάζεσθαι,
787 1919 867 1947 πάλιν

75 1974 104 2001 τὺ
118 1973 235 2004 ἀπεικὸς
250 1972 327 1999 οὐδέν
338 1980 345 1987 ·
365 1971 440 2006 ᾄττει
453 1969 593 2005 γάρέκατά
609 1968 723 2003 πληθὺν,
733 1968 781 1994 καὶ
789 1966 867 2000 ὀλίγα

74 2019 129 2050 τοῖς
141 2016 346 2052 ἀνδριζομένοις
362 2016 391 2042 ὲν
410 2015 510 2050 μάχαις
532 2013 700 2048 παραχωρεῖ.
715 2010 798 2046 Βορὸν
813 2009 866 2045 γὰρ

74 2064 103 2090 τὸ
113 2064 223 2099 χρῆμα,
233 2062 280 2089 καὶ
292 2062 335 2088 διὰ
353 2061 456 2096 πληθὺν
470 2059 623 2096 ἀμέτρητον
641 2058 692 2084 οὐκ
710 2055 868 2089 εὐκαταγώ-

75 2118 176 2142 νιστον,
201 2107 302 2144 μᾶλλον
325 2107 354 2134 δὲ
371 2107 418 2133 καὶ
438 2105 613 2139 δυσάντητον.
631 2103 661 2130 ’0
680 2103 761 2133 αὐτὸς
785 2101 807 2128 δ’
833 2101 866 2128 ἂν

75 2156 182 2190 γένοιτο
195 2154 243 2182 καὶ
253 2153 317 2189 περὶ
333 2153 387 2180 τῶν
401 2151 551 2187 Ἀσσυρίων
562 2150 654 2184 λόγος·
670 2149 694 2175 εἰ
706 2148 734 2175 δὲ
748 2147 867 2183 βούλοιτό

919 913 965 948 qui
989 920 1072 947 parvo
1095 913 1238 940 intervallo
1252 919 1463 947 consequentur.
1486 914 1599 942 Facient
1620 920 1710 942 autem

922 964 1021 986 terram
1045 963 1074 986 ut
1090 959 1242 994 paradiSutu
1266 959 1421 994 voluptatis.
1434 960 1539 994 penitus
1564 960 1711 995 spoliantes

920 1013 991 1038 eam,
1011 1009 1039 1032 et
1061 1005 1238 1040 voluptariam
1267 1005 1390 1032 viventes
1413 1005 1494 1032 vitam
1520 1007 1546 1033 in
1567 1006 1621 1039 his,
1649 1014 1710 1042 quo:

920 1051 945 1078 in
960 1058 991 1078 ea
1009 1051 1170 1078 invenerint.
1184 1050 1240 1078 Hoc
1261 1056 1352 1078 verum
1368 1056 1426 1084 est,
1439 1052 1520 1079 etiam
1542 1052 1563 1080 si
1577 1053 1610 1080 de
1634 1053 1709 1080 Iocu-

920 1097 969 1124 stis
983 1097 1183 1130 pronuntietur.

956 1141 1037 1169 Vsns.
1054 1141 1086 1174 4,
1104 1141 1130 1169 5.
1149 1141 1223 1168 Sicut
1241 1141 1305 1168 visio
1322 1149 1446 1176 equorum
1463 1147 1582 1175 aspectus
1598 1149 1688 1168 eorum
1699 1160 1707 1173 ,

919 1193 942 1215 et
956 1189 1021 1215 sicut
1035 1188 1143 1223 equites,
1156 1187 1193 1214 sic
1207 1192 1404 1222 persequantur.
1414 1186 1487 1213 Sicut
1504 1195 1553 1213 vos:
1565 1187 1710 1221 quadriga-

920 1242 977 1260 rum
998 1241 1076 1268 super
1094 1234 1200 1260 vertices
1223 1233 1353 1259 montium
1373 1233 1507 1265 exsilient,
1529 1238 1552 1260 et
1573 1233 1638 1260 sicut
1660 1241 1710 1260 v0.1:

918 1280 1032 1314 flamma:
1051 1279 1119 1314 ignis
1140 1279 1287 1306 devorantis
1307 1278 1446 1312 stipulam,
1467 1283 1492 1306 et
1512 1279 1578 1305 sicut
1597 1278 1708 1314 populus

918 1325 1015 1353 multus
1028 1330 1051 1352 et
1067 1324 1144 1360 fortis
1158 1329 1270 1360 paratus
1284 1325 1319 1351 ad
1334 1323 1464 1359 publium.

952 1412 1033 1440 XVII.
1053 1413 1194 1441 Locustnm
1211 1418 1238 1440 et
1252 1413 1395 1448 bruchum,
1411 1414 1432 1440 si
1449 1413 1474 1440 in
1491 1421 1569 1449 agros
1584 1418 1612 1441 et
1626 1414 1707 1441 urbes

919 1459 1037 1491 irruant,
1064 1467 1117 1486 non
1148 1460 1237 1487 minus
1262 1460 1354 1487 valere
1382 1460 1421 1486 ait.
1448 1467 1529 1494 quam
1560 1461 1708 1494 equitatqu

919 1505 1164 1533 bellicosissimum.
1178 1504 1224 1531 Sic
1239 1505 1311 1533 enim
1327 1513 1342 1532 e
1358 1510 1429 1532 terra
1445 1506 1581 1538 cssilient,
1596 1511 1624 1532 nt
1641 1513 1709 1540 pene

919 1556 946 1579 ct
961 1551 1153 1586 quadrigarum
1168 1551 1286 1578 sonitum
1303 1551 1454 1579 imitentur.
1468 1552 1501 1579 Et
1517 1559 1598 1585 super
1610 1559 1708 1580 omnes

919 1597 1051 1625 montium
1064 1597 1180 1625 vertices
1193 1597 1391 1630 subsultabuut,
1406 1602 1434 1624 et
1446 1597 1480 1625 de
1494 1599 1566 1625 omni
1580 1598 1648 1625 colle
1660 1599 1709 1626 de-

919 1644 1061 1677 volabunt,
1081 1649 1109 1671 et
1127 1643 1244 1670 flammae
1264 1644 1396 1678 crepitum
1419 1643 1545 1677 stipulam
1568 1645 1709 1673 exnreotis

918 1690 1009 1717 edent.
1021 1689 1124 1717 Ferunt
1135 1689 1208 1716 enim
1223 1695 1275 1716 non
1289 1689 1358 1716 citra
1372 1689 1514 1723 strepitum
1527 1697 1574 1717 eas
1587 1689 1614 1717 in
1629 1697 1708 1725 agros

918 1736 1058 1769 decidere,
1075 1740 1103 1762 et
1119 1735 1240 1762 sonitum
1258 1743 1310 1762 non
1330 1739 1438 1763 tenuem
1457 1735 1544 1762 audiri
1563 1736 1625 1763 dum
1643 1743 1708 1771 pro-

919 1787 1018 1809 stratas
1026 1781 1117 1817 fruges
1126 1781 1251 1809 dentibus
1259 1781 1435 1814 commolunt,
1445 1788 1494 1809 ceu
1503 1780 1619 1810 flammis
1628 1786 1709 1809 vento

918 1826 1085 1855 diffundente
1104 1826 1310 1861 crepitantibus.
1329 1827 1405 1860 Quod
1422 1827 1445 1854 si
1461 1835 1508 1855 eas
1524 1828 1642 1855 hostium
1659 1835 1707 1855 cu-

919 1873 977 1901 neis
994 1880 1151 1908 comparare
1168 1873 1298 1906 velimus,
1317 1873 1383 1900 nihil
1401 1873 1546 1900 absurdum
1565 1874 1708 1901 faciemus.

919 1918 1023 1947 Nocent
1039 1919 1112 1946 enim
1131 1918 1319 1951 multitudine,
1335 1923 1362 1945 et
1378 1918 1444 1946 viris
1462 1918 1488 1945 in
1507 1925 1595 1953 pugna
1611 1926 1707 1953 parum

918 1964 1026 1992 cedunt.
1039 1964 1092 1992 Res
1105 1964 1185 1996 edax,
1198 1969 1224 1991 et
1237 1969 1347 1999 propter
1359 1965 1518 1991 immensam
1532 1963 1637 1998 copiam
1654 1972 1707 1991 non

918 2011 996 2038 facile
1013 2009 1215 2046 expugnabilis,
1235 2010 1277 2037 vel
1298 2010 1388 2044 potius
1406 2015 1560 2044 oppugnata
1578 2009 1705 2036 dillicilis.

920 2055 976 2083 Hoc
990 2055 1061 2083 idem
1077 2056 1110 2083 de
1122 2055 1244 2091 Assyriis
1258 2056 1348 2082 dicere
1362 2055 1436 2083 licet.
1452 2055 1526 2088 Quod
1543 2055 1564 2082 si
1579 2055 1621 2082 cui
1636 2054 1707 2082 forte

918 2102 1015 2136 placet,
1031 2101 1101 2129 idem
1119 2102 1153 2128 de
1170 2101 1353 2129 Romanorum
1371 2101 1492 2128 exercitu
1509 2107 1563 2128 non
1581 2100 1649 2127 male
1665 2099 1706 2126 af-

919 2146 1024 2180 firmet,
1049 2147 1094 2181 qui
1119 2146 1206 2174 instar
1229 2146 1341 2174 locustae
1365 2145 1491 2174 Israelem
1517 2145 1544 2174 in
1569 2145 1705 2174 Christum

75 2210 116 2232 τις
141 2201 215 2235 τάχα
236 2208 287 2226 που
307 2198 354 2225 καὶ
378 2197 442 2232 περὶ
469 2196 553 2231 αὐτῆς
577 2195 628 2229 τῆς
644 2194 699 2220 τῶν
723 2193 868 2228 Ῥωμαίων

924 2191 1078 2220 sceleratum
1094 2192 1199 2227 depasti
1215 2197 1288 2220 sunt.

77 2245 239 2277 στρατείας,
259 2244 284 2271 οἳ
310 2243 388 2278 δίκην
405 2242 514 2278 ἀκρίδος
532 2241 577 2268 τὸν
603 2239 711 2275 Ἰσραὴλ
728 2237 869 2273 κατεδηδό-

76 2300 156 2318 κασιν
164 2291 206 2322 εἰς
217 2289 335 2325 Χριστὸν
344 2287 607 2323 πεπλημμεληκότα,
618 2284 751 2312 οὐδὀὕτω
765 2283 868 2315 κακῶς.

118 2337 189 2364 Ἀπὸ
207 2335 372 2370 προσώπου
386 2333 480 2361 αὑτοῦ
491 2331 742 2366 συντριϐήσονται
755 2329 833 2356 λαοί.

112 2382 168 2409 IH'.
184 2382 287 2417 Χρῆμα
298 2380 363 2415 γὰρ,
373 2379 410 2410 ὡς
422 2378 501 2413 ἔφην,
517 2378 623 2413 ἄμαχον
635 2376 682 2403 καὶ
694 2373 868 2408 δυσκαταγώ-

77 2437 167 2455 νιστον
195 2425 337 2457 παντελῶς
363 2423 534 2460 ἀνθρώποις,
564 2421 677 2458 βρούχου
698 2421 744 2448 καὶ
760 2420 869 2456 ἀκρίδος

79 2474 189 2510 ιμδολή.

113 2519 178 2547 Πᾶν
192 2520 357 2554 πρόσωπον
366 2517 407 2550 ὼς
420 2517 598 2551 πρόσκαυμα
615 2515 734 2549 χύτρας.

114 2567 164 2593 19.
187 2564 299 2600 Ἀληθὲς
316 2563 382 2598 γὰρ,
394 2563 435 2589 ὅτι
452 2561 560 2597 δείμασι
574 2569 603 2588 τε
627 2560 675 2588 καὶ
688 2560 787 2591 λύπαις
810 2560 870 2590 ταῖς

83 2613 225 2648 ἀφορήτοις
236 2610 293 2637 ἔσθ’
305 2610 350 2636 ὅτε
360 2608 408 2636 καὶ
421 2609 439 2643 ἡ
452 2608 505 2634 τῶν
517 2606 670 2643 προσώπων
682 2606 749 2640 ἄνθη
772 2604 870 2640 μαραί-

83 2657 226 2689 νεται,’καὶ
245 2652 479 2690 καταμελαίνεταί
499 2661 557 2683 πως
580 2652 620 2682 εις
635 2651 665 2677 τὸ
687 2650 802 2681 ἀκαλλὲς
813 2651 869 2681 τοῖς

84 2702 112 2727 ἐκ
122 2701 167 2728 νοῦ
181 2700 308 2736 θορύϐοις
324 2697 467 2734 μονονουχὶ
482 2695 736 2732 μεταχρωννυμένη.

121 2802 166 2835 Ὧς
175 2800 314 2837 μαχηταί,
327 2796 508 2837 βιαδραμᾳῦξ
514 2804 568 2837 ται,
585 2795 633 2837 καὶ
651 2794 691 2827 ὼς
703 2792 809 2826 ἄνδρες
819 2801 869 2820 πο-

84 2830 447 2872 λεμιάίαὶῖἷναϐήσυφέται
461 2830 508 2857 ἐπὶ
528 2831 562 2857 τὰ
574 2831 668 2864 τείχη.

956 2324 1037 2352 Vens.
1055 2324 1081 2351 6.
1100 2324 1120 2351 Α
1138 2324 1205 2358 facie
1220 2325 1276 2358 ejus
1293 2328 1460 2351 conterentur
1472 2325 1571 2358 populi.

957 2369 1046 2396 XVIII.
1065 2369 1112 2397 Est
1132 2370 1219 2401 enim,
1239 2374 1270 2396 ut
1292 2369 1364 2402 dixi,
1383 2369 1596 2404 inexpugnabilis
1617 2373 1644 2397 el
1664 2370 1706 2397 in-

919 2415 1078 2450 superabilis
1092 2415 1174 2450 216
1186 2415 1297 2442 omnino
1312 2414 1465 2442 hominibus
1480 2415 1574 2443 bruchi
1590 2420 1617 2443 et
1631 2415 1706 2443 locu-

920 2466 967 2488 sta
982 2460 1105 2494 irruptio.

944 2505 1048 2533 ’Omnis
1062 2504 1148 2532 vultus
1162 2504 1229 2531 sicut
1245 2503 1348 2530 adustio
1362 2503 1433 2530 ollae.

956 2551 1027 2579 XIX.
1045 2550 1144 2578 Verum
1161 2554 1202 2577 est
1215 2550 1286 2577 enim
1303 2549 1450 2576 terroribus
1463 2552 1490 2575 et
1505 2549 1622 2578 tristitiis
1635 2551 1703 2578 into-

921 2596 1076 2625 lerabilibus
1095 2594 1238 2630 aliquando
1258 2598 1285 2621 el.
1305 2593 1398 2620 ﬂorem
1416 2593 1504 2620 vultus
1524 2601 1700 2626 marcescere.

920 2649 947 2670 et
960 2641 1095 2676 denigrari
1109 2639 1307 2676 quodammodo
1321 2639 1354 2666 ad
1367 2638 1563 2666 deformitatem
1572 2659 1580 2671 ,
1593 2640 1645 2667 illis
1659 2646 1701 2668 tu-

921 2688 1048 2716 multibus
1072 2690 1177 2714 tantum
1202 2693 1254 2713 non
1281 2685 1309 2713 in
1335 2685 1414 2712 alium
1438 2681 1556 2712 colorefu
1580 2692 1702 2712 commu-

921 2739 1016 2762 talum.

956 2780 1038 2806 Vens.
1053 2779 1080 2805 7.
1097 2777 1169 2805 Sicut
1189 2781 1344 2812 pugnatorcs
1361 2776 1517 2810 discurrant,
1531 2780 1555 2804 et
1572 2775 1638 2804 sicut
1655 2775 1703 2803 uin
1733 2779 1737 2784 '

923 2826 1057 2852 bellatores
1076 2823 1213 2849 (Ist‘t’lltlt’ltl
1232 2831 1308 2857 super
1325 2831 1421 2849 muros.
