1919 3042
198 133 250 162 559

693 129 720 156 S.
741 127 876 156 CYIIILIJ
896 127 1127 157 ALEXANDRINI
1148 129 1308 157 ARCIIIH’.

1773 132 1826 160 360

237 191 297 220 XX.
317 190 491 218 Inrursahunt
510 188 580 216 enim
600 187 684 214 instar
700 187 982 219 bellicosissimorum,

1073 189 1114 214 K'.
1126 188 1355 224 Καταοἐ[υ]σουσι
1369 187 1423 223 γὰρ
1434 187 1462 213 ἐν
1474 187 1522 222 ἴσῳ
1536 187 1592 219 τοῖς
1602 187 1806 223 μαχιμωτάτοις
1819 197 1826 203 ·

201 237 350 264 terroribus
365 241 392 262 et
407 235 513 269 pigritia
528 232 681 267 Superiores
691 251 699 264 ,
714 235 742 259 et
755 239 835 265 super
848 231 904 266 ipsa
919 239 985 258 mte-

202 283 245 309 nia
269 290 298 309 se
319 281 429 312 tollent,
450 279 525 314 quasi
549 278 678 305 audacem
701 277 876 313 irruptionem
900 277 986 304 rnedi-

202 333 298 355 tantes.

237 383 317 409 Vsus.
334 382 361 409 8.
379 381 411 407 Et
428 381 605 416 unusquisque
621 380 648 406 in
666 380 706 406 via
723 387 771 405 sua
788 378 948 409 ambulabit.
963 383 986 404 et

201 437 252 456 non
265 428 431 455 declinabunt
443 436 458 454 a
469 427 568 453 semitis
579 426 643 458 suis,
655 431 678 452 et
690 426 867 460 unusquisque
878 432 893 450 a
906 424 988 458 fratre

200 482 246 500 suo
263 482 315 500 non
332 474 443 500 recedet.

235 530 306 558 XXI.
325 531 425 558 Carent
439 530 508 556 enini
523 537 586 564 rege
600 529 723 561 locustae,
737 533 764 555 et
776 528 920 555 ordinatim
935 535 988 554 uno

201 578 274 606 velut
295 579 371 613 signo
392 578 455 604 dato
477 576 503 603 in
525 576 719 611 expeditionem
741 579 851 602 exeunt.
869 574 989 600 Narrant

202 630 290 652 autent
306 632 352 652 eas
369 624 440 651 serie
454 623 584 657 Quadam,
601 626 628 649 et
643 621 719 656 quasi
736 628 783 654 per
797 620 869 647 acies
883 619 987 652 volare,

203 671 366 704 minimeque
379 669 494 704 sejungi,
507 673 534 694 et
548 668 587 694 sic
600 667 718 694 vicissim
731 665 850 693 olIiciose
863 665 987 700 prosequi

203 722 230 743 et
246 716 390 747 assectari,
406 723 437 742 ac
452 717 474 742 SI
489 721 596 742 SOI‘OI‘CS
610 717 715 744 essent,
732 716 854 739 mutuum
870 718 988 738 antorem

203 768 299 790 natura
316 762 367 789 illis
382 762 564 796 dispensante.

194 829 197 832 ·
237 818 378 854 Aggrauati
396 818 422 844 in
439 817 519 843 armis
536 817 589 843 suis
604 815 688 842 ibunt.

238 910 320 938 XXII.
338 910 430 941 Arma,
443 912 471 934 ut
483 907 610 938 arbitror,
623 905 717 932 dentes
730 903 844 932 fortasse
857 902 989 935 nominat,

204 957 302 993 quibus
316 955 413 982 bellum
429 957 536 989 gerunt,
551 957 579 979 et
591 951 666 978 velut
681 951 709 977 in
724 956 812 986 pugna
827 949 911 977 edunt
926 949 990 976 faci-

204 1010 285 1034 nora,
300 1005 458 1035 consumpta
477 999 578 1028 herba.
595 1001 684 1032 segete
701 1000 835 1032 prostrata
851 1001 877 1023 et
893 995 992 1030 plantis

203 1048 340 1076 arefactis.
601 1082 605 1086 .

239 1106 273 1132 Et
289 1105 316 1132 in
327 1103 426 1140 jaculis
441 1103 495 1129 suis
510 1101 614 1134 cadent,
629 1105 652 1127 et
668 1107 719 1127 non
732 1092 931 1126 consumantur.

239 1205 333 1233 XXIII.
360 1203 482 1231 Locustae
500 1209 550 1229 non
574 1200 680 1235 quidem
701 1199 814 1226 telorum
837 1198 992 1234 cuspidibus

204 1251 347 1279 vulnerant
363 1257 432 1284 quos
446 1251 613 1282 oppugnant,
626 1253 676 1273 nec
691 1252 771 1272 arcus
786 1245 911 1271 alicunde
927 1251 992 1270 cott-

206 1297 328 1325 tcndunt.
343 1295 396 1323 Sed
412 1294 475 1321 dum
491 1298 552 1328 apta
568 1292 626 1320 esui
643 1291 769 1326 perdunt,
784 1290 855 1318 fame
868 1294 895 1317 et
909 1296 992 1324 penu-

205 1344 253 1371 riae
271 1342 419 1370 terroribus
438 1340 527 1374 aliquo
547 1338 627 1366 modo
645 1337 820 1365 interficiunt.
841 1336 895 1363 Nec
913 1342 992 1370 porro

205 1389 240 1417 ad
258 1388 337 1416 talem
356 1386 536 1414 calamitatem
559 1384 677 1411 redactis
695 1382 834 1410 commoda
856 1381 912 1408 ruri
933 1389 992 1415 per-

205 1436 270 1463 iisse
291 1435 357 1462 satis
376 1432 428 1460 erit
445 1441 452 1459 :
470 1432 578 1466 insuper
600 1430 626 1456 in
647 1429 718 1456 mdes
738 1432 766 1455 et
787 1428 868 1455 urbes
890 1428 993 1462 ingres-

206 1489 276 1515 sum,
289 1486 316 1508 et
330 1479 458 1507 atrociter
473 1478 625 1504 turbantem
641 1475 805 1503 locustarum
819 1473 993 1501 sustinebunt

206 1527 365 1555 exercitum.
379 1525 432 1552 Aut
443 1523 523 1550 etiam
538 1522 624 1556 ipsum
636 1521 776 1555 Assyrium
790 1519 832 1547 his
845 1519 933 1546 verbis
947 1518 993 1544 de—
1007 1530 1028 1558 ρ

206 1575 350 1604 monstrat,
363 1580 373 1597 ι
387 1570 421 1597 Et
431 1576 483 1596 non
496 1571 666 1595 consument.
680 1576 690 1592 ι
704 1566 820 1594 Perinde
830 1572 862 1592 ac
875 1565 897 1591 si
910 1564 994 1596 dicat,

206 1625 256 1646 nec
269 1619 322 1646 iste
335 1617 396 1644 linis
407 1615 460 1643 erit
473 1615 529 1647 irae,
543 1614 613 1642 ultra
626 1612 698 1641 enim
713 1611 852 1647 procedet.
867 1609 996 1644 Sequitur

207 1671 322 1699 namque
338 1674 345 1693 :

242 1762 324 1789 Vens.
340 1761 368 1794 9,
385 1761 427 1788 I0.
443 1759 539 1788 Urbem
554 1757 745 1793 apprcltendent
755 1775 763 1788 ,
778 1759 803 1782 et
818 1762 894 1789 super
906 1762 995 1780 muros

207 1808 370 1838 discurrerit,
389 1813 466 1839 super
482 1806 572 1832 domos
592 1803 748 1833 ascendant,
766 1805 792 1828 et
809 1807 854 1835 per
869 1799 996 1834 fenestras

207 1854 342 1880 intrabunt
361 1853 426 1878 sicut
447 1851 527 1885 fures.
547 1850 614 1876 Ante
635 1848 728 1883 faciem
747 1847 804 1881 ejus
823 1845 998 1880 confundetur

207 1905 276 1926 terra
285 1920 292 1930 ,
304 1902 328 1925 et
341 1897 542 1928 commovebitur
550 1896 659 1927 caelum;
671 1895 710 1922 sol
720 1899 742 1921 et
755 1893 817 1920 [una
827 1891 998 1920 contenebra-

207 1944 314 1976 bunlur,
328 1949 351 1970 et
366 1944 449 1970 statue
464 1943 563 1969 mittent
578 1942 606 1968 in
621 1947 743 1968 occasum
758 1939 845 1965 lumen
859 1945 947 1965 suum.

242 2041 322 2077 217
339 2040 434 2068 XXIV.
454 2040 537 2067 Audis
556 2038 742 2069 devolaturas,
759 2041 787 2064 et
807 2043 888 2070 super
905 2042 997 2062 muros

208 2088 282 2122 ipsos
298 2087 382 2117 urbis,
399 2090 426 2113 et
440 2090 467 2112 ut
484 2085 592 2112 herbam
609 2083 820 2117 deprmdaturas,
836 2082 907 2109 sicut
921 2087 997 2115 gras-

209 2138 311 2159 satores
324 2131 493 2158 vestimentis
505 2131 622 2157 viatores
636 2129 748 2156 nudant.
762 2127 793 2154 Et
807 2134 855 2162 per
866 2127 998 2154 fenestras

208 2179 323 2209 irruent.
336 2182 362 2204 et
376 2176 487 2211 populos
502 2175 710 2206 conturbabunt,
724 2178 826 2200 tantum
840 2180 892 2200 non
906 2172 995 2199 omnia

209 2223 364 2253 miscentes,
378 2225 407 2247 ut
419 2221 473 2255 iam
487 2224 515 2246 et
529 2220 615 2253 ipsum
628 2219 727 2246 coelum
740 2218 846 2245 concuti
860 2218 995 2249 videatur,

209 2273 237 2296 et
248 2267 304 2298 sol,
317 2273 348 2294 ac
359 2267 419 2293 lttna
428 2286 435 2298 ,
449 2271 530 2300 atque
539 2265 621 2291 etiam
635 2263 719 2291 stella:
731 2271 808 2290 suurn
821 2263 908 2290 Iutnen
921 2263 997 2297 quasi

211 2313 342 2340 inhibere.
357 2312 384 2339 In
400 2312 442 2339 his
457 2318 538 2346 porro
553 2317 659 2336 rursum
673 2308 760 2336 oratio
773 2309 844 2344 quod
859 2309 919 2335 addi
936 2316 998 2343 pos-

211 2360 256 2390 sit.
274 2359 340 2386 nihil
358 2358 496 2392 relinquit,
514 2360 542 2383 et
560 2360 639 2383 terra:
656 2355 852 2382 habitatoribus
868 2354 998 2382 intolera-

211 2405 290 2432 bilem
306 2411 338 2430 ac
352 2403 474 2430 dolorum
491 2401 618 2428 refertam
632 2400 813 2427 calamitatem
828 2405 889 2427 ante
905 2400 998 2427 oculos

212 2450 296 2484 ponit.
312 2449 360 2475 Est
376 2452 466 2475 autem
481 2454 556 2478 vera,
574 2446 697 2480 quamvis
715 2445 748 2473 de
766 2446 903 2473 hominum
920 2453 1000 2473 exer-

211 2495 265 2522 citu
284 2493 443 2527 accipiatur,
459 2499 520 2519 cum
539 2492 664 2526 regiones
680 2495 707 2519 et
723 2492 804 2519 urbes
821 2492 996 2519 incursarint.

211 2539 299 2566 lnstar
312 2538 476 2564 locustarum
491 2537 562 2564 enim
578 2537 668 2563 omnia
684 2537 849 2571 operientes,
865 2537 938 2571 agris
952 2537 999 2564 de-

211 2584 363 2612 trimentosi
375 2587 446 2616 sunt,
458 2583 579 2610 civitates
589 2586 695 2614 vexant.
707 2590 798 2610 muros
809 2583 996 2614 ascendentes,

212 2633 239 2657 et
256 2629 282 2656 in
300 2629 393 2656 domos
413 2628 586 2661 invadentes,
608 2627 769 2662 feritateque
787 2635 848 2656 cum
870 2627 997 2655 horriﬁco

214 2677 240 2702 te
244 2681 293 2700 ΙΊἮΞ
306 2681 349 2701 mo
353 2678 379 2700 tu
393 2679 464 2701 certa
469 2678 526 2701 IIICS
531 2693 537 2699 .

248 2771 329 2800 Vens.
350 2771 394 2799 II.
415 2770 450 2798 Et
470 2771 596 2798 Dominus
620 2769 692 2797 dabit
715 2777 801 2797 vocatu
822 2775 882 2797 ante
903 2771 997 2805 faciem

218 2818 377 2858 (altitudinis
391 2825 462 2851 sum;
476 2817 538 2849 quia
553 2816 636 2843 multa
653 2819 713 2844 sunt
732 2815 809 2843 nimis
825 2821 912 2843 castra
928 2817 996 2850 ejus,

1037 233 1118 260 ὄκνου
1136 243 1165 260 τε
1182 234 1313 269 ἀμείνους
1342 234 1514 268 ὑπάρχουσαι
1545 234 1592 260 καὶ
1609 234 1756 268 δειμάτων,
1783 235 1830 260 καὶ

1037 278 1126 303 αὐτῶν
1145 278 1378 312 ὑπεραροὴσονται
1393 278 1448 303 τῶν
1465 277 1572 313 τειχῶν,
1588 278 1718 314 Θρασεῖαν
1732 277 1829 314 ὥσπερ

1037 323 1098 349 τινὰ
1114 322 1263 358 μελετῶσαι
1279 325 1327 358 τὴν
1342 323 1470 358 ἐμϐολήν.

1072 380 1126 406 Καὶ
1143 380 1270 412 ἕκαστος
1284 380 1318 406 ἐν
1330 379 1367 414 τῇ
1381 379 1440 413 ὀδῷ
1453 379 1547 407 αὐτοῦ
1564 381 1744 414 πορεύσεται
1762 401 1770 411 ,
1783 380 1830 406 καί

1039 427 1073 452 οὺ
1088 426 1130 460 μὴ
1147 427 1330 453 ἐκκλίνωσιν
1346 426 1400 459 τὰς
1426 427 1546 460 τρίϐους
1566 427 1676 459 αὐτῶν,
1694 426 1745 453 καί
1763 426 1831 452 ἕκα-

1038 480 1110 506 στος
1126 472 1185 499 ἀπὸ
1198 472 1252 500 τοῦ
1267 473 1402 507 ἀδελφοῦ
1417 474 1473 501 οὐκ
1488 473 1641 508 ἀφέξεται.

1075 527 1139 556 KA’.
1161 528 1352 555 Ἀὁασίλευτον
1365 529 1449 564 γὰρή
1465 529 1563 565 ἀκρίς’
1580 529 1762 565 ὲκστρατεῦει
1784 529 1833 565 μὲν

1038 574 1093 609 γὰρ
1113 574 1141 607 ἐξ
1159 575 1218 606 ἐνὸς
1237 575 1376 607 εὐτάκτως
1393 575 1588 610 κελεύσματος.
1607 577 1676 603 Φασὶ
1701 576 1730 603 δὲ
1748 576 1833 608 αὑτὰς

1040 620 1177 655 στοιχηδὸν
1193 621 1271 652 ἰέναι,
1282 621 1329 647 καὶ
1342 621 1379 653 ὡς
1391 622 1420 647 ὲν
1434 622 1509 654 τάξει
1525 622 1691 653 διίπτασθαι,
1707 623 1756 649 καὶ
1770 623 1832 658 ἧκιι

1040 675 1089 694 στα
1102 667 1151 701 μὲν
1175 667 1416 701 ἁπονοσφίζεσθαι,
1443 667 1587 703 περιέπειν
1607 668 1636 694 δὲ
1650 668 1739 699 οὕτως
1750 668 1833 703 ἀλλή-

1039 711 1098 744 λας,
1113 713 1213 739 ὡσανεὶ
1224 713 1271 740 καὶ
1281 713 1404 748 ἀδελφαὶ,
1418 713 1526 747 φύσεως
1542 713 1628 749 αὐτῆς
1644 714 1833 750 βραϐευούσης

1039 757 1069 784 τὺ
1082 757 1250 793 φιλάλληλον.

1075 815 1352 850 Καταὸηρυνόμενοι
1365 815 1400 842 ἐν
1415 815 1477 848 τοῖς
1487 815 1593 849 ὅπλοις
1606 816 1707 843 αὐτῶν
1726 816 1833 850 πορεύ-

1004 855 1026 885 Β
1040 867 1155 888 vortat.

1079 906 1141 932 KB’.
1152 906 1241 932 Ὅπλα
1250 906 1288 936 δὲ,
1302 906 1381 942 οἶμαί
1397 915 1460 939 που,
1471 908 1534 939 τοὺς
1541 907 1650 939 ὀδόντας
1663 909 1742 943 φησὶ,
1753 909 1786 935 δι’
1799 906 1834 936 ὧν

1042 951 1138 983 αὑταῖς
1148 952 1162 978 ὁ
1175 952 1303 987 πόλεμος,
1314 952 1360 979 καὶ
1371 953 1404 979 τὰ
1417 952 1455 984 ὡς
1466 954 1494 979 ἐν
1508 953 1607 988 μάχαις
1621 954 1832 989 κατορθώματα,

1042 995 1239 1031 δαπανωμένης
1255 997 1303 1031 μὲν
1319 997 1398 1029 πόας,
1413 997 1489 1032 ληΐου
1506 997 1533 1023 δὲ
1551 997 1707 1030 πίπτοντος,
1721 1000 1770 1026 καὶ
1783 1009 1834 1034 φυ-

1042 1041 1096 1068 τῶν
1110 1041 1304 1077 ἅναινομένων.

1078 1097 1132 1124 Καὶ
1151 1097 1186 1124 ἐν
1197 1097 1259 1131 τοῖς
1270 1097 1398 1130 ,βέλεσιν
1412 1098 1510 1127 αὐτῶν
1533 1100 1708 1132 πεσοῦνται,
1727 1102 1778 1128 καὶ
1798 1103 1833 1128 οὐ

999 1149 1003 1153 ”
1040 1141 1083 1177 μὴ
1099 1143 1353 1171 συντελεσθῶσιν.

1080 1199 1144 1225 Kl".
1160 1199 1291 1226 Βάλλουσι
1307 1200 1356 1234 μὲν
1380 1200 1489 1235 ἀκρίδες
1512 1201 1542 1228 οὒ
1568 1201 1653 1236 βελῶν
1677 1202 1755 1229 ἁκίσι
1772 1202 1836 1234 τοὺς

1044 1245 1271 1280 πολεμουμένους,
1291 1245 1349 1272 ἀλλ’
1374 1246 1434 1273 οὐδὲ
1459 1247 1536 1280 τόξον
1563 1248 1658 1279 αὑταῖς
1686 1249 1834 1275 ἐντείνεται

1044 1290 1136 1324 ποθεν,
1154 1291 1361 1318 κατακτείνουσι
1374 1291 1402 1318 δὲ
1418 1293 1512 1327 ὥσπερ
1529 1293 1583 1320 τῶν
1601 1294 1740 1329 ἐδωδίμων
1752 1302 1835 1321 κατα‹

1044 1335 1168 1370 φθοραῖς,
1183 1336 1296 1368 καὶτοῖς
1310 1336 1408 1372 λιμοῖς,
1426 1338 1473 1364 καὶ
1495 1338 1598 1370 ἐνδείας
1615 1338 1753 1374 δείμασιν.
1775 1339 1834 1366 Ὅτι

1043 1380 1071 1406 δὲ
1087 1381 1135 1407 καὶ
1159 1381 1250 1413 αὐτοῖς
1273 1383 1328 1413 τοῖς
1352 1383 1405 1409 ὑπὸ
1429 1383 1535 1410 τοιάνδε
1551 1385 1665 1410 πεσοῦσι
1691 1386 1834 1420 συμφορὰν

1044 1425 1093 1452 οὒκ
1109 1426 1142 1452 ἂν
1156 1426 1312 1462 ἐξαρκέσειε
1326 1427 1356 1454 τὸ
1371 1428 1518 1455 ἀπολέσθαι
1540 1429 1574 1456 τὰ
1595 1430 1624 1456 ἐν
1638 1430 1751 1464 ἀγροῖς,
1770 1431 1835 1458 ἀλλὰ

1044 1472 1099 1508 γὰρ
1120 1473 1167 1500 καὶ
1179 1473 1266 1505 οἴκοις
1288 1475 1378 1506 αὐτοῖς
1393 1475 1439 1501 καὶ
1463 1475 1574 1502 πόλεσιν
1594 1477 1835 1511 είσπεφοιτηκότα,

1045 1520 1092 1544 καὶ
1107 1519 1325 1555 παρενοχλοῦντα
1333 1519 1437 1553 δεινῶς,
1445 1520 1491 1547 τὸν
1507 1522 1539 1547 ὲκ
1551 1521 1605 1547 τῶν
1616 1522 1737 1557 ἀκρίδων
1747 1521 1837 1554 ἕξουσι

1047 1565 1170 1599 στρατόν.
1187 1565 1289 1598 Ἤγουν
1307 1566 1353 1591 καὶ
1376 1565 1457 1592 αὑτὸν
1479 1566 1525 1592 τὸν
1545 1566 1688 1602 Ἀσσύριον
1712 1568 1837 1603 παρέδει-

1049 1609 1105 1643 ξεν,
1125 1610 1210 1636 εἰπών
1223 1619 1229 1625 ·
1251 1610 1323 1638 «Καὶ
1338 1611 1369 1638 οὐ
1387 1611 1424 1647 μὴ
1440 1612 1661 1640 συντελέσωσινη
1679 1614 1793 1647 Ὅμοιον
1801 1615 1838 1646 ὡς

1046 1656 1070 1681 εί
1089 1655 1173 1689 λέγοι.
1190 1655 1243 1682 Καὶ
1259 1656 1336 1683 τοῦτο
1355 1657 1405 1683 οὐκ
1417 1656 1494 1684 ἔσται
1520 1657 1551 1683 τὸ
1566 1658 1615 1693 τῆς
1637 1659 1723 1694 ὀργῆς
1738 1659 1837 1696 πέρας,

1047 1701 1174 1736 παρέλθοι
1185 1701 1213 1727 δὲ
1233 1702 1277 1728 καὶ
1293 1702 1429 1729 ἐπέκεινα·
1443 1703 1509 1738 φησὶ
1521 1704 1585 1739 γάρ·

1085 1757 1143 1791 Τῆς
1161 1757 1277 1790 πόλεως
1292 1757 1505 1792 ἐπιλήψονται,
1515 1759 1564 1786 καὶ
1580 1759 1630 1786 ἐπὶ
1644 1760 1704 1787 τῶν
1717 1761 1840 1796 τειχέον-

1047 1803 1239 1838 δραμοῦνται,
1257 1803 1306 1830 καί
1325 1804 1373 1830 ἐπὶ
1387 1804 1440 1837 τὰς
1450 1804 1544 1838 οἰκίας
1561 1805 1781 1840 ἀναϐήσονται,
1792 1808 1839 1835 καί

1048 1849 1095 1876 διὰ
1121 1849 1249 1883 θυρίδων
1279 1850 1506 1877 είσελεύσονται
1540 1851 1580 1884 ὡς
1612 1853 1753 1881 κλέπται.
1780 1854 1839 1888 Πρὸ

1048 1895 1210 1928 προσώπου
1220 1895 1313 1922 αὑτοῦ
1324 1896 1550 1931 συγχυθήσεται
1564 1898 1583 1932 ἠ
1594 1897 1643 1933 γῆ,
1659 1900 1709 1926 καὶ
1720 1899 1840 1934 σεισθήα

1048 1947 1130 1966 σεται
1146 1940 1163 1966 ὁ
1179 1940 1316 1973 οὐρανός.
1345 1941 1376 1967 '0
1391 1941 1476 1974 ἥλιος
1490 1942 1540 1968 καί
1555 1943 1573 1977 ἡ
1594 1943 1712 1978 σελήνη
1726 1953 1840 1972 συσκο-

1047 1984 1187 2015 τάσουσι.
1196 1985 1245 2012 καὶ
1261 1986 1295 2013 τὰ
1307 1986 1402 2021 ἄστρα
1417 1987 1547 2015 δύσουσι
1560 1989 1593 2015 τὸ
1605 1989 1718 2024 φέγγος
1729 1990 1839 2018 αὐτῶν.

1085 2041 1147 2067 KA’.
1173 2041 1294 2073 Ἀκούεις
1308 2043 1348 2068 ὃτι
1373 2044 1593 2078 καταπτήσονται
1620 2046 1670 2081 μὲν
1690 2048 1739 2074 καὶ
1751 2048 1840 2074 αὐτῶν

1048 2087 1102 2113 τῶν
1115 2087 1222 2122 τειχῶν,
1237 2088 1284 2114 καὶ
1298 2085 1354 2115 οἷον
1367 2089 1451 2123 αὐτὴν
1466 2090 1649 2126 καταδῃοῦσαι
1658 2092 1710 2127 τὴν
1721 2094 1802 2125 πόαν,
1814 2096 1840 2121 ὲν

1049 2133 1099 2168 ἴσῳ
1116 2135 1172 2164 τοῖς
1188 2133 1296 2160 εἰωθόσι
1316 2134 1490 2167 λωποδυτεῖν,
1508 2137 1555 2162 καὶ
1565 2135 1610 2162 διὰ
1621 2136 1742 2172 θυρίδων
1755 2140 1840 2174 ἐμϐα-

1049 2177 1134 2208 λοῦσι,
1154 2177 1255 2213 δήμους
1269 2179 1441 2214 συγχέουσαι,
1460 2180 1507 2206 καὶ
1525 2182 1666 2216 μονονουχὶ
1686 2183 1841 2211 διακυκλῶ-

1050 2231 1094 2249 σαι
1104 2223 1134 2249 τδ
1149 2224 1212 2253 πᾶν.
1226 2223 1263 2255 ὼς
1274 2224 1323 2259 ἤδη
1341 2224 1429 2251 δοκεῖν
1449 2226 1495 2252 καὶ
1512 2226 1593 2252 αὑτὸν
1612 2227 1775 2262 δεδονῆσθαι
1797 2230 1840 2256 τὸν

1049 2268 1183 2304 οὐρανὸν,
1211 2269 1286 2303 ἥλιον
1305 2269 1333 2296 δὲ
1360 2270 1408 2296 καὶ
1439 2271 1572 2306 σελήνην,
1602 2273 1649 2299 καὶ
1677 2273 1774 2308 μέντοι
1795 2277 1841 2302 καὶ

1047 2314 1135 2348 ἄστρα
1146 2314 1175 2340 τὸ
1194 2315 1293 2341 οἰκεῖον
1311 2314 1405 2350 ὥσπερ
1430 2316 1564 2352 ἀνακόψαι
1584 2318 1675 2350 σέλας.
1697 2320 1796 2354 Γέγονε
1813 2321 1841 2348 δὲ

1049 2358 1130 2385 πάλιν
1147 2359 1176 2385 ἐν
1192 2359 1368 2394 τούτοιςήμϊν
1383 2360 1563 2396 ὑπερϐολικδς
1573 2363 1586 2388 ὁ
1596 2362 1686 2396 λόγος,
1699 2364 1841 2392 δύσοιστον

1047 2411 1077 2429 τε
1101 2403 1148 2429 καὶ
1161 2403 1298 2440 πολυαλγῆ
1314 2405 1370 2436 τοῖς
1384 2405 1433 2440 τὴν
1446 2406 1497 2440 γῆν
1510 2407 1614 2433 οίκοῦσι
1629 2407 1679 2442 τὴν
1695 2411 1842 2445 συμφορὰν

1048 2447 1214 2481 ἀποφαίνων.
1234 2448 1365 2485 Ἀτρεκὴς
1377 2450 1405 2476 δὲ
1413 2451 1427 2476 ὁ
1435 2450 1524 2485 λόγος,
1535 2451 1587 2479 κᾶν
1596 2454 1620 2479 εί
1633 2454 1676 2480 ἐπ’
1686 2455 1841 2492 ἀνθρώπιον

1049 2492 1189 2526 στρατιαῖς
1204 2493 1290 2519 νοοῖτο
1308 2493 1400 2527 πάλιν,
1430 2495 1454 2521 εἰ
1479 2496 1607 2523 καταθεῖν
1629 2498 1734 2526 ἕλοιντο
1749 2501 1841 2536 χώραν

1048 2544 1077 2562 τε
1092 2537 1139 2563 καὶ
1164 2537 1266 2569 πόλεις.
1289 2539 1333 2566 Ἐν
1349 2541 1398 2576 [σῳ
1419 2541 1474 2577 γὰρ
1488 2542 1548 2574 ταῖς
1572 2543 1666 2578 ἀκρίσι
1687 2545 1723 2572 τὰ
1753 2547 1842 2574 πάντα

1048 2582 1255 2618 περιχεάμενοι,
1280 2583 1501 2621 διαλυμαίνονται
1523 2587 1573 2622 μὲν
1605 2590 1728 2624 ἀγροὺς,
1760 2601 1843 2619 κατα.-

1048 2626 1169 2653 θλίὸουσι
1187 2627 1215 2653 δὲ
1233 2628 1280 2654 καὶ
1294 2629 1398 2662 πόλεις,
1413 2631 1512 2666 τειχῶν
1541 2632 1774 2669 ὑπεραιρόμενοι,
1796 2637 1841 2663 καὶ

1047 2672 1133 2703 οἴκοις
1162 2673 1253 2705 αὐτοῖς
1279 2676 1477 2709 ὲπεισθέοντες,
1502 2677 1550 2704 καὶ
1573 2680 1633 2710 ταῖς
1655 2680 1710 2707 ἀπὸ
1727 2682 1841 2718 σεισμοῦ

1047 2716 1155 2752 δείμασι
1166 2718 1381 2751 φιλονεικοῦντες
1395 2721 1434 2752 είς
1447 2721 1606 2756 ἀγριότητα.

1083 2774 1139 2801 Καὶ
1157 2776 1174 2801 ό
1200 2776 1306 2809 Κύριος
1321 2776 1411 2804 δώσει
1431 2777 1535 2812 φωνὴν
1560 2779 1655 2807 αὐτοῦ
1667 2781 1728 2815 πρὸ
1746 2790 1841 2816 προσ-

1048 2819 1130 2846 ώπου
1142 2819 1296 2855 δυνάμεως
1306 2823 1409 2850 αὐτοῦ·
1423 2823 1467 2850 ὅτι
1480 2824 1581 2857 πολλὴ
1601 2825 1667 2853 ἐστι
1684 2828 1808 2863 σφόδρα
1821 2829 1840 2864 ἡ
