1919 3042
183 172 237 202 343

676 170 705 199 ὃ.
725 170 862 200 CYRILLI
879 171 1113 200 ALEXANDRINI
1131 172 1291 201 ARCHIEP.

1756 176 1811 205 ωδ

184 234 280 260 sacra,
306 231 334 256 et
346 227 519 260 admirandae,
535 231 563 254 ut
590 231 617 255 ct
641 235 696 263 prae
720 228 782 257 aliis
809 229 860 265 ipsi
881 229 965 258 Deum

1019 239 1047 257 τε
1062 231 1108 258 καὶ
1125 229 1298 266 ἀξιὰγαστον,
1317 230 1360 258 ινα
1374 230 1421 258 καὶ
1438 231 1491 266 πρό
1502 239 1533 265 γε
1550 231 1605 258 τῶν
1619 231 1708 259 ἄλλων
1731 232 1811 259 αὐτοὶ

184 273 368 306 reconcilient.
384 273 523 307 ipsumque
540 280 677 300 sacrorum
692 275 841 302 antistitem
855 275 965 312 Moysen

184 320 323 348 imitentur
338 340 346 351 ,
363 319 408 354 qui
426 318 552 346 Israelem
574 319 653 352 rexit,
675 326 700 348 et
716 320 784 348 dixit
803 331 810 349 ε
836 330 845 346 ι
875 321 965 349 Obse-

184 373 241 398 cro,
256 365 376 396 Domine,
394 364 513 399 peccavit
527 366 570 392 hic
583 366 697 399 populus
713 372 855 401 peccatum
881 366 967 394 maxi-

185 418 280 443 mum;
307 410 370 437 etsi
393 410 502 444 quidem
519 411 633 438 dimittis
661 411 715 438 illis
742 417 880 446 peccaturo
894 432 902 445 ,
924 413 965 439 di-

183 456 278 489 mitte;
293 456 334 482 sin
353 460 452 488 autem,
468 456 526 484 dele
545 464 586 484 me
600 457 633 484 de
649 457 718 484 libro
734 463 779 485 tuo
797 465 877 493 quem
895 458 965 486 scri-

183 502 258 532 psisti
275 501 308 528 ⁸⁷.
339 511 349 527 ι
376 501 525 537 luterpouit
548 502 619 529 enim
637 510 666 530 se
690 503 871 530 sacerdotium
895 503 966 530 inter

182 547 266 574 Deum
283 551 310 573 et
330 547 476 581 populum;
495 552 521 575 et
537 555 584 574 eos
600 548 672 583 ipsos
701 550 746 582 qui
771 548 803 574 ad
829 549 962 575 sacrificia

181 591 303 619 facienda
317 591 433 619 instituti
450 598 524 625 sunt.
542 600 602 619 cum
623 594 658 620 sit
672 601 767 620 lllllllllS
794 595 860 621 adeo
883 603 964 621 vene-

182 636 279 668 rabile,
293 637 381 669 decet,
394 638 501 672 opinor,
517 645 566 666 nec
581 639 678 672 injuria
695 647 760 666 sane
771 659 780 672 ,
796 640 964 674 Supplicamli

182 681 301 709 libertas.
324 682 519 718 Propemodqu
543 683 614 710 enim
649 691 729 718 supra
758 692 852 712 omnes
882 686 964 713 vitam

181 735 258 754 suam
276 727 331 754 Deo
343 734 514 762 consecrant,
539 737 587 764 pro
615 730 735 764 peccatis
762 730 894 758 sacriﬁcia
916 740 964 759 eo-

182 775 330 802 Inedentcs.
363 775 407 803 Sic
437 777 508 804 enim
534 784 583 811 per
599 784 630 804 os
662 776 738 803 Oscte
763 776 881 811 loquitur
906 777 965 804 uui-

182 819 319 846 versitatis
338 819 467 847 Dominus
495 829 501 847 :
521 830 529 845 ι
550 820 662 847 Peccata
687 821 777 855 populi
807 821 858 848 mei
879 830 967 848 come-

181 865 303 897 dent,et
331 865 356 891 iu
373 864 561 898 iniquitatibus
584 872 677 892 eorum
705 865 839 900 accipient
860 867 965 894 auiums

1020 273 1086 300 Θεὸν
1108 274 1343 309 ὲκμειλίσσωνται,
1356 275 1404 302 καὶ
1425 275 1508 302 αὑτὸν
1529 275 1557 302 δὲ
1574 276 1619 302 τὸν
1644 276 1809 313 ἱεροφάντην

1020 320 1201 355 ἀπομιμοίντο
1218 320 1330 352 Μωσέα,
1349 321 1596 356 προεστηκότατοῦ
1623 322 1743 358 Ἰσραὴλ,
1763 324 1811 350 καὶ

1020 364 1078 400 Θεῷ
1091 366 1204 400 λέγοντα
1217 374 1223 380 ·
1249 376 1258 391 ι
1276 366 1392 402 Δέομαι,
1408 367 1511 403 Κύριε,
1527 368 1688 403 ἡμάρτηκεν
1711 369 1725 394 ὁ
1745 369 1810 400 λαὸς

1020 407 1097 442 οὗτος
1121 411 1259 446 ἁμαρτίαν
1283 411 1415 446 μεγάλην,
1441 412 1488 438 καὶ
1513 412 1538 438 εἰ
1561 412 1610 446 μὲν
1626 412 1699 447 ἀφῇς
1716 412 1810 442 αὐτοῖς

1019 455 1068 490 τὴν
1084 456 1230 491 ἁμαρτίαν,
1253 457 1337 491 ἄφες⁸
1362 457 1385 483 εί
1401 457 1430 483 δὲ
1445 458 1495 493 μὴ,
1518 457 1657 492 ὲξάλειψον
1677 457 1751 492 κάμὲ
1777 457 1810 483 ἐκ

1019 501 1069 535 τῆς
1086 499 1177 535 βίῦλου
1189 501 1292 537 ταύτης
1304 501 1338 538 ἦς
1354 502 1485 538 ἔγραψας.
1501 513 1510 529 ι
1528 503 1673 530 Μεσιτεύει
1687 503 1743 538 γὰρ
1758 503 1809 537 τῆς

1021 545 1171 581 ἱερωσύνης
1187 546 1217 572 τὺ
1243 547 1339 582 χρῆμα
1359 547 1419 583 Θεῷ
1442 556 1471 574 τε
1495 548 1542 574 καὶ
1565 548 1658 579 λαοῖς¹
1681 548 1729 576 καὶ
1753 549 1809 580 τοῖς

1018 592 1195 627 τεταγμένοις
1211 592 1250 624 εἰς
1263 593 1433 628 λειτουργίαν
1452 593 1502 628 τὴν
1519 594 1590 620 οὓτω
1609 594 1723 629 σεπτὴν,
1739 594 1810 629 πρέε

1020 647 1066 664 ποι
1087 638 1129 664 ἂν.
1144 637 1220 673 οἶμαί
1241 647 1303 670 που,
1326 639 1374 665 καὶ
1389 639 1461 674 μάλα
1485 640 1607 674 εἰκότως,
1630 642 1647 675 ἡ
1668 641 1697 666 ἐν
1721 640 1810 671 λιταῖς

1021 683 1171 718 παρρησία.
1196 684 1346 718 Μονονουχὶ
1366 684 1420 719 γὰρ
1443 685 1489 711 καὶ
1516 685 1585 720 ὑπὲρ
1603 686 1731 712 ἁπάντων
1759 685 1809 719 τὴν

1022 728 1090 756 ἰδίαν
1107 728 1146 764 τῷ
1162 729 1222 764 Θεῷ
1242 728 1400 764 καθιεροῦσι
1415 729 1497 764 ζωὴν,
1513 729 1548 755 τὰ
1565 730 1635 765 ὑπὲρ
1650 731 1701 762 τῆς
1718 730 1808 765 ἀμαρ-

1019 775 1078 806 τίας
1093 774 1201 810 θύματα
1216 774 1361 806 ἐσθίοντες.
1383 775 1468 801 Τοῦτο
1485 775 1530 801 καὶ
1552 774 1595 801 διὰ
1613 776 1705 811 φωνῆς
1728 775 1808 810 Ὠσηέ

1020 828 1102 855 φησιν
1116 821 1130 846 ὁ
1150 820 1205 847 τῶν
1229 820 1297 846 ὅλων
1309 821 1375 852 Θεός
1387 829 1393 836 ·
1408 829 1417 846 ι
1434 821 1584 856 Ἀμαρτίας
1603 821 1668 848 λαοῦ
1687 830 1740 856 μου
1759 822 1810 855 φά-

1019 875 1124 901 γονται,
1137 867 1183 894 καὶ
1197 869 1225 894 ἐν
1237 868 1296 899 ταῖς
1307 867 1425 898 ἀδικίαις
1438 867 1528 893 αὐτῶν
1543 868 1672 903 λήψονται
1687 868 1737 900 τὰς
1757 868 1809 902 ψυ-

182 917 275 936 eorum
291 910 328 936 ⁸⁸.
341 919 351 935 ι
372 910 473 937 Sensus
486 913 547 942 est,
567 917 627 936 cum
658 911 772 944 populus
793 911 879 947 legem
905 912 965 939 vio-

1019 913 1068 949 χὰς
1085 912 1185 946 αῦτῶν,
1202 922 1212 939 ι
1226 913 1375 946 τουτέστιν,
1391 913 1454 940 ὅταν
1468 913 1591 945 ἀδικῶσι,
1610 914 1641 940 τὸ
1655 913 1753 940 δοκοῦν
1770 914 1809 948 τῷ

181 953 278 982 laverit
302 959 328 981 et
352 955 517 989 peccaverit,
542 959 597 982 tum
621 955 692 983 sacri
712 956 868 984 divinormn
897 958 966 984 alta-

181 999 251 1026 rium
281 999 399 1026 ministri
437 999 571 1034 accipicnt
603 1001 708 1028 animus
737 1009 801 1030 suas
830 1010 878 1037 pro
908 1003 963 1030 illo.

184 1053 194 1069 ι
215 1044 356 1079 Accipient
387 1054 396 1070 ι
420 1049 532 1080 usurpat
548 1053 595 1079 pro
609 1045 734 1079 oﬁ‘erent,
752 1047 810 1074 sive
824 1048 964 1080 dicabuut,

180 1094 208 1115 et
222 1089 345 1124 accipere
359 1089 426 1116 dixit
451 1097 510 1124 pro,
537 1090 592 1117 Deo
609 1098 780 1120 consecrare.
806 1094 870 1126 Qua:
885 1101 966 1128 porro

180 1137 234 1165 illis
243 1138 350 1174 occasio
364 1138 491 1174 lugendi?
506 1148 516 1165 ι
535 1139 651 1166 Desolati
662 1140 849 1174 suutcampi,»
865 1139 964 1175 inquit;

180 1183 244 1217 quin
255 1187 282 1210 et
298 1183 416 1210 triticum
431 1184 558 1211 dentibus
575 1185 741 1211 locustarum
772 1192 912 1212 corrosuut
938 1190 965 1212 et

181 1230 305 1265 rubigine
319 1232 392 1258 velut
407 1233 540 1259 adustum.
559 1231 617 1260 Urit
632 1233 703 1260 enim
721 1233 827 1269 rubigo,
843 1239 870 1260 et
887 1234 962 1268 quasi

181 1276 208 1302 in
219 1276 325 1306 cineres
339 1276 437 1312 redigit
451 1285 578 1312 agrorum
596 1278 695 1313 fruges.
713 1278 847 1313 Oportere
862 1284 963 1306 terram

180 1328 289 1357 quoque
305 1322 398 1358 lugere
410 1324 459 1354 ait,
472 1324 609 1351 viduatam
622 1325 678 1351 suis
690 1325 824 1359 frugibus.
855 1333 864 1350 ι
892 1325 966 1352 ΔίιΙὶ-

180 1373 253 1405 ctum
270 1373 312 1398 est
326 1369 398 1398 enim
418 1370 548 1403 triticum,
569 1371 640 1398 aruit
660 1371 751 1398 vimun
765 1391 772 1403 ,
795 1372 964 1398 imminutum

180 1420 221 1446 est
240 1415 338 1444 oleum.
355 1416 507 1448 Arueruut,
531 1425 540 1443 ι
572 1417 624 1444 hoc
645 1421 695 1448 est,
723 1416 803 1452 207
828 1417 967 1451 perierunt

180 1461 270 1489 omnia
289 1461 377 1495 illius,
397 1466 424 1490 et
436 1470 549 1497 quorum
566 1470 648 1490 causa
667 1467 881 1490 consentaneum
906 1467 966 1490 erat

180 1515 240 1535 eam
262 1512 290 1535 ut
307 1509 437 1536 bonorum
457 1508 592 1536 fructuum
615 1513 754 1544 parentem
778 1508 966 1543 nutricemque

180 1553 321 1581 admirari.
347 1554 381 1581 Et
399 1555 455 1582 haec
480 1562 494 1580 a
512 1555 590 1582 nobis
605 1559 634 1583 ut
655 1554 683 1582 in
699 1554 779 1582 rebus
800 1562 860 1589 qure
882 1561 965 1581 sensu

181 1599 371 1634 percipiuntur
384 1600 455 1628 dicta
471 1605 562 1628 sunto.

217 1728 423 1757 Lamentabitur
439 1738 502 1758 vero
517 1729 672 1766 quicunque
697 1736 738 1759 cst
760 1731 966 1766 probatissimus

181 1776 306 1803 sacerdos
324 1783 378 1810 prae
393 1776 536 1804 immodica
550 1777 684 1804 dementia
704 1779 893 1813 purgationem
917 1787 967 1814 per

181 1821 262 1848 ﬁdem
278 1822 460 1855 rcpudiantes,
479 1830 529 1850 nec
543 1828 664 1850 amantes
689 1831 704 1850 a
728 1824 838 1852 Christo
862 1826 966 1853 sancti-

126 1887 133 1898 ,
180 1866 268 1894 ficari.
282 1866 504 1895 Manebuntenim
521 1869 554 1895 ab
569 1868 677 1904 frugum
694 1870 874 1904 spiritualium
889 1872 964 1906 copia

181 1912 363 1947 undequaque
394 1918 422 1940 et
450 1915 612 1942 omnimodis
653 1915 797 1947 destituti.
841 1921 869 1944 et
902 1924 966 1952 ege-

181 1958 249 1984 hunt
271 1959 345 1986 omni
377 1952 459 1993 quod
478 1967 525 1987 eos
553 1960 625 1988 alere
642 1965 668 1988 et
685 1961 717 1988 ad
735 1962 902 1996 spiritualem
929 1964 968 1990 vi-

181 2003 309 2031 rilitatem
325 2006 441 2032 evehere
456 2010 558 2040 potest,
579 2005 745 2033 frumentum
761 2012 788 2034 et
803 2008 896 2034 vinum
914 2017 966 2035 non

183 2049 324 2082 habentes,
339 2058 388 2077 usu
401 2051 452 2078 olei
466 2051 573 2085 privati.
606 2051 718 2086 Mystice
733 2052 878 2086 loquimur:
905 2062 966 2080 nam

183 2094 263 2122 fidem
289 2096 501 2130 recipientibus.
526 2097 644 2132 seipsutn
672 2098 797 2124 Christus
818 2103 846 2124 ut
871 2106 967 2133 panem

183 2140 246 2167 vitae
266 2146 380 2175 apponet
404 2142 455 2177 (sic
480 2143 549 2169 enim
570 2143 659 2169 aiebat
680 2151 711 2169 ιι
739 2142 793 2178 Ego
814 2151 872 2170 sum
892 2144 968 2178 panis

183 2187 260 2214 vivus
275 2187 317 2223 ι),
337 2193 363 2215 et
393 2194 422 2216 ut
448 2190 537 2216 vinum
565 2190 704 2217 laetiflrans
728 2197 775 2216 cor
796 2189 912 2217 hominis
934 2191 966 2217 ".

183 2231 301 2260 Rursum
329 2235 449 2270 intelligo
474 2236 545 2269 quod
577 2235 754 2270 intelligentia
781 2236 964 2270 perspicitur,

183 2279 254 2312 quod
268 2281 421 2307 sanctificat
431 2280 570 2312 nimirum.
583 2285 611 2307 et
627 2281 660 2308 de
676 2280 737 2314 ejus
751 2281 837 2316 gratia
855 2282 966 2316 partici-

183 2331 248 2358 pare
267 2325 442 2359 intelligitur.
460 2324 634 2352 Voluntatem
655 2329 745 2352 autem
759 2333 871 2358 stevam,
890 2333 969 2354 acer-

183 2370 244 2397 bam
258 2374 285 2397 et
301 2378 316 2397 a
333 2371 388 2398 Deo
401 2371 527 2402 alienant,
545 2376 663 2398 mentem
677 2371 844 2399 incredulam
856 2378 883 2400 et
894 2381 962 2400 con-

184 2419 330 2449 tumacem,
344 2424 454 2452 prorsus
474 2417 592 2451 inopem,
608 2423 635 2445 et
648 2417 780 2446 bonorum
803 2427 863 2454 quae
887 2420 967 2447 modo

184 2462 314 2494 diximus,
334 2463 447 2490 omnino
461 2468 596 2490 exsortem
621 2465 718 2492 reddit.
741 2464 867 2492 Sciamus
885 2467 967 2494 etiam

184 2506 248 2534 licet
267 2508 392 2540 Paulum,
406 2509 450 2542 qui
468 2509 649 2538 sanctiticavit
669 2511 843 2546 Evangelium
859 2513 885 2539 in
902 2521 968 2548 gen-

184 2552 268 2586 tibus,
282 2557 388 2580 tanlum
413 2561 466 2580 non
492 2555 633 2584 deﬂevisse
653 2557 807 2586 incredulos
824 2566 855 2585 ex
876 2557 968 2592 Israel,

185 2598 262 2633 cuius
276 2599 387 2626 verbum
402 2603 444 2627 est
459 2609 467 2628 :
484 2610 494 2628 ‹
512 2601 633 2630 Tristitia
647 2608 689 2631 est
704 2603 769 2631 tnihi
796 2612 893 2640 magna
914 2605 967 2638 ",o

185 2649 213 2672 et
231 2644 331 2678 reliqua
349 2646 484 2682 deinceps.
514 2648 560 2675 Est
585 2654 675 2676 autem
691 2650 823 2686 mysticus
843 2655 871 2679 et
891 2658 971 2678 arcae

187 2697 251 2722 nus.
261 2693 289 2717 ut
306 2691 372 2724 dixi,
388 2699 469 2728 super
482 2693 539 2722 haec
550 2702 651 2723 sermo.

221 2873 244 2891 "
268 2874 352 2904 Exod.
379 2884 466 2910 χχιιι,
492 2877 537 2912 51,
560 2877 604 2905 32.
644 2877 667 2894 ”
693 2877 762 2907 Osee
778 2885 815 2913 ιν,
846 2880 872 2908 8.

923 2880 947 2895 “
962 2879 1039 2908 Joau.
1060 2889 1096 2913 γι,
1116 2882 1140 2908 Η
1157 2891 1162 2914 ;
1179 2882 1262 2910 Eccli.
1282 2891 1314 2910 su.
1337 2882 1381 2909 ρ).

1015 951 1091 994 νόμῴ
1117 959 1342 994 πλημμελοῦντες
1357 959 1383 985 οἱ
1405 958 1476 990 λαοὶ,
1493 960 1552 986 τότε
1568 959 1600 994 δὴ
1617 960 1640 986 οἱ
1655 959 1710 986 τῶν
1728 960 1810 986 θείων

1017 1005 1219 1040 θυσιαστηρίων
1241 1005 1378 1040 ἱερουργοὶ
1400 1005 1531 1040 λήψονται
1546 1004 1584 1039 τῷ
1604 1004 1664 1040 Θεῴ
1680 1005 1729 1036 τὰς
1745 1005 1809 1031 ἐαυ-

1015 1050 1069 1076 τῶν
1083 1050 1172 1085 ψυχὰς
1194 1049 1264 1084 ὑπὲρ
1287 1049 1408 1076 ἐκείνων.
1426 1049 1462 1075 Τὸ
1477 1049 1506 1075 δὲ
1521 1058 1530 1074 ι
1541 1049 1671 1084 λήψονται
1685 1059 1695 1075 ι
1713 1050 1807 1084 φησὶν,

1016 1097 1078 1123 ἀντὶ
1087 1096 1145 1128 τοῦ,
1159 1106 1168 1121 ι
1181 1094 1407 1132 προσκομιοῦσιν,
1419 1103 1428 1118 ι
1442 1095 1525 1129 ἤγουν
1539 1093 1714 1129 ἀναθήσουσι.
1731 1095 1806 1129 Λαμ-

1016 1142 1147 1169 ὃάνεσοαι
1162 1142 1216 1177 γὰρ
1233 1142 1341 1174 ἐλέγετο
1360 1141 1390 1167 τὸ
1407 1139 1564 1166 ἀνατιθέναι
1586 1140 1626 1174 τῷ
1644 1139 1715 1174 Θεῷ.
1733 1139 1766 1166 Τί
1780 1139 1807 1166 δὲ

998 1188 1064 1214 ’καὶ
1084 1188 1102 1223 ἡ
1119 1187 1255 1222 πρόφασις
1269 1187 1316 1214 τοῦ
1339 1185 1453 1217 πένθους
1475 1185 1583 1218 αὐτοῖς
1606 1195 1614 1210 ι
1631 1185 1808 1212 Τεταλαιπώ-

1017 1242 1084 1269 ρηκε
1103 1233 1137 1260 τὰ
1152 1233 1249 1263 πεδία,
1273 1242 1283 1258 ι
1298 1233 1380 1267 φησὶ,
1403 1233 1450 1258 καὶ
1468 1232 1560 1267 μέντοι
1579 1232 1627 1259 καὶ
1653 1233 1726 1263 σῖτος
1751 1232 1808 1262 τοῖς

1016 1279 1106 1306 ὀδοῦσι
1124 1279 1179 1306 τῶν
1196 1279 1316 1314 ἀκρίδων
1338 1278 1582 1314 καταφιλούμενος,
1602 1278 1649 1305 καὶ
1670 1275 1726 1305 οἷον
1745 1279 1807 1312 ἐρυ-

1017 1326 1080 1362 σίὸῃ
1103 1326 1368 1362 καταπιμπράμενα.
1385 1325 1482 1359 mem
1507 1325 1580 1360 γὰρ,
1605 1325 1652 1352 καὶ
1678 1324 1808 1359 ἀφανίζει

1016 1372 1111 1408 ὥσπερ
1124 1373 1157 1399 τὰ
1171 1373 1200 1398 ὲν
1215 1373 1320 1408 ἀγροῖς.
1329 1373 1388 1398 Δεῖν
1400 1372 1429 1399 δέ
1440 1381 1522 1407 φησιν
1532 1372 1671 1403 οἱονείπως
1680 1371 1728 1398 καὶ
1743 1379 1806 1397 κατ-

1016 1417 1196 1453 ολοφὺρεσθαι
1209 1418 1259 1452 τὴν
1270 1417 1332 1452 γῆν,
1342 1417 1520 1444 ἀπολωλότων
1530 1417 1598 1452 αὐτῇ
1611 1417 1665 1444 τῶν
1680 1416 1806 1452 καρπῶν.

1020 1474 1029 1490 ί
1047 1463 1279 1500 Τεταλαιπώρηκε
1301 1463 1356 1499 γὰρ
1378 1464 1461 1495 σῖτος,
1478 1463 1613 1498 ἐξηράνθη
1635 1459 1722 1494 οἶνος,
1745 1462 1808 1488 ὠλι-

1017 1510 1094 1545 γώοη
1121 1510 1220 1537 ἐλαιον.
1251 1509 1467 1545 Ἐξηράνθησαν,
1491 1518 1500 1534 ι
1523 1509 1684 1540 τουτέστιν,
1704 1507 1810 1543 οἴχεται.

1019 1556 1109 1582 πάντα
1123 1554 1157 1581 τὰ
1168 1554 1197 1588 ἐξ
1212 1554 1306 1589 αὐτῆς,
1319 1554 1366 1580 καὶ
1379 1553 1412 1580 τὰ
1425 1554 1466 1588 ἐφ’
1481 1551 1521 1584 οἷς
1533 1551 1567 1588 ἦν
1583 1553 1655 1585 είκδς
1670 1552 1809 1579 καταϐαυ-

1020 1601 1153 1638 μάζεσθαι
1165 1600 1235 1631 λίαν,
1249 1600 1286 1631 ὡς
1308 1599 1422 1634 καρπῶν
1438 1599 1547 1633 ἀγαθῶν
1566 1599 1670 1634 μητέρα
1687 1599 1735 1625 καὶ
1747 1606 1809 1633 τρο-

1018 1647 1078 1682 φόν.
1095 1647 1151 1673 Καὶ
1165 1646 1243 1673 ταυτὶ
1268 1645 1318 1681 μὲν
1341 1647 1406 1681 ἡμῖν
1427 1645 1464 1677 ὡς
1478 1646 1507 1672 ὲν
1527 1645 1669 1680 αἰσθηταῖς
1688 1643 1813 1680 εἰρήσθω

1018 1693 1145 1730 πράξεσι.

1053 1738 1300 1774 Καταθρηνήσειγε
1319 1737 1372 1774 μὴν
1382 1738 1445 1769 πᾶς,
1458 1737 1532 1769 εἴτις
1548 1739 1605 1764 ἐστι
1622 1735 1810 1772 δοκιμώτατος

1018 1786 1117 1822 ἱερεὺς.
1130 1785 1191 1816 τοὺς
1207 1784 1237 1817 ἐξ
1252 1784 1372 1818 ἀμέτρου
1395 1783 1607 1819 φρενοϐλαϐείας
1633 1783 1682 1814 τὴν
1699 1782 1743 1809 διὰ
1765 1782 1807 1808 πί-

1018 1839 1103 1861 στεως
1125 1830 1259 1865 κάθαρσιν
1275 1829 1306 1855 οὺ
1327 1829 1534 1864 προσιεμένους,
1558 1829 1608 1855 οὐκ
1630 1828 1811 1863 ἠγαπηκότας

1017 1875 1046 1903 δὲ
1066 1876 1097 1902 τὸ
1115 1875 1274 1910 ἀγιάξεσθαι
1294 1875 1370 1910 παρὰ
1393 1875 1524 1908 Χριστοῦ.
1549 1873 1730 1909 Ἀπομενοῦσι
1756 1874 1811 1909 γὰρ

1018 1923 1118 1958 ἔρημοι
1133 1921 1222 1956 πάντη
1235 1930 1264 1947 τε
1284 1922 1332 1948 καὶ
1348 1920 1456 1952 πάντως
1468 1921 1517 1956 τῆς
1528 1921 1626 1956 νοητῆς
1643 1919 1810 1955 εὐκαρπίας,

1018 1969 1065 1995 καὶ
1078 1969 1106 1994 ὲν
1123 1967 1210 2002 ἐνδείᾳ
1220 1967 1321 1999 παντὸς
1332 1966 1438 1993 ἔσονται
1454 1966 1502 1993 τοῦ
1516 1966 1625 2001 τρέφειν
1635 1965 1747 1996 εἰδότος,
1764 1965 1812 1991 καὶ

1019 2014 1058 2044 εξς
1078 2012 1202 2047 ἀνδρείαν
1229 2012 1327 2043 αὐτοὺς
1342 2012 1390 2046 τὴν
1407 2011 1595 2047 πνευματικὴν
1616 2011 1812 2045 ἀναφέροντος,

1019 2060 1091 2084 σῖτον
1107 2058 1154 2085 καὶ¹
1169 2055 1239 2084 οἶνον
1253 2058 1304 2084 οὐκ
1321 2057 1438 2092 ἔχοντες,
1459 2057 1507 2083 καὶ
1527 2057 1577 2091 τῆς
1598 2056 1688 2082 ἐλαίου
1710 2056 1808 2092 χρείας

1019 2104 1211 2140 ἐστερημένοι·
1227 2103 1357 2139 μυστικὸς
1377 2102 1432 2138 γὰρ
1450 2103 1465 2128 ὁ
1480 2101 1570 2136 λόγος.
1597 2101 1658 2128 ’Ότι
1675 2103 1732 2133 τοῖς
1762 2102 1813 2137 μὲν

1019 2151 1067 2187 τὴν
1086 2152 1175 2177 πίστιν
1190 2151 1388 2186 προσιεμένοις,
1403 2147 1499 2175 ἑαυτὸν
1513 2147 1666 2183 παραθήσει
1693 2148 1813 2182 Χριστος

1020 2197 1057 2228 ὡς
1069 2197 1150 2232 ἄρτον
1166 2195 1239 2230 ζωῆς
1254 2195 1367 2230 (ἔφασκε
1380 2195 1434 2229 γάρ
1443 2202 1450 2209 ·
1466 2203 1475 2220 ‹
1487 2192 1558 2227 Ἐγὼ
1571 2194 1628 2228 εἰμι
1640 2195 1654 2220 ὁ
1668 2193 1751 2229 ἄρτος
1761 2193 1812 2228 τῆς

1020 2243 1093 2278 ζωῆς
1107 2242 1140 2276 ι),
1168 2242 1205 2273 ὡς
1218 2240 1288 2272 οἶνον
1309 2241 1489 2276 εὐφραίνοντα
1515 2241 1630 2276 καρδίαν
1653 2239 1812 2275 ἀνθρώπου.

1020 2289 1102 2319 Σύνες
1117 2288 1314 2327 πάλινδφημι.
1333 2288 1539 2322 Καταχρίσουσι
1552 2287 1580 2312 δὲ
1595 2287 1642 2312 καὶ
1657 2286 1740 2321 ἐλαίῳ
1750 2307 1757 2316 ,
1773 2286 1812 2321 τῷ

1019 2335 1106 2370 νοητῷ
1128 2335 1248 2369 δηλονότι
1271 2334 1317 2361 καὶ
1333 2334 1492 2368 ἀγιάζοντι,
1517 2333 1564 2360 καὶ
1584 2332 1622 2364 ὡς
1647 2333 1676 2359 ὲν
1697 2332 1809 2367 μεθέξει

1018 2380 1156 2415 νοουμένῳ
1171 2381 1220 2415 τῆς
1233 2380 1298 2415 παρ’
1319 2379 1402 2406 αὑτοῦ
1424 2379 1546 2414 χάριτος.
1563 2379 1632 2410 Τοὺς
1653 2378 1682 2405 δὲ
1697 2377 1813 2414 γνώμην

1018 2427 1129 2461 ἔχοντας
1141 2426 1243 2461 ἀπηνῆ,
1261 2427 1360 2460 πικρόν
1373 2434 1402 2452 τε
1423 2426 1471 2452 καὶ
1489 2425 1631 2459 ἀφιλόθεον
1647 2425 1721 2457 νοῦν,
1734 2426 1814 2452 ἀπει-

1019 2472 1051 2507 θῆ
1071 2473 1119 2498 καὶ
1146 2472 1322 2506 δυσάγωγον,
1351 2472 1429 2498 ἐνδεᾶ
1454 2480 1506 2498 που
1531 2471 1639 2503 πάντως
1658 2471 1810 2506 ἀποφανεῖ,

1019 2518 1066 2544 καὶ
1079 2517 1217 2550 παντελῶς
1235 2519 1368 2553 ἀμέτοχον
1390 2518 1443 2544 τῶν
1458 2518 1560 2553 ἀρτίως
1575 2518 1642 2552 ἡμῖν
1655 2518 1813 2552 εἰρημένων

1018 2565 1139 2598 ἀγαθῶν.
1174 2565 1271 2591 ’ἰστέον
1293 2565 1332 2598 δὲ,
1351 2565 1393 2591 ὅτι
1412 2564 1459 2591 καὶ
1477 2564 1582 2596 Παῦλος
1599 2564 1756 2600 ·ἱερουργῶν
1771 2565 1814 2596 είς

1018 2612 1052 2637 τὰ
1064 2611 1127 2646 ἔθνη
1140 2611 1170 2638 τὸ
1185 2610 1232 2638 τοῦ
1258 2610 1377 2646 Χριστοῦ
1392 2611 1569 2645 Εὐαγγέλιον,
1584 2611 1726 2646 μονονουχὶ
1747 2619 1813 2637 χατ-

1018 2657 1128 2692 εθρήνει
1146 2658 1209 2689 τοὺς
1223 2657 1402 2688 ἀπειθοῦντας
1421 2656 1450 2689 ἐξ
1472 2657 1589 2692 Ἰσραήλ.
1603 2657 1728 2691 Ἔφασκε
1744 2658 1811 2693 γὰρ.

1021 2703 1062 2730 ὅτι
1077 2703 1170 2738 (Λύπη
1187 2704 1232 2739 μοι
1247 2705 1304 2731 ἐστι
1320 2704 1436 2739 μεγάλη,
1447 2713 1456 2729 ι
1471 2704 1518 2731 καὶ
1529 2703 1565 2730 τὰ.
1577 2703 1652 2738 ἑξῆς,
1669 2704 1812 2737 Muciuset;

1023 2748 1060 2781 δὲ,
1082 2749 1119 2781 ὡς
1141 2749 1218 2785 ἔφην,
1239 2750 1286 2776 καὶ
1308 2751 1498 2785 κεκρυμμένος·
1526 2751 1540 2776 ὁ
1561 2750 1607 2776 ἐπὶ
1626 2750 1695 2785 τῷδε
1719 2750 1814 2785 λόγος,

1422 2882 1445 2898 "°
1460 2882 1537 2910 Rom.
1553 2890 1592 2915 ιι,
1604 2883 1632 2910 2.
