  <div class='ocr_page' id='page_1' title='image "/cluster/home/n/w/nwhite01/storage/ocr_20150623/71/njp.32101077772745/206.png"; bbox 0 0 1919 3042; ppageno 0'>
   <div class='ocr_carea' id='block_1_1' title="bbox 98 173 150 202">
    <p class='ocr_par' dir='ltr' id='par_1_1' title="bbox 98 173 150 202">
     <span class='ocr_line' id='line_1_1' title="bbox 98 173 150 202; baseline -0.019 0"><span class='ocrx_word' id='word_1_1' title='bbox 98 173 150 202; x_wconf 71' lang='grc' dir='ltr'>διε</span> 
     </span>
    </p>
   </div>
   <div class='ocr_carea' id='block_1_2' title="bbox 540 173 1262 210">
    <p class='ocr_par' dir='ltr' id='par_1_2' title="bbox 540 173 1262 210">
     <span class='ocr_line' id='line_1_2' title="bbox 540 173 1262 210; baseline 0.011 -8"><span class='ocrx_word' id='word_1_2' title='bbox 540 173 816 204; x_wconf 75' lang='lat' dir='ltr'><strong>COMMENTARIUS</strong></span> <span class='ocrx_word' id='word_1_3' title='bbox 836 176 872 204; x_wconf 85' lang='grc' dir='ltr'><strong>ΙΝ</strong></span> <span class='ocrx_word' id='word_1_4' title='bbox 891 177 1022 207; x_wconf 79' lang='lat' dir='ltr'><strong>JOELEM</strong></span> <span class='ocrx_word' id='word_1_5' title='bbox 1042 180 1262 210; x_wconf 79' lang='lat' dir='ltr'><strong>PROPHETAM.</strong></span> 
     </span>
    </p>
   </div>
   <div class='ocr_carea' id='block_1_3' title="bbox 1670 189 1724 217">
    <p class='ocr_par' dir='ltr' id='par_1_3' title="bbox 1670 189 1724 217">
     <span class='ocr_line' id='line_1_3' title="bbox 1670 189 1724 217; baseline 0 0"><span class='ocrx_word' id='word_1_6' title='bbox 1670 189 1724 217; x_wconf 67' lang='grc'><strong>546</strong></span> 
     </span>
    </p>
   </div>
   <div class='ocr_carea' id='block_1_4' title="bbox 127 231 878 281">
    <p class='ocr_par' dir='ltr' id='par_1_4' title="bbox 127 231 878 271">
     <span class='ocr_line' id='line_1_4' title="bbox 127 231 878 271; baseline 0.009 -13"><span class='ocrx_word' id='word_1_7' title='bbox 127 232 269 266; x_wconf 74' lang='grc' dir='ltr'>Γεωργοὶ,</span> <span class='ocrx_word' id='word_1_8' title='bbox 287 232 424 267; x_wconf 77' lang='grc' dir='ltr'><strong>θρηνεῖτε</strong></span> <span class='ocrx_word' id='word_1_9' title='bbox 443 231 578 269; x_wconf 81' lang='grc' dir='ltr'>κτήματα</span> <span class='ocrx_word' id='word_1_10' title='bbox 605 236 682 270; x_wconf 78' lang='grc' dir='ltr'>ὑπὲρ</span> <span class='ocrx_word' id='word_1_11' title='bbox 710 237 807 271; x_wconf 80' lang='grc' dir='ltr'>πυροῦ</span> <span class='ocrx_word' id='word_1_12' title='bbox 831 239 878 265; x_wconf 73' lang='grc' dir='ltr'>καὶ</span> 
     </span>
    </p>
   </div>
   <div class='ocr_carea' id='block_1_5' title="bbox 926 231 1722 281">
    <p class='ocr_par' dir='ltr' id='par_1_5' title="bbox 974 241 1722 281">
     <span class='ocr_line' id='line_1_5' title="bbox 974 241 1722 281; baseline 0.009 -14"><span class='ocrx_word' id='word_1_13' title='bbox 974 241 1054 268; x_wconf 77' lang='lat' dir='ltr'><strong>Vens.</strong></span> <span class='ocrx_word' id='word_1_14' title='bbox 1072 243 1116 273; x_wconf 81' lang='lat' dir='ltr'><strong>ti.</strong></span> <span class='ocrx_word' id='word_1_15' title='bbox 1133 243 1177 270; x_wconf 75' lang='lat' dir='ltr'><strong>i2.</strong></span> <span class='ocrx_word' id='word_1_16' title='bbox 1201 243 1342 278; x_wconf 66' lang='lat' dir='ltr'><strong>Agricola,</strong></span> <span class='ocrx_word' id='word_1_17' title='bbox 1367 243 1452 279; x_wconf 78' lang='lat' dir='ltr'><strong>lugete</strong></span> <span class='ocrx_word' id='word_1_18' title='bbox 1477 246 1654 279; x_wconf 68' lang='lat' dir='ltr'><strong>possessiones</strong></span> <span class='ocrx_word' id='word_1_19' title='bbox 1674 255 1722 281; x_wconf 79' lang='lat' dir='ltr'><strong>pro</strong></span> 
     </span>
    </p>
   </div>
   <div class='ocr_carea' id='block_1_6' title="bbox 96 278 885 318">
    <p class='ocr_par' dir='ltr' id='par_1_6' title="bbox 96 278 885 318">
     <span class='ocr_line' id='line_1_6' title="bbox 96 278 885 318; baseline 0.006 -13"><span class='ocrx_word' id='word_1_20' title='bbox 96 278 205 314; x_wconf 76' lang='grc' dir='ltr'>κριθῆς,</span> <span class='ocrx_word' id='word_1_21' title='bbox 220 278 266 305; x_wconf 84' lang='grc' dir='ltr'>ὅτι</span> <span class='ocrx_word' id='word_1_22' title='bbox 277 279 418 306; x_wconf 75' lang='grc' dir='ltr'>ἀπόλωλε</span> <span class='ocrx_word' id='word_1_23' title='bbox 429 280 574 314; x_wconf 77' lang='grc' dir='ltr'>τρυγητὸς</span> <span class='ocrx_word' id='word_1_24' title='bbox 583 281 618 314; x_wconf 78' lang='grc' dir='ltr'><strong>ἐξ</strong></span> <span class='ocrx_word' id='word_1_25' title='bbox 631 282 885 318; x_wconf 74' lang='grc' dir='ltr'>ἀγροῦ-Ἀμπελος</span> 
     </span>
    </p>
   </div>
   <div class='ocr_carea' id='block_1_7' title="bbox 96 323 885 361">
    <p class='ocr_par' dir='ltr' id='par_1_7' title="bbox 96 323 885 361">
     <span class='ocr_line' id='line_1_7' title="bbox 96 323 885 361; baseline 0.008 -11"><span class='ocrx_word' id='word_1_26' title='bbox 96 323 254 358; x_wconf 79' lang='grc' dir='ltr'><strong>ἐξηράνθη,</strong></span> <span class='ocrx_word' id='word_1_27' title='bbox 270 324 320 351; x_wconf 74' lang='grc' dir='ltr'>καὶ</span> <span class='ocrx_word' id='word_1_28' title='bbox 335 326 365 351; x_wconf 80' lang='grc' dir='ltr'>αἱ</span> <span class='ocrx_word' id='word_1_29' title='bbox 393 324 488 352; x_wconf 82' lang='grc' dir='ltr'><strong>συκαῖ</strong></span> <span class='ocrx_word' id='word_1_30' title='bbox 506 325 711 361; x_wconf 74' lang='grc' dir='ltr'>ὠλιγώθησαν.</span> <span class='ocrx_word' id='word_1_31' title='bbox 741 328 810 356; x_wconf 82' lang='grc' dir='ltr'><strong>Ῥοὰ</strong></span> <span class='ocrx_word' id='word_1_32' title='bbox 836 330 885 356; x_wconf 75' lang='grc' dir='ltr'>καὶ</span> 
     </span>
    </p>
   </div>
   <div class='ocr_carea' id='block_1_8' title="bbox 96 369 884 409">
    <p class='ocr_par' dir='ltr' id='par_1_8' title="bbox 96 369 884 409">
     <span class='ocr_line' id='line_1_8' title="bbox 96 369 884 409; baseline 0.009 -14"><span class='ocrx_word' id='word_1_33' title='bbox 96 369 198 403; x_wconf 63' lang='grc' dir='ltr'>φοῖνιξ,</span> <span class='ocrx_word' id='word_1_34' title='bbox 212 369 262 396; x_wconf 77' lang='grc' dir='ltr'>καὶ</span> <span class='ocrx_word' id='word_1_35' title='bbox 277 369 391 404; x_wconf 73' lang='grc' dir='ltr'>μῆλον,</span> <span class='ocrx_word' id='word_1_36' title='bbox 407 371 458 398; x_wconf 75' lang='grc' dir='ltr'>καὶ</span> <span class='ocrx_word' id='word_1_37' title='bbox 473 371 571 398; x_wconf 78' lang='grc' dir='ltr'>πάντα</span> <span class='ocrx_word' id='word_1_38' title='bbox 587 373 623 399; x_wconf 86' lang='grc' dir='ltr'>τὰ</span> <span class='ocrx_word' id='word_1_39' title='bbox 634 372 713 405; x_wconf 74' lang='grc' dir='ltr'>ξύλα</span> <span class='ocrx_word' id='word_1_40' title='bbox 725 374 777 400; x_wconf 88' lang='grc' dir='ltr'><strong>τοῦ</strong></span> <span class='ocrx_word' id='word_1_41' title='bbox 790 375 884 409; x_wconf 61' lang='grc' dir='ltr'>ἀΊῬοῦ</span> 
     </span>
    </p>
   </div>
   <div class='ocr_carea' id='block_1_9' title="bbox 95 414 884 453">
    <p class='ocr_par' dir='ltr' id='par_1_9' title="bbox 95 414 884 453">
     <span class='ocr_line' id='line_1_9' title="bbox 95 414 884 453; baseline 0.009 -12"><span class='ocrx_word' id='word_1_42' title='bbox 95 414 312 449; x_wconf 74' lang='grc' dir='ltr'>ἑξηρὰνθησαν,</span> <span class='ocrx_word' id='word_1_43' title='bbox 337 415 381 443; x_wconf 80' lang='grc' dir='ltr'>ὅτι</span> <span class='ocrx_word' id='word_1_44' title='bbox 402 416 544 452; x_wconf 70' lang='grc' dir='ltr'>ᾔσχυναν</span> <span class='ocrx_word' id='word_1_45' title='bbox 566 419 662 453; x_wconf 81' lang='grc' dir='ltr'>χαρὰν</span> <span class='ocrx_word' id='word_1_46' title='bbox 691 421 717 447; x_wconf 80' lang='grc' dir='ltr'>οὶ</span> <span class='ocrx_word' id='word_1_47' title='bbox 739 420 799 447; x_wconf 79' lang='lat' dir='ltr'><strong>vlol</strong></span> <span class='ocrx_word' id='word_1_48' title='bbox 825 420 884 448; x_wconf 78' lang='grc' dir='ltr'><strong>τῶν</strong></span> 
     </span>
    </p>
   </div>
   <div class='ocr_carea' id='block_1_10' title="bbox 96 460 264 494">
    <p class='ocr_par' dir='ltr' id='par_1_10' title="bbox 96 460 264 494">
     <span class='ocr_line' id='line_1_10' title="bbox 96 460 264 494; baseline 0 -7"><span class='ocrx_word' id='word_1_49' title='bbox 96 460 264 494; x_wconf 75' lang='grc' dir='ltr'>ἀνθρώπων.</span> 
     </span>
    </p>
   </div>
   <div class='ocr_carea' id='block_1_11' title="bbox 136 507 884 549">
    <p class='ocr_par' dir='ltr' id='par_1_11' title="bbox 136 507 884 549">
     <span class='ocr_line' id='line_1_11' title="bbox 136 507 884 549; baseline 0.008 -16"><span class='ocrx_word' id='word_1_50' title='bbox 136 507 173 535; x_wconf 79' lang='lat'><strong>8&#39;.</strong></span> <span class='ocrx_word' id='word_1_51' title='bbox 201 507 307 539; x_wconf 79' lang='grc' dir='ltr'><strong>Πένθος</strong></span> <span class='ocrx_word' id='word_1_52' title='bbox 334 508 459 544; x_wconf 83' lang='grc' dir='ltr'>ἀληθῶς,</span> <span class='ocrx_word' id='word_1_53' title='bbox 485 510 597 545; x_wconf 73' lang='grc' dir='ltr'>ἄλγημα</span> <span class='ocrx_word' id='word_1_54' title='bbox 620 519 650 537; x_wconf 87' lang='grc' dir='ltr'><strong>τε</strong></span> <span class='ocrx_word' id='word_1_55' title='bbox 681 512 729 538; x_wconf 70' lang='grc' dir='ltr'>καὶ</span> <span class='ocrx_word' id='word_1_56' title='bbox 757 512 884 549; x_wconf 78' lang='grc' dir='ltr'>θρήνημα</span> 
     </span>
    </p>
   </div>
   <div class='ocr_carea' id='block_1_12' title="bbox 94 553 880 594">
    <p class='ocr_par' dir='ltr' id='par_1_12' title="bbox 94 553 880 594">
     <span class='ocr_line' id='line_1_12' title="bbox 94 553 880 594; baseline 0.006 -14"><span class='ocrx_word' id='word_1_57' title='bbox 94 554 144 585; x_wconf 78' lang='grc' dir='ltr'>τοῖς</span> <span class='ocrx_word' id='word_1_58' title='bbox 160 553 271 579; x_wconf 81' lang='grc' dir='ltr'><strong>εἰωθόσι</strong></span> <span class='ocrx_word' id='word_1_59' title='bbox 288 556 428 588; x_wconf 81' lang='grc' dir='ltr'>γηπονείν,</span> <span class='ocrx_word' id='word_1_60' title='bbox 447 556 500 582; x_wconf 83' lang='grc' dir='ltr'>τῶν</span> <span class='ocrx_word' id='word_1_61' title='bbox 514 557 544 583; x_wconf 79' lang='grc' dir='ltr'>ὲν</span> <span class='ocrx_word' id='word_1_62' title='bbox 557 557 652 591; x_wconf 81' lang='grc' dir='ltr'>ἀγροῖς</span> <span class='ocrx_word' id='word_1_63' title='bbox 668 558 684 592; x_wconf 89' lang='grc' dir='ltr'><strong>ἡ</strong></span> <span class='ocrx_word' id='word_1_64' title='bbox 700 558 880 594; x_wconf 81' lang='grc' dir='ltr'><strong>πανωλεθρία,</strong></span> 
     </span>
    </p>
   </div>
   <div class='ocr_carea' id='block_1_13' title="bbox 94 599 878 638">
    <p class='ocr_par' dir='ltr' id='par_1_13' title="bbox 94 599 878 638">
     <span class='ocr_line' id='line_1_13' title="bbox 94 599 878 638; baseline 0.006 -12"><span class='ocrx_word' id='word_1_65' title='bbox 94 600 136 626; x_wconf 76' lang='grc' dir='ltr'>καὶ</span> <span class='ocrx_word' id='word_1_66' title='bbox 152 599 182 625; x_wconf 77' lang='grc' dir='ltr'>τὸ</span> <span class='ocrx_word' id='word_1_67' title='bbox 195 599 282 634; x_wconf 80' lang='grc' dir='ltr'>μηδὲν</span> <span class='ocrx_word' id='word_1_68' title='bbox 299 600 367 632; x_wconf 82' lang='grc' dir='ltr'>ὅλως</span> <span class='ocrx_word' id='word_1_69' title='bbox 382 602 429 627; x_wconf 82' lang='grc' dir='ltr'><strong>ἀπ’</strong></span> <span class='ocrx_word' id='word_1_70' title='bbox 440 602 530 628; x_wconf 76' lang='grc' dir='ltr'>αὐτῶν</span> <span class='ocrx_word' id='word_1_71' title='bbox 547 603 725 638; x_wconf 77' lang='grc' dir='ltr'><strong>συγκομίζειν</strong></span> <span class='ocrx_word' id='word_1_72' title='bbox 738 604 878 638; x_wconf 87' lang='grc' dir='ltr'>δύνασθαι,</span> 
     </span>
    </p>
   </div>
   <div class='ocr_carea' id='block_1_14' title="bbox 94 644 880 681">
    <p class='ocr_par' dir='ltr' id='par_1_14' title="bbox 94 644 880 681">
     <span class='ocr_line' id='line_1_14' title="bbox 94 644 880 681; baseline 0.008 -10"><span class='ocrx_word' id='word_1_73' title='bbox 94 646 136 672; x_wconf 65' lang='grc' dir='ltr'>καὶ</span> <span class='ocrx_word' id='word_1_74' title='bbox 156 644 223 680; x_wconf 75' lang='grc' dir='ltr'>μετὰ</span> <span class='ocrx_word' id='word_1_75' title='bbox 242 646 368 681; x_wconf 82' lang='grc' dir='ltr'>μακροὺς</span> <span class='ocrx_word' id='word_1_76' title='bbox 386 647 499 681; x_wconf 83' lang='grc' dir='ltr'>ἱδρῶτας</span> <span class='ocrx_word' id='word_1_77' title='bbox 516 647 573 674; x_wconf 78' lang='grc' dir='ltr'>ἔσθ’</span> <span class='ocrx_word' id='word_1_78' title='bbox 597 649 652 674; x_wconf 80' lang='grc' dir='ltr'>ὅτε.</span> <span class='ocrx_word' id='word_1_79' title='bbox 676 647 735 676; x_wconf 79' lang='grc' dir='ltr'>Λῦοι</span> <span class='ocrx_word' id='word_1_80' title='bbox 749 649 777 676; x_wconf 83' lang='grc' dir='ltr'>δὲ</span> <span class='ocrx_word' id='word_1_81' title='bbox 792 650 826 677; x_wconf 84' lang='grc' dir='ltr'>τὰ</span> <span class='ocrx_word' id='word_1_82' title='bbox 851 652 880 677; x_wconf 89' lang='grc' dir='ltr'>ὲν</span> 
     </span>
    </p>
   </div>
   <div class='ocr_carea' id='block_1_15' title="bbox 95 693 879 733">
    <p class='ocr_par' dir='ltr' id='par_1_15' title="bbox 95 693 879 733">
     <span class='ocr_line' id='line_1_15' title="bbox 95 693 879 733; baseline 0.01 -16"><span class='ocrx_word' id='word_1_83' title='bbox 95 693 185 727; x_wconf 81' lang='grc' dir='ltr'>κήποις</span> <span class='ocrx_word' id='word_1_84' title='bbox 212 693 282 728; x_wconf 82' lang='grc' dir='ltr'>ὁρᾷν</span> <span class='ocrx_word' id='word_1_85' title='bbox 306 694 360 720; x_wconf 84' lang='grc' dir='ltr'>τῶν</span> <span class='ocrx_word' id='word_1_86' title='bbox 389 694 474 726; x_wconf 76' lang='grc' dir='ltr'>ξύλων</span> <span class='ocrx_word' id='word_1_87' title='bbox 497 695 634 731; x_wconf 78' lang='grc' dir='ltr'>ἐξαίρετα,</span> <span class='ocrx_word' id='word_1_88' title='bbox 657 697 743 732; x_wconf 83' lang='grc' dir='ltr'>ληῖοις</span> <span class='ocrx_word' id='word_1_89' title='bbox 760 706 790 724; x_wconf 77' lang='grc' dir='ltr'><strong>τε</strong></span> <span class='ocrx_word' id='word_1_90' title='bbox 811 698 879 733; x_wconf 77' lang='grc' dir='ltr'>ὁμοῦ</span> 
     </span>
    </p>
   </div>
   <div class='ocr_carea' id='block_1_16' title="bbox 93 736 879 779">
    <p class='ocr_par' dir='ltr' id='par_1_16' title="bbox 93 736 879 779">
     <span class='ocr_line' id='line_1_16' title="bbox 93 736 879 779; baseline 0.011 -18"><span class='ocrx_word' id='word_1_91' title='bbox 93 736 137 767; x_wconf 79' lang='grc' dir='ltr'><strong>τὰς</strong></span> <span class='ocrx_word' id='word_1_92' title='bbox 159 736 302 771; x_wconf 79' lang='grc' dir='ltr'><strong>ἀμπέλους</strong></span> <span class='ocrx_word' id='word_1_93' title='bbox 333 739 572 774; x_wconf 82' lang='grc' dir='ltr'>κατεφθαρμένας,</span> <span class='ocrx_word' id='word_1_94' title='bbox 601 741 648 767; x_wconf 75' lang='grc' dir='ltr'>καὶ</span> <span class='ocrx_word' id='word_1_95' title='bbox 667 742 752 777; x_wconf 80' lang='grc' dir='ltr'>αὐτὴν</span> <span class='ocrx_word' id='word_1_96' title='bbox 773 743 802 770; x_wconf 83' lang='grc' dir='ltr'>δὲ</span> <span class='ocrx_word' id='word_1_97' title='bbox 830 743 879 779; x_wconf 82' lang='grc' dir='ltr'>τὴν</span> 
     </span>
    </p>
   </div>
   <div class='ocr_carea' id='block_1_17' title="bbox 94 781 878 820">
    <p class='ocr_par' dir='ltr' id='par_1_17' title="bbox 94 781 878 820">
     <span class='ocr_line' id='line_1_17' title="bbox 94 781 878 820; baseline 0.013 -14"><span class='ocrx_word' id='word_1_98' title='bbox 94 781 184 816; x_wconf 77' lang='grc' dir='ltr'><strong>ἀγρίαν</strong></span> <span class='ocrx_word' id='word_1_99' title='bbox 197 782 265 817; x_wconf 77' lang='grc' dir='ltr'>ὓλην</span> <span class='ocrx_word' id='word_1_100' title='bbox 276 784 333 814; x_wconf 79' lang='grc' dir='ltr'>τοῖς</span> <span class='ocrx_word' id='word_1_101' title='bbox 347 784 446 819; x_wconf 82' lang='grc' dir='ltr'><strong>κήποις</strong></span> <span class='ocrx_word' id='word_1_102' title='bbox 466 787 750 820; x_wconf 74' lang='grc' dir='ltr'>συγκαταφθίνουσαν.</span> <span class='ocrx_word' id='word_1_103' title='bbox 767 797 776 813; x_wconf 85' lang='grc' dir='ltr'><strong>ι</strong></span> <span class='ocrx_word' id='word_1_104' title='bbox 786 789 878 816; x_wconf 77' lang='grc' dir='ltr'>Πάντα</span> 
     </span>
    </p>
   </div>
   <div class='ocr_carea' id='block_1_18' title="bbox 93 827 874 871">
    <p class='ocr_par' dir='ltr' id='par_1_18' title="bbox 93 827 874 871">
     <span class='ocr_line' id='line_1_18' title="bbox 93 827 874 871; baseline 0.012 -19"><span class='ocrx_word' id='word_1_105' title='bbox 93 827 150 862; x_wconf 70' lang='grc' dir='ltr'>γὰρ,</span> <span class='ocrx_word' id='word_1_106' title='bbox 164 828 241 862; x_wconf 73' lang='grc' dir='ltr'>φησὶ,</span> <span class='ocrx_word' id='word_1_107' title='bbox 262 828 298 855; x_wconf 76' lang='grc' dir='ltr'><strong>τὰ</strong></span> <span class='ocrx_word' id='word_1_108' title='bbox 309 829 374 861; x_wconf 84' lang='grc' dir='ltr'>ξύλα</span> <span class='ocrx_word' id='word_1_109' title='bbox 381 829 427 856; x_wconf 84' lang='grc' dir='ltr'><strong>τοῦ</strong></span> <span class='ocrx_word' id='word_1_110' title='bbox 438 831 524 866; x_wconf 80' lang='grc' dir='ltr'>ἀγροῦ</span> <span class='ocrx_word' id='word_1_111' title='bbox 533 831 732 867; x_wconf 79' lang='grc' dir='ltr'>ὲξηράνθησαν,</span> <span class='ocrx_word' id='word_1_112' title='bbox 740 834 874 871; x_wconf 75' lang='grc' dir='ltr'>ὃτιῇσχυ-</span> 
     </span>
    </p>
   </div>
   <div class='ocr_carea' id='block_1_19' title="bbox 93 872 874 915">
    <p class='ocr_par' dir='ltr' id='par_1_19' title="bbox 93 872 874 915">
     <span class='ocr_line' id='line_1_19' title="bbox 93 872 874 915; baseline 0.013 -18"><span class='ocrx_word' id='word_1_113' title='bbox 93 881 136 898; x_wconf 84' lang='grc' dir='ltr'><strong>ναν</strong></span> <span class='ocrx_word' id='word_1_114' title='bbox 151 872 261 909; x_wconf 72' lang='grc' dir='ltr'>χαρὰ[ν]</span> <span class='ocrx_word' id='word_1_115' title='bbox 276 875 330 900; x_wconf 75' lang='grc' dir='ltr'>υἱοὶ</span> <span class='ocrx_word' id='word_1_116' title='bbox 343 875 396 901; x_wconf 80' lang='grc' dir='ltr'>τῶν</span> <span class='ocrx_word' id='word_1_117' title='bbox 404 875 555 912; x_wconf 83' lang='grc' dir='ltr'>ἀνθρώπων</span> <span class='ocrx_word' id='word_1_118' title='bbox 565 898 572 909; x_wconf 91' lang='grc'><strong>,</strong></span> <span class='ocrx_word' id='word_1_119' title='bbox 586 888 594 903; x_wconf 74' lang='grc' dir='ltr'><strong>ι</strong></span> <span class='ocrx_word' id='word_1_120' title='bbox 608 879 746 906; x_wconf 80' lang='grc' dir='ltr'><strong>τουτέστιν</strong></span> <span class='ocrx_word' id='word_1_121' title='bbox 759 900 765 912; x_wconf 97' lang='grc'><strong>,</strong></span> <span class='ocrx_word' id='word_1_122' title='bbox 780 880 874 915; x_wconf 79' lang='grc' dir='ltr'>αἰσχύ-</span> 
     </span>
    </p>
   </div>
   <div class='ocr_carea' id='block_1_20' title="bbox 93 926 180 952">
    <p class='ocr_par' dir='ltr' id='par_1_20' title="bbox 93 926 180 952">
     <span class='ocr_line' id='line_1_20' title="bbox 93 926 180 952; baseline 0.011 -9"><span class='ocrx_word' id='word_1_123' title='bbox 93 926 136 952; x_wconf 80' lang='grc' dir='ltr'><strong>νης</strong></span> <span class='ocrx_word' id='word_1_124' title='bbox 153 926 180 944; x_wconf 78' lang='grc' dir='ltr'><strong>τε</strong></span> 
     </span>
    </p>
   </div>
   <div class='ocr_carea' id='block_1_21' title="bbox 94 963 872 1006">
    <p class='ocr_par' dir='ltr' id='par_1_21' title="bbox 94 963 872 1006">
     <span class='ocr_line' id='line_1_21' title="bbox 94 963 872 1006; baseline 0.013 -18"><span class='ocrx_word' id='word_1_125' title='bbox 94 963 161 998; x_wconf 75' lang='grc' dir='ltr'>δίκης</span> <span class='ocrx_word' id='word_1_126' title='bbox 181 963 328 997; x_wconf 76' lang='grc' dir='ltr'><strong>ἀπέδειξαν</strong></span> <span class='ocrx_word' id='word_1_127' title='bbox 354 966 450 1002; x_wconf 71' lang='grc' dir='ltr'>καιρὸν</span> <span class='ocrx_word' id='word_1_128' title='bbox 472 968 496 993; x_wconf 81' lang='grc' dir='ltr'>οἱ</span> <span class='ocrx_word' id='word_1_129' title='bbox 520 970 709 1002; x_wconf 71' lang='grc' dir='ltr'>κατοικοῦντες</span> <span class='ocrx_word' id='word_1_130' title='bbox 732 971 780 1006; x_wconf 82' lang='grc' dir='ltr'>τὴν</span> <span class='ocrx_word' id='word_1_131' title='bbox 810 971 872 1006; x_wconf 82' lang='grc' dir='ltr'>γῆν,</span> 
     </span>
    </p>
   </div>
   <div class='ocr_carea' id='block_1_22' title="bbox 94 1007 872 1051">
    <p class='ocr_par' dir='ltr' id='par_1_22' title="bbox 94 1007 872 1051">
     <span class='ocr_line' id='line_1_22' title="bbox 94 1007 872 1051; baseline 0.014 -19"><span class='ocrx_word' id='word_1_132' title='bbox 94 1007 148 1033; x_wconf 75' lang='grc' dir='ltr'>καθ’</span> <span class='ocrx_word' id='word_1_133' title='bbox 158 1007 185 1033; x_wconf 78' lang='grc' dir='ltr'>ὃν</span> <span class='ocrx_word' id='word_1_134' title='bbox 196 1009 270 1040; x_wconf 67' lang='grc' dir='ltr'>εἰκὸς</span> <span class='ocrx_word' id='word_1_135' title='bbox 281 1007 316 1044; x_wconf 78' lang='grc' dir='ltr'><strong>’ἦν</strong></span> <span class='ocrx_word' id='word_1_136' title='bbox 332 1010 378 1036; x_wconf 69' lang='grc' dir='ltr'>καὶ</span> <span class='ocrx_word' id='word_1_137' title='bbox 388 1011 583 1047; x_wconf 81' lang='grc' dir='ltr'>ἀνευρύνεσθαι</span> <span class='ocrx_word' id='word_1_138' title='bbox 595 1016 654 1046; x_wconf 79' lang='grc' dir='ltr'>ταῖς</span> <span class='ocrx_word' id='word_1_139' title='bbox 666 1015 826 1051; x_wconf 81' lang='grc' dir='ltr'>εὐημερίαις</span> <span class='ocrx_word' id='word_1_140' title='bbox 839 1017 872 1043; x_wconf 88' lang='grc' dir='ltr'>τὰ</span> 
     </span>
    </p>
   </div>
   <div class='ocr_carea' id='block_1_23' title="bbox 93 1054 873 1098">
    <p class='ocr_par' dir='ltr' id='par_1_23' title="bbox 93 1054 873 1098">
     <span class='ocr_line' id='line_1_23' title="bbox 93 1054 873 1098; baseline 0.013 -19"><span class='ocrx_word' id='word_1_141' title='bbox 93 1054 118 1085; x_wconf 77' lang='grc' dir='ltr'>ἐξ</span> <span class='ocrx_word' id='word_1_142' title='bbox 129 1054 214 1089; x_wconf 82' lang='grc' dir='ltr'>ἀγρῶν</span> <span class='ocrx_word' id='word_1_143' title='bbox 230 1055 422 1090; x_wconf 78' lang='grc' dir='ltr'><strong>συλλέγοντας,</strong></span> <span class='ocrx_word' id='word_1_144' title='bbox 439 1059 486 1085; x_wconf 70' lang='grc' dir='ltr'>καὶ.</span> <span class='ocrx_word' id='word_1_145' title='bbox 500 1060 664 1095; x_wconf 84' lang='grc' dir='ltr'>ἀναμετρεῖν</span> <span class='ocrx_word' id='word_1_146' title='bbox 683 1062 732 1096; x_wconf 80' lang='grc' dir='ltr'>μὲν</span> <span class='ocrx_word' id='word_1_147' title='bbox 751 1062 817 1098; x_wconf 85' lang='grc' dir='ltr'>σίτῳ</span> <span class='ocrx_word' id='word_1_148' title='bbox 825 1062 873 1094; x_wconf 85' lang='grc' dir='ltr'><strong>τὰς</strong></span> 
     </span>
    </p>
   </div>
   <div class='ocr_carea' id='block_1_24' title="bbox 93 1099 872 1143">
    <p class='ocr_par' dir='ltr' id='par_1_24' title="bbox 93 1099 872 1143">
     <span class='ocr_line' id='line_1_24' title="bbox 93 1099 872 1143; baseline 0.013 -19"><span class='ocrx_word' id='word_1_149' title='bbox 93 1099 233 1134; x_wconf 70' lang='grc' dir='ltr'>ἀποθήκας,</span> <span class='ocrx_word' id='word_1_150' title='bbox 261 1102 412 1136; x_wconf 74' lang='grc' dir='ltr'>ἐπιφωνεῖν</span> <span class='ocrx_word' id='word_1_151' title='bbox 441 1104 469 1130; x_wconf 85' lang='grc' dir='ltr'>δὲ</span> <span class='ocrx_word' id='word_1_152' title='bbox 494 1106 617 1140; x_wconf 85' lang='grc' dir='ltr'>τρυγῶσι</span> <span class='ocrx_word' id='word_1_153' title='bbox 640 1107 688 1139; x_wconf 77' lang='grc' dir='ltr'><strong>τὰς</strong></span> <span class='ocrx_word' id='word_1_154' title='bbox 716 1108 872 1143; x_wconf 78' lang='grc' dir='ltr'>ὲπιληνίους</span> 
     </span>
    </p>
   </div>
   <div class='ocr_carea' id='block_1_25' title="bbox 93 1143 869 1188">
    <p class='ocr_par' dir='ltr' id='par_1_25' title="bbox 93 1143 869 1188">
     <span class='ocr_line' id='line_1_25' title="bbox 93 1143 869 1188; baseline 0.014 -19"><span class='ocrx_word' id='word_1_155' title='bbox 93 1143 163 1177; x_wconf 66' lang='grc' dir='ltr'>ᾠδὰς,</span> <span class='ocrx_word' id='word_1_156' title='bbox 175 1145 220 1171; x_wconf 75' lang='grc' dir='ltr'>καὶ</span> <span class='ocrx_word' id='word_1_157' title='bbox 237 1148 300 1178; x_wconf 82' lang='grc' dir='ltr'>ταῖς</span> <span class='ocrx_word' id='word_1_158' title='bbox 311 1147 374 1174; x_wconf 77' lang='grc' dir='ltr'>οἰῶν</span> <span class='ocrx_word' id='word_1_159' title='bbox 392 1149 504 1183; x_wconf 81' lang='grc' dir='ltr'>ἀγέλαις</span> <span class='ocrx_word' id='word_1_160' title='bbox 521 1151 679 1186; x_wconf 78' lang='grc' dir='ltr'><strong>ἐφήδεσθαι,</strong></span> <span class='ocrx_word' id='word_1_161' title='bbox 699 1153 830 1188; x_wconf 83' lang='grc' dir='ltr'><strong>πλείστης</strong></span> <span class='ocrx_word' id='word_1_162' title='bbox 842 1163 869 1180; x_wconf 88' lang='grc' dir='ltr'><strong>τε</strong></span> 
     </span>
    </p>
   </div>
   <div class='ocr_carea' id='block_1_26' title="bbox 92 1190 870 1235">
    <p class='ocr_par' dir='ltr' id='par_1_26' title="bbox 92 1190 870 1235">
     <span class='ocr_line' id='line_1_26' title="bbox 92 1190 870 1235; baseline 0.013 -19"><span class='ocrx_word' id='word_1_163' title='bbox 92 1190 147 1224; x_wconf 63' lang='grc' dir='ltr'>ὅλης</span> <span class='ocrx_word' id='word_1_164' title='bbox 176 1192 222 1218; x_wconf 80' lang='grc' dir='ltr'>καὶ</span> <span class='ocrx_word' id='word_1_165' title='bbox 254 1193 386 1226; x_wconf 74' lang='grc' dir='ltr'>εὐανθοῦς</span> <span class='ocrx_word' id='word_1_166' title='bbox 420 1196 516 1228; x_wconf 72' lang='grc' dir='ltr'>αὑταῖς</span> <span class='ocrx_word' id='word_1_167' title='bbox 548 1199 781 1234; x_wconf 68' lang='grc' dir='ltr'>παρερριμμένης</span> <span class='ocrx_word' id='word_1_168' title='bbox 820 1200 870 1235; x_wconf 84' lang='grc' dir='ltr'>τῆς</span> 
     </span>
    </p>
   </div>
   <div class='ocr_carea' id='block_1_27' title="bbox 93 1244 161 1268">
    <p class='ocr_par' dir='ltr' id='par_1_27' title="bbox 93 1244 161 1268">
     <span class='ocr_line' id='line_1_27' title="bbox 93 1244 161 1268; baseline 0.029 -7"><span class='ocrx_word' id='word_1_169' title='bbox 93 1244 161 1268; x_wconf 64' lang='lat' dir='ltr'><strong>mae.</strong></span> 
     </span>
    </p>
   </div>
   <div class='ocr_carea' id='block_1_28' title="bbox 135 1282 871 1326">
    <p class='ocr_par' dir='ltr' id='par_1_28' title="bbox 135 1282 871 1326">
     <span class='ocr_line' id='line_1_28' title="bbox 135 1282 871 1326; baseline 0.014 -18"><span class='ocrx_word' id='word_1_170' title='bbox 135 1282 221 1309; x_wconf 81' lang='grc' dir='ltr'>Ἐοικε</span> <span class='ocrx_word' id='word_1_171' title='bbox 246 1284 276 1311; x_wconf 80' lang='grc' dir='ltr'>δὲ</span> <span class='ocrx_word' id='word_1_172' title='bbox 306 1286 358 1312; x_wconf 81' lang='grc' dir='ltr'>κάν</span> <span class='ocrx_word' id='word_1_173' title='bbox 381 1287 449 1322; x_wconf 79' lang='grc' dir='ltr'>τῷδε</span> <span class='ocrx_word' id='word_1_174' title='bbox 476 1288 557 1314; x_wconf 79' lang='grc' dir='ltr'>πάλιν</span> <span class='ocrx_word' id='word_1_175' title='bbox 581 1289 595 1315; x_wconf 82' lang='grc' dir='ltr'>ὁ</span> <span class='ocrx_word' id='word_1_176' title='bbox 622 1289 701 1323; x_wconf 81' lang='grc' dir='ltr'>λόγος</span> <span class='ocrx_word' id='word_1_177' title='bbox 730 1292 871 1326; x_wconf 73' lang='grc' dir='ltr'>γεωργοὺς</span> 
     </span>
    </p>
   </div>
   <div class='ocr_carea' id='block_1_29' title="bbox 92 1327 869 1373">
    <p class='ocr_par' dir='ltr' id='par_1_29' title="bbox 92 1327 869 1373">
     <span class='ocr_line' id='line_1_29' title="bbox 92 1327 869 1373; baseline 0.015 -20"><span class='ocrx_word' id='word_1_178' title='bbox 92 1327 221 1363; x_wconf 71' lang='grc' dir='ltr'>ὀνομάζειν</span> <span class='ocrx_word' id='word_1_179' title='bbox 232 1331 441 1366; x_wconf 72' lang='grc' dir='ltr'>αἰνιγματωδῶς</span> <span class='ocrx_word' id='word_1_180' title='bbox 453 1335 516 1366; x_wconf 78' lang='grc' dir='ltr'>τοὺς</span> <span class='ocrx_word' id='word_1_181' title='bbox 532 1335 585 1362; x_wconf 79' lang='grc' dir='ltr'>τῶν</span> <span class='ocrx_word' id='word_1_182' title='bbox 608 1336 743 1364; x_wconf 83' lang='grc' dir='ltr'>Ἰουδαίων</span> <span class='ocrx_word' id='word_1_183' title='bbox 761 1339 869 1373; x_wconf 80' lang='grc' dir='ltr'>ταγμά-</span> 
     </span>
    </p>
   </div>
   <div class='ocr_carea' id='block_1_30' title="bbox 92 1377 869 1418">
    <p class='ocr_par' dir='ltr' id='par_1_30' title="bbox 92 1377 869 1418">
     <span class='ocr_line' id='line_1_30' title="bbox 92 1377 869 1418; baseline 0.014 -18"><span class='ocrx_word' id='word_1_184' title='bbox 92 1382 137 1400; x_wconf 82' lang='grc' dir='ltr'><strong>των</strong></span> <span class='ocrx_word' id='word_1_185' title='bbox 147 1377 350 1411; x_wconf 82' lang='grc' dir='ltr'>προεστηκότας</span> <span class='ocrx_word' id='word_1_186' title='bbox 362 1380 532 1414; x_wconf 78' lang='grc' dir='ltr'>τοτηνικάδε,</span> <span class='ocrx_word' id='word_1_187' title='bbox 555 1380 602 1413; x_wconf 83' lang='grc' dir='ltr'><strong>οὒς</strong></span> <span class='ocrx_word' id='word_1_188' title='bbox 621 1383 667 1408; x_wconf 81' lang='grc' dir='ltr'>καὶ</span> <span class='ocrx_word' id='word_1_189' title='bbox 682 1383 736 1409; x_wconf 78' lang='grc' dir='ltr'>δεῖν</span> <span class='ocrx_word' id='word_1_190' title='bbox 753 1383 804 1418; x_wconf 74' lang='grc' dir='ltr'><strong>ἔφη</strong></span> <span class='ocrx_word' id='word_1_191' title='bbox 822 1393 869 1410; x_wconf 86' lang='grc' dir='ltr'>κα-</span> 
     </span>
    </p>
   </div>
   <div class='ocr_carea' id='block_1_31' title="bbox 92 1418 869 1464">
    <p class='ocr_par' dir='ltr' id='par_1_31' title="bbox 92 1418 869 1464">
     <span class='ocr_line' id='line_1_31' title="bbox 92 1418 869 1464; baseline 0.015 -20"><span class='ocrx_word' id='word_1_192' title='bbox 92 1418 231 1454; x_wconf 81' lang='grc' dir='ltr'>ταθρηνεῖν,</span> <span class='ocrx_word' id='word_1_193' title='bbox 250 1422 290 1454; x_wconf 85' lang='grc' dir='ltr'>ὡς</span> <span class='ocrx_word' id='word_1_194' title='bbox 316 1423 379 1450; x_wconf 79' lang='grc' dir='ltr'>ὅσον</span> <span class='ocrx_word' id='word_1_195' title='bbox 402 1424 479 1451; x_wconf 74' lang='grc' dir='ltr'>οὔπω</span> <span class='ocrx_word' id='word_1_196' title='bbox 498 1426 682 1462; x_wconf 75' lang='grc' dir='ltr'>βαδιουμένων</span> <span class='ocrx_word' id='word_1_197' title='bbox 701 1429 740 1459; x_wconf 81' lang='grc' dir='ltr'><strong>είς</strong></span> <span class='ocrx_word' id='word_1_198' title='bbox 757 1429 869 1464; x_wconf 76' lang='grc' dir='ltr'>ὄλεθρον</span> 
     </span>
    </p>
   </div>
   <div class='ocr_carea' id='block_1_32' title="bbox 93 1464 869 1506">
    <p class='ocr_par' dir='ltr' id='par_1_32' title="bbox 93 1464 869 1506">
     <span class='ocr_line' id='line_1_32' title="bbox 93 1464 869 1506; baseline 0.014 -16"><span class='ocrx_word' id='word_1_199' title='bbox 93 1464 205 1492; x_wconf 80' lang='grc' dir='ltr'>ἁπάντων</span> <span class='ocrx_word' id='word_1_200' title='bbox 229 1467 286 1494; x_wconf 87' lang='grc' dir='ltr'>τῶν</span> <span class='ocrx_word' id='word_1_201' title='bbox 312 1469 381 1496; x_wconf 83' lang='grc' dir='ltr'>κατὰ</span> <span class='ocrx_word' id='word_1_202' title='bbox 403 1470 504 1506; x_wconf 86' lang='grc' dir='ltr'>χώραν,</span> <span class='ocrx_word' id='word_1_203' title='bbox 524 1472 583 1506; x_wconf 79' lang='grc' dir='ltr'>ἦτοι</span> <span class='ocrx_word' id='word_1_204' title='bbox 598 1472 652 1499; x_wconf 84' lang='grc' dir='ltr'>τῶν</span> <span class='ocrx_word' id='word_1_205' title='bbox 672 1474 869 1502; x_wconf 76' lang='grc' dir='ltr'>κατοικούντων</span> 
     </span>
    </p>
   </div>
   <div class='ocr_carea' id='block_1_33' title="bbox 91 1510 870 1554">
    <p class='ocr_par' dir='ltr' id='par_1_33' title="bbox 91 1510 870 1554">
     <span class='ocr_line' id='line_1_33' title="bbox 91 1510 870 1554; baseline 0.013 -17"><span class='ocrx_word' id='word_1_206' title='bbox 91 1510 133 1545; x_wconf 77' lang='grc' dir='ltr'>τὴν</span> <span class='ocrx_word' id='word_1_207' title='bbox 143 1512 200 1546; x_wconf 78' lang='grc' dir='ltr'>γῆν,</span> <span class='ocrx_word' id='word_1_208' title='bbox 214 1512 239 1538; x_wconf 83' lang='grc' dir='ltr'>οἳ</span> <span class='ocrx_word' id='word_1_209' title='bbox 253 1513 303 1540; x_wconf 73' lang='grc' dir='ltr'>καὶ</span> <span class='ocrx_word' id='word_1_210' title='bbox 320 1514 350 1540; x_wconf 82' lang='grc' dir='ltr'>ὲν</span> <span class='ocrx_word' id='word_1_211' title='bbox 367 1515 441 1547; x_wconf 79' lang='grc' dir='ltr'>τάξει</span> <span class='ocrx_word' id='word_1_212' title='bbox 457 1517 555 1552; x_wconf 81' lang='grc' dir='ltr'>πυροῦ,</span> <span class='ocrx_word' id='word_1_213' title='bbox 573 1519 621 1544; x_wconf 77' lang='grc' dir='ltr'>καὶ</span> <span class='ocrx_word' id='word_1_214' title='bbox 638 1519 743 1554; x_wconf 77' lang='grc' dir='ltr'>κριθῆς,</span> <span class='ocrx_word' id='word_1_215' title='bbox 767 1521 813 1546; x_wconf 73' lang='grc' dir='ltr'>καὶ</span> <span class='ocrx_word' id='word_1_216' title='bbox 825 1520 870 1552; x_wconf 79' lang='grc' dir='ltr'><strong>ξύ-</strong></span> 
     </span>
    </p>
   </div>
   <div class='ocr_carea' id='block_1_34' title="bbox 91 1555 869 1602">
    <p class='ocr_par' dir='ltr' id='par_1_34' title="bbox 91 1555 869 1602">
     <span class='ocr_line' id='line_1_34' title="bbox 91 1555 869 1602; baseline 0.015 -21"><span class='ocrx_word' id='word_1_217' title='bbox 91 1555 136 1582; x_wconf 79' lang='grc' dir='ltr'><strong>λων</strong></span> <span class='ocrx_word' id='word_1_218' title='bbox 152 1557 256 1592; x_wconf 75' lang='grc' dir='ltr'>ὡραίων</span> <span class='ocrx_word' id='word_1_219' title='bbox 271 1559 392 1594; x_wconf 82' lang='grc' dir='ltr'>νοηθείεν</span> <span class='ocrx_word' id='word_1_220' title='bbox 403 1561 444 1588; x_wconf 80' lang='grc' dir='ltr'><strong>ἅν.</strong></span> <span class='ocrx_word' id='word_1_221' title='bbox 468 1563 634 1599; x_wconf 73' lang='grc' dir='ltr'>Ἐφοιρμόσει</span> <span class='ocrx_word' id='word_1_222' title='bbox 649 1565 678 1591; x_wconf 75' lang='grc' dir='ltr'>δὲ</span> <span class='ocrx_word' id='word_1_223' title='bbox 698 1565 752 1591; x_wconf 79' lang='grc' dir='ltr'>τῶν</span> <span class='ocrx_word' id='word_1_224' title='bbox 767 1566 869 1602; x_wconf 78' lang='grc' dir='ltr'>νοημά-</span> 
     </span>
    </p>
   </div>
   <div class='ocr_carea' id='block_1_35' title="bbox 938 286 1721 326">
    <p class='ocr_par' dir='ltr' id='par_1_35' title="bbox 938 286 1721 326">
     <span class='ocr_line' id='line_1_35' title="bbox 938 286 1721 326; baseline 0.01 -14"><span class='ocrx_word' id='word_1_225' title='bbox 938 286 1070 320; x_wconf 81' lang='lat' dir='ltr'><strong>frumeulo</strong></span> <span class='ocrx_word' id='word_1_226' title='bbox 1084 293 1108 314; x_wconf 80' lang='lat' dir='ltr'><strong>et</strong></span> <span class='ocrx_word' id='word_1_227' title='bbox 1123 288 1231 320; x_wconf 79' lang='lat' dir='ltr'><strong>hordeo,</strong></span> <span class='ocrx_word' id='word_1_228' title='bbox 1246 290 1308 324; x_wconf 81' lang='lat' dir='ltr'><strong>quia</strong></span> <span class='ocrx_word' id='word_1_229' title='bbox 1331 290 1407 323; x_wconf 85' lang='lat' dir='ltr'><strong>periit</strong></span> <span class='ocrx_word' id='word_1_230' title='bbox 1435 291 1566 318; x_wconf 81' lang='lat' dir='ltr'><strong>vindemia</strong></span> <span class='ocrx_word' id='word_1_231' title='bbox 1589 300 1622 319; x_wconf 73' lang='lat' dir='ltr'><strong>ex</strong></span> <span class='ocrx_word' id='word_1_232' title='bbox 1646 301 1721 326; x_wconf 84' lang='lat' dir='ltr'><strong>agro.</strong></span> 
     </span>
    </p>
   </div>
   <div class='ocr_carea' id='block_1_36' title="bbox 942 331 1722 372">
    <p class='ocr_par' dir='ltr' id='par_1_36' title="bbox 942 331 1722 372">
     <span class='ocr_line' id='line_1_36' title="bbox 942 331 1722 372; baseline 0.008 -14"><span class='ocrx_word' id='word_1_233' title='bbox 942 331 1025 359; x_wconf 77' lang='lat' dir='ltr'><strong>Vinea</strong></span> <span class='ocrx_word' id='word_1_234' title='bbox 1042 333 1124 366; x_wconf 83' lang='lat' dir='ltr'><strong>aruit,</strong></span> <span class='ocrx_word' id='word_1_235' title='bbox 1141 339 1164 360; x_wconf 82' lang='lat' dir='ltr'><strong>et</strong></span> <span class='ocrx_word' id='word_1_236' title='bbox 1185 334 1251 368; x_wconf 81' lang='lat' dir='ltr'><strong>ﬁcus</strong></span> <span class='ocrx_word' id='word_1_237' title='bbox 1274 335 1420 363; x_wconf 57' lang='lat' dir='ltr'><strong>imminuta</strong></span> <span class='ocrx_word' id='word_1_238' title='bbox 1441 340 1512 363; x_wconf 75' lang='lat' dir='ltr'><strong>sunt.</strong></span> <span class='ocrx_word' id='word_1_239' title='bbox 1533 336 1635 364; x_wconf 82' lang='lat' dir='ltr'><strong>Malum</strong></span> <span class='ocrx_word' id='word_1_240' title='bbox 1659 347 1722 372; x_wconf 86' lang='lat' dir='ltr'><strong>gm-</strong></span> 
     </span>
    </p>
   </div>
   <div class='ocr_carea' id='block_1_37' title="bbox 937 379 1721 418">
    <p class='ocr_par' dir='ltr' id='par_1_37' title="bbox 937 379 1721 418">
     <span class='ocr_line' id='line_1_37' title="bbox 937 379 1721 418; baseline 0.01 -15"><span class='ocrx_word' id='word_1_241' title='bbox 937 383 1027 404; x_wconf 83' lang='lat' dir='ltr'><strong>natum</strong></span> <span class='ocrx_word' id='word_1_242' title='bbox 1040 398 1047 411; x_wconf 92' lang='lat'><strong>,</strong></span> <span class='ocrx_word' id='word_1_243' title='bbox 1074 383 1097 405; x_wconf 80' lang='lat' dir='ltr'><strong>et</strong></span> <span class='ocrx_word' id='word_1_244' title='bbox 1115 379 1214 413; x_wconf 86' lang='lat' dir='ltr'><strong>palma,</strong></span> <span class='ocrx_word' id='word_1_245' title='bbox 1231 385 1254 406; x_wconf 85' lang='lat' dir='ltr'><strong>et</strong></span> <span class='ocrx_word' id='word_1_246' title='bbox 1278 381 1388 411; x_wconf 85' lang='lat' dir='ltr'><strong>malum.</strong></span> <span class='ocrx_word' id='word_1_247' title='bbox 1409 386 1433 408; x_wconf 78' lang='lat' dir='ltr'><strong>et</strong></span> <span class='ocrx_word' id='word_1_248' title='bbox 1455 382 1543 408; x_wconf 81' lang='lat' dir='ltr'><em>omnia</em></span> <span class='ocrx_word' id='word_1_249' title='bbox 1571 384 1645 417; x_wconf 78' lang='lat' dir='ltr'><strong>ligna</strong></span> <span class='ocrx_word' id='word_1_250' title='bbox 1662 385 1721 418; x_wconf 79' lang='lat' dir='ltr'><strong>agri</strong></span> 
     </span>
    </p>
   </div>
   <div class='ocr_carea' id='block_1_38' title="bbox 935 424 1719 464">
    <p class='ocr_par' dir='ltr' id='par_1_38' title="bbox 935 424 1719 464">
     <span class='ocr_line' id='line_1_38' title="bbox 935 424 1719 464; baseline 0.01 -15"><span class='ocrx_word' id='word_1_251' title='bbox 935 424 1052 457; x_wconf 78' lang='lat' dir='ltr'><strong>arefacta</strong></span> <span class='ocrx_word' id='word_1_252' title='bbox 1075 429 1147 457; x_wconf 75' lang='lat' dir='ltr'><strong>sunt,</strong></span> <span class='ocrx_word' id='word_1_253' title='bbox 1177 426 1299 460; x_wconf 81' lang='lat' dir='ltr'><strong>quoniam</strong></span> <span class='ocrx_word' id='word_1_254' title='bbox 1324 427 1497 462; x_wconf 79' lang='lat' dir='ltr'><strong>confuderunt</strong></span> <span class='ocrx_word' id='word_1_255' title='bbox 1518 430 1645 463; x_wconf 77' lang='lat' dir='ltr'><strong>gaudium</strong></span> <span class='ocrx_word' id='word_1_256' title='bbox 1670 431 1719 464; x_wconf 83' lang='lat' dir='ltr'><strong>ﬁlii</strong></span> 
     </span>
    </p>
   </div>
   <div class='ocr_carea' id='block_1_39' title="bbox 933 470 1078 497">
    <p class='ocr_par' dir='ltr' id='par_1_39' title="bbox 933 470 1078 497">
     <span class='ocr_line' id='line_1_39' title="bbox 933 470 1078 497; baseline 0.007 -2"><span class='ocrx_word' id='word_1_257' title='bbox 933 470 1078 497; x_wconf 77' lang='lat' dir='ltr'><strong>hominum.</strong></span> 
     </span>
    </p>
   </div>
   <div class='ocr_carea' id='block_1_40' title="bbox 971 514 1717 553">
    <p class='ocr_par' dir='ltr' id='par_1_40' title="bbox 971 514 1717 553">
     <span class='ocr_line' id='line_1_40' title="bbox 971 514 1717 553; baseline 0.008 -12"><span class='ocrx_word' id='word_1_258' title='bbox 971 514 1016 542; x_wconf 80' lang='lat' dir='ltr'><strong>lX.</strong></span> <span class='ocrx_word' id='word_1_259' title='bbox 1043 515 1157 543; x_wconf 81' lang='lat' dir='ltr'><strong>Luctum</strong></span> <span class='ocrx_word' id='word_1_260' title='bbox 1178 516 1237 543; x_wconf 89' lang='lat' dir='ltr'><strong>sine</strong></span> <span class='ocrx_word' id='word_1_261' title='bbox 1266 516 1357 548; x_wconf 91' lang='lat' dir='ltr'><strong>dubio,</strong></span> <span class='ocrx_word' id='word_1_262' title='bbox 1383 517 1502 545; x_wconf 83' lang='lat' dir='ltr'><strong>dolorem</strong></span> <span class='ocrx_word' id='word_1_263' title='bbox 1532 523 1560 546; x_wconf 91' lang='lat' dir='ltr'><strong>et</strong></span> <span class='ocrx_word' id='word_1_264' title='bbox 1588 520 1717 553; x_wconf 87' lang='lat' dir='ltr'><strong>ejnlatutn</strong></span> 
     </span>
    </p>
   </div>
   <div class='ocr_carea' id='block_1_41' title="bbox 934 562 1718 600">
    <p class='ocr_par' dir='ltr' id='par_1_41' title="bbox 934 562 1718 600">
     <span class='ocr_line' id='line_1_41' title="bbox 934 562 1718 600; baseline 0.003 -10"><span class='ocrx_word' id='word_1_265' title='bbox 934 568 1012 591; x_wconf 64' lang='lat' dir='ltr'><strong>terra:</strong></span> <span class='ocrx_word' id='word_1_266' title='bbox 1027 563 1179 590; x_wconf 86' lang='lat' dir='ltr'><strong>cultoribus</strong></span> <span class='ocrx_word' id='word_1_267' title='bbox 1191 562 1263 596; x_wconf 82' lang='lat' dir='ltr'><strong>parit</strong></span> <span class='ocrx_word' id='word_1_268' title='bbox 1278 570 1367 589; x_wconf 85' lang='lat' dir='ltr'><strong>rerum</strong></span> <span class='ocrx_word' id='word_1_269' title='bbox 1382 562 1410 589; x_wconf 89' lang='lat' dir='ltr'><strong>in</strong></span> <span class='ocrx_word' id='word_1_270' title='bbox 1428 563 1499 598; x_wconf 79' lang='lat' dir='ltr'><strong>agris</strong></span> <span class='ocrx_word' id='word_1_271' title='bbox 1522 572 1555 590; x_wconf 88' lang='lat' dir='ltr'><strong>ex</strong></span> <span class='ocrx_word' id='word_1_272' title='bbox 1571 573 1631 592; x_wconf 85' lang='lat' dir='ltr'><strong>asse</strong></span> <span class='ocrx_word' id='word_1_273' title='bbox 1655 573 1718 600; x_wconf 85' lang='lat' dir='ltr'><strong>per-</strong></span> 
     </span>
    </p>
   </div>
   <div class='ocr_carea' id='block_1_42' title="bbox 933 608 1718 645">
    <p class='ocr_par' dir='ltr' id='par_1_42' title="bbox 933 608 1718 645">
     <span class='ocr_line' id='line_1_42' title="bbox 933 608 1718 645; baseline 0 -9"><span class='ocrx_word' id='word_1_274' title='bbox 933 609 1028 641; x_wconf 85' lang='lat' dir='ltr'><strong>nicies,</strong></span> <span class='ocrx_word' id='word_1_275' title='bbox 1047 616 1107 637; x_wconf 85' lang='lat' dir='ltr'><strong>cum</strong></span> <span class='ocrx_word' id='word_1_276' title='bbox 1124 609 1191 636; x_wconf 85' lang='lat' dir='ltr'><strong><em>nihil</em></strong></span> <span class='ocrx_word' id='word_1_277' title='bbox 1208 608 1315 643; x_wconf 75' lang='lat' dir='ltr'><strong>patritus</strong></span> <span class='ocrx_word' id='word_1_278' title='bbox 1327 608 1389 635; x_wconf 84' lang='lat' dir='ltr'><strong>inde</strong></span> <span class='ocrx_word' id='word_1_279' title='bbox 1404 609 1466 635; x_wconf 88' lang='lat' dir='ltr'><strong>licet</strong></span> <span class='ocrx_word' id='word_1_280' title='bbox 1486 609 1622 644; x_wconf 80' lang='lat' dir='ltr'><strong>colligere,</strong></span> <span class='ocrx_word' id='word_1_281' title='bbox 1636 612 1718 645; x_wconf 80' lang='lat' dir='ltr'><strong>idque</strong></span> 
     </span>
    </p>
   </div>
   <div class='ocr_carea' id='block_1_43' title="bbox 933 655 1718 690">
    <p class='ocr_par' dir='ltr' id='par_1_43' title="bbox 933 655 1718 690">
     <span class='ocr_line' id='line_1_43' title="bbox 933 655 1718 690; baseline 0 -8"><span class='ocrx_word' id='word_1_282' title='bbox 933 660 992 690; x_wconf 85' lang='lat' dir='ltr'><strong>post</strong></span> <span class='ocrx_word' id='word_1_283' title='bbox 1004 655 1096 690; x_wconf 83' lang='lat' dir='ltr'><strong>longos</strong></span> <span class='ocrx_word' id='word_1_284' title='bbox 1110 655 1224 682; x_wconf 85' lang='lat' dir='ltr'><strong>sudores</strong></span> <span class='ocrx_word' id='word_1_285' title='bbox 1241 655 1395 689; x_wconf 86' lang='lat' dir='ltr'><strong>aliquando.</strong></span> <span class='ocrx_word' id='word_1_286' title='bbox 1420 655 1454 681; x_wconf 86' lang='lat' dir='ltr'><strong>Et</strong></span> <span class='ocrx_word' id='word_1_287' title='bbox 1469 655 1561 682; x_wconf 78' lang='lat' dir='ltr'><strong>videre</strong></span> <span class='ocrx_word' id='word_1_288' title='bbox 1585 656 1612 682; x_wconf 93' lang='lat' dir='ltr'><strong>in</strong></span> <span class='ocrx_word' id='word_1_289' title='bbox 1631 657 1718 683; x_wconf 86' lang='lat' dir='ltr'><strong>hortis</strong></span> 
     </span>
    </p>
   </div>
   <div class='ocr_carea' id='block_1_44' title="bbox 931 700 1717 735">
    <p class='ocr_par' dir='ltr' id='par_1_44' title="bbox 931 700 1717 735">
     <span class='ocr_line' id='line_1_44' title="bbox 931 700 1717 735; baseline 0.003 -8"><span class='ocrx_word' id='word_1_290' title='bbox 931 702 1063 728; x_wconf 72' lang='lat' dir='ltr'><strong>arel&#39;uclas</strong></span> <span class='ocrx_word' id='word_1_291' title='bbox 1078 700 1190 728; x_wconf 84' lang='lat' dir='ltr'><strong>arbores</strong></span> <span class='ocrx_word' id='word_1_292' title='bbox 1203 708 1363 735; x_wconf 83' lang='lat' dir='ltr'><strong>generosas,</strong></span> <span class='ocrx_word' id='word_1_293' title='bbox 1392 704 1419 727; x_wconf 89' lang='lat' dir='ltr'><strong>et</strong></span> <span class='ocrx_word' id='word_1_294' title='bbox 1439 708 1499 727; x_wconf 90' lang='lat' dir='ltr'><strong>cum</strong></span> <span class='ocrx_word' id='word_1_295' title='bbox 1512 701 1577 728; x_wconf 85' lang='lat' dir='ltr'><strong>satis</strong></span> <span class='ocrx_word' id='word_1_296' title='bbox 1594 703 1672 734; x_wconf 82' lang='lat' dir='ltr'><strong>viles,</strong></span> <span class='ocrx_word' id='word_1_297' title='bbox 1689 708 1717 729; x_wconf 90' lang='lat' dir='ltr'><strong>et</strong></span> 
     </span>
    </p>
   </div>
   <div class='ocr_carea' id='block_1_45' title="bbox 930 746 1716 783">
    <p class='ocr_par' dir='ltr' id='par_1_45' title="bbox 930 746 1716 783">
     <span class='ocr_line' id='line_1_45' title="bbox 930 746 1716 783; baseline 0.003 -10"><span class='ocrx_word' id='word_1_298' title='bbox 930 754 991 774; x_wconf 85' lang='lat' dir='ltr'><strong>cum</strong></span> <span class='ocrx_word' id='word_1_299' title='bbox 1006 747 1092 775; x_wconf 89' lang='lat' dir='ltr'><strong>hortis</strong></span> <span class='ocrx_word' id='word_1_300' title='bbox 1105 747 1187 775; x_wconf 77' lang='lat' dir='ltr'><strong>silvas</strong></span> <span class='ocrx_word' id='word_1_301' title='bbox 1198 747 1311 781; x_wconf 84' lang='lat' dir='ltr'><strong>periisse</strong></span> <span class='ocrx_word' id='word_1_302' title='bbox 1321 766 1329 773; x_wconf 92' lang='lat'><strong>.</strong></span> <span class='ocrx_word' id='word_1_303' title='bbox 1349 755 1357 772; x_wconf 81' lang='grc' dir='ltr'><strong>ι</strong></span> <span class='ocrx_word' id='word_1_304' title='bbox 1375 746 1471 774; x_wconf 82' lang='lat' dir='ltr'><strong>Omnia</strong></span> <span class='ocrx_word' id='word_1_305' title='bbox 1485 747 1558 774; x_wconf 89' lang='lat' dir='ltr'><strong>enim</strong></span> <span class='ocrx_word' id='word_1_306' title='bbox 1570 748 1642 782; x_wconf 83' lang='lat' dir='ltr'><strong>ligna</strong></span> <span class='ocrx_word' id='word_1_307' title='bbox 1657 749 1716 783; x_wconf 77' lang='lat' dir='ltr'><strong>agri</strong></span> 
     </span>
    </p>
   </div>
   <div class='ocr_carea' id='block_1_46' title="bbox 929 792 1716 828">
    <p class='ocr_par' dir='ltr' id='par_1_46' title="bbox 929 792 1716 828">
     <span class='ocr_line' id='line_1_46' title="bbox 929 792 1716 828; baseline 0.001 -9"><span class='ocrx_word' id='word_1_308' title='bbox 929 793 1049 820; x_wconf 74' lang='lat' dir='ltr'><strong>arefacta</strong></span> <span class='ocrx_word' id='word_1_309' title='bbox 1076 797 1139 819; x_wconf 91' lang='lat' dir='ltr'><strong>sunt</strong></span> <span class='ocrx_word' id='word_1_310' title='bbox 1154 812 1162 825; x_wconf 87' lang='lat'><strong>,</strong></span> <span class='ocrx_word' id='word_1_311' title='bbox 1177 793 1273 827; x_wconf 87' lang='lat' dir='ltr'><strong>inquit,</strong></span> <span class='ocrx_word' id='word_1_312' title='bbox 1300 794 1429 827; x_wconf 83' lang='lat' dir='ltr'><strong>quoniam</strong></span> <span class='ocrx_word' id='word_1_313' title='bbox 1447 792 1627 820; x_wconf 81' lang='lat' dir='ltr'><strong>confuderunt</strong></span> <span class='ocrx_word' id='word_1_314' title='bbox 1649 801 1716 828; x_wconf 79' lang='lat' dir='ltr'><strong>gau-</strong></span> 
     </span>
    </p>
   </div>
   <div class='ocr_carea' id='block_1_47' title="bbox 930 838 1714 871">
    <p class='ocr_par' dir='ltr' id='par_1_47' title="bbox 930 838 1714 871">
     <span class='ocr_line' id='line_1_47' title="bbox 930 838 1714 871; baseline 0 -6"><span class='ocrx_word' id='word_1_315' title='bbox 930 838 1004 865; x_wconf 90' lang='lat' dir='ltr'><strong>dium</strong></span> <span class='ocrx_word' id='word_1_316' title='bbox 1021 838 1067 865; x_wconf 82' lang='lat' dir='ltr'><strong>iilii</strong></span> <span class='ocrx_word' id='word_1_317' title='bbox 1087 838 1237 871; x_wconf 88' lang='lat' dir='ltr'><strong>hominum,</strong></span> <span class='ocrx_word' id='word_1_318' title='bbox 1255 847 1264 863; x_wconf 84' lang='grc' dir='ltr'><strong>ι</strong></span> <span class='ocrx_word' id='word_1_319' title='bbox 1281 839 1331 866; x_wconf 91' lang='lat' dir='ltr'><strong>hoc</strong></span> <span class='ocrx_word' id='word_1_320' title='bbox 1348 843 1390 865; x_wconf 88' lang='lat' dir='ltr'><strong>est</strong></span> <span class='ocrx_word' id='word_1_321' title='bbox 1404 857 1412 870; x_wconf 91' lang='lat'><strong>,</strong></span> <span class='ocrx_word' id='word_1_322' title='bbox 1439 839 1606 866; x_wconf 72' lang='lat' dir='ltr'><strong>habitatores</strong></span> <span class='ocrx_word' id='word_1_323' title='bbox 1635 844 1714 866; x_wconf 74' lang='lat' dir='ltr'><strong>terra:</strong></span> 
     </span>
    </p>
   </div>
   <div class='ocr_carea' id='block_1_48' title="bbox 928 883 1716 920">
    <p class='ocr_par' dir='ltr' id='par_1_48' title="bbox 928 883 1716 920">
     <span class='ocr_line' id='line_1_48' title="bbox 928 883 1716 920; baseline 0.003 -10"><span class='ocrx_word' id='word_1_324' title='bbox 928 883 1104 911; x_wconf 85' lang='lat' dir='ltr'><strong>reddiderunt</strong></span> <span class='ocrx_word' id='word_1_325' title='bbox 1118 889 1223 918; x_wconf 90' lang='lat' dir='ltr'><strong>tempus</strong></span> <span class='ocrx_word' id='word_1_326' title='bbox 1237 884 1379 912; x_wconf 81' lang='lat' dir='ltr'><strong>dedecoris</strong></span> <span class='ocrx_word' id='word_1_327' title='bbox 1395 905 1402 918; x_wconf 93' lang='lat'><strong>,</strong></span> <span class='ocrx_word' id='word_1_328' title='bbox 1425 885 1545 919; x_wconf 87' lang='lat' dir='ltr'><strong>pudoris,</strong></span> <span class='ocrx_word' id='word_1_329' title='bbox 1568 885 1716 920; x_wconf 86' lang='lat' dir='ltr'><strong>reprehen-</strong></span> 
     </span>
    </p>
   </div>
   <div class='ocr_carea' id='block_1_49' title="bbox 203 919 878 966">
    <p class='ocr_par' dir='ltr' id='par_1_49' title="bbox 203 919 874 966">
     <span class='ocr_line' id='line_1_49' title="bbox 203 919 874 966; baseline 0.013 -22"><span class='ocrx_word' id='word_1_330' title='bbox 203 919 251 966; x_wconf 58' lang='lat' dir='ltr'><strong>xa:t</strong></span> <span class='ocrx_word' id='word_1_331' title='bbox 276 919 429 966; x_wconf 43' lang='grc' dir='ltr'>ἔντροπῆς,</span> <span class='ocrx_word' id='word_1_332' title='bbox 451 922 497 948; x_wconf 77' lang='grc' dir='ltr'>καὶ</span> <span class='ocrx_word' id='word_1_333' title='bbox 520 921 648 957; x_wconf 79' lang='grc' dir='ltr'>ἐλέγχων,</span> <span class='ocrx_word' id='word_1_334' title='bbox 668 925 764 960; x_wconf 82' lang='grc' dir='ltr'>ποινῆς</span> <span class='ocrx_word' id='word_1_335' title='bbox 779 934 809 952; x_wconf 84' lang='grc' dir='ltr'><strong>τε</strong></span> <span class='ocrx_word' id='word_1_336' title='bbox 826 926 874 952; x_wconf 78' lang='grc' dir='ltr'>καὶ</span> 
     </span>
    </p>
   </div>
   <div class='ocr_carea' id='block_1_50' title="bbox 926 919 1717 966">
    <p class='ocr_par' dir='ltr' id='par_1_50' title="bbox 929 930 1717 966">
     <span class='ocr_line' id='line_1_50' title="bbox 929 930 1717 966; baseline 0.003 -9"><span class='ocrx_word' id='word_1_337' title='bbox 929 930 1024 962; x_wconf 87' lang='lat' dir='ltr'><strong>sionis,</strong></span> <span class='ocrx_word' id='word_1_338' title='bbox 1039 938 1125 965; x_wconf 71' lang='lat' dir='ltr'><strong>poena:</strong></span> <span class='ocrx_word' id='word_1_339' title='bbox 1140 935 1168 958; x_wconf 89' lang='lat' dir='ltr'><strong>et</strong></span> <span class='ocrx_word' id='word_1_340' title='bbox 1184 931 1305 963; x_wconf 85' lang='lat' dir='ltr'><strong>ultionis,</strong></span> <span class='ocrx_word' id='word_1_341' title='bbox 1327 939 1380 966; x_wconf 89' lang='lat' dir='ltr'><strong>quo</strong></span> <span class='ocrx_word' id='word_1_342' title='bbox 1399 935 1520 965; x_wconf 82' lang='lat' dir='ltr'><strong>tempore</strong></span> <span class='ocrx_word' id='word_1_343' title='bbox 1531 939 1636 965; x_wconf 73' lang='lat' dir='ltr'><strong>requum</strong></span> <span class='ocrx_word' id='word_1_344' title='bbox 1657 937 1717 959; x_wconf 88' lang='lat' dir='ltr'><strong>erat</strong></span> 
     </span>
    </p>
   </div>
   <div class='ocr_carea' id='block_1_51' title="bbox 927 975 1715 1011">
    <p class='ocr_par' dir='ltr' id='par_1_51' title="bbox 927 975 1715 1011">
     <span class='ocr_line' id='line_1_51' title="bbox 927 975 1715 1011; baseline 0.003 -9"><span class='ocrx_word' id='word_1_345' title='bbox 927 975 1020 1010; x_wconf 77' lang='lat' dir='ltr'><strong>augeri</strong></span> <span class='ocrx_word' id='word_1_346' title='bbox 1051 975 1127 1002; x_wconf 66' lang='lat' dir='ltr'><strong>bona!</strong></span> <span class='ocrx_word' id='word_1_347' title='bbox 1156 976 1324 1010; x_wconf 75' lang='lat' dir='ltr'><strong>tempestatis</strong></span> <span class='ocrx_word' id='word_1_348' title='bbox 1351 977 1408 1004; x_wconf 89' lang='lat' dir='ltr'><strong>dies</strong></span> <span class='ocrx_word' id='word_1_349' title='bbox 1433 976 1485 1008; x_wconf 87' lang='lat' dir='ltr'><strong>his,</strong></span> <span class='ocrx_word' id='word_1_350' title='bbox 1502 977 1548 1010; x_wconf 92' lang='lat' dir='ltr'><strong>qui</strong></span> <span class='ocrx_word' id='word_1_351' title='bbox 1571 976 1660 1011; x_wconf 82' lang='lat' dir='ltr'><strong>fruges</strong></span> <span class='ocrx_word' id='word_1_352' title='bbox 1681 984 1715 1004; x_wconf 83' lang='lat' dir='ltr'><strong>ex</strong></span> 
     </span>
    </p>
   </div>
   <div class='ocr_carea' id='block_1_52' title="bbox 926 1021 1714 1056">
    <p class='ocr_par' dir='ltr' id='par_1_52' title="bbox 926 1021 1714 1056">
     <span class='ocr_line' id='line_1_52' title="bbox 926 1021 1714 1056; baseline 0.003 -9"><span class='ocrx_word' id='word_1_353' title='bbox 926 1021 1000 1056; x_wconf 80' lang='lat' dir='ltr'><strong>agris</strong></span> <span class='ocrx_word' id='word_1_354' title='bbox 1023 1026 1202 1055; x_wconf 83' lang='lat' dir='ltr'><strong>comportant,</strong></span> <span class='ocrx_word' id='word_1_355' title='bbox 1223 1026 1250 1048; x_wconf 85' lang='lat' dir='ltr'><strong>et</strong></span> <span class='ocrx_word' id='word_1_356' title='bbox 1271 1021 1330 1049; x_wconf 90' lang='lat' dir='ltr'><strong>illos</strong></span> <span class='ocrx_word' id='word_1_357' title='bbox 1354 1021 1490 1050; x_wconf 77' lang='lat' dir='ltr'><strong>frumento</strong></span> <span class='ocrx_word' id='word_1_358' title='bbox 1518 1023 1620 1056; x_wconf 87' lang='lat' dir='ltr'><strong>stipare</strong></span> <span class='ocrx_word' id='word_1_359' title='bbox 1648 1023 1714 1049; x_wconf 88' lang='lat' dir='ltr'><strong>bor-</strong></span> 
     </span>
    </p>
   </div>
   <div class='ocr_carea' id='block_1_53' title="bbox 927 1068 1711 1101">
    <p class='ocr_par' dir='ltr' id='par_1_53' title="bbox 927 1068 1711 1101">
     <span class='ocr_line' id='line_1_53' title="bbox 927 1068 1711 1101; baseline 0.001 -7"><span class='ocrx_word' id='word_1_360' title='bbox 927 1075 983 1099; x_wconf 80' lang='lat' dir='ltr'><strong>rcn,</strong></span> <span class='ocrx_word' id='word_1_361' title='bbox 1004 1072 1032 1095; x_wconf 91' lang='lat' dir='ltr'><strong>et</strong></span> <span class='ocrx_word' id='word_1_362' title='bbox 1051 1068 1217 1096; x_wconf 83' lang='lat' dir='ltr'><strong>messoribus</strong></span> <span class='ocrx_word' id='word_1_363' title='bbox 1245 1068 1394 1095; x_wconf 77' lang='lat' dir='ltr'><strong>cantilenas</strong></span> <span class='ocrx_word' id='word_1_364' title='bbox 1419 1069 1564 1095; x_wconf 83' lang='lat' dir='ltr'><strong>messorias</strong></span> <span class='ocrx_word' id='word_1_365' title='bbox 1578 1068 1711 1101; x_wconf 84' lang='lat' dir='ltr'><strong>accinere,</strong></span> 
     </span>
    </p>
   </div>
   <div class='ocr_carea' id='block_1_54' title="bbox 925 1114 1712 1149">
    <p class='ocr_par' dir='ltr' id='par_1_54' title="bbox 925 1114 1712 1149">
     <span class='ocr_line' id='line_1_54' title="bbox 925 1114 1712 1149; baseline 0.003 -9"><span class='ocrx_word' id='word_1_366' title='bbox 925 1114 1009 1149; x_wconf 73' lang='lat'><strong>208</strong></span> <span class='ocrx_word' id='word_1_367' title='bbox 1023 1114 1108 1141; x_wconf 71' lang='lat' dir='ltr'><strong>ltetari</strong></span> <span class='ocrx_word' id='word_1_368' title='bbox 1123 1122 1204 1148; x_wconf 81' lang='lat' dir='ltr'><strong>super</strong></span> <span class='ocrx_word' id='word_1_369' title='bbox 1226 1115 1316 1141; x_wconf 84' lang='lat' dir='ltr'><strong>Ovinm</strong></span> <span class='ocrx_word' id='word_1_370' title='bbox 1343 1115 1568 1149; x_wconf 73' lang='lat' dir='ltr'><strong>grcgibus,nberi</strong></span> <span class='ocrx_word' id='word_1_371' title='bbox 1594 1119 1621 1141; x_wconf 91' lang='lat' dir='ltr'><strong>et</strong></span> <span class='ocrx_word' id='word_1_372' title='bbox 1645 1115 1712 1142; x_wconf 82' lang='lat' dir='ltr'><strong>viri-</strong></span> 
     </span>
    </p>
   </div>
   <div class='ocr_carea' id='block_1_55' title="bbox 925 1159 1526 1194">
    <p class='ocr_par' dir='ltr' id='par_1_55' title="bbox 925 1159 1526 1194">
     <span class='ocr_line' id='line_1_55' title="bbox 925 1159 1526 1194; baseline 0.002 -9"><span class='ocrx_word' id='word_1_373' title='bbox 925 1159 998 1185; x_wconf 81' lang='lat' dir='ltr'><strong>danti</strong></span> <span class='ocrx_word' id='word_1_374' title='bbox 1019 1159 1102 1186; x_wconf 87' lang='lat' dir='ltr'><strong>herba</strong></span> <span class='ocrx_word' id='word_1_375' title='bbox 1119 1166 1148 1186; x_wconf 82' lang='lat' dir='ltr'><strong>se</strong></span> <span class='ocrx_word' id='word_1_376' title='bbox 1163 1159 1325 1193; x_wconf 86' lang='lat' dir='ltr'><strong>subjiciente</strong></span> <span class='ocrx_word' id='word_1_377' title='bbox 1341 1160 1526 1194; x_wconf 81' lang='lat' dir='ltr'><strong>pascentibus.</strong></span> 
     </span>
    </p>
   </div>
   <div class='ocr_carea' id='block_1_56' title="bbox 959 1287 1710 1326">
    <p class='ocr_par' dir='ltr' id='par_1_56' title="bbox 959 1287 1710 1326">
     <span class='ocr_line' id='line_1_56' title="bbox 959 1287 1710 1326; baseline -0.008 -6"><span class='ocrx_word' id='word_1_378' title='bbox 959 1293 1072 1320; x_wconf 65' lang='lat' dir='ltr'><strong>Videtur</strong></span> <span class='ocrx_word' id='word_1_379' title='bbox 1093 1295 1182 1319; x_wconf 87' lang='lat' dir='ltr'><strong>autem</strong></span> <span class='ocrx_word' id='word_1_380' title='bbox 1201 1291 1331 1326; x_wconf 89' lang='lat' dir='ltr'><strong>propheta</strong></span> <span class='ocrx_word' id='word_1_381' title='bbox 1355 1290 1401 1317; x_wconf 90' lang='lat' dir='ltr'><strong>hic</strong></span> <span class='ocrx_word' id='word_1_382' title='bbox 1427 1296 1536 1316; x_wconf 92' lang='lat' dir='ltr'><strong>rursum</strong></span> <span class='ocrx_word' id='word_1_383' title='bbox 1556 1287 1710 1316; x_wconf 70' lang='lat' dir='ltr'><strong>Iudaeorum</strong></span> 
     </span>
    </p>
   </div>
   <div class='ocr_carea' id='block_1_57' title="bbox 924 1334 1712 1374">
    <p class='ocr_par' dir='ltr' id='par_1_57' title="bbox 924 1334 1712 1374">
     <span class='ocr_line' id='line_1_57' title="bbox 924 1334 1712 1374; baseline -0.008 -8"><span class='ocrx_word' id='word_1_384' title='bbox 924 1347 974 1374; x_wconf 90' lang='lat' dir='ltr'><strong>pcr</strong></span> <span class='ocrx_word' id='word_1_385' title='bbox 991 1339 1016 1366; x_wconf 89' lang='lat' dir='ltr'><strong>id</strong></span> <span class='ocrx_word' id='word_1_386' title='bbox 1047 1343 1154 1372; x_wconf 87' lang='lat' dir='ltr'><strong>tempus</strong></span> <span class='ocrx_word' id='word_1_387' title='bbox 1180 1337 1310 1372; x_wconf 64' lang='lat' dir='ltr'><strong>praesides</strong></span> <span class='ocrx_word' id='word_1_388' title='bbox 1326 1340 1353 1363; x_wconf 86' lang='lat' dir='ltr'><strong>et</strong></span> <span class='ocrx_word' id='word_1_389' title='bbox 1366 1340 1485 1362; x_wconf 89' lang='lat' dir='ltr'><strong>rectores</strong></span> <span class='ocrx_word' id='word_1_390' title='bbox 1503 1334 1635 1369; x_wconf 79' lang='lat' dir='ltr'><strong>agricolas</strong></span> <span class='ocrx_word' id='word_1_391' title='bbox 1662 1341 1712 1361; x_wconf 81' lang='lat' dir='ltr'><strong>no-</strong></span> 
     </span>
    </p>
   </div>
   <div class='ocr_carea' id='block_1_58' title="bbox 924 1380 1711 1418">
    <p class='ocr_par' dir='ltr' id='par_1_58' title="bbox 924 1380 1711 1418">
     <span class='ocr_line' id='line_1_58' title="bbox 924 1380 1711 1418; baseline -0.008 -7"><span class='ocrx_word' id='word_1_392' title='bbox 924 1384 1037 1416; x_wconf 87' lang='lat' dir='ltr'><strong>minare,</strong></span> <span class='ocrx_word' id='word_1_393' title='bbox 1052 1384 1150 1418; x_wconf 86' lang='lat' dir='ltr'><strong>quibus</strong></span> <span class='ocrx_word' id='word_1_394' title='bbox 1164 1382 1307 1416; x_wconf 82' lang='lat' dir='ltr'><strong>lugendum</strong></span> <span class='ocrx_word' id='word_1_395' title='bbox 1324 1382 1477 1413; x_wconf 84' lang='lat' dir='ltr'><strong>continuat,</strong></span> <span class='ocrx_word' id='word_1_396' title='bbox 1496 1386 1525 1407; x_wconf 88' lang='lat' dir='ltr'><strong>ut</strong></span> <span class='ocrx_word' id='word_1_397' title='bbox 1540 1386 1601 1406; x_wconf 82' lang='lat' dir='ltr'><strong>mox</strong></span> <span class='ocrx_word' id='word_1_398' title='bbox 1620 1380 1711 1406; x_wconf 84' lang='lat' dir='ltr'><strong>omni-</strong></span> 
     </span>
    </p>
   </div>
   <div class='ocr_carea' id='block_1_59' title="bbox 923 1426 1710 1465">
    <p class='ocr_par' dir='ltr' id='par_1_59' title="bbox 923 1426 1710 1465">
     <span class='ocr_line' id='line_1_59' title="bbox 923 1426 1710 1465; baseline -0.004 -8"><span class='ocrx_word' id='word_1_399' title='bbox 923 1432 973 1457; x_wconf 86' lang='lat' dir='ltr'><strong>bus</strong></span> <span class='ocrx_word' id='word_1_400' title='bbox 989 1430 1034 1465; x_wconf 90' lang='lat' dir='ltr'><strong>qui</strong></span> <span class='ocrx_word' id='word_1_401' title='bbox 1053 1430 1078 1457; x_wconf 91' lang='lat' dir='ltr'><strong>in</strong></span> <span class='ocrx_word' id='word_1_402' title='bbox 1091 1429 1202 1464; x_wconf 76' lang='lat' dir='ltr'><strong>regione</strong></span> <span class='ocrx_word' id='word_1_403' title='bbox 1218 1432 1293 1460; x_wconf 89' lang='lat' dir='ltr'><strong>sunt,</strong></span> <span class='ocrx_word' id='word_1_404' title='bbox 1312 1428 1371 1456; x_wconf 80' lang='lat' dir='ltr'><strong>sive</strong></span> <span class='ocrx_word' id='word_1_405' title='bbox 1396 1432 1497 1454; x_wconf 86' lang='lat' dir='ltr'><strong>terram</strong></span> <span class='ocrx_word' id='word_1_406' title='bbox 1517 1426 1710 1459; x_wconf 75' lang='lat' dir='ltr'><strong>incolentibus,</strong></span> 
     </span>
    </p>
   </div>
   <div class='ocr_carea' id='block_1_60' title="bbox 923 1472 1709 1510">
    <p class='ocr_par' dir='ltr' id='par_1_60' title="bbox 923 1472 1709 1510">
     <span class='ocr_line' id='line_1_60' title="bbox 923 1472 1709 1510; baseline -0.005 -7"><span class='ocrx_word' id='word_1_407' title='bbox 923 1484 972 1504; x_wconf 85' lang='lat' dir='ltr'><strong>seu</strong></span> <span class='ocrx_word' id='word_1_408' title='bbox 991 1476 1136 1510; x_wconf 84' lang='lat' dir='ltr'><strong>indigenis,</strong></span> <span class='ocrx_word' id='word_1_409' title='bbox 1153 1476 1265 1504; x_wconf 77' lang='lat' dir='ltr'><strong>exitium</strong></span> <span class='ocrx_word' id='word_1_410' title='bbox 1278 1476 1305 1502; x_wconf 91' lang='lat' dir='ltr'><strong>in</strong></span> <span class='ocrx_word' id='word_1_411' title='bbox 1322 1474 1473 1502; x_wconf 81' lang='lat' dir='ltr'><strong>cervicibus</strong></span> <span class='ocrx_word' id='word_1_412' title='bbox 1490 1473 1624 1501; x_wconf 82' lang='lat' dir='ltr'><strong>habituris</strong></span> <span class='ocrx_word' id='word_1_413' title='bbox 1639 1481 1647 1499; x_wconf 83' lang='lat'><strong>:</strong></span> <span class='ocrx_word' id='word_1_414' title='bbox 1663 1472 1709 1507; x_wconf 90' lang='lat' dir='ltr'><strong>qui</strong></span> 
     </span>
    </p>
   </div>
   <div class='ocr_carea' id='block_1_61' title="bbox 923 1518 1708 1557">
    <p class='ocr_par' dir='ltr' id='par_1_61' title="bbox 923 1518 1708 1557">
     <span class='ocr_line' id='line_1_61' title="bbox 923 1518 1708 1557; baseline -0.006 -7"><span class='ocrx_word' id='word_1_415' title='bbox 923 1522 1031 1557; x_wconf 83' lang='lat' dir='ltr'><strong>quidem</strong></span> <span class='ocrx_word' id='word_1_416' title='bbox 1055 1522 1207 1556; x_wconf 68' lang='lat' dir='ltr'><strong>indigena),</strong></span> <span class='ocrx_word' id='word_1_417' title='bbox 1234 1520 1384 1552; x_wconf 84' lang='lat' dir='ltr'><strong>frumenti,</strong></span> <span class='ocrx_word' id='word_1_418' title='bbox 1413 1519 1505 1547; x_wconf 88' lang='lat' dir='ltr'><strong>hordei</strong></span> <span class='ocrx_word' id='word_1_419' title='bbox 1523 1523 1550 1546; x_wconf 89' lang='lat' dir='ltr'><strong>et</strong></span> <span class='ocrx_word' id='word_1_420' title='bbox 1574 1518 1708 1553; x_wconf 82' lang='lat' dir='ltr'><strong>lignorum</strong></span> 
     </span>
    </p>
   </div>
   <div class='ocr_carea' id='block_1_62' title="bbox 923 1564 1707 1604">
    <p class='ocr_par' dir='ltr' id='par_1_62' title="bbox 923 1564 1707 1604">
     <span class='ocr_line' id='line_1_62' title="bbox 923 1564 1707 1604; baseline -0.008 -8"><span class='ocrx_word' id='word_1_421' title='bbox 923 1568 1106 1604; x_wconf 83' lang='lat' dir='ltr'><strong>speciosorum</strong></span> <span class='ocrx_word' id='word_1_422' title='bbox 1118 1567 1258 1595; x_wconf 87' lang='lat' dir='ltr'><strong>vocabulis</strong></span> <span class='ocrx_word' id='word_1_423' title='bbox 1276 1565 1442 1600; x_wconf 79' lang='lat' dir='ltr'><strong>intelligendi</strong></span> <span class='ocrx_word' id='word_1_424' title='bbox 1458 1569 1532 1592; x_wconf 89' lang='lat' dir='ltr'><strong>sunt.</strong></span> <span class='ocrx_word' id='word_1_425' title='bbox 1546 1564 1707 1598; x_wconf 86' lang='lat' dir='ltr'><strong>Quanquam</strong></span> 
     </span>
    </p>
   </div>
   <div class='ocr_carea' id='block_1_63' title="bbox 91 1603 878 1646">
    <p class='ocr_par' dir='ltr' id='par_1_63' title="bbox 91 1603 871 1646">
     <span class='ocr_line' id='line_1_63' title="bbox 91 1603 871 1646; baseline 0.015 -19"><span class='ocrx_word' id='word_1_426' title='bbox 91 1608 136 1627; x_wconf 82' lang='grc' dir='ltr'><strong>των</strong></span> <span class='ocrx_word' id='word_1_427' title='bbox 147 1603 287 1639; x_wconf 79' lang='grc' dir='ltr'>ήδύναμις</span> <span class='ocrx_word' id='word_1_428' title='bbox 298 1607 520 1643; x_wconf 71' lang='grc' dir='ltr'>πρεπωδέστερον</span> <span class='ocrx_word' id='word_1_429' title='bbox 535 1617 586 1635; x_wconf 84' lang='grc' dir='ltr'><strong>που</strong></span> <span class='ocrx_word' id='word_1_430' title='bbox 596 1610 664 1644; x_wconf 77' lang='grc' dir='ltr'>τάχα</span> <span class='ocrx_word' id='word_1_431' title='bbox 675 1611 731 1642; x_wconf 83' lang='grc' dir='ltr'>τοῖς</span> <span class='ocrx_word' id='word_1_432' title='bbox 743 1611 871 1646; x_wconf 70' lang='grc' dir='ltr'>Γραμμαο</span> 
     </span>
    </p>
   </div>
   <div class='ocr_carea' id='block_1_64' title="bbox 926 1603 1709 1646">
    <p class='ocr_par' dir='ltr' id='par_1_64' title="bbox 926 1610 1709 1644">
     <span class='ocr_line' id='line_1_64' title="bbox 926 1610 1709 1644; baseline -0.009 -1"><span class='ocrx_word' id='word_1_433' title='bbox 926 1615 968 1644; x_wconf 88' lang='lat' dir='ltr'><strong>hic</strong></span> <span class='ocrx_word' id='word_1_434' title='bbox 982 1622 1078 1642; x_wconf 78' lang='lat' dir='ltr'><strong>sensus</strong></span> <span class='ocrx_word' id='word_1_435' title='bbox 1093 1613 1260 1641; x_wconf 86' lang='lat' dir='ltr'><strong>commodius</strong></span> <span class='ocrx_word' id='word_1_436' title='bbox 1275 1613 1390 1640; x_wconf 79' lang='lat' dir='ltr'><strong>fortasse</strong></span> <span class='ocrx_word' id='word_1_437' title='bbox 1405 1612 1432 1638; x_wconf 91' lang='lat' dir='ltr'><strong>in</strong></span> <span class='ocrx_word' id='word_1_438' title='bbox 1454 1611 1563 1639; x_wconf 86' lang='lat' dir='ltr'><strong>Scribas</strong></span> <span class='ocrx_word' id='word_1_439' title='bbox 1587 1615 1615 1638; x_wconf 84' lang='lat' dir='ltr'><strong>et</strong></span> <span class='ocrx_word' id='word_1_440' title='bbox 1635 1610 1709 1637; x_wconf 81' lang='lat' dir='ltr'><strong>Pha-</strong></span> 
     </span>
    </p>
   </div>
   <div class='ocr_carea' id='block_1_65' title="bbox 91 1647 867 1691">
    <p class='ocr_par' dir='ltr' id='par_1_65' title="bbox 91 1647 867 1691">
     <span class='ocr_line' id='line_1_65' title="bbox 91 1647 867 1691; baseline 0.014 -18"><span class='ocrx_word' id='word_1_441' title='bbox 91 1647 156 1674; x_wconf 79' lang='grc' dir='ltr'>τεῦσι</span> <span class='ocrx_word' id='word_1_442' title='bbox 180 1649 226 1675; x_wconf 81' lang='grc' dir='ltr'>καὶ</span> <span class='ocrx_word' id='word_1_443' title='bbox 250 1651 420 1687; x_wconf 80' lang='grc' dir='ltr'>Φαρισαίοις,</span> <span class='ocrx_word' id='word_1_444' title='bbox 449 1654 480 1680; x_wconf 82' lang='grc' dir='ltr'><strong>Οἳ</strong></span> <span class='ocrx_word' id='word_1_445' title='bbox 513 1655 560 1681; x_wconf 75' lang='grc' dir='ltr'>καὶ</span> <span class='ocrx_word' id='word_1_446' title='bbox 583 1655 709 1691; x_wconf 85' lang='grc' dir='ltr'>γηπόνων</span> <span class='ocrx_word' id='word_1_447' title='bbox 735 1657 764 1683; x_wconf 81' lang='grc' dir='ltr'>ὲν</span> <span class='ocrx_word' id='word_1_448' title='bbox 792 1657 867 1691; x_wconf 80' lang='grc' dir='ltr'>τάξει</span> 
     </span>
    </p>
   </div>
   <div class='ocr_carea' id='block_1_66' title="bbox 91 1693 869 1735">
    <p class='ocr_par' dir='ltr' id='par_1_66' title="bbox 91 1693 869 1735">
     <span class='ocr_line' id='line_1_66' title="bbox 91 1693 869 1735; baseline 0.017 -17"><span class='ocrx_word' id='word_1_449' title='bbox 91 1693 198 1728; x_wconf 79' lang='grc' dir='ltr'>κείμενοι</span> <span class='ocrx_word' id='word_1_450' title='bbox 215 1698 452 1733; x_wconf 76' lang='grc' dir='ltr'>πεπαρῳνήκασιν</span> <span class='ocrx_word' id='word_1_451' title='bbox 464 1700 504 1730; x_wconf 75' lang='grc' dir='ltr'>εἰς</span> <span class='ocrx_word' id='word_1_452' title='bbox 514 1700 643 1735; x_wconf 84' lang='grc' dir='ltr'>Χριστὸν,</span> <span class='ocrx_word' id='word_1_453' title='bbox 660 1702 828 1730; x_wconf 80' lang='grc' dir='ltr'>ἀπεκτόνασί</span> <span class='ocrx_word' id='word_1_454' title='bbox 838 1712 869 1730; x_wconf 86' lang='grc' dir='ltr'><strong>τε</strong></span> 
     </span>
    </p>
   </div>
   <div class='ocr_carea' id='block_1_67' title="bbox 90 1738 870 1783">
    <p class='ocr_par' dir='ltr' id='par_1_67' title="bbox 90 1738 870 1783">
     <span class='ocr_line' id='line_1_67' title="bbox 90 1738 870 1783; baseline 0.014 -18"><span class='ocrx_word' id='word_1_455' title='bbox 90 1738 129 1764; x_wconf 76' lang='grc' dir='ltr'><strong>τὸν</strong></span> <span class='ocrx_word' id='word_1_456' title='bbox 151 1740 327 1776; x_wconf 78' lang='grc' dir='ltr'>κληρονόμον,</span> <span class='ocrx_word' id='word_1_457' title='bbox 342 1743 375 1769; x_wconf 83' lang='grc' dir='ltr'><strong>ἵν’</strong></span> <span class='ocrx_word' id='word_1_458' title='bbox 392 1743 479 1778; x_wconf 79' lang='grc' dir='ltr'>ἔχοιεν</span> <span class='ocrx_word' id='word_1_459' title='bbox 494 1746 571 1772; x_wconf 76' lang='grc' dir='ltr'>αὐτοὶ</span> <span class='ocrx_word' id='word_1_460' title='bbox 580 1746 626 1773; x_wconf 81' lang='grc' dir='ltr'>τὸν</span> <span class='ocrx_word' id='word_1_461' title='bbox 637 1748 753 1783; x_wconf 87' lang='grc' dir='ltr'>καρπὸν,</span> <span class='ocrx_word' id='word_1_462' title='bbox 767 1749 870 1783; x_wconf 81' lang='grc' dir='ltr'>γένοιν-</span> 
     </span>
    </p>
   </div>
   <div class='ocr_carea' id='block_1_68' title="bbox 92 1784 870 1829">
    <p class='ocr_par' dir='ltr' id='par_1_68' title="bbox 92 1784 870 1829">
     <span class='ocr_line' id='line_1_68' title="bbox 92 1784 870 1829; baseline 0.013 -18"><span class='ocrx_word' id='word_1_463' title='bbox 92 1784 117 1811; x_wconf 83' lang='grc' dir='ltr'><strong>τό</strong></span> <span class='ocrx_word' id='word_1_464' title='bbox 139 1794 167 1812; x_wconf 84' lang='grc' dir='ltr'><strong>τε</strong></span> <span class='ocrx_word' id='word_1_465' title='bbox 187 1786 282 1814; x_wconf 74' lang='grc' dir='ltr'>λοιπὸν</span> <span class='ocrx_word' id='word_1_466' title='bbox 301 1788 350 1814; x_wconf 81' lang='grc' dir='ltr'><strong>τοῦ</strong></span> <span class='ocrx_word' id='word_1_467' title='bbox 378 1789 538 1823; x_wconf 82' lang='grc' dir='ltr'>ἀμπελῶνος</span> <span class='ocrx_word' id='word_1_468' title='bbox 561 1791 699 1829; x_wconf 83' lang='grc' dir='ltr'>δεσπόται,</span> <span class='ocrx_word' id='word_1_469' title='bbox 727 1795 870 1829; x_wconf 81' lang='grc' dir='ltr'>μονονουχὶ</span> 
     </span>
    </p>
   </div>
   <div class='ocr_carea' id='block_1_69' title="bbox 92 1828 870 1874">
    <p class='ocr_par' dir='ltr' id='par_1_69' title="bbox 92 1828 870 1874">
     <span class='ocr_line' id='line_1_69' title="bbox 92 1828 870 1874; baseline 0.013 -18"><span class='ocrx_word' id='word_1_470' title='bbox 92 1829 164 1864; x_wconf 77' lang='grc' dir='ltr'>ληῖοις</span> <span class='ocrx_word' id='word_1_471' title='bbox 175 1831 269 1868; x_wconf 77' lang='grc' dir='ltr'>ὥσπερ</span> <span class='ocrx_word' id='word_1_472' title='bbox 290 1834 514 1868; x_wconf 78' lang='grc' dir='ltr'>ἐπαγαλλώμενοι</span> <span class='ocrx_word' id='word_1_473' title='bbox 536 1837 568 1872; x_wconf 83' lang='grc' dir='ltr'><strong>τῇ</strong></span> <span class='ocrx_word' id='word_1_474' title='bbox 584 1828 743 1874; x_wconf 77' lang='grc' dir='ltr'>πολυάνδρῳ</span> <span class='ocrx_word' id='word_1_475' title='bbox 769 1839 870 1874; x_wconf 82' lang='grc' dir='ltr'>πληούῖ</span> 
     </span>
    </p>
   </div>
   <div class='ocr_carea' id='block_1_70' title="bbox 92 1876 870 1920">
    <p class='ocr_par' dir='ltr' id='par_1_70' title="bbox 92 1876 870 1920">
     <span class='ocr_line' id='line_1_70' title="bbox 92 1876 870 1920; baseline 0.015 -18"><span class='ocrx_word' id='word_1_476' title='bbox 92 1876 137 1902; x_wconf 80' lang='grc' dir='ltr'>τῶν</span> <span class='ocrx_word' id='word_1_477' title='bbox 148 1877 366 1915; x_wconf 80' lang='grc' dir='ltr'>ὑποζευγμένων,</span> <span class='ocrx_word' id='word_1_478' title='bbox 389 1882 436 1908; x_wconf 75' lang='grc' dir='ltr'>καὶ</span> <span class='ocrx_word' id='word_1_479' title='bbox 456 1883 520 1914; x_wconf 83' lang='grc' dir='ltr'>τοὺς</span> <span class='ocrx_word' id='word_1_480' title='bbox 536 1883 564 1909; x_wconf 78' lang='grc' dir='ltr'>ὲν</span> <span class='ocrx_word' id='word_1_481' title='bbox 580 1883 672 1915; x_wconf 81' lang='grc' dir='ltr'>αὐτοῖς</span> <span class='ocrx_word' id='word_1_482' title='bbox 689 1885 731 1911; x_wconf 85' lang='grc' dir='ltr'>ὄτι</span> <span class='ocrx_word' id='word_1_483' title='bbox 752 1886 870 1920; x_wconf 85' lang='grc' dir='ltr'>μάλιστα</span> 
     </span>
    </p>
   </div>
   <div class='ocr_carea' id='block_1_71' title="bbox 92 1921 868 1965">
    <p class='ocr_par' dir='ltr' id='par_1_71' title="bbox 92 1921 868 1965">
     <span class='ocr_line' id='line_1_71' title="bbox 92 1921 868 1965; baseline 0.014 -17"><span class='ocrx_word' id='word_1_484' title='bbox 92 1921 229 1958; x_wconf 74' lang='grc' dir='ltr'>λαμπροὺς,</span> <span class='ocrx_word' id='word_1_485' title='bbox 241 1925 279 1957; x_wconf 83' lang='grc' dir='ltr'><strong>ὡς</strong></span> <span class='ocrx_word' id='word_1_486' title='bbox 294 1926 371 1961; x_wconf 79' lang='grc' dir='ltr'>ῥοὰν,</span> <span class='ocrx_word' id='word_1_487' title='bbox 392 1927 429 1958; x_wconf 83' lang='grc' dir='ltr'>ὡς</span> <span class='ocrx_word' id='word_1_488' title='bbox 446 1928 531 1963; x_wconf 84' lang='grc' dir='ltr'>μῆλον</span> <span class='ocrx_word' id='word_1_489' title='bbox 545 1929 705 1965; x_wconf 80' lang='grc' dir='ltr'>ἀποτρυγᾷν</span> <span class='ocrx_word' id='word_1_490' title='bbox 727 1932 868 1964; x_wconf 78' lang='grc' dir='ltr'>εἰωθότας.</span> 
     </span>
    </p>
   </div>
   <div class='ocr_carea' id='block_1_72' title="bbox 97 1967 869 2012">
    <p class='ocr_par' dir='ltr' id='par_1_72' title="bbox 97 1967 869 2012">
     <span class='ocr_line' id='line_1_72' title="bbox 97 1967 869 2012; baseline 0.013 -18"><span class='ocrx_word' id='word_1_491' title='bbox 97 1967 233 1996; x_wconf 80' lang='grc' dir='ltr'>Ἀλλ“εἷλεν</span> <span class='ocrx_word' id='word_1_492' title='bbox 251 1972 352 2003; x_wconf 79' lang='grc' dir='ltr'>αὐτοὺς</span> <span class='ocrx_word' id='word_1_493' title='bbox 363 1973 378 1999; x_wconf 91' lang='grc' dir='ltr'><strong>ό</strong></span> <span class='ocrx_word' id='word_1_494' title='bbox 396 1973 538 2008; x_wconf 86' lang='grc' dir='ltr'>Ῥωμαίων</span> <span class='ocrx_word' id='word_1_495' title='bbox 555 1974 683 2010; x_wconf 83' lang='grc' dir='ltr'>πόλεμος,</span> <span class='ocrx_word' id='word_1_496' title='bbox 700 1976 869 2012; x_wconf 83' lang='grc' dir='ltr'>δεδαπάνηκε</span> 
     </span>
    </p>
   </div>
   <div class='ocr_carea' id='block_1_73' title="bbox 93 2014 870 2056">
    <p class='ocr_par' dir='ltr' id='par_1_73' title="bbox 93 2014 870 2056">
     <span class='ocr_line' id='line_1_73' title="bbox 93 2014 870 2056; baseline 0.01 -15"><span class='ocrx_word' id='word_1_497' title='bbox 93 2014 167 2048; x_wconf 79' lang='grc' dir='ltr'>μέγαν</span> <span class='ocrx_word' id='word_1_498' title='bbox 182 2016 226 2042; x_wconf 72' lang='grc' dir='ltr'>καὶ</span> <span class='ocrx_word' id='word_1_499' title='bbox 242 2018 351 2052; x_wconf 77' lang='grc' dir='ltr'>μικρὸν,</span> <span class='ocrx_word' id='word_1_500' title='bbox 372 2017 497 2054; x_wconf 84' lang='grc' dir='ltr'>λαμπρόν</span> <span class='ocrx_word' id='word_1_501' title='bbox 513 2028 542 2046; x_wconf 86' lang='grc' dir='ltr'><strong>τε</strong></span> <span class='ocrx_word' id='word_1_502' title='bbox 558 2020 605 2047; x_wconf 75' lang='grc' dir='ltr'>καὶ</span> <span class='ocrx_word' id='word_1_503' title='bbox 625 2021 771 2056; x_wconf 75' lang='grc' dir='ltr'>ἐπίσημον,</span> <span class='ocrx_word' id='word_1_504' title='bbox 788 2023 826 2054; x_wconf 83' lang='grc' dir='ltr'>ὡς</span> <span class='ocrx_word' id='word_1_505' title='bbox 840 2024 870 2050; x_wconf 82' lang='grc' dir='ltr'>ὲν</span> 
     </span>
    </p>
   </div>
   <div class='ocr_carea' id='block_1_74' title="bbox 92 2062 869 2101">
    <p class='ocr_par' dir='ltr' id='par_1_74' title="bbox 92 2062 869 2101">
     <span class='ocr_line' id='line_1_74' title="bbox 92 2062 869 2101; baseline 0.012 -15"><span class='ocrx_word' id='word_1_506' title='bbox 92 2062 175 2092; x_wconf 79' lang='grc' dir='ltr'>συκαῖς</span> <span class='ocrx_word' id='word_1_507' title='bbox 197 2063 378 2098; x_wconf 80' lang='grc' dir='ltr'>νοουμένους,</span> <span class='ocrx_word' id='word_1_508' title='bbox 401 2065 526 2101; x_wconf 83' lang='grc' dir='ltr'>καθάπερ</span> <span class='ocrx_word' id='word_1_509' title='bbox 554 2066 622 2101; x_wconf 60' lang='grc' dir='ltr'>ἔφην</span> <span class='ocrx_word' id='word_1_510' title='bbox 646 2067 756 2101; x_wconf 82' lang='grc' dir='ltr'>ἀρτίως,</span> <span class='ocrx_word' id='word_1_511' title='bbox 781 2068 818 2100; x_wconf 87' lang='grc' dir='ltr'><strong>ὡς</strong></span> <span class='ocrx_word' id='word_1_512' title='bbox 841 2070 869 2095; x_wconf 76' lang='grc' dir='ltr'>ὲν</span> 
     </span>
    </p>
   </div>
   <div class='ocr_carea' id='block_1_75' title="bbox 91 2106 867 2147">
    <p class='ocr_par' dir='ltr' id='par_1_75' title="bbox 91 2106 867 2147">
     <span class='ocr_line' id='line_1_75' title="bbox 91 2106 867 2147; baseline 0.012 -15"><span class='ocrx_word' id='word_1_513' title='bbox 91 2106 192 2141; x_wconf 74' lang='grc' dir='ltr'>ἀμπέλῳ</span> <span class='ocrx_word' id='word_1_514' title='bbox 205 2109 295 2144; x_wconf 77' lang='grc' dir='ltr'>τυχὸν,</span> <span class='ocrx_word' id='word_1_515' title='bbox 313 2109 413 2144; x_wconf 77' lang='grc' dir='ltr'>φοίνικι</span> <span class='ocrx_word' id='word_1_516' title='bbox 429 2120 458 2137; x_wconf 83' lang='grc' dir='ltr'><strong>τε</strong></span> <span class='ocrx_word' id='word_1_517' title='bbox 475 2112 522 2138; x_wconf 76' lang='grc' dir='ltr'><strong>καὶ</strong></span> <span class='ocrx_word' id='word_1_518' title='bbox 545 2112 632 2147; x_wconf 85' lang='grc' dir='ltr'>μήλῳ,</span> <span class='ocrx_word' id='word_1_519' title='bbox 652 2113 698 2139; x_wconf 78' lang='grc' dir='ltr'>καὶ</span> <span class='ocrx_word' id='word_1_520' title='bbox 713 2113 742 2140; x_wconf 78' lang='grc' dir='ltr'>ὲν</span> <span class='ocrx_word' id='word_1_521' title='bbox 767 2113 867 2146; x_wconf 79' lang='grc' dir='ltr'>ξύλοις,</span> 
     </span>
    </p>
   </div>
   <div class='ocr_carea' id='block_1_76' title="bbox 91 2150 869 2194">
    <p class='ocr_par' dir='ltr' id='par_1_76' title="bbox 91 2150 869 2194">
     <span class='ocr_line' id='line_1_76' title="bbox 91 2150 869 2194; baseline 0.01 -16"><span class='ocrx_word' id='word_1_522' title='bbox 91 2150 124 2182; x_wconf 77' lang='grc' dir='ltr'><strong>ὡς</strong></span> <span class='ocrx_word' id='word_1_523' title='bbox 134 2153 160 2179; x_wconf 83' lang='grc' dir='ltr'>ὲν</span> <span class='ocrx_word' id='word_1_524' title='bbox 172 2153 248 2190; x_wconf 83' lang='grc' dir='ltr'>κριθῇ</span> <span class='ocrx_word' id='word_1_525' title='bbox 268 2155 316 2181; x_wconf 82' lang='grc' dir='ltr'><strong>καὶ</strong></span> <span class='ocrx_word' id='word_1_526' title='bbox 329 2156 408 2191; x_wconf 82' lang='grc' dir='ltr'>πυρῷ</span> <span class='ocrx_word' id='word_1_527' title='bbox 418 2164 424 2170; x_wconf 85' lang='grc'><em>’</em></span> <span class='ocrx_word' id='word_1_528' title='bbox 440 2156 562 2192; x_wconf 72' lang='grc' dir='ltr'>διάφοροι</span> <span class='ocrx_word' id='word_1_529' title='bbox 578 2158 631 2194; x_wconf 82' lang='grc' dir='ltr'><strong>γὰρ</strong></span> <span class='ocrx_word' id='word_1_530' title='bbox 645 2159 671 2185; x_wconf 73' lang='lat' dir='ltr'><strong>ot</strong></span> <span class='ocrx_word' id='word_1_531' title='bbox 688 2159 802 2194; x_wconf 82' lang='grc' dir='ltr'>τρόποι,</span> <span class='ocrx_word' id='word_1_532' title='bbox 823 2160 869 2186; x_wconf 77' lang='grc' dir='ltr'>καὶ</span> 
     </span>
    </p>
   </div>
   <div class='ocr_carea' id='block_1_77' title="bbox 92 2197 869 2240">
    <p class='ocr_par' dir='ltr' id='par_1_77' title="bbox 92 2197 869 2240">
     <span class='ocr_line' id='line_1_77' title="bbox 92 2197 869 2240; baseline 0.01 -16"><span class='ocrx_word' id='word_1_533' title='bbox 92 2197 132 2233; x_wconf 72' lang='grc' dir='ltr'><strong>οὐχ</strong></span> <span class='ocrx_word' id='word_1_534' title='bbox 150 2199 176 2225; x_wconf 86' lang='grc' dir='ltr'>ὲν</span> <span class='ocrx_word' id='word_1_535' title='bbox 195 2200 280 2228; x_wconf 78' lang='grc' dir='ltr'>ἅπασι</span> <span class='ocrx_word' id='word_1_536' title='bbox 295 2201 342 2228; x_wconf 86' lang='grc' dir='ltr'><strong>τοῦ</strong></span> <span class='ocrx_word' id='word_1_537' title='bbox 366 2202 422 2237; x_wconf 82' lang='grc' dir='ltr'>βίου</span> <span class='ocrx_word' id='word_1_538' title='bbox 437 2203 468 2229; x_wconf 81' lang='grc' dir='ltr'>τὸ</span> <span class='ocrx_word' id='word_1_539' title='bbox 485 2203 594 2239; x_wconf 84' lang='grc' dir='ltr'>μέτρον.</span> <span class='ocrx_word' id='word_1_540' title='bbox 616 2205 724 2240; x_wconf 84' lang='grc' dir='ltr'>Ἐπειδὴ</span> <span class='ocrx_word' id='word_1_541' title='bbox 744 2205 773 2231; x_wconf 87' lang='grc' dir='ltr'>δὲ</span> <span class='ocrx_word' id='word_1_542' title='bbox 796 2205 869 2238; x_wconf 70' lang='grc' dir='ltr'>ἅπαξ</span> 
     </span>
    </p>
   </div>
   <div class='ocr_carea' id='block_1_78' title="bbox 91 2244 868 2286">
    <p class='ocr_par' dir='ltr' id='par_1_78' title="bbox 91 2244 868 2286">
     <span class='ocr_line' id='line_1_78' title="bbox 91 2244 868 2286; baseline 0.008 -14"><span class='ocrx_word' id='word_1_543' title='bbox 91 2244 157 2280; x_wconf 78' lang='grc' dir='ltr'>ἀγρῷ</span> <span class='ocrx_word' id='word_1_544' title='bbox 171 2247 320 2282; x_wconf 81' lang='grc' dir='ltr'>παρείκασε</span> <span class='ocrx_word' id='word_1_545' title='bbox 336 2249 386 2284; x_wconf 86' lang='grc' dir='ltr'>τὴν</span> <span class='ocrx_word' id='word_1_546' title='bbox 405 2249 458 2284; x_wconf 80' lang='grc' dir='ltr'>γῆν</span> <span class='ocrx_word' id='word_1_547' title='bbox 473 2248 527 2276; x_wconf 83' lang='grc' dir='ltr'><strong>τῶν</strong></span> <span class='ocrx_word' id='word_1_548' title='bbox 555 2250 697 2282; x_wconf 86' lang='grc' dir='ltr'>Ἰουδαίων,</span> <span class='ocrx_word' id='word_1_549' title='bbox 713 2251 761 2277; x_wconf 80' lang='grc' dir='ltr'>καὶ</span> <span class='ocrx_word' id='word_1_550' title='bbox 780 2252 868 2286; x_wconf 74' lang='grc' dir='ltr'>γηπό-</span> 
     </span>
    </p>
   </div>
   <div class='ocr_carea' id='block_1_79' title="bbox 921 1657 1707 1694">
    <p class='ocr_par' dir='ltr' id='par_1_79' title="bbox 921 1657 1707 1694">
     <span class='ocr_line' id='line_1_79' title="bbox 921 1657 1707 1694; baseline -0.009 -6"><span class='ocrx_word' id='word_1_551' title='bbox 921 1661 1014 1688; x_wconf 72' lang='grc' dir='ltr'>ῐίείοοε</span> <span class='ocrx_word' id='word_1_552' title='bbox 1029 1660 1187 1692; x_wconf 81' lang='lat' dir='ltr'><strong>conveniet,</strong></span> <span class='ocrx_word' id='word_1_553' title='bbox 1203 1659 1249 1694; x_wconf 88' lang='lat' dir='ltr'><strong>qui</strong></span> <span class='ocrx_word' id='word_1_554' title='bbox 1265 1657 1447 1693; x_wconf 76' lang='lat' dir='ltr'><strong>agricolarum</strong></span> <span class='ocrx_word' id='word_1_555' title='bbox 1466 1657 1556 1684; x_wconf 89' lang='lat' dir='ltr'><strong>locum</strong></span> <span class='ocrx_word' id='word_1_556' title='bbox 1573 1660 1707 1687; x_wconf 78' lang='lat' dir='ltr'><strong>tenentes,</strong></span> 
     </span>
    </p>
   </div>
   <div class='ocr_carea' id='block_1_80' title="bbox 920 1702 1706 1741">
    <p class='ocr_par' dir='ltr' id='par_1_80' title="bbox 920 1702 1706 1741">
     <span class='ocr_line' id='line_1_80' title="bbox 920 1702 1706 1741; baseline -0.01 -6"><span class='ocrx_word' id='word_1_557' title='bbox 920 1708 946 1735; x_wconf 93' lang='lat' dir='ltr'><strong>in</strong></span> <span class='ocrx_word' id='word_1_558' title='bbox 959 1707 1096 1735; x_wconf 89' lang='lat' dir='ltr'><strong>Christum</strong></span> <span class='ocrx_word' id='word_1_559' title='bbox 1114 1714 1143 1734; x_wconf 90' lang='lat' dir='ltr'><strong>se</strong></span> <span class='ocrx_word' id='word_1_560' title='bbox 1158 1706 1303 1741; x_wconf 83' lang='lat' dir='ltr'><strong>injuriosos</strong></span> <span class='ocrx_word' id='word_1_561' title='bbox 1319 1704 1502 1739; x_wconf 68' lang='lat' dir='ltr'><strong>prmbuerunt,</strong></span> <span class='ocrx_word' id='word_1_562' title='bbox 1522 1708 1549 1731; x_wconf 88' lang='lat' dir='ltr'><strong>et</strong></span> <span class='ocrx_word' id='word_1_563' title='bbox 1571 1702 1706 1730; x_wconf 66' lang='lat' dir='ltr'><strong>haeredem</strong></span> 
     </span>
    </p>
   </div>
   <div class='ocr_carea' id='block_1_81' title="bbox 920 1748 1703 1784">
    <p class='ocr_par' dir='ltr' id='par_1_81' title="bbox 920 1748 1703 1784">
     <span class='ocr_line' id='line_1_81' title="bbox 920 1748 1703 1784; baseline -0.008 -4"><span class='ocrx_word' id='word_1_564' title='bbox 920 1753 1088 1784; x_wconf 86' lang='lat' dir='ltr'><strong>occiderunt,</strong></span> <span class='ocrx_word' id='word_1_565' title='bbox 1104 1757 1133 1778; x_wconf 90' lang='lat' dir='ltr'><strong>ut</strong></span> <span class='ocrx_word' id='word_1_566' title='bbox 1148 1751 1197 1778; x_wconf 86' lang='lat' dir='ltr'><strong>sibi</strong></span> <span class='ocrx_word' id='word_1_567' title='bbox 1215 1751 1333 1778; x_wconf 82' lang='lat' dir='ltr'><strong>fructum</strong></span> <span class='ocrx_word' id='word_1_568' title='bbox 1347 1750 1528 1782; x_wconf 87' lang='lat' dir='ltr'><strong>vindicarent,</strong></span> <span class='ocrx_word' id='word_1_569' title='bbox 1543 1756 1574 1775; x_wconf 89' lang='lat' dir='ltr'><strong>ac</strong></span> <span class='ocrx_word' id='word_1_570' title='bbox 1601 1748 1634 1775; x_wconf 83' lang='lat' dir='ltr'><strong>de</strong></span> <span class='ocrx_word' id='word_1_571' title='bbox 1648 1755 1703 1774; x_wconf 67' lang='lat' dir='ltr'><strong>caa-</strong></span> 
     </span>
    </p>
   </div>
   <div class='ocr_carea' id='block_1_82' title="bbox 922 1793 1707 1832">
    <p class='ocr_par' dir='ltr' id='par_1_82' title="bbox 922 1793 1707 1832">
     <span class='ocr_line' id='line_1_82' title="bbox 922 1793 1707 1832; baseline -0.008 -6"><span class='ocrx_word' id='word_1_572' title='bbox 922 1804 979 1826; x_wconf 89' lang='lat' dir='ltr'><strong>tero</strong></span> <span class='ocrx_word' id='word_1_573' title='bbox 994 1799 1099 1825; x_wconf 84' lang='lat' dir='ltr'><strong>vincam</strong></span> <span class='ocrx_word' id='word_1_574' title='bbox 1119 1797 1288 1832; x_wconf 82' lang='lat' dir='ltr'><strong>possiderent</strong></span> <span class='ocrx_word' id='word_1_575' title='bbox 1300 1816 1308 1828; x_wconf 87' lang='lat'><strong>,</strong></span> <span class='ocrx_word' id='word_1_576' title='bbox 1327 1796 1428 1830; x_wconf 79' lang='lat' dir='ltr'><strong>ingenti</strong></span> <span class='ocrx_word' id='word_1_577' title='bbox 1446 1795 1616 1822; x_wconf 84' lang='lat' dir='ltr'><strong>subditorum</strong></span> <span class='ocrx_word' id='word_1_578' title='bbox 1635 1793 1707 1820; x_wconf 91' lang='lat' dir='ltr'><strong>mul-</strong></span> 
     </span>
    </p>
   </div>
   <div class='ocr_carea' id='block_1_83' title="bbox 921 1841 1709 1877">
    <p class='ocr_par' dir='ltr' id='par_1_83' title="bbox 921 1841 1709 1877">
     <span class='ocr_line' id='line_1_83' title="bbox 921 1841 1709 1877; baseline -0.005 -6"><span class='ocrx_word' id='word_1_579' title='bbox 921 1845 1034 1871; x_wconf 84' lang='lat' dir='ltr'><strong>titudine</strong></span> <span class='ocrx_word' id='word_1_580' title='bbox 1063 1848 1167 1870; x_wconf 86' lang='lat' dir='ltr'><strong>tantum</strong></span> <span class='ocrx_word' id='word_1_581' title='bbox 1195 1850 1247 1869; x_wconf 91' lang='lat' dir='ltr'><strong>non</strong></span> <span class='ocrx_word' id='word_1_582' title='bbox 1273 1846 1301 1869; x_wconf 89' lang='lat' dir='ltr'><strong>ut</strong></span> <span class='ocrx_word' id='word_1_583' title='bbox 1323 1843 1460 1877; x_wconf 81' lang='lat' dir='ltr'><strong>segetibus</strong></span> <span class='ocrx_word' id='word_1_584' title='bbox 1487 1841 1666 1872; x_wconf 83' lang='lat' dir='ltr'><strong>exsultantes,</strong></span> <span class='ocrx_word' id='word_1_585' title='bbox 1681 1845 1709 1866; x_wconf 82' lang='lat' dir='ltr'><strong>et</strong></span> 
     </span>
    </p>
   </div>
   <div class='ocr_carea' id='block_1_84' title="bbox 921 1886 1710 1923">
    <p class='ocr_par' dir='ltr' id='par_1_84' title="bbox 921 1886 1710 1923">
     <span class='ocr_line' id='line_1_84' title="bbox 921 1886 1710 1923; baseline -0.009 -5"><span class='ocrx_word' id='word_1_586' title='bbox 921 1891 948 1918; x_wconf 89' lang='lat' dir='ltr'><strong>in</strong></span> <span class='ocrx_word' id='word_1_587' title='bbox 984 1897 1014 1916; x_wconf 87' lang='lat' dir='ltr'><strong>ea</strong></span> <span class='ocrx_word' id='word_1_588' title='bbox 1039 1889 1136 1923; x_wconf 89' lang='lat' dir='ltr'><strong>opibus</strong></span> <span class='ocrx_word' id='word_1_589' title='bbox 1163 1887 1357 1915; x_wconf 87' lang='lat' dir='ltr'><strong>eminentiores</strong></span> <span class='ocrx_word' id='word_1_590' title='bbox 1383 1891 1413 1914; x_wconf 94' lang='lat' dir='ltr'><strong>ut</strong></span> <span class='ocrx_word' id='word_1_591' title='bbox 1445 1886 1514 1913; x_wconf 82' lang='lat' dir='ltr'><strong>mala</strong></span> <span class='ocrx_word' id='word_1_592' title='bbox 1540 1890 1652 1920; x_wconf 84' lang='lat' dir='ltr'><strong>grauata</strong></span> <span class='ocrx_word' id='word_1_593' title='bbox 1681 1890 1710 1912; x_wconf 87' lang='lat' dir='ltr'><strong>et</strong></span> 
     </span>
    </p>
   </div>
   <div class='ocr_carea' id='block_1_85' title="bbox 919 1931 1707 1972">
    <p class='ocr_par' dir='ltr' id='par_1_85' title="bbox 919 1931 1707 1972">
     <span class='ocr_line' id='line_1_85' title="bbox 919 1931 1707 1972; baseline -0.009 -9"><span class='ocrx_word' id='word_1_594' title='bbox 919 1943 999 1972; x_wconf 88' lang='lat' dir='ltr'><strong>poma</strong></span> <span class='ocrx_word' id='word_1_595' title='bbox 1014 1936 1161 1969; x_wconf 87' lang='lat' dir='ltr'><strong>decerpere</strong></span> <span class='ocrx_word' id='word_1_596' title='bbox 1173 1933 1256 1961; x_wconf 88' lang='lat' dir='ltr'><strong>soliti.</strong></span> <span class='ocrx_word' id='word_1_597' title='bbox 1273 1932 1326 1960; x_wconf 88' lang='lat' dir='ltr'><strong>Sed</strong></span> <span class='ocrx_word' id='word_1_598' title='bbox 1342 1940 1388 1960; x_wconf 86' lang='lat' dir='ltr'><strong>eos</strong></span> <span class='ocrx_word' id='word_1_599' title='bbox 1412 1931 1600 1966; x_wconf 88' lang='lat' dir='ltr'><strong>pessumdedit</strong></span> <span class='ocrx_word' id='word_1_600' title='bbox 1616 1938 1629 1957; x_wconf 87' lang='lat' dir='ltr'><strong>a</strong></span> <span class='ocrx_word' id='word_1_601' title='bbox 1652 1931 1707 1958; x_wconf 77' lang='lat' dir='ltr'><strong>Ro-</strong></span> 
     </span>
    </p>
   </div>
   <div class='ocr_carea' id='block_1_86' title="bbox 920 1977 1709 2014">
    <p class='ocr_par' dir='ltr' id='par_1_86' title="bbox 920 1977 1709 2014">
     <span class='ocr_line' id='line_1_86' title="bbox 920 1977 1709 2014; baseline -0.006 -6"><span class='ocrx_word' id='word_1_602' title='bbox 920 1981 1008 2009; x_wconf 79' lang='lat' dir='ltr'><strong>manis</strong></span> <span class='ocrx_word' id='word_1_603' title='bbox 1034 1980 1144 2012; x_wconf 86' lang='lat' dir='ltr'><strong>bellum,</strong></span> <span class='ocrx_word' id='word_1_604' title='bbox 1173 1986 1300 2014; x_wconf 83' lang='lat' dir='ltr'><strong>magnum</strong></span> <span class='ocrx_word' id='word_1_605' title='bbox 1327 1983 1354 2005; x_wconf 90' lang='lat' dir='ltr'><strong>et</strong></span> <span class='ocrx_word' id='word_1_606' title='bbox 1374 1985 1498 2013; x_wconf 85' lang='lat' dir='ltr'><strong>parvum,</strong></span> <span class='ocrx_word' id='word_1_607' title='bbox 1528 1977 1659 2004; x_wconf 84' lang='lat' dir='ltr'><strong>illustrem</strong></span> <span class='ocrx_word' id='word_1_608' title='bbox 1682 1979 1709 2004; x_wconf 77' lang='lat' dir='ltr'><strong>et</strong></span> 
     </span>
    </p>
   </div>
   <div class='ocr_carea' id='block_1_87' title="bbox 920 2022 1707 2060">
    <p class='ocr_par' dir='ltr' id='par_1_87' title="bbox 920 2022 1707 2060">
     <span class='ocr_line' id='line_1_87' title="bbox 920 2022 1707 2060; baseline -0.008 -6"><span class='ocrx_word' id='word_1_609' title='bbox 920 2027 1065 2054; x_wconf 87' lang='lat' dir='ltr'><strong>obscurum</strong></span> <span class='ocrx_word' id='word_1_610' title='bbox 1082 2025 1261 2060; x_wconf 86' lang='lat' dir='ltr'><strong>consumpsit,</strong></span> <span class='ocrx_word' id='word_1_611' title='bbox 1277 2025 1356 2059; x_wconf 88' lang='lat' dir='ltr'><strong>quasi</strong></span> <span class='ocrx_word' id='word_1_612' title='bbox 1375 2024 1442 2051; x_wconf 82' lang='lat' dir='ltr'><strong>ﬁcus</strong></span> <span class='ocrx_word' id='word_1_613' title='bbox 1456 2044 1463 2056; x_wconf 93' lang='lat'><strong>,</strong></span> <span class='ocrx_word' id='word_1_614' title='bbox 1487 2028 1517 2049; x_wconf 91' lang='lat' dir='ltr'><strong>ut</strong></span> <span class='ocrx_word' id='word_1_615' title='bbox 1533 2023 1612 2050; x_wconf 90' lang='lat' dir='ltr'><strong>modo</strong></span> <span class='ocrx_word' id='word_1_616' title='bbox 1626 2022 1681 2049; x_wconf 86' lang='lat' dir='ltr'><strong>dixi</strong></span> <span class='ocrx_word' id='word_1_617' title='bbox 1698 2041 1707 2054; x_wconf 82' lang='grc'><strong>,</strong></span> 
     </span>
    </p>
   </div>
   <div class='ocr_carea' id='block_1_88' title="bbox 920 2067 1705 2107">
    <p class='ocr_par' dir='ltr' id='par_1_88' title="bbox 920 2067 1705 2107">
     <span class='ocr_line' id='line_1_88' title="bbox 920 2067 1705 2107; baseline -0.008 -8"><span class='ocrx_word' id='word_1_618' title='bbox 920 2073 997 2107; x_wconf 82' lang='lat' dir='ltr'><strong>quasi</strong></span> <span class='ocrx_word' id='word_1_619' title='bbox 1012 2073 1090 2104; x_wconf 84' lang='lat' dir='ltr'><strong>vites,</strong></span> <span class='ocrx_word' id='word_1_620' title='bbox 1104 2072 1234 2107; x_wconf 75' lang='lat' dir='ltr'><strong>palmata.</strong></span> <span class='ocrx_word' id='word_1_621' title='bbox 1251 2071 1364 2102; x_wconf 84' lang='lat' dir='ltr'><strong>malum,</strong></span> <span class='ocrx_word' id='word_1_622' title='bbox 1377 2070 1459 2104; x_wconf 78' lang='lat' dir='ltr'><strong>ligna,</strong></span> <span class='ocrx_word' id='word_1_623' title='bbox 1479 2069 1622 2100; x_wconf 81' lang='lat' dir='ltr'><strong>hordeum,</strong></span> <span class='ocrx_word' id='word_1_624' title='bbox 1648 2067 1705 2094; x_wconf 80' lang='lat' dir='ltr'><strong>fru-</strong></span> 
     </span>
    </p>
   </div>
   <div class='ocr_carea' id='block_1_89' title="bbox 921 2113 1708 2146">
    <p class='ocr_par' dir='ltr' id='par_1_89' title="bbox 921 2113 1708 2146">
     <span class='ocr_line' id='line_1_89' title="bbox 921 2113 1708 2146; baseline -0.008 -1"><span class='ocrx_word' id='word_1_625' title='bbox 921 2122 1040 2145; x_wconf 82' lang='lat' dir='ltr'><strong>mentum</strong></span> <span class='ocrx_word' id='word_1_626' title='bbox 1051 2120 1067 2144; x_wconf 89' lang='lat'><strong>&#39;:</strong></span> <span class='ocrx_word' id='word_1_627' title='bbox 1083 2121 1189 2144; x_wconf 82' lang='lat' dir='ltr'><strong>nonest</strong></span> <span class='ocrx_word' id='word_1_628' title='bbox 1204 2116 1275 2143; x_wconf 91' lang='lat' dir='ltr'><strong>enim</strong></span> <span class='ocrx_word' id='word_1_629' title='bbox 1291 2116 1412 2144; x_wconf 89' lang='lat' dir='ltr'><strong>omnium</strong></span> <span class='ocrx_word' id='word_1_630' title='bbox 1429 2122 1481 2142; x_wconf 91' lang='lat' dir='ltr'><strong>una</strong></span> <span class='ocrx_word' id='word_1_631' title='bbox 1503 2113 1611 2142; x_wconf 75' lang='lat' dir='ltr'><strong>vivendi</strong></span> <span class='ocrx_word' id='word_1_632' title='bbox 1627 2113 1708 2146; x_wconf 80' lang='lat' dir='ltr'><strong>ratio,</strong></span> 
     </span>
    </p>
   </div>
   <div class='ocr_carea' id='block_1_90' title="bbox 919 2161 1708 2196">
    <p class='ocr_par' dir='ltr' id='par_1_90' title="bbox 919 2161 1708 2196">
     <span class='ocr_line' id='line_1_90' title="bbox 919 2161 1708 2196; baseline -0.009 -4"><span class='ocrx_word' id='word_1_633' title='bbox 919 2169 947 2192; x_wconf 83' lang='lat' dir='ltr'><strong>et</strong></span> <span class='ocrx_word' id='word_1_634' title='bbox 963 2164 1126 2192; x_wconf 87' lang='lat' dir='ltr'><strong>institutum.</strong></span> <span class='ocrx_word' id='word_1_635' title='bbox 1146 2162 1215 2196; x_wconf 84' lang='lat' dir='ltr'><strong>Quia</strong></span> <span class='ocrx_word' id='word_1_636' title='bbox 1229 2170 1293 2189; x_wconf 89' lang='lat' dir='ltr'><strong>vero</strong></span> <span class='ocrx_word' id='word_1_637' title='bbox 1306 2162 1388 2189; x_wconf 87' lang='lat' dir='ltr'><strong>semel</strong></span> <span class='ocrx_word' id='word_1_638' title='bbox 1404 2161 1523 2188; x_wconf 71' lang='lat' dir='ltr'><strong>Judzeam</strong></span> <span class='ocrx_word' id='word_1_639' title='bbox 1546 2167 1611 2194; x_wconf 87' lang='lat' dir='ltr'><strong>agro</strong></span> <span class='ocrx_word' id='word_1_640' title='bbox 1633 2166 1708 2186; x_wconf 80' lang='lat' dir='ltr'><strong>eom~</strong></span> 
     </span>
    </p>
   </div>
   <div class='ocr_carea' id='block_1_91' title="bbox 920 2203 1708 2245">
    <p class='ocr_par' dir='ltr' id='par_1_91' title="bbox 920 2203 1708 2245">
     <span class='ocr_line' id='line_1_91' title="bbox 920 2203 1708 2245; baseline -0.009 -8"><span class='ocrx_word' id='word_1_641' title='bbox 920 2210 1037 2245; x_wconf 87' lang='lat' dir='ltr'><strong>paravit,</strong></span> <span class='ocrx_word' id='word_1_642' title='bbox 1061 2214 1089 2236; x_wconf 89' lang='lat' dir='ltr'><strong>et.</strong></span> <span class='ocrx_word' id='word_1_643' title='bbox 1117 2208 1254 2243; x_wconf 85' lang='lat' dir='ltr'><strong>principes</strong></span> <span class='ocrx_word' id='word_1_644' title='bbox 1283 2208 1356 2242; x_wconf 88' lang='lat' dir='ltr'><strong>ipsos</strong></span> <span class='ocrx_word' id='word_1_645' title='bbox 1386 2206 1520 2242; x_wconf 80' lang='lat' dir='ltr'><strong>agricolas</strong></span> <span class='ocrx_word' id='word_1_646' title='bbox 1544 2203 1708 2236; x_wconf 76' lang='lat' dir='ltr'><strong>nominavit,</strong></span> 
     </span>
    </p>
   </div>
   <div class='ocr_carea' id='block_1_92' title="bbox 921 2251 1709 2287">
    <p class='ocr_par' dir='ltr' id='par_1_92' title="bbox 921 2251 1709 2287">
     <span class='ocr_line' id='line_1_92' title="bbox 921 2251 1709 2287; baseline -0.005 -5"><span class='ocrx_word' id='word_1_647' title='bbox 921 2256 947 2282; x_wconf 94' lang='lat' dir='ltr'><strong>in</strong></span> <span class='ocrx_word' id='word_1_648' title='bbox 964 2255 1144 2283; x_wconf 81' lang='lat' dir='ltr'><strong>translatione</strong></span> <span class='ocrx_word' id='word_1_649' title='bbox 1163 2254 1274 2287; x_wconf 78' lang='lat' dir='ltr'><strong>mansit,</strong></span> <span class='ocrx_word' id='word_1_650' title='bbox 1291 2258 1318 2281; x_wconf 87' lang='lat' dir='ltr'><strong>et</strong></span> <span class='ocrx_word' id='word_1_651' title='bbox 1333 2253 1456 2281; x_wconf 89' lang='lat' dir='ltr'><strong>subditos</strong></span> <span class='ocrx_word' id='word_1_652' title='bbox 1468 2260 1528 2279; x_wconf 89' lang='lat' dir='ltr'><strong>cum</strong></span> <span class='ocrx_word' id='word_1_653' title='bbox 1547 2251 1614 2278; x_wconf 82' lang='lat' dir='ltr'><strong>satis</strong></span> <span class='ocrx_word' id='word_1_654' title='bbox 1627 2255 1709 2285; x_wconf 76' lang='lat' dir='ltr'><strong>atquo</strong></span> 
     </span>
    </p>
   </div>
   <div class='ocr_carea' id='block_1_93' title="bbox 92 2289 878 2336">
    <p class='ocr_par' dir='ltr' id='par_1_93' title="bbox 92 2291 866 2330">
     <span class='ocr_line' id='line_1_93' title="bbox 92 2291 866 2330; baseline 0.006 -12"><span class='ocrx_word' id='word_1_655' title='bbox 92 2297 143 2322; x_wconf 73' lang='lat' dir='ltr'><strong>Wuc</strong></span> <span class='ocrx_word' id='word_1_656' title='bbox 161 2291 283 2327; x_wconf 82' lang='grc' dir='ltr'>ὠνόμασε</span> <span class='ocrx_word' id='word_1_657' title='bbox 307 2293 369 2326; x_wconf 81' lang='grc' dir='ltr'>τοὺς</span> <span class='ocrx_word' id='word_1_658' title='bbox 387 2295 600 2329; x_wconf 84' lang='grc' dir='ltr'>προεστηκότας,</span> <span class='ocrx_word' id='word_1_659' title='bbox 617 2296 736 2323; x_wconf 80' lang='grc' dir='ltr'>σέσωκεν</span> <span class='ocrx_word' id='word_1_660' title='bbox 757 2298 772 2323; x_wconf 81' lang='grc' dir='ltr'>ὁ</span> <span class='ocrx_word' id='word_1_661' title='bbox 787 2296 866 2330; x_wconf 83' lang='grc' dir='ltr'>λόγος</span> 
     </span>
    </p>
   </div>
   <div class='ocr_carea' id='block_1_94' title="bbox 926 2289 1600 2336">
    <p class='ocr_par' dir='ltr' id='par_1_94' title="bbox 926 2297 1600 2336">
     <span class='ocr_line' id='line_1_94' title="bbox 926 2297 1600 2336; baseline -0.009 -7"><span class='ocrx_word' id='word_1_662' title='bbox 926 2301 1072 2332; x_wconf 81' lang='lat' dir='ltr'><strong>trboribus.</strong></span> <span class='ocrx_word' id='word_1_663' title='bbox 1087 2301 1139 2328; x_wconf 86' lang='lat' dir='ltr'><strong>alia</strong></span> <span class='ocrx_word' id='word_1_664' title='bbox 1155 2305 1236 2336; x_wconf 88' lang='lat' dir='ltr'><strong>atque</strong></span> <span class='ocrx_word' id='word_1_665' title='bbox 1248 2300 1299 2327; x_wconf 86' lang='lat' dir='ltr'><strong>alia</strong></span> <span class='ocrx_word' id='word_1_666' title='bbox 1314 2299 1348 2327; x_wconf 89' lang='lat' dir='ltr'><strong>de</strong></span> <span class='ocrx_word' id='word_1_667' title='bbox 1372 2306 1455 2326; x_wconf 87' lang='lat' dir='ltr'><strong>causa</strong></span> <span class='ocrx_word' id='word_1_668' title='bbox 1476 2297 1600 2325; x_wconf 84' lang='lat' dir='ltr'><strong>contulit.</strong></span> 
     </span>
    </p>
   </div>
   <div class='ocr_carea' id='block_1_95' title="bbox 93 2335 867 2377">
    <p class='ocr_par' dir='ltr' id='par_1_95' title="bbox 93 2335 867 2377">
     <span class='ocr_line' id='line_1_95' title="bbox 93 2335 867 2377; baseline 0.009 -15"><span class='ocrx_word' id='word_1_669' title='bbox 93 2335 162 2372; x_wconf 80' lang='grc' dir='ltr'>μέχρι</span> <span class='ocrx_word' id='word_1_670' title='bbox 177 2339 273 2371; x_wconf 77' lang='grc' dir='ltr'>παντὸς</span> <span class='ocrx_word' id='word_1_671' title='bbox 297 2339 346 2375; x_wconf 82' lang='grc' dir='ltr'>τὴν</span> <span class='ocrx_word' id='word_1_672' title='bbox 369 2340 537 2376; x_wconf 80' lang='grc' dir='ltr'>μεταφορὰν,</span> <span class='ocrx_word' id='word_1_673' title='bbox 558 2341 644 2377; x_wconf 82' lang='grc' dir='ltr'>ληῖοις</span> <span class='ocrx_word' id='word_1_674' title='bbox 660 2351 689 2368; x_wconf 88' lang='grc' dir='ltr'><strong>τε</strong></span> <span class='ocrx_word' id='word_1_675' title='bbox 711 2343 759 2369; x_wconf 65' lang='grc' dir='ltr'>καὶ</span> <span class='ocrx_word' id='word_1_676' title='bbox 778 2342 867 2374; x_wconf 80' lang='grc' dir='ltr'>ξύλοις</span> 
     </span>
    </p>
   </div>
   <div class='ocr_carea' id='block_1_96' title="bbox 92 2382 866 2421">
    <p class='ocr_par' dir='ltr' id='par_1_96' title="bbox 92 2382 866 2421">
     <span class='ocr_line' id='line_1_96' title="bbox 92 2382 866 2421; baseline 0.009 -13"><span class='ocrx_word' id='word_1_677' title='bbox 92 2382 152 2409; x_wconf 77' lang='grc' dir='ltr'>κατὰ</span> <span class='ocrx_word' id='word_1_678' title='bbox 160 2383 282 2420; x_wconf 79' lang='grc' dir='ltr'>διάφορον</span> <span class='ocrx_word' id='word_1_679' title='bbox 296 2385 396 2421; x_wconf 85' lang='grc' dir='ltr'>τρόπον</span> <span class='ocrx_word' id='word_1_680' title='bbox 408 2386 591 2421; x_wconf 80' lang='grc' dir='ltr'>παραϐάλλων</span> <span class='ocrx_word' id='word_1_681' title='bbox 611 2388 673 2420; x_wconf 81' lang='grc' dir='ltr'>τοὺς</span> <span class='ocrx_word' id='word_1_682' title='bbox 694 2388 740 2414; x_wconf 79' lang='grc' dir='ltr'><strong>ὑπ’</strong></span> <span class='ocrx_word' id='word_1_683' title='bbox 757 2388 866 2419; x_wconf 83' lang='grc' dir='ltr'>αὐτούς.</span> 
     </span>
    </p>
   </div>
   <div class='ocr_carea' id='block_1_97' title="bbox 121 2428 868 2470">
    <p class='ocr_par' dir='ltr' id='par_1_97' title="bbox 121 2428 868 2470">
     <span class='ocr_line' id='line_1_97' title="bbox 121 2428 868 2470; baseline 0.003 -12"><span class='ocrx_word' id='word_1_684' title='bbox 121 2428 148 2458; x_wconf 77' lang='grc' dir='ltr'><strong>Εἰ</strong></span> <span class='ocrx_word' id='word_1_685' title='bbox 167 2430 193 2456; x_wconf 80' lang='grc' dir='ltr'>δὲ</span> <span class='ocrx_word' id='word_1_686' title='bbox 212 2431 244 2466; x_wconf 79' lang='grc' dir='ltr'>δή</span> <span class='ocrx_word' id='word_1_687' title='bbox 267 2440 308 2463; x_wconf 88' lang='grc' dir='ltr'><strong>τις</strong></span> <span class='ocrx_word' id='word_1_688' title='bbox 330 2431 411 2459; x_wconf 81' lang='grc' dir='ltr'>οἴοιτο</span> <span class='ocrx_word' id='word_1_689' title='bbox 425 2433 465 2464; x_wconf 82' lang='grc' dir='ltr'>εἰς</span> <span class='ocrx_word' id='word_1_690' title='bbox 481 2432 611 2468; x_wconf 73' lang='grc' dir='ltr'>ἐξήγησιν</span> <span class='ocrx_word' id='word_1_691' title='bbox 629 2433 727 2468; x_wconf 79' lang='grc' dir='ltr'>ἠθικὴν</span> <span class='ocrx_word' id='word_1_692' title='bbox 743 2434 822 2461; x_wconf 76' lang='grc' dir='ltr'>ταυτὶ</span> <span class='ocrx_word' id='word_1_693' title='bbox 835 2434 868 2470; x_wconf 83' lang='grc' dir='ltr'>δὴ</span> 
     </span>
    </p>
   </div>
   <div class='ocr_carea' id='block_1_98' title="bbox 92 2474 868 2516">
    <p class='ocr_par' dir='ltr' id='par_1_98' title="bbox 92 2474 868 2516">
     <span class='ocr_line' id='line_1_98' title="bbox 92 2474 868 2516; baseline 0.008 -15"><span class='ocrx_word' id='word_1_694' title='bbox 92 2474 175 2509; x_wconf 74' lang='grc' dir='ltr'>χρῆναι</span> <span class='ocrx_word' id='word_1_695' title='bbox 189 2478 392 2513; x_wconf 75' lang='grc' dir='ltr'>μετακομίζειν,</span> <span class='ocrx_word' id='word_1_696' title='bbox 407 2480 537 2515; x_wconf 83' lang='grc' dir='ltr'>φρονήσει</span> <span class='ocrx_word' id='word_1_697' title='bbox 551 2479 651 2511; x_wconf 85' lang='grc' dir='ltr'>καλῶς.</span> <span class='ocrx_word' id='word_1_698' title='bbox 664 2480 868 2516; x_wconf 81' lang='grc' dir='ltr'>ΙΙαρεικαστέον</span> 
     </span>
    </p>
   </div>
   <div class='ocr_carea' id='block_1_99' title="bbox 93 2520 868 2561">
    <p class='ocr_par' dir='ltr' id='par_1_99' title="bbox 93 2520 868 2561">
     <span class='ocr_line' id='line_1_99' title="bbox 93 2520 868 2561; baseline 0.01 -16"><span class='ocrx_word' id='word_1_699' title='bbox 93 2520 138 2554; x_wconf 74' lang='grc' dir='ltr'>γὰρ</span> <span class='ocrx_word' id='word_1_700' title='bbox 152 2521 266 2556; x_wconf 75' lang='grc' dir='ltr'>ἀρεταῖς.</span> <span class='ocrx_word' id='word_1_701' title='bbox 281 2524 328 2550; x_wconf 73' lang='grc' dir='ltr'>καὶ</span> <span class='ocrx_word' id='word_1_702' title='bbox 342 2525 397 2555; x_wconf 84' lang='grc' dir='ltr'>τοῖς</span> <span class='ocrx_word' id='word_1_703' title='bbox 409 2525 450 2555; x_wconf 83' lang='grc' dir='ltr'><strong>εις</strong></span> <span class='ocrx_word' id='word_1_704' title='bbox 465 2524 527 2551; x_wconf 82' lang='grc' dir='ltr'>νοῦν</span> <span class='ocrx_word' id='word_1_705' title='bbox 543 2525 762 2561; x_wconf 82' lang='grc' dir='ltr'>κατορθώμασιν,</span> <span class='ocrx_word' id='word_1_706' title='bbox 778 2526 868 2560; x_wconf 81' lang='grc' dir='ltr'>ἄμπε-</span> 
     </span>
    </p>
   </div>
   <div class='ocr_carea' id='block_1_100' title="bbox 93 2562 867 2608">
    <p class='ocr_par' dir='ltr' id='par_1_100' title="bbox 93 2562 867 2608">
     <span class='ocr_line' id='line_1_100' title="bbox 93 2562 867 2608; baseline 0.013 -19"><span class='ocrx_word' id='word_1_707' title='bbox 93 2562 139 2598; x_wconf 78' lang='grc' dir='ltr'>λον,</span> <span class='ocrx_word' id='word_1_708' title='bbox 153 2568 196 2594; x_wconf 72' lang='grc' dir='ltr'>καὶ</span> <span class='ocrx_word' id='word_1_709' title='bbox 212 2569 306 2604; x_wconf 81' lang='grc' dir='ltr'>συκῆν,</span> <span class='ocrx_word' id='word_1_710' title='bbox 325 2570 372 2596; x_wconf 76' lang='grc' dir='ltr'>καὶ</span> <span class='ocrx_word' id='word_1_711' title='bbox 385 2571 420 2597; x_wconf 85' lang='grc' dir='ltr'><strong>τὰ</strong></span> <span class='ocrx_word' id='word_1_712' title='bbox 433 2571 514 2606; x_wconf 73' lang='grc' dir='ltr'>ἕτερα</span> <span class='ocrx_word' id='word_1_713' title='bbox 528 2571 581 2598; x_wconf 86' lang='grc' dir='ltr'>τῶν</span> <span class='ocrx_word' id='word_1_714' title='bbox 596 2571 693 2605; x_wconf 80' lang='grc' dir='ltr'>ξύλων,</span> <span class='ocrx_word' id='word_1_715' title='bbox 718 2572 736 2599; x_wconf 72' lang='grc' dir='ltr'>ἃ</span> <span class='ocrx_word' id='word_1_716' title='bbox 752 2573 867 2608; x_wconf 79' lang='grc' dir='ltr'>καρποῖς</span> 
     </span>
    </p>
   </div>
   <div class='ocr_carea' id='block_1_101' title="bbox 93 2609 866 2654">
    <p class='ocr_par' dir='ltr' id='par_1_101' title="bbox 93 2609 866 2654">
     <span class='ocr_line' id='line_1_101' title="bbox 93 2609 866 2654; baseline 0.01 -17"><span class='ocrx_word' id='word_1_717' title='bbox 93 2609 192 2644; x_wconf 76' lang='grc' dir='ltr'>ὡραίοις</span> <span class='ocrx_word' id='word_1_718' title='bbox 216 2615 412 2648; x_wconf 77' lang='grc' dir='ltr'>στεφανοῦσθαι</span> <span class='ocrx_word' id='word_1_719' title='bbox 438 2617 519 2651; x_wconf 86' lang='grc' dir='ltr'>φιλεῖ.</span> <span class='ocrx_word' id='word_1_720' title='bbox 543 2617 613 2643; x_wconf 84' lang='grc' dir='ltr'>Ἀλλ’</span> <span class='ocrx_word' id='word_1_721' title='bbox 638 2618 662 2643; x_wconf 81' lang='grc' dir='ltr'>εἰ</span> <span class='ocrx_word' id='word_1_722' title='bbox 683 2617 732 2652; x_wconf 75' lang='grc' dir='ltr'>μὲν</span> <span class='ocrx_word' id='word_1_723' title='bbox 755 2626 798 2650; x_wconf 87' lang='grc' dir='ltr'><strong>τις</strong></span> <span class='ocrx_word' id='word_1_724' title='bbox 823 2618 866 2654; x_wconf 75' lang='grc' dir='ltr'>εἴη</span> 
     </span>
    </p>
   </div>
   <div class='ocr_carea' id='block_1_102' title="bbox 94 2657 869 2700">
    <p class='ocr_par' dir='ltr' id='par_1_102' title="bbox 94 2657 869 2700">
     <span class='ocr_line' id='line_1_102' title="bbox 94 2657 869 2700; baseline 0.008 -14"><span class='ocrx_word' id='word_1_725' title='bbox 94 2657 163 2691; x_wconf 82' lang='grc' dir='ltr'>σοφὸς</span> <span class='ocrx_word' id='word_1_726' title='bbox 186 2661 232 2687; x_wconf 79' lang='grc' dir='ltr'>καὶ</span> <span class='ocrx_word' id='word_1_727' title='bbox 257 2662 395 2698; x_wconf 83' lang='grc' dir='ltr'>ἀγχίνους,</span> <span class='ocrx_word' id='word_1_728' title='bbox 413 2664 462 2691; x_wconf 81' lang='grc' dir='ltr'>καὶ</span> <span class='ocrx_word' id='word_1_729' title='bbox 485 2664 651 2700; x_wconf 77' lang='grc' dir='ltr'>αὐχημάτων</span> <span class='ocrx_word' id='word_1_730' title='bbox 675 2665 785 2699; x_wconf 79' lang='grc' dir='ltr'>ἀγαθῶν</span> <span class='ocrx_word' id='word_1_731' title='bbox 809 2667 869 2692; x_wconf 78' lang='grc' dir='ltr'>ἑπι-</span> 
     </span>
    </p>
   </div>
   <div class='ocr_carea' id='block_1_103' title="bbox 96 2703 868 2743">
    <p class='ocr_par' dir='ltr' id='par_1_103' title="bbox 96 2703 868 2743">
     <span class='ocr_line' id='line_1_103' title="bbox 96 2703 868 2743; baseline 0.01 -13"><span class='ocrx_word' id='word_1_732' title='bbox 96 2703 218 2740; x_wconf 80' lang='grc' dir='ltr'>μελητὴς,</span> <span class='ocrx_word' id='word_1_733' title='bbox 242 2707 344 2743; x_wconf 82' lang='grc' dir='ltr'>εὐανθῆ</span> <span class='ocrx_word' id='word_1_734' title='bbox 366 2717 396 2735; x_wconf 81' lang='grc' dir='ltr'><strong>τε</strong></span> <span class='ocrx_word' id='word_1_735' title='bbox 413 2710 460 2736; x_wconf 76' lang='grc' dir='ltr'>καὶ</span> <span class='ocrx_word' id='word_1_736' title='bbox 474 2709 585 2743; x_wconf 79' lang='grc' dir='ltr'>εῠξυλον</span> <span class='ocrx_word' id='word_1_737' title='bbox 611 2710 658 2737; x_wconf 81' lang='grc' dir='ltr'>τὸν</span> <span class='ocrx_word' id='word_1_738' title='bbox 680 2711 720 2742; x_wconf 84' lang='grc' dir='ltr'>εἰς</span> <span class='ocrx_word' id='word_1_739' title='bbox 736 2710 797 2738; x_wconf 83' lang='grc' dir='ltr'>νοῦν</span> <span class='ocrx_word' id='word_1_740' title='bbox 820 2711 868 2738; x_wconf 80' lang='grc' dir='ltr'>καὶ</span> 
     </span>
    </p>
   </div>
   <div class='ocr_carea' id='block_1_104' title="bbox 93 2750 867 2792">
    <p class='ocr_par' dir='ltr' id='par_1_104' title="bbox 93 2750 867 2792">
     <span class='ocr_line' id='line_1_104' title="bbox 93 2750 867 2792; baseline 0.008 -15"><span class='ocrx_word' id='word_1_741' title='bbox 93 2750 192 2784; x_wconf 74' lang='grc' dir='ltr'>καρδίαν</span> <span class='ocrx_word' id='word_1_742' title='bbox 211 2753 320 2789; x_wconf 67' lang='grc' dir='ltr'>φορέσαι</span> <span class='ocrx_word' id='word_1_743' title='bbox 329 2755 427 2790; x_wconf 83' lang='grc' dir='ltr'>κῆπον,</span> <span class='ocrx_word' id='word_1_744' title='bbox 443 2756 568 2791; x_wconf 79' lang='grc' dir='ltr'>πολυειδῆ</span> <span class='ocrx_word' id='word_1_745' title='bbox 584 2755 634 2791; x_wconf 79' lang='grc' dir='ltr'>τὴν</span> <span class='ocrx_word' id='word_1_746' title='bbox 647 2756 746 2792; x_wconf 82' lang='grc' dir='ltr'>ἀρετὴν</span> <span class='ocrx_word' id='word_1_747' title='bbox 759 2757 867 2792; x_wconf 81' lang='grc' dir='ltr'>τρέφων</span> 
     </span>
    </p>
   </div>
   <div class='ocr_carea' id='block_1_105' title="bbox 95 2794 866 2837">
    <p class='ocr_par' dir='ltr' id='par_1_105' title="bbox 95 2794 866 2837">
     <span class='ocr_line' id='line_1_105' title="bbox 95 2794 866 2837; baseline 0.012 -18"><span class='ocrx_word' id='word_1_748' title='bbox 95 2794 119 2820; x_wconf 74' lang='grc' dir='ltr'>ἐν</span> <span class='ocrx_word' id='word_1_749' title='bbox 131 2796 223 2832; x_wconf 72' lang='grc' dir='ltr'>ἑαυτῷ,</span> <span class='ocrx_word' id='word_1_750' title='bbox 249 2800 295 2826; x_wconf 72' lang='grc' dir='ltr'>καὶ</span> <span class='ocrx_word' id='word_1_751' title='bbox 311 2800 400 2827; x_wconf 81' lang='grc' dir='ltr'>πάντα</span> <span class='ocrx_word' id='word_1_752' title='bbox 421 2802 521 2837; x_wconf 82' lang='grc' dir='ltr'>τρόπον</span> <span class='ocrx_word' id='word_1_753' title='bbox 545 2801 704 2833; x_wconf 74' lang='grc' dir='ltr'>ἐπιεικείας.</span> <span class='ocrx_word' id='word_1_754' title='bbox 732 2802 763 2828; x_wconf 84' lang='grc' dir='ltr'><strong>Εί</strong></span> <span class='ocrx_word' id='word_1_755' title='bbox 785 2802 813 2828; x_wconf 78' lang='grc' dir='ltr'>δὲ</span> <span class='ocrx_word' id='word_1_756' title='bbox 834 2801 866 2837; x_wconf 79' lang='grc' dir='ltr'>δὴ</span> 
     </span>
    </p>
   </div>
   <div class='ocr_carea' id='block_1_106' title="bbox 95 2840 866 2882">
    <p class='ocr_par' dir='ltr' id='par_1_106' title="bbox 95 2840 866 2882">
     <span class='ocr_line' id='line_1_106' title="bbox 95 2840 866 2882; baseline 0.001 -9"><span class='ocrx_word' id='word_1_757' title='bbox 95 2840 200 2877; x_wconf 64' lang='grc' dir='ltr'>ῥάθυμος</span> <span class='ocrx_word' id='word_1_758' title='bbox 222 2845 269 2871; x_wconf 74' lang='grc' dir='ltr'>καὶ</span> <span class='ocrx_word' id='word_1_759' title='bbox 293 2846 450 2882; x_wconf 76' lang='grc' dir='ltr'>φιλήδονος,</span> <span class='ocrx_word' id='word_1_760' title='bbox 474 2847 521 2874; x_wconf 76' lang='grc' dir='ltr'>καὶ</span> <span class='ocrx_word' id='word_1_761' title='bbox 542 2847 608 2874; x_wconf 83' lang='grc' dir='ltr'>πολὺ</span> <span class='ocrx_word' id='word_1_762' title='bbox 624 2847 684 2874; x_wconf 83' lang='grc' dir='ltr'>λίαν</span> <span class='ocrx_word' id='word_1_763' title='bbox 700 2847 866 2880; x_wconf 79' lang='grc' dir='ltr'>ὲκνινευκὼς</span> 
     </span>
    </p>
   </div>
   <div class='ocr_carea' id='block_1_107' title="bbox 95 2886 865 2928">
    <p class='ocr_par' dir='ltr' id='par_1_107' title="bbox 95 2886 865 2928">
     <span class='ocr_line' id='line_1_107' title="bbox 95 2886 865 2928; baseline 0.013 -15"><span class='ocrx_word' id='word_1_764' title='bbox 95 2886 136 2914; x_wconf 75' lang='grc' dir='ltr'><strong>ἐπὶ</strong></span> <span class='ocrx_word' id='word_1_765' title='bbox 148 2888 179 2916; x_wconf 83' lang='grc' dir='ltr'><strong>’ιά</strong></span> <span class='ocrx_word' id='word_1_766' title='bbox 193 2890 298 2927; x_wconf 72' lang='grc' dir='ltr'>αἰσχίω,</span> <span class='ocrx_word' id='word_1_767' title='bbox 315 2893 515 2928; x_wconf 73' lang='grc' dir='ltr'>καταθρηνήσει</span> <span class='ocrx_word' id='word_1_768' title='bbox 531 2893 649 2926; x_wconf 82' lang='grc' dir='ltr'>πάντως,</span> <span class='ocrx_word' id='word_1_769' title='bbox 665 2893 865 2927; x_wconf 80' lang='grc' dir='ltr'>μαοαινομένης</span> 
     </span>
    </p>
   </div>
   <div class='ocr_carea' id='block_1_108' title="bbox 952 2420 1705 2465">
    <p class='ocr_par' dir='ltr' id='par_1_108' title="bbox 952 2420 1705 2465">
     <span class='ocr_line' id='line_1_108' title="bbox 952 2420 1705 2465; baseline -0.009 -7"><span class='ocrx_word' id='word_1_770' title='bbox 952 2431 980 2458; x_wconf 88' lang='lat' dir='ltr'><strong>Si</strong></span> <span class='ocrx_word' id='word_1_771' title='bbox 1007 2431 1067 2465; x_wconf 88' lang='lat' dir='ltr'><strong>quis</strong></span> <span class='ocrx_word' id='word_1_772' title='bbox 1089 2430 1146 2457; x_wconf 68' lang='lat' dir='ltr'><strong>haec</strong></span> <span class='ocrx_word' id='word_1_773' title='bbox 1163 2430 1198 2457; x_wconf 89' lang='lat' dir='ltr'><strong>ad</strong></span> <span class='ocrx_word' id='word_1_774' title='bbox 1228 2429 1359 2456; x_wconf 86' lang='lat' dir='ltr'><strong>moralem</strong></span> <span class='ocrx_word' id='word_1_775' title='bbox 1380 2420 1576 2462; x_wconf 82' lang='lat' dir='ltr'><strong>expositionem</strong></span> <span class='ocrx_word' id='word_1_776' title='bbox 1597 2431 1705 2452; x_wconf 81' lang='lat' dir='ltr'><strong>accom-</strong></span> 
     </span>
    </p>
   </div>
   <div class='ocr_carea' id='block_1_109' title="bbox 917 2469 1706 2511">
    <p class='ocr_par' dir='ltr' id='par_1_109' title="bbox 917 2469 1706 2511">
     <span class='ocr_line' id='line_1_109' title="bbox 917 2469 1706 2511; baseline -0.009 -7"><span class='ocrx_word' id='word_1_777' title='bbox 917 2477 1049 2505; x_wconf 68' lang='lat' dir='ltr'><strong>modanda</strong></span> <span class='ocrx_word' id='word_1_778' title='bbox 1067 2475 1183 2511; x_wconf 85' lang='lat' dir='ltr'><strong>putabit,</strong></span> <span class='ocrx_word' id='word_1_779' title='bbox 1201 2479 1278 2502; x_wconf 85' lang='lat' dir='ltr'><strong>recte</strong></span> <span class='ocrx_word' id='word_1_780' title='bbox 1290 2473 1407 2509; x_wconf 84' lang='lat' dir='ltr'><strong>putabit.</strong></span> <span class='ocrx_word' id='word_1_781' title='bbox 1436 2470 1614 2500; x_wconf 63' lang='lat' dir='ltr'><strong>Confercndaa</strong></span> <span class='ocrx_word' id='word_1_782' title='bbox 1631 2469 1706 2497; x_wconf 89' lang='lat' dir='ltr'><strong>enim</strong></span> 
     </span>
    </p>
   </div>
   <div class='ocr_carea' id='block_1_110' title="bbox 919 2515 1704 2555">
    <p class='ocr_par' dir='ltr' id='par_1_110' title="bbox 919 2515 1704 2555">
     <span class='ocr_line' id='line_1_110' title="bbox 919 2515 1704 2555; baseline -0.011 -4"><span class='ocrx_word' id='word_1_783' title='bbox 919 2527 984 2551; x_wconf 86' lang='lat' dir='ltr'><strong>sunt</strong></span> <span class='ocrx_word' id='word_1_784' title='bbox 997 2522 1124 2554; x_wconf 82' lang='lat' dir='ltr'><strong>virtutes,</strong></span> <span class='ocrx_word' id='word_1_785' title='bbox 1139 2526 1167 2548; x_wconf 88' lang='lat' dir='ltr'><strong>et</strong></span> <span class='ocrx_word' id='word_1_786' title='bbox 1184 2520 1320 2555; x_wconf 63' lang='lat' dir='ltr'><strong>praeclarae</strong></span> <span class='ocrx_word' id='word_1_787' title='bbox 1334 2518 1457 2546; x_wconf 87' lang='lat' dir='ltr'><strong>actiones</strong></span> <span class='ocrx_word' id='word_1_788' title='bbox 1478 2517 1562 2544; x_wconf 90' lang='lat' dir='ltr'><strong>animi</strong></span> <span class='ocrx_word' id='word_1_789' title='bbox 1579 2524 1640 2544; x_wconf 89' lang='lat' dir='ltr'><strong>cum</strong></span> <span class='ocrx_word' id='word_1_790' title='bbox 1663 2515 1704 2542; x_wconf 86' lang='lat' dir='ltr'><strong>vi-</strong></span> 
     </span>
    </p>
   </div>
   <div class='ocr_carea' id='block_1_111' title="bbox 921 2563 1705 2600">
    <p class='ocr_par' dir='ltr' id='par_1_111' title="bbox 921 2563 1705 2600">
     <span class='ocr_line' id='line_1_111' title="bbox 921 2563 1705 2600; baseline -0.008 -5"><span class='ocrx_word' id='word_1_791' title='bbox 921 2576 984 2600; x_wconf 81' lang='lat' dir='ltr'><strong>nea.</strong></span> <span class='ocrx_word' id='word_1_792' title='bbox 1009 2567 1111 2594; x_wconf 81' lang='lat' dir='ltr'><strong>licubus</strong></span> <span class='ocrx_word' id='word_1_793' title='bbox 1123 2570 1149 2593; x_wconf 85' lang='lat' dir='ltr'><strong>et</strong></span> <span class='ocrx_word' id='word_1_794' title='bbox 1173 2565 1326 2595; x_wconf 85' lang='lat' dir='ltr'><strong>arboribus,</strong></span> <span class='ocrx_word' id='word_1_795' title='bbox 1344 2572 1405 2598; x_wconf 71' lang='lat' dir='ltr'><strong>qua:</strong></span> <span class='ocrx_word' id='word_1_796' title='bbox 1430 2564 1562 2591; x_wconf 84' lang='lat' dir='ltr'><strong>iructibus</strong></span> <span class='ocrx_word' id='word_1_797' title='bbox 1578 2563 1705 2598; x_wconf 88' lang='lat' dir='ltr'><strong>pulcher-</strong></span> 
     </span>
    </p>
   </div>
   <div class='ocr_carea' id='block_1_112' title="bbox 919 2607 1704 2645">
    <p class='ocr_par' dir='ltr' id='par_1_112' title="bbox 919 2607 1704 2645">
     <span class='ocr_line' id='line_1_112' title="bbox 919 2607 1704 2645; baseline -0.009 -5"><span class='ocrx_word' id='word_1_798' title='bbox 919 2613 995 2640; x_wconf 91' lang='lat' dir='ltr'><strong>rimis</strong></span> <span class='ocrx_word' id='word_1_799' title='bbox 1007 2613 1177 2640; x_wconf 82' lang='lat' dir='ltr'><strong>decorantur.</strong></span> <span class='ocrx_word' id='word_1_800' title='bbox 1198 2610 1274 2644; x_wconf 84' lang='lat' dir='ltr'><strong>Quod</strong></span> <span class='ocrx_word' id='word_1_801' title='bbox 1288 2611 1309 2638; x_wconf 92' lang='lat' dir='ltr'><strong>si</strong></span> <span class='ocrx_word' id='word_1_802' title='bbox 1325 2610 1385 2645; x_wconf 87' lang='lat' dir='ltr'><strong>quis</strong></span> <span class='ocrx_word' id='word_1_803' title='bbox 1403 2610 1511 2644; x_wconf 82' lang='lat' dir='ltr'><strong>sapiens</strong></span> <span class='ocrx_word' id='word_1_804' title='bbox 1527 2628 1534 2640; x_wconf 88' lang='lat'><strong>,</strong></span> <span class='ocrx_word' id='word_1_805' title='bbox 1563 2613 1590 2635; x_wconf 88' lang='lat' dir='ltr'><strong>et</strong></span> <span class='ocrx_word' id='word_1_806' title='bbox 1604 2607 1704 2639; x_wconf 81' lang='lat' dir='ltr'><strong>solcrs,</strong></span> 
     </span>
    </p>
   </div>
   <div class='ocr_carea' id='block_1_113' title="bbox 917 2652 1706 2694">
    <p class='ocr_par' dir='ltr' id='par_1_113' title="bbox 917 2652 1706 2694">
     <span class='ocr_line' id='line_1_113' title="bbox 917 2652 1706 2694; baseline -0.011 -7"><span class='ocrx_word' id='word_1_807' title='bbox 917 2663 945 2687; x_wconf 87' lang='lat' dir='ltr'><strong>et</strong></span> <span class='ocrx_word' id='word_1_808' title='bbox 965 2659 1085 2694; x_wconf 73' lang='lat' dir='ltr'><strong>probatae</strong></span> <span class='ocrx_word' id='word_1_809' title='bbox 1111 2658 1204 2694; x_wconf 66' lang='lat' dir='ltr'><strong>gloria:</strong></span> <span class='ocrx_word' id='word_1_810' title='bbox 1228 2658 1363 2685; x_wconf 85' lang='lat' dir='ltr'><strong>studiosus</strong></span> <span class='ocrx_word' id='word_1_811' title='bbox 1380 2656 1458 2683; x_wconf 77' lang='lat' dir='ltr'><strong>fuerit</strong></span> <span class='ocrx_word' id='word_1_812' title='bbox 1473 2675 1481 2688; x_wconf 92' lang='lat'><strong>,</strong></span> <span class='ocrx_word' id='word_1_813' title='bbox 1507 2655 1613 2681; x_wconf 90' lang='lat' dir='ltr'><strong>hortum</strong></span> <span class='ocrx_word' id='word_1_814' title='bbox 1635 2652 1706 2681; x_wconf 88' lang='lat' dir='ltr'><strong>belle</strong></span> 
     </span>
    </p>
   </div>
   <div class='ocr_carea' id='block_1_114' title="bbox 916 2697 1706 2737">
    <p class='ocr_par' dir='ltr' id='par_1_114' title="bbox 916 2697 1706 2737">
     <span class='ocr_line' id='line_1_114' title="bbox 916 2697 1706 2737; baseline -0.011 -5"><span class='ocrx_word' id='word_1_815' title='bbox 916 2704 1068 2737; x_wconf 84' lang='lat' dir='ltr'><strong>ﬂorentem,</strong></span> <span class='ocrx_word' id='word_1_816' title='bbox 1084 2709 1110 2732; x_wconf 90' lang='lat' dir='ltr'><strong>et</strong></span> <span class='ocrx_word' id='word_1_817' title='bbox 1122 2704 1247 2732; x_wconf 81' lang='lat' dir='ltr'><strong>felicibus</strong></span> <span class='ocrx_word' id='word_1_818' title='bbox 1268 2702 1398 2731; x_wconf 81' lang='lat' dir='ltr'><strong>refertum</strong></span> <span class='ocrx_word' id='word_1_819' title='bbox 1418 2699 1558 2728; x_wconf 77' lang='lat' dir='ltr'><strong>arboribus</strong></span> <span class='ocrx_word' id='word_1_820' title='bbox 1576 2698 1607 2725; x_wconf 90' lang='lat' dir='ltr'><strong>.in</strong></span> <span class='ocrx_word' id='word_1_821' title='bbox 1623 2697 1706 2726; x_wconf 87' lang='lat' dir='ltr'><strong>corde</strong></span> 
     </span>
    </p>
   </div>
   <div class='ocr_carea' id='block_1_115' title="bbox 916 2747 1704 2782">
    <p class='ocr_par' dir='ltr' id='par_1_115' title="bbox 916 2747 1704 2782">
     <span class='ocr_line' id='line_1_115' title="bbox 916 2747 1704 2782; baseline -0.01 -4"><span class='ocrx_word' id='word_1_822' title='bbox 916 2756 942 2778; x_wconf 87' lang='lat' dir='ltr'><strong>et</strong></span> <span class='ocrx_word' id='word_1_823' title='bbox 964 2751 1055 2778; x_wconf 88' lang='lat' dir='ltr'><strong>animo</strong></span> <span class='ocrx_word' id='word_1_824' title='bbox 1071 2758 1121 2778; x_wconf 88' lang='lat' dir='ltr'><strong>suo</strong></span> <span class='ocrx_word' id='word_1_825' title='bbox 1150 2748 1289 2782; x_wconf 77' lang='lat' dir='ltr'><strong>excitabit,</strong></span> <span class='ocrx_word' id='word_1_826' title='bbox 1303 2747 1385 2775; x_wconf 85' lang='lat' dir='ltr'><strong>multa</strong></span> <span class='ocrx_word' id='word_1_827' title='bbox 1405 2747 1533 2773; x_wconf 85' lang='lat' dir='ltr'><strong>virtutum</strong></span> <span class='ocrx_word' id='word_1_828' title='bbox 1559 2750 1656 2779; x_wconf 80' lang='lat' dir='ltr'><strong>genera</strong></span> <span class='ocrx_word' id='word_1_829' title='bbox 1677 2748 1704 2770; x_wconf 82' lang='lat' dir='ltr'><strong>ct</strong></span> 
     </span>
    </p>
   </div>
   <div class='ocr_carea' id='block_1_116' title="bbox 916 2791 1703 2825">
    <p class='ocr_par' dir='ltr' id='par_1_116' title="bbox 916 2791 1703 2825">
     <span class='ocr_line' id='line_1_116' title="bbox 916 2791 1703 2825; baseline -0.01 -2"><span class='ocrx_word' id='word_1_830' title='bbox 916 2803 1010 2825; x_wconf 86' lang='lat' dir='ltr'><strong>onmes</strong></span> <span class='ocrx_word' id='word_1_831' title='bbox 1037 2796 1167 2825; x_wconf 84' lang='lat' dir='ltr'><strong>bonitatis</strong></span> <span class='ocrx_word' id='word_1_832' title='bbox 1191 2796 1284 2823; x_wconf 84' lang='lat' dir='ltr'><strong>modos</strong></span> <span class='ocrx_word' id='word_1_833' title='bbox 1304 2795 1330 2822; x_wconf 91' lang='lat' dir='ltr'><strong>in</strong></span> <span class='ocrx_word' id='word_1_834' title='bbox 1356 2801 1389 2822; x_wconf 85' lang='lat' dir='ltr'><strong>eo</strong></span> <span class='ocrx_word' id='word_1_835' title='bbox 1409 2793 1513 2820; x_wconf 73' lang='lat' dir='ltr'><strong>fovens.</strong></span> <span class='ocrx_word' id='word_1_836' title='bbox 1543 2791 1592 2818; x_wconf 88' lang='lat' dir='ltr'><strong>Sin</strong></span> <span class='ocrx_word' id='word_1_837' title='bbox 1610 2793 1703 2817; x_wconf 81' lang='lat' dir='ltr'><strong>contra</strong></span> 
     </span>
    </p>
   </div>
   <div class='ocr_carea' id='block_1_117' title="bbox 919 2835 1704 2880">
    <p class='ocr_par' dir='ltr' id='par_1_117' title="bbox 919 2835 1704 2880">
     <span class='ocr_line' id='line_1_117' title="bbox 919 2835 1704 2880; baseline -0.011 -9"><span class='ocrx_word' id='word_1_838' title='bbox 919 2845 1041 2880; x_wconf 80' lang='lat' dir='ltr'><strong>ignavus.</strong></span> <span class='ocrx_word' id='word_1_839' title='bbox 1059 2843 1189 2879; x_wconf 80' lang='lat' dir='ltr'><strong>voluptati</strong></span> <span class='ocrx_word' id='word_1_840' title='bbox 1204 2842 1321 2875; x_wconf 83' lang='lat' dir='ltr'><strong>deditus,</strong></span> <span class='ocrx_word' id='word_1_841' title='bbox 1352 2845 1380 2868; x_wconf 86' lang='lat' dir='ltr'><strong>et</strong></span> <span class='ocrx_word' id='word_1_842' title='bbox 1394 2839 1427 2868; x_wconf 81' lang='lat' dir='ltr'><strong>ad</strong></span> <span class='ocrx_word' id='word_1_843' title='bbox 1449 2838 1589 2866; x_wconf 80' lang='lat' dir='ltr'><strong>inhonesta</strong></span> <span class='ocrx_word' id='word_1_844' title='bbox 1614 2835 1704 2870; x_wconf 80' lang='lat' dir='ltr'><strong>proie-</strong></span> 
     </span>
    </p>
   </div>
   <div class='ocr_carea' id='block_1_118' title="bbox 919 2881 1705 2925">
    <p class='ocr_par' dir='ltr' id='par_1_118' title="bbox 919 2881 1705 2925">
     <span class='ocr_line' id='line_1_118' title="bbox 919 2881 1705 2925; baseline -0.013 -7"><span class='ocrx_word' id='word_1_845' title='bbox 919 2896 988 2924; x_wconf 77' lang='lat' dir='ltr'><strong>ctus.</strong></span> <span class='ocrx_word' id='word_1_846' title='bbox 1012 2890 1084 2917; x_wconf 79' lang='lat' dir='ltr'><strong>ﬂebit</strong></span> <span class='ocrx_word' id='word_1_847' title='bbox 1101 2889 1221 2925; x_wconf 81' lang='lat' dir='ltr'><strong>largiter,</strong></span> <span class='ocrx_word' id='word_1_848' title='bbox 1231 2891 1368 2916; x_wconf 78' lang='lat' dir='ltr'><strong>marcente</strong></span> <span class='ocrx_word' id='word_1_849' title='bbox 1377 2885 1427 2914; x_wconf 82' lang='lat' dir='ltr'><strong>sibi</strong></span> <span class='ocrx_word' id='word_1_850' title='bbox 1438 2884 1558 2913; x_wconf 83' lang='lat' dir='ltr'><strong>boailate</strong></span> <span class='ocrx_word' id='word_1_851' title='bbox 1571 2886 1599 2911; x_wconf 89' lang='lat' dir='ltr'><strong>ct</strong></span> <span class='ocrx_word' id='word_1_852' title='bbox 1612 2881 1705 2909; x_wconf 85' lang='lat' dir='ltr'><strong>animo</strong></span> 
     </span>
    </p>
   </div>
  </div>
