1919 3041
205 191 260 220 56⁵1

719 191 749 219 S.
769 191 907 220 CYRILLI
929 190 1161 218 ALEXANDRINI
1182 189 1342 218 ARCHIEP.

1789 189 1843 225 543

206 252 376 279 sterilitatem
403 250 512 278 multam
539 250 705 284 experiente.
739 251 904 280 Providentia
934 257 993 279 sunt

1049 250 1121 286 αὐτῷ
1134 250 1183 286 τῆς
1200 250 1361 282 ἐπιεικείας,
1377 249 1423 276 καὶ
1440 249 1537 284 πολλὴν
1555 249 1685 280 παθόντος
1703 247 1844 282 ἀκαρπίαν

208 297 289 332 igitur
300 296 475 331 prudentibus
491 295 606 324 sollicite
618 297 686 324 bona
700 297 799 329 cordis,
828 305 888 332 qum
919 305 991 325 sem-

207 351 255 375 per
269 344 381 368 aderunt
406 341 517 375 utique,
542 342 674 376 siquidem
700 342 752 370 illis
779 343 845 378 ipsis
860 343 994 371 oblectare

205 387 354 413 cash-stium
371 387 502 414 bonorum
519 388 749 423 suppeditatorent
763 389 909 417 voluerint.

245 474 325 501 Vsus.
341 475 386 502 15.
413 475 589 510 Acriugimini
625 482 648 503 et
675 477 811 512 plangite,
833 478 992 510 sacerdotes,

206 519 386 548 lamentantini
402 523 447 556 qui
461 523 616 549 ministralis
629 523 718 550 altari.
731 523 918 558 lngredimini,
931 526 994 551 dor-

206 565 269 591 nn'te
284 566 311 592 in
320 568 405 594 saccis
416 569 597 595 ministrantes
614 569 666 596 Deo
676 577 685 601 ;
697 570 759 605 quia
768 570 861 604 defecit
876 573 908 598 de
917 571 994 598 domo

206 610 255 638 Dei
269 612 346 639 vestri
358 613 520 647 sacriﬁcium
534 619 557 640 et
571 613 674 642 libalio.

242 700 325 736 209
340 701 374 728 Χ.
389 701 477 729 Etlam
495 702 537 730 his
553 703 605 730 alte
630 707 776 738 exaggerat
796 704 996 738 quodammodo

207 753 268 780 quae
282 747 440 779 acciderint,
461 752 488 775 et
505 752 604 775 metum
629 748 724 775 incutit
740 749 907 782 horribilem,
922 758 995 778 rem-

207 799 260 826 que
291 792 369 827 longe
392 793 513 827 pluritnis
535 793 770 821 obsecrationibus
799 795 994 828 procurandum

207 843 298 865 mouet
309 845 340 865 ex
356 846 398 871 eo,
413 840 482 873 quod
492 839 645 866 sacerdotes
656 839 727 874 ipsos
743 839 871 875 plangere
887 848 996 868 necesse

206 888 258 911 est.
274 883 460 912 Verumtamen
481 885 544 911 latet
559 885 685 919 quiddam
699 885 806 912 artiﬁcii
831 886 856 912 in
881 886 922 913 his
935 894 995 913 vcr-

208 929 258 956 bis.
274 929 341 962 Quia
376 937 491 964 namque
520 929 650 957 idolorum
683 930 800 958 delubris
838 931 995 959 stultissime

207 977 378 1009 assederant,
404 985 435 1003 ac
461 977 515 1004 Deo
534 985 567 1003 ex
595 977 634 1004 ira
658 979 837 1013 percutiente,
867 979 994 1006 auxilium

207 1021 268 1048 inde
287 1022 477 1056 quaesiverunt,
498 1023 601 1050 utiliter
617 1024 804 1050 universorum
835 1024 963 1052 Dominus
981 1033 995 1052 a

205 1067 390 1093 sacerdotibus
426 1067 482 1094 suis
507 1067 631 1102 requirit,
650 1073 679 1096 ut
706 1069 864 1103 suppliciter
893 1070 996 1097 orando

205 1111 265 1137 aliis
280 1117 409 1145 przecant,
424 1116 451 1138 et
471 1112 521 1146 ipsi
539 1112 632 1140 alllicti
660 1115 816 1141 ardentibus
834 1115 997 1148 paenitentia:

204 1157 301 1184 studiis
321 1157 440 1190 pra-sint,
466 1162 494 1183 ut
513 1164 676 1192 cognoscant
695 1161 813 1194 percussi
832 1162 912 1194 quod,
945 1162 995 1188 nisi

207 1201 261 1228 Deo
288 1206 394 1237 gratum
425 1203 515 1230 facere
541 1204 624 1231 velint
647 1205 726 1240 eique
757 1206 890 1240 supplices
916 1207 972 1233 fieri
988 1227 995 1238 ,

206 1247 266 1279 ejus
291 1247 324 1273 ab
345 1255 374 1274 se
398 1248 464 1275 iram
481 1256 533 1275 non
548 1251 669 1277 aversuri
684 1252 748 1278 sint.
764 1251 876 1286 Oportet
903 1252 994 1288 igitur,

206 1292 254 1325 ait,
263 1292 413 1320 sacerdotio
431 1294 574 1329 iungentes
587 1297 778 1330 propctnodum
798 1298 879 1324 etiam
892 1299 997 1326 cmteris

206 1338 378 1365 commodare
401 1340 434 1367 de
466 1340 684 1369 obsecrationum
709 1342 864 1375 laboribus,
881 1343 995 1376 ululatu,

207 1382 333 1415 lamento,
352 1384 421 1411 sacci
438 1385 550 1418 amictu,
579 1393 628 1420 per
639 1393 719 1420 quem
739 1387 895 1414 deliciarum
909 1393 933 1414 et
946 1389 993 1415 otii

206 1427 338 1461 depositio
374 1428 552 1463 significatur,
588 1429 681 1457 durior
709 1431 845 1464 tractatio,
874 1432 995 1459 laborum

207 1472 338 1504 tnolcstia,
356 1477 383 1500 ct
398 1473 458 1500 vitae
473 1481 532 1508 qua:
549 1479 657 1502 sanctos
672 1475 777 1508 deceat,
793 1476 930 1503 sincerum
946 1478 989 1504 in-

207 1517 399 1553 cnlpatumque
421 1521 551 1548 studium.
576 1521 677 1548 Deinde
694 1529 803 1549 causam
820 1522 919 1550 laboris
943 1524 994 1551 htt-

205 1565 251 1598 jus
267 1564 436 1592 manifestam
451 1573 586 1600 promens,
594 1567 723 1594 defecisse
734 1567 843 1601 inquita
857 1568 936 1595 domo
945 1570 996 1596 Do-

209 1610 275 1636 mini
291 1611 453 1638 sacriﬁcium
466 1611 628 1639 etlibamcn.
642 1611 732 1639 Dirum
749 1613 819 1639 dictu
834 1622 841 1640 :
857 1621 909 1641 non
925 1615 997 1642 enim

208 1654 324 1682 afﬁrmat
356 1656 520 1684 sacriﬁcium
550 1661 577 1684 et
594 1657 748 1685 libationem
773 1659 923 1693 imminuta,
951 1666 999 1688 aut

208 1700 337 1729 inferiora
359 1701 430 1729 facta
444 1711 451 1736 ;
470 1703 516 1730 sed
531 1702 665 1731 defecisse
678 1705 776 1738 potius,
803 1705 829 1732 id
845 1710 896 1738 est,
909 1708 998 1734 omni-

208 1754 244 1774 no
268 1754 360 1774 eversa
374 1755 406 1775 ac
421 1747 561 1783 proﬂigata
586 1756 656 1777 esse.
672 1749 724 1777 Res
752 1751 842 1786 gravis
854 1755 883 1779 et
911 1752 997 1780 mole-

194 1789 249 1819 ‘sta
266 1793 386 1827 profecto
398 1794 611 1829 magistratibus,
624 1796 647 1824 si
666 1796 739 1824 nullo
755 1797 835 1825 modo
857 1806 872 1825 a
907 1798 998 1833 subje-

208 1837 261 1866 ctis
276 1838 379 1866 colatur
397 1839 475 1867 Dens.

243 1925 325 1953 Vsus.
353 1926 396 1958 14,
416 1927 458 1955 l3.
484 1927 654 1962 Saucti/ieate
680 1929 823 1965 jejunium,
856 1933 996 1966 prtvdicafe

206 1971 378 2005 curationem,
404 1979 556 2008 congregata
585 1975 718 2007 seniores,
748 1984 837 2003 omnes
872 1977 995 2004 habitau-

207 2021 244 2044 tes
264 2022 357 2044 terram
377 2019 403 2045 in
418 2019 524 2046 domum
542 2019 646 2047 Domini
677 2021 725 2048 Dei
742 2023 829 2055 vestri,
847 2027 872 2049 et
893 2024 994 2051 elauta-

207 2068 231 2090 ιε
242 2064 275 2089 ad
296 2063 437 2090 Dominum
448 2065 627 2093 vehementer:
645 2065 704 2093 Heu
735 2068 808 2100 ntihi,
835 2068 885 2095 heu
919 2071 994 2102 mihi,

206 2107 256 2134 heu
271 2108 345 2140 mihi,
364 2109 390 2135 in
413 2110 492 2136 diem.
716 2116 723 2124 '

240 2152 286 2180 XI.
305 2153 363 2187 Quo
393 2159 472 2189 pacto
504 2155 569 2188 ipsis
592 2155 737 2190 lugendum
764 2158 801 2185 sit
817 2166 924 2186 rursum
948 2161 994 2188 de-

206 2203 350 2232 ntonstrat,
366 2206 479 2234 seseque
496 2200 549 2228 illis
566 2200 592 2227 in
617 2201 687 2228 viam
708 2203 876 2236 pmnitcntim
903 2205 994 2232 ducto~

1045 295 1092 321 τοῦ
1117 294 1173 322 νοῦ.
1205 294 1398 330 Ἐπιμελητέον
1414 294 1446 330 δὴ
1463 292 1509 320 οὗν
1523 295 1579 325 τοῖς
1594 294 1723 329 ἐχέφροσι
1745 292 1801 319 τῶν
1816 292 1843 317 ὲν

1046 340 1168 376 καρδίαις
1180 340 1298 375 ἀγαθῶν,
1311 340 1329 367 ἃ
1348 339 1380 375 δὴ
1404 339 1552 376 προσέσται
1568 340 1688 370 πάντως,
1705 340 1730 365 εἰ
1747 337 1796 364 ἐπί
1811 346 1840 371 γε

1047 386 1139 420 σφίσιν
1156 387 1248 417 αὐτοῖς
1264 386 1421 421 εὐφραίνειν
1448 385 1551 412 ἕλοιντο
1565 385 1611 413 τὸν
1634 385 1688 412 τῶν
1709 384 1841 420 οὺρανὶωπ⁸

1046 430 1158 465 ἀγαθῶν
1176 431 1287 467 δοτῆρα.

1081 475 1285 510 Περιζὼσασθε
1309 477 1359 503 καὶ
1391 476 1556 508 κόπτεσθε,
1583 477 1610 503 οἱ
1641 474 1747 509 ἱερεῖς·
1773 475 1842 508 θρη-

1046 521 1133 553 νεῖτε,
1145 523 1172 549 οἰ
1178 522 1424 558 λειτουργοῦντες
1438 521 1648 556 θυσιαστηρΙῳ,
1666 521 1839 550 Ἐσέλθετε,

1045 567 1206 595 ὐπνώσατε
1243 568 1278 595 ἐν
1314 568 1440 601 σάκκοις
1474 567 1720 602 λειτουργοῦντες
1764 565 1841 598 Θεῷ·

1047 613 1092 641 ὅτι
1123 614 1299 650 ἀπέσχηκεν
1319 614 1354 647 ἐξ
1373 615 1458 642 οἴκου
1480 614 1553 641 Θεοῦ
1574 613 1658 648 ὑμῶν
1677 612 1772 640 θυσία
1792 612 1842 639 καὶ

1047 659 1166 692 σπονδή
1171 680 1178 687 .

1084 706 1112 732 1'.
1134 706 1210 741 Αἵρει
1226 705 1275 740 μὲν
1288 705 1383 741 ὥσπερ
1398 706 1445 732 καὶ
1457 706 1501 732 διὰ
1513 705 1615 732 τούτων
1629 704 1675 740 iith
1692 705 1726 730 τὰ
1742 704 1844 738 συμϐε-

1047 751 1161 787 ϐηκότα,
1179 751 1227 778 καὶ
1243 753 1271 779 ὲν
1285 752 1434 788 ἀφορήτοις
1451 753 1567 778 ποιεῖται
1580 751 1697 786 δείμασι,
1713 750 1844 785 πλείστης

1049 797 1099 832 μὲν
1112 798 1177 833 ὅσης
1191 797 1294 824 δεῖσθαι
1310 797 1386 832 λιτῆς
1410 797 1442 824 τὸ
1463 798 1514 833 χρῆ
1521 806 1558 832 μα
1573 796 1670 832 δηλῶν,
1684 797 1728 823 διά
1741 804 1775 830 γε
1792 795 1839 822 τοῦ

1048 842 1147 877 χρῆναι
1164 842 1212 868 xui.
1232 842 1332 874 αὐτοὺς
1354 842 1536 878 κατοιμώζειν
1561 843 1623 873 τοὺς
1648 842 1743 877 ἱερεῖς.
1770 841 1843 875 Πλὴν

1049 884 1105 919 ἔχει
1121 893 1147 912 τι
1169 885 1216 912 καὶ
1232 885 1358 921 εὐτεχνὲς
1376 887 1390 912 ό
1405 886 1493 921 λόγος.
1516 886 1626 921 Ἐπειδὴ
1645 886 1699 921 γὰρ
1716 887 1775 917 τοῖς
1790 886 1844 912 τῶν

1046 929 1164 956 εἰδώλων
1178 930 1320 965 τεμένεσιν
1335 930 1504 957 ἀϐουλότατα
1513 930 1739 966 προσιζήσαντες,
1755 929 1845 956 καίτοι

1045 974 1112 1001 Θεοῦ
1131 976 1328 1008 καταπαίοντος
1337 976 1366 1008 ἐξ
1382 977 1478 1012 ὀργῆς,
1492 976 1542 1008 τὰς
1558 977 1717 1012 ἐπικουρίας
1729 975 1846 1011 ἐζήτουν

1046 1021 1162 1053 ἐκεῖθεν,
1189 1022 1322 1057 ἀπονέμει
1337 1022 1481 1057 χρησίμως
1495 1023 1509 1048 ό
1528 1022 1582 1048 τῶν
1605 1022 1673 1048 ὅλων
1696 1021 1764 1052 Θεὸς
1789 1022 1845 1052 τοῖς

1047 1066 1122 1098 ἰδίοις
1139 1067 1291 1102 ἱερουργοϊς
1305 1067 1335 1093 τὸ
1351 1067 1530 1103 καθηγεῖσθαι
1549 1067 1646 1099 λιταῖς,
1672 1067 1720 1093 καὶ
1737 1067 1844 1101 τληπα-

1046 1110 1100 1147 σῶς
1115 1111 1278 1146 προεστάναι
1296 1110 1350 1137 τῶν
1366 1111 1405 1142 εἰς
1424 1111 1592 1146 μετάγνωσιν
1609 1110 1840 1144 σπουδασμάτων,

1047 1155 1081 1181 ἶν’
1105 1155 1199 1183 εἰδεῖεν
1227 1156 1252 1182 οἱ
1277 1155 1457 1190 πεπληγότες,
1481 1155 1519 1187 ὡς
1541 1156 1565 1182 εί
1592 1155 1629 1190 μὴ
1655 1154 1714 1188 Θεῷ
1743 1154 1843 1188 μᾶλλον

1046 1200 1150 1227 ἕλοιντο
1175 1201 1209 1228 τὰ
1229 1201 1292 1235 φίλα
1316 1200 1417 1236 ζητεῖν,
1437 1201 1483 1228 καὶ
1505 1201 1578 1236 αὐτῷ
1602 1200 1768 1236 προσάγοιεν
1793 1199 1843 1230 τὰς

1045 1245 1131 1277 λιτὰς,
1149 1246 1199 1272 οὐκ
1215 1246 1248 1272 ἂν
1273 1246 1480 1281 διακρούσαιντο
1499 1247 1548 1281 τὴν
1565 1247 1660 1282 ὀργήν.
1678 1246 1787 1281 Χρῆναι
1811 1246 1842 1280 δὴ

1046 1289 1092 1318 οὖν
1109 1291 1160 1327 ἔφη
1176 1292 1240 1323 τοὺς
1255 1292 1457 1328 ίερατεύοντας,
1480 1293 1620 1327 μονονουχὶ
1642 1292 1690 1318 καὶ
1712 1291 1844 1324 δανείζειν

1046 1339 1102 1370 τοῖς
1121 1338 1211 1369 ἄλλοις
1229 1338 1291 1369 τοὺς
1305 1339 1334 1364 ὲν
1348 1340 1408 1370 ταῖς
1431 1339 1517 1370 λιταῖς
1541 1339 1655 1370 πόνους,
1669 1338 1794 1365 κωκυτὸν
1809 1346 1838 1364 τε

1046 1383 1093 1408 καὶ
1108 1382 1217 1417 θρῆνον,
1233 1383 1280 1409 καὶ
1300 1383 1402 1410 σάκκου
1427 1384 1586 1419 περιϐολὴν,
1602 1384 1636 1411 δι’
1654 1381 1684 1411 οὗ
1708 1384 1842 1419 σημαίνε-

1045 1436 1090 1454 ται
1103 1427 1209 1462 τρυφῆς
1241 1429 1287 1454 καὶ¹
1304 1429 1464 1464 ἀναπαύλης
1478 1429 1615 1462 ἀπόθεσις,
1634 1429 1843 1464 σκληραγωγία,

1046 1474 1093 1500 καὶ
1109 1473 1198 1505 πόνος,
1215 1475 1262 1501 καὶ
1277 1474 1351 1509 ζωῆς
1367 1475 1551 1511 ἁγιοπρεποῦς
1574 1475 1641 1510 ὀρθὴ
1661 1476 1708 1502 καὶ
1723 1475 1844 1510 ἁμώμη-
1874 1487 1880 1490 λ

1046 1527 1092 1550 τος
1111 1519 1294 1554 ἐπιτήδευσις.
1319 1518 1385 1547 Εἶτα
1400 1520 1447 1547 τοῦ
1463 1521 1544 1547 πόνου
1561 1520 1609 1556 τὴν
1632 1520 1721 1548 αἰτίαν
1738 1520 1844 1556 ἐναργῆ

1047 1564 1190 1597 καθιστὰς,
1214 1565 1402 1600 άπεσχηκὲναι
1424 1566 1506 1601 φησὶν
1523 1565 1552 1598 ἐξ
1566 1566 1642 1592 οἴκου
1667 1565 1770 1600 Κυρίου
1793 1565 1842 1591 θυ-

1049 1611 1108 1636 σίαν
1123 1610 1169 1636 καὶ
1184 1611 1309 1646 σπονδήν.
1331 1612 1436 1647 Δριμὺς
1449 1612 1463 1637 ὁ
1483 1611 1561 1645 λόγος
1572 1620 1579 1627 ·
1596 1611 1627 1638 οὑ
1646 1611 1701 1647 γὰρ
1718 1611 1787 1646 πρὸς
1811 1611 1843 1637 τὸ

1051 1656 1125 1690 μεῖον
1153 1655 1313 1690 ὲνηνέχθαι,
1339 1656 1355 1691 ἢ
1380 1656 1554 1690 ὴλαττῶσθαί
1582 1664 1649 1691 φησι
1675 1656 1772 1682 θυσίαν
1795 1657 1844 1682 καὶ

1049 1700 1176 1735 σπονδὴν,
1192 1701 1376 1736 ἀπεσχηκέναι
1390 1701 1419 1727 δὲ
1437 1701 1547 1736 μᾶλλον,
1561 1701 1630 1737 ὅπερ
1653 1701 1713 1728 ἐστὶ
1740 1710 1842 1728 παντε-

1047 1745 1100 1777 λῶς
1117 1746 1273 1781 ἀνατροπῆς
1289 1746 1464 1782 σημαντικόν.
1480 1746 1571 1774 Δεινὺν
1584 1747 1612 1773 δὲ
1625 1746 1656 1772 τὺ
1672 1746 1768 1781 χρῆμα
1791 1747 1841 1773 καὶ

1047 1791 1178 1827 δυσαχθὲς
1202 1791 1310 1827 ἀληθῶς
1323 1794 1380 1824 τοῖς
1402 1792 1475 1819 λαῶν
1497 1792 1705 1828 προεστηκόσιν,
1721 1793 1746 1818 εί
1771 1792 1842 1819 κατὰ

1049 1837 1152 1872 μηδένα
1169 1837 1269 1873 τρόπον
1286 1838 1339 1865 ὑπὸ
1354 1839 1408 1865 τῶν
1429 1839 1640 1874 ὑπεζευγμένων
1661 1839 1842 1874 θεραπεύοιτο

1047 1884 1123 1915 Θεὸς.

1088 1929 1244 1964 Ἀτιάσατε
1282 1929 1447 1962 νηστείαν,
1482 1929 1630 1964 κηρύξατε
1666 1931 1838 1965 θεραπείαν,

1046 1975 1231 2010 συναγάγετε
1261 1975 1492 2009 πρεσϐυτέρους,
1524 1976 1638 2009 πάντας
1663 1977 1840 2004 κατοικοῦν-

1045 2029 1099 2053 τας
1125 2020 1183 2056 γῆν
1205 2022 1248 2053 εὶς
1271 2018 1357 2047 οἷκον
1377 2022 1451 2049 Θεοῦ
1478 2021 1570 2056 ὑμῶν,
1597 2022 1645 2048 καὶ
1671 2023 1840 2057 κεκρὰξατε

1045 2065 1120 2099 πρὸς
1138 2066 1249 2100 Κύριον
1271 2066 1414 2100 ἐντενῶς·
1441 2067 1524 2102 Οἵμοι
1540 2067 1652 2102 ,οῐμοι,
1678 2068 1769 2102 οἶμοι,
1794 2070 1839 2102 εἰς

1044 2111 1169 2144 ἡμέραν.

1078 2156 1128 2184 lA’.
1150 2157 1217 2184 Τίνα
1230 2157 1261 2193 δὴ
1274 2157 1376 2193 τρόπον
1388 2158 1486 2190 αὐτοὺς
1505 2158 1638 2185 ποιεῖσθαι
1655 2160 1792 2194 προσήκει
1809 2161 1839 2187 τὺ

1044 2202 1151 2236 πένθος,
1166 2203 1306 2239 διατρανοῖ
1321 2203 1413 2236 πάλιν,
1430 2204 1476 2231 καὶ
1491 2205 1633 2241 ὑφηγητὴς
1647 2206 1729 2240 σοφὸς
1748 2207 1840 2238 αὐτοῖς

206 2252 262 2272 rem
278 2246 426 2280 sapientem
442 2251 562 2281 praestat,
580 2251 608 2273 et
622 2247 720 2281 quibus
734 2248 921 2276 universorum
936 2251 988 2277 Do-

1049 2249 1170 2283 ραίνεται
1182 2249 1230 2284 τῆς
1245 2251 1284 2282 εἰς
1305 2251 1474 2285 μετάγνωσιν
1490 2250 1560 2283 ὁδοῦ,
1579 2252 1626 2278 καὶ
1650 2252 1683 2278 τὰ
1700 2252 1735 2278 δι’
1750 2249 1789 2280 ὧν
1806 2253 1840 2280 ἂν

206 2291 296 2319 minus
316 2292 389 2319 mitis
412 2300 442 2319 ac
471 2292 617 2320 benevolus
631 2292 761 2320 elﬁciatur
788 2296 908 2329 exponit.
936 2296 992 2324 Hoc

205 2343 286 2371 porro
304 2342 354 2369 cst,
374 2343 403 2364 ut
419 2345 468 2371 ego
485 2338 624 2370 existimo,
643 2340 712 2366 iram
729 2340 844 2368 volentis
869 2341 992 2370 inhibere

205 2387 233 2410 et
249 2390 388 2410 removere
404 2384 511 2418 penitus
525 2384 595 2418 quod
628 2386 780 2418 contristat,
795 2391 822 2414 ct
840 2394 992 2422 compesce-

207 2436 237 2454 re
260 2430 330 2463 quod
346 2429 427 2461 lmdit,
439 2434 467 2456 et
488 2430 569 2456 vitam
592 2430 703 2466 insuper
726 2431 831 2459 felicem
847 2432 992 2461 bonorum-

206 2481 258 2508 que
277 2474 380 2508 copiam
411 2473 512 2509 largiri.
530 2475 574 2502 Ait
598 2484 672 2510 ergo,
701 2486 710 2503 ι
732 2477 906 2506 Sanctiﬁcate
925 2480 992 2515 jeju-

208 2521 313 2547 nium.»
332 2519 358 2546 ιιι
389 2524 441 2552 est,
458 2523 583 2555 tanquam
610 2523 762 2555 anathema,
784 2528 811 2551 et
825 2525 986 2553 sacriﬁcium

207 2574 270 2594 vere
308 2565 540 2599 sacratissimum,
578 2572 604 2594 et
632 2575 646 2595 a
680 2570 891 2603 reprehensione
927 2571 992 2599 alie-

149 2611 154 2614 ’
207 2619 291 2646 num,
330 2616 459 2646 usurpate
487 2612 628 2647 jejunium.
660 2614 733 2642 Haud
762 2615 833 2643 enim
863 2615 904 2644 fas
926 2621 990 2650 est,

206 2657 327 2684 ciborum
343 2657 503 2685 abstinentia
521 2660 708 2694 corpusculum
729 2661 877 2694 etnaeiare,
895 2667 923 2689 et
951 2663 990 2689 in-

208 2708 248 2730 ter
277 2703 450 2738 jejunandum
490 2711 521 2732 ea
555 2705 665 2738 facere,
692 2705 791 2740 quibus
822 2707 855 2734 ad
882 2707 992 2735 iracun-

205 2748 276 2774 diam
293 2748 363 2776 Deus
379 2748 509 2776 irritetur.
522 2749 588 2776 Nam
602 2750 635 2782 si,
651 2757 711 2777 cum
726 2749 828 2784 jejunio
846 2757 894 2778 nos
909 2751 992 2780 allici-

207 2802 277 2826 tnus,
296 2802 311 2821 a
325 2794 439 2828 propriis
455 2795 640 2822 voluntatibus
659 2795 801 2822 discedere
820 2795 948 2829 nolimus,
963 2803 991 2825 et

207 2838 354 2873 aﬂligatnus
368 2839 499 2872 subditos,
514 2845 540 2867 et
555 2841 589 2867 ad
609 2840 740 2874 judicium
773 2846 805 2866 ac
821 2847 924 2875 pugnas
951 2842 991 2876 je-

207 2884 342 2919 juuemus,
360 2884 442 2920 210
456 2890 484 2913 et
505 2885 688 2921 percutiamus
717 2892 808 2920 pugno
838 2887 991 2916 conditione

1043 2295 1145 2329 γένοιτο
1159 2296 1246 2331 πρᾶος
1260 2296 1306 2322 καὶ
1328 2295 1444 2331 εὐμενὴς
1466 2297 1480 2322 ὁ
1503 2297 1556 2322 τῶν
1570 2297 1640 2324 ὅλων
1654 2297 1731 2329 Θεὸς,
1751 2307 1836 2325 κατα-

1041 2342 1171 2369 δείκνυσι.
1189 2342 1275 2369 Τοῦτο
1292 2341 1324 2377 δὴ
1337 2340 1381 2377 ἦν,
1397 2339 1486 2376 οἶμαι,
1503 2343 1550 2368 καὶ
1565 2343 1698 2376 ἀνακόψαι
1714 2343 1839 2375 θέλοντος

1042 2388 1091 2423 τῆν
1104 2387 1198 2424 ὀργὴν,
1216 2388 1264 2414 καὶ
1285 2387 1414 2421 ἀφανίσαι
1428 2387 1458 2413 τὸ
1473 2387 1585 2418 λυποῦν,
1602 2388 1648 2414 καὶ
1667 2390 1838 2424 περιστεῖλαι

1042 2433 1072 2459 τὸ
1089 2432 1217 2467 βλάπτον,
1233 2432 1372 2459 ἐπιδοῦναί
1386 2441 1416 2459 τε
1434 2432 1513 2460 πάλιν
1528 2433 1619 2465 αὐτοῖς
1635 2433 1664 2461 τὸ
1678 2435 1836 2470 εὐημερεῖν,

1042 2479 1089 2505 καὶ
1103 2479 1252 2514 διαχεῑσθαι
1267 2480 1324 2510 τοῖς
1343 2479 1466 2513 ἀγαθοῖς,
1492 2480 1563 2514 Ἔφη
1581 2480 1688 2507 τοίνυν·
1705 2490 1715 2506 ι
1741 2481 1838 2516 Ἀγιά-

1043 2533 1108 2550 σατε
1122 2525 1257 2560 νηστείαν,
1276 2533 1286 2550 ›
1303 2525 1452 2558 τουτέστιν,
1467 2525 1505 2556 ὡς
1525 2526 1554 2552 ἐν
1567 2526 1742 2562 ἀναθήματος
1752 2529 1838 2554 ποιεῖ-

1043 2569 1090 2596 σθε
1105 2569 1192 2603 τάξει,
1207 2570 1255 2596 καὶ
1273 2571 1311 2601 ὡς
1327 2570 1357 2596 ὲν
1379 2570 1474 2602 θυσίας
1484 2571 1578 2606 τρόπῳ
1588 2591 1596 2604 ,
1607 2572 1656 2607 τὴν
1669 2572 1708 2605 ῶς
1728 2574 1838 2610 ἀληθῶς

1043 2615 1174 2650 πανάγιον
1189 2615 1236 2642 καὶ
1250 2615 1401 2651 ἀμώμητον
1425 2617 1563 2652 νηστείαν.
1580 2618 1617 2643 Οὺ
1631 2617 1687 2653 γὰρ
1705 2618 1738 2654 δὴ
1753 2628 1838 2654 προσ-

1042 2661 1103 2696 ήκει
1116 2662 1176 2693 ταῖς
1185 2661 1234 2697 μὲν
1244 2662 1362 2693 ἀσιτίαις
1377 2662 1581 2698 κατατήκεσθαι
1597 2663 1627 2690 τὸ
1638 2665 1836 2700 σαρκίον,δρᾷν

1042 2706 1070 2733 δὲ
1084 2707 1182 2739 αὐτοὺς
1199 2707 1414 2743 νενηστευκότας
1427 2708 1461 2734 τὰ
1476 2708 1518 2743 ἐφ’
1534 2707 1574 2737 οἷς
1591 2709 1623 2736 ἂν
1636 2711 1835 2746 παροτρύνοιτο

1041 2752 1117 2784 Θεός.
1147 2753 1179 2779 El
1208 2753 1262 2789 γὰρ
1288 2753 1432 2789 μέλλοιμεν
1461 2754 1490 2781 ὲν
1512 2755 1601 2790 καιρῷ
1621 2756 1752 2791 νηστείας
1779 2758 1834 2784 τῶν

1043 2798 1116 2825 ίδίων
1137 2798 1187 2825 οὐκ
1206 2799 1398 2826 ἀποπαύεσθαι
1424 2798 1597 2834 θελημάτων,
1620 2800 1782 2828 ὐπονύττειν
1805 2802 1833 2828 δὲ

1041 2845 1104 2876 τοὺς
1118 2845 1288 2880 ὑποχειρίους
1311 2846 1352 2877 εις
1376 2845 1466 2880 κρίσιν
1481 2853 1510 2871 τε
1532 2846 1579 2872 καὶ
1594 2846 1700 2881 μάχας,
1721 2848 1834 2874 τύπτειν

1042 2898 1070 2916 τε
1086 2891 1206 2925 πυγμαῖς
1218 2890 1344 2918 ταπεινὸν
1364 2891 1434 2918 κατὰ
1449 2890 1478 2916 τὸ
1493 2891 1580 2925 γένος,
1597 2891 1673 2918 οὔπω
1689 2892 1833 2928 νενηστεύ-
