1919 3041
69 187 125 215 359

517 186 793 216 COMMENTARIUS
812 189 845 215 ΙΝ
865 189 998 217 JOELEM
1019 189 1244 218 PROPHETAM.

1651 188 1704 217 350

71 251 162 279 καμεν
168 242 206 275 ὡς
217 243 273 270 δεϊ’
287 244 377 271 πόνων
388 243 416 271 δὲ
430 243 532 279 ζημίας
542 245 731 281 ὑπομενοῦμεν
738 246 862 278 εἰκότως,

921 247 1054 281 hinnilem,
1079 248 1195 275 nondum
1214 251 1242 274 ut
1266 246 1342 275 decet
1359 245 1520 282 ieiunamus,
1535 250 1562 273 et
1581 245 1704 274 aillictio-

70 289 139 316 Θεοῦ
156 289 373 325 διακεκραγότος
385 293 398 306 ·’
411 299 420 316 ι
434 291 472 316 Οὐ
489 290 543 326 γὰρ
562 291 664 327 ταύτην
680 291 728 327 τὴν
742 292 868 327 νηστείαν

71 335 129 370 ἐγὼ
142 335 322 371 ἐξελεξάμην.
343 346 352 363 ι
370 337 415 362 Δεῖ
433 336 465 371 δὴ
480 334 528 363 οὖν
548 337 716 372 ἀποσχέσθαι
733 339 869 373 φαυλότη-

70 391 129 414 τος,
147 382 265 409 ἕπεσθαί
282 391 323 415 τε,
339 383 387 410 καὶ
406 383 478 418 μάλα
492 384 635 415 νεανικῶς,
648 385 704 415 τοῖς
720 384 767 410 τοῦ
789 393 868 418 νομο-

71 428 152 454 θέτου
168 428 300 463 δόγμασι,
314 428 363 464 τὴν
378 429 493 464 καρδίαν
506 429 706 460 ἀπευθύνοντας
725 430 793 465 πρὸς
815 431 868 457 πᾶν

71 473 162 500 ὁτιοῦν
187 473 244 501 τῶν
263 474 435 509 ἀρεσκόντων
450 475 534 510 αὐτῷ,
563 475 610 502 καὶ
628 475 673 502 τὸν
688 476 737 510 τῆς
751 476 868 508 διανοίας

73 519 266 553 ὑποφέροντας
294 520 406 555 αὐχένα,
429 520 581 555 ψάλλοντάς
601 529 632 547 τε
654 521 703 547 καὶ
718 520 846 555 λέγοντας
859 529 865 537 ⁸

71 562 140 592 ι’ῐδε
147 564 200 600 τὴν
210 565 376 592 ταπείνωσίν
388 575 438 601 μου
452 568 498 593 καὶ
510 567 556 593 τὸν
569 566 652 593 κόπον
665 575 726 601 μου,
738 567 786 593 καὶ
801 567 869 602 ἄφες

72 612 163 641 πάσας
178 609 229 642 τὰς
247 609 393 644 ἁμαρτίας.
406 610 474 637 »Καὶ
484 609 538 644 μὴν
546 610 613 645 πρὸς
625 610 694 646 τῷδε
714 610 824 637 κάκεῖνο
837 611 868 638 τὺ

71 656 262 691 προφητικόν·
284 666 293 680 ι
318 655 384 682 Ἰδοὺ
398 655 452 682 οἶδε
467 654 545 689 ἡμεῖς
568 655 686 691 ἐσόμεθα
706 665 757 687 σοι,
771 657 812 683 δτι
834 657 867 683 σὺ

72 701 175 736 Κύριος
189 701 282 732 ὸΘεὺς
296 700 375 736 ἡμῶν
388 698 423 728 si.
443 710 454 728 ι
469 701 644 736 Παράστασις
659 701 714 737 γὰρ
729 702 776 737 ἥδε
791 711 868 728 πνευ-

73 747 188 782 ματικὴ,
204 748 254 774 καὶ
276 747 425 774 ἀνδάνουσα
440 747 478 782 τῷ
494 747 553 782 Θεῷ
576 747 647 782 ὑπὲρ
670 748 770 782 μόσχον
793 747 864 779 νέον,

72 792 142 826 ὑπὲρ
157 793 247 827 ἀμνὸν
262 793 296 819 ὲκ
309 793 453 827 ποιμνίων,
469 793 538 828 ὑπὲρ
549 792 641 827 ἔριφον
656 793 686 826 ἐξ
698 793 867 829 αἰγῶν.ὑπὲρ

73 838 214 872 σεμίδαλιν
231 839 280 865 καὶ
299 839 456 866 λιϐανωτόν.
473 840 676 874 Πνευματικαῖς
694 839 747 875 γὰρ
762 840 867 871 θυσίαις

72 885 263 920 εὐαρεστεῖται
289 885 365 916 Θεός.
396 885 569 920 ’Δγιάζοντες
598 886 627 912 δὲ
653 885 866 922 τὴψνηστείαν,

73 930 240 966 κηρύξωμεν
262 931 421 967 θεραπείαν,
441 933 574 964 τουτέστι.
590 933 638 968 τὴν
653 934 708 960 τῶν
727 933 806 960 θείων
821 934 865 960 (isL

73 977 204 1012 λημάτων
217 978 403 1014 ἐκπλήρωσιν,
444 978 475 1014 δὴ
489 979 535 1006 καὶ
545 979 705 1015 πρεπόντως
718 980 868 1015 παρέποιτο

72 1023 105 1049 ἂν
122 1023 154 1049 τὸ
173 1023 252 1057 εὐθὺ,
271 1024 301 1050 τὸ
317 1024 457 1058 εὐάγωγον
476 1024 523 1050 τοῦ
539 1024 653 1059 τρόπου.
675 1024 705 1051 τὸ
727 1024 796 1060 πρὸς
812 1026 866 1052 πᾶν

71 1069 160 1095 ὁτιοῦν
184 1069 295 1104 ἕτοιμον
320 1069 374 1096 τῶν
395 1070 436 1102 είς
461 1070 603 1102 εὐσεϐείας
621 1071 742 1106 ἡκόντων
757 1071 865 1104 λόγους.

80 1112 298 1148 Ἐπιτελέσωμεν
309 1113 337 1140 δὲ
349 1115 413 1145 τοὺς
426 1115 543 1150 τρόπους
551 1114 601 1150 τῆς
616 1115 772 1150 θεραπείας,
780 1125 868 1142 συνει-

72 1158 213 1193 λεγμένων
232 1160 266 1192 ’ἐν
296 1159 443 1194 Ἐκκλησία
461 1159 516 1185 τῶν
537 1159 570 1186 ἐκ
588 1160 751 1194 γερουσίας,
777 1160 869 1187 συνδε-

71 1204 257 1240 δραμηκότων
273 1205 322 1232 καὶ
336 1205 446 1232 πάντων
459 1205 514 1232 τῶν
529 1205 727 1233 κατοικούντων
742 1206 791 1242 τὴν
805 1207 867 1242 γῆν,

73 1250 223 1278 κλαιόντων
243 1259 274 1278 τε
289 1252 336 1278 καὶ
357 1251 430 1286 μάλα
454 1252 587 1283 συντόνως
603 1253 642 1284 είς
664 1252 729 1288 ὅλην
746 1253 864 1288 ἡμέραν,

72 1296 119 1323 καὶ
141 1297 290 1332 ἀραρότως
306 1297 498 1333 διακειμένων,
514 1299 555 1325 ὅτι
568 1298 678 1325 πάντων
696 1298 766 1325 ἐλεεῖ
784 1298 850 1330 Θεός
860 1307 866 1314 ·

71 1343 130 1369 ἔστι
144 1343 202 1378 γὰρ
219 1353 229 1369 t
237 1344 424 1379 μακρόθυμος,
437 1344 486 1370 καὶ
500 1344 652 1377 πολυέλεος,
667 1345 715 1372 καὶ
730 1344 867 1380 ἀληθινὸς,

71 1388 192 1424 ιξαίρων
206 1388 334 1424 ἀνομίας,
348 1390 396 1416 καὶ
411 1389 582 1424 ὑπερϐαίνων
601 1390 718 1422 ἀδικίας,
742 1399 752 1416 ι
769 1390 816 1417 καὶ
837 1390 867 1416 οὺ

72 1434 195 1469 συνέχων
216 1435 258 1466 εἰς
280 1435 432 1471 μαρτυρίαν
445 1435 530 1471 ὀργὴν
551 1435 634 1463 αὐτοῦ
650 1436 721 1463 κατὰ
735 1436 765 1463 τὸ
780 1436 867 1471 γένος,

74 1489 85 1508 ‹
105 1481 170 1508 Ὀτι
184 1480 301 1517 θελητὴς
320 1481 409 1513 ἐλέους
425 1482 492 1509 ὲστί.
513 1492 523 1508 ι

107 1546 172 1574 Ὀτι
183 1547 275 1582 ἐγγὺς
290 1548 308 1581 ὴ
322 1547 417 1582 ἡμέρα
431 1548 553 1581 Κυρίου,
566 1549 614 1575 καὶ
631 1549 671 1581 ὡς
684 1549 869 1583 ταλαιπωρία

919 301 983 321 num
1014 302 1108 329 poenas
1119 294 1252 326 dabimus,
1264 293 1361 321 merito
1373 293 1506 320 clamante
1519 293 1591 320 Deo:
1609 303 1618 319 ι
1632 291 1705 319 Nun-

919 339 982 374 quid
1000 340 1051 367 hoc
1075 343 1117 367 est
1128 339 1269 375 jejunium,
1286 340 1357 374 quod
1381 339 1447 374 elegi
1464 339 1510 365 "?
1525 348 1534 364 ι
1559 338 1705 366 Abstinen-

919 386 984 412 dum
1000 385 1081 419 igitur
1096 386 1130 412 ab
1149 385 1333 421 improbitate,
1350 390 1376 413 et
1392 386 1517 412 mandata
1545 385 1705 420 legislatoris

919 430 1102 456 exhaurienda
1118 435 1240 463 strenue,
1264 429 1486 464 dirigendnmque
1500 437 1549 456 cor
1567 430 1600 456 ad
1623 437 1705 456 omne

920 475 966 502 Dei
986 476 1194 509 beneplacitum,
1225 480 1252 503 et
1271 476 1369 503 mentis
1405 477 1494 503 cervix
1525 477 1703 510 subjicienda,

919 521 1139 556 psallendumquc
1160 529 1192 548 ac
1214 521 1394 548 dicendutnzt
1422 521 1488 548 Vide
1524 522 1704 548 humilitatem

919 575 1007 595 meam
1023 575 1054 595 ac
1071 567 1189 595 laborem
1216 574 1315 600 meum,
1329 571 1354 594 et
1367 567 1471 594 dimitte
1487 567 1576 594 omnia
1595 572 1703 602 peccata

919 613 1039 641 mea".i
1057 613 1170 648 Insuper
1193 612 1258 639 illud
1270 613 1470 647 propheticum:
1491 612 1574 639 «Ecce
1589 620 1636 639 nos
1666 612 1702 638 tni

918 659 1030 690 erimus.
1050 658 1113 693 quia
1137 663 1164 685 tu
1190 659 1317 686 Dominus
1339 659 1408 685 Deus
1431 663 1524 685 noster
1547 665 1586 684 es.
1608 667 1617 684 ι
1642 657 1705 684 Haec

918 705 988 733 enim
998 705 1146 740 spiritualis
1160 710 1201 732 est
1213 704 1359 737 oblatio,et
1371 705 1458 738 placet
1476 705 1529 731 Deo
1540 712 1620 738 super
1635 705 1706 730 vitu-

918 751 973 778 lum
997 751 1129 779 novellum
1144 751 1176 784 ⁷⁸,
1217 758 1297 785 super
1320 759 1417 785 agnum
1431 751 1464 778 de
1480 751 1615 784 gregibus,
1626 758 1706 784 super

919 798 1025 826 haedum
1040 798 1072 825 de
1083 797 1182 831 capris,
1195 803 1276 830 super
1293 796 1355 823 thus
1370 801 1397 823 et
1409 796 1535 822 similam.
1551 795 1705 830 Spiritnali-

917 843 968 871 bus
980 850 1096 877 namque
1112 842 1254 870 sacrificiis
1270 847 1419 870 recreatur.
1432 841 1639 868 Sanctificantes
1653 848 1704 867 an-

920 894 974 916 tem
995 888 1126 924 jejunium
1160 888 1336 923 praedicemus
1358 887 1535 920 curationem,
1565 885 1629 913 hoc.
1644 891 1706 919 est,

919 936 1072 964 divinarum
1094 933 1260 961 voluntatum
1289 932 1480 967 expiationem,
1498 939 1577 965 quam
1605 931 1706 958 decen-

920 985 961 1008 ter
975 980 1149 1008 comitabitur
1174 977 1316 1009 rectitudo,
1332 984 1436 1004 morum
1462 977 1656 1011 tractabilitas,
1671 977 1705 1004 ad

917 1026 1008 1053 omnia
1031 1029 1172 1060 promptus
1199 1031 1231 1051 ac
1258 1027 1368 1057 paratus
1392 1023 1515 1055 animus,
1537 1030 1706 1058 quaecunque

918 1071 1014 1106 pietati
1028 1075 1092 1098 sunt
1106 1070 1206 1097 aliiuia.
1225 1070 1409 1104 [assequemur
1425 1076 1488 1096 vero
1509 1069 1602 1096 modos
1628 1077 1706 1096 cura-

920 1116 1000 1144 tionis
1015 1115 1186 1151 congregatis
1201 1116 1228 1142 in
1243 1115 1365 1142 Ecclesia
1384 1115 1505 1148 senibus,
1521 1119 1548 1142 et
1569 1115 1706 1142 confluen-

919 1163 990 1190 tibus
1004 1162 1138 1190 universis
1155 1166 1254 1189 terram
1279 1161 1473 1195 habitantibus,
1486 1162 1706 1196 plorantibusque

918 1209 1094 1237 vehementer
1114 1212 1168 1236 tota
1183 1207 1236 1241 die,
1253 1211 1281 1235 et
1298 1208 1492 1235 convenienter
1505 1207 1622 1240 affectis,
1637 1214 1705 1241 quo-

919 1255 992 1282 niam
1004 1254 1125 1282 omnium
1138 1255 1282 1282 miseretur
1297 1253 1368 1281 Dens
1384 1262 1390 1280 :
1406 1257 1448 1281 est
1462 1254 1534 1281 enim
1549 1262 1558 1278 ι
1584 1253 1706 1286 longani-

919 1300 983 1334 mis,
997 1305 1025 1328 et
1039 1300 1130 1328 multae
1145 1300 1336 1328 misericordia:
1349 1303 1376 1327 et
1389 1299 1511 1332 verax",
1540 1302 1567 1326 et
1581 1299 1707 1325 auferens

919 1346 1076 1381 iniquitates
1096 1347 1166 1379 ",et
1187 1345 1451 1381 superansjustitias
1464 1345 1514 1378 ",i
1528 1351 1615 1378 neque
1640 1352 1707 1371 con-

918 1392 1006 1420 tinens
1023 1391 1091 1419 iram
1104 1399 1180 1419 suam
1194 1392 1219 1419 in
1234 1391 1416 1419 testimonium
1429 1395 1527 1418 natura
1542 1398 1600 1424 sua,
1612 1399 1621 1416 ι
1633 1389 1708 1423 Quo-

919 1437 993 1464 niam
1008 1437 1100 1465 volens
1118 1437 1329 1465 miscricordiam
1350 1441 1392 1464 est
1407 1437 1457 1463 ⁷⁸.»

956 1550 1038 1577 Vatis.
1056 1549 1100 1580 15,
1122 1549 1165 1577 16.
1183 1549 1312 1581 Quoniam
1325 1548 1406 1583 juxta
1417 1552 1454 1574 est
1470 1548 1525 1574 dies
1542 1547 1666 1578 Domini.
1682 1552 1708 1574 et

71 1592 108 1618 ἐκ
123 1593 327 1627 ταλαιπωρίας
345 1593 422 1627 ἣξει.
443 1593 605 1620 Κατέναντι
628 1594 687 1620 τῶν
707 1594 869 1628 ὀφθαλμῶν

921 1596 995 1630 quasi
1014 1596 1119 1622 miseria
1139 1595 1171 1621 de
1183 1594 1289 1620 miseria
1303 1595 1395 1620 veniel.
1416 1595 1482 1620 Ante
1497 1593 1586 1620 oculos
1612 1598 1707 1620 miros

74 1639 158 1673 ὑμῶν
171 1639 326 1674 βρώματα.
365 1639 589 1674 Ἐξωλοθρεύθη
615 1639 649 1672 ἐξ
676 1640 763 1666 οἴκου
793 1640 868 1667 Θεοῦ

73 1685 160 1719 ὑμῶν
171 1686 358 1719 εὐφροσύνη,
369 1684 417 1711 καί
429 1683 517 1719 χαρά.

109 1751 161 1778 ΙΒ¹.
187 1751 311 1786 Ἦμέραν
334 1751 437 1785 Κυρίου
459 1751 536 1787 φησὶ,
555 1751 616 1778 καθ’
631 1751 664 1787 ἥν
680 1750 734 1778 ἔδει
749 1751 869 1786 πληροῦ-

75 1797 137 1824 σθαι
148 1797 185 1824 τὰ
204 1797 235 1829 ὲξ
247 1797 343 1833 ὀργῆς,
361 1797 379 1833 ἢ
393 1798 442 1832 τῆς
453 1798 563 1832 ἀκρίδος
577 1797 669 1829 αὐτοῖς
685 1797 870 1832 ἐπενηνεγμέ-

74 1852 134 1879 νης,
151 1843 199 1870 καὶ
214 1844 249 1871 τὰ
265 1844 293 1870 ὲν
308 1843 386 1878 ἀγρῷ
401 1843 574 1880 δαπανώσης,
590 1844 637 1870 καὶ
656 1844 695 1875 είς
717 1842 797 1877 λιμοῦ
822 1843 870 1869 καὶ

75 1889 180 1921 ἐνδείας
205 1889 368 1924 πεμπούσης
391 1889 516 1924 δείματα,
541 1889 588 1916 καὶ
608 1889 692 1924 αὐτὴν
718 1888 869 1923 ἐντιθείσης

73 1935 121 1962 τοῦ
138 1935 256 1962 θανάτου
275 1936 326 1971 τὴν
343 1936 438 1967 πτόαν,
454 1936 538 1970 ἦγουν
552 1935 606 1962 τῶν
621 1935 799 1962 Βαϐυλωνίων
819 1943 869 1962 κα-

75 1980 280 2015 ταςροειρόντων
293 1981 411 2013 ἅπαντα,
428 1980 522 2007 πόλεσι
534 1989 563 2007 τε
580 1981 627 2007 καὶ
644 1980 752 2016 κώμαις
765 1981 868 2016 ἐμφυο-

76 2026 176 2062 μένων,
200 2027 265 2054 ἀλλο
281 2036 311 2053 τε
334 2027 378 2053 ἐπ’
394 2027 465 2062 ἄλλῳ
487 2027 749 2062 προσεργαζομένων
771 2027 868 2060 κακὸν,

74 2073 121 2099 καὶ
135 2072 325 2108 ταλαιπωρίαν
347 2073 379 2099 ὲκ
395 2073 582 2109 ταλαιπωρίας
607 2072 869 2108 προσεπιρῤιπτούν-

73 2126 128 2144 των
143 2118 188 2144 ἀεὶ
202 2118 337 2145 ὲνοικοῦσι
352 2118 399 2153 τὴν
421 2119 482 2154 γῆν,
500 2119 535 2150 ὼς
552 2118 612 2154 μηδ’
629 2119 690 2145 ὅσον
703 2119 789 2144 εἰπεῖν
801 2118 869 2144 ἁνα-

75 2164 193 2192 πνεῦσαι
207 2164 338 2201 δύνασθαι
354 2165 451 2200 βραχὺ,
472 2165 518 2191 καί
537 2174 563 2191 τι
577 2165 622 2192 διὰ
643 2165 725 2200 μέσου
743 2165 870 2199 γενέσθαι

75 2211 206 2247 χρηστόν·
227 2211 271 2245 ἐφ’
288 2207 380 2245 ὧνπερ
394 2208 427 2246 ἦν
444 2211 528 2243 εἰκὸς,
549 2211 599 2238 κᾶν
620 2211 684 2245 γοῦν
706 2211 759 2238 ἀπὸ
771 2211 869 2247 μέρους

921 1642 1055 1667 alimenta.
1077 1640 1187 1668 Sublata
1200 1646 1258 1667 sum
1271 1640 1302 1667 de
1315 1640 1392 1666 domo
1416 1638 1463 1666 Dei
1477 1640 1553 1666 vestri
1568 1639 1659 1666 ίωιὶιία
1682 1643 1708 1666 οι

919 1686 1056 1721 gaudium.

955 1753 1013 1780 XII.
1031 1754 1106 1781 Diem
1128 1753 1232 1780 Domini
1251 1758 1339 1785 vocat,
1358 1761 1410 1788 qua
1427 1753 1474 1781 iraa
1498 1752 1556 1788 ejus
1578 1751 1708 1779 satisﬁeri

920 1804 1035 1833 oportet,
1051 1804 1097 1826 aut
1111 1799 1213 1826 locusta
1231 1799 1296 1834 ipsis
1309 1799 1440 1831 immissa,
1453 1803 1481 1825 et
1496 1798 1585 1832 fruges
1602 1798 1626 1825 in
1643 1805 1709 1832 agro

919 1845 1092 1878 deposcente,
1104 1849 1132 1872 et
1146 1844 1226 1871 famis
1246 1848 1327 1878 atquc
1345 1843 1465 1878 penuriae
1480 1843 1607 1870 horrores
1630 1842 1708 1869 incu-

922 1889 1013 1921 tiente,
1043 1888 1185 1923 ipsumque
1217 1888 1312 1915 mortis
1339 1895 1465 1923 pavorem
1490 1887 1638 1920 inferente;
1660 1892 1709 1915 aut

921 1934 1075 1970 Babyloniis
1088 1934 1178 1961 omnia
1203 1934 1381 1965 vastantibus,
1406 1933 1571 1966 urbibusque
1594 1937 1621 1960 et
1641 1933 1708 1960 vicis

921 1981 1150 2011 incumbentibus.
1173 1984 1199 2007 et
1213 1979 1316 2007 cladem
1334 1979 1407 2006 clade
1431 1978 1639 2011 cumulantibns,
1657 1978 1708 2005 mi-

920 2027 1075 2060 seriamque
1089 2033 1121 2053 ex
1139 2026 1247 2053 miseria
1266 2025 1399 2060 indigenis
1424 2024 1705 2058 supcradjicientibus,

922 2078 952 2100 ut
969 2081 1002 2100 ne
1015 2073 1048 2099 ad
1061 2078 1188 2106 punctum
1203 2072 1311 2106 quidem
1334 2071 1463 2105 tetuporis
1487 2069 1594 2104 paulum
1619 2071 1707 2104 respi-

922 2125 983 2146 rare
1014 2123 1124 2153 queant,
1158 2121 1185 2145 et
1205 2117 1306 2144 interea
1345 2116 1445 2151 aliquid
1477 2115 1538 2143 boni
1574 2114 1631 2144 ﬁat.
1674 2114 1708 2142 Et

921 2172 1027 2199 aequum
1056 2168 1114 2191 erat
1149 2163 1245 2190 saltem
1284 2170 1317 2190 ex
1343 2167 1419 2196 parte
1443 2166 1470 2189 et
1505 2162 1635 2190 mediocri
1664 2169 1710 2189 so-

921 2209 986 2236 latio
1016 2208 1135 2244 perfrui,
1156 2210 1202 2243 qui
1232 2212 1270 2235 tot
1305 2208 1483 2234 inconunodis
1511 2215 1573 2234 sese
1613 2215 1710 2235 conse-

77 2258 191 2293 μετρίαν
213 2257 343 2284 δύνασθαι
370 2257 534 2293 παραψυχὴν
551 2257 622 2293 ἔχειν
637 2259 700 2289 τοὺς
719 2260 751 2294 τῇ
773 2259 868 2293 συχνό-

921 2254 1075 2288 quentihus'
1089 2253 1287 2281 intolerandum
1314 2254 1339 2280 in
1353 2253 1460 2279 modotu
1478 2253 1566 2280 affecti
1587 2253 1709 2281 fuissent.

74 2311 134 2338 τητι
158 2302 255 2330 λοιπὸν
283 2302 338 2329 τῶν
358 2303 452 2330 κακῶν
475 2303 620 2339 ἀφορήτως
643 2303 868 2338 ὲντετηγμένους.

79 2348 190 2383 Ἐπειδὴ
212 2348 242 2375 δὲ
266 2348 472 2383 πεπαινομένων
484 2348 538 2375 τῶν
552 2348 665 2384 καρπῶν
681 2349 742 2385 ἤδη,
758 2349 805 2376 καὶ
824 2349 870 2376 τὸν

73 2393 190 2428 ἀμῶντα
212 2393 307 2419 λοιπὸν
329 2393 484 2420 καλούντων
507 2394 549 2428 ἐφ’
572 2394 678 2428 ἑαυτοῖς
701 2393 754 2420 τῶν
773 2394 870 2428 ληΐων,

75 2439 187 2475 βότρυος
202 2448 233 2465 τε
249 2440 514 2476 χαταπερκάζοντος,
534 2440 581 2467 καὶ
602 2439 764 2476 γλιχομένου
779 2439 870 2466 ἐκθλί-

74 2486 181 2516 ϐεσθαι,
197 2486 296 2520 γέγονέ
310 2495 362 2513 που
375 2486 446 2521 τάχα
456 2486 506 2522 τῆς
517 2486 625 2522 ἀκρίδος
635 2487 652 2522 ἡ
669 2486 782 2522 ἐμϐολὴ,
795 2485 869 2522 Βρώ-

76 2541 159 2567 ματα,
176 2533 274 2568 φησὶν,
287 2533 475 2569 ὲξωλοθρεύθη
496 2532 526 2565 ἐξ
537 2532 681 2568 ὀφθαλμῶν
695 2532 796 2564 αὐτῶν,
817 2529 872 2559 οἷον

75 2579 262 2613 ἡρπασμένων
285 2579 341 2605 τῶν
358 2579 387 2606 ὲν
409 2579 470 2614 ὃψει
484 2579 684 2614 γεγενημένων,
705 2579 873 2614 παρακειμέ-

74 2633 126 2650 νων
140 2624 238 2660 ὦσπερ
252 2624 355 2657 αὐτοῖς,
380 2625 427 2652 καὶ
441 2625 489 2660 τὴν
509 2625 659 2652 ἀπόλαυσιν
672 2625 788 2660 ἐχόντων
805 2626 872 2652 ἑτοι-

76 2671 207 2706 μοτάτην.
229 2671 394 2706 Ἐξῃροῆναι
416 2671 445 2698 δὲ
466 2671 547 2698 πάλιν
561 2671 763 2698 διαϐεϐαιοῦται
779 2671 827 2698 καὶ
841 2671 871 2704 ἐξ

74 2715 148 2742 οῐκου
160 2715 267 2751 Κυρίου
279 2715 331 2751 τὴν
343 2716 513 2752 εὐφροσύνην
526 2717 572 2744 καὶ
583 2717 632 2752 τὴν
651 2717 747 2753 χαράν.
766 2717 864 2744 Ἐθνον

75 2760 139 2795 γὰρ,
148 2762 210 2793 ταῖς
227 2761 258 2795 ἐξ
278 2761 373 2797 ἀγρῶν
391 2761 553 2798 εὐκαρπίαις
574 2762 798 2798 ἐπαγαλλόμενοι,
819 2761 866 2789 καὶ

921 2300 955 2327 Et
969 2300 1029 2334 quia
1049 2300 1171 2334 frugibus
1195 2299 1274 2334 211
1289 2299 1413 2332 maturis,
1430 2304 1457 2325 et
1472 2299 1608 2332 segetibus
1642 2306 1710 2325 ιυοδα

918 2353 1008 2373 sorem
1030 2345 1086 2380 jam
1112 2346 1282 2378 vocantibus,
1309 2348 1337 2371 et
1365 2351 1417 2370 uva
1441 2348 1516 2371 cocta
1551 2343 1707 2377 calcarique

919 2391 1100 2423 desiderante,
1117 2389 1220 2418 locusta
1236 2390 1362 2418 celeriter
1381 2390 1452 2417 forte
1472 2388 1579 2423 irrupit,
1595 2388 1710 2415 alimen-

921 2441 945 2464 ta
959 2437 993 2464 ab
1011 2437 1098 2464 oculis
1112 2443 1206 2463 eorum
1226 2435 1315 2463 ablata
1340 2443 1399 2464 esse
1420 2434 1587 2470 pronuntiat,
1606 2433 1710 2461 velutsi

920 2484 1031 2518 abrepta
1056 2482 1181 2515 fuissent,
1197 2490 1257 2517 qua:
1275 2482 1301 2509 in
1320 2486 1467 2517 conspectu
1489 2485 1517 2508 et
1541 2485 1604 2508 ante
1620 2479 1713 2507 oculos

894 2534 902 2539 '
921 2529 974 2557 sibi
994 2529 1092 2565 posita,
1105 2533 1133 2557 et
1160 2529 1193 2556 ad
1215 2528 1358 2556 fruendum
1394 2528 1512 2555 maxime
1535 2527 1563 2554 in
1588 2530 1712 2562 promptu

921 2577 1088 2605 habuissent.
1119 2577 1212 2604 Dentto
1238 2575 1354 2602 afﬁrmat
1374 2575 1408 2603 de
1433 2576 1514 2603 domo
1536 2575 1641 2603 Domini
1662 2575 1711 2602 lae-

920 2623 1007 2651 titiam
1037 2627 1065 2650 et
1097 2622 1225 2657 gaudium
1261 2621 1384 2656 periisse.
1414 2621 1612 2649 Sacrificabant
1639 2621 1729 2648 enim-

919 2678 980 2698 cum
989 2669 1166 2697 exsultatione
1185 2668 1219 2696 de
1228 2667 1303 2696 uberi
1325 2667 1430 2701 frugum
1446 2670 1589 2700 proventu,
1616 2666 1708 2693 trade-

919 2716 1037 2750 bantque
1044 2723 1073 2743 se
1082 2712 1539 2749 hilaritatilomnimodis,gratiarum
1549 2719 1659 2739 munera
1669 2712 1714 2738 de-

919 2762 1125 2797 dicautes,quod
1137 2766 1215 2790 terrae
1228 2761 1306 2790 banis
1321 2759 1423 2788 aﬂatim
1437 2757 1594 2786 circumfusi
1611 2761 1712 2785 essent.

111 2860 133 2876 "
147 2860 231 2889 Zarh.
249 2869 297 2892 vn,
383 2861 407 2876 "
423 2861 492 2888 PSal.
514 2871 585 2896 xxw,
602 2864 643 2891 18.
682 2863 704 2879 ’⁵⁸
721 2862 789 2890 Psal.
819 2869 912 2894 Lavnt,
931 2861 976 2890 52.
1015 2862 1037 2878 "
1054 2861 1124 2890 Psal.
1138 2866 1187 2893 cu,‘
1207 2861 1233 2890 3.
1272 2860 1295 2876 ⁷⁸
1311 2859 1394 2887 Exod.
1430 2864 1522 2890 xxxiv,
1543 2857 1569 2884 7.
1605 2857 1628 2874 ⁷⁷
1639 2856 1710 2884 l‘sal.

79 2901 164 2931 Lutv,
182 2897 209 2925 3.
265 2898 288 2914 ⁷⁵
303 2896 375 2925 Οεου
393 2904 428 2931 νι,
447 2897 476 2924 (i.
