1919 3041
234 153 285 182 551

738 155 768 183 S.
788 154 926 183 CYRILLI
945 154 1179 184 ALEXANDRINI
1199 157 1360 188 ARCHIEP.

1819 164 1875 194 352

235 213 298 245 τοὺς
308 212 359 248 τῆς
370 213 538 250 εὐφροσύνης
549 213 667 249 τρόπους
679 215 841 251 ἐπετήδευον
852 215 1024 248 ἀνατιθέντες
1042 215 1078 242 τὰ
1094 218 1271 254 χαριστήρια,
1293 219 1337 246 διά
1349 228 1391 246 τοι
1410 219 1441 247 τὸ
1459 221 1632 257 περιχεῖσθαι
1652 222 1790 255 πλουσίως
1814 225 1875 256 τοῖς

235 259 268 286 ἐκ
282 262 334 295 γῆς
348 260 469 294 ἀγαθοῖς.

270 308 400 336 Similiter
419 309 510 336 evenit
545 309 578 337 iis
599 310 644 345 qui
661 311 687 338 in
702 310 841 340 Christum
867 311 1023 347 petulantis—
1037 311 1062 340 Δ

233 355 294 384 simi
319 357 490 385 exstiterunt.
511 358 574 385 Fuit
593 359 665 386 enim
686 359 754 395 ipsis
770 364 833 388 ante
854 360 948 388 oculos
968 359 1024 395 jam

235 410 246 427 ι
258 402 334 436 panis
352 403 428 431 vivus
456 404 499 438 qui
517 405 550 432 de
565 405 636 432 ctelo
657 406 807 440 descendit,
825 411 852 435 et
877 408 924 434 dat
942 407 1025 435 vitam

235 449 335 475 mundo
354 449 389 476 7’:
408 459 418 476 ι
432 457 548 485 granum
563 451 658 485 tritici,
669 453 740 488 quod
757 453 861 488 lapsum
878 454 905 482 in
924 458 1024 482 terram

235 495 409 530 multiplicem
434 496 550 525 fructum
571 499 681 533 protulit
694 499 728 533 ⁸⁶;
741 500 831 528 vinum
852 501 922 535 quod
935 506 1025 529 mente

233 542 363 575 cernitur,
384 548 411 570 et
437 551 484 571 cor
507 544 624 574 hominis
656 545 791 573 haliticare
819 547 961 574 consuevit
972 545 1023 574 ⁸⁸⁸.

233 588 285 616 Sed
304 589 366 622 quia
398 597 450 616 non
479 590 641 618 destiterunt
660 591 688 618 in
707 592 943 620 incredulitatibus
967 592 1024 620 suis

231 634 421 661 contumeliam
441 635 539 667 facere,
557 636 590 663 ab
610 643 704 663 eorum
724 642 881 672 conspectu,
903 641 931 664 et
960 642 1020 665 tan-

231 688 311 715 quam
325 689 340 709 e
354 682 441 709 medio
462 682 550 710 ablata
564 689 627 710 sunt
643 685 733 711 omnia
751 684 880 712 alimenta
894 685 1022 719 spiritua-

231 727 278 760 lia,
309 733 337 755 et
357 729 487 756 abscessit
506 729 540 756 ab
556 730 596 757 eis
612 730 701 758 omnis
718 731 781 758 boni
802 731 1021 763 communicatio,

230 774 366 808 periitque
389 782 404 801 a
426 774 507 802 domo
523 782 616 802 eorutn
641 775 733 803 laetitia
753 781 781 804 et
802 776 940 812 gaudium.
964 776 1024 804 Dati

231 825 296 847 sunt
315 821 387 847 enim
419 821 445 848 in
469 821 674 855 desolationem,
689 827 718 849 et
739 823 764 850 in
793 830 913 850 aerumna
942 822 1024 850 relin-

231 871 361 900 quuntur,
379 873 430 893 nec
451 873 542 901 regem
562 866 705 900 habentes,
724 875 774 895 nec
800 867 960 902 principem,
974 873 1024 894 nec

231 911 408 943 sacriﬁcium,
427 918 478 939 nec
497 911 593 944 altare,
607 919 656 939 nec
680 913 857 946 sacerdotem,
873 920 922 940 nec
933 912 1022 940 mani-

231 958 298 986 festa
316 959 350 986 ".
377 959 436 985 Alio
454 958 517 986 item
530 960 609 986 modo
620 959 654 986 ab
676 959 760 988 oculis
781 967 875 988 eorum
893 959 1020 987 alimenta

229 1009 258 1031 et
274 1004 405 1037 laetitiam,
423 1009 450 1031 et
476 1005 603 1039 gaudium
629 1005 718 1033 ablata
738 1012 798 1034 esse
822 1006 949 1033 dicimus.
977 1005 1022 1033 Ait

228 1050 301 1080 enim
327 1049 492 1078 Domiuttsu
516 1049 573 1078 Non
596 1051 622 1078 in
646 1052 703 1079 solo
736 1059 807 1086 pane
828 1052 902 1079 vivet
922 1052 1020 1085 homo,

228 1096 275 1123 sed
295 1096 321 1123 in
340 1095 415 1124 omni
432 1097 524 1129 verbo,
540 1097 611 1131 quod
638 1097 761 1132 procedit
781 1098 813 1125 de
838 1105 886 1125 ore
911 1097 956 1125 Dei
968 1097 1019 1124 ⁸¹.›

229 1141 327 1169 Mentis
348 1146 438 1170 autem
457 1142 533 1169 cibtts
554 1143 663 1170 verbum
685 1148 738 1171 est.
755 1143 842 1171 Nemo
856 1143 1023 1171 dubitaverit

229 1187 362 1217 allirmare
371 1190 420 1217 hoc
428 1191 674 1226 verbum,inquam,
686 1199 699 1218 a
711 1191 809 1219 Judzeis
818 1192 934 1219 ablatum
948 1199 1019 1225 esse,

229 1234 261 1260 ad
280 1234 397 1268 inopiam
420 1236 492 1263 enim
511 1236 658 1271 spiritualis
674 1237 807 1266 alimoniae
824 1238 922 1266 redacti
939 1243 1020 1272 sunt;

1038 991 1059 1018 Β

229 1286 278 1306 nec
299 1280 398 1314 scripta
422 1280 520 1316 Moysis
537 1281 745 1315 intellexerunt,
772 1293 782 1309 ι
797 1284 843 1311 sed
866 1291 950 1319 usque
972 1285 1022 1311 ho-

227 1324 273 1352 die
297 1326 415 1360 positutn
441 1332 482 1354 est
508 1328 632 1355 velamen
665 1336 746 1364 super
773 1337 821 1357 cor
846 1337 940 1358 eorum
955 1330 988 1362 5';
1009 1339 1018 1356 ι

227 1371 343 1398 oderunt
362 1372 495 1406 siquidem
516 1373 616 1401 Christi
634 1375 754 1402 oracula.
772 1374 856 1402 Periit
872 1376 938 1410 ipsis
962 1383 1020 1402 om-

228 1415 269 1442 nis
285 1423 346 1442 esca
367 1417 528 1452 spiritualis;
541 1426 593 1445 non
608 1419 679 1453 quod
698 1419 753 1454 ipsa
766 1421 912 1454 perniciem
941 1427 1020 1455 passa

227 1462 272 1494 sit,
285 1462 331 1490 sed
354 1463 416 1498 quia
435 1464 522 1497 passis
538 1472 590 1492 non
609 1466 768 1499 apponitur;
795 1471 822 1493 et
840 1472 970 1500 quantmn
993 1467 1018 1494 in

227 1508 294 1542 ipsis
311 1508 371 1542 fuit,
397 1509 466 1536 nulla
489 1515 531 1537 est
557 1511 672 1544 amplius
694 1512 814 1539 omnino.
841 1511 939 1539 Verum
969 1512 1019 1540 Do-

228 1553 318 1580 minus
346 1546 372 1581 in
398 1562 429 1582 se
459 1556 632 1584 credentibus
660 1557 770 1585 delicias
806 1559 970 1593 impertitur,
993 1564 1020 1586 et

229 1599 312 1626 vitam
339 1599 437 1635 lautam
461 1608 494 1627 ac
525 1601 666 1628 delicatam
694 1603 720 1629 in
747 1603 826 1630 bonis
853 1603 1017 1631 coelestibus.

229 1643 365 1679 Scriptum
387 1651 430 1673 est
446 1647 516 1673 enim
535 1656 542 1673 :
560 1656 570 1672 ‹
588 1647 646 1674 Non
667 1649 772 1676 occidet
791 1649 919 1677 Dominus
948 1650 1019 1678 fame
1033 1659 1054 1688 ο

229 1689 346 1716 animum
376 1690 463 1725 justi;
494 1692 575 1719 vitam
606 1698 694 1720 autem
728 1694 870 1729 impiorum
900 1697 1017 1724 subver-

229 1738 268 1761 ιρι
282 1734 315 1760 ⁸⁸.
336 1744 346 1760 ι

264 1779 345 1807 Vens.
356 1781 445 1814 17,18.
460 1781 628 1810 Saltaverunt
641 1785 729 1812 vitulw
741 1786 767 1812 in
779 1786 938 1820 prmepibus
949 1789 1016 1818 suis,

227 1826 346 1860 dissipati
360 1833 418 1854 sunt
434 1829 560 1861 thesauri,
581 1831 694 1864 stt/fossa
716 1837 776 1858 sunt
802 1832 883 1867 212
902 1833 1018 1859 torculu-

227 1872 278 1901 rin.
294 1872 355 1906 quin
374 1872 518 1906 arefactum
538 1879 574 1900 est
602 1875 728 1902 triticum.
761 1875 830 1908 Quid
864 1886 1017 1912 reponemus

226 1916 299 1942 nobis
310 1917 323 1943 Ρ
337 1917 463 1951 ﬂeverunt
479 1925 595 1946 armenta
612 1920 700 1952 boum,
716 1921 777 1955 quia
799 1930 850 1950 non
882 1929 955 1950 erant
970 1931 1018 1958 pa-

225 1969 290 1989 scua
307 1962 356 1996 eis,
367 1967 391 1990 et
412 1971 501 1999 greges
512 1965 598 1992 auium
617 1966 802 2001 disperieruttt.

260 2050 330 2078 XIII.
346 2050 432 2078 Etiam
457 2052 544 2079 brutis
566 2053 749 2083 animantibus
773 2055 904 2084 divinitus
932 2057 1017 2093 inspi-

225 2101 286 2123 rata
312 2096 450 2131 Scriptura
473 2105 664 2133 nonnunquam
690 2101 821 2128 rationem
840 2102 951 2138 afﬁngit,
973 2111 1018 2130 na-

1111 310 1273 346 Εὑρήσομεν
1282 311 1311 338 δὲ
1327 312 1449 340 τοιοῦτόν
1461 322 1487 340 τι
1507 313 1676 347 πεπονθότας
1698 316 1748 343 καὶ
1772 317 1873 349 αὐτοὺς

1075 355 1107 391 δὴ
1125 356 1244 391 μάλιστα
1266 357 1331 390 τοὺς
1357 359 1398 391 είς
1415 359 1533 394 Χριστὸν
1557 362 1806 397 πεπαρῳνηκότας.
1823 363 1873 389 Γέ-

1076 409 1139 435 γονε
1150 402 1201 436 μὲν
1215 402 1269 438 γὰρ
1284 403 1376 435 αὐτοῖς
1392 404 1422 431 ὲν
1432 404 1583 440 ὀφθαλμοῖς
1595 406 1645 441 ήδη
1658 414 1718 438 tunc
1736 417 1746 432 ι
1760 408 1774 434 ἑ
1790 408 1874 443 ἄρτος

1075 447 1126 480 τῆς
1146 447 1228 482 ζωῆς,
1248 449 1262 475 ό
1279 449 1308 481 ἐξ
1326 449 1443 485 οὐρανοῦ
1467 450 1589 483 καταϐὰς
1601 471 1608 484 ,
1625 452 1673 479 καὶ
1695 451 1768 488 ζωὴν
1784 453 1873 486 διδοὺς

1075 493 1114 529 τῷ
1130 493 1225 530 κόσμῳ
1239 514 1247 526 ,
1271 504 1280 520 ι
1303 495 1318 521 ὁ
1338 495 1439 527 κόκκος
1454 496 1502 522 τοῦ
1517 497 1602 530 σίτου,
1619 498 1633 523 ό
1644 497 1736 524 πεσὼν
1751 499 1794 529 είς
1809 499 1871 533 γῆν,

1076 540 1123 567 καὶ
1143 540 1286 573 πολλοστὸς
1300 542 1415 577 ἀναφὺς,
1435 542 1450 568 ὁ
1462 542 1556 577 νοητὸς
1571 540 1652 576 οἶνος,
1667 545 1681 570 ό
1696 544 1812 579 καρδίας
1826 545 1873 571 ἀν-

1077 585 1194 622 θρώπων
1211 587 1421 623 κατευφραίνειν
1432 588 1521 620 εἰδώς.
1548 589 1656 625 Ἐπειδὴ
1677 589 1706 617 δὲ
1726 591 1757 616 οὐ
1782 590 1871 617 διαλε-

1075 633 1184 661 λοίπασι
1202 635 1263 666 ταῖς
1287 634 1440 666 ἀπειθείαις
1467 636 1633 671 ὑϐρίζοντες,
1651 638 1767 671 γέγονεν
1781 638 1872 670 αὐτοῖς

1075 682 1104 715 ἐξ
1118 682 1274 717 ὀφθαλμῶν,
1293 683 1339 709 καὶ
1352 679 1408 710 οἷον
1427 684 1458 710 ὲκ
1482 684 1565 719 μέσου
1592 683 1725 720 βρώματα
1746 693 1871 720 πνευμα-

1074 727 1148 755 τικά.
1171 727 1388 763 ’Λποπεφοίτηκε
1404 728 1459 764 γὰρ
1484 729 1574 756 αὐτῶν
1596 730 1613 765 ἡ
1638 730 1740 762 παντὸς
1767 730 1872 764 ἀγαθοῦ

1076 773 1193 808 μέθεξις.
1215 773 1342 810 Ἐξῇρται
1357 774 1385 801 δὲ
1411 776 1459 802 καὶ
1477 775 1508 808 ἐξ
1535 775 1611 802 οἴκου
1630 776 1678 802 τοῦ
1694 777 1762 811 παρ’
1780 776 1871 808 αὐτοῖς

1074 820 1237 857 εὐφροσύνη,
1260 821 1307 848 καὶ
1327 822 1410 857 χαρά.
1431 821 1557 849 Δέδονται
1580 822 1635 858 γάρ
1652 822 1693 854 είς
1716 823 1869 858 ἐρήμωσιν,

1074 867 1122 893 καὶ
1135 867 1302 894 διατελοῦσιν
1322 869 1346 894 oi
1359 868 1473 900 τάλανες
1496 868 1546 895 οὐκ
1562 868 1639 901 δντος
1653 869 1791 904 βασιλέως
1811 869 1871 896 οὐδὲ

1073 913 1214 949 ἄρχοντος,
1227 914 1276 940 οὐκ
1286 913 1370 950 οὔσης
1383 913 1489 947 θυσίας,
1502 914 1563 941 οὐδὲ
1573 915 1650 946 ὄντος
1663 915 1870 950 θυσιαστηρίου,

1074 957 1136 984 οὕτε
1154 958 1259 994 ίερέως,
1274 958 1335 985 οὔτε
1350 958 1448 994 δήλων.
1463 959 1518 985 Καὶ
1536 959 1596 986 καθ’
1611 959 1704 995 ἕτερον
1720 959 1750 986 δὲ
1768 959 1870 995 τρόπον

1074 1003 1222 1040 ἐξῃρῆσθαι
1238 1012 1328 1039 φαμεν
1337 1003 1368 1036 ἐξ
1379 1003 1528 1040 ὀφθαλμῶν
1543 1004 1633 1032 αὐτῶν
1647 1005 1682 1033 τά
1690 1013 1722 1032 τε
1735 1005 1871 1041 βρώματα

1073 1050 1121 1076 καὶ
1129 1049 1178 1085 τὴν
1187 1049 1367 1086 εὐφροσύνην,
1386 1050 1433 1077 καὶ
1449 1049 1499 1086 τὴν
1518 1051 1616 1086 χαράν.
1637 1050 1710 1086 Ἔφη
1725 1052 1776 1086 μὲν
1790 1051 1844 1086 γὰρ
1856 1052 1870 1078 6

1073 1095 1175 1131 Κύριος
1187 1103 1194 1110 ·
1215 1106 1224 1122 ι
1240 1096 1298 1122 Οὐκ
1322 1095 1366 1122 ἐπ’
1383 1095 1459 1131 ἄρτῳ
1488 1095 1561 1130 μόνῳ
1578 1094 1690 1131 ζήσεται
1713 1095 1868 1132 ἄνθρωπος,

1072 1141 1130 1168 ἀλλ’
1153 1142 1182 1168 ὲν
1206 1142 1288 1168 παντὶ
1307 1142 1411 1177 ῥήματι
1432 1142 1642 1177 ἐκπορευομένῳ
1665 1141 1710 1169 διὰ
1734 1143 1869 1178 στόματος

1073 1187 1150 1215 Θεοῦ.
1159 1197 1168 1214 ι
1180 1187 1235 1214 Νοῦ
1246 1187 1275 1215 δὲ
1291 1188 1388 1223 τροφὴ,
1406 1187 1495 1222 λόγος.
1508 1188 1564 1215 Οὐκ
1573 1187 1607 1215 ἂν
1621 1188 1643 1215 δ’
1661 1188 1810 1215 ἑνδοιάσειέ
1827 1197 1868 1220 τις

1071 1234 1152 1261 τοῦτο
1165 1234 1216 1269 τῆς
1237 1233 1372 1261 Ἰουδαίων
1388 1233 1509 1269 πληθύος
1534 1233 1648 1270 tamen
1669 1233 1771 1268 λέγειν,
1784 1233 1867 1268 Γεγό-

1072 1288 1134 1307 νασι
1144 1279 1198 1315 γὰρ
1207 1281 1235 1305 ὲν
1249 1279 1338 1315 ἐνδείᾳ
1351 1279 1456 1315 τροφῆς
1467 1279 1665 1315 πνευματικῆς,
1677 1279 1708 1305 οὺ
1721 1279 1867 1314 νενοήκασι

1072 1327 1106 1353 τὰ
1126 1327 1258 1357 Μωσέως,
1276 1335 1286 1352 ‹
1300 1326 1357 1352 ἀλλ’
1376 1326 1440 1362 ἄχρι
1458 1326 1580 1361 σήμερον
1596 1326 1732 1361 κάλυμμα
1754 1325 1802 1352 ἐπὶ
1818 1325 1868 1360 τὴν

1072 1373 1187 1407 καρδίαν
1211 1372 1305 1398 αὐτῶν
1330 1373 1435 1399 κεῖται·
1452 1381 1461 1398 ι
1484 1373 1656 1408 μεμισήκασι
1677 1372 1732 1407 γὰρ
1761 1371 1798 1398 τὰ
1820 1370 1867 1397 τοῦ

1072 1415 1191 1450 Χριστοῦ
1219 1415 1402 1450 θεσπίσματα.
1441 1416 1614 1452 Ὢλόθρευται
1642 1416 1734 1448 αὐτοῖς
1761 1416 1868 1451 πᾶσαή

1072 1462 1244 1497 πνευματικὴ
1266 1462 1364 1497 τροφὴ,
1379 1462 1430 1489 οὺκ
1446 1463 1515 1498 αὑτὴ
1530 1462 1654 1489 παθοῦσα
1674 1462 1719 1494 τὸν
1743 1462 1866 1496 ὀλεθρον,

1072 1507 1139 1534 ἀλλὰ
1151 1509 1207 1539 τοῖς
1219 1507 1380 1534 πεπονθόσιν
1393 1509 1443 1535 οὐκ
1457 1508 1497 1534 έτι
1518 1508 1723 1544 παρακειμένη,
1744 1509 1794 1535 καὶ
1807 1509 1866 1534 ὅσον

1071 1551 1139 1589 ἧκεν
1151 1553 1190 1584 είς
1201 1553 1332 1586 ἐκείνους,
1343 1553 1403 1580 οὐδὲ
1418 1554 1578 1589 ὑπάρχουσα
1593 1554 1744 1586 παντελῶς.
1773 1554 1843 1580 Ἀλλ’
1853 1554 1867 1580 ὅ

1071 1605 1104 1631 γε
1117 1596 1218 1632 Κύριος
1230 1598 1283 1629 τοῖς
1297 1598 1336 1629 είς
1346 1598 1426 1625 αὑτὸν
1440 1599 1597 1625 πιστεύουσι
1606 1599 1636 1626 τὸ
1648 1599 1749 1635 χρῆναι
1761 1601 1867 1634 τρνφᾷν

1071 1643 1211 1678 διανέμει,
1239 1644 1286 1670 καὶ
1311 1644 1482 1680 ὲνσπαταλᾷν
1509 1645 1622 1678 ἀγαθοῖς
1658 1646 1715 1676 τοῖς
1753 1645 1866 1672 ἀνωθεν.

1070 1689 1228 1724 Γέγραπται
1243 1689 1308 1725 γὰρ,
1320 1690 1361 1716 ὅτι
1373 1699 1383 1715 t
1401 1691 1438 1717 Οὺ
1455 1690 1645 1726 λιμοκτονήσει
1660 1691 1764 1726 Κύριος
1779 1690 1867 1726 ψυχὴν

1069 1733 1186 1767 δικαίου,
1203 1735 1275 1770 ζωὴν
1289 1735 1318 1761 δὲ
1334 1735 1441 1762 ἀσεϐῶν
1458 1735 1614 1772 ἀνατρέψει.
1634 1745 1644 1762 ι

1111 1781 1312 1815 Ἑσκίρτησαν
1320 1781 1465 1816 δαμάλεις
1477 1782 1526 1809 ἐπὶ
1536 1782 1602 1815 ταῖς
1612 1782 1744 1816 φάτναις
1755 1781 1865 1814 αὐτῶν,

1067 1827 1286 1861 ἠφανίσθησαν
1313 1827 1478 1861 θησαυροὶ,
1498 1828 1741 1862 κατεσκάφησαν
1765 1828 1865 1862 ληνοὶ,

1069 1874 1113 1901 ὅτι
1142 1874 1293 1908 ἐξηράνθη
1323 1874 1416 1907 σῖτος.
1447 1875 1478 1901 Τί
1501 1874 1698 1910 ἀποθήσομεν
1730 1875 1865 1907 ἐαυτοῖς;

1067 1920 1226 1947 ἔκλαυσαν
1235 1921 1385 1953 βουκόλια
1395 1920 1490 1954 βοῶν,
1514 1921 1558 1948 ὅτι
1575 1922 1631 1955 οὐχ
1650 1920 1773 1956 ὑπῆρχε
1787 1921 1865 1955 νομὴ

1068 1967 1180 2000 αὐτοῖς,
1195 1967 1243 1994 καὶ
1260 1967 1297 1994 τὰ
1309 1968 1433 2002 ποίμνια
1447 1967 1506 1995 τῶν
1521 1967 1676 2002 προϐάτων
1689 1967 1863 2002 ἠφανίσθη-

1069 2021 1139 2040 σαν.

1103 2060 1153 2086 If".
1170 2060 1225 2086 Καὶ
1239 2061 1294 2091 τοῖς
1305 2059 1413 2094 ἀλόγοις
1425 2059 1479 2086 τῶν
1491 2059 1569 2092 ζώων
1587 2059 1643 2085 ἔσθ’
1662 2058 1707 2085 ὅτε
1721 2059 1802 2093 λόγον
1818 2067 1863 2086 πε-

1070 2105 1203 2141 ριτίθησιν
1218 2107 1234 2142 ή
1255 2106 1436 2138 θεόπνευστος
1458 2106 1555 2141 Γραφὴ
1567 2125 1574 2137 ,
1590 2105 1639 2137 τὰς
1664 2105 1720 2131 τῶν
1736 2106 1862 2141 πράξεων

227 2147 313 2169 turam
331 2150 420 2169 rerum
436 2143 526 2177 lepore
551 2145 667 2179 quodam
689 2150 716 2173 et
745 2147 892 2175 festivitate
920 2149 1017 2176 distin-

1073 2155 1163 2188 φύσεις
1175 2155 1215 2186 είς
1226 2154 1258 2180 τὸ
1279 2154 1375 2190 εὔχαρι
1396 2163 1424 2181 τε
1448 2154 1495 2180 καὶ
1512 2153 1628 2185 ἀστείως
1651 2153 1713 2188 ἕχον
1731 2153 1864 2187 ἐντέχνως

226 2193 322 2220 gneus,
336 2191 364 2213 et
377 2187 454 2221 quasi
475 2188 603 2216 moralem
616 2197 708 2217 eorum
724 2193 903 2220 meonomiam
915 2193 1017 2222 descri-

226 2231 302 2265 bens,
328 2239 387 2266 qua:
413 2240 461 2259 nos
498 2233 646 2269 intelligere
678 2243 726 2270 par
746 2241 798 2264 est.
829 2238 928 2266 Deinde
952 2241 1016 2276 quid

227 2276 334 2310 mirum,
350 2277 454 2305 etiamsi
478 2279 559 2305 vitula
586 2279 690 2306 dicatur
724 2280 868 2316 aliquando
899 2285 1013 2314 saltasse

224 2322 384 2357 ﬂcvisseque
401 2328 522 2350 armenta
544 2324 642 2352 boum?
666 2326 864 2356 lntolerandum
891 2331 1014 2360 enim'in
1031 2328 1052 2356 D

226 2367 334 2395 modum
349 2367 420 2395 fame
443 2369 644 2403 premebantur.
665 2371 747 2400 Forte
762 2374 832 2401 enim
849 2377 1015 2406 exsiliissent

224 2419 252 2440 ut
269 2414 416 2440 lamentata
431 2419 522 2441 essent
543 2415 602 2450 ipsa
619 2424 694 2451 arva,
713 2418 734 2446 si
749 2427 830 2454 quam
856 2422 1012 2460 intelligen-

226 2461 268 2487 lim
299 2465 403 2494 partem
419 2460 610 2490 habuissem:
630 2463 754 2500 Dissipati
781 2473 843 2495 sttnt
869 2469 1011 2505 thesauri,

224 2506 321 2540 inquit,
337 2511 365 2533 et
391 2506 504 2534 suffossa
530 2509 694 2545 toreularia;
711 2521 720 2538 ›
752 2514 859 2548 penitus
891 2517 1011 2552 neglecta

223 2552 348 2585 forsitan,
363 2552 434 2587 quod
449 2553 513 2580 nihil
529 2562 562 2582 ex
587 2557 658 2591 agris
675 2558 865 2594 colligeretur;
881 2563 927 2589 sed
954 2562 1009 2590 falx

222 2598 309 2625 otiosa
325 2604 398 2626 esset
431 2599 464 2627 ad
489 2600 594 2629 botrum
623 2603 649 2631 in
670 2605 758 2639 vinea,
785 2607 858 2641 spica
880 2608 907 2636 in
937 2610 1010 2645 agris

223 2648 315 2677 utpote
332 2650 476 2680 prostrata,
492 2648 620 2682 aruissct,
637 2657 686 2678 nec
703 2652 737 2678 ad
753 2653 935 2681 maturitatem
951 2663 1012 2690 per-

223 2690 350 2718 venisset.
367 2692 427 2720 Ideo
438 2693 484 2726 ait,
504 2703 514 2720 ε
531 2694 599 2727 Quid
618 2703 780 2730 reponemus
807 2700 902 2727 nobis?
914 2710 924 2727 ι
940 2701 1008 2734 Quia

222 2741 324 2771 autem,
340 2742 369 2766 ut
392 2739 470 2773 dicit,
482 2748 543 2768 cttm
564 2741 696 2770 lruolibus
717 2745 878 2780 mitioribus,
895 2753 922 2774 et
945 2748 1010 2783 ipsa:

269 2826 281 2842 '
296 2826 372 2855 Joan.
391 2835 426 2858 vn.
443 2828 486 2855 55.
526 2829 548 2845 ⁸⁸³
562 2829 639 2859 Joan.
657 2840 692 2859 xu

221 2867 264 2895 ut,
278 2861 320 2889 l5.
358 2863 381 2878 ⁸⁸
393 2862 473 2897 Prov,
491 2871 517 2898 x,
539 2864 564 2891 ’5.

1067 2200 1299 2233 διαποικίλλουσα,
1312 2200 1358 2227 καὶ
1370 2197 1425 2226 οἷον
1436 2201 1465 2226 ὲν
1478 2199 1544 2226 εἴδει
1563 2200 1708 2234 γράφουσα
1729 2200 1780 2231 τὰς
1794 2199 1860 2225 οἰκο-

1067 2247 1172 2281 νομίας,
1189 2244 1226 2273 ὧν
1238 2247 1271 2273 ἂν
1285 2246 1385 2282 πρέποι
1405 2247 1485 2273 νοεῖν.
1504 2244 1571 2272 Εἶτα
1593 2246 1619 2272 τί
1640 2245 1746 2280 θαῦμα,
1771 2245 1823 2272 κᾶν
1839 2245 1863 2270 εί

1066 2292 1182 2328 δάμαλις
1196 2292 1300 2326 λέγοιτο
1313 2291 1472 2327 διασκιρτᾷν
1482 2291 1572 2326 τυχὸν,
1586 2290 1703 2317 κλαῦσαι
1719 2299 1750 2316 τε
1768 2290 1863 2325 βουκό-

1066 2338 1111 2365 λια
1129 2338 1215 2373 βοῶν;
1249 2338 1407 2373 Ἀφορήτως
1432 2337 1487 2373 γὰρ
1514 2337 1584 2364 αὐτὰ
1603 2336 1801 2369 κατεπιέζοντο
1824 2336 1862 2370 τῷ

1066 2383 1147 2419 λιμῷ.
1166 2384 1242 2419 Τάχα
1259 2393 1318 2415 πως
1331 2383 1378 2410 καὶ
1392 2383 1591 2418 ἀνεσκίρτησαν
1604 2383 1647 2413 ἂν,
1662 2382 1710 2408 καὶ
1729 2382 1864 2417 τεΘρηνή·

1066 2438 1145 2457 κασιν
1159 2430 1248 2465 ἀγροὶ,
1267 2431 1347 2465 εἴπερ
1361 2427 1394 2465 ἦν
1412 2429 1503 2460 αὐτοῖς
1517 2428 1645 2463 αἴσθησις
1660 2427 1717 2454 τῶν
1731 2429 1862 2462 ἐπενηνε-

1064 2475 1182 2511 γμένων.
1219 2475 1381 2510 Ἠφανίσθαι
1398 2475 1426 2501 δέ
1449 2483 1516 2510 φησι
1531 2474 1686 2509 θησαυροὺς
1697 2493 1705 2506 ,
1724 2474 1775 2500 καὶ
1792 2480 1860 2498 κατ-

1065 2520 1199 2555 εσκάφοαι
1209 2521 1316 2555 ληνοὺς,
1336 2520 1464 2555 οὐδεμιᾶς
1478 2528 1531 2546 που
1542 2519 1614 2555 τάχα
1623 2518 1768 2554 φροντίδος
1778 2519 1859 2553 ἠξιω-

1061 2567 1167 2603 μένους,
1185 2566 1230 2592 διά
1245 2575 1286 2592 τοι
1298 2566 1330 2592 τὸ
1343 2566 1426 2602 μηδὲν
1442 2567 1472 2599 ἐξ
1480 2565 1573 2601 ἀγρῶν
1588 2564 1783 2598 συλλέγεσθαι,
1792 2563 1859 2590 ἀλλά

1059 2613 1196 2648 δρεπάνην
1211 2613 1259 2648 μὲν
1271 2613 1423 2648 ἀπρακτεῖν
1435 2612 1484 2648 τὴν
1498 2613 1526 2639 ὲν
1540 2611 1656 2647 ἀμπέλῳ
1681 2612 1730 2637 καὶ
1746 2611 1841 2646 βότρυῖ
1851 2629 1858 2641 ,

1061 2659 1142 2694 ξηρὸν
1157 2659 1185 2686 δὲ
1202 2659 1249 2685 καὶ
1277 2658 1493 2695 ἀτελεσφόρητον
1508 2659 1563 2689 τοῖς
1587 2658 1683 2693 ἀγροῖς
1707 2657 1858 2684 ὲπικλίνειν

1059 2705 1104 2731 τὸν
1123 2705 1230 2739 στάχυν.
1245 2704 1337 2740 Ταύτῃ
1349 2705 1416 2739 φησι
1427 2713 1433 2720 ·
1452 2704 1500 2731 ιΤί
1514 2703 1689 2738 ἀποθήσομεν
1705 2703 1832 2734 suum;
1846 2711 1854 2726 I

1061 2750 1122 2776 Ὀτι
1136 2750 1173 2783 δὲ,
1187 2750 1224 2782 ὡς
1238 2750 1317 2786 ἔφην,
1327 2751 1383 2782 τοῖς
1393 2750 1447 2777 τῶν
1460 2749 1576 2786 καρπῶν
1587 2749 1704 2784 ἡμέροις
1716 2749 1765 2776 καὶ
1775 2747 1856 2776 αὑταὶ

698 2853 704 2865 ,
722 2833 772 2866 ⁸24,
787 2833 832 2863 25.
871 2835 902 2852 '°‘
924 2835 1007 2864 Eccli.

1073 2859 1075 2867 ν
1093 2837 1137 2865 20.
1176 2839 1197 2854 "
1215 2839 1280 2866 Dan.
1295 2846 1335 2873 tu,
1355 2838 1399 2866 58.
1439 2838 1462 2854 “
1479 2838 1573 2866 Matth.
1590 2846 1626 2871 tv,
1644 2837 1672 2865 ι.
1714 2837 1739 2853 ⁸³
1751 2836 1774 2864 ll
1790 2835 1851 2865 Cor.
