1919 3041
64 155 116 184 353

517 157 794 186 COMMENTARIUS
814 157 848 186 IN
866 157 998 186 JOELEM
1020 158 1243 187 PROPHETAM.

1653 164 1705 192 εει

64 211 273 238 συνδιολὼλασιν
286 214 316 240 αι
326 213 378 248 τῆς
396 214 500 250 ὲρήμου
518 217 591 249 πόαι,
605 217 767 252 καθίστησιν
779 218 859 252 ἐναρ-

916 217 1067 245 solitudinis
1093 219 1183 246 herba;
1205 219 1355 252 perierunt,
1374 218 1484 253 subjicit
1505 219 1590 253 clare,
1614 221 1705 249 ovium

63 257 121 290 γὲς,
146 257 297 291 ἠφανίσθαι
323 259 411 294 λέγων
437 261 485 287 καὶ
507 262 577 288 αὐτὰ
594 262 650 288 τῶν
668 263 814 297 προὸἀτων
827 262 863 290 τὰ

63 302 189 337 ποίμνια,
204 302 280 338 λιμῷ
303 305 415 338 πάντως
436 307 661 343 κατεφθαρμένα,
677 308 724 334 καὶ
739 308 788 343 τῆς
801 317 863 335 συν-

63 349 147 384 ήθους
155 350 203 376 καὶ
214 349 382 386 φιλαιτάςης
392 353 483 384 αὐτοῖς
491 353 662 388 ἐστερημέναι
670 352 752 389 ζωῆς.
764 354 863 388 Ἐφαρ-

65 395 143 430 μόσει
159 395 187 421 δὲ
202 396 251 422 καὶ
264 396 355 424 ταῦτα
366 398 455 432 σοφῶς
468 400 529 430 ταῖς
550 399 683 425 Ἰουδαίων
696 401 861 435 συμφοραῖς,

62 441 87 467 οἳ
103 442 342 476 πεπαρῳνήκασιν
353 444 393 474 εἰς
407 444 535 479 Χριστόν.
624 458 639 470 ι

97 487 178 520 Πρὸς
188 487 238 519 σὲ,
253 488 353 522 Κύριε,
361 489 526 524 βοήσομαι,
537 490 582 517 ὅτι
596 490 656 525 πύρ
669 491 812 526 ἀνήλωσε
827 493 862 519 τὰ

62 533 154 567 ὡραῖα
163 533 220 568 τῆς
227 534 350 569 ἐρήμου,
365 535 413 562 καὶ
423 536 502 570 φλὸξ
514 536 613 570 ἀνῆψε
627 537 724 564 πάντα
738 538 774 564 τὰ
783 538 862 569 ξύλα

63 580 115 606 τοῦ
137 580 246 614 ἀγροῦ,
261 581 310 608 καὶ
337 582 373 608 τὰ
390 582 486 616 κτήνη
498 583 551 609 τοῦ
563 583 668 610 πεδίου
689 584 862 618 ἀνέϐλεψαν

64 625 141 660 spec
155 626 205 657 σὲ,
221 626 267 653 ὅτι
284 626 498 662 ὲξηριὶνθησαν
518 628 642 662 ἀφέσεις
671 629 797 662 ὑδάτων,
813 629 862 656 καὶ

64 672 123 705 πῦρ
136 672 288 707 κατέφαγε
301 673 336 700 τὰ
349 673 404 707 τῆς
418 673 541 708 ἐρήμου.

97 718 149 744 1Δ’.
166 718 264 754 Ὧραῖα
278 719 328 754 μὲν
340 719 389 754 τῆς
401 721 505 756 ἐρήμου
518 721 585 756 φησὶ
595 721 630 748 τὰ
640 722 668 748 ὲν
681 722 782 754 πεδίοις
792 723 862 758 τάχα

63 773 114 792 που
130 766 190 796 τοῖς
205 766 350 800 ἀνηρότοις
360 766 519 801 αὐτομάτως
537 767 712 802 ἀναφυόμενα
725 776 732 784 ⁸
746 767 813 800 ξύλα
830 777 861 803 γε

66 810 117 845 μὴν
129 810 179 837 τοῦ
191 811 291 846 ἀγροῦ,
306 813 341 838 τὰ
351 812 381 838 ὲν
396 812 494 848 κήποις
509 812 556 840 καὶ
571 813 744 849 παραδείσοις
764 815 861 850 εὐγενῆ

65 855 256 891 βλαστήματα,
272 857 320 884 καὶ
333 858 392 889 ταῖς
405 857 435 890 ἐξ
447 857 526 894 ὡρῶν
537 858 702 894 εὖκαρπίαις
718 860 861 895 περιανθε-

914 270 1009 298 greges
1035 264 1183 297 interiisse,
1200 264 1272 292 fame
1294 270 1405 293 enectos
1424 266 1553 295 funditus.
1575 274 1706 295 consueto

914 313 941 336 et
961 309 1116 343 gratissimo
1143 310 1262 344 ipsorum
1283 311 1352 339 victu
1376 313 1507 346 privatos.
1539 313 1600 341 ilco
1624 323 1706 350 porro

914 362 966 382 non
995 355 1091 382 inscite
1116 356 1149 382 ad
1173 356 1324 385 Judteorttm
1352 359 1520 388 calamitates
1546 362 1700 388 trahentur-

914 400 960 436 qui
976 400 1113 429 Christum
1131 402 1235 437 injuriis
1251 411 1424 432 vexaveruut.

949 489 1031 516 Vsus.
1050 489 1093 522 19,
1106 490 1150 516 20.
1167 490 1208 516 Ad
1229 495 1262 523 le,
1284 491 1405 526 Domine,
1425 493 1554 526 clamabo,
1580 496 1704 529 quoniam

915 535 983 570 ignis
1009 537 1170 571 consumpsit
1185 537 1301 569 speciosa
1316 538 1420 571 deserti,
1437 544 1460 566 et
1472 541 1580 573 ﬂamma
1598 549 1704 568 succen-

913 582 951 608 dit
968 583 1056 609 omnia
1071 582 1143 618 ligna
1163 584 1231 618 agri,
1246 588 1269 610 et
1289 586 1411 619 jumenta
1431 587 1516 618 campi
1533 593 1703 621 suspexerunt

913 629 947 654 ad
962 633 996 662 te,
1013 630 1139 663 quoniam
1162 629 1287 664 arefacta:
1308 636 1367 657 sunt
1387 632 1537 658 emissiones
1563 642 1701 667 aquarum,

913 680 936 701 et
949 676 1016 709 ignis
1029 676 1158 702 devoravit
1173 677 1292 709 speciosa
1307 678 1413 703 deserti.

947 721 1017 749 XIV.
1035 722 1164 756 Speciosa
1187 722 1288 749 deserti
1305 722 1422 755 appellat
1443 722 1567 754 fortasse.
1592 731 1651 758 quae
1677 724 1702 750 in

913 767 1017 802 campis
1038 775 1090 794 non
1113 768 1197 795 aratis
1216 772 1312 802 sponte
1337 774 1513 796 enascuntur.
1529 769 1612 804 Ligna
1640 777 1704 797 vero

913 813 982 847 agri,
1001 813 1141 840 hortorum
1156 819 1183 840 et
1198 814 1390 841 viridariorum
1404 815 1503 842 nobilia
1523 815 1644 849 germina
1655 836 1663 847 ,
1677 819 1704 842 et

914 859 1073 893 tempestiva
1106 859 1241 886 fructuum
1280 862 1355 895 copia
1376 861 1572 888 circutnornari
1614 860 1703 888 solita.

64 901 159 933 ζεσθαι
170 904 324 936 πεφυκότα.
341 903 434 930 Ταῦτα
448 903 476 930 δὲ
491 905 519 930 ὲν
534 904 598 931 εῐδει
615 905 701 940 πυρὸς
717 906 861 941 κατεδηδο-

916 903 975 930 ΙΙίεο
995 903 1064 930 velut
1084 903 1172 938 ignem
1192 905 1337 931 devorasse
1360 905 1553 939 propemodum
1572 905 1704 932 bruchum

65 948 141 974 κέναι
167 949 252 983 φησὶν
279 949 421 985 μονονουχὶ
450 949 564 986 βροῦχόν
589 959 619 977 τε
648 951 694 978 καὶ
717 953 857 988 ἐρυσίὸην.

65 994 185 1021 Ποιεῐται
202 994 232 1020 δὲ
248 996 391 1030 χρησίμως
416 996 465 1031 τὴν
483 996 551 1032 πρὸς
567 997 633 1024 Θεὸν
659 997 741 1033 εὐχὴν
752 999 860 1025 ἐκτενέ-

65 1047 160 1073 aratro,
172 1039 318 1072 διδάσκων,
335 1041 372 1072 ὡς
386 1041 487 1076 ἥκιστα
501 1042 550 1077 μὲν
565 1043 630 1078 παρ’
651 1043 744 1078 ἐτέρου
768 1043 860 1078 ζητεῖν

64 1086 154 1120 δεήσει
178 1086 230 1121 τῆς
248 1088 391 1122 συμφορᾶς
413 1087 462 1123 τὴν
486 1089 648 1121 ἀπόστασιν,
666 1090 815 1125 προσάγειν
831 1089 860 1116 δὲ

66 1131 138 1167 μόνῳ
151 1132 193 1167 τῷ
208 1132 306 1164 σώζειν
321 1133 439 1168 ἰσχύοντι
449 1134 499 1166 τὰς
518 1135 603 1168 λιτὰς,
618 1135 665 1162 καὶ
680 1135 717 1167 ὡς
731 1136 759 1169 ἐξ
774 1135 860 1171 ὀργῆς

66 1179 195 1212 ἐπάγοντι
205 1179 240 1205 τὰ
256 1180 424 1206 καταλυπεῖν
440 1180 564 1208 εἰωθότα.
579 1182 624 1216 Μὴ
641 1182 694 1217 γὰρ
709 1182 740 1217 δὴ
760 1182 860 1218 χρῆναι

66 1225 175 1258 φρονεῖν
189 1221 220 1250 εὖ
233 1224 306 1258 μάλα
316 1225 397 1259 φησὶν
411 1225 569 1260 αὐτομάτως
580 1226 716 1261 συμϐῆναι
727 1226 762 1252 τὰ
771 1227 859 1253 τοιάδε

66 1268 119 1294 τῶν
134 1268 242 1301 κακῶν,
260 1269 439 1304 ἐπενηνέχθαι
454 1269 482 1296 δὲ
501 1270 601 1305 μᾶλλον
613 1271 651 1302 ὡς
667 1272 699 1297 ἐκ
714 1271 794 1297 θείων
811 1272 860 1298 αὑ-

66 1315 121 1345 τοῖς
138 1315 314 1349 μηνιμάτων,
341 1316 388 1342 καὶ
412 1315 492 1343 τοῦτο
508 1317 589 1349 αὐτὸς
607 1318 672 1353 ἡμῖν
694 1318 709 1343 ὁ
725 1317 779 1344 τῶν
792 1317 861 1344 ὅλων

67 1360 130 1391 Θεὸς
145 1360 192 1386 διὰ
207 1361 301 1396 φωνῆς
318 1360 412 1396 ἐτέρου
427 1362 568 1398 προφήτου
595 1363 692 1396 φησίνο
709 1372 718 1388 ι
736 1363 768 1389 Εἰ
785 1362 860 1389 ἔσται

68 1406 150 1432 κακία
165 1407 196 1433 ἐν
212 1406 300 1438 πόλει,
315 1407 350 1442 ἡν
367 1407 470 1443 Κύριος
492 1409 542 1434 οὑκ
558 1408 696 1443 ἐποίησεν.
713 1418 722 1434 ι
743 1408 781 1434 Οὐ
807 1407 862 1444 γὰρ

68 1451 100 1478 ειν
112 1451 259 1490 γένοιτὲτι
275 1452 329 1479 τῶν
342 1453 444 1479 κακοῦν
456 1453 590 1480 εἰωθότων
608 1455 711 1487 πόλεις,
728 1454 744 1488 ἢ
758 1453 860 1490 χώρας,

67 1497 80 1523 ὃ
93 1497 242 1532 πράττοιτο
260 1497 294 1524 ἂν
307 1497 345 1533 μὴ
356 1493 405 1525 οὐκ
420 1500 541 1533 ἐφιέντος
552 1500 630 1526 Θεοῦ.
644 1500 728 1532 Σώξει
746 1501 801 1537 γάρ
815 1500 862 1533 οὒς

68 1543 100 1570 ἂν
112 1543 214 1576 ἕλοιτο,
230 1543 278 1571 καὶ
288 1544 454 1572 ἀπαλλάττει
464 1546 567 1573 κακῶν.
587 1546 741 1573 Ἀναπείθει
754 1544 799 1574 οὖν
807 1546 861 1573 τῶν

68 1589 263 1625 λελυπηκότων
278 1591 329 1626 τὴν
343 1591 420 1617 λύσιν
435 1591 527 1626 ζητεῖν
543 1593 620 1627 παρὰ
641 1592 720 1625 Θεοῦ,
738 1593 862 1629 ῥιπτοῦν-

67 1645 115 1668 τας
133 1636 247 1672 μακρὰν
260 1637 291 1663 τό
313 1645 345 1671 γε
361 1636 466 1664 οἴεσθαι
480 1638 536 1664 δεῖν
552 1638 602 1673 τῆς
616 1638 670 1665 τῶν
679 1638 864 1674 ψευδωνύμων

68 1681 144 1708 θεῶν
164 1681 268 1717 χειρὸς,
283 1681 331 1708 καὶ
345 1682 506 1719 ἐπικουρίας
521 1682 664 1718 δεδεῆσθαι
684 1683 719 1710 τὰ
741 1684 801 1710 κατ’
815 1684 864 1710 αὺ-

68 1727 140 1758 τούς.
157 1735 166 1751 ι
183 1726 389 1762 Ἐξηράνθησαν
405 1726 450 1760 δὲ,
470 1728 569 1762 φησὶν,
590 1727 702 1762 ἀφέσεις
727 1728 839 1756 ὑδάτων.
850 1737 860 1755 ι

74 1772 168 1799 Ὑετοῦ
184 1773 240 1808 γὰρ
248 1773 298 1799 οὐκ
307 1773 433 1809 ἅρδοντος
443 1772 492 1808 τὴν
503 1773 566 1808 γῆν,
580 1773 745 1809 καθιεμένης
756 1774 784 1801 δὲ
795 1774 864 1810 πρὸς

68 1818 157 1854 τούτῳ
175 1819 228 1853 τῆς
245 1819 386 1854 ὲρυσίὸης,
401 1819 608 1855 ὲξωπλισμένης
623 1820 653 1846 δὲ
670 1820 718 1847 καὶ
740 1820 862 1855 ἀκρίδος,

69 1865 115 1892 καὶ
131 1864 249 1901 βρούχου
267 1864 417 1900 πηδῶντας,
432 1865 480 1891 καὶ
503 1865 617 1900 κάμπης
636 1865 784 1901 ἑρπούσης,
804 1865 864 1897 πῶς

69 1910 100 1937 ἂν
120 1910 276 1946 ἀμφίϐολον
301 1908 335 1945 ἦν
352 1911 390 1942 ὡς
405 1910 513 1943 πάντως
539 1911 639 1946 οἴχοιτο
662 1911 695 1938 ἂν
722 1911 814 1944 αὐτοῖς
829 1911 864 1938 τὰ

70 1957 184 1993 ζωαρκῆ
205 1956 329 1992 πρὸςτὸ
349 1956 448 1992 μηδένς
472 1957 734 1992 Καταφθειρομένης
759 1957 788 1983 δὲ
816 1957 864 1984 καὶ

70 2002 150 2035 πόας,
166 2003 245 2030 πᾶσά
269 2010 328 2034 πως
343 2002 449 2037 ἀνάγκη
464 2002 511 2028 καὶ
521 2002 606 2038 κτήνη
623 2001 720 2029 παθεῖν
742 2002 788 2029 τὸν
805 2001 864 2028 ὁλε-

71 2049 144 2085 θρον,

110 2103 199 2138 Φαίην
207 2102 230 2129 δ’
239 2102 284 2135 ἂν,
292 2102 332 2129 ὅτι
340 2102 410 2138 τάχα
421 2110 471 2129 που
482 2102 529 2129 καὶ
543 2102 691 2134 Ἰουδαίοις,
700 2101 729 2129 ὲν
739 2101 864 2138 ἐσχάτοις

72 2149 116 2175 τοῦ
132 2148 231 2180 αἰῶνος
250 2149 357 2184 καιροῖς
373 2147 569 2183 ἐπιστρέφουσι
581 2148 649 2183 πρὸς
669 2147 746 2179 Θεὸν,
762 2147 864 2182 πρέποι

73 2196 104 2222 ἂν
120 2197 208 2222 εἰπεῖν
223 2195 276 2226 τὰς
291 2194 398 2222 τοιάσδε
418 2193 521 2229 φωνὰς,
539 2195 599 2226 ταῖς
623 2193 676 2220 τῶν
696 2193 808 2228 ἀγαθῶν
821 2193 866 2219 ὲν-

910 954 937 976 et
959 950 1107 984 rubiginem
1127 955 1260 977 autumat.
1287 951 1474 978 lntensissime
1502 956 1592 978 autem
1619 950 1703 978 Deum

910 1000 1047 1030 precatur.
1073 1000 1100 1022 et
1134 995 1246 1028 utiliter,
1264 996 1355 1023 dicens
1387 996 1497 1023 minime
1519 997 1588 1030 apud
1621 995 1703 1022 alium

910 1041 1082 1075 quaerendam
1105 1042 1289 1076 depulsionem
1308 1042 1482 1075 calamitatis,
1497 1048 1525 1069 et
1537 1042 1586 1069 soli
1601 1041 1704 1076 suppli-

910 1086 1024 1113 candum
1054 1085 1104 1118 illi,
1117 1086 1162 1120 qui
1180 1087 1294 1113 salutem
1323 1086 1419 1113 :ill'erre
1437 1091 1534 1120 potest,
1557 1090 1584 1113 et
1614 1086 1702 1113 iratus

912 1131 1051 1164 repellere,
1067 1138 1125 1165 quae
1139 1132 1237 1159 habere
1253 1131 1401 1159 molestiam
1415 1137 1622 1159 consueverunt.
1640 1132 1701 1159 Non

911 1177 982 1203 enim
1003 1177 1191 1211 cogitandum,
1213 1183 1241 1204 et
1262 1182 1335 1204 recte
1357 1185 1434 1210 sane,
1465 1177 1617 1212 bujusmodi
1633 1177 1701 1204 mala

911 1229 960 1257 per
979 1230 1009 1250 se
1028 1223 1195 1256 contingere,
1213 1223 1260 1250 sed
1275 1231 1309 1250 ex
1326 1223 1364 1250 ira
1382 1223 1471 1250 divina
1485 1224 1574 1257 potius
1590 1222 1702 1256 inferri;

913 1269 938 1296 id
952 1269 1022 1304 quod
1040 1269 1116 1296 nobis
1134 1269 1322 1295 universorum
1337 1269 1465 1296 Dominus
1486 1277 1532 1303 per
1547 1277 1578 1296 os
1592 1269 1705 1297 alterius

912 1315 1049 1349 propheta:
1064 1314 1145 1349 213
1156 1314 1256 1341 indicat
1268 1324 1275 1341 :
1288 1324 1296 1340 ι
1316 1314 1343 1341 Si
1359 1315 1412 1341 erit
1432 1315 1530 1341 malum
1543 1315 1569 1342 in
1582 1315 1704 1348 civitate,

911 1360 982 1395 quod
998 1367 1050 1386 non
1071 1359 1135 1387 iecit
1159 1359 1287 1387 Dominus
1299 1360 1348 1386 “.i
1366 1359 1444 1387 Haud
1465 1361 1536 1387 enim
1558 1361 1704 1396 quidquam

912 1414 1005 1434 eorum
1018 1405 1115 1441 quibus
1129 1406 1250 1433 civitates
1262 1411 1289 1433 et
1312 1407 1436 1441 regiones
1462 1406 1628 1442 afﬂiguntur,
1650 1407 1706 1435 Deo

913 1459 964 1478 non
981 1451 1141 1478 imminente
1158 1451 1288 1478 evenerit.
1303 1450 1402 1477 Servat
1419 1451 1491 1478 enim
1503 1459 1570 1486 quos
1588 1452 1663 1485 vult,
1677 1457 1706 1479 et

914 1497 1044 1525 malorum
1071 1498 1204 1524 immunes
1225 1497 1323 1524 reddit.
1340 1495 1443 1524 Suadet
1462 1497 1544 1532 igitur
1564 1498 1706 1533 propheta,

913 1551 1005 1570 eorum
1028 1551 1087 1577 qua:
1103 1547 1199 1570 nocent
1216 1542 1352 1577 repulsam
1370 1550 1385 1569 a
1399 1543 1452 1569 Deo
1474 1548 1576 1578 petere,
1597 1545 1706 1579 opinio-

887 1588 896 1600 ‘
914 1597 949 1616 ne
988 1589 1033 1616 illa
1045 1588 1138 1623 procul
1155 1588 1253 1622 ejecta,
1271 1588 1397 1615 falsorum
1414 1588 1525 1616 deorum
1543 1597 1621 1624 opem
1648 1598 1706 1617 ma-

914 1643 977 1662 num
1000 1639 1028 1663 et
1045 1635 1174 1662 auxilium
1189 1635 1216 1661 in
1233 1635 1289 1661 suis
1307 1634 1387 1662 rebus
1404 1634 1455 1661 sibi
1473 1641 1533 1662 esse
1557 1635 1705 1670 imploran-

914 1682 1003 1709 dum.t
1018 1680 1150 1709 Arefactte
1165 1685 1237 1714 sunt,
1256 1680 1354 1716 inquit,
1369 1681 1528 1708 emissiones
1542 1689 1702 1716 aquarum.-

912 1727 1006 1756 Pluvia
1021 1727 1119 1763 quippe
1131 1733 1230 1755 terram
1244 1734 1296 1754 non
1313 1727 1455 1761 irrigante,
1467 1731 1494 1754 et
1506 1728 1624 1755 immissa
1639 1735 1708 1762 prse-

916 1779 987 1802 terea
1008 1773 1143 1809 rubigine,
1156 1777 1260 1800 armata
1278 1773 1342 1800 item
1358 1772 1473 1805 locusta,
1486 1776 1513 1800 et
1529 1773 1633 1800 brucho
1652 1773 1708 1801 sat-

914 1826 999 1855 tante,
1013 1825 1041 1848 et
1055 1828 1135 1848 eruca
1157 1824 1278 1855 repente,
1292 1819 1402 1854 quinam
1422 1818 1531 1845 dubium
1552 1823 1622 1852 erat,
1641 1819 1705 1853 quin

915 1868 982 1903 ipsis
997 1867 1060 1894 vitae
1092 1866 1274 1894 sustentandae
1305 1865 1458 1892 necessaria
1476 1865 1594 1898 perirent
1615 1864 1706 1892 fundi-

915 1910 977 1937 tus?
995 1909 1082 1937 Herba
1097 1914 1186 1937 autem
1198 1909 1361 1942 intereunte,
1371 1915 1481 1944 prorsus
1491 1912 1517 1934 et
1526 1907 1650 1943 jumenta
1663 1909 1705 1935 in-

915 1958 998 1985 terire
1013 1964 1124 1985 necesse
1138 1959 1191 1985 est.

951 2104 1069 2132 Dixerim
1089 2110 1178 2139 porro,
1194 2102 1310 2131 fortasse
1323 2110 1338 2129 a
1355 2101 1465 2134 Judteis,
1481 2101 1612 2129 extremis
1626 2108 1705 2128 mun-

916 2151 942 2178 di
969 2150 1137 2185 temporibus
1150 2149 1183 2176 ad
1198 2149 1338 2176 Dominum
1355 2147 1552 2175 revertentibus
1575 2148 1706 2175 bonorum

917 2196 1006 2231 inopia
1029 2196 1130 2231 pressis
1144 2201 1171 2222 et
1195 2194 1376 2228 ejulantibus,
1401 2199 1462 2229 apte
1481 2194 1533 2221 dici
1554 2202 1633 2228 posse
1660 2195 1708 2221 has

73 2243 155 2274 δεὶαις
172 2241 406 2276 ὲντεθλιμμένοις,
421 2241 467 2268 καὶ
482 2240 693 2275 κατοιμώζουσι.
707 2239 864 2274 Δεδαπάνη-

918 2250 1007 2270 voces.
1033 2241 1199 2276 Consumpta
1219 2245 1282 2268 sunt
1295 2240 1382 2273 enim,
1398 2239 1475 2274 quasi
1494 2240 1527 2268 ab
1541 2239 1612 2273 igne,
1637 2239 1708 2273 ipso-

73 2298 114 2315 ται
122 2287 178 2322 γὰρ
186 2288 282 2318 αὐτοῖς
293 2287 331 2319 ὠς
342 2286 394 2313 ὑπὸ
407 2286 494 2322 πυρὸς
504 2285 539 2312 τὰ
548 2287 588 2317 εἰς
601 2285 663 2312 νοῦν
675 2285 776 2319 ἀγαθὰ,
787 2285 868 2320 ἀκρίς

73 2343 101 2360 τε
114 2334 184 2361 αὐτά
198 2333 283 2368 νοητὴ
297 2331 471 2367 κατεδήδοκε,
483 2332 529 2358 καὶ
540 2330 729 2366 ὲξηράνθησαν
743 2330 867 2365 ἀφέσεις.

79 2379 247 2407 Ἐνετειλατο
261 2379 317 2414 γάρ
332 2379 393 2409 ταῖς
410 2377 536 2412 νεφέλαις
556 2377 602 2403 τοῦ
626 2376 662 2412 μὴ
678 2375 773 2411 βρέξαι
791 2376 868 2402 ὑετὸν

73 2427 117 2454 ἐπὶ
126 2426 178 2461 τῆς
193 2425 258 2461 γῆς,
274 2425 346 2452 κατὰ
365 2424 395 2451 τὸ
407 2423 496 2458 γένος,
520 2423 567 2450 καὶ
588 2423 699 2457 γέγονεν
717 2422 818 2454 ἄδατός
837 2430 868 2448 τε

74 2472 119 2498 καὶ
142 2471 260 2507 ἄνυδρος
276 2469 330 2505 γῆ,
347 2469 409 2505 ἥτις
420 2469 451 2496 οὐ
472 2468 711 2504 κατοικηθήσεται.
731 2468 824 2503 Ἦμῶν
837 2467 866 2495 δὲ

73 2515 103 2551 δὴ
126 2514 192 2551 πέρι
205 2514 262 2541 τῶν
281 2514 310 2540 ἐν
325 2513 416 2540 πίστει
441 2512 662 2548 δεδικαιωμένων
681 2512 868 2548 προανεφὼνει

74 2561 147 2593 Θεὸς,
163 2560 276 2588 καὶτῶν
284 2559 329 2587 διὰ
340 2558 461 2595 Χριστοῦ
471 2559 650 2595 χαρισμάτων
662 2557 868 2594 ἁμφιλαφεστάμ

69 2616 120 2642 ’την
136 2607 250 2634 ἔσεσθαι
269 2606 321 2641 τὴν
345 2605 477 2642 χορηγίαν
503 2605 648 2640 ὑπεδήλου,
672 2604 770 2638 λέγων*
794 2613 804 2630 ι
822 2603 868 2630 Ἐν

73 2655 105 2689 τῇ
118 2653 212 2689 ἡμέρᾳ
224 2652 320 2687 ἐκείνῃ
331 2651 514 2684 ἀποσταλάξει
532 2651 566 2678 τὰ
580 2651 630 2686 ὅρη
641 2650 808 2685 γλυκασμὸν,
821 2649 869 2676 καὶ

74 2701 98 2726 οἱ
109 2700 200 2736 βουνοὶ
210 2700 359 2735 ῥυήσονται
372 2698 454 2732 γάλα,
469 2699 515 2724 καὶ
523 2698 609 2724 πᾶσαι
620 2697 648 2724 αἱ
660 2697 772 2731 ἀφέσεις
783 2696 869 2723 Ἰούδα

76 2746 222 2782 ρυήσονται
238 2744 325 2771 ὕδατα
336 2764 345 2777 ,
361 2744 410 2770 καὶ
422 2744 497 2779 πηγὴ
512 2743 543 2776 ἐξ
554 2744 629 2770 οικου
641 2742 745 2778 Κυρίου
760 2741 867 2774 ἐξελεύ-

77 2801 159 2826 σεται,
171 2792 222 2819 καὶ
237 2791 330 2818 ποτιεῖ
339 2789 386 2816 τὸν
400 2790 568 2826 χειμάρρουν
581 2789 636 2816 τῶν
650 2789 772 2825 σχοίνων.
789 2797 798 2814 ι
812 2788 868 2815 Καὶ

109 2885 143 2902 ιν
161 2886 248 2913 Amos
268 2891 312 2917 ιιι,
340 2882 369 2910 6.
407 2882 429 2898 ³³
446 2881 497 2911 lsa.
518 2889 544 2915 ν,
563 2882 591 2909 ti.
629 2882 650 2898 ³⁸
679 2881 748 2910 Psal.
763 2888 828 2916 Lxu,
850 2881 875 2908 3.

917 2296 976 2316 rum
1001 2289 1071 2316 bona
1089 2287 1184 2321 animi,
1198 2287 1302 2314 locusta
1317 2294 1377 2321 quae
1392 2290 1483 2313 mente
1498 2285 1650 2321 concipitur
1662 2284 1706 2312 illa

917 2334 1069 2367 devoravit,
1083 2338 1110 2361 et
1121 2333 1455 2361 exarueruntemissiones
1466 2339 1611 2367 aquarum.
1629 2331 1705 2358 Man-

917 2380 991 2408 davit
1003 2379 1075 2407 enim
1092 2378 1211 2406 nubibus
1225 2385 1259 2406 ne
1273 2377 1396 2412 pluerent
1419 2377 1533 2404 imbrem
1555 2383 1636 2410 super
1653 2381 1706 2402 ter-

917 2434 988 2460 ram,
999 2433 1048 2460 pro
1071 2431 1147 2453 more
1158 2429 1185 2451 et
1201 2428 1299 2451 natura
1318 2431 1366 2451 sua
1380 2423 1414 2456 ³⁸,
1442 2427 1470 2449 et
1492 2422 1562 2450 facta
1575 2427 1617 2450 est
1636 2426 1708 2448 terra

917 2472 990 2500 invia
1005 2475 1032 2499 et
1045 2470 1175 2504 inaquosa
1187 2469 1237 2502 ",n
1253 2475 1312 2502 quae
1325 2475 1378 2495 non
1396 2467 1572 2495 habitabitur.
1595 2465 1632 2493 De
1660 2473 1710 2493 uo-

919 2517 961 2545 bis
987 2520 1078 2543 aulem
1095 2515 1121 2543 in
1137 2515 1190 2542 ﬁde
1202 2513 1360 2549 iustificatis
1376 2512 1565 2548 praenuntiavit
1581 2512 1662 2544 Deus,
1680 2515 1708 2538 et

918 2570 968 2598 per
982 2561 1120 2589 Christum
1134 2567 1183 2588 nos
1194 2558 1365 2587 charismatis
1379 2557 1565 2592 copiosissime
1578 2557 1707 2584 donatum

921 2608 953 2635 iri
983 2607 1157 2641 signiﬁcavit,
1178 2605 1221 2632 his
1247 2604 1352 2632 verbis:
1369 2603 1416 2630 tln
1435 2601 1480 2629 illa
1496 2601 1540 2628 die
1569 2600 1709 2629 stillabunt

919 2658 1025 2682 montes
1046 2652 1215 2680 dulcedinem
1224 2671 1232 2682 ,
1246 2653 1273 2677 et
1286 2649 1368 2677 colles
1381 2647 1465 2675 ﬂuent
1476 2647 1563 2679 lacte;
1574 2651 1602 2673 et
1613 2652 1708 2673 omnes

917 2699 1079 2728 emissiones
1108 2696 1175 2725 Juda
1213 2695 1295 2722 ﬂuent
1330 2693 1418 2728 aquis,
1436 2696 1463 2719 et
1484 2691 1543 2719 fons
1566 2691 1600 2718 de
1627 2690 1708 2717 domo

918 2744 1024 2772 Domini
1039 2743 1203 2778 egredietur,
1214 2746 1240 2769 et
1253 2739 1374 2773 irrigabit
1385 2741 1532 2764 torrentem
1547 2734 1703 2763 funium'm

918 2791 988 2824 Quin
1020 2794 1047 2817 et
1063 2789 1163 2816 aliter:
1187 2796 1196 2813 ι
1220 2786 1275 2822 Ego
1296 2784 1426 2814 Dominus
1445 2782 1534 2816 Deus;
1554 2790 1603 2818 ego
1625 2787 1707 2809 exau-

915 2880 936 2896 "
960 2878 1017 2906 Jocl
1045 2885 1084 2909 ιιι,
1111 2876 1153 2903 18.
