  <div class='ocr_page' id='page_1' title='image "/cluster/home/n/w/nwhite01/storage/ocr_20150623/71/njp.32101077772745/211.png"; bbox 0 0 1919 3041; ppageno 0'>
   <div class='ocr_carea' id='block_1_1' title="bbox 206 153 260 181">
    <p class='ocr_par' dir='ltr' id='par_1_1' title="bbox 206 153 260 181">
     <span class='ocr_line' id='line_1_1' title="bbox 206 153 260 181; baseline 0 0"><span class='ocrx_word' id='word_1_1' title='bbox 206 153 260 181; x_wconf 69' lang='lat'>355</span> 
     </span>
    </p>
   </div>
   <div class='ocr_carea' id='block_1_2' title="bbox 207 211 998 246">
    <p class='ocr_par' dir='ltr' id='par_1_2' title="bbox 207 211 998 246">
     <span class='ocr_line' id='line_1_2' title="bbox 207 211 998 246; baseline -0.005 -5"><span class='ocrx_word' id='word_1_2' title='bbox 207 214 278 241; x_wconf 87' lang='lat' dir='ltr'>diam</span> <span class='ocrx_word' id='word_1_3' title='bbox 296 221 343 241; x_wconf 88' lang='lat' dir='ltr'>eos</span> <span class='ocrx_word' id='word_1_4' title='bbox 360 213 430 241; x_wconf 87' lang='lat' dir='ltr'>Deus</span> <span class='ocrx_word' id='word_1_5' title='bbox 443 212 540 243; x_wconf 84' lang='lat' dir='ltr'>Israel;</span> <span class='ocrx_word' id='word_1_6' title='bbox 552 211 797 245; x_wconf 77' lang='lat' dir='ltr'>noutlcreliuquam</span> <span class='ocrx_word' id='word_1_7' title='bbox 810 213 998 246; x_wconf 82' lang='lat' dir='ltr'>cos,sedape-</span> 
     </span>
    </p>
   </div>
   <div class='ocr_carea' id='block_1_3' title="bbox 149 257 996 292">
    <p class='ocr_par' dir='ltr' id='par_1_3' title="bbox 149 257 996 292">
     <span class='ocr_line' id='line_1_3' title="bbox 149 257 996 292; baseline -0.002 -6"><span class='ocrx_word' id='word_1_8' title='bbox 149 283 151 286; x_wconf 24' lang='grc' dir='ltr'>ι</span> <span class='ocrx_word' id='word_1_9' title='bbox 207 261 274 288; x_wconf 88' lang='lat' dir='ltr'>riam</span> <span class='ocrx_word' id='word_1_10' title='bbox 293 261 319 287; x_wconf 91' lang='lat' dir='ltr'>in</span> <span class='ocrx_word' id='word_1_11' title='bbox 341 260 478 288; x_wconf 86' lang='lat' dir='ltr'>montibus</span> <span class='ocrx_word' id='word_1_12' title='bbox 502 258 623 289; x_wconf 85' lang='lat' dir='ltr'>ﬂumina,</span> <span class='ocrx_word' id='word_1_13' title='bbox 643 261 668 284; x_wconf 89' lang='lat' dir='ltr'>ct</span> <span class='ocrx_word' id='word_1_14' title='bbox 689 257 715 284; x_wconf 93' lang='lat' dir='ltr'>in</span> <span class='ocrx_word' id='word_1_15' title='bbox 731 258 820 284; x_wconf 85' lang='lat' dir='ltr'>medio</span> <span class='ocrx_word' id='word_1_16' title='bbox 840 265 996 292; x_wconf 87' lang='lat' dir='ltr'>camporum</span> 
     </span>
    </p>
   </div>
   <div class='ocr_carea' id='block_1_4' title="bbox 206 303 996 338">
    <p class='ocr_par' dir='ltr' id='par_1_4' title="bbox 206 303 996 338">
     <span class='ocr_line' id='line_1_4' title="bbox 206 303 996 338; baseline -0.003 -6"><span class='ocrx_word' id='word_1_17' title='bbox 206 306 303 338; x_wconf 77' lang='lat' dir='ltr'>fontes,</span> <span class='ocrx_word' id='word_1_18' title='bbox 321 311 348 333; x_wconf 89' lang='lat' dir='ltr'>et</span> <span class='ocrx_word' id='word_1_19' title='bbox 366 305 464 332; x_wconf 77' lang='lat' dir='ltr'>faciam</span> <span class='ocrx_word' id='word_1_20' title='bbox 486 304 624 332; x_wconf 85' lang='lat' dir='ltr'>desertum</span> <span class='ocrx_word' id='word_1_21' title='bbox 639 304 664 330; x_wconf 95' lang='lat' dir='ltr'>in</span> <span class='ocrx_word' id='word_1_22' title='bbox 681 304 803 338; x_wconf 80' lang='lat' dir='ltr'>paludes,</span> <span class='ocrx_word' id='word_1_23' title='bbox 817 309 845 330; x_wconf 86' lang='lat' dir='ltr'>et</span> <span class='ocrx_word' id='word_1_24' title='bbox 860 303 996 331; x_wconf 73' lang='lat' dir='ltr'>sitientem</span> 
     </span>
    </p>
   </div>
   <div class='ocr_carea' id='block_1_5' title="bbox 206 349 994 385">
    <p class='ocr_par' dir='ltr' id='par_1_5' title="bbox 206 349 994 385">
     <span class='ocr_line' id='line_1_5' title="bbox 206 349 994 385; baseline -0.003 -7"><span class='ocrx_word' id='word_1_25' title='bbox 206 356 302 379; x_wconf 82' lang='lat' dir='ltr'>lenam</span> <span class='ocrx_word' id='word_1_26' title='bbox 316 351 343 378; x_wconf 92' lang='lat' dir='ltr'>in</span> <span class='ocrx_word' id='word_1_27' title='bbox 362 350 536 385; x_wconf 69' lang='lat' dir='ltr'>aqnmduetus</span> <span class='ocrx_word' id='word_1_28' title='bbox 549 349 601 377; x_wconf 76' lang='grc'>⁸⁸.»</span> <span class='ocrx_word' id='word_1_29' title='bbox 618 349 645 376; x_wconf 91' lang='lat' dir='ltr'>In</span> <span class='ocrx_word' id='word_1_30' title='bbox 663 349 706 377; x_wconf 80' lang='lat' dir='ltr'>liis</span> <span class='ocrx_word' id='word_1_31' title='bbox 722 350 812 384; x_wconf 86' lang='lat' dir='ltr'>itaque</span> <span class='ocrx_word' id='word_1_32' title='bbox 825 357 874 376; x_wconf 85' lang='lat' dir='ltr'>nos</span> <span class='ocrx_word' id='word_1_33' title='bbox 891 356 994 376; x_wconf 81' lang='lat' dir='ltr'>sumus.</span> 
     </span>
    </p>
   </div>
   <div class='ocr_carea' id='block_1_6' title="bbox 203 395 998 430">
    <p class='ocr_par' dir='ltr' id='par_1_6' title="bbox 203 395 998 430">
     <span class='ocr_line' id='line_1_6' title="bbox 203 395 998 430; baseline -0.001 -7"><span class='ocrx_word' id='word_1_34' title='bbox 203 397 279 430; x_wconf 82' lang='lat' dir='ltr'>Quod</span> <span class='ocrx_word' id='word_1_35' title='bbox 298 396 319 423; x_wconf 88' lang='lat' dir='ltr'>si</span> <span class='ocrx_word' id='word_1_36' title='bbox 337 396 369 422; x_wconf 90' lang='lat' dir='ltr'>ad</span> <span class='ocrx_word' id='word_1_37' title='bbox 387 396 576 430; x_wconf 73' lang='lat' dir='ltr'>pamitentiam</span> <span class='ocrx_word' id='word_1_38' title='bbox 592 403 622 423; x_wconf 84' lang='lat' dir='ltr'>se</span> <span class='ocrx_word' id='word_1_39' title='bbox 646 396 797 428; x_wconf 75' lang='lat' dir='ltr'>conterent,</span> <span class='ocrx_word' id='word_1_40' title='bbox 811 399 837 422; x_wconf 88' lang='lat' dir='ltr'>et</span> <span class='ocrx_word' id='word_1_41' title='bbox 852 395 935 422; x_wconf 88' lang='lat' dir='ltr'>Deum</span> <span class='ocrx_word' id='word_1_42' title='bbox 954 402 998 422; x_wconf 85' lang='lat' dir='ltr'>re-</span> 
     </span>
    </p>
   </div>
   <div class='ocr_carea' id='block_1_7' title="bbox 202 441 995 477">
    <p class='ocr_par' dir='ltr' id='par_1_7' title="bbox 202 441 995 477">
     <span class='ocr_line' id='line_1_7' title="bbox 202 441 995 477; baseline 0 -8"><span class='ocrx_word' id='word_1_43' title='bbox 202 441 326 477; x_wconf 74' lang='lat' dir='ltr'>spiciant,</span> <span class='ocrx_word' id='word_1_44' title='bbox 341 447 368 469; x_wconf 91' lang='lat' dir='ltr'>et</span> <span class='ocrx_word' id='word_1_45' title='bbox 382 443 473 470; x_wconf 85' lang='lat' dir='ltr'>dicent</span> <span class='ocrx_word' id='word_1_46' title='bbox 488 443 569 470; x_wconf 86' lang='lat' dir='ltr'>etiam</span> <span class='ocrx_word' id='word_1_47' title='bbox 584 443 645 477; x_wconf 82' lang='lat' dir='ltr'><strong>ipsi,</strong></span> <span class='ocrx_word' id='word_1_48' title='bbox 663 452 672 468; x_wconf 77' lang='grc' dir='ltr'>ι</span> <span class='ocrx_word' id='word_1_49' title='bbox 684 442 724 469; x_wconf 81' lang='lat' dir='ltr'>Ad</span> <span class='ocrx_word' id='word_1_50' title='bbox 741 447 767 469; x_wconf 92' lang='lat' dir='ltr'>tc</span> <span class='ocrx_word' id='word_1_51' title='bbox 782 442 932 475; x_wconf 66' lang='lat' dir='ltr'>clamabo,»</span> <span class='ocrx_word' id='word_1_52' title='bbox 948 449 995 469; x_wconf 90' lang='lat' dir='ltr'>ac-</span> 
     </span>
    </p>
   </div>
   <div class='ocr_carea' id='block_1_8' title="bbox 201 488 994 523">
    <p class='ocr_par' dir='ltr' id='par_1_8' title="bbox 201 488 994 523">
     <span class='ocr_line' id='line_1_8' title="bbox 201 488 994 523; baseline 0.001 -9"><span class='ocrx_word' id='word_1_53' title='bbox 201 488 301 522; x_wconf 88' lang='lat' dir='ltr'>cipient</span> <span class='ocrx_word' id='word_1_54' title='bbox 317 496 447 523; x_wconf 86' lang='lat' dir='ltr'>aquarum</span> <span class='ocrx_word' id='word_1_55' title='bbox 470 490 643 522; x_wconf 81' lang='lat' dir='ltr'>emissiones,</span> <span class='ocrx_word' id='word_1_56' title='bbox 659 493 686 516; x_wconf 89' lang='lat' dir='ltr'>et</span> <span class='ocrx_word' id='word_1_57' title='bbox 710 489 835 516; x_wconf 84' lang='lat' dir='ltr'>haurient</span> <span class='ocrx_word' id='word_1_58' title='bbox 856 489 994 516; x_wconf 86' lang='lat' dir='ltr'>nobiscum</span> 
     </span>
    </p>
   </div>
   <div class='ocr_carea' id='block_1_9' title="bbox 200 535 995 570">
    <p class='ocr_par' dir='ltr' id='par_1_9' title="bbox 200 535 995 570">
     <span class='ocr_line' id='line_1_9' title="bbox 200 535 995 570; baseline 0.003 -10"><span class='ocrx_word' id='word_1_59' title='bbox 200 541 296 569; x_wconf 85' lang='lat' dir='ltr'>aquam</span> <span class='ocrx_word' id='word_1_60' title='bbox 322 543 382 570; x_wconf 67' lang='lat' dir='ltr'>quae</span> <span class='ocrx_word' id='word_1_61' title='bbox 413 535 469 562; x_wconf 83' lang='lat' dir='ltr'>sola</span> <span class='ocrx_word' id='word_1_62' title='bbox 496 536 672 570; x_wconf 74' lang='lat' dir='ltr'>intelligentia</span> <span class='ocrx_word' id='word_1_63' title='bbox 693 535 809 568; x_wconf 90' lang='lat' dir='ltr'>videtur,</span> <span class='ocrx_word' id='word_1_64' title='bbox 831 535 863 561; x_wconf 90' lang='lat' dir='ltr'>de</span> <span class='ocrx_word' id='word_1_65' title='bbox 876 535 995 562; x_wconf 83' lang='lat' dir='ltr'>fontibus</span> 
     </span>
    </p>
   </div>
   <div class='ocr_carea' id='block_1_10' title="bbox 200 579 993 616">
    <p class='ocr_par' dir='ltr' id='par_1_10' title="bbox 200 579 993 616">
     <span class='ocr_line' id='line_1_10' title="bbox 200 579 993 616; baseline 0.001 -10"><span class='ocrx_word' id='word_1_66' title='bbox 200 579 350 608; x_wconf 83' lang='lat' dir='ltr'>Salvatoris</span> <span class='ocrx_word' id='word_1_67' title='bbox 361 581 395 614; x_wconf 77' lang='grc'>⁸³,</span> <span class='ocrx_word' id='word_1_68' title='bbox 409 582 629 616; x_wconf 87' lang='lat' dir='ltr'>potabuntnrque</span> <span class='ocrx_word' id='word_1_69' title='bbox 649 586 769 608; x_wconf 81' lang='lat' dir='ltr'>terrente</span> <span class='ocrx_word' id='word_1_70' title='bbox 789 581 933 615; x_wconf 84' lang='lat' dir='ltr'>voluptatis</span> <span class='ocrx_word' id='word_1_71' title='bbox 945 581 967 597; x_wconf 83' lang='lat'><strong>&#39;°</strong></span> <span class='ocrx_word' id='word_1_72' title='bbox 979 589 993 607; x_wconf 89' lang='lat' dir='ltr'>a</span> 
     </span>
    </p>
   </div>
   <div class='ocr_carea' id='block_1_11' title="bbox 200 626 992 659">
    <p class='ocr_par' dir='ltr' id='par_1_11' title="bbox 200 626 992 659">
     <span class='ocr_line' id='line_1_11' title="bbox 200 626 992 659; baseline -0.001 -5"><span class='ocrx_word' id='word_1_73' title='bbox 200 626 255 654; x_wconf 87' lang='lat' dir='ltr'>Deo</span> <span class='ocrx_word' id='word_1_74' title='bbox 279 627 368 659; x_wconf 84' lang='lat' dir='ltr'>Patre,</span> <span class='ocrx_word' id='word_1_75' title='bbox 383 632 409 655; x_wconf 89' lang='lat' dir='ltr'>et</span> <span class='ocrx_word' id='word_1_76' title='bbox 433 627 533 654; x_wconf 79' lang='lat' dir='ltr'>fontem</span> <span class='ocrx_word' id='word_1_77' title='bbox 552 628 613 654; x_wconf 71' lang='lat' dir='ltr'>vitm</span> <span class='ocrx_word' id='word_1_78' title='bbox 636 627 661 654; x_wconf 89' lang='lat' dir='ltr'>in</span> <span class='ocrx_word' id='word_1_79' title='bbox 692 627 818 654; x_wconf 84' lang='lat' dir='ltr'>cordibus</span> <span class='ocrx_word' id='word_1_80' title='bbox 846 627 992 653; x_wconf 81' lang='lat' dir='ltr'>habebunt.</span> 
     </span>
    </p>
   </div>
   <div class='ocr_carea' id='block_1_12' title="bbox 199 671 991 708">
    <p class='ocr_par' dir='ltr' id='par_1_12' title="bbox 199 671 991 708">
     <span class='ocr_line' id='line_1_12' title="bbox 199 671 991 708; baseline -0.004 -8"><span class='ocrx_word' id='word_1_81' title='bbox 199 673 376 708; x_wconf 80' lang='lat' dir='ltr'>Apponentur</span> <span class='ocrx_word' id='word_1_82' title='bbox 387 673 451 707; x_wconf 81' lang='lat' dir='ltr'>ipsis</span> <span class='ocrx_word' id='word_1_83' title='bbox 474 673 556 700; x_wconf 87' lang='lat' dir='ltr'>etiam</span> <span class='ocrx_word' id='word_1_84' title='bbox 575 673 608 699; x_wconf 81' lang='lat' dir='ltr'>ad</span> <span class='ocrx_word' id='word_1_85' title='bbox 625 672 734 699; x_wconf 77' lang='lat' dir='ltr'>delicias</span> <span class='ocrx_word' id='word_1_86' title='bbox 747 672 870 706; x_wconf 78' lang='lat' dir='ltr'>speciosa</span> <span class='ocrx_word' id='word_1_87' title='bbox 881 671 991 704; x_wconf 84' lang='lat' dir='ltr'>deserti,</span> 
     </span>
    </p>
   </div>
   <div class='ocr_carea' id='block_1_13' title="bbox 199 718 991 752">
    <p class='ocr_par' dir='ltr' id='par_1_13' title="bbox 199 718 991 752">
     <span class='ocr_line' id='line_1_13' title="bbox 199 718 991 752; baseline -0.003 -7"><span class='ocrx_word' id='word_1_88' title='bbox 199 718 289 750; x_wconf 84' lang='lat' dir='ltr'>idest,</span> <span class='ocrx_word' id='word_1_89' title='bbox 304 726 402 752; x_wconf 83' lang='lat' dir='ltr'>pascua</span> <span class='ocrx_word' id='word_1_90' title='bbox 423 719 492 745; x_wconf 89' lang='lat' dir='ltr'>bona</span> <span class='ocrx_word' id='word_1_91' title='bbox 514 723 541 745; x_wconf 89' lang='lat' dir='ltr'>et</span> <span class='ocrx_word' id='word_1_92' title='bbox 564 718 663 752; x_wconf 88' lang='lat' dir='ltr'>ampla,</span> <span class='ocrx_word' id='word_1_93' title='bbox 680 718 866 745; x_wconf 87' lang='lat' dir='ltr'>convertentia</span> <span class='ocrx_word' id='word_1_94' title='bbox 888 725 936 745; x_wconf 85' lang='lat' dir='ltr'>eos</span> <span class='ocrx_word' id='word_1_95' title='bbox 958 718 991 744; x_wconf 83' lang='lat' dir='ltr'>ad</span> 
     </span>
    </p>
   </div>
   <div class='ocr_carea' id='block_1_14' title="bbox 198 763 992 799">
    <p class='ocr_par' dir='ltr' id='par_1_14' title="bbox 198 763 992 799">
     <span class='ocr_line' id='line_1_14' title="bbox 198 763 992 799; baseline 0 -9"><span class='ocrx_word' id='word_1_96' title='bbox 198 764 377 798; x_wconf 76' lang='lat' dir='ltr'>cognitionem</span> <span class='ocrx_word' id='word_1_97' title='bbox 389 765 507 791; x_wconf 83' lang='lat' dir='ltr'>divinam</span> <span class='ocrx_word' id='word_1_98' title='bbox 522 769 550 792; x_wconf 89' lang='lat' dir='ltr'>et</span> <span class='ocrx_word' id='word_1_99' title='bbox 564 763 827 799; x_wconf 30' lang='lat' dir='ltr'>evangelicamkquae</span> <span class='ocrx_word' id='word_1_100' title='bbox 842 764 867 791; x_wconf 94' lang='lat' dir='ltr'>in</span> <span class='ocrx_word' id='word_1_101' title='bbox 881 763 992 791; x_wconf 83' lang='lat' dir='ltr'>Christo</span> 
     </span>
    </p>
   </div>
   <div class='ocr_carea' id='block_1_15' title="bbox 197 810 470 844">
    <p class='ocr_par' dir='ltr' id='par_1_15' title="bbox 197 810 470 844">
     <span class='ocr_line' id='line_1_15' title="bbox 197 810 470 844; baseline 0 -8"><span class='ocrx_word' id='word_1_102' title='bbox 197 814 288 837; x_wconf 89' lang='lat' dir='ltr'>mente</span> <span class='ocrx_word' id='word_1_103' title='bbox 307 810 470 844; x_wconf 76' lang='lat' dir='ltr'>concipitur.</span> 
     </span>
    </p>
   </div>
   <div class='ocr_carea' id='block_1_16' title="bbox 491 974 706 1010">
    <p class='ocr_par' dir='ltr' id='par_1_16' title="bbox 491 974 706 1010">
     <span class='ocr_line' id='line_1_16' title="bbox 491 974 706 1010; baseline 0 -9"><span class='ocrx_word' id='word_1_104' title='bbox 491 974 573 1010; x_wconf 65' lang='lat'>214</span> <span class='ocrx_word' id='word_1_105' title='bbox 584 974 659 1001; x_wconf 67' lang='grc' dir='ltr'>(ΖΛΓ.</span> <span class='ocrx_word' id='word_1_106' title='bbox 675 974 706 1001; x_wconf 88' lang='grc' dir='ltr'>ιι.</span> 
     </span>
    </p>
   </div>
   <div class='ocr_carea' id='block_1_17' title="bbox 231 1029 990 1062">
    <p class='ocr_par' dir='ltr' id='par_1_17' title="bbox 231 1029 990 1062">
     <span class='ocr_line' id='line_1_17' title="bbox 231 1029 990 1062; baseline 0 -4"><span class='ocrx_word' id='word_1_107' title='bbox 231 1031 310 1058; x_wconf 74' lang='lat' dir='ltr'>Vens.</span> <span class='ocrx_word' id='word_1_108' title='bbox 331 1030 395 1062; x_wconf 70' lang='lat'>1,2.</span> <span class='ocrx_word' id='word_1_109' title='bbox 423 1030 516 1058; x_wconf 82' lang='lat' dir='ltr'>Canite</span> <span class='ocrx_word' id='word_1_110' title='bbox 541 1032 603 1057; x_wconf 85' lang='lat' dir='ltr'>tuba</span> <span class='ocrx_word' id='word_1_111' title='bbox 636 1031 664 1057; x_wconf 87' lang='lat' dir='ltr'>in</span> <span class='ocrx_word' id='word_1_112' title='bbox 685 1029 762 1061; x_wconf 84' lang='lat' dir='ltr'><strong><em>Sion,</em></strong></span> <span class='ocrx_word' id='word_1_113' title='bbox 787 1030 928 1062; x_wconf 69' lang='lat' dir='ltr'>prazdicata</span> <span class='ocrx_word' id='word_1_114' title='bbox 963 1031 990 1058; x_wconf 72' lang='lat' dir='ltr'>in</span> 
     </span>
    </p>
   </div>
   <div class='ocr_carea' id='block_1_18' title="bbox 192 1077 988 1108">
    <p class='ocr_par' dir='ltr' id='par_1_18' title="bbox 192 1077 988 1108">
     <span class='ocr_line' id='line_1_18' title="bbox 192 1077 988 1108; baseline 0 -4"><span class='ocrx_word' id='word_1_115' title='bbox 192 1083 278 1105; x_wconf 79' lang='lat' dir='ltr'>monte</span> <span class='ocrx_word' id='word_1_116' title='bbox 293 1084 384 1104; x_wconf 73' lang='lat' dir='ltr'>sancto</span> <span class='ocrx_word' id='word_1_117' title='bbox 408 1086 473 1108; x_wconf 78' lang='lat' dir='ltr'>meo.</span> <span class='ocrx_word' id='word_1_118' title='bbox 495 1084 518 1104; x_wconf 86' lang='lat' dir='ltr'>et</span> <span class='ocrx_word' id='word_1_119' title='bbox 540 1078 726 1104; x_wconf 78' lang='lat' dir='ltr'>conturbenlur</span> <span class='ocrx_word' id='word_1_120' title='bbox 755 1084 843 1103; x_wconf 70' lang='lat' dir='ltr'>omne:</span> <span class='ocrx_word' id='word_1_121' title='bbox 864 1077 988 1104; x_wconf 80' lang='lat' dir='ltr'>habitau-</span> 
     </span>
    </p>
   </div>
   <div class='ocr_carea' id='block_1_19' title="bbox 192 1122 989 1158">
    <p class='ocr_par' dir='ltr' id='par_1_19' title="bbox 192 1122 989 1158">
     <span class='ocr_line' id='line_1_19' title="bbox 192 1122 989 1158; baseline -0.001 -8"><span class='ocrx_word' id='word_1_122' title='bbox 192 1130 230 1151; x_wconf 75' lang='grc' dir='ltr'>ιρι</span> <span class='ocrx_word' id='word_1_123' title='bbox 244 1129 353 1155; x_wconf 83' lang='lat' dir='ltr'>terram,</span> <span class='ocrx_word' id='word_1_124' title='bbox 385 1125 509 1158; x_wconf 65' lang='lat' dir='ltr'>quoniam</span> <span class='ocrx_word' id='word_1_125' title='bbox 542 1124 614 1149; x_wconf 82' lang='lat' dir='ltr'>adest</span> <span class='ocrx_word' id='word_1_126' title='bbox 638 1122 693 1149; x_wconf 77' lang='lat' dir='ltr'>dies</span> <span class='ocrx_word' id='word_1_127' title='bbox 713 1122 842 1153; x_wconf 81' lang='lat' dir='ltr'>Domini;</span> <span class='ocrx_word' id='word_1_128' title='bbox 865 1123 989 1156; x_wconf 79' lang='lat' dir='ltr'>quoniam</span> 
     </span>
    </p>
   </div>
   <div class='ocr_carea' id='block_1_20' title="bbox 191 1167 986 1204">
    <p class='ocr_par' dir='ltr' id='par_1_20' title="bbox 191 1167 986 1204">
     <span class='ocr_line' id='line_1_20' title="bbox 191 1167 986 1204; baseline -0.004 -8"><span class='ocrx_word' id='word_1_129' title='bbox 191 1177 270 1204; x_wconf 79' lang='lat' dir='ltr'>prope</span> <span class='ocrx_word' id='word_1_130' title='bbox 293 1175 328 1195; x_wconf 74' lang='lat' dir='ltr'>est</span> <span class='ocrx_word' id='word_1_131' title='bbox 354 1169 410 1196; x_wconf 70' lang='lat' dir='ltr'>dies</span> <span class='ocrx_word' id='word_1_132' title='bbox 433 1169 600 1195; x_wconf 81' lang='lat' dir='ltr'>tenebrarth</span> <span class='ocrx_word' id='word_1_133' title='bbox 618 1173 642 1194; x_wconf 82' lang='lat' dir='ltr'>et</span> <span class='ocrx_word' id='word_1_134' title='bbox 667 1168 801 1203; x_wconf 76' lang='lat' dir='ltr'>caliginis,</span> <span class='ocrx_word' id='word_1_135' title='bbox 821 1168 876 1194; x_wconf 67' lang='lat' dir='ltr'>die;</span> <span class='ocrx_word' id='word_1_136' title='bbox 907 1167 986 1194; x_wconf 68' lang='lat' dir='ltr'>nubis</span> 
     </span>
    </p>
   </div>
   <div class='ocr_carea' id='block_1_21' title="bbox 190 1215 346 1242">
    <p class='ocr_par' dir='ltr' id='par_1_21' title="bbox 190 1215 346 1242">
     <span class='ocr_line' id='line_1_21' title="bbox 190 1215 346 1242; baseline 0 0"><span class='ocrx_word' id='word_1_137' title='bbox 190 1220 216 1242; x_wconf 78' lang='lat' dir='ltr'>et</span> <span class='ocrx_word' id='word_1_138' title='bbox 237 1215 346 1242; x_wconf 70' lang='lat' dir='ltr'>nebulae.</span> 
     </span>
    </p>
   </div>
   <div class='ocr_carea' id='block_1_22' title="bbox 225 1271 986 1300">
    <p class='ocr_par' dir='ltr' id='par_1_22' title="bbox 225 1271 986 1300">
     <span class='ocr_line' id='line_1_22' title="bbox 225 1271 986 1300; baseline 0 -1"><span class='ocrx_word' id='word_1_139' title='bbox 225 1271 286 1299; x_wconf 78' lang='lat' dir='ltr'>XV.</span> <span class='ocrx_word' id='word_1_140' title='bbox 332 1271 449 1300; x_wconf 86' lang='lat' dir='ltr'>Venuste</span> <span class='ocrx_word' id='word_1_141' title='bbox 486 1280 551 1300; x_wconf 87' lang='lat' dir='ltr'>sane</span> <span class='ocrx_word' id='word_1_142' title='bbox 588 1279 694 1299; x_wconf 86' lang='lat' dir='ltr'>rursum</span> <span class='ocrx_word' id='word_1_143' title='bbox 731 1272 808 1299; x_wconf 85' lang='lat' dir='ltr'>nobis</span> <span class='ocrx_word' id='word_1_144' title='bbox 845 1271 906 1299; x_wconf 82' lang='lat' dir='ltr'>belli</span> <span class='ocrx_word' id='word_1_145' title='bbox 945 1272 986 1299; x_wconf 76' lang='lat' dir='ltr'>fu-</span> 
     </span>
    </p>
   </div>
   <div class='ocr_carea' id='block_1_23' title="bbox 190 1318 985 1352">
    <p class='ocr_par' dir='ltr' id='par_1_23' title="bbox 190 1318 985 1352">
     <span class='ocr_line' id='line_1_23' title="bbox 190 1318 985 1352; baseline 0 -7"><span class='ocrx_word' id='word_1_146' title='bbox 190 1318 247 1345; x_wconf 80' lang='lat' dir='ltr'>cies</span> <span class='ocrx_word' id='word_1_147' title='bbox 281 1319 452 1351; x_wconf 72' lang='lat' dir='ltr'>describitur,</span> <span class='ocrx_word' id='word_1_148' title='bbox 480 1323 506 1346; x_wconf 88' lang='lat' dir='ltr'>et</span> <span class='ocrx_word' id='word_1_149' title='bbox 535 1326 599 1346; x_wconf 87' lang='lat' dir='ltr'>vera</span> <span class='ocrx_word' id='word_1_150' title='bbox 638 1324 680 1346; x_wconf 89' lang='lat' dir='ltr'>est</span> <span class='ocrx_word' id='word_1_151' title='bbox 701 1319 858 1352; x_wconf 80' lang='lat' dir='ltr'>descriptio,</span> <span class='ocrx_word' id='word_1_152' title='bbox 879 1319 935 1345; x_wconf 87' lang='lat' dir='ltr'>sive</span> <span class='ocrx_word' id='word_1_153' title='bbox 961 1319 985 1345; x_wconf 88' lang='lat' dir='ltr'>in</span> 
     </span>
    </p>
   </div>
   <div class='ocr_carea' id='block_1_24' title="bbox 190 1363 986 1398">
    <p class='ocr_par' dir='ltr' id='par_1_24' title="bbox 190 1363 986 1398">
     <span class='ocr_line' id='line_1_24' title="bbox 190 1363 986 1398; baseline 0.003 -8"><span class='ocrx_word' id='word_1_154' title='bbox 190 1363 306 1396; x_wconf 87' lang='lat' dir='ltr'>locusta,</span> <span class='ocrx_word' id='word_1_155' title='bbox 330 1364 387 1391; x_wconf 82' lang='lat' dir='ltr'>sire</span> <span class='ocrx_word' id='word_1_156' title='bbox 434 1364 460 1390; x_wconf 90' lang='lat' dir='ltr'>iu</span> <span class='ocrx_word' id='word_1_157' title='bbox 491 1365 594 1390; x_wconf 81' lang='lat' dir='ltr'>ltl&#39;uCIlO</span> <span class='ocrx_word' id='word_1_158' title='bbox 619 1363 689 1390; x_wconf 77' lang='lat' dir='ltr'>forte</span> <span class='ocrx_word' id='word_1_159' title='bbox 719 1363 895 1398; x_wconf 76' lang='lat' dir='ltr'>intelligatur,</span> <span class='ocrx_word' id='word_1_160' title='bbox 931 1365 986 1392; x_wconf 80' lang='lat' dir='ltr'>sive</span> 
     </span>
    </p>
   </div>
   <div class='ocr_carea' id='block_1_25' title="bbox 192 1409 985 1445">
    <p class='ocr_par' dir='ltr' id='par_1_25' title="bbox 192 1409 985 1445">
     <span class='ocr_line' id='line_1_25' title="bbox 192 1409 985 1445; baseline 0 -9"><span class='ocrx_word' id='word_1_161' title='bbox 192 1411 255 1445; x_wconf 83' lang='lat' dir='ltr'>quis</span> <span class='ocrx_word' id='word_1_162' title='bbox 290 1410 324 1437; x_wconf 87' lang='lat' dir='ltr'>de</span> <span class='ocrx_word' id='word_1_163' title='bbox 364 1409 432 1444; x_wconf 83' lang='lat' dir='ltr'>ipsis</span> <span class='ocrx_word' id='word_1_164' title='bbox 473 1409 628 1445; x_wconf 85' lang='lat' dir='ltr'>Babyloniis</span> <span class='ocrx_word' id='word_1_165' title='bbox 675 1411 798 1444; x_wconf 84' lang='lat' dir='ltr'>accipere</span> <span class='ocrx_word' id='word_1_166' title='bbox 849 1410 985 1436; x_wconf 79' lang='lat' dir='ltr'>maluerit.</span> 
     </span>
    </p>
   </div>
   <div class='ocr_carea' id='block_1_26' title="bbox 191 1454 986 1489">
    <p class='ocr_par' dir='ltr' id='par_1_26' title="bbox 191 1454 986 1489">
     <span class='ocr_line' id='line_1_26' title="bbox 191 1454 986 1489; baseline -0.001 -7"><span class='ocrx_word' id='word_1_167' title='bbox 191 1454 275 1488; x_wconf 80' lang='lat' dir='ltr'>Quasi</span> <span class='ocrx_word' id='word_1_168' title='bbox 305 1455 378 1481; x_wconf 88' lang='lat' dir='ltr'>enint</span> <span class='ocrx_word' id='word_1_169' title='bbox 403 1454 473 1481; x_wconf 88' lang='lat' dir='ltr'>bello</span> <span class='ocrx_word' id='word_1_170' title='bbox 499 1454 554 1488; x_wconf 81' lang='lat' dir='ltr'>jam</span> <span class='ocrx_word' id='word_1_171' title='bbox 582 1461 629 1488; x_wconf 84' lang='lat' dir='ltr'>per</span> <span class='ocrx_word' id='word_1_172' title='bbox 667 1458 758 1489; x_wconf 85' lang='lat' dir='ltr'>portas</span> <span class='ocrx_word' id='word_1_173' title='bbox 794 1454 934 1489; x_wconf 79' lang='lat' dir='ltr'>ingresso,</span> <span class='ocrx_word' id='word_1_174' title='bbox 960 1458 986 1481; x_wconf 87' lang='lat' dir='ltr'>ct</span> 
     </span>
    </p>
   </div>
   <div class='ocr_carea' id='block_1_27' title="bbox 189 1499 984 1536">
    <p class='ocr_par' dir='ltr' id='par_1_27' title="bbox 189 1499 984 1536">
     <span class='ocr_line' id='line_1_27' title="bbox 189 1499 984 1536; baseline -0.004 -7"><span class='ocrx_word' id='word_1_175' title='bbox 189 1509 239 1536; x_wconf 87' lang='lat' dir='ltr'>per</span> <span class='ocrx_word' id='word_1_176' title='bbox 270 1505 352 1528; x_wconf 85' lang='lat' dir='ltr'>totam</span> <span class='ocrx_word' id='word_1_177' title='bbox 380 1501 464 1528; x_wconf 81' lang='lat' dir='ltr'>ferme</span> <span class='ocrx_word' id='word_1_178' title='bbox 487 1499 607 1533; x_wconf 84' lang='lat' dir='ltr'>Sionem,</span> <span class='ocrx_word' id='word_1_179' title='bbox 631 1508 677 1528; x_wconf 83' lang='lat' dir='ltr'>seu</span> <span class='ocrx_word' id='word_1_180' title='bbox 700 1508 748 1535; x_wconf 90' lang='lat' dir='ltr'>pcr</span> <span class='ocrx_word' id='word_1_181' title='bbox 767 1505 849 1527; x_wconf 87' lang='lat' dir='ltr'>totam</span> <span class='ocrx_word' id='word_1_182' title='bbox 866 1499 984 1528; x_wconf 74' lang='lat' dir='ltr'>Iudaeam</span> 
     </span>
    </p>
   </div>
   <div class='ocr_carea' id='block_1_28' title="bbox 189 1546 983 1582">
    <p class='ocr_par' dir='ltr' id='par_1_28' title="bbox 189 1546 983 1582">
     <span class='ocr_line' id='line_1_28' title="bbox 189 1546 983 1582; baseline 0 -8"><span class='ocrx_word' id='word_1_183' title='bbox 189 1548 309 1581; x_wconf 82' lang='lat' dir='ltr'>vulgato,</span> <span class='ocrx_word' id='word_1_184' title='bbox 333 1547 448 1574; x_wconf 88' lang='lat' dir='ltr'>tumultu</span> <span class='ocrx_word' id='word_1_185' title='bbox 476 1551 503 1574; x_wconf 88' lang='lat' dir='ltr'>et</span> <span class='ocrx_word' id='word_1_186' title='bbox 528 1546 675 1575; x_wconf 85' lang='lat' dir='ltr'>terroribus</span> <span class='ocrx_word' id='word_1_187' title='bbox 706 1547 800 1574; x_wconf 83' lang='lat' dir='ltr'>urbem</span> <span class='ocrx_word' id='word_1_188' title='bbox 823 1548 983 1582; x_wconf 79' lang='lat' dir='ltr'>completam</span> 
     </span>
    </p>
   </div>
   <div class='ocr_carea' id='block_1_29' title="bbox 189 1591 982 1626">
    <p class='ocr_par' dir='ltr' id='par_1_29' title="bbox 189 1591 982 1626">
     <span class='ocr_line' id='line_1_29' title="bbox 189 1591 982 1626; baseline 0.001 -7"><span class='ocrx_word' id='word_1_189' title='bbox 189 1600 249 1620; x_wconf 80' lang='lat' dir='ltr'>esse</span> <span class='ocrx_word' id='word_1_190' title='bbox 270 1593 356 1620; x_wconf 88' lang='lat' dir='ltr'>dicit:</span> <span class='ocrx_word' id='word_1_191' title='bbox 375 1601 384 1618; x_wconf 80' lang='grc' dir='ltr'>ι</span> <span class='ocrx_word' id='word_1_192' title='bbox 407 1592 490 1620; x_wconf 76' lang='lat' dir='ltr'>Ade5t</span> <span class='ocrx_word' id='word_1_193' title='bbox 504 1593 575 1618; x_wconf 86' lang='lat' dir='ltr'>cnim</span> <span class='ocrx_word' id='word_1_194' title='bbox 590 1591 648 1619; x_wconf 80' lang='lat' dir='ltr'>dies</span> <span class='ocrx_word' id='word_1_195' title='bbox 663 1592 794 1620; x_wconf 74' lang='lat' dir='ltr'>Domini.)</span> <span class='ocrx_word' id='word_1_196' title='bbox 813 1592 889 1626; x_wconf 86' lang='lat' dir='ltr'>Quod</span> <span class='ocrx_word' id='word_1_197' title='bbox 913 1593 982 1621; x_wconf 88' lang='lat' dir='ltr'>hanc</span> 
     </span>
    </p>
   </div>
   <div class='ocr_carea' id='block_1_30' title="bbox 188 1636 980 1672">
    <p class='ocr_par' dir='ltr' id='par_1_30' title="bbox 188 1636 980 1672">
     <span class='ocr_line' id='line_1_30' title="bbox 188 1636 980 1672; baseline 0.001 -7"><span class='ocrx_word' id='word_1_198' title='bbox 188 1638 272 1666; x_wconf 82' lang='lat' dir='ltr'>habet</span> <span class='ocrx_word' id='word_1_199' title='bbox 284 1639 338 1665; x_wconf 90' lang='lat' dir='ltr'>vim</span> <span class='ocrx_word' id='word_1_200' title='bbox 353 1646 359 1664; x_wconf 89' lang='lat'>:</span> <span class='ocrx_word' id='word_1_201' title='bbox 376 1645 420 1665; x_wconf 88' lang='lat' dir='ltr'>res</span> <span class='ocrx_word' id='word_1_202' title='bbox 437 1645 489 1665; x_wconf 89' lang='lat' dir='ltr'>non</span> <span class='ocrx_word' id='word_1_203' title='bbox 519 1641 560 1664; x_wconf 84' lang='lat' dir='ltr'>est</span> <span class='ocrx_word' id='word_1_204' title='bbox 585 1636 700 1672; x_wconf 88' lang='lat' dir='ltr'>amplius</span> <span class='ocrx_word' id='word_1_205' title='bbox 727 1637 799 1664; x_wconf 87' lang='lat' dir='ltr'>nuda</span> <span class='ocrx_word' id='word_1_206' title='bbox 824 1638 980 1672; x_wconf 74' lang='lat' dir='ltr'>przedictio,</span> 
     </span>
    </p>
   </div>
   <div class='ocr_carea' id='block_1_31' title="bbox 188 1681 980 1716">
    <p class='ocr_par' dir='ltr' id='par_1_31' title="bbox 188 1681 980 1716">
     <span class='ocr_line' id='line_1_31' title="bbox 188 1681 980 1716; baseline 0 -7"><span class='ocrx_word' id='word_1_207' title='bbox 188 1683 236 1710; x_wconf 87' lang='lat' dir='ltr'>sed</span> <span class='ocrx_word' id='word_1_208' title='bbox 255 1687 319 1709; x_wconf 84' lang='lat' dir='ltr'>ante</span> <span class='ocrx_word' id='word_1_209' title='bbox 340 1681 433 1709; x_wconf 89' lang='lat' dir='ltr'>oculos</span> <span class='ocrx_word' id='word_1_210' title='bbox 456 1681 545 1708; x_wconf 89' lang='lat' dir='ltr'>omnia</span> <span class='ocrx_word' id='word_1_211' title='bbox 568 1688 629 1715; x_wconf 82' lang='lat' dir='ltr'>quae</span> <span class='ocrx_word' id='word_1_212' title='bbox 650 1681 829 1716; x_wconf 65' lang='lat' dir='ltr'>praenuntiata</span> <span class='ocrx_word' id='word_1_213' title='bbox 852 1681 980 1714; x_wconf 74' lang='lat' dir='ltr'>fuerunt,</span> 
     </span>
    </p>
   </div>
   <div class='ocr_carea' id='block_1_32' title="bbox 188 1727 981 1762">
    <p class='ocr_par' dir='ltr' id='par_1_32' title="bbox 188 1727 981 1762">
     <span class='ocr_line' id='line_1_32' title="bbox 188 1727 981 1762; baseline -0.001 -7"><span class='ocrx_word' id='word_1_214' title='bbox 188 1733 216 1755; x_wconf 89' lang='lat' dir='ltr'>et</span> <span class='ocrx_word' id='word_1_215' title='bbox 231 1728 287 1762; x_wconf 87' lang='lat' dir='ltr'>ipsa</span> <span class='ocrx_word' id='word_1_216' title='bbox 304 1727 471 1762; x_wconf 74' lang='lat' dir='ltr'>experientia</span> <span class='ocrx_word' id='word_1_217' title='bbox 488 1731 563 1762; x_wconf 77' lang='lat' dir='ltr'>gesta</span> <span class='ocrx_word' id='word_1_218' title='bbox 580 1733 654 1754; x_wconf 86' lang='lat' dir='ltr'>sunt.</span> <span class='ocrx_word' id='word_1_219' title='bbox 670 1728 709 1754; x_wconf 86' lang='lat' dir='ltr'>Ac</span> <span class='ocrx_word' id='word_1_220' title='bbox 724 1727 820 1755; x_wconf 87' lang='lat' dir='ltr'>melius</span> <span class='ocrx_word' id='word_1_221' title='bbox 833 1733 892 1754; x_wconf 86' lang='lat' dir='ltr'>erat</span> <span class='ocrx_word' id='word_1_222' title='bbox 914 1729 981 1754; x_wconf 90' lang='lat' dir='ltr'>mul-</span> 
     </span>
    </p>
   </div>
   <div class='ocr_carea' id='block_1_33' title="bbox 189 1774 980 1809">
    <p class='ocr_par' dir='ltr' id='par_1_33' title="bbox 189 1774 980 1809">
     <span class='ocr_line' id='line_1_33' title="bbox 189 1774 980 1809; baseline 0 -8"><span class='ocrx_word' id='word_1_223' title='bbox 189 1780 217 1801; x_wconf 88' lang='lat' dir='ltr'>to</span> <span class='ocrx_word' id='word_1_224' title='bbox 236 1775 269 1802; x_wconf 87' lang='lat' dir='ltr'>ad</span> <span class='ocrx_word' id='word_1_225' title='bbox 284 1775 395 1801; x_wconf 82' lang='lat' dir='ltr'>meliora</span> <span class='ocrx_word' id='word_1_226' title='bbox 410 1782 439 1801; x_wconf 90' lang='lat' dir='ltr'>se</span> <span class='ocrx_word' id='word_1_227' title='bbox 454 1775 589 1809; x_wconf 89' lang='lat' dir='ltr'>applicare</span> <span class='ocrx_word' id='word_1_228' title='bbox 617 1774 745 1806; x_wconf 85' lang='lat' dir='ltr'>voluisse,</span> <span class='ocrx_word' id='word_1_229' title='bbox 762 1779 789 1801; x_wconf 84' lang='lat' dir='ltr'>et</span> <span class='ocrx_word' id='word_1_230' title='bbox 805 1779 866 1802; x_wconf 86' lang='lat' dir='ltr'>ante</span> <span class='ocrx_word' id='word_1_231' title='bbox 879 1775 980 1802; x_wconf 83' lang='lat' dir='ltr'>adven-</span> 
     </span>
    </p>
   </div>
   <div class='ocr_carea' id='block_1_34' title="bbox 189 1819 980 1854">
    <p class='ocr_par' dir='ltr' id='par_1_34' title="bbox 189 1819 980 1854">
     <span class='ocr_line' id='line_1_34' title="bbox 189 1819 980 1854; baseline 0 -8"><span class='ocrx_word' id='word_1_232' title='bbox 189 1825 244 1847; x_wconf 90' lang='lat' dir='ltr'>tum</span> <span class='ocrx_word' id='word_1_233' title='bbox 274 1821 501 1854; x_wconf 69' lang='lat' dir='ltr'>prazseutiatnque</span> <span class='ocrx_word' id='word_1_234' title='bbox 532 1821 664 1846; x_wconf 88' lang='lat' dir='ltr'>malorutn</span> <span class='ocrx_word' id='word_1_235' title='bbox 694 1819 904 1847; x_wconf 83' lang='lat' dir='ltr'>sollicitudinem</span> <span class='ocrx_word' id='word_1_236' title='bbox 933 1828 980 1847; x_wconf 76' lang='lat' dir='ltr'>cx-</span> 
     </span>
    </p>
   </div>
   <div class='ocr_carea' id='block_1_35' title="bbox 187 1866 980 1901">
    <p class='ocr_par' dir='ltr' id='par_1_35' title="bbox 187 1866 980 1901">
     <span class='ocr_line' id='line_1_35' title="bbox 187 1866 980 1901; baseline -0.001 -8"><span class='ocrx_word' id='word_1_237' title='bbox 187 1866 315 1894; x_wconf 84' lang='lat' dir='ltr'>cussisse.</span> <span class='ocrx_word' id='word_1_238' title='bbox 330 1867 422 1901; x_wconf 87' lang='lat' dir='ltr'>Itaque</span> <span class='ocrx_word' id='word_1_239' title='bbox 438 1867 471 1894; x_wconf 83' lang='lat' dir='ltr'>de</span> <span class='ocrx_word' id='word_1_240' title='bbox 485 1867 643 1901; x_wconf 83' lang='lat' dir='ltr'>poenitentia</span> <span class='ocrx_word' id='word_1_241' title='bbox 664 1867 796 1894; x_wconf 86' lang='lat' dir='ltr'>incertum</span> <span class='ocrx_word' id='word_1_242' title='bbox 812 1873 872 1893; x_wconf 85' lang='lat' dir='ltr'>esse</span> <span class='ocrx_word' id='word_1_243' title='bbox 890 1867 980 1893; x_wconf 76' lang='lat' dir='ltr'>cousi-</span> 
     </span>
    </p>
   </div>
   <div class='ocr_carea' id='block_1_36' title="bbox 187 1911 978 1949">
    <p class='ocr_par' dir='ltr' id='par_1_36' title="bbox 187 1911 978 1949">
     <span class='ocr_line' id='line_1_36' title="bbox 187 1911 978 1949; baseline -0.001 -10"><span class='ocrx_word' id='word_1_244' title='bbox 187 1913 215 1940; x_wconf 88' lang='lat' dir='ltr'>iii</span> <span class='ocrx_word' id='word_1_245' title='bbox 230 1920 283 1939; x_wconf 88' lang='lat' dir='ltr'>non</span> <span class='ocrx_word' id='word_1_246' title='bbox 300 1913 376 1944; x_wconf 82' lang='lat' dir='ltr'>sinit,</span> <span class='ocrx_word' id='word_1_247' title='bbox 391 1913 438 1939; x_wconf 89' lang='lat' dir='ltr'>sed</span> <span class='ocrx_word' id='word_1_248' title='bbox 465 1912 587 1949; x_wconf 85' lang='lat' dir='ltr'>deposito</span> <span class='ocrx_word' id='word_1_249' title='bbox 609 1912 690 1938; x_wconf 88' lang='lat' dir='ltr'>animi</span> <span class='ocrx_word' id='word_1_250' title='bbox 709 1911 782 1938; x_wconf 91' lang='lat' dir='ltr'>velut</span> <span class='ocrx_word' id='word_1_251' title='bbox 809 1911 937 1946; x_wconf 77' lang='lat' dir='ltr'>languore</span> <span class='ocrx_word' id='word_1_252' title='bbox 953 1917 978 1939; x_wconf 89' lang='lat' dir='ltr'>et</span> 
     </span>
    </p>
   </div>
   <div class='ocr_carea' id='block_1_37' title="bbox 186 1957 979 1993">
    <p class='ocr_par' dir='ltr' id='par_1_37' title="bbox 186 1957 979 1993">
     <span class='ocr_line' id='line_1_37' title="bbox 186 1957 979 1993; baseline 0 -9"><span class='ocrx_word' id='word_1_253' title='bbox 186 1957 305 1993; x_wconf 71' lang='lat' dir='ltr'>ignavia,</span> <span class='ocrx_word' id='word_1_254' title='bbox 323 1958 356 1985; x_wconf 88' lang='lat' dir='ltr'>ad</span> <span class='ocrx_word' id='word_1_255' title='bbox 372 1958 462 1992; x_wconf 87' lang='lat' dir='ltr'>operis</span> <span class='ocrx_word' id='word_1_256' title='bbox 479 1958 598 1985; x_wconf 85' lang='lat' dir='ltr'>studium</span> <span class='ocrx_word' id='word_1_257' title='bbox 618 1957 743 1992; x_wconf 82' lang='lat' dir='ltr'>expedite</span> <span class='ocrx_word' id='word_1_258' title='bbox 768 1958 888 1992; x_wconf 76' lang='lat' dir='ltr'>aggredi,</span> <span class='ocrx_word' id='word_1_259' title='bbox 903 1962 931 1983; x_wconf 90' lang='lat' dir='ltr'>et</span> <span class='ocrx_word' id='word_1_260' title='bbox 946 1957 979 1984; x_wconf 85' lang='lat' dir='ltr'>ad</span> 
     </span>
    </p>
   </div>
   <div class='ocr_carea' id='block_1_38' title="bbox 180 2003 978 2038">
    <p class='ocr_par' dir='ltr' id='par_1_38' title="bbox 180 2003 978 2038">
     <span class='ocr_line' id='line_1_38' title="bbox 180 2003 978 2038; baseline 0 -9"><span class='ocrx_word' id='word_1_261' title='bbox 180 2003 351 2030; x_wconf 59' lang='lat' dir='ltr'>voluntatem</span> <span class='ocrx_word' id='word_1_262' title='bbox 366 2003 541 2038; x_wconf 83' lang='lat' dir='ltr'>sibimetipsis</span> <span class='ocrx_word' id='word_1_263' title='bbox 556 2003 669 2030; x_wconf 85' lang='lat' dir='ltr'>viriliter</span> <span class='ocrx_word' id='word_1_264' title='bbox 682 2003 856 2030; x_wconf 88' lang='lat' dir='ltr'>succurrendi</span> <span class='ocrx_word' id='word_1_265' title='bbox 873 2003 978 2030; x_wconf 59' lang='lat' dir='ltr'>incum-</span> 
     </span>
    </p>
   </div>
   <div class='ocr_carea' id='block_1_39' title="bbox 184 2048 978 2083">
    <p class='ocr_par' dir='ltr' id='par_1_39' title="bbox 184 2048 978 2083">
     <span class='ocr_line' id='line_1_39' title="bbox 184 2048 978 2083; baseline -0.003 -7"><span class='ocrx_word' id='word_1_266' title='bbox 184 2048 344 2082; x_wconf 79' lang='lat' dir='ltr'>berejubet,</span> <span class='ocrx_word' id='word_1_267' title='bbox 362 2049 394 2076; x_wconf 85' lang='lat' dir='ltr'>ad</span> <span class='ocrx_word' id='word_1_268' title='bbox 409 2049 494 2076; x_wconf 90' lang='lat' dir='ltr'>Deum</span> <span class='ocrx_word' id='word_1_269' title='bbox 510 2049 679 2083; x_wconf 86' lang='lat' dir='ltr'>properando</span> <span class='ocrx_word' id='word_1_270' title='bbox 691 2070 698 2081; x_wconf 89' lang='lat'>,</span> <span class='ocrx_word' id='word_1_271' title='bbox 714 2052 891 2082; x_wconf 83' lang='lat' dir='ltr'>veterumque</span> <span class='ocrx_word' id='word_1_272' title='bbox 913 2048 978 2075; x_wconf 82' lang='lat' dir='ltr'>deli-</span> 
     </span>
    </p>
   </div>
   <div class='ocr_carea' id='block_1_40' title="bbox 184 2093 978 2122">
    <p class='ocr_par' dir='ltr' id='par_1_40' title="bbox 184 2093 978 2122">
     <span class='ocr_line' id='line_1_40' title="bbox 184 2093 978 2122; baseline -0.003 0"><span class='ocrx_word' id='word_1_273' title='bbox 184 2100 290 2122; x_wconf 88' lang='lat' dir='ltr'>ctorum</span> <span class='ocrx_word' id='word_1_274' title='bbox 317 2094 437 2122; x_wconf 85' lang='lat' dir='ltr'>maculas</span> <span class='ocrx_word' id='word_1_275' title='bbox 460 2094 603 2121; x_wconf 87' lang='lat' dir='ltr'>virtutibus</span> <span class='ocrx_word' id='word_1_276' title='bbox 623 2093 785 2121; x_wconf 82' lang='lat' dir='ltr'>sttﬂicieudis</span> <span class='ocrx_word' id='word_1_277' title='bbox 797 2093 910 2121; x_wconf 86' lang='lat' dir='ltr'>delcndo</span> <span class='ocrx_word' id='word_1_278' title='bbox 938 2095 978 2120; x_wconf 89' lang='lat' dir='ltr'>vi-</span> 
     </span>
    </p>
   </div>
   <div class='ocr_carea' id='block_1_41' title="bbox 185 2138 975 2174">
    <p class='ocr_par' dir='ltr' id='par_1_41' title="bbox 185 2138 975 2174">
     <span class='ocr_line' id='line_1_41' title="bbox 185 2138 975 2174; baseline -0.001 -8"><span class='ocrx_word' id='word_1_279' title='bbox 185 2139 293 2167; x_wconf 87' lang='lat' dir='ltr'>delicet.</span> <span class='ocrx_word' id='word_1_280' title='bbox 310 2138 372 2168; x_wconf 89' lang='lat' dir='ltr'>Ideo</span> <span class='ocrx_word' id='word_1_281' title='bbox 391 2140 429 2167; x_wconf 88' lang='lat' dir='ltr'>ait</span> <span class='ocrx_word' id='word_1_282' title='bbox 452 2147 536 2174; x_wconf 86' lang='lat' dir='ltr'>prope</span> <span class='ocrx_word' id='word_1_283' title='bbox 551 2140 647 2167; x_wconf 80' lang='lat' dir='ltr'>adesse</span> <span class='ocrx_word' id='word_1_284' title='bbox 680 2139 751 2166; x_wconf 87' lang='lat' dir='ltr'>diem</span> <span class='ocrx_word' id='word_1_285' title='bbox 777 2139 899 2171; x_wconf 86' lang='lat' dir='ltr'>Domini,</span> <span class='ocrx_word' id='word_1_286' title='bbox 924 2147 975 2174; x_wconf 84' lang='lat' dir='ltr'>qua</span> 
     </span>
    </p>
   </div>
   <div class='ocr_carea' id='block_1_42' title="bbox 184 2184 975 2221">
    <p class='ocr_par' dir='ltr' id='par_1_42' title="bbox 184 2184 975 2221">
     <span class='ocr_line' id='line_1_42' title="bbox 184 2184 975 2221; baseline -0.001 -8"><span class='ocrx_word' id='word_1_287' title='bbox 184 2185 270 2213; x_wconf 74' lang='lat' dir='ltr'>futuri</span> <span class='ocrx_word' id='word_1_288' title='bbox 286 2187 341 2214; x_wconf 84' lang='lat' dir='ltr'>sint</span> <span class='ocrx_word' id='word_1_289' title='bbox 358 2190 487 2221; x_wconf 84' lang='lat' dir='ltr'>tanquam</span> <span class='ocrx_word' id='word_1_290' title='bbox 503 2187 530 2213; x_wconf 92' lang='lat' dir='ltr'>in</span> <span class='ocrx_word' id='word_1_291' title='bbox 547 2185 654 2218; x_wconf 79' lang='lat' dir='ltr'>nebula,</span> <span class='ocrx_word' id='word_1_292' title='bbox 669 2189 696 2211; x_wconf 85' lang='lat' dir='ltr'>et</span> <span class='ocrx_word' id='word_1_293' title='bbox 724 2184 853 2216; x_wconf 87' lang='lat' dir='ltr'>tenebris,</span> <span class='ocrx_word' id='word_1_294' title='bbox 878 2184 975 2212; x_wconf 82' lang='lat' dir='ltr'>famem</span> 
     </span>
    </p>
   </div>
   <div class='ocr_carea' id='block_1_43' title="bbox 706 149 1346 180">
    <p class='ocr_par' dir='ltr' id='par_1_43' title="bbox 706 149 1346 180">
     <span class='ocr_line' id='line_1_43' title="bbox 706 149 1346 180; baseline 0.003 -2"><span class='ocrx_word' id='word_1_295' title='bbox 706 149 749 178; x_wconf 67' lang='lat' dir='ltr'>&#39;S.</span> <span class='ocrx_word' id='word_1_296' title='bbox 770 149 909 179; x_wconf 79' lang='lat' dir='ltr'>CYRILLI</span> <span class='ocrx_word' id='word_1_297' title='bbox 929 149 1162 178; x_wconf 76' lang='lat' dir='ltr'>ALEXANDRINI</span> <span class='ocrx_word' id='word_1_298' title='bbox 1183 150 1346 180; x_wconf 74' lang='lat' dir='ltr'>ARCHIEP.</span> 
     </span>
    </p>
   </div>
   <div class='ocr_carea' id='block_1_44' title="bbox 997 1569 1018 1597">
    <p class='ocr_par' dir='ltr' id='par_1_44' title="bbox 997 1569 1018 1597">
     <span class='ocr_line' id='line_1_44' title="bbox 997 1569 1018 1597; baseline 0 0"><span class='ocrx_word' id='word_1_299' title='bbox 997 1569 1018 1597; x_wconf 91' lang='lat' dir='ltr'><strong>C</strong></span> 
     </span>
    </p>
   </div>
   <div class='ocr_carea' id='block_1_45' title="bbox 1796 153 1848 181">
    <p class='ocr_par' dir='ltr' id='par_1_45' title="bbox 1796 153 1848 181">
     <span class='ocr_line' id='line_1_45' title="bbox 1796 153 1848 181; baseline -0.019 0"><span class='ocrx_word' id='word_1_300' title='bbox 1796 153 1848 181; x_wconf 72' lang='lat'>556</span> 
     </span>
    </p>
   </div>
   <div class='ocr_carea' id='block_1_46' title="bbox 1011 210 1847 248">
    <p class='ocr_par' dir='ltr' id='par_1_46' title="bbox 1011 210 1847 248">
     <span class='ocr_line' id='line_1_46' title="bbox 1011 210 1847 248; baseline 0.001 -10"><span class='ocrx_word' id='word_1_301' title='bbox 1011 217 1033 244; x_wconf 79' lang='grc' dir='ltr'>Α</span> <span class='ocrx_word' id='word_1_302' title='bbox 1051 213 1104 248; x_wconf 86' lang='grc' dir='ltr'>μὴν</span> <span class='ocrx_word' id='word_1_303' title='bbox 1121 213 1168 239; x_wconf 79' lang='grc' dir='ltr'>καὶ</span> <span class='ocrx_word' id='word_1_304' title='bbox 1185 213 1285 248; x_wconf 79' lang='grc' dir='ltr'>ἑτέρως</span> <span class='ocrx_word' id='word_1_305' title='bbox 1295 221 1302 227; x_wconf 92' lang='grc'>·</span> <span class='ocrx_word' id='word_1_306' title='bbox 1320 222 1329 238; x_wconf 84' lang='grc' dir='ltr'>ι</span> <span class='ocrx_word' id='word_1_307' title='bbox 1344 212 1416 247; x_wconf 81' lang='grc' dir='ltr'>Ἐγὼ</span> <span class='ocrx_word' id='word_1_308' title='bbox 1428 213 1530 248; x_wconf 83' lang='grc' dir='ltr'>Κύριος</span> <span class='ocrx_word' id='word_1_309' title='bbox 1541 213 1555 240; x_wconf 80' lang='grc' dir='ltr'>ὁ</span> <span class='ocrx_word' id='word_1_310' title='bbox 1565 210 1641 245; x_wconf 74' lang='grc' dir='ltr'>θεὸς,</span> <span class='ocrx_word' id='word_1_311' title='bbox 1659 213 1715 248; x_wconf 81' lang='grc' dir='ltr'>ἐγὼ</span> <span class='ocrx_word' id='word_1_312' title='bbox 1727 213 1847 240; x_wconf 72' lang='grc' dir='ltr'>ἐπακού-</span> 
     </span>
    </p>
   </div>
   <div class='ocr_carea' id='block_1_47' title="bbox 1049 258 1846 294">
    <p class='ocr_par' dir='ltr' id='par_1_47' title="bbox 1049 258 1846 294">
     <span class='ocr_line' id='line_1_47' title="bbox 1049 258 1846 294; baseline 0.003 -10"><span class='ocrx_word' id='word_1_313' title='bbox 1049 267 1131 293; x_wconf 88' lang='grc' dir='ltr'>σομαι</span> <span class='ocrx_word' id='word_1_314' title='bbox 1150 259 1164 284; x_wconf 88' lang='grc' dir='ltr'>ό</span> <span class='ocrx_word' id='word_1_315' title='bbox 1179 258 1245 290; x_wconf 74' lang='grc' dir='ltr'>Θεὸς</span> <span class='ocrx_word' id='word_1_316' title='bbox 1263 258 1383 293; x_wconf 80' lang='grc' dir='ltr'>Ἰσραὴλ,</span> <span class='ocrx_word' id='word_1_317' title='bbox 1401 259 1448 285; x_wconf 79' lang='grc' dir='ltr'>καὶ</span> <span class='ocrx_word' id='word_1_318' title='bbox 1464 259 1514 286; x_wconf 82' lang='grc' dir='ltr'>οὐκ</span> <span class='ocrx_word' id='word_1_319' title='bbox 1530 259 1720 294; x_wconf 69' lang='grc' dir='ltr'>ἐγκαταλείψω</span> <span class='ocrx_word' id='word_1_320' title='bbox 1735 259 1846 291; x_wconf 73' lang='grc' dir='ltr'>αὐτοὺς,</span> 
     </span>
    </p>
   </div>
   <div class='ocr_carea' id='block_1_48' title="bbox 1048 303 1846 340">
    <p class='ocr_par' dir='ltr' id='par_1_48' title="bbox 1048 303 1846 340">
     <span class='ocr_line' id='line_1_48' title="bbox 1048 303 1846 340; baseline 0 -10"><span class='ocrx_word' id='word_1_321' title='bbox 1048 304 1107 330; x_wconf 79' lang='grc' dir='ltr'>ἀλλ’</span> <span class='ocrx_word' id='word_1_322' title='bbox 1131 303 1230 337; x_wconf 77' lang='grc' dir='ltr'>ὰνοίξω</span> <span class='ocrx_word' id='word_1_323' title='bbox 1251 304 1298 330; x_wconf 68' lang='grc' dir='ltr'>ἐπὶ</span> <span class='ocrx_word' id='word_1_324' title='bbox 1312 304 1365 330; x_wconf 81' lang='grc' dir='ltr'>τῶν</span> <span class='ocrx_word' id='word_1_325' title='bbox 1386 304 1472 340; x_wconf 81' lang='grc' dir='ltr'>ὀρέων</span> <span class='ocrx_word' id='word_1_326' title='bbox 1497 304 1647 339; x_wconf 80' lang='grc' dir='ltr'>ποταμοὺς,</span> <span class='ocrx_word' id='word_1_327' title='bbox 1664 303 1713 330; x_wconf 76' lang='grc' dir='ltr'>καὶ</span> <span class='ocrx_word' id='word_1_328' title='bbox 1725 304 1755 330; x_wconf 73' lang='grc' dir='ltr'><strong>ἐν</strong></span> <span class='ocrx_word' id='word_1_329' title='bbox 1771 305 1846 338; x_wconf 78' lang='grc' dir='ltr'>μέσῳ</span> 
     </span>
    </p>
   </div>
   <div class='ocr_carea' id='block_1_49' title="bbox 1047 350 1846 386">
    <p class='ocr_par' dir='ltr' id='par_1_49' title="bbox 1047 350 1846 386">
     <span class='ocr_line' id='line_1_49' title="bbox 1047 350 1846 386; baseline -0.003 -8"><span class='ocrx_word' id='word_1_330' title='bbox 1047 352 1101 378; x_wconf 86' lang='grc' dir='ltr'>τῶν</span> <span class='ocrx_word' id='word_1_331' title='bbox 1118 352 1216 378; x_wconf 81' lang='grc' dir='ltr'>πεδίων</span> <span class='ocrx_word' id='word_1_332' title='bbox 1230 352 1270 383; x_wconf 87' lang='grc' dir='ltr'>εἰς</span> <span class='ocrx_word' id='word_1_333' title='bbox 1281 351 1341 386; x_wconf 79' lang='grc' dir='ltr'>ἕλη,</span> <span class='ocrx_word' id='word_1_334' title='bbox 1355 351 1403 378; x_wconf 78' lang='grc' dir='ltr'>καὶ</span> <span class='ocrx_word' id='word_1_335' title='bbox 1415 350 1464 386; x_wconf 86' lang='grc' dir='ltr'>τὴν</span> <span class='ocrx_word' id='word_1_336' title='bbox 1479 350 1599 385; x_wconf 77' lang='grc' dir='ltr'>διψῶσαν</span> <span class='ocrx_word' id='word_1_337' title='bbox 1613 351 1664 385; x_wconf 88' lang='grc' dir='ltr'>γῆν</span> <span class='ocrx_word' id='word_1_338' title='bbox 1676 351 1705 377; x_wconf 83' lang='grc' dir='ltr'>ὲν</span> <span class='ocrx_word' id='word_1_339' title='bbox 1721 351 1846 386; x_wconf 78' lang='grc' dir='ltr'>ὑδραγω-</span> 
     </span>
    </p>
   </div>
   <div class='ocr_carea' id='block_1_50' title="bbox 1047 393 1846 432">
    <p class='ocr_par' dir='ltr' id='par_1_50' title="bbox 1047 393 1846 432">
     <span class='ocr_line' id='line_1_50' title="bbox 1047 393 1846 432; baseline -0.005 -8"><span class='ocrx_word' id='word_1_340' title='bbox 1047 399 1116 431; x_wconf 89' lang='grc' dir='ltr'>γοῖς.</span> <span class='ocrx_word' id='word_1_341' title='bbox 1137 407 1146 422; x_wconf 76' lang='grc' dir='ltr'>ι</span> <span class='ocrx_word' id='word_1_342' title='bbox 1162 397 1266 424; x_wconf 79' lang='grc' dir='ltr'>Οὐκοῦν</span> <span class='ocrx_word' id='word_1_343' title='bbox 1280 397 1361 432; x_wconf 79' lang='grc' dir='ltr'>ἡμεῖς</span> <span class='ocrx_word' id='word_1_344' title='bbox 1377 396 1426 431; x_wconf 74' lang='grc' dir='ltr'>μὲν</span> <span class='ocrx_word' id='word_1_345' title='bbox 1443 397 1473 422; x_wconf 82' lang='grc' dir='ltr'><strong>ὲν</strong></span> <span class='ocrx_word' id='word_1_346' title='bbox 1495 395 1610 426; x_wconf 77' lang='grc' dir='ltr'>τούτοις.</span> <span class='ocrx_word' id='word_1_347' title='bbox 1629 395 1661 421; x_wconf 89' lang='lat' dir='ltr'>El</span> <span class='ocrx_word' id='word_1_348' title='bbox 1676 394 1705 420; x_wconf 80' lang='grc' dir='ltr'>δὲ</span> <span class='ocrx_word' id='word_1_349' title='bbox 1725 394 1758 429; x_wconf 89' lang='grc' dir='ltr'>δὴ</span> <span class='ocrx_word' id='word_1_350' title='bbox 1773 393 1846 429; x_wconf 84' lang='grc' dir='ltr'>βαδί-</span> 
     </span>
    </p>
   </div>
   <div class='ocr_carea' id='block_1_51' title="bbox 1047 439 1842 479">
    <p class='ocr_par' dir='ltr' id='par_1_51' title="bbox 1047 439 1842 479">
     <span class='ocr_line' id='line_1_51' title="bbox 1047 439 1842 479; baseline -0.005 -9"><span class='ocrx_word' id='word_1_351' title='bbox 1047 443 1119 475; x_wconf 74' lang='grc' dir='ltr'>ζοιεν</span> <span class='ocrx_word' id='word_1_352' title='bbox 1138 442 1205 479; x_wconf 84' lang='grc' dir='ltr'>πρὸς</span> <span class='ocrx_word' id='word_1_353' title='bbox 1220 443 1401 478; x_wconf 78' lang='grc' dir='ltr'>μετάγνωσιν,</span> <span class='ocrx_word' id='word_1_354' title='bbox 1418 442 1466 468; x_wconf 74' lang='grc' dir='ltr'>καὶ</span> <span class='ocrx_word' id='word_1_355' title='bbox 1486 440 1664 475; x_wconf 77' lang='grc' dir='ltr'>ἀναϐλέψοιεν</span> <span class='ocrx_word' id='word_1_356' title='bbox 1681 440 1750 476; x_wconf 76' lang='grc' dir='ltr'>πρὸς</span> <span class='ocrx_word' id='word_1_357' title='bbox 1766 439 1842 472; x_wconf 76' lang='grc' dir='ltr'>Θεὸν,</span> 
     </span>
    </p>
   </div>
   <div class='ocr_carea' id='block_1_52' title="bbox 1047 486 1840 524">
    <p class='ocr_par' dir='ltr' id='par_1_52' title="bbox 1047 486 1840 524">
     <span class='ocr_line' id='line_1_52' title="bbox 1047 486 1840 524; baseline -0.006 -7"><span class='ocrx_word' id='word_1_358' title='bbox 1047 489 1151 524; x_wconf 82' lang='grc' dir='ltr'>λέγοιέν</span> <span class='ocrx_word' id='word_1_359' title='bbox 1162 498 1192 516; x_wconf 86' lang='grc' dir='ltr'>τε</span> <span class='ocrx_word' id='word_1_360' title='bbox 1206 489 1254 516; x_wconf 73' lang='grc' dir='ltr'>καὶ</span> <span class='ocrx_word' id='word_1_361' title='bbox 1266 488 1356 520; x_wconf 66' lang='grc' dir='ltr'>αὐτοὶ,</span> <span class='ocrx_word' id='word_1_362' title='bbox 1371 488 1458 523; x_wconf 75' lang='grc' dir='ltr'>«Πρὸς</span> <span class='ocrx_word' id='word_1_363' title='bbox 1472 487 1513 520; x_wconf 79' lang='grc' dir='ltr'>σὲ,</span> <span class='ocrx_word' id='word_1_364' title='bbox 1524 487 1622 522; x_wconf 79' lang='grc' dir='ltr'>Κύριε,</span> <span class='ocrx_word' id='word_1_365' title='bbox 1633 486 1818 522; x_wconf 75' lang='grc' dir='ltr'>κεκράξομαι,</span> <span class='ocrx_word' id='word_1_366' title='bbox 1831 495 1840 512; x_wconf 79' lang='grc' dir='ltr'>ι</span> 
     </span>
    </p>
   </div>
   <div class='ocr_carea' id='block_1_53' title="bbox 1045 530 1843 571">
    <p class='ocr_par' dir='ltr' id='par_1_53' title="bbox 1045 530 1843 571">
     <span class='ocr_line' id='line_1_53' title="bbox 1045 530 1843 571; baseline -0.006 -9"><span class='ocrx_word' id='word_1_367' title='bbox 1045 535 1174 571; x_wconf 72' lang='grc' dir='ltr'>λήψονται</span> <span class='ocrx_word' id='word_1_368' title='bbox 1185 535 1235 566; x_wconf 86' lang='grc' dir='ltr'>τὰς</span> <span class='ocrx_word' id='word_1_369' title='bbox 1246 534 1299 560; x_wconf 81' lang='grc' dir='ltr'>τῶν</span> <span class='ocrx_word' id='word_1_370' title='bbox 1313 534 1417 560; x_wconf 84' lang='grc' dir='ltr'>ὑδάτων</span> <span class='ocrx_word' id='word_1_371' title='bbox 1429 533 1553 567; x_wconf 77' lang='grc' dir='ltr'>ἀφέσεις,</span> <span class='ocrx_word' id='word_1_372' title='bbox 1566 532 1730 567; x_wconf 68' lang='grc' dir='ltr'>ἀνι-λήσουσί</span> <span class='ocrx_word' id='word_1_373' title='bbox 1741 540 1771 558; x_wconf 84' lang='grc' dir='ltr'>τε</span> <span class='ocrx_word' id='word_1_374' title='bbox 1783 530 1843 566; x_wconf 86' lang='grc' dir='ltr'>μεθ’</span> 
     </span>
    </p>
   </div>
   <div class='ocr_carea' id='block_1_54' title="bbox 1045 577 1843 616">
    <p class='ocr_par' dir='ltr' id='par_1_54' title="bbox 1045 577 1843 616">
     <span class='ocr_line' id='line_1_54' title="bbox 1045 577 1843 616; baseline -0.004 -9"><span class='ocrx_word' id='word_1_375' title='bbox 1045 580 1124 616; x_wconf 78' lang='grc' dir='ltr'>ἡμῶν</span> <span class='ocrx_word' id='word_1_376' title='bbox 1139 580 1169 606; x_wconf 79' lang='grc' dir='ltr'>τὸ</span> <span class='ocrx_word' id='word_1_377' title='bbox 1178 579 1251 615; x_wconf 75' lang='grc' dir='ltr'>ὕδωρ</span> <span class='ocrx_word' id='word_1_378' title='bbox 1261 579 1292 606; x_wconf 88' lang='grc' dir='ltr'>τὸ</span> <span class='ocrx_word' id='word_1_379' title='bbox 1309 579 1415 615; x_wconf 86' lang='grc' dir='ltr'>νοητὸν,</span> <span class='ocrx_word' id='word_1_380' title='bbox 1435 579 1481 606; x_wconf 74' lang='grc' dir='ltr'>καὶ</span> <span class='ocrx_word' id='word_1_381' title='bbox 1497 579 1529 604; x_wconf 86' lang='grc' dir='ltr'>ὲκ</span> <span class='ocrx_word' id='word_1_382' title='bbox 1544 578 1598 604; x_wconf 86' lang='grc' dir='ltr'>τῶν</span> <span class='ocrx_word' id='word_1_383' title='bbox 1614 577 1712 612; x_wconf 83' lang='grc' dir='ltr'>πηγῶν</span> <span class='ocrx_word' id='word_1_384' title='bbox 1730 578 1778 604; x_wconf 79' lang='grc' dir='ltr'>τοῦ</span> <span class='ocrx_word' id='word_1_385' title='bbox 1791 586 1843 604; x_wconf 80' lang='grc' dir='ltr'>σω-</span> 
     </span>
    </p>
   </div>
   <div class='ocr_carea' id='block_1_55' title="bbox 1044 623 1842 660">
    <p class='ocr_par' dir='ltr' id='par_1_55' title="bbox 1044 623 1842 660">
     <span class='ocr_line' id='line_1_55' title="bbox 1044 623 1842 660; baseline -0.003 -9"><span class='ocrx_word' id='word_1_386' title='bbox 1044 625 1138 660; x_wconf 78' lang='grc' dir='ltr'>τηρίου</span> <span class='ocrx_word' id='word_1_387' title='bbox 1154 624 1375 660; x_wconf 77' lang='grc' dir='ltr'>ποτισοήοονται,</span> <span class='ocrx_word' id='word_1_388' title='bbox 1393 624 1498 651; x_wconf 73' lang='grc' dir='ltr'>καὶτὸν</span> <span class='ocrx_word' id='word_1_389' title='bbox 1518 624 1688 659; x_wconf 75' lang='grc' dir='ltr'>χειμάρρουν</span> <span class='ocrx_word' id='word_1_390' title='bbox 1709 623 1761 658; x_wconf 83' lang='grc' dir='ltr'>τῆς</span> <span class='ocrx_word' id='word_1_391' title='bbox 1774 631 1842 658; x_wconf 83' lang='grc' dir='ltr'>τρυ-</span> 
     </span>
    </p>
   </div>
   <div class='ocr_carea' id='block_1_56' title="bbox 1045 668 1842 708">
    <p class='ocr_par' dir='ltr' id='par_1_56' title="bbox 1045 668 1842 708">
     <span class='ocr_line' id='line_1_56' title="bbox 1045 668 1842 708; baseline -0.006 -10"><span class='ocrx_word' id='word_1_392' title='bbox 1045 672 1098 708; x_wconf 85' lang='grc' dir='ltr'>φῆς</span> <span class='ocrx_word' id='word_1_393' title='bbox 1111 673 1187 707; x_wconf 77' lang='grc' dir='ltr'>παρὰ</span> <span class='ocrx_word' id='word_1_394' title='bbox 1204 670 1250 698; x_wconf 80' lang='grc' dir='ltr'>τοῦ</span> <span class='ocrx_word' id='word_1_395' title='bbox 1262 671 1328 698; x_wconf 74' lang='grc' dir='ltr'>Θεοῦ</span> <span class='ocrx_word' id='word_1_396' title='bbox 1342 671 1388 697; x_wconf 73' lang='grc' dir='ltr'>καὶ</span> <span class='ocrx_word' id='word_1_397' title='bbox 1405 670 1521 705; x_wconf 81' lang='grc' dir='ltr'>Πατρὸς,</span> <span class='ocrx_word' id='word_1_398' title='bbox 1539 670 1587 696; x_wconf 75' lang='grc' dir='ltr'>καὶ</span> <span class='ocrx_word' id='word_1_399' title='bbox 1610 669 1660 704; x_wconf 84' lang='grc' dir='ltr'>τὴν</span> <span class='ocrx_word' id='word_1_400' title='bbox 1679 668 1773 704; x_wconf 82' lang='grc' dir='ltr'>πηγὴν</span> <span class='ocrx_word' id='word_1_401' title='bbox 1792 668 1842 702; x_wconf 86' lang='grc' dir='ltr'>τῆς</span> 
     </span>
    </p>
   </div>
   <div class='ocr_carea' id='block_1_57' title="bbox 1044 715 1841 753">
    <p class='ocr_par' dir='ltr' id='par_1_57' title="bbox 1044 715 1841 753">
     <span class='ocr_line' id='line_1_57' title="bbox 1044 715 1841 753; baseline -0.006 -9"><span class='ocrx_word' id='word_1_402' title='bbox 1044 719 1117 753; x_wconf 80' lang='grc' dir='ltr'>ζωῆς</span> <span class='ocrx_word' id='word_1_403' title='bbox 1130 718 1236 751; x_wconf 76' lang='grc' dir='ltr'>ἕξουσιν</span> <span class='ocrx_word' id='word_1_404' title='bbox 1247 718 1276 744; x_wconf 84' lang='grc' dir='ltr'><strong>ὲν</strong></span> <span class='ocrx_word' id='word_1_405' title='bbox 1288 717 1422 752; x_wconf 85' lang='grc' dir='ltr'>καρδίαις.</span> <span class='ocrx_word' id='word_1_406' title='bbox 1439 716 1640 752; x_wconf 79' lang='grc' dir='ltr'>Παρακείσεται</span> <span class='ocrx_word' id='word_1_407' title='bbox 1651 715 1680 742; x_wconf 78' lang='grc' dir='ltr'>δὲ</span> <span class='ocrx_word' id='word_1_408' title='bbox 1694 715 1787 746; x_wconf 76' lang='grc' dir='ltr'>αὐτοῖς</span> <span class='ocrx_word' id='word_1_409' title='bbox 1802 715 1841 744; x_wconf 82' lang='grc' dir='ltr'>είς</span> 
     </span>
    </p>
   </div>
   <div class='ocr_carea' id='block_1_58' title="bbox 1043 759 1840 799">
    <p class='ocr_par' dir='ltr' id='par_1_58' title="bbox 1043 759 1840 799">
     <span class='ocr_line' id='line_1_58' title="bbox 1043 759 1840 799; baseline -0.005 -9"><span class='ocrx_word' id='word_1_410' title='bbox 1043 764 1150 799; x_wconf 84' lang='grc' dir='ltr'>τρυφὴν</span> <span class='ocrx_word' id='word_1_411' title='bbox 1167 764 1214 790; x_wconf 77' lang='grc' dir='ltr'>καὶ</span> <span class='ocrx_word' id='word_1_412' title='bbox 1228 763 1263 789; x_wconf 76' lang='grc' dir='ltr'>τὰ</span> <span class='ocrx_word' id='word_1_413' title='bbox 1277 763 1366 798; x_wconf 81' lang='grc' dir='ltr'>ὡραῖα</span> <span class='ocrx_word' id='word_1_414' title='bbox 1393 763 1441 796; x_wconf 85' lang='grc' dir='ltr'>τῆς</span> <span class='ocrx_word' id='word_1_415' title='bbox 1468 763 1573 797; x_wconf 81' lang='grc' dir='ltr'>ἐρήμου</span> <span class='ocrx_word' id='word_1_416' title='bbox 1586 781 1595 794; x_wconf 82' lang='grc'>,</span> <span class='ocrx_word' id='word_1_417' title='bbox 1611 761 1747 792; x_wconf 79' lang='grc' dir='ltr'>τουτέστι,</span> <span class='ocrx_word' id='word_1_418' title='bbox 1769 759 1840 795; x_wconf 85' lang='grc' dir='ltr'>νομὴ</span> 
     </span>
    </p>
   </div>
   <div class='ocr_carea' id='block_1_59' title="bbox 1043 806 1840 846">
    <p class='ocr_par' dir='ltr' id='par_1_59' title="bbox 1043 806 1840 846">
     <span class='ocr_line' id='line_1_59' title="bbox 1043 806 1840 846; baseline -0.008 -9"><span class='ocrx_word' id='word_1_419' title='bbox 1043 811 1113 846; x_wconf 85' lang='grc' dir='ltr'>καλὴ</span> <span class='ocrx_word' id='word_1_420' title='bbox 1137 811 1184 837; x_wconf 78' lang='grc' dir='ltr'>καὶ</span> <span class='ocrx_word' id='word_1_421' title='bbox 1204 809 1384 845; x_wconf 74' lang='grc' dir='ltr'>ἀμφιλαφὴς,</span> <span class='ocrx_word' id='word_1_422' title='bbox 1397 809 1437 840; x_wconf 86' lang='grc' dir='ltr'>είς</span> <span class='ocrx_word' id='word_1_423' title='bbox 1453 808 1553 842; x_wconf 80' lang='grc' dir='ltr'>γνῶσιν</span> <span class='ocrx_word' id='word_1_424' title='bbox 1575 807 1675 838; x_wconf 82' lang='grc' dir='ltr'>αὐτοὺς</span> <span class='ocrx_word' id='word_1_425' title='bbox 1699 806 1840 841; x_wconf 79' lang='grc' dir='ltr'>ἀποστρέ-</span> 
     </span>
    </p>
   </div>
   <div class='ocr_carea' id='block_1_60' title="bbox 1043 853 1840 892">
    <p class='ocr_par' dir='ltr' id='par_1_60' title="bbox 1043 853 1840 892">
     <span class='ocr_line' id='line_1_60' title="bbox 1043 853 1840 892; baseline -0.006 -8"><span class='ocrx_word' id='word_1_426' title='bbox 1043 866 1131 892; x_wconf 79' lang='grc' dir='ltr'>φουσα</span> <span class='ocrx_word' id='word_1_427' title='bbox 1148 857 1198 892; x_wconf 83' lang='grc' dir='ltr'>τὴν</span> <span class='ocrx_word' id='word_1_428' title='bbox 1221 857 1249 884; x_wconf 85' lang='grc' dir='ltr'>ὲν</span> <span class='ocrx_word' id='word_1_429' title='bbox 1265 855 1376 891; x_wconf 82' lang='grc' dir='ltr'>Χριστῷ</span> <span class='ocrx_word' id='word_1_430' title='bbox 1390 856 1540 891; x_wconf 84' lang='grc' dir='ltr'>νοουμένην</span> <span class='ocrx_word' id='word_1_431' title='bbox 1561 854 1637 881; x_wconf 84' lang='grc' dir='ltr'>θείαν</span> <span class='ocrx_word' id='word_1_432' title='bbox 1648 862 1678 880; x_wconf 81' lang='grc' dir='ltr'>τε</span> <span class='ocrx_word' id='word_1_433' title='bbox 1690 854 1738 880; x_wconf 78' lang='grc' dir='ltr'>καὶ</span> <span class='ocrx_word' id='word_1_434' title='bbox 1757 853 1840 886; x_wconf 81' lang='grc' dir='ltr'>εὐαγ-</span> 
     </span>
    </p>
   </div>
   <div class='ocr_carea' id='block_1_61' title="bbox 1005 895 1166 937">
    <p class='ocr_par' dir='ltr' id='par_1_61' title="bbox 1005 895 1166 937">
     <span class='ocr_line' id='line_1_61' title="bbox 1005 895 1166 937; baseline 0 -8"><span class='ocrx_word' id='word_1_435' title='bbox 1005 895 1026 924; x_wconf 78' lang='grc' dir='ltr'><strong>Β</strong></span> <span class='ocrx_word' id='word_1_436' title='bbox 1042 903 1166 937; x_wconf 59' lang='grc' dir='ltr'>γελικίίπν.</span> 
     </span>
    </p>
   </div>
   <div class='ocr_carea' id='block_1_62' title="bbox 1347 969 1534 997">
    <p class='ocr_par' dir='ltr' id='par_1_62' title="bbox 1347 969 1534 997">
     <span class='ocr_line' id='line_1_62' title="bbox 1347 969 1534 997; baseline -0.005 0"><span class='ocrx_word' id='word_1_437' title='bbox 1347 969 1474 997; x_wconf 79' lang='grc' dir='ltr'>ΚΕΦΑΛ.</span> <span class='ocrx_word' id='word_1_438' title='bbox 1495 969 1534 996; x_wconf 85' lang='grc' dir='ltr'>Β’.</span> 
     </span>
    </p>
   </div>
   <div class='ocr_carea' id='block_1_63' title="bbox 1077 1023 1837 1064">
    <p class='ocr_par' dir='ltr' id='par_1_63' title="bbox 1077 1023 1837 1064">
     <span class='ocr_line' id='line_1_63' title="bbox 1077 1023 1837 1064; baseline -0.009 -8"><span class='ocrx_word' id='word_1_439' title='bbox 1077 1029 1249 1056; x_wconf 71' lang='grc' dir='ltr'>Σαλπίσατε</span> <span class='ocrx_word' id='word_1_440' title='bbox 1259 1027 1404 1062; x_wconf 72' lang='grc' dir='ltr'>σάλπιγγι</span> <span class='ocrx_word' id='word_1_441' title='bbox 1417 1027 1453 1053; x_wconf 78' lang='grc' dir='ltr'>ἐν</span> <span class='ocrx_word' id='word_1_442' title='bbox 1462 1025 1548 1058; x_wconf 81' lang='grc' dir='ltr'>Σιὼν,</span> <span class='ocrx_word' id='word_1_443' title='bbox 1562 1024 1714 1059; x_wconf 79' lang='grc' dir='ltr'>κηρύξατε</span> <span class='ocrx_word' id='word_1_444' title='bbox 1729 1023 1837 1064; x_wconf 47' lang='grc' dir='ltr'>ἐπι-’ὄρει</span> 
     </span>
    </p>
   </div>
   <div class='ocr_carea' id='block_1_64' title="bbox 1040 1071 1836 1110">
    <p class='ocr_par' dir='ltr' id='par_1_64' title="bbox 1040 1071 1836 1110">
     <span class='ocr_line' id='line_1_64' title="bbox 1040 1071 1836 1110; baseline -0.01 -8"><span class='ocrx_word' id='word_1_445' title='bbox 1040 1075 1113 1110; x_wconf 72' lang='grc' dir='ltr'>ἁγιῳ</span> <span class='ocrx_word' id='word_1_446' title='bbox 1133 1083 1201 1108; x_wconf 87' lang='grc' dir='ltr'>μου,</span> <span class='ocrx_word' id='word_1_447' title='bbox 1220 1073 1269 1101; x_wconf 76' lang='grc' dir='ltr'>καί</span> <span class='ocrx_word' id='word_1_448' title='bbox 1290 1071 1533 1108; x_wconf 80' lang='grc' dir='ltr'>συγχυθήτωσαν</span> <span class='ocrx_word' id='word_1_449' title='bbox 1555 1071 1666 1103; x_wconf 77' lang='grc' dir='ltr'>πάντες</span> <span class='ocrx_word' id='word_1_450' title='bbox 1687 1071 1715 1096; x_wconf 84' lang='grc' dir='ltr'>οι</span> <span class='ocrx_word' id='word_1_451' title='bbox 1735 1076 1836 1096; x_wconf 77' lang='grc' dir='ltr'>κατοι-</span> 
     </span>
    </p>
   </div>
   <div class='ocr_carea' id='block_1_65' title="bbox 1040 1115 1835 1154">
    <p class='ocr_par' dir='ltr' id='par_1_65' title="bbox 1040 1115 1835 1154">
     <span class='ocr_line' id='line_1_65' title="bbox 1040 1115 1835 1154; baseline -0.009 -7"><span class='ocrx_word' id='word_1_452' title='bbox 1040 1121 1165 1153; x_wconf 75' lang='grc' dir='ltr'>κοῦντες</span> <span class='ocrx_word' id='word_1_453' title='bbox 1180 1121 1238 1154; x_wconf 79' lang='grc' dir='ltr'>τὴν</span> <span class='ocrx_word' id='word_1_454' title='bbox 1259 1118 1327 1154; x_wconf 67' lang='grc' dir='ltr'>γῆν,</span> <span class='ocrx_word' id='word_1_455' title='bbox 1354 1118 1429 1145; x_wconf 80' lang='grc' dir='ltr'>διότι</span> <span class='ocrx_word' id='word_1_456' title='bbox 1444 1117 1590 1152; x_wconf 77' lang='grc' dir='ltr'>πάρεστιν</span> <span class='ocrx_word' id='word_1_457' title='bbox 1604 1115 1701 1151; x_wconf 76' lang='grc' dir='ltr'>ἡμέρα</span> <span class='ocrx_word' id='word_1_458' title='bbox 1711 1115 1835 1148; x_wconf 81' lang='grc' dir='ltr'>Κυρίου,</span> 
     </span>
    </p>
   </div>
   <div class='ocr_carea' id='block_1_66' title="bbox 1040 1162 1836 1201">
    <p class='ocr_par' dir='ltr' id='par_1_66' title="bbox 1040 1162 1836 1201">
     <span class='ocr_line' id='line_1_66' title="bbox 1040 1162 1836 1201; baseline -0.008 -9"><span class='ocrx_word' id='word_1_459' title='bbox 1040 1167 1084 1192; x_wconf 83' lang='grc' dir='ltr'>ὅτι</span> <span class='ocrx_word' id='word_1_460' title='bbox 1098 1165 1188 1201; x_wconf 68' lang='grc' dir='ltr'>ἐγγὺς</span> <span class='ocrx_word' id='word_1_461' title='bbox 1201 1165 1296 1200; x_wconf 75' lang='grc' dir='ltr'>ἡμέρα</span> <span class='ocrx_word' id='word_1_462' title='bbox 1310 1165 1440 1197; x_wconf 83' lang='grc' dir='ltr'>σκότους</span> <span class='ocrx_word' id='word_1_463' title='bbox 1460 1163 1509 1190; x_wconf 77' lang='grc' dir='ltr'>καὶ</span> <span class='ocrx_word' id='word_1_464' title='bbox 1525 1163 1650 1198; x_wconf 70' lang='grc' dir='ltr'>γνόφου,</span> <span class='ocrx_word' id='word_1_465' title='bbox 1675 1162 1772 1196; x_wconf 74' lang='grc' dir='ltr'>ἡμέρα</span> <span class='ocrx_word' id='word_1_466' title='bbox 1787 1167 1836 1186; x_wconf 76' lang='lat' dir='ltr'>rs-</span> 
     </span>
    </p>
   </div>
   <div class='ocr_carea' id='block_1_67' title="bbox 1038 1212 1353 1247">
    <p class='ocr_par' dir='ltr' id='par_1_67' title="bbox 1038 1212 1353 1247">
     <span class='ocr_line' id='line_1_67' title="bbox 1038 1212 1353 1247; baseline -0.003 -8"><span class='ocrx_word' id='word_1_467' title='bbox 1038 1213 1135 1247; x_wconf 66' lang='grc' dir='ltr'>φέλης</span> <span class='ocrx_word' id='word_1_468' title='bbox 1149 1212 1198 1239; x_wconf 78' lang='grc' dir='ltr'>καὶ</span> <span class='ocrx_word' id='word_1_469' title='bbox 1215 1212 1341 1247; x_wconf 69' lang='grc' dir='ltr'>ὁμίχλης</span> <span class='ocrx_word' id='word_1_470' title='bbox 1347 1231 1353 1238; x_wconf 97' lang='grc'><em>.</em></span> 
     </span>
    </p>
   </div>
   <div class='ocr_carea' id='block_1_68' title="bbox 1074 1265 1833 1305">
    <p class='ocr_par' dir='ltr' id='par_1_68' title="bbox 1074 1265 1833 1305">
     <span class='ocr_line' id='line_1_68' title="bbox 1074 1265 1833 1305; baseline -0.007 -9"><span class='ocrx_word' id='word_1_471' title='bbox 1074 1270 1123 1297; x_wconf 85' lang='grc' dir='ltr'>1Ε¹.</span> <span class='ocrx_word' id='word_1_472' title='bbox 1139 1270 1277 1305; x_wconf 77' lang='grc' dir='ltr'>Γράφεται</span> <span class='ocrx_word' id='word_1_473' title='bbox 1289 1269 1319 1305; x_wconf 83' lang='grc' dir='ltr'>δὴ</span> <span class='ocrx_word' id='word_1_474' title='bbox 1340 1269 1422 1296; x_wconf 83' lang='grc' dir='ltr'>πάλιν</span> <span class='ocrx_word' id='word_1_475' title='bbox 1438 1267 1553 1300; x_wconf 79' lang='grc' dir='ltr'>ἀστείως</span> <span class='ocrx_word' id='word_1_476' title='bbox 1567 1268 1634 1303; x_wconf 84' lang='grc' dir='ltr'>ἡμῖν</span> <span class='ocrx_word' id='word_1_477' title='bbox 1648 1266 1696 1293; x_wconf 79' lang='grc' dir='ltr'>τοῦ</span> <span class='ocrx_word' id='word_1_478' title='bbox 1712 1265 1833 1301; x_wconf 77' lang='grc' dir='ltr'>πολέμου</span> 
     </span>
    </p>
   </div>
   <div class='ocr_carea' id='block_1_69' title="bbox 1037 1311 1832 1351">
    <p class='ocr_par' dir='ltr' id='par_1_69' title="bbox 1037 1311 1832 1351">
     <span class='ocr_line' id='line_1_69' title="bbox 1037 1311 1832 1351; baseline -0.008 -9"><span class='ocrx_word' id='word_1_479' title='bbox 1037 1316 1068 1342; x_wconf 80' lang='grc' dir='ltr'>τὸ</span> <span class='ocrx_word' id='word_1_480' title='bbox 1080 1316 1182 1351; x_wconf 80' lang='grc' dir='ltr'>σχῆμα.</span> <span class='ocrx_word' id='word_1_481' title='bbox 1201 1316 1250 1350; x_wconf 65' lang='lat' dir='ltr'>Eii)</span> <span class='ocrx_word' id='word_1_482' title='bbox 1270 1315 1292 1341; x_wconf 90' lang='grc' dir='ltr'>δ’</span> <span class='ocrx_word' id='word_1_483' title='bbox 1313 1314 1347 1342; x_wconf 84' lang='grc' dir='ltr'>ἂν</span> <span class='ocrx_word' id='word_1_484' title='bbox 1360 1315 1407 1341; x_wconf 77' lang='grc' dir='ltr'>καὶ</span> <span class='ocrx_word' id='word_1_485' title='bbox 1423 1315 1466 1341; x_wconf 76' lang='grc' dir='ltr'>ἐπ’</span> <span class='ocrx_word' id='word_1_486' title='bbox 1479 1315 1581 1350; x_wconf 82' lang='grc' dir='ltr'>ἀμφοῖν</span> <span class='ocrx_word' id='word_1_487' title='bbox 1598 1313 1698 1347; x_wconf 77' lang='grc' dir='ltr'>ἀληθὲς</span> <span class='ocrx_word' id='word_1_488' title='bbox 1711 1331 1719 1344; x_wconf 86' lang='lat'>,</span> <span class='ocrx_word' id='word_1_489' title='bbox 1742 1311 1794 1338; x_wconf 78' lang='grc' dir='ltr'>κᾶν</span> <span class='ocrx_word' id='word_1_490' title='bbox 1808 1311 1832 1336; x_wconf 78' lang='grc' dir='ltr'>εί</span> 
     </span>
    </p>
   </div>
   <div class='ocr_carea' id='block_1_70' title="bbox 1037 1357 1832 1397">
    <p class='ocr_par' dir='ltr' id='par_1_70' title="bbox 1037 1357 1832 1397">
     <span class='ocr_line' id='line_1_70' title="bbox 1037 1357 1832 1397; baseline -0.008 -8"><span class='ocrx_word' id='word_1_491' title='bbox 1037 1362 1081 1389; x_wconf 73' lang='grc' dir='ltr'>ἐπ’</span> <span class='ocrx_word' id='word_1_492' title='bbox 1107 1361 1217 1397; x_wconf 87' lang='grc' dir='ltr'>ἁκρίδος</span> <span class='ocrx_word' id='word_1_493' title='bbox 1243 1361 1289 1387; x_wconf 81' lang='grc' dir='ltr'>καὶ</span> <span class='ocrx_word' id='word_1_494' title='bbox 1309 1361 1425 1396; x_wconf 83' lang='grc' dir='ltr'>βρούχου</span> <span class='ocrx_word' id='word_1_495' title='bbox 1441 1361 1521 1396; x_wconf 79' lang='grc' dir='ltr'>τυχὸν</span> <span class='ocrx_word' id='word_1_496' title='bbox 1549 1360 1645 1390; x_wconf 80' lang='grc' dir='ltr'>νοοῖτο,</span> <span class='ocrx_word' id='word_1_497' title='bbox 1662 1358 1715 1385; x_wconf 75' lang='grc' dir='ltr'>κᾶν</span> <span class='ocrx_word' id='word_1_498' title='bbox 1740 1358 1765 1383; x_wconf 84' lang='grc' dir='ltr'>ει</span> <span class='ocrx_word' id='word_1_499' title='bbox 1787 1357 1832 1383; x_wconf 75' lang='grc' dir='ltr'>ἐπ’</span> 
     </span>
    </p>
   </div>
   <div class='ocr_carea' id='block_1_71' title="bbox 1037 1402 1832 1440">
    <p class='ocr_par' dir='ltr' id='par_1_71' title="bbox 1037 1402 1832 1440">
     <span class='ocr_line' id='line_1_71' title="bbox 1037 1402 1832 1440; baseline -0.005 -6"><span class='ocrx_word' id='word_1_500' title='bbox 1037 1408 1127 1434; x_wconf 80' lang='grc' dir='ltr'>αὐτῶν</span> <span class='ocrx_word' id='word_1_501' title='bbox 1142 1408 1229 1434; x_wconf 79' lang='grc' dir='ltr'>ἓλοιτό</span> <span class='ocrx_word' id='word_1_502' title='bbox 1242 1416 1284 1439; x_wconf 79' lang='grc' dir='ltr'>τις</span> <span class='ocrx_word' id='word_1_503' title='bbox 1300 1407 1355 1434; x_wconf 82' lang='grc' dir='ltr'>τῶν</span> <span class='ocrx_word' id='word_1_504' title='bbox 1367 1407 1555 1434; x_wconf 76' lang='grc' dir='ltr'>Βαϐυλωνίων.</span> <span class='ocrx_word' id='word_1_505' title='bbox 1585 1406 1629 1437; x_wconf 83' lang='grc' dir='ltr'>Ὠς</span> <span class='ocrx_word' id='word_1_506' title='bbox 1647 1405 1703 1440; x_wconf 80' lang='grc' dir='ltr'>γὰρ</span> <span class='ocrx_word' id='word_1_507' title='bbox 1718 1404 1769 1440; x_wconf 69' lang='grc' dir='ltr'>ἤδη</span> <span class='ocrx_word' id='word_1_508' title='bbox 1783 1402 1832 1430; x_wconf 74' lang='grc' dir='ltr'>τοῦ</span> 
     </span>
    </p>
   </div>
   <div class='ocr_carea' id='block_1_72' title="bbox 1037 1449 1833 1490">
    <p class='ocr_par' dir='ltr' id='par_1_72' title="bbox 1037 1449 1833 1490">
     <span class='ocr_line' id='line_1_72' title="bbox 1037 1449 1833 1490; baseline -0.008 -9"><span class='ocrx_word' id='word_1_509' title='bbox 1037 1455 1157 1490; x_wconf 78' lang='grc' dir='ltr'>πολέμου</span> <span class='ocrx_word' id='word_1_510' title='bbox 1177 1454 1324 1489; x_wconf 81' lang='grc' dir='ltr'>βεὸηκότος</span> <span class='ocrx_word' id='word_1_511' title='bbox 1347 1462 1376 1479; x_wconf 85' lang='grc' dir='ltr'>τε</span> <span class='ocrx_word' id='word_1_512' title='bbox 1395 1454 1460 1480; x_wconf 85' lang='grc' dir='ltr'>είσω</span> <span class='ocrx_word' id='word_1_513' title='bbox 1486 1451 1577 1487; x_wconf 81' lang='grc' dir='ltr'>θυρῶν</span> <span class='ocrx_word' id='word_1_514' title='bbox 1590 1472 1597 1483; x_wconf 94' lang='grc'>,</span> <span class='ocrx_word' id='word_1_515' title='bbox 1614 1451 1661 1477; x_wconf 76' lang='grc' dir='ltr'>καὶ</span> <span class='ocrx_word' id='word_1_516' title='bbox 1688 1449 1833 1486; x_wconf 78' lang='grc' dir='ltr'><strong>μονονουχὶ</strong></span> 
     </span>
    </p>
   </div>
   <div class='ocr_carea' id='block_1_73' title="bbox 1036 1496 1833 1535">
    <p class='ocr_par' dir='ltr' id='par_1_73' title="bbox 1036 1496 1833 1535">
     <span class='ocr_line' id='line_1_73' title="bbox 1036 1496 1833 1535; baseline -0.009 -7"><span class='ocrx_word' id='word_1_517' title='bbox 1036 1500 1107 1528; x_wconf 78' lang='grc' dir='ltr'>κατὰ</span> <span class='ocrx_word' id='word_1_518' title='bbox 1124 1501 1212 1527; x_wconf 80' lang='grc' dir='ltr'>πᾶσαν</span> <span class='ocrx_word' id='word_1_519' title='bbox 1225 1501 1274 1535; x_wconf 77' lang='grc' dir='ltr'>τὴν</span> <span class='ocrx_word' id='word_1_520' title='bbox 1289 1499 1368 1532; x_wconf 90' lang='grc' dir='ltr'>Σιὼν,</span> <span class='ocrx_word' id='word_1_521' title='bbox 1382 1500 1470 1535; x_wconf 72' lang='grc' dir='ltr'>ἠγουν·</span> <span class='ocrx_word' id='word_1_522' title='bbox 1484 1499 1513 1525; x_wconf 74' lang='grc' dir='ltr'>ἐν</span> <span class='ocrx_word' id='word_1_523' title='bbox 1531 1498 1578 1533; x_wconf 80' lang='grc' dir='ltr'>ὅλῃ</span> <span class='ocrx_word' id='word_1_524' title='bbox 1600 1499 1632 1533; x_wconf 84' lang='grc' dir='ltr'>τῇ</span> <span class='ocrx_word' id='word_1_525' title='bbox 1654 1496 1769 1531; x_wconf 76' lang='grc' dir='ltr'>Ἰουδαίᾳ</span> <span class='ocrx_word' id='word_1_526' title='bbox 1782 1503 1833 1521; x_wconf 80' lang='grc' dir='ltr'>πε-</span> 
     </span>
    </p>
   </div>
   <div class='ocr_carea' id='block_1_74' title="bbox 1036 1537 1832 1583">
    <p class='ocr_par' dir='ltr' id='par_1_74' title="bbox 1036 1537 1832 1583">
     <span class='ocr_line' id='line_1_74' title="bbox 1036 1537 1832 1583; baseline -0.006 -10"><span class='ocrx_word' id='word_1_527' title='bbox 1036 1537 1247 1583; x_wconf 67' lang='grc' dir='ltr'>ριηγγελμένου,</span> <span class='ocrx_word' id='word_1_528' title='bbox 1263 1543 1311 1574; x_wconf 75' lang='grc' dir='ltr'>καὶ</span> <span class='ocrx_word' id='word_1_529' title='bbox 1335 1545 1461 1581; x_wconf 78' lang='grc' dir='ltr'>θορύϐου,</span> <span class='ocrx_word' id='word_1_530' title='bbox 1479 1545 1525 1571; x_wconf 80' lang='grc' dir='ltr'>καὶ</span> <span class='ocrx_word' id='word_1_531' title='bbox 1548 1543 1684 1579; x_wconf 83' lang='grc' dir='ltr'>δειμάτων</span> <span class='ocrx_word' id='word_1_532' title='bbox 1705 1542 1832 1578; x_wconf 64' lang='grc' dir='ltr'>ἀναπληε</span> 
     </span>
    </p>
   </div>
   <div class='ocr_carea' id='block_1_75' title="bbox 1036 1588 1832 1627">
    <p class='ocr_par' dir='ltr' id='par_1_75' title="bbox 1036 1588 1832 1627">
     <span class='ocr_line' id='line_1_75' title="bbox 1036 1588 1832 1627; baseline -0.005 -9"><span class='ocrx_word' id='word_1_533' title='bbox 1036 1592 1132 1627; x_wconf 77' lang='grc' dir='ltr'>σθῆναι</span> <span class='ocrx_word' id='word_1_534' title='bbox 1146 1591 1194 1627; x_wconf 85' lang='grc' dir='ltr'>τὴν</span> <span class='ocrx_word' id='word_1_535' title='bbox 1209 1591 1284 1618; x_wconf 86' lang='grc' dir='ltr'>πόλιν</span> <span class='ocrx_word' id='word_1_536' title='bbox 1299 1591 1393 1627; x_wconf 82' lang='grc' dir='ltr'>φησιν·</span> <span class='ocrx_word' id='word_1_537' title='bbox 1409 1599 1417 1616; x_wconf 77' lang='grc' dir='ltr'>ι</span> <span class='ocrx_word' id='word_1_538' title='bbox 1433 1589 1554 1625; x_wconf 81' lang='grc' dir='ltr'>Πάρεστι</span> <span class='ocrx_word' id='word_1_539' title='bbox 1567 1589 1621 1624; x_wconf 88' lang='grc' dir='ltr'>γὰρ</span> <span class='ocrx_word' id='word_1_540' title='bbox 1633 1590 1650 1624; x_wconf 81' lang='grc' dir='ltr'>ἡ</span> <span class='ocrx_word' id='word_1_541' title='bbox 1669 1588 1761 1624; x_wconf 83' lang='grc' dir='ltr'>ἡμέρα</span> <span class='ocrx_word' id='word_1_542' title='bbox 1771 1588 1832 1615; x_wconf 82' lang='grc' dir='ltr'>Κυ-</span> 
     </span>
    </p>
   </div>
   <div class='ocr_carea' id='block_1_76' title="bbox 1034 1635 1831 1674">
    <p class='ocr_par' dir='ltr' id='par_1_76' title="bbox 1034 1635 1831 1674">
     <span class='ocr_line' id='line_1_76' title="bbox 1034 1635 1831 1674; baseline -0.005 -9"><span class='ocrx_word' id='word_1_543' title='bbox 1034 1639 1091 1674; x_wconf 90' lang='grc' dir='ltr'>ρίου</span> <span class='ocrx_word' id='word_1_544' title='bbox 1107 1646 1114 1654; x_wconf 85' lang='lat'>&#39;</span> <span class='ocrx_word' id='word_1_545' title='bbox 1132 1648 1142 1665; x_wconf 71' lang='grc' dir='ltr'>ι</span> <span class='ocrx_word' id='word_1_546' title='bbox 1161 1638 1312 1670; x_wconf 80' lang='grc' dir='ltr'>τουτέστιν,</span> <span class='ocrx_word' id='word_1_547' title='bbox 1332 1637 1425 1664; x_wconf 82' lang='grc' dir='ltr'>οὐκέτι</span> <span class='ocrx_word' id='word_1_548' title='bbox 1453 1636 1652 1672; x_wconf 81' lang='grc' dir='ltr'>προαγόρευοις</span> <span class='ocrx_word' id='word_1_549' title='bbox 1675 1635 1706 1662; x_wconf 82' lang='grc' dir='ltr'>τὸ</span> <span class='ocrx_word' id='word_1_550' title='bbox 1732 1635 1831 1670; x_wconf 77' lang='grc' dir='ltr'>χρῆμα</span> 
     </span>
    </p>
   </div>
   <div class='ocr_carea' id='block_1_77' title="bbox 1033 1681 1831 1720">
    <p class='ocr_par' dir='ltr' id='par_1_77' title="bbox 1033 1681 1831 1720">
     <span class='ocr_line' id='line_1_77' title="bbox 1033 1681 1831 1720; baseline -0.005 -9"><span class='ocrx_word' id='word_1_551' title='bbox 1033 1685 1124 1720; x_wconf 81' lang='grc' dir='ltr'>μόνον,</span> <span class='ocrx_word' id='word_1_552' title='bbox 1140 1684 1198 1710; x_wconf 82' lang='grc' dir='ltr'>ἀλλ’</span> <span class='ocrx_word' id='word_1_553' title='bbox 1215 1684 1252 1716; x_wconf 83' lang='grc' dir='ltr'>ὠς</span> <span class='ocrx_word' id='word_1_554' title='bbox 1269 1684 1298 1710; x_wconf 81' lang='grc' dir='ltr'><strong>ὲν</strong></span> <span class='ocrx_word' id='word_1_555' title='bbox 1312 1683 1372 1718; x_wconf 50' lang='lat' dir='ltr'>(taliet</span> <span class='ocrx_word' id='word_1_556' title='bbox 1388 1683 1423 1710; x_wconf 83' lang='grc' dir='ltr'>τὰ</span> <span class='ocrx_word' id='word_1_557' title='bbox 1439 1683 1538 1715; x_wconf 78' lang='grc' dir='ltr'>πάντα,</span> <span class='ocrx_word' id='word_1_558' title='bbox 1555 1682 1603 1710; x_wconf 77' lang='grc' dir='ltr'>καὶ</span> <span class='ocrx_word' id='word_1_559' title='bbox 1622 1682 1651 1709; x_wconf 80' lang='grc' dir='ltr'>ὲν</span> <span class='ocrx_word' id='word_1_560' title='bbox 1671 1681 1767 1714; x_wconf 83' lang='grc' dir='ltr'>αὑταῖς</span> <span class='ocrx_word' id='word_1_561' title='bbox 1782 1689 1831 1716; x_wconf 79' lang='grc' dir='ltr'>γε-</span> 
     </span>
    </p>
   </div>
   <div class='ocr_carea' id='block_1_78' title="bbox 1031 1728 1829 1766">
    <p class='ocr_par' dir='ltr' id='par_1_78' title="bbox 1031 1728 1829 1766">
     <span class='ocr_line' id='line_1_78' title="bbox 1031 1728 1829 1766; baseline -0.004 -9"><span class='ocrx_word' id='word_1_562' title='bbox 1031 1731 1126 1765; x_wconf 86' lang='grc' dir='ltr'>γόνασι</span> <span class='ocrx_word' id='word_1_563' title='bbox 1140 1732 1199 1762; x_wconf 81' lang='grc' dir='ltr'>ταῖς</span> <span class='ocrx_word' id='word_1_564' title='bbox 1215 1730 1324 1766; x_wconf 77' lang='grc' dir='ltr'>πείραις</span> <span class='ocrx_word' id='word_1_565' title='bbox 1339 1730 1394 1756; x_wconf 83' lang='grc' dir='ltr'>τῶν</span> <span class='ocrx_word' id='word_1_566' title='bbox 1409 1729 1492 1756; x_wconf 76' lang='grc' dir='ltr'>πάλαι</span> <span class='ocrx_word' id='word_1_567' title='bbox 1511 1729 1754 1764; x_wconf 82' lang='grc' dir='ltr'>προηγγελμένων,</span> <span class='ocrx_word' id='word_1_568' title='bbox 1779 1728 1829 1760; x_wconf 78' lang='grc' dir='ltr'>οὓς</span> 
     </span>
    </p>
   </div>
   <div class='ocr_carea' id='block_1_79' title="bbox 1029 1773 1828 1812">
    <p class='ocr_par' dir='ltr' id='par_1_79' title="bbox 1029 1773 1828 1812">
     <span class='ocr_line' id='line_1_79' title="bbox 1029 1773 1828 1812; baseline -0.004 -9"><span class='ocrx_word' id='word_1_569' title='bbox 1029 1775 1064 1812; x_wconf 83' lang='grc' dir='ltr'>ἦν</span> <span class='ocrx_word' id='word_1_570' title='bbox 1076 1778 1187 1812; x_wconf 82' lang='grc' dir='ltr'>ἄμεινον</span> <span class='ocrx_word' id='word_1_571' title='bbox 1204 1776 1275 1803; x_wconf 75' lang='grc' dir='ltr'>κατὰ</span> <span class='ocrx_word' id='word_1_572' title='bbox 1296 1776 1365 1802; x_wconf 82' lang='grc' dir='ltr'>πολὺ</span> <span class='ocrx_word' id='word_1_573' title='bbox 1391 1776 1557 1811; x_wconf 72' lang='grc' dir='ltr'>μεταφοιτᾷν</span> <span class='ocrx_word' id='word_1_574' title='bbox 1576 1774 1684 1801; x_wconf 73' lang='grc' dir='ltr'>ἑλέσθαι</span> <span class='ocrx_word' id='word_1_575' title='bbox 1702 1774 1773 1809; x_wconf 79' lang='grc' dir='ltr'>πρὸς</span> <span class='ocrx_word' id='word_1_576' title='bbox 1792 1773 1828 1800; x_wconf 61' lang='grc' dir='ltr'>τὰ</span> 
     </span>
    </p>
   </div>
   <div class='ocr_carea' id='block_1_80' title="bbox 1032 1816 1827 1857">
    <p class='ocr_par' dir='ltr' id='par_1_80' title="bbox 1032 1816 1827 1857">
     <span class='ocr_line' id='line_1_80' title="bbox 1032 1816 1827 1857; baseline -0.003 -9"><span class='ocrx_word' id='word_1_577' title='bbox 1032 1822 1139 1857; x_wconf 83' lang='grc' dir='ltr'>βελτίω,</span> <span class='ocrx_word' id='word_1_578' title='bbox 1159 1822 1204 1848; x_wconf 71' lang='grc' dir='ltr'>καὶ</span> <span class='ocrx_word' id='word_1_579' title='bbox 1218 1822 1271 1857; x_wconf 75' lang='grc' dir='ltr'>πρὸ</span> <span class='ocrx_word' id='word_1_580' title='bbox 1290 1821 1386 1855; x_wconf 81' lang='grc' dir='ltr'>ἐφόδου</span> <span class='ocrx_word' id='word_1_581' title='bbox 1400 1822 1447 1848; x_wconf 78' lang='grc' dir='ltr'>καὶ</span> <span class='ocrx_word' id='word_1_582' title='bbox 1461 1816 1625 1856; x_wconf 66' lang='grc' dir='ltr'>⁴Ξιοιρουσίας,</span> <span class='ocrx_word' id='word_1_583' title='bbox 1641 1820 1689 1855; x_wconf 85' lang='grc' dir='ltr'>τὴν</span> <span class='ocrx_word' id='word_1_584' title='bbox 1703 1820 1758 1846; x_wconf 86' lang='grc' dir='ltr'>τῶν</span> <span class='ocrx_word' id='word_1_585' title='bbox 1774 1827 1827 1846; x_wconf 81' lang='grc' dir='ltr'>κα-</span> 
     </span>
    </p>
   </div>
   <div class='ocr_carea' id='block_1_81' title="bbox 1032 1865 1828 1902">
    <p class='ocr_par' dir='ltr' id='par_1_81' title="bbox 1032 1865 1828 1902">
     <span class='ocr_line' id='line_1_81' title="bbox 1032 1865 1828 1902; baseline -0.004 -8"><span class='ocrx_word' id='word_1_586' title='bbox 1032 1867 1087 1894; x_wconf 87' lang='grc' dir='ltr'>κῶν</span> <span class='ocrx_word' id='word_1_587' title='bbox 1101 1867 1276 1894; x_wconf 78' lang='grc' dir='ltr'>ἀποσείεσθαι</span> <span class='ocrx_word' id='word_1_588' title='bbox 1291 1867 1431 1902; x_wconf 84' lang='grc' dir='ltr'>φροντίδα.</span> <span class='ocrx_word' id='word_1_589' title='bbox 1448 1866 1552 1894; x_wconf 80' lang='grc' dir='ltr'>Οὐκοῦν</span> <span class='ocrx_word' id='word_1_590' title='bbox 1570 1866 1637 1901; x_wconf 83' lang='grc' dir='ltr'>πρὸς</span> <span class='ocrx_word' id='word_1_591' title='bbox 1653 1865 1828 1901; x_wconf 71' lang='grc' dir='ltr'>μετάγνωσιν</span> 
     </span>
    </p>
   </div>
   <div class='ocr_carea' id='block_1_82' title="bbox 1030 1912 1825 1948">
    <p class='ocr_par' dir='ltr' id='par_1_82' title="bbox 1030 1912 1825 1948">
     <span class='ocr_line' id='line_1_82' title="bbox 1030 1912 1825 1948; baseline -0.003 -8"><span class='ocrx_word' id='word_1_592' title='bbox 1030 1913 1161 1940; x_wconf 82' lang='grc' dir='ltr'>ἁλύεσθαι</span> <span class='ocrx_word' id='word_1_593' title='bbox 1172 1913 1222 1939; x_wconf 85' lang='grc' dir='ltr'>οὐκ</span> <span class='ocrx_word' id='word_1_594' title='bbox 1233 1913 1267 1947; x_wconf 78' lang='grc' dir='ltr'>ἐᾷ</span> <span class='ocrx_word' id='word_1_595' title='bbox 1277 1920 1284 1927; x_wconf 87' lang='grc'>⁶</span> <span class='ocrx_word' id='word_1_596' title='bbox 1303 1913 1447 1947; x_wconf 84' lang='grc' dir='ltr'>μεθιέντας</span> <span class='ocrx_word' id='word_1_597' title='bbox 1457 1912 1485 1939; x_wconf 81' lang='grc' dir='ltr'>δὲ</span> <span class='ocrx_word' id='word_1_598' title='bbox 1497 1913 1591 1948; x_wconf 81' lang='grc' dir='ltr'>ὥσπερ</span> <span class='ocrx_word' id='word_1_599' title='bbox 1606 1912 1635 1939; x_wconf 82' lang='grc' dir='ltr'>τὺ</span> <span class='ocrx_word' id='word_1_600' title='bbox 1648 1912 1698 1947; x_wconf 83' lang='grc' dir='ltr'>τῆς</span> <span class='ocrx_word' id='word_1_601' title='bbox 1708 1912 1825 1948; x_wconf 84' lang='grc' dir='ltr'>γνώμης</span> 
     </span>
    </p>
   </div>
   <div class='ocr_carea' id='block_1_83' title="bbox 1028 1958 1826 1994">
    <p class='ocr_par' dir='ltr' id='par_1_83' title="bbox 1028 1958 1826 1994">
     <span class='ocr_line' id='line_1_83' title="bbox 1028 1958 1826 1994; baseline -0.004 -8"><span class='ocrx_word' id='word_1_602' title='bbox 1028 1958 1226 1990; x_wconf 78' lang='grc' dir='ltr'>ἀναπεπτωκὸς</span> <span class='ocrx_word' id='word_1_603' title='bbox 1245 1959 1293 1985; x_wconf 65' lang='grc' dir='ltr'>καὶ</span> <span class='ocrx_word' id='word_1_604' title='bbox 1309 1958 1338 1985; x_wconf 84' lang='grc' dir='ltr'>τὸ</span> <span class='ocrx_word' id='word_1_605' title='bbox 1364 1958 1485 1994; x_wconf 76' lang='grc' dir='ltr'>ῥᾴθυμον</span> <span class='ocrx_word' id='word_1_606' title='bbox 1497 1978 1505 1989; x_wconf 86' lang='grc'>,</span> <span class='ocrx_word' id='word_1_607' title='bbox 1524 1959 1563 1990; x_wconf 81' lang='grc' dir='ltr'>είς</span> <span class='ocrx_word' id='word_1_608' title='bbox 1592 1958 1738 1994; x_wconf 83' lang='grc' dir='ltr'>φιλεργίας</span> <span class='ocrx_word' id='word_1_609' title='bbox 1756 1958 1826 1984; x_wconf 81' lang='grc' dir='ltr'>ἰέναι</span> 
     </span>
    </p>
   </div>
   <div class='ocr_carea' id='block_1_84' title="bbox 1028 2003 1826 2041">
    <p class='ocr_par' dir='ltr' id='par_1_84' title="bbox 1028 2003 1826 2041">
     <span class='ocr_line' id='line_1_84' title="bbox 1028 2003 1826 2041; baseline -0.004 -9"><span class='ocrx_word' id='word_1_610' title='bbox 1028 2005 1136 2032; x_wconf 82' lang='grc' dir='ltr'>κελεύει</span> <span class='ocrx_word' id='word_1_611' title='bbox 1148 2004 1265 2041; x_wconf 88' lang='grc' dir='ltr'>γοργῶς,</span> <span class='ocrx_word' id='word_1_612' title='bbox 1277 2006 1323 2031; x_wconf 77' lang='grc' dir='ltr'>καὶ</span> <span class='ocrx_word' id='word_1_613' title='bbox 1334 2005 1378 2030; x_wconf 84' lang='grc' dir='ltr'>ὲπι</span> <span class='ocrx_word' id='word_1_614' title='bbox 1389 2012 1420 2038; x_wconf 86' lang='grc' dir='ltr'>γε</span> <span class='ocrx_word' id='word_1_615' title='bbox 1429 2003 1460 2030; x_wconf 79' lang='grc' dir='ltr'>τὸ</span> <span class='ocrx_word' id='word_1_616' title='bbox 1470 2003 1612 2038; x_wconf 79' lang='grc' dir='ltr'>βούλεσθαι</span> <span class='ocrx_word' id='word_1_617' title='bbox 1625 2004 1717 2038; x_wconf 86' lang='grc' dir='ltr'>σφίσιν</span> <span class='ocrx_word' id='word_1_618' title='bbox 1731 2003 1826 2034; x_wconf 82' lang='grc' dir='ltr'>αὐτοῖς</span> 
     </span>
    </p>
   </div>
   <div class='ocr_carea' id='block_1_85' title="bbox 1029 2043 1826 2086">
    <p class='ocr_par' dir='ltr' id='par_1_85' title="bbox 1029 2043 1826 2086">
     <span class='ocr_line' id='line_1_85' title="bbox 1029 2043 1826 2086; baseline -0.004 -8"><span class='ocrx_word' id='word_1_619' title='bbox 1029 2051 1167 2086; x_wconf 80' lang='grc' dir='ltr'>ὲπαμύναι</span> <span class='ocrx_word' id='word_1_620' title='bbox 1190 2050 1318 2085; x_wconf 86' lang='grc' dir='ltr'>γενικῶς,</span> <span class='ocrx_word' id='word_1_621' title='bbox 1344 2050 1404 2085; x_wconf 83' lang='grc' dir='ltr'>Θεῷ</span> <span class='ocrx_word' id='word_1_622' title='bbox 1419 2043 1538 2086; x_wconf 66' lang='grc' dir='ltr'>δηλονότι</span> <span class='ocrx_word' id='word_1_623' title='bbox 1555 2049 1750 2085; x_wconf 83' lang='grc' dir='ltr'>προσθέοντας,</span> <span class='ocrx_word' id='word_1_624' title='bbox 1770 2048 1826 2076; x_wconf 73' lang='grc' dir='ltr'>τῶν</span> 
     </span>
    </p>
   </div>
   <div class='ocr_carea' id='block_1_86' title="bbox 1027 2095 1825 2132">
    <p class='ocr_par' dir='ltr' id='par_1_86' title="bbox 1027 2095 1825 2132">
     <span class='ocr_line' id='line_1_86' title="bbox 1027 2095 1825 2132; baseline -0.001 -9"><span class='ocrx_word' id='word_1_625' title='bbox 1027 2097 1151 2132; x_wconf 83' lang='grc' dir='ltr'>ἀρχαίων</span> <span class='ocrx_word' id='word_1_626' title='bbox 1167 2097 1338 2132; x_wconf 80' lang='grc' dir='ltr'>αἰτιαμάτων</span> <span class='ocrx_word' id='word_1_627' title='bbox 1348 2096 1529 2130; x_wconf 78' lang='grc' dir='ltr'>ἀφανίζοντας</span> <span class='ocrx_word' id='word_1_628' title='bbox 1540 2095 1573 2123; x_wconf 82' lang='grc' dir='ltr'>τὰ</span> <span class='ocrx_word' id='word_1_629' title='bbox 1587 2096 1751 2131; x_wconf 70' lang='grc' dir='ltr'>ἐγκλήματα</span> <span class='ocrx_word' id='word_1_630' title='bbox 1763 2097 1825 2126; x_wconf 79' lang='grc' dir='ltr'>ταῖς</span> 
     </span>
    </p>
   </div>
   <div class='ocr_carea' id='block_1_87' title="bbox 1027 2141 1825 2178">
    <p class='ocr_par' dir='ltr' id='par_1_87' title="bbox 1027 2141 1825 2178">
     <span class='ocr_line' id='line_1_87' title="bbox 1027 2141 1825 2178; baseline 0 -10"><span class='ocrx_word' id='word_1_631' title='bbox 1027 2142 1081 2168; x_wconf 85' lang='grc' dir='ltr'>τῶν</span> <span class='ocrx_word' id='word_1_632' title='bbox 1105 2143 1256 2178; x_wconf 82' lang='grc' dir='ltr'>ἀμεινόνων</span> <span class='ocrx_word' id='word_1_633' title='bbox 1279 2144 1446 2176; x_wconf 72' lang='grc' dir='ltr'>ἐπαγωγαῖς.</span> <span class='ocrx_word' id='word_1_634' title='bbox 1475 2142 1610 2178; x_wconf 85' lang='grc' dir='ltr'>Ταύτῃτοί</span> <span class='ocrx_word' id='word_1_635' title='bbox 1631 2150 1714 2176; x_wconf 87' lang='grc' dir='ltr'>φησιν</span> <span class='ocrx_word' id='word_1_636' title='bbox 1737 2141 1825 2176; x_wconf 73' lang='grc' dir='ltr'>ἐγγὺς</span> 
     </span>
    </p>
   </div>
   <div class='ocr_carea' id='block_1_88' title="bbox 1028 2186 1825 2224">
    <p class='ocr_par' dir='ltr' id='par_1_88' title="bbox 1028 2186 1825 2224">
     <span class='ocr_line' id='line_1_88' title="bbox 1028 2186 1825 2224; baseline -0.003 -10"><span class='ocrx_word' id='word_1_637' title='bbox 1028 2186 1096 2214; x_wconf 73' lang='grc' dir='ltr'>εἶναι</span> <span class='ocrx_word' id='word_1_638' title='bbox 1108 2188 1157 2224; x_wconf 80' lang='grc' dir='ltr'>τὴν</span> <span class='ocrx_word' id='word_1_639' title='bbox 1169 2188 1276 2224; x_wconf 81' lang='grc' dir='ltr'>ἡμέραν</span> <span class='ocrx_word' id='word_1_640' title='bbox 1290 2189 1405 2224; x_wconf 82' lang='grc' dir='ltr'>Κυρίου,</span> <span class='ocrx_word' id='word_1_641' title='bbox 1421 2188 1482 2215; x_wconf 81' lang='grc' dir='ltr'>καθ’</span> <span class='ocrx_word' id='word_1_642' title='bbox 1495 2188 1529 2223; x_wconf 80' lang='grc' dir='ltr'>ἦν</span> <span class='ocrx_word' id='word_1_643' title='bbox 1548 2187 1655 2214; x_wconf 78' lang='grc' dir='ltr'>ἔσονται</span> <span class='ocrx_word' id='word_1_644' title='bbox 1675 2186 1726 2222; x_wconf 82' lang='grc' dir='ltr'>μὲν</span> <span class='ocrx_word' id='word_1_645' title='bbox 1741 2187 1779 2218; x_wconf 84' lang='grc' dir='ltr'>ὡς</span> <span class='ocrx_word' id='word_1_646' title='bbox 1794 2187 1825 2213; x_wconf 77' lang='grc' dir='ltr'>ὲν</span> 
     </span>
    </p>
   </div>
   <div class='ocr_carea' id='block_1_89' title="bbox 184 2229 982 2269">
    <p class='ocr_par' dir='ltr' id='par_1_89' title="bbox 184 2229 975 2265">
     <span class='ocr_line' id='line_1_89' title="bbox 184 2229 975 2265; baseline 0 -7"><span class='ocrx_word' id='word_1_647' title='bbox 184 2239 199 2258; x_wconf 88' lang='lat' dir='ltr'>a</span> <span class='ocrx_word' id='word_1_648' title='bbox 216 2231 317 2259; x_wconf 88' lang='lat' dir='ltr'>locusta</span> <span class='ocrx_word' id='word_1_649' title='bbox 332 2232 520 2264; x_wconf 86' lang='lat' dir='ltr'>invehendam,</span> <span class='ocrx_word' id='word_1_650' title='bbox 538 2231 595 2258; x_wconf 85' lang='lat' dir='ltr'>sive</span> <span class='ocrx_word' id='word_1_651' title='bbox 608 2238 641 2258; x_wconf 89' lang='lat' dir='ltr'>ex</span> <span class='ocrx_word' id='word_1_652' title='bbox 657 2229 828 2265; x_wconf 80' lang='lat' dir='ltr'>Assyriorum</span> <span class='ocrx_word' id='word_1_653' title='bbox 860 2230 975 2265; x_wconf 83' lang='lat' dir='ltr'>impres-</span> 
     </span>
    </p>
   </div>
   <div class='ocr_carea' id='block_1_90' title="bbox 1042 2229 1825 2269">
    <p class='ocr_par' dir='ltr' id='par_1_90' title="bbox 1045 2232 1825 2269">
     <span class='ocr_line' id='line_1_90' title="bbox 1045 2232 1825 2269; baseline 0 -11"><span class='ocrx_word' id='word_1_654' title='bbox 1045 2232 1126 2268; x_wconf 83' lang='grc' dir='ltr'>μίχλῃ</span> <span class='ocrx_word' id='word_1_655' title='bbox 1149 2233 1195 2259; x_wconf 75' lang='grc' dir='ltr'>καὶ</span> <span class='ocrx_word' id='word_1_656' title='bbox 1210 2234 1309 2269; x_wconf 81' lang='grc' dir='ltr'>σκότῳ,</span> <span class='ocrx_word' id='word_1_657' title='bbox 1322 2234 1366 2260; x_wconf 82' lang='grc' dir='ltr'>τὸν</span> <span class='ocrx_word' id='word_1_658' title='bbox 1377 2235 1409 2261; x_wconf 78' lang='grc' dir='ltr'>ἐκ</span> <span class='ocrx_word' id='word_1_659' title='bbox 1419 2234 1469 2269; x_wconf 80' lang='grc' dir='ltr'>τῆς</span> <span class='ocrx_word' id='word_1_660' title='bbox 1480 2233 1590 2269; x_wconf 81' lang='grc' dir='ltr'>ἀκρίδος</span> <span class='ocrx_word' id='word_1_661' title='bbox 1602 2233 1718 2264; x_wconf 80' lang='grc' dir='ltr'>δεδιότες</span> <span class='ocrx_word' id='word_1_662' title='bbox 1732 2232 1825 2268; x_wconf 80' lang='grc' dir='ltr'>λιμὸν,</span> 
     </span>
    </p>
   </div>
   <div class='ocr_carea' id='block_1_91' title="bbox 184 2273 973 2311">
    <p class='ocr_par' dir='ltr' id='par_1_91' title="bbox 184 2273 973 2311">
     <span class='ocr_line' id='line_1_91' title="bbox 184 2273 973 2311; baseline 0 -8"><span class='ocrx_word' id='word_1_663' title='bbox 184 2277 259 2304; x_wconf 84' lang='lat' dir='ltr'>sione</span> <span class='ocrx_word' id='word_1_664' title='bbox 269 2284 347 2311; x_wconf 84' lang='lat' dir='ltr'>supra</span> <span class='ocrx_word' id='word_1_665' title='bbox 361 2281 441 2310; x_wconf 85' lang='lat' dir='ltr'>caput</span> <span class='ocrx_word' id='word_1_666' title='bbox 456 2276 521 2310; x_wconf 79' lang='lat' dir='ltr'>ipsis</span> <span class='ocrx_word' id='word_1_667' title='bbox 533 2279 666 2302; x_wconf 81' lang='lat' dir='ltr'>astantem</span> <span class='ocrx_word' id='word_1_668' title='bbox 677 2273 858 2302; x_wconf 83' lang='lat' dir='ltr'>calamitatem</span> <span class='ocrx_word' id='word_1_669' title='bbox 870 2280 897 2302; x_wconf 78' lang='lat' dir='ltr'>et</span> <span class='ocrx_word' id='word_1_670' title='bbox 911 2282 973 2310; x_wconf 87' lang='lat' dir='ltr'>pcr-</span> 
     </span>
    </p>
   </div>
   <div class='ocr_carea' id='block_1_92' title="bbox 184 2322 461 2349">
    <p class='ocr_par' dir='ltr' id='par_1_92' title="bbox 184 2322 461 2349">
     <span class='ocr_line' id='line_1_92' title="bbox 184 2322 461 2349; baseline -0.004 0"><span class='ocrx_word' id='word_1_671' title='bbox 184 2322 282 2349; x_wconf 85' lang='lat' dir='ltr'>niciem</span> <span class='ocrx_word' id='word_1_672' title='bbox 303 2326 461 2349; x_wconf 83' lang='lat' dir='ltr'>metuentes.</span> 
     </span>
    </p>
   </div>
   <div class='ocr_carea' id='block_1_93' title="bbox 222 2367 974 2402">
    <p class='ocr_par' dir='ltr' id='par_1_93' title="bbox 222 2367 974 2402">
     <span class='ocr_line' id='line_1_93' title="bbox 222 2367 974 2402; baseline 0 -7"><span class='ocrx_word' id='word_1_673' title='bbox 222 2367 300 2396; x_wconf 73' lang='lat' dir='ltr'>Vsus.</span> <span class='ocrx_word' id='word_1_674' title='bbox 315 2368 342 2400; x_wconf 72' lang='grc' dir='ltr'>Ξ,</span> <span class='ocrx_word' id='word_1_675' title='bbox 362 2368 389 2396; x_wconf 82' lang='lat'>5.</span> <span class='ocrx_word' id='word_1_676' title='bbox 410 2368 484 2395; x_wconf 85' lang='lat' dir='ltr'>Sicut</span> <span class='ocrx_word' id='word_1_677' title='bbox 510 2375 585 2394; x_wconf 84' lang='lat' dir='ltr'>mane</span> <span class='ocrx_word' id='word_1_678' title='bbox 605 2367 730 2402; x_wconf 74' lang='lat' dir='ltr'>fundatur</span> <span class='ocrx_word' id='word_1_679' title='bbox 763 2377 841 2402; x_wconf 77' lang='lat' dir='ltr'>super</span> <span class='ocrx_word' id='word_1_680' title='bbox 873 2373 974 2396; x_wconf 76' lang='lat' dir='ltr'>montes</span> 
     </span>
    </p>
   </div>
   <div class='ocr_carea' id='block_1_94' title="bbox 183 2413 974 2449">
    <p class='ocr_par' dir='ltr' id='par_1_94' title="bbox 183 2413 974 2449">
     <span class='ocr_line' id='line_1_94' title="bbox 183 2413 974 2449; baseline 0.001 -8"><span class='ocrx_word' id='word_1_681' title='bbox 183 2415 293 2449; x_wconf 74' lang='lat' dir='ltr'>populus</span> <span class='ocrx_word' id='word_1_682' title='bbox 309 2414 415 2445; x_wconf 68' lang='lat' dir='ltr'>multus,</span> <span class='ocrx_word' id='word_1_683' title='bbox 426 2418 449 2440; x_wconf 82' lang='lat' dir='ltr'>ct</span> <span class='ocrx_word' id='word_1_684' title='bbox 465 2414 559 2448; x_wconf 74' lang='lat' dir='ltr'>fortis;</span> <span class='ocrx_word' id='word_1_685' title='bbox 574 2413 667 2440; x_wconf 71' lang='lat' dir='ltr'>similis</span> <span class='ocrx_word' id='word_1_686' title='bbox 691 2415 715 2441; x_wconf 87' lang='lat' dir='ltr'>ei</span> <span class='ocrx_word' id='word_1_687' title='bbox 739 2423 791 2441; x_wconf 84' lang='lat' dir='ltr'>non</span> <span class='ocrx_word' id='word_1_688' title='bbox 810 2415 860 2449; x_wconf 81' lang='lat' dir='ltr'>fuit</span> <span class='ocrx_word' id='word_1_689' title='bbox 889 2424 906 2442; x_wconf 88' lang='lat' dir='ltr'>a</span> <span class='ocrx_word' id='word_1_690' title='bbox 923 2424 974 2442; x_wconf 77' lang='lat' dir='ltr'>sa:-</span> 
     </span>
    </p>
   </div>
   <div class='ocr_carea' id='block_1_95' title="bbox 181 2460 974 2495">
    <p class='ocr_par' dir='ltr' id='par_1_95' title="bbox 181 2460 974 2495">
     <span class='ocr_line' id='line_1_95' title="bbox 181 2460 974 2495; baseline 0.001 -8"><span class='ocrx_word' id='word_1_691' title='bbox 181 2461 252 2493; x_wconf 86' lang='lat' dir='ltr'>culo,</span> <span class='ocrx_word' id='word_1_692' title='bbox 265 2465 288 2488; x_wconf 86' lang='lat' dir='ltr'>et</span> <span class='ocrx_word' id='word_1_693' title='bbox 302 2465 358 2495; x_wconf 68' lang='lat' dir='ltr'>post</span> <span class='ocrx_word' id='word_1_694' title='bbox 377 2467 435 2486; x_wconf 82' lang='lat' dir='ltr'>eum</span> <span class='ocrx_word' id='word_1_695' title='bbox 451 2468 501 2486; x_wconf 86' lang='lat' dir='ltr'>nou</span> <span class='ocrx_word' id='word_1_696' title='bbox 515 2461 564 2486; x_wconf 81' lang='lat' dir='ltr'>erit</span> <span class='ocrx_word' id='word_1_697' title='bbox 590 2468 670 2494; x_wconf 74' lang='lat' dir='ltr'>usque</span> <span class='ocrx_word' id='word_1_698' title='bbox 689 2460 724 2486; x_wconf 82' lang='lat' dir='ltr'>ad</span> <span class='ocrx_word' id='word_1_699' title='bbox 737 2468 820 2487; x_wconf 73' lang='lat' dir='ltr'>annos</span> <span class='ocrx_word' id='word_1_700' title='bbox 837 2461 864 2488; x_wconf 78' lang='lat' dir='ltr'>in</span> <span class='ocrx_word' id='word_1_701' title='bbox 897 2469 974 2495; x_wconf 83' lang='lat' dir='ltr'>gene-</span> 
     </span>
    </p>
   </div>
   <div class='ocr_carea' id='block_1_96' title="bbox 183 2506 971 2541">
    <p class='ocr_par' dir='ltr' id='par_1_96' title="bbox 183 2506 971 2541">
     <span class='ocr_line' id='line_1_96' title="bbox 183 2506 971 2541; baseline -0.001 -7"><span class='ocrx_word' id='word_1_702' title='bbox 183 2509 298 2534; x_wconf 75' lang='lat' dir='ltr'>rationes</span> <span class='ocrx_word' id='word_1_703' title='bbox 331 2507 537 2541; x_wconf 78' lang='lat' dir='ltr'>genemtionum.</span> <span class='ocrx_word' id='word_1_704' title='bbox 555 2507 620 2533; x_wconf 79' lang='lat' dir='ltr'>Ante</span> <span class='ocrx_word' id='word_1_705' title='bbox 634 2514 692 2533; x_wconf 84' lang='lat' dir='ltr'>eum</span> <span class='ocrx_word' id='word_1_706' title='bbox 714 2506 781 2541; x_wconf 72' lang='lat' dir='ltr'>ignis</span> <span class='ocrx_word' id='word_1_707' title='bbox 805 2515 971 2538; x_wconf 69' lang='lat' dir='ltr'>consumens,</span> 
     </span>
    </p>
   </div>
   <div class='ocr_carea' id='block_1_97' title="bbox 182 2552 972 2588">
    <p class='ocr_par' dir='ltr' id='par_1_97' title="bbox 182 2552 972 2588">
     <span class='ocr_line' id='line_1_97' title="bbox 182 2552 972 2588; baseline -0.001 -8"><span class='ocrx_word' id='word_1_708' title='bbox 182 2559 207 2580; x_wconf 86' lang='lat' dir='ltr'>et</span> <span class='ocrx_word' id='word_1_709' title='bbox 222 2558 278 2587; x_wconf 70' lang='lat' dir='ltr'>post</span> <span class='ocrx_word' id='word_1_710' title='bbox 298 2561 356 2580; x_wconf 82' lang='lat' dir='ltr'>eum</span> <span class='ocrx_word' id='word_1_711' title='bbox 384 2561 507 2580; x_wconf 76' lang='lat' dir='ltr'>succensa</span> <span class='ocrx_word' id='word_1_712' title='bbox 528 2554 645 2588; x_wconf 83' lang='lat' dir='ltr'>ﬂamma.</span> <span class='ocrx_word' id='word_1_713' title='bbox 663 2552 735 2579; x_wconf 82' lang='lat' dir='ltr'>Sicut</span> <span class='ocrx_word' id='word_1_714' title='bbox 760 2554 900 2588; x_wconf 68' lang='lat' dir='ltr'>paradisus</span> <span class='ocrx_word' id='word_1_715' title='bbox 928 2561 972 2579; x_wconf 83' lang='lat' dir='ltr'>vo-</span> 
     </span>
    </p>
   </div>
   <div class='ocr_carea' id='block_1_98' title="bbox 182 2598 972 2633">
    <p class='ocr_par' dir='ltr' id='par_1_98' title="bbox 182 2598 972 2633">
     <span class='ocr_line' id='line_1_98' title="bbox 182 2598 972 2633; baseline 0 -9"><span class='ocrx_word' id='word_1_716' title='bbox 182 2599 289 2633; x_wconf 78' lang='lat' dir='ltr'>luptatis</span> <span class='ocrx_word' id='word_1_717' title='bbox 306 2602 377 2624; x_wconf 80' lang='lat' dir='ltr'>terra</span> <span class='ocrx_word' id='word_1_718' title='bbox 397 2604 457 2624; x_wconf 83' lang='lat' dir='ltr'>ante</span> <span class='ocrx_word' id='word_1_719' title='bbox 490 2598 583 2628; x_wconf 77' lang='lat' dir='ltr'>faciem</span> <span class='ocrx_word' id='word_1_720' title='bbox 615 2599 693 2633; x_wconf 77' lang='lat' dir='ltr'>ejus,</span> <span class='ocrx_word' id='word_1_721' title='bbox 721 2603 744 2624; x_wconf 85' lang='lat' dir='ltr'>et</span> <span class='ocrx_word' id='word_1_722' title='bbox 772 2599 923 2632; x_wconf 70' lang='lat' dir='ltr'>posteriora</span> <span class='ocrx_word' id='word_1_723' title='bbox 940 2598 972 2624; x_wconf 75' lang='lat' dir='ltr'>i1-</span> 
     </span>
    </p>
   </div>
   <div class='ocr_carea' id='block_1_99' title="bbox 181 2641 971 2677">
    <p class='ocr_par' dir='ltr' id='par_1_99' title="bbox 181 2641 971 2677">
     <span class='ocr_line' id='line_1_99' title="bbox 181 2641 971 2677; baseline 0.003 -9"><span class='ocrx_word' id='word_1_724' title='bbox 181 2642 234 2668; x_wconf 67' lang='lat' dir='ltr'>lius</span> <span class='ocrx_word' id='word_1_725' title='bbox 265 2641 332 2668; x_wconf 80' lang='lat' dir='ltr'>sicut</span> <span class='ocrx_word' id='word_1_726' title='bbox 360 2642 446 2677; x_wconf 81' lang='lat' dir='ltr'>campi</span> <span class='ocrx_word' id='word_1_727' title='bbox 469 2643 639 2670; x_wconf 75' lang='lat' dir='ltr'>desolationis</span> <span class='ocrx_word' id='word_1_728' title='bbox 652 2664 659 2677; x_wconf 93' lang='lat'>,</span> <span class='ocrx_word' id='word_1_729' title='bbox 675 2648 698 2670; x_wconf 85' lang='lat' dir='ltr'>et</span> <span class='ocrx_word' id='word_1_730' title='bbox 712 2643 832 2670; x_wconf 71' lang='lat' dir='ltr'>salvatus</span> <span class='ocrx_word' id='word_1_731' title='bbox 854 2651 905 2670; x_wconf 84' lang='lat' dir='ltr'>non</span> <span class='ocrx_word' id='word_1_732' title='bbox 921 2644 971 2670; x_wconf 83' lang='lat' dir='ltr'>erit</span> 
     </span>
    </p>
   </div>
   <div class='ocr_carea' id='block_1_100' title="bbox 180 2678 457 2716">
    <p class='ocr_par' dir='ltr' id='par_1_100' title="bbox 180 2678 457 2716">
     <span class='ocr_line' id='line_1_100' title="bbox 180 2678 457 2716; baseline 0.004 -2"><span class='ocrx_word' id='word_1_733' title='bbox 180 2688 216 2716; x_wconf 79' lang='lat' dir='ltr'>ei.</span> <span class='ocrx_word' id='word_1_734' title='bbox 298 2678 301 2681; x_wconf 24' lang='lat'><strong><em>1</em></strong></span> <span class='ocrx_word' id='word_1_735' title='bbox 454 2712 457 2715; x_wconf 92' lang='lat'>.</span> 
     </span>
    </p>
   </div>
   <div class='ocr_carea' id='block_1_101' title="bbox 216 2733 968 2771">
    <p class='ocr_par' dir='ltr' id='par_1_101' title="bbox 216 2733 968 2771">
     <span class='ocr_line' id='line_1_101' title="bbox 216 2733 968 2771; baseline -0.003 -9"><span class='ocrx_word' id='word_1_736' title='bbox 216 2733 286 2762; x_wconf 81' lang='lat' dir='ltr'>XVI.</span> <span class='ocrx_word' id='word_1_737' title='bbox 304 2735 381 2763; x_wconf 83' lang='lat' dir='ltr'>Mane</span> <span class='ocrx_word' id='word_1_738' title='bbox 396 2736 501 2763; x_wconf 90' lang='lat' dir='ltr'>videtur</span> <span class='ocrx_word' id='word_1_739' title='bbox 516 2735 653 2771; x_wconf 85' lang='lat' dir='ltr'>appellare</span> <span class='ocrx_word' id='word_1_740' title='bbox 678 2739 724 2762; x_wconf 86' lang='lat' dir='ltr'>aut</span> <span class='ocrx_word' id='word_1_741' title='bbox 742 2734 904 2762; x_wconf 89' lang='lat' dir='ltr'>matutinum</span> <span class='ocrx_word' id='word_1_742' title='bbox 923 2742 968 2760; x_wconf 88' lang='lat' dir='ltr'>ro-</span> 
     </span>
    </p>
   </div>
   <div class='ocr_carea' id='block_1_102' title="bbox 183 2780 968 2816">
    <p class='ocr_par' dir='ltr' id='par_1_102' title="bbox 183 2780 968 2816">
     <span class='ocr_line' id='line_1_102' title="bbox 183 2780 968 2816; baseline -0.001 -8"><span class='ocrx_word' id='word_1_743' title='bbox 183 2789 239 2808; x_wconf 83' lang='lat' dir='ltr'>rem</span> <span class='ocrx_word' id='word_1_744' title='bbox 255 2782 300 2816; x_wconf 87' lang='lat' dir='ltr'>qui</span> <span class='ocrx_word' id='word_1_745' title='bbox 320 2783 445 2810; x_wconf 86' lang='lat' dir='ltr'>universe</span> <span class='ocrx_word' id='word_1_746' title='bbox 475 2789 523 2816; x_wconf 86' lang='lat' dir='ltr'>per</span> <span class='ocrx_word' id='word_1_747' title='bbox 541 2783 608 2809; x_wconf 84' lang='lat' dir='ltr'>tines</span> <span class='ocrx_word' id='word_1_748' title='bbox 626 2781 744 2816; x_wconf 72' lang='lat' dir='ltr'>regionis</span> <span class='ocrx_word' id='word_1_749' title='bbox 759 2780 883 2813; x_wconf 69' lang='lat' dir='ltr'>dilfusus,</span> <span class='ocrx_word' id='word_1_750' title='bbox 901 2780 968 2807; x_wconf 86' lang='lat' dir='ltr'>nihil</span> 
     </span>
    </p>
   </div>
   <div class='ocr_carea' id='block_1_103' title="bbox 1028 2279 1826 2316">
    <p class='ocr_par' dir='ltr' id='par_1_103' title="bbox 1028 2279 1826 2316">
     <span class='ocr_line' id='line_1_103' title="bbox 1028 2279 1826 2316; baseline 0 -11"><span class='ocrx_word' id='word_1_751' title='bbox 1028 2279 1113 2314; x_wconf 73' lang='grc' dir='ltr'>ἤγουν</span> <span class='ocrx_word' id='word_1_752' title='bbox 1135 2279 1184 2314; x_wconf 84' lang='grc' dir='ltr'>τὴν</span> <span class='ocrx_word' id='word_1_753' title='bbox 1199 2280 1232 2306; x_wconf 82' lang='grc' dir='ltr'>ὲκ</span> <span class='ocrx_word' id='word_1_754' title='bbox 1249 2281 1298 2316; x_wconf 85' lang='grc' dir='ltr'>τῆς</span> <span class='ocrx_word' id='word_1_755' title='bbox 1326 2280 1477 2315; x_wconf 83' lang='grc' dir='ltr'>Ἀσσυρίων</span> <span class='ocrx_word' id='word_1_756' title='bbox 1503 2280 1594 2311; x_wconf 82' lang='grc' dir='ltr'>αὐτοῖς</span> <span class='ocrx_word' id='word_1_757' title='bbox 1624 2279 1826 2314; x_wconf 79' lang='grc' dir='ltr'>ὲπηρτημένην</span> 
     </span>
    </p>
   </div>
   <div class='ocr_carea' id='block_1_104' title="bbox 1028 2325 1441 2362">
    <p class='ocr_par' dir='ltr' id='par_1_104' title="bbox 1028 2325 1441 2362">
     <span class='ocr_line' id='line_1_104' title="bbox 1028 2325 1441 2362; baseline 0.005 -11"><span class='ocrx_word' id='word_1_758' title='bbox 1028 2325 1175 2361; x_wconf 80' lang='grc' dir='ltr'>ἀθλιότητα</span> <span class='ocrx_word' id='word_1_759' title='bbox 1190 2326 1238 2352; x_wconf 73' lang='grc' dir='ltr'>καὶ</span> <span class='ocrx_word' id='word_1_760' title='bbox 1252 2326 1441 2362; x_wconf 72' lang='grc' dir='ltr'>καταφθοράν.</span> 
     </span>
    </p>
   </div>
   <div class='ocr_carea' id='block_1_105' title="bbox 1067 2371 1824 2406">
    <p class='ocr_par' dir='ltr' id='par_1_105' title="bbox 1067 2371 1824 2406">
     <span class='ocr_line' id='line_1_105' title="bbox 1067 2371 1824 2406; baseline 0.001 -9"><span class='ocrx_word' id='word_1_761' title='bbox 1067 2371 1113 2404; x_wconf 82' lang='grc' dir='ltr'>Ὧς</span> <span class='ocrx_word' id='word_1_762' title='bbox 1128 2371 1232 2406; x_wconf 80' lang='grc' dir='ltr'>ὄρθρος</span> <span class='ocrx_word' id='word_1_763' title='bbox 1251 2371 1415 2406; x_wconf 80' lang='grc' dir='ltr'>χυθήσεται</span> <span class='ocrx_word' id='word_1_764' title='bbox 1429 2372 1480 2399; x_wconf 78' lang='grc' dir='ltr'>ἐπὶ</span> <span class='ocrx_word' id='word_1_765' title='bbox 1495 2371 1530 2398; x_wconf 85' lang='grc' dir='ltr'>τὰ</span> <span class='ocrx_word' id='word_1_766' title='bbox 1545 2371 1597 2406; x_wconf 77' lang='grc' dir='ltr'>ὄρη</span> <span class='ocrx_word' id='word_1_767' title='bbox 1619 2371 1695 2404; x_wconf 70' lang='grc' dir='ltr'>λαὸς</span> <span class='ocrx_word' id='word_1_768' title='bbox 1721 2371 1824 2404; x_wconf 75' lang='grc' dir='ltr'>πολὺς</span> 
     </span>
    </p>
   </div>
   <div class='ocr_carea' id='block_1_106' title="bbox 1027 2417 1823 2453">
    <p class='ocr_par' dir='ltr' id='par_1_106' title="bbox 1027 2417 1823 2453">
     <span class='ocr_line' id='line_1_106' title="bbox 1027 2417 1823 2453; baseline 0.001 -10"><span class='ocrx_word' id='word_1_769' title='bbox 1027 2417 1075 2443; x_wconf 78' lang='grc' dir='ltr'>καὶ</span> <span class='ocrx_word' id='word_1_770' title='bbox 1089 2418 1228 2451; x_wconf 78' lang='grc' dir='ltr'>ὶσχυρός“</span> <span class='ocrx_word' id='word_1_771' title='bbox 1254 2418 1355 2452; x_wconf 84' lang='grc' dir='ltr'>ὅμοιος</span> <span class='ocrx_word' id='word_1_772' title='bbox 1377 2417 1457 2450; x_wconf 81' lang='grc' dir='ltr'>αὐτῷ</span> <span class='ocrx_word' id='word_1_773' title='bbox 1478 2419 1515 2445; x_wconf 81' lang='grc' dir='ltr'>οὐ</span> <span class='ocrx_word' id='word_1_774' title='bbox 1532 2418 1656 2453; x_wconf 75' lang='grc' dir='ltr'>γέγονεν</span> <span class='ocrx_word' id='word_1_775' title='bbox 1681 2417 1742 2444; x_wconf 79' lang='grc' dir='ltr'>ἀπὸ</span> <span class='ocrx_word' id='word_1_776' title='bbox 1766 2417 1823 2444; x_wconf 72' lang='grc' dir='ltr'>τοῦ</span> 
     </span>
    </p>
   </div>
   <div class='ocr_carea' id='block_1_107' title="bbox 1026 2463 1824 2499">
    <p class='ocr_par' dir='ltr' id='par_1_107' title="bbox 1026 2463 1824 2499">
     <span class='ocr_line' id='line_1_107' title="bbox 1026 2463 1824 2499; baseline 0.001 -10"><span class='ocrx_word' id='word_1_777' title='bbox 1026 2463 1142 2496; x_wconf 73' lang='grc' dir='ltr'>αἰῶνος,</span> <span class='ocrx_word' id='word_1_778' title='bbox 1155 2464 1203 2490; x_wconf 80' lang='grc' dir='ltr'>καὶ</span> <span class='ocrx_word' id='word_1_779' title='bbox 1210 2465 1273 2498; x_wconf 80' lang='grc' dir='ltr'>μετ’</span> <span class='ocrx_word' id='word_1_780' title='bbox 1285 2465 1379 2492; x_wconf 75' lang='grc' dir='ltr'>αὑτὸν</span> <span class='ocrx_word' id='word_1_781' title='bbox 1387 2466 1422 2492; x_wconf 85' lang='grc' dir='ltr'>οὐ</span> <span class='ocrx_word' id='word_1_782' title='bbox 1433 2463 1671 2499; x_wconf 81' lang='grc' dir='ltr'>προστεθήσεται</span> <span class='ocrx_word' id='word_1_783' title='bbox 1681 2463 1736 2497; x_wconf 75' lang='grc' dir='ltr'>ἕως</span> <span class='ocrx_word' id='word_1_784' title='bbox 1744 2463 1824 2491; x_wconf 78' lang='grc' dir='ltr'>ἑτῶν</span> 
     </span>
    </p>
   </div>
   <div class='ocr_carea' id='block_1_108' title="bbox 1025 2509 1823 2545">
    <p class='ocr_par' dir='ltr' id='par_1_108' title="bbox 1025 2509 1823 2545">
     <span class='ocr_line' id='line_1_108' title="bbox 1025 2509 1823 2545; baseline 0.001 -10"><span class='ocrx_word' id='word_1_785' title='bbox 1025 2511 1069 2542; x_wconf 73' lang='grc' dir='ltr'>εἰς</span> <span class='ocrx_word' id='word_1_786' title='bbox 1082 2509 1186 2543; x_wconf 76' lang='grc' dir='ltr'>γενεὰς</span> <span class='ocrx_word' id='word_1_787' title='bbox 1196 2510 1317 2545; x_wconf 72' lang='grc' dir='ltr'>γενεῶν.</span> <span class='ocrx_word' id='word_1_788' title='bbox 1334 2511 1372 2538; x_wconf 82' lang='grc' dir='ltr'><em>Τὰ</em></span> <span class='ocrx_word' id='word_1_789' title='bbox 1385 2511 1558 2545; x_wconf 73' lang='grc' dir='ltr'>ἔμπροσθεν</span> <span class='ocrx_word' id='word_1_790' title='bbox 1570 2509 1664 2536; x_wconf 83' lang='grc' dir='ltr'>αὐτοῦ</span> <span class='ocrx_word' id='word_1_791' title='bbox 1675 2509 1737 2543; x_wconf 79' lang='grc' dir='ltr'>πῦρ</span> <span class='ocrx_word' id='word_1_792' title='bbox 1746 2510 1823 2537; x_wconf 76' lang='grc' dir='ltr'>ἀνι-ι-</span> 
     </span>
    </p>
   </div>
   <div class='ocr_carea' id='block_1_109' title="bbox 1025 2554 1820 2589">
    <p class='ocr_par' dir='ltr' id='par_1_109' title="bbox 1025 2554 1820 2589">
     <span class='ocr_line' id='line_1_109' title="bbox 1025 2554 1820 2589; baseline 0 -8"><span class='ocrx_word' id='word_1_793' title='bbox 1025 2555 1145 2586; x_wconf 77' lang='grc' dir='ltr'>λίσκον,</span> <span class='ocrx_word' id='word_1_794' title='bbox 1159 2555 1209 2582; x_wconf 76' lang='grc' dir='ltr'>καὶ</span> <span class='ocrx_word' id='word_1_795' title='bbox 1224 2555 1260 2582; x_wconf 82' lang='grc' dir='ltr'>τὰ</span> <span class='ocrx_word' id='word_1_796' title='bbox 1275 2556 1371 2582; x_wconf 73' lang='grc' dir='ltr'>ὀπίσω</span> <span class='ocrx_word' id='word_1_797' title='bbox 1389 2555 1483 2583; x_wconf 81' lang='grc' dir='ltr'>αὐτοῦ</span> <span class='ocrx_word' id='word_1_798' title='bbox 1509 2554 1701 2589; x_wconf 69' lang='grc' dir='ltr'>ἀγαπωμένη</span> <span class='ocrx_word' id='word_1_799' title='bbox 1725 2554 1820 2588; x_wconf 71' lang='grc' dir='ltr'>φλόξ.</span> 
     </span>
    </p>
   </div>
   <div class='ocr_carea' id='block_1_110' title="bbox 1031 2598 1824 2635">
    <p class='ocr_par' dir='ltr' id='par_1_110' title="bbox 1031 2598 1824 2635">
     <span class='ocr_line' id='line_1_110' title="bbox 1031 2598 1824 2635; baseline 0.001 -10"><span class='ocrx_word' id='word_1_800' title='bbox 1031 2599 1079 2631; x_wconf 83' lang='grc' dir='ltr'>’.Ως</span> <span class='ocrx_word' id='word_1_801' title='bbox 1093 2599 1274 2633; x_wconf 76' lang='grc' dir='ltr'>παράδεισος</span> <span class='ocrx_word' id='word_1_802' title='bbox 1283 2600 1399 2635; x_wconf 67' lang='grc' dir='ltr'>τρυφῆς</span> <span class='ocrx_word' id='word_1_803' title='bbox 1416 2601 1435 2634; x_wconf 78' lang='grc' dir='ltr'><strong><em>ἠ</em></strong></span> <span class='ocrx_word' id='word_1_804' title='bbox 1450 2599 1488 2634; x_wconf 81' lang='grc' dir='ltr'><em>τῆ</em></span> <span class='ocrx_word' id='word_1_805' title='bbox 1505 2600 1561 2634; x_wconf 82' lang='grc' dir='ltr'>πρὸ</span> <span class='ocrx_word' id='word_1_806' title='bbox 1581 2598 1748 2634; x_wconf 79' lang='grc' dir='ltr'>προσώπου</span> <span class='ocrx_word' id='word_1_807' title='bbox 1767 2602 1824 2626; x_wconf 77' lang='grc' dir='ltr'>αὑ-</span> 
     </span>
    </p>
   </div>
   <div class='ocr_carea' id='block_1_111' title="bbox 1024 2643 1821 2679">
    <p class='ocr_par' dir='ltr' id='par_1_111' title="bbox 1024 2643 1821 2679">
     <span class='ocr_line' id='line_1_111' title="bbox 1024 2643 1821 2679; baseline 0.003 -10"><span class='ocrx_word' id='word_1_808' title='bbox 1024 2643 1088 2674; x_wconf 85' lang='grc' dir='ltr'>τοῦ.</span> <span class='ocrx_word' id='word_1_809' title='bbox 1109 2644 1159 2670; x_wconf 75' lang='grc' dir='ltr'>καί</span> <span class='ocrx_word' id='word_1_810' title='bbox 1186 2644 1221 2671; x_wconf 81' lang='grc' dir='ltr'>τὰ</span> <span class='ocrx_word' id='word_1_811' title='bbox 1238 2644 1364 2672; x_wconf 82' lang='grc' dir='ltr'>ὄπισθεν</span> <span class='ocrx_word' id='word_1_812' title='bbox 1390 2644 1484 2672; x_wconf 84' lang='grc' dir='ltr'>αὐτοῦ</span> <span class='ocrx_word' id='word_1_813' title='bbox 1503 2644 1608 2671; x_wconf 78' lang='grc' dir='ltr'>πεδίον</span> <span class='ocrx_word' id='word_1_814' title='bbox 1630 2644 1821 2679; x_wconf 68' lang='grc' dir='ltr'>ἀφανισμοῦ,</span> 
     </span>
    </p>
   </div>
   <div class='ocr_carea' id='block_1_112' title="bbox 1024 2689 1595 2725">
    <p class='ocr_par' dir='ltr' id='par_1_112' title="bbox 1024 2689 1595 2725">
     <span class='ocr_line' id='line_1_112' title="bbox 1024 2689 1595 2725; baseline 0.005 -10"><span class='ocrx_word' id='word_1_815' title='bbox 1024 2689 1073 2715; x_wconf 79' lang='grc' dir='ltr'>καὶ</span> <span class='ocrx_word' id='word_1_816' title='bbox 1087 2689 1311 2725; x_wconf 80' lang='grc' dir='ltr'>ἀνασωζόμενος</span> <span class='ocrx_word' id='word_1_817' title='bbox 1329 2692 1385 2718; x_wconf 78' lang='grc' dir='ltr'>οὐκ</span> <span class='ocrx_word' id='word_1_818' title='bbox 1402 2691 1487 2718; x_wconf 79' lang='grc' dir='ltr'>ἔσται</span> <span class='ocrx_word' id='word_1_819' title='bbox 1506 2689 1595 2723; x_wconf 83' lang='grc' dir='ltr'>αὐτῷ.</span> 
     </span>
    </p>
   </div>
   <div class='ocr_carea' id='block_1_113' title="bbox 1060 2735 1822 2772">
    <p class='ocr_par' dir='ltr' id='par_1_113' title="bbox 1060 2735 1822 2772">
     <span class='ocr_line' id='line_1_113' title="bbox 1060 2735 1822 2772; baseline 0.004 -11"><span class='ocrx_word' id='word_1_820' title='bbox 1060 2736 1117 2768; x_wconf 67' lang='lat' dir='ltr'>lq’.</span> <span class='ocrx_word' id='word_1_821' title='bbox 1135 2735 1252 2771; x_wconf 84' lang='grc' dir='ltr'>Ὀρθρον</span> <span class='ocrx_word' id='word_1_822' title='bbox 1275 2737 1424 2764; x_wconf 74' lang='grc' dir='ltr'>ἀποκαλεῖν</span> <span class='ocrx_word' id='word_1_823' title='bbox 1453 2737 1541 2764; x_wconf 71' lang='grc' dir='ltr'>ἔοικεν</span> <span class='ocrx_word' id='word_1_824' title='bbox 1566 2737 1582 2772; x_wconf 85' lang='grc' dir='ltr'>ἢ</span> <span class='ocrx_word' id='word_1_825' title='bbox 1606 2737 1656 2772; x_wconf 84' lang='grc' dir='ltr'>τὴν</span> <span class='ocrx_word' id='word_1_826' title='bbox 1672 2738 1702 2764; x_wconf 80' lang='grc' dir='ltr'>ἐν</span> <span class='ocrx_word' id='word_1_827' title='bbox 1726 2737 1822 2772; x_wconf 70' lang='grc' dir='ltr'>δρορῳ</span> 
     </span>
    </p>
   </div>
   <div class='ocr_carea' id='block_1_114' title="bbox 1022 2780 1822 2819">
    <p class='ocr_par' dir='ltr' id='par_1_114' title="bbox 1022 2780 1822 2819">
     <span class='ocr_line' id='line_1_114' title="bbox 1022 2780 1822 2819; baseline 0 -12"><span class='ocrx_word' id='word_1_828' title='bbox 1022 2780 1127 2816; x_wconf 85' lang='grc' dir='ltr'>δρόσον,</span> <span class='ocrx_word' id='word_1_829' title='bbox 1145 2781 1162 2816; x_wconf 85' lang='grc' dir='ltr'>ἢ</span> <span class='ocrx_word' id='word_1_830' title='bbox 1173 2781 1283 2809; x_wconf 74' lang='grc' dir='ltr'>ἐπειδὰν</span> <span class='ocrx_word' id='word_1_831' title='bbox 1297 2783 1365 2815; x_wconf 85' lang='grc' dir='ltr'>ὅλως</span> <span class='ocrx_word' id='word_1_832' title='bbox 1375 2782 1545 2818; x_wconf 79' lang='grc' dir='ltr'>καταχέηται</span> <span class='ocrx_word' id='word_1_833' title='bbox 1555 2782 1609 2811; x_wconf 85' lang='grc' dir='ltr'>τῶν</span> <span class='ocrx_word' id='word_1_834' title='bbox 1622 2783 1707 2819; x_wconf 81' lang='grc' dir='ltr'>ὅρων,</span> <span class='ocrx_word' id='word_1_835' title='bbox 1719 2783 1822 2818; x_wconf 67' lang='grc' dir='ltr'>ἀφίησι</span> 
     </span>
    </p>
   </div>
   <div class='ocr_carea' id='block_1_115' title="bbox 215 2867 1063 2904">
    <p class='ocr_par' dir='ltr' id='par_1_115' title="bbox 215 2867 1063 2904">
     <span class='ocr_line' id='line_1_115' title="bbox 215 2867 1063 2904; baseline -0.002 -8"><span class='ocrx_word' id='word_1_836' title='bbox 215 2867 300 2904; x_wconf 58' lang='grc' dir='ltr'>ῗθιδα.</span> <span class='ocrx_word' id='word_1_837' title='bbox 331 2877 385 2903; x_wconf 78' lang='lat' dir='ltr'>xu,</span> <span class='ocrx_word' id='word_1_838' title='bbox 414 2869 457 2903; x_wconf 72' lang='grc'>17,</span> <span class='ocrx_word' id='word_1_839' title='bbox 485 2869 529 2896; x_wconf 78' lang='lat'>‘18.</span> <span class='ocrx_word' id='word_1_840' title='bbox 562 2869 585 2884; x_wconf 78' lang='lat'>’“&#39;</span> <span class='ocrx_word' id='word_1_841' title='bbox 608 2867 658 2896; x_wconf 86' lang='lat' dir='ltr'>lsa.</span> <span class='ocrx_word' id='word_1_842' title='bbox 676 2876 723 2900; x_wconf 56' lang='lat' dir='ltr'>an,</span> <span class='ocrx_word' id='word_1_843' title='bbox 742 2868 767 2895; x_wconf 82' lang='lat'>5.</span> <span class='ocrx_word' id='word_1_844' title='bbox 800 2867 908 2894; x_wconf 73' lang='lat' dir='ltr'>&quot;Psal.</span> <span class='ocrx_word' id='word_1_845' title='bbox 941 2875 1023 2902; x_wconf 73' lang='lat' dir='ltr'>xxxv,</span> <span class='ocrx_word' id='word_1_846' title='bbox 1036 2868 1063 2895; x_wconf 84' lang='lat'>9.</span> 
     </span>
    </p>
   </div>
  </div>
