1919 3041
78 112 132 140 557

530 111 807 142 COMMENTARIUS
827 114 860 141 IN
879 113 1013 142 JOELEM
1033 114 1254 143 PROPHETAM.

1661 122 1714 150 358

76 172 131 198 τῶν
141 173 169 198 ὲν
180 171 275 204 αὐτοῖς
290 171 366 199 οὐδὲν
379 171 579 207 ἀκατὰρδευτον
588 182 595 190 ·
611 175 694 209 Ιἤγουν
703 174 751 206 τὰς
763 175 876 210 πρώτας

927 173 953 201 in
971 174 1035 209 ipsis
1059 175 1158 203 siccum
1172 175 1300 210 relinquit
1313 184 1319 208 ;
1330 179 1375 203 aut
1390 181 1464 204 certe
1476 177 1577 211 primos
1592 178 1656 206 solis
1670 188 1714 206 ras

75 217 151 252 ἡλίου
166 217 260 253 βολὰς,
276 217 388 244 καὶιτοῦ
402 218 489 252 φωτὸς
512 219 561 254 τῆς
578 220 685 257 ἡμέρας
701 220 750 255 τὴν
766 220 830 247 εὐθύ
845 230 874 248 τε

74 263 123 289 καὶ
135 263 164 289 ὲ)
176 263 251 298 ἀρχῇ
268 261 437 297 ἀνάλαμψιν,
463 263 479 298 ἢ
499 265 558 296 ταῖς
575 265 709 300 κορυφαῖς
722 265 776 292 τῶν
789 265 874 300 ὀρέων

73 308 121 335 καὶ
139 308 193 343 πρό
213 316 246 342 γε
262 308 319 334 τῶν
342 308 429 335 ἄλλων
453 310 594 344 μονονουχὶ
612 311 659 337 καὶ
674 310 848 346 ὲνευρύνεται
865 331 872 343 ,

74 354 121 380 καὶ
135 354 350 389 κατερυθραίνει
371 354 492 389 βουνούς.
509 355 602 387 Οὕτως
619 356 702 390 φησιν
718 357 764 383 ἐπὶ
776 357 811 383 τὰ
823 357 872 392 ὅρη

75 400 186 428 ἔσεσθαι
205 401 252 427 τὸν
267 401 332 428 λαὸν
346 401 392 428 τὸν
408 401 528 437 ἰσχυρὸν,
553 402 666 438 ἀκρίδας
680 403 771 438 τυχὺν,
789 403 873 438 ἤγουν

75 445 102 479 ἐξ
118 446 282 481 ὁμοιότητος
299 447 400 478 αὐτῶν,
417 447 472 473 τῶν
494 447 655 483 Ἀσσυρίων,
674 448 711 480 ὡς
728 450 758 475 ἐν
772 448 874 484 πληοὺῖ

74 492 230 527 νοουμένων
247 491 446 528 ἀπαρασλήτῳ.
460 492 569 524 Λοιπὸν,
584 502 592 518 t
609 493 723 528 Ὄμοιος
742 494 805 529 γὰρ,
821 502 873 528 φη-

75 538 127 569 σὶν,
141 538 219 573 αὐτῷ
234 538 266 564 οὑ
279 538 392 573 γέγονεν
406 539 461 565 ἀπὸ
474 538 521 565 τοῦ
535 538 642 571 αἰῶνος,
653 539 714 566 οὗτε
732 540 785 574 μὴν
796 539 872 566 ἔσται

74 584 148 610 ποτέ.
173 593 182 609 ι
206 583 320 619 Ἐπειδὴ
344 583 372 610 δὲ
387 584 448 615 ταῖς
464 584 518 611 τῶν
531 584 650 619 ἀκρίδων
671 584 801 619 ἐμϐολαῖς
826 584 872 610 δα-

75 630 192 656 πανᾶται
207 630 257 664 μὲν
270 629 302 656 τὸ
320 630 518 664 παρεμπῖπτον
540 629 621 661 εὐθύς
632 637 639 644 ·
656 630 680 655 et
697 629 725 655 δὲ
744 629 829 665 δήπου
844 638 871 656 τι

74 675 118 702 καὶ
138 675 334 711 περιλειφθείη
350 675 440 709 τυχὸν,
463 675 543 711 ἔργον
560 676 609 702 καὶ
634 675 701 702 αὐτὸ
721 676 797 702 ἔσται
816 676 871 702 τῶν

74 721 216 756 ἑπομένων
240 723 301 752 ταῖς
316 720 450 757 πρώταις,
466 731 476 747 t
497 720 555 756 Πῦρ
570 721 724 754 ἀναλίσκον,
744 731 753 747 ι
771 721 823 757 ἔφη
836 721 871 749 τὰ

75 767 231 804 ἔμπροσθεν
244 767 339 800 αὑτοῦ,
354 767 440 802 φλόγα
448 767 476 794 δὲ
488 767 682 803 ἀναπτομένην
697 767 732 794 τὰ
755 769 870 795 κατόπιν

74 815 117 840 καὶ
132 815 270 849 ἑπόμενα.
280 813 364 840 Τοῦτο
376 814 404 840 δὲ
420 814 486 841 αὐτὸ
504 814 641 849 δράσειεν,
656 812 733 850 οἶμαί
746 824 807 845 που,
822 816 869 842 καὶ

74 859 213 894 πολεμίων
244 859 368 895 στρατός.
390 859 521 894 ’Ἐψονται
546 859 601 894 γὰρ
615 860 724 891 πάντως
740 861 799 891 ταῖς
815 860 868 887 τῶν

74 905 239 940 φθασάντων
263 905 429 940 ἀγερωχίαις
455 904 521 940 ὁμοῦ
545 905 592 931 καὶ
607 904 761 937 αὐθαδείαις
783 905 829 932 καὶ
845 906 869 932 οἱ

75 951 190 978 κατόπιν
223 951 309 983 εόντες
333 950 430 987 βραχύ.
461 951 623 986 Ποιήσονται
649 951 677 977 δὲ
696 950 745 986 τὴν
761 951 813 986 γῆν
832 951 869 982 ὡς

74 998 180 1033 τρυφῆς
194 998 370 1033 παράδεισον,
386 998 470 1034 ἄρδην
482 997 687 1033 ἀποκείροντες,
704 997 750 1024 καὶ
769 999 870 1023 ἐνοπα-

74 1044 210 1076 ταλῶντες
228 1045 285 1076 τοῖς
311 1044 528 1080 εὑρισκομένοις.
547 1044 624 1078 Ἔχει
648 1043 677 1070 δὲ
698 1044 727 1070 τὸ
745 1043 842 1078 ἀληθὲς
855 1044 869 1070 ὁ

75 1091 166 1125 λόγος,
183 1091 232 1117 καὶ
250 1091 275 1116 εἰ
287 1091 331 1117 ἐπ’
343 1091 426 1125 αὐτῆς
441 1090 584 1126 ἐκφέροιτο
599 1089 648 1124 τῆς
661 1089 781 1125 ἀκρίδος.

121 1138 163 1170 Ως
180 1136 288 1170 ὅρασις
303 1136 413 1168 ἳππων,
434 1136 453 1170 ἡ
478 1136 584 1170 ὅρασις
610 1134 727 1168 αὐτῶν,
758 1133 807 1161 καὶ
829 1134 869 1167 ὡς

75 1182 192 1215 ἱππεῖς,
218 1182 313 1215 οὕτως
329 1181 571 1213 καταδιώξονται.
596 1181 644 1213 Ὧς
669 1179 754 1215 φωνὴ
775 1179 868 1213 ἁρμά-

75 1238 132 1257 των
144 1229 195 1256 ἐπὶ
212 1228 268 1262 τὰς
282 1227 416 1262 κορυφὰς
435 1226 494 1254 τῶν
507 1226 599 1261 ὀρέων
610 1225 801 1258 ὲξαλοῦνται,
821 1223 869 1251 καὶ

75 1276 113 1308 ὡς
125 1274 214 1309 φωνὴ
229 1273 344 1308 φλογὸς
360 1273 454 1307 πυρὸς
475 1272 696 1305 κατεσθιούσης
716 1271 868 1306 καλάμην,

75 1322 124 1349 καὶ
137 1322 180 1354 ὡς
197 1320 273 1354 λαὸς
289 1319 386 1352 πολὺς
399 1318 448 1346 καὶ
460 1317 585 1352 ἰσχυρὸς
601 1317 870 1352 παρατασσόμενος

75 1368 117 1401 εις
132 1368 281 1401 πόλεμον.

109 1415 161 1442 ιζ’.
177 1413 234 1449 Τὴν
248 1412 359 1448 ἁκρῐδα,
378 1412 425 1438 καὶ
440 1411 486 1438 τὸν
507 1410 630 1446 βροῦχον,
655 1410 678 1436 εἰ
697 1410 729 1445 δὴ
745 1409 870 1445 φέροιντο

80 1460 149 1487 κατά
165 1459 264 1495 χωρῶν
292 1458 340 1485 καὶ
357 1458 470 1488 πόλεων,
482 1456 556 1483 οὐδὲν
570 1457 599 1483 ὲν
619 1455 707 1491 ueloci
718 1464 800 1490 φησιν
815 1455 870 1481 ἔσε-

77 1504 135 1531 σθαι
150 1505 236 1531 ἵππου
253 1503 305 1537 τῆς
325 1501 532 1537 μαχιμωτάτης.
549 1500 628 1552 (dlicta
641 1500 702 1552 ,γὰρ
719 1509 868 1552 κατασκιρ-
882 1523 903 1552 c

75 1550 152 1584 τήσει
165 1549 218 1583 τῆς
234 1548 298 1583 γῆς,
316 1547 353 1579 ὡς
369 1547 439 1582 τάχα
451 1555 502 1573 που
517 1546 564 1573 καὶ
574 1546 705 1581 ἁρμάτων
717 1546 867 1581 ἀπομιμεῖ-

76 1595 136 1622 σθαι
149 1593 262 1620 κτύπον.
280 1593 413 1623 ’Δπὰσαις
423 1600 452 1619 τε
463 1592 518 1627 γὰρ
527 1591 728 1627 ὲπιΟρώσκουσι
736 1593 868 1627 κορυφαῖς

75 1641 170 1677 ὀρέων,
188 1640 373 1666 καϐίπτανται
387 1638 415 1665 δὲ
429 1638 475 1664 καὶ
487 1637 583 1673 βουνοῦ
593 1637 704 1669 παντὸς,
715 1637 762 1663 καὶ
771 1637 869 1672 φλογὸς

75 1687 255 1715 ἀποτελοῦσιν
275 1687 345 1722 ἠχὴν
370 1685 606 1721 καταπιμπράσης
638 1684 775 1720 καλάμην.
800 1684 869 1710 Φασὶ

75 1735 128 1770 γὰρ
161 1734 194 1762 οὐ
224 1734 286 1768 δίχα
312 1732 416 1759 κτύπου
443 1731 611 1767 πράττεσθαι
636 1730 700 1766 παρ’
726 1730 815 1757 αὐτῶν
839 1730 868 1756 ὲν

76 1783 169 1817 ἀγροῖς
181 1781 232 1816 τὴν
242 1780 433 1807 κατάπτωσιν·
459 1778 519 1814 ἠχὼ
543 1777 572 1804 δέ
591 1785 651 1804 τινα
675 1777 730 1804 τῶν
756 1777 868 1803 ὀδόντων

76 1826 266 1855 ἀποτελεῖσθαι
292 1825 426 1862 βληχρὰν,
445 1823 686 1860 περιθραυομένων
702 1823 797 1854 αὑταῖς
815 1821 868 1848 τῶν

76 1873 272 1905 πεπωκότων,
287 1872 325 1903 ὡς
343 1872 444 1906 ἀνέμου
466 1870 550 1904 φλόγα
578 1867 806 1904 διαρῥιπίζοντος.
836 1866 868 1893 Εἰ

76 1920 103 1946 δὲ
129 1919 171 1945 δεῖ
185 1917 325 1952 πολεμίων
349 1916 420 1951 ὄχλῳ
437 1915 521 1950 αὐτὴν
546 1913 771 1950 παρεικάζεσθαι,
787 1911 868 1938 πάλιν

76 1966 105 1992 τὸ
119 1965 236 1996 ἀπεικὸς
250 1964 327 1991 οὐδέν
339 1972 345 1979 ·
365 1963 441 1998 ᾄττει
454 1961 594 1997 γὰρκατὰ
609 1960 724 1995 πληθὺν,
734 1959 781 1986 καὶ
790 1957 868 1992 ὀλίγα

76 2011 130 2042 τοῖς
142 2008 347 2045 ἀνδριζομένοις
362 2007 391 2034 ὲν
410 2007 511 2042 μάχαις
533 2005 700 2040 παραχωρεῖ.
716 2002 799 2038 Βορδν
814 2001 867 2037 γὰρ

76 2056 105 2082 τὸ
116 2056 223 2091 χρῆμα,
233 2054 280 2081 καὶ
293 2054 336 2080 διὰ
353 2053 457 2088 πληθὺν
471 2051 624 2088 ἀμέτρητον
642 2050 693 2076 οὐκ
710 2046 868 2081 εὐκαταγώ-

77 2110 177 2133 νιστον,
202 2100 303 2135 μᾶλλον
326 2099 354 2126 δὲ
371 2099 418 2126 καὶ
438 2098 614 2132 δυσάντητον.
632 2095 662 2122 ὐ
681 2094 762 2126 αὐτὸς
785 2093 807 2119 δ’
834 2092 867 2119 ἂν

79 2148 182 2182 γένοιτο
196 2147 243 2174 καί
253 2145 317 2181 περὶ
333 2145 387 2172 τῶν
401 2143 552 2179 ’Δσσυρίων
562 2143 655 2176 λόγος·
670 2141 695 2167 ει
707 2140 735 2166 δὲ
749 2139 868 2175 βούλοιτὸ

927 219 996 252 dios,
1023 225 1051 247 et
1074 220 1164 247 diurni
1198 220 1308 248 luminis
1340 222 1509 255 repentinum
1536 227 1569 250 ac
1598 223 1713 258 primum

925 264 1107 298 splendorem,
1122 265 1167 300 qui
1188 266 1213 292 in
1226 266 1297 301 jugis
1315 267 1444 294 montium
1461 267 1536 302 prius
1550 268 1715 302 expanditur

924 315 951 336 ct
966 309 1046 344 215
1063 317 1197 344 purpurea
1211 311 1271 338 lucc
1289 311 1369 339 colles
1391 313 1534 340 convestit.
1553 313 1598 340 Sic
1612 314 1651 340 ait
1667 322 1713 341 stt-

923 363 972 390 per
985 359 1089 383 montes
1103 355 1161 383 fore
1175 356 1298 390 populum
1324 356 1431 390 fortem,
1459 358 1588 392 Iocustas,
1620 361 1712 393 credo,

924 406 969 428 aut
983 409 1015 429 ex
1034 401 1210 429 similitudine
1229 403 1360 436 ipsarum,
1375 404 1557 439 Assyriorum,
1574 412 1622 439 per
1645 405 1713 432 mul-

924 447 1065 475 titudittem
1091 448 1329 482 incomparabilem
1356 449 1565 477 intellecturum.
1597 450 1713 485 Suhjicit

922 494 994 521 enim
1010 501 1083 527 mox,
1097 503 1106 520 ι
1126 493 1228 521 Similis
1245 495 1268 521 ei
1283 502 1333 521 nou
1361 495 1410 522 fuit
1426 503 1441 522 a
1475 497 1586 528 szeculo,
1599 502 1626 523 et
1652 502 1711 531 post

922 547 982 567 eum
996 546 1050 567 non
1064 539 1143 568 erit.)
1157 539 1289 572 Quoniam
1305 544 1393 567 autem
1410 541 1573 569 locustarum
1586 543 1712 578 irruptio-

921 585 1000 612 nibus
1023 585 1094 619 quod
1114 585 1232 612 occurrit
1262 585 1404 612 confestim
1427 588 1604 619 consumitur,
1630 593 1657 615 et
1688 588 1710 615 si

922 630 1019 658 alicubi
1031 630 1166 665 quidpiam
1183 631 1252 658 forte
1265 631 1436 666 superfuerit,
1455 631 1569 666 idipsum
1584 641 1642 667 quas
1655 635 1709 668 pri-

921 684 980 703 mas
1000 680 1149 711 sequuntur
1166 676 1324 710 absumunt,
1345 677 1431 712 riguis
1447 685 1618 711 consumens,
1640 689 1649 705 ι
1669 680 1711 706 ἰηκ

920 722 988 756 quit,
1004 728 1035 749 ea
1052 729 1112 757 quae
1138 727 1202 750 ante
1217 722 1315 757 ipsum,
1331 721 1440 749 ﬂamma
1467 728 1555 751 autem
1583 731 1711 752 Succensa

920 768 946 794 in
962 768 1014 800 Itis,
1031 775 1091 802 quae
1104 772 1163 802 post
1177 768 1276 801 ipsum,
1295 772 1322 795 et
1333 769 1520 802 sequentibus.
1545 769 1602 797 IIoc
1624 770 1711 804 ipsum

921 813 1029 846 facient,
1044 817 1118 848 puto,
1134 819 1161 841 et
1189 814 1299 841 hostiles
1320 815 1414 848 copize.
1430 814 1512 841 Plane
1528 815 1600 841 enim
1615 823 1713 849 praece-

885 851 905 879 Β
921 859 1043 886 dentium
1068 860 1221 893 superbiam
1241 864 1267 887 et
1294 860 1480 894 arrogantiam
1516 861 1710 894 imitabuntur,

920 905 965 940 q'ui
990 912 1072 940 parvo
1096 905 1239 933 intervallo
1253 911 1463 939 consequentur.
1486 906 1599 934 Facient
1620 912 1710 934 autem

922 956 1022 978 terram
1046 955 1074 978 ut
1090 951 1243 986 paradisum
1268 950 1540 986 voluptatis,pcnitus
1564 952 1711 987 spoliantes

920 1005 991 1030 eam,
1011 1001 1040 1024 et
1062 996 1238 1032 voluptariam
1267 997 1391 1024 viventes
1413 998 1495 1025 vitam
1520 999 1546 1025 in
1567 998 1622 1032 his,
1650 1006 1710 1034 quae

920 1043 946 1070 in
960 1050 992 1071 ea
1009 1043 1171 1070 invenerint.
1185 1042 1241 1070 Hoc
1261 1048 1353 1070 verum
1368 1048 1409 1071 est
1419 1064 1427 1076 ,
1440 1044 1520 1071 etiam
1542 1044 1564 1072 si
1578 1044 1610 1072 de
1635 1045 1710 1072 Iocu-

920 1089 970 1116 stis
984 1089 1184 1123 pronuntietur.

956 1133 1038 1161 Veus.
1054 1133 1086 1166 4,
1104 1133 1130 1161 5.
1149 1133 1224 1161 Sicut
1241 1133 1305 1160 visio
1323 1141 1446 1168 equarum
1464 1139 1582 1167 aspectus
1599 1141 1688 1161 eorum
1699 1152 1708 1166 ,

919 1185 942 1207 et
956 1181 1021 1207 sicut
1035 1180 1143 1215 equites,
1156 1180 1193 1206 sic
1207 1185 1404 1214 persequentur.
1415 1179 1488 1206 Sicut
1505 1187 1553 1206 vox
1566 1179 1710 1214 quadriga-

920 1234 978 1252 rum
998 1233 1077 1260 super
1095 1226 1200 1252 vertices
1223 1226 1354 1252 montium
1373 1226 1508 1258 exsitient,
1529 1230 1552 1252 et
1574 1225 1639 1251 sicut
1661 1233 1710 1252 vos:

919 1272 1033 1306 ﬂamma:
1052 1271 1120 1306 ignis
1140 1271 1287 1298 devorantil
1307 1270 1447 1304 stipulam,
1468 1275 1492 1298 et
1512 1271 1579 1298 sicut
1597 1271 1708 1306 populus

919 1317 1015 1344 multus
1028 1322 1051 1344 et
1067 1317 1144 1352 fortis
1159 1321 1270 1352 paratus
1285 1317 1319 1343 ad
1335 1316 1464 1350 prwlium.

952 1404 1034 1432 XVII.
1053 1405 1195 1433 Locustam
1212 1410 1238 1433 et
1253 1405 1395 1439 bruchum,
1411 1406 1432 1433 si
1449 1405 1475 1432 iu
1492 1413 1570 1441 agros
1584 1411 1612 1433 et
1626 1407 1708 1434 urbes

919 1451 1038 1483 irrttant,
1064 1460 1117 1478 non
1148 1452 1237 1479 minus
1262 1452 1354 1479 valere
1382 1451 1421 1479 ait
1449 1460 1529 1486 quam
1560 1453 1708 1486 equitatum

919 1497 1164 1525 bellicosissimum.
1179 1496 1224 1524 Sic
1240 1498 1311 1524 enim
1328 1505 1343 1524 e
1359 1502 1429 1524 terra
1445 1498 1581 1530 cxsilient,
1595 1503 1624 1524 ut
1641 1505 1709 1532 pene

919 1548 946 1572 et
962 1543 1154 1578 quadrigarum
1169 1543 1287 1570 sonitum
1304 1543 1454 1571 imitentur.
1469 1543 1501 1571 Et
1517 1551 1599 1577 super
1611 1551 1708 1572 omnes

919 1589 1052 1617 montium
1065 1589 1180 1617 vertices
1193 1588 1393 1623 subsultabunt,
1407 1594 1434 1617 et
1448 1589 1481 1617 de
1495 1591 1567 1617 omni
1580 1590 1648 1617 colle
1661 1591 1709 1617 de-

919 1636 1062 1669 volabunt,
1082 1640 1109 1662 et
1128 1634 1244 1662 ﬂammae
1265 1636 1397 1670 crepitum
1420 1636 1545 1669 stipulam
1568 1637 1709 1664 exurentis

919 1683 1009 1709 edent.
1023 1681 1124 1709 Ferunt
1136 1681 1209 1708 enim
1223 1687 1276 1708 non
1290 1681 1359 1708 citra
1373 1682 1514 1715 strepitum
1528 1689 1574 1709 eas
1587 1682 1614 1708 in
1629 1689 1708 1717 agros

919 1728 1059 1760 decidere,
1076 1731 1104 1754 et
1120 1727 1240 1754 sonitum
1259 1734 1310 1754 non
1331 1731 1439 1754 tenuem
1458 1727 1544 1755 audiri
1563 1727 1625 1755 dum
1643 1735 1708 1763 pro-

919 1778 1018 1801 stratas
1027 1773 1118 1809 fruges
1126 1773 1251 1801 dentibus
1259 1773 1436 1806 commolunt,
1446 1780 1494 1801 ceu
1504 1773 1620 1801 ﬂammis
1628 1779 1709 1801 vento

919 1819 1085 1847 diﬂ‘undente
1105 1818 1311 1854 crepitantibus.
1330 1818 1405 1852 Quod
1422 1820 1445 1846 si
1462 1827 1509 1848 eas
1525 1820 1642 1848 hostium
1660 1827 1708 1847 cu-

920 1866 978 1893 neis
995 1872 1152 1900 comparare
1169 1865 1299 1898 velimus,
1317 1864 1384 1892 nihil
1401 1866 1547 1892 absurdum
1566 1866 1708 1894 faciemus.

919 1910 1023 1939 Nocent
1041 1911 1113 1938 enim
1131 1910 1319 1943 multitudine.
1336 1915 1363 1937 ct
1379 1911 1446 1938 viris
1463 1911 1489 1938 in
1508 1918 1596 1945 pugna
1613 1919 1708 1946 parum

919 1957 1027 1984 cedunt.
1039 1957 1093 1984 Res
1106 1956 1185 1988 edax,
1199 1961 1225 1984 et
1237 1961 1348 1991 propter
1360 1957 1518 1984 immensam
1533 1956 1638 1991 copiam
1654 1964 1708 1984 non

919 2003 997 2030 facile
1014 2002 1215 2037 expugnabilis,
1236 2002 1278 2029 vel
1299 2002 1388 2036 potius
1407 2007 1561 2036 oppugnatu
1579 2001 1707 2029 diﬂicilis.

921 2048 976 2075 Iloc
991 2048 1062 2075 idem
1078 2048 1111 2075 de
1122 2047 1244 2083 Assyriis
1258 2048 1348 2074 dicere
1363 2047 1437 2074 licet.
1452 2046 1527 2080 Quod
1543 2047 1565 2074 si
1580 2046 1622 2073 cui
1637 2046 1708 2074 forte

919 2093 1016 2128 placet,
1032 2094 1102 2121 idem
1121 2094 1154 2120 de
1171 2093 1353 2121 Romanorum
1371 2093 1492 2120 exercitu
1509 2099 1563 2120 non
1581 2091 1649 2119 male
1666 2091 1707 2117 af-

920 2138 1025 2172 firmet,
1050 2138 1094 2173 qui
1120 2138 1207 2166 instar
1229 2138 1341 2166 locusta:
1365 2137 1491 2166 lsraelem
1518 2138 1545 2166 in
1569 2137 1705 2166 Christum

79 2202 118 2224 τις
142 2192 216 2227 τάχα
236 2200 288 2218 που
308 2191 355 2217 καὶ
378 2190 443 2225 περὶ
469 2188 554 2223 αὐτῆς
578 2187 628 2221 τῆς
645 2186 699 2213 τῶν
724 2185 868 2220 Ῥωμαίων

924 2183 1079 2212 sceleratum
1095 2184 1199 2219 depasti
1215 2189 1288 2212 sunt.

80 2237 239 2269 στοατείας,
260 2236 285 2263 οἳ
311 2235 388 2270 δίκην
405 2234 515 2270 ἀκρίδος
533 2233 578 2260 τὸν
604 2231 712 2267 Ἰσραὴλ
729 2229 869 2265 κατεδηδόι

80 2292 157 2310 κασιν
165 2283 206 2313 εἰς
217 2281 336 2317 Χριστὸν
344 2279 608 2316 πεπλημμεληκότα,
618 2276 752 2304 οὺδόὖτω
766 2275 868 2307 κακῶς.

120 2329 190 2356 Ἀπὸ
208 2327 373 2362 προσώπου
387 2325 480 2353 αὑτοῦ
491 2323 743 2358 συντριϐήσονται
755 2321 833 2349 λαοί.

113 2374 168 2401 111’.
185 2374 287 2409 Χρῆμα
298 2372 363 2407 γὰρ,
374 2371 411 2402 ὡς
423 2371 502 2405 ἔφην,
518 2370 623 2405 ἄμαχον
636 2369 683 2395 καὶ
694 2365 869 2400 δυσκαταγώ-

80 2428 166 2446 νιστον
195 2418 338 2449 παντελῶς
363 2415 534 2451 ἀνθρώποις,
565 2414 677 2450 βρούχου
699 2413 744 2440 καὶ
761 2412 870 2448 ἀκρίδας

80 2466 189 2501 ἑμῦολή.

113 2511 177 2540 Πᾶν
191 2511 358 2546 πρόσωπον
367 2509 408 2541 ὡς
421 2509 599 2543 πρόσκαυμα
616 2507 734 2541 χύτρας.

114 2559 163 2585 ΙΘ.
186 2556 300 2592 Ἀληθὲς
317 2555 384 2590 γὰρ,
394 2555 436 2581 ὅτι
453 2553 560 2589 δείμασι
574 2561 603 2580 τε
627 2552 676 2579 καὶ
688 2552 787 2582 λύπαις
811 2552 870 2582 ταῖς

82 2605 225 2640 ἀφορήτοις
236 2602 294 2629 ἔσθ’
305 2602 351 2628 ὅτε
361 2600 409 2628 καὶ
423 2601 440 2635 ἡ
452 2599 506 2626 τῶν
517 2597 670 2634 προσώπων
683 2597 750 2633 ἄνθη
772 2597 870 2632 μαραί-

81 2655 167 2681 νεται,’
177 2649 226 2676 καὶ
244 2644 479 2681 καταμελαῐνεται
499 2652 558 2675 πως
581 2644 621 2675 εις
635 2643 666 2669 τὸ
687 2642 803 2673 ἀκαλλὲς
814 2643 869 2673 τοῖς

82 2695 110 2720 ὲκ
120 2693 166 2721 νοῦ
179 2692 308 2728 θορύϐοις
325 2689 468 2726 μονονουχὶ
483 2687 736 2723 μεταχρωννυμένη.

118 2795 165 2828 Ὠς
174 2791 316 2829 μηχηταὶῗ
328 2788 569 2829 διαδραμοῦνται,
586 2787 633 2829 καὶ
652 2786 692 2819 ὡς
704 2785 810 2818 ἄνδρες
820 2793 869 2812 πο-

80 2822 448 2864 ημιὸἰαίὶῖναϐήσονται
462 2823 509 2849 ἐπὶ
528 2823 562 2849 τὰ
575 2822 669 2855 τείχη.

957 2316 1038 2344 Vens.
1055 2315 1082 2343 6.
1100 2316 1121 2343 Α
1139 2316 1205 2350 facie
1221 2316 1277 2350 ejus
1294 2320 1460 2343 conterentur
1472 2317 1571 2350 populi.

957 2361 1047 2389 XVIII.
1065 2361 1113 2389 Est
1132 2361 1220 2393 enim,
1240 2366 1270 2388 ιιι
1292 2361 1364 2394 dixi,
1383 2361 1596 2396 inexpugnabilis
1617 2365 1643 2389 et
1664 2362 1706 2389 in-

920 2407 1079 2442 Superabilis
1092 2407 1174 2442 216
1187 2407 1297 2434 omnino
1312 2407 1466 2434 hominibus
1480 2406 1575 2435 bruchi
1590 2412 1617 2434 et
1631 2407 1706 2435 Iocu-

921 2458 968 2480 stte
982 2452 1105 2486 irruptio.

942 2497 1049 2525 ’Omnis
1063 2496 1148 2524 vultus
1162 2496 1229 2523 sicut
1246 2495 1349 2522 adustio
1363 2496 1433 2523 otlw.

956 2543 1027 2570 XIX.
1046 2542 1145 2570 Verum
1161 2545 1202 2570 est
1216 2542 1287 2569 enim
1304 2541 1451 2568 terroribus
1464 2545 1491 2568 et
1505 2541 1622 2570 tristiliis
1636 2542 1704 2570 into-

921 2588 1076 2617 lcrabilibus
1095 2587 1239 2622 aliquando
1258 2590 1285 2613 et
1305 2585 1398 2613 ﬂorem
1417 2585 1505 2612 vultus
1524 2594 1700 2618 marcescere.

920 2640 947 2661 ct
960 2633 1096 2668 denigrari
1109 2631 1308 2667 quodammodo
1321 2631 1355 2658 ad
1367 2630 1564 2658 deformitatem
1573 2652 1580 2664 ,
1594 2633 1646 2660 illis
1660 2639 1702 2660 tu-

922 2680 1048 2708 multibus
1073 2682 1177 2706 tantum
1202 2685 1254 2706 non
1281 2677 1309 2705 in
1335 2677 1415 2704 alium
1439 2673 1557 2704 colorem
1580 2684 1702 2705 commu-

923 2731 1017 2754 talum.

957 2771 1039 2798 Vsus.
1054 2770 1080 2797 7.
1097 2768 1170 2796 Sicut
1188 2773 1344 2803 pugnatores
1361 2769 1518 2802 discurrant,
1533 2773 1556 2796 et
1573 2768 1639 2796 sicut
1657 2767 1704 2795 uin
1734 2771 1738 2775 ”

923 2817 1058 2844 bellatores
1077 2815 1213 2841 ascendunt
1232 2823 1309 2849 super
1325 2823 1421 2841 muros.
