1919 3041
95 153 141 180 561

542 148 818 178 COMMENTARIUS
837 148 870 175 lN
891 148 1023 176 JOELEM
1041 147 1262 176 PROPHETAM.

1675 152 1727 180 562

96 211 270 246 παρεμϐολὴ
284 211 390 243 αὐτοῦ,
409 211 453 237 ὅτι
472 209 582 244 ἰσχυρὰ
594 209 666 244 ἔργα
680 210 778 244 λόγων
786 209 888 236 αὺτοῦ-

952 209 1063 237 maniam
1083 209 1164 243 fortia
1182 216 1261 242 opera
1282 215 1430 235 sermonum
1450 207 1532 241 illius,
1551 209 1614 243 quia
1634 218 1729 245 magna

97 259 169 285 διότι
186 257 306 292 μεγάλη
330 257 352 291 ἣ
367 255 462 291 ἡμέρα
474 255 584 290 Κυρίου
595 276 602 289 ,
616 254 743 290 μεγάλη,
759 254 808 282 καὶ
831 255 892 281 ἐπι-

97 302 195 338 φανὴς
208 303 340 337 σφόδρα.

131 349 196 375 KE’.
216 349 308 383 Ἐφην
325 348 376 383 ἤδη
390 347 506 382 φθάσας,
534 347 573 373 ὅτι
589 346 689 378 σκοπὸς
702 346 741 382 τῷ
766 346 892 382 προφήτῃ

97 394 185 430 δεινὴν
203 395 250 421 καὶ
272 394 500 429 δυσδιακόμιστον
514 393 652 428 ἀποφῆναι
665 393 716 428 τὴν
740 392 893 428 συμφορὰν,

100 440 141 466 ἵνα
160 440 193 475 δὴ
211 440 397 475 μεταχωροῖεν
413 439 459 466 ἐπὶ
473 439 504 465 τὸ
520 438 624 465 ἐθέλειν
638 438 673 465 τὰ
685 438 791 473 ἀμείνω
801 446 830 464 τε
842 437 893 473 ἥδη

98 486 174 521 δρᾷν,
183 486 232 512 καὶ
247 485 302 521 μὴν
313 485 359 512 καὶ
373 483 546 520 βουλεύεσθαι
560 483 822 519 σωφρονέστερον,οἱ
832 484 894 514 ταῖς

99 532 138 562 εἰς
152 531 312 565 φαυλότητα
322 531 511 566 παρατροπαῖς
528 529 710 564 λελυπηκὸτες
720 529 766 556 τὸν
781 529 894 564 νομοθέ-

99 585 158 612 την.
175 575 239 603 Οἵδε
252 576 318 612 γὰρ,
337 573 419 611 οἷδεὴ
438 575 493 602 τῶν
508 575 675 610 ἀλγημάτων
692 575 829 610 ὑπερϐολὴ
846 583 894 610 με-

100 621 264 655 τακομίζειν
281 620 399 651 εὐκόλως
415 619 490 651 τινὰς
515 619 553 650 ὡς
575 619 604 652 ἐξ
619 619 741 653 ἀνάγκης
760 618 806 645 ὲπί
820 626 852 653 γε
864 617 895 644 τὸ

102 666 210 693 ἑλέσθαι
221 666 288 702 δρᾷν
299 666 333 692 τὰ
344 666 493 693 ἁνδάνοντα
516 664 608 691 λοιπὸν
625 664 663 700 τῷ
677 664 772 696 σώζειν
788 663 894 690 εἰωθότι

101 713 147 740 καὶ
160 712 344 739 ἀπαλλάττειν
358 711 488 746 ἰσχύοντι.
517 720 525 736 t
538 709 623 737 Δώσει
638 710 669 745 δὴ
695 708 740 737 οὖν
762 711 776 736 ὁ
792 709 895 745 Κύριος

100 758 149 792 τὴν
164 757 259 792 φωνὴν
275 756 357 783 αὐτοῦ
371 756 425 791 πρὸ
440 754 586 790 προσώπου
607 755 749 790 δυνάμεως
761 755 844 782 αὐτοῦ
855 774 862 788 ,
882 764 891 780 ι

101 803 249 839 μονονουχὶ
286 802 447 838 στρατηγῶν
462 822 470 835 ,
497 802 545 828 καὶ
575 801 745 837 παραθήγων
777 802 813 834 ὡς
851 802 894 828 ἐπ’

101 849 226 885 ἐχθρούς.
242 849 348 884 Πρέποι
361 849 416 884 γὰρ
429 849 461 875 ἂν
478 849 527 884 οὺχ
540 848 625 884 ἑτέρῳ
640 857 678 884 τῳ
699 848 810 884 μᾶλλον,
825 848 894 882 πλὴν

944 255 998 282 dies
1013 254 1128 282 Domini.
1140 260 1163 282 et
1180 255 1289 282 illustris
1303 255 1386 282 ualde.

981 341 1062 370 XXV.
1085 343 1143 370 Dixi
1158 343 1212 378 jam
1228 344 1365 378 prophetae
1379 344 1521 373 consilium
1536 353 1598 374 esse
1612 351 1732 374 atrocem

943 393 970 417 et
985 388 1180 416 intolerandam
1196 389 1377 416 calamitatem
1390 392 1546 425 ostendere;
1561 396 1591 419 ut
1606 393 1732 420 nimirum

944 435 1012 463 bene
1028 442 1108 470 agere
1122 435 1190 462 velle
1205 435 1347 469 incipiant,
1359 437 1552 471 etprudentius
1567 438 1617 466 sibi
1634 446 1733 467 consu-

944 481 1000 508 lant
1022 481 1068 516 qui
1087 481 1120 508 ad
1140 481 1340 515 improbitatem
1363 482 1471 516 detorti,
1491 483 1671 518 legislaturem
1691 485 1734 511 oi"-

946 526 1099 554 fenderunt.
1127 525 1201 553 Solet
1225 526 1313 559 enim,
1339 526 1407 554 solet
1431 527 1553 555 dolorum
1578 529 1734 563 magnitudo

946 572 1025 600 facile
1034 571 1187 606 nonnullos,
1199 576 1226 599 et
1238 571 1310 599 velut
1324 572 1484 599 necessitate
1496 574 1623 607 quadam,
1633 581 1666 601 eo
1674 581 1735 609 per-

945 618 1057 650 vehere,
1078 622 1107 645 ut
1123 618 1155 645 de
1174 622 1273 645 cetero
1291 617 1400 652 cupiant
1418 617 1508 645 facere
1526 618 1563 645 illi
1591 623 1666 653 grata
1687 619 1735 654 qui

928 700 930 704 ι
945 665 1051 692 salvare
1064 664 1216 696 consuevit,
1228 668 1256 691 et
1268 663 1384 690 liberare
1397 671 1410 690 a
1426 663 1503 691 malis
1517 669 1614 698 potest.
1631 674 1640 690 ι
1656 663 1736 692 Dabit

946 711 1029 746 igitur
1041 711 1169 738 Dominus
1181 717 1273 737 vocem
1285 713 1348 737 ante
1359 709 1455 736 faciem
1467 708 1634 737 fortitudinis
1646 717 1711 744 sum,
1725 719 1734 736 ι

945 762 1049 784 tantum
1072 764 1125 783 non
1147 757 1203 790 ipse
1222 757 1275 783 dux
1294 756 1430 783 exercitus
1449 762 1566 789 eumque
1584 755 1612 782 in
1632 755 1736 783 hostem

946 810 1058 830 acuens.
1077 802 1135 829 Non
1156 803 1228 829 enim
1250 801 1310 828 aliis
1338 802 1428 836 potius
1451 810 1532 836 quam
1555 805 1737 837 propugnato-

948 848 1024 875 ribus
1047 851 1075 874 et
1094 847 1207 873 aliorum
1228 845 1341 874 ducibus
1360 846 1459 874 milites
1476 847 1509 874 ad
1528 853 1644 881 pugnam
1662 846 1738 874 exci-

101 895 141 921 ὅσι
159 896 216 926 τοῖς
232 894 442 930 προασπίζουσι,
464 893 510 920 καὶ
535 894 590 920 τῶν
604 894 692 920 ἄλλων
707 893 896 928 προτεταγμέ-

952 899 1016 927 tare,
1031 898 1059 921 ct
1075 898 1163 921 castra
1181 901 1228 921 sua
1245 894 1345 921 ducere
1362 894 1497 921 convenit.
1516 893 1675 921 Subindicat
1691 900 1739 927 per

101 949 156 971 νοις
171 940 202 966 τὸ
216 939 363 974 διεγείρειν
377 939 407 964 τὸ
419 939 550 973 μάχιμον,
577 939 624 964 καὶ
648 939 750 965 οἰκείαν
770 938 895 973 ἡγεῖσθαι

102 985 149 1019 τὴν
164 984 356 1020 παρεμΰολήν.
381 984 562 1019 ’Υπεμφαίνει
575 984 602 1010 δὲ
616 983 661 1010 διὰ
670 983 783 1016 τούτων,
800 984 840 1010 ὅτι
858 984 896 1019 μὴ

102 1030 258 1065 αὐτόματον
276 1029 333 1064 ἔχει
349 1028 399 1064 τὴν
413 1028 507 1063 ἔφοδον
531 1028 567 1054 τὰ
590 1028 675 1059 δεινὰ,
704 1028 772 1063 μήτε
795 1029 848 1063 μὴν
864 1030 896 1056 ὲκ

102 1076 148 1102 τοῦ
165 1075 372 1111 παρατυχόντος
388 1074 562 1110 συμϐέϐηκεν
578 1073 683 1105 ἁπλῶς,
703 1073 760 1099 ἀλλ’
770 1074 810 1100 ὅτι
829 1074 896 1109 μᾶλ-

102 1123 146 1148 λον
162 1122 240 1156 παρὰ
254 1121 323 1147 Θεοῦ
341 1121 531 1156 ὲπενήνεκται,
555 1120 742 1156 λελυπημένου
756 1121 896 1155 δηλονότι,

101 1167 150 1194 καὶ
164 1167 249 1198 ὁσίως
265 1166 316 1202 ἤδη
333 1165 503 1198 κολάζοντος.
516 1166 674 1193 Καταπτοεῖ
688 1165 716 1192 δὲ
732 1165 831 1200 μᾶλλον
847 1165 895 1192 αὐ-

101 1216 176 1247 τοὺς,
196 1214 331 1249 πλείστην
345 1222 375 1240 τε
388 1214 454 1249 ὅσην
469 1212 537 1240 εἶναι
548 1214 635 1248 λέγων
646 1214 695 1249 τὴν
709 1222 746 1240 πα
752 1214 896 1250 ρεμὸολὴν,

103 1260 148 1287 καὶ
162 1260 205 1287 ὅτι
234 1260 334 1295 ἰσχυρὰ
356 1259 426 1294 ἔργα
441 1259 527 1293 λόγων
556 1259 650 1286 αὑτοῦ.
675 1259 827 1294 Ἀμήχανον
843 1259 897 1294 γὰρ

104 1304 143 1339 μὴ
167 1304 281 1335 πάντως
305 1304 345 1335 εἰς
370 1303 458 1339 πέρας
484 1303 590 1336 ἐλθεῖν,
618 1303 687 1339 ὅπερ
712 1303 745 1331 ἂν
770 1303 898 1338 γενέσθαι

103 1349 262 1385 προστάττῃ
276 1349 351 1381 Θεός.
367 1349 423 1376 Καὶ
439 1349 505 1383 γοῦν
522 1349 573 1384 ἔφη
590 1349 658 1384 πρός
670 1357 731 1376 τινα
748 1349 802 1376 τῶν
812 1349 897 1384 ἁγίων

104 1395 266 1432 προφητῶν,
289 1395 425 1431 Ἱερεμίας
438 1392 514 1426 οὗτος
539 1392 583 1430 ἦν·
609 1404 618 1420 ι
637 1395 693 1430 Οὐχ
715 1395 739 1421 οἱ
757 1394 832 1430 λόγοι
846 1404 897 1431 μου

103 1441 198 1476 ὥσπερ
227 1441 284 1477 πῦρ
311 1440 421 1475 φλέγον,
444 1439 518 1474 λέγει
545 1439 660 1475 Κύριος,
686 1439 734 1466 καὶ
763 1439 800 1471 ὡς
814 1439 898 1473 πέλυξ

103 1487 215 1514 κόπτων
230 1487 357 1521 πέτραν;
377 1494 387 1511 ι
405 1486 553 1512 Διῖκνείται
567 1485 621 1520 γὰρ
640 1485 735 1521 ὥσπερ
753 1485 898 1516 διαπαντὸς

103 1534 117 1560 ὁ
127 1532 174 1559 τοῦ
190 1531 260 1558 Θεοῦ
276 1531 364 1566 λόγος,
391 1531 438 1558 καὶ
454 1527 494 1563 οἷς
511 1531 545 1558 ἂν
558 1530 704 1565 φθέγξαιτο
718 1531 749 1557 τὸ
771 1531 898 1558 ἀντιστα-

104 1579 168 1606 ςοῦν
183 1578 276 1610 οὐδὲν,
290 1577 360 1604 εἴκει
373 1577 402 1603 δὲ
419 1577 530 1612 μᾶλλον,
547 1577 639 1604 καὶτὰ
659 1577 774 1613 σκληρὰ,
787 1577 835 1605 καὶ
853 1578 901 1604 ἀν-

104 1626 206 1652 τίτυπα
232 1624 437 1661 καταθραύεται
457 1623 585 1656 εὐκόλως,
604 1623 720 1655 καὶτοῖς
734 1624 903 1657 δεσποτικαῖς

947 941 1020 972 haec,
1035 947 1152 974 non'per
1164 947 1193 967 se
1208 940 1337 967 advenire
1352 939 1435 972 mala.
1453 947 1502 966 nec
1517 943 1620 966 temere
1635 947 1667 966 ac
1682 939 1739 966 for-

948 985 1014 1012 tuito
1033 986 1169 1018 accidere;
1190 985 1237 1012 sed
1256 992 1271 1011 a
1290 984 1346 1012 Deo
1364 985 1533 1017 potissimum
1555 984 1655 1019 infiigi,
1676 985 1739 1012 laiso

946 1030 1081 1063 videlicet,
1093 1033 1120 1058 et
1128 1030 1202 1065 juste
1213 1037 1306 1065 pinnas
1319 1034 1488 1064 reposcente.
1499 1030 1637 1061 Perterret
1647 1035 1739 1057 autem

946 1082 993 1104 eos
1006 1076 1106 1110 magis,
1124 1076 1205 1102 nimis
1220 1076 1302 1102 multa
1317 1080 1406 1102 castra
1421 1082 1480 1102 esse
1494 1075 1601 1107 dicens,
1616 1081 1644 1103 et
1658 1074 1738 1102 fortia

947 1128 1030 1156 opera
1046 1128 1202 1148 sermonum
1219 1120 1287 1154 ejus.
1304 1120 1375 1147 Fieri
1394 1120 1528 1154 siquidem
1556 1120 1628 1147 haud
1651 1125 1741 1155 potest

947 1172 978 1194 ut
996 1174 1048 1194 non
1066 1166 1174 1201 penitus
1191 1166 1273 1192 ﬁnem
1288 1170 1475 1200 consequatur
1501 1165 1572 1199 quod
1591 1165 1663 1193 Deus
1680 1167 1740 1194 tleri

949 1213 1126 1240 mandaverit.
1139 1213 1232 1247 Itaque
1244 1213 1354 1247 quidam
1367 1217 1522 1240 sanctorum
1536 1212 1739 1247 prophetarum,

947 1258 1096 1293 Jeremias,
1116 1259 1243 1294 inquam,
1259 1259 1298 1286 ait
1316 1268 1323 1286 :
1339 1269 1348 1284 ι
1365 1258 1491 1293 Nunquid
1510 1266 1563 1285 non
1581 1257 1663 1284 verba
1681 1264 1742 1285 mea

948 1305 1024 1340 quasi
1046 1305 1114 1339 ignis
1134 1305 1248 1337 ardens,
1267 1305 1334 1332 dicit
1355 1304 1499 1337 Dominus,
1518 1304 1602 1340 218
1618 1309 1646 1332 et
1663 1305 1741 1340 quasi

948 1351 1060 1379 malleus
1078 1355 1221 1379 conterens
1238 1350 1395 1387 petram"?
1413 1360 1422 1377 ι
1440 1349 1568 1378 Pervadit
1585 1351 1658 1378 enim
1675 1358 1742 1386 quo-

948 1396 1092 1424 dammodo
1105 1396 1195 1424 omnia
1210 1397 1256 1424 Dei
1269 1397 1392 1429 verbum,
1406 1400 1434 1424 et
1448 1403 1509 1431 qum
1524 1396 1634 1424 locutus
1648 1396 1741 1429 fuerit,

949 1443 1016 1470 nihil
1033 1442 1087 1470 illis
1107 1442 1219 1476 resistit,
1239 1442 1294 1469 imo
1314 1442 1387 1469 cedit
1406 1442 1507 1476 potius,
1528 1446 1554 1469 et
1574 1443 1640 1469 dura
1659 1446 1743 1478 atque

949 1495 1044 1523 aspera
1060 1488 1133 1516 nullo
1148 1488 1256 1521 negotio
1270 1487 1428 1523 confringit,
1442 1493 1470 1515 et
1485 1487 1634 1525 Dominica
1647 1488 1742 1516 volun-

948 1534 1000 1561 ,tati
1017 1534 1098 1561 etiam
1117 1534 1236 1561 uolentia
1253 1534 1449 1568 obsequuntur.
1470 1542 1480 1559 ι
1501 1533 1597 1569 Magna
1616 1533 1700 1569 igitur
1713 1538 1743 1562 et

952 1579 1065 1607 illustris
1080 1579 1149 1612 dies,
1167 1588 1178 1605 ι
1197 1579 1294 1614 inquit,
1311 1584 1422 1614 propter
1435 1579 1535 1606 famam
1551 1585 1694 1615 vagantem
1709 1580 1744 1608 de

953 1625 1031 1653 malis
1043 1625 1071 1653 in
1083 1632 1178 1654 omnes
1190 1625 1315 1653 homines
1327 1624 1497 1653 invehendis.

105 1672 243 1708 Θελήμασι
255 1672 303 1699 καὶ
315 1672 364 1707 οὐχ
376 1672 474 1699 ἑκόντα
485 1674 655 1709 παραχωρεῖ.
678 1683 687 1699 ι
701 1674 815 1709 Μεγάλη
836 1674 867 1709 δὴ
883 1673 929 1701 οὖν
948 1675 995 1702 καὶ
1015 1675 1150 1711 ἐπιφανὴς
1167 1676 1185 1712 ἠ
1202 1675 1304 1711 ἡμέρα,
1319 1684 1329 1702 ι
1346 1676 1425 1712 φησὶ,
1441 1675 1487 1703 διὰ
1500 1675 1551 1711 τὴν
1562 1676 1603 1709 εις
1618 1675 1744 1709 ἅπαντας

105 1719 270 1753 ἀνθρώπους
285 1719 339 1745 τῶν
353 1719 583 1755 δπαχθησομένων
597 1720 691 1747 δεινῶν
706 1721 899 1757 διατρέχουσαν
918 1723 954 1759 φή
959 1732 1021 1759 μην.

140 1768 196 1795 Kal
211 1768 259 1799 τίς
272 1766 359 1794 ἔσται
380 1768 484 1801 ἱκανὸς
501 1768 579 1803 αὐτῇ
588 1776 597 1800 ;

143 1814 220 1847 KG’.
237 1813 395 1847 Τουτὲστιν,
415 1813 503 1846 οὐδεὶς
519 1813 552 1841 ἂν
576 1814 682 1848 γένοιτο
698 1815 752 1842 τῶν
778 1815 825 1843 ἐπὶ
848 1816 902 1852 γῆς

106 1859 255 1894 ἀτεράμων
274 1858 361 1890 οὕτως
384 1860 431 1886 καὶ
446 1859 585 1895 εὐσθενὴς,
596 1860 634 1892 ὡς
647 1861 806 1895 ἀντεξάγειν
820 1861 901 1889 δύνα-

108 1906 171 1932 σθαι
184 1906 246 1936 ταῖς
263 1905 347 1936 θείαις
361 1905 466 1940 ὀργαῖς.
486 1906 542 1933 Καὶ
568 1906 649 1940 σοφὸς
664 1904 698 1942 ἦν
713 1907 783 1939 ἄγαν
796 1907 809 1933 ὁ
821 1907 902 1934 Δαῦὶδ

107 1951 177 1987 πρὸς
202 1950 269 1977 Θεὸν
289 1950 497 1987 ἀνακεκραγώς·
519 1961 527 1977 ι
541 1952 576 1978 Σὺ
589 1951 704 1987 φοϐερὸς
729 1946 764 1985 εἴ,
792 1953 839 1979 καὶ
861 1952 903 1984 τίς

107 1996 300 2032 ἀντιστήσεταί
313 1986 418 2024 σοι’ἀπὺ
428 1998 478 2033 τῆς
494 1997 579 2033 ὀργῆς
595 2007 641 2024 σου
651 1986 661 2031 ;ν
677 2007 687 2024 ι

142 2042 199 2069 Καὶ
218 2041 277 2069 νῦν
289 2042 370 2077 λέγει
383 2043 490 2077 Κύριος
515 2044 531 2069 ὁ
545 2043 616 2076 Θεὸς
629 2043 723 2078 ἡμῶν·
745 2043 902 2079 Ἐπιστρό-

107 2096 185 2122 gnte
203 2088 280 2122 πρὸς
304 2088 344 2122 μὲ
367 2088 403 2120 ἐξ
431 2088 506 2122 ὅλης
527 2088 583 2123 τῆς
606 2090 729 2124 καρδίας
751 2090 851 2125 ὑμῶν,
867 2090 902 2117 ὲν

108 2134 249 2167 νηστείᾳ,
274 2134 323 2160 καὶ
340 2133 501 2169 κλαυθμῷ,
525 2134 575 2161 καὶ
595 2135 720 2168 κοπετῷ,
748 2136 797 2162 καὶ
818 2136 901 2171 διαῤ-

989 1771 1024 1799 Et
1038 1772 1096 1807 quis
1111 1773 1161 1799 erit
1175 1772 1304 1808 sufﬁciens
1318 1772 1363 1800 ei?

988 1818 1083 1846 XXVI.
1101 1818 1157 1847 Hoc
1169 1824 1224 1852 est,
1237 1826 1317 1847 nemo
1331 1818 1486 1847 mortalium
1500 1818 1568 1846 adeo
1582 1817 1744 1854 praefractus

952 1868 980 1891 et
994 1865 1120 1892 robustus
1133 1864 1225 1897 fuerit,
1238 1869 1268 1891 ut
1281 1871 1312 1892 se
1323 1864 1420 1892 divina
1433 1864 1482 1892 irae
1495 1864 1581 1899 possit
1593 1871 1742 1899 opponere.

954 1909 1096 1943 Sapienter
1107 1909 1189 1936 Deum
1204 1910 1346 1944 compellat
1358 1909 1441 1937 David
1454 1918 1461 1936 :
1477 1917 1487 1934 ι
1502 1908 1543 1936 Tu
1558 1908 1689 1937 terribilis
1699 1915 1742 1941 es,

953 1960 981 1983 et
994 1955 1055 1991 quis
1071 1955 1179 1983 resistet
1195 1955 1243 1983 tibi
1259 1955 1293 1984 ab
1308 1955 1349 1983 ira
1363 1961 1411 1983 tua
1421 1955 1464 1982 οη
1480 1964 1491 1981 ι

989 2044 1072 2073 Vens.
1087 2044 1179 2072 12-14.
1195 2043 1229 2072 Et
1246 2052 1314 2078 nunc
1327 2044 1389 2071 dicit
1406 2043 1532 2071 Dominus
1548 2042 1616 2070 Deus
1631 2047 1720 2070 noster
1731 2049 1742 2070 :

953 2090 1140 2119 Convertimini
1156 2091 1190 2118 ad
1206 2098 1246 2119 me
1261 2098 1293 2118 es:
1309 2095 1364 2118 toto
1382 2090 1460 2118 corde
1475 2095 1570 2122 oestro,
1586 2090 1613 2116 in
1626 2088 1739 2124 jejunio,

953 2142 978 2165 et
993 2138 1068 2172 ﬂetu,
1081 2142 1105 2165 et
1120 2137 1238 2172 planctu,
1252 2141 1276 2164 et
1292 2136 1433 2170 dirumpite
1446 2136 1527 2162 corda
1542 2140 1636 2167 vestra,
1650 2139 1675 2162 et
1691 2142 1744 2161 non

107 2179 223 2213 ῥήξατε
246 2179 300 2211 τὰς
325 2179 451 2213 καρδίας
480 2179 573 2214 ὑμῶν,
600 2181 649 2208 καὶ
673 2181 715 2216 μὴ
745 2181 781 2208 τὰ
803 2181 902 2216 ιμάτιιι

954 2183 1104 2210 vestimenta
1117 2187 1211 2210 uestra.
1224 2182 1258 2209 Et
1269 2182 1449 2209 convertimini
1461 2181 1495 2208 ad
1506 2180 1648 2208 Dominum
1660 2180 1744 2207 Deum

110 2223 203 2259 ὑμῶν.
229 2224 285 2251 Kal
303 2213 504 2260 ἐπιστράφητε
523 2224 598 2259 πρὸς
620 2213 729 2260 ι(άρωῶ
755 2213 819 2254 τὸν-
829 2228 902 2255 Θεὸν

953 2234 1081 2260 vestrum,
1098 2229 1160 2264 quia
1176 2229 1322 2255 misericors
1338 2231 1363 2255 et
1381 2229 1519 2255 miseratur
1532 2233 1584 2261 est,
1602 2229 1704 2262 potiens
1719 2232 1744 2254 et

109 2270 204 2305 ὑμῶν.
216 2270 263 2296 ὅτι
277 2270 414 2305 ἐλεήμων
426 2271 475 2298 καὶ
499 2272 657 2307 οἰκτίρμων
669 2272 744 2306 ἐστὶ,
752 2274 905 2308 μακρόθυ-

108 2325 183 2350 μσς,
215 2316 267 2343 καὶ
295 2316 480 2350 πολυέλεος,
504 2317 560 2344 -καὶ
584 2317 739 2353 μετανοῶν
766 2319 815 2345 ἐπὶ
840 2319 905 2352 ταῖς

110 2362 239 2395 κακίαις.
262 2362 311 2395 Τίς
337 2360 417 2389 οἶδεν
443 2363 469 2389 εὶ
488 2363 680 2398 ἐπιστρέψει,
708 2364 757 2391 καὶ
777 2372 904 2399 μετανο-

110 2407 189 2441 ήσει,
215 2408 265 2434 καὶ
291 2408 483 2442 ὑπολήψεται
506 2409 603 2436 ὀπίσω
623 2409 716 2437 αὐτοῦ
741 2411 902 2445 εὐλογίαν,

110 2454 160 2480 καὶ
175 2453 299 2486 θυσίαν,
317 2453 367 2480 καὶ
379 2453 521 2488 σπονδὴν
534 2455 632 2488 Κυρίῳ
648 2454 687 2487 τῷ
703 2455 764 2488 Θεῷ
782 2455 883 2490 optim;

146 2501 212 2526 KZ'.
229 2499 371 2526 Ἐντεῦθεν
401 2500 434 2526 ἂν
451 2500 558 2535 μάθοις,
576 2500 623 2528 καὶ
644 2501 717 2536 μάλα
744 2501 848 2536 σαφῶς,
863 2501 902 2533 ὡς

111 2546 160 2582 οὐχ
170 2546 265 2581 ἐτέρου
280 2545 359 2580 χάριν
373 2544 445 2577 τινὸς
457 2545 523 2581 ὑψοῦ
534 2547 583 2582 μὲν
596 2547 629 2574 τὰ
640 2547 794 2583 διηγημένα
805 2547 899 2574 ἐτίθει.

111 2592 237 2628 ὶκληρὰν
267 2592 298 2618 δὲ
326 2592 417 2624 αὐτοῖς
431 2611 438 2623 ,
474 2593 522 2619 καὶ
550 2593 773 2629 δυσδιακόμιστον
801 2595 899 2630 κομιδῇ

112 2638 301 2674 προανεφώνει
315 2639 364 2674 τὴν
375 2639 528 2673 συμφορὰν,
544 2639 560 2675 ἢ
579 2639 649 2666 ὥστε
662 2640 754 2667 λοιπὸν
767 2642 903 2676 μεταστῆσ

112 2693 156 2711 σαι
173 2684 289 2715 τούτους
302 2684 342 2715 εῑς
359 2684 540 2719 μετάγνωσιν.
560 2685 772 2720 Ἀπογινώσκειν
786 2686 841 2721 γὰρ
854 2686 903 2713 οὐκ

111 2730 378 2765 ἑᾷ.Δια6ε6αιοῦται
404 2730 443 2764 δὲ,
471 2731 518 2757 καὶ
542 2731 615 2766 μάλα
632 2731 736 2767 σαφῶς,
764 2733 801 2764 ὡς
823 2733 903 2768 εἴπερ

111 2776 213 2803 ἕλοιντο
229 2777 341 2812 φρονεῖν
357 2776 391 2803 τὰ
404 2776 510 2811 βελτίω,
532 2777 580 2804 καὶ
599 2778 649 2810 τὰς
678 2778 746 2810 ιδίας
764 2778 838 2811 ὀδοὺς
852 2778 903 2806 κᾶν

144 2867 166 2883 ⁵³
186 2866 243 2894 Jer.
265 2873 345 2898 xxttl,
364 2865 409 2893 29.
445 2867 468 2882 ”
488 2865 559 2894 Psal.
575 2875 654 2900 Lxxv,
666 2867 692 2894 8.
748 2899 754 2904 _

209 2914 350 2945 PATROL.
380 2914 438 2944 (in.
464 2914 572 2945 LXXI.

952 2273 1042 2301 multae
1059 2274 1265 2306 misericordia,
1281 2278 1306 2301 et
1319 2274 1444 2309 pwnitens
1459 2281 1539 2308 super
1549 2273 1668 2301 malitiis.
1678 2272 1743 2305 Quis

952 2319 1012 2352 scit,
1029 2319 1052 2346 si
1070 2324 1220 2351 revertetur,
1238 2323 1263 2345 et
1283 2318 1417 2353 paenitebit
1432 2325 1503 2350 eum,
1521 2323 1543 2344 et
1556 2317 1667 2344 dimittet
1685 2320 1743 2349 post

951 2373 979 2392 se
995 2361 1208 2397 benedictionem,
1223 2368 1247 2391 et
1262 2363 1432 2398 sacriﬁcium,
1455 2368 1480 2390 et
1501 2362 1614 2391 libamen
1630 2361 1743 2390 Domino

953 2411 1007 2439 Dea
1021 2412 1123 2439 vestro?

989 2501 1096 2530 XXVII.
1111 2501 1191 2533 Hinc,
1203 2504 1230 2527 et
1240 2499 1346 2535 quidem
1359 2499 1502 2526 admodum
1513 2497 1587 2526 clare
1599 2497 1743 2532 intelliges,

954 2556 1013 2583 qua:
1026 2555 1106 2582 supra
1122 2551 1230 2574 narrata
1244 2550 1321 2579 sunt,
1338 2552 1391 2572 non
1407 2543 1442 2571 ob
1457 2543 1530 2571 aliud
1547 2543 1630 2571 fuisse
1645 2544 1742 2578 posita.

955 2594 1072 2627 Duram,
1093 2597 1121 2620 et
1145 2599 1206 2627 qum
1226 2591 1272 2619 vix
1295 2590 1458 2626 perferatur,
1483 2589 1666 2617 calamitatem
1691 2589 1745 2616 illis

953 2639 1153 2675 praenuntiavit,
1171 2642 1201 2665 ut
1217 2644 1264 2665 eos
1284 2636 1389 2664 scilicet
1407 2636 1536 2671 deinceps
1555 2635 1589 2663 ad
1609 2633 1745 2670 poeniten-

953 2685 1018 2713 tiam
1032 2686 1186 2712 adduceret.
1200 2683 1348 2717 Desperare
1359 2682 1430 2709 enim
1444 2689 1499 2709 non
1510 2681 1585 2709 sinit.
1596 2680 1745 2708 Conlirmat

954 2737 1055 2766 autem,
1066 2731 1147 2766 idque
1158 2729 1322 2766 planissimis
1331 2728 1432 2760 verbis,
1443 2727 1468 2755 si
1479 2728 1640 2763 resipiscere
1649 2725 1744 2758 velint,

954 2782 982 2806 et
999 2778 1102 2806 animas
1117 2784 1181 2806 suas
1197 2775 1394 2812 posterioribus
1410 2773 1505 2802 saltem
1523 2773 1645 2802 consiliis
1658 2771 1745 2800 corri-

1548 2913 1579 2944 l2
