1919 3041
195 158 248 186 51ῖό

690 157 718 184 S.
739 155 876 184 CYlllLLl
897 156 1129 185 ALEXANDRINI
1150 155 1307 184 ARCIIIEP.

1775 156 1828 184 36b

196 224 276 251 gere,
298 220 326 243 ut
347 216 401 244 Deo
422 215 559 250 placeant,
577 219 605 242 et
624 222 735 248 prorsus
757 215 875 242 desitura
896 223 911 242 a
934 215 980 243 Det

1039 215 1104 249 γοῦν
1116 217 1170 247 τοῖς
1184 215 1318 250 δευτέροις
1335 213 1499 250 ἐπανορθοῦν
1514 215 1552 246 είς
1562 214 1593 240 τὸ
1609 214 1737 249 ἀρέσκειν
1748 214 1809 248 Θεῷ
1819 235 1826 246 ,

197 263 358 289 exacerbata
368 261 509 296 supplicia,
522 265 547 288 et
557 261 646 288 omnia
658 269 721 288 mox
734 262 761 288 in
774 269 897 296 magnam
912 267 983 288 tran-

197 308 356 343 quillitatem
379 315 410 334 ac
432 307 604 334 securitatem
629 311 826 334 commutatum
851 307 901 340 iri;
923 308 984 342 quis

197 359 287 381 autem
311 357 338 380 et
361 352 544 379 conversionis
570 351 708 387 ipsorum,
734 357 761 380 et
787 353 984 388 deprecationis

192 399 292 426 modus
307 390 490 431 esse'debeat,
512 398 612 432 liquido
631 398 721 426 subdit
738 398 780 426 his
795 399 883 426 verbis
899 407 906 426 :
923 408 933 424 ι
951 399 984 426 Et

189 453 269 473 .nunc
284 445 350 472 dicit
368 444 499 472 Dominus
517 444 588 472 Deus
606 449 697 472 noster
713 453 720 471 :
736 444 933 472 Convertimini
950 445 984 472 ad

190 498 240 518 «me
254 490 280 517 in
296 495 352 518 toto
365 490 446 518 corde
459 494 558 518 vestro.
576 499 585 516 ι
599 490 788 525 Prcjieiantur,
803 490 899 525 inquit,
914 498 984 525 prse-

197 537 292 568 terita,
308 542 336 564 et
349 543 411 570 quae
425 540 632 563 antecesserunt
649 536 675 562 iu
691 535 853 563 oblivionem
871 535 983 566 abeant.

195 583 340 617 vobisipsis
369 582 495 610 meliores
513 587 655 617 apparete;
675 581 869 616 posterioribus
900 581 983 608 Deum

192 630 327 664 mitigate.
339 627 441 664 jejunio
454 633 482 656 et
496 628 678 660 alllictatione,
692 627 796 662 ploratu
810 631 837 654 et
850 627 983 654 lamentis.

196 674 278 702 Plane
292 674 363 702 enim
373 692 382 707 ,
395 674 440 709 qui
457 674 493 700 ita
510 673 600 701 facere
616 673 798 705 instituerint,
813 673 841 699 in
857 672 985 700 felicitate

196 721 353 754 deliciisque
366 720 556 747 versabuntur.
573 717 649 746 Sicut
662 719 733 745 enim
750 718 856 745 fortuna
873 718 983 745 nimium

197 767 348 798 blandiens,
363 770 390 793 et
406 766 460 792 vita
474 765 655 799 voluptatibus
672 764 698 791 in
715 764 836 792 honestis
851 764 941 791 dedita
957 763 984 790 in

196 812 311 846 gemitus
330 815 356 838 et
383 811 513 846 supplicia
540 810 646 837 tandem
666 809 783 842 desinit,
803 810 839 836 ita
857 809 985 836 bonitatis

197 862 223 884 et
247 857 368 884 laborum
393 856 616 891 pteniteutialium
638 855 727 882 exitus
748 860 790 882 est
811 854 898 890 ampla
925 854 983 881 feli-

1038 262 1145 292 πάντως
1166 261 1334 287 πεπαύσεται
1361 260 1394 286 τὰ
1412 261 1442 293 ἐξ
1463 260 1557 296 ὀργῆς,
1583 260 1630 286 καὶ
1657 260 1698 291 είς
1724 259 1828 291 πλάτος

1038 306 1119 338 εὐθὺς
1134 306 1266 341 εὐθυμίας
1284 305 1473 341 μεταχωρήσει
1492 305 1525 332 τὰ
1551 305 1712 341 πράγματα.
1731 304 1780 336 Τίς
1804 305 1826 330 δ’

1036 352 1070 379 ἂν
1079 353 1185 387 γένοιτο
1200 352 1250 387 τῆς
1262 360 1292 378 τε
1311 351 1480 386 ἐπιστροφῆς
1493 351 1586 382 αὐτοῦ,
1599 351 1646 378 καὶ
1658 351 1672 377 ὁ
1684 350 1736 385 τῆς
1750 350 1828 385 λιτῆς

1037 399 1147 432 τρόπος,
1162 398 1322 434 καθίστησιν
1336 398 1459 433 ἐναργὲς,
1477 397 1548 423 οὕτω
1563 397 1659 431 λέγων·
1679 405 1689 422 ι
1706 395 1762 422 Καὶ
1778 395 1827 422 νῦν

1037 444 1110 479 λέγει
1139 444 1242 479 Κύριος
1255 444 1270 470 ὸ
1285 443 1351 475 Θεὸς
1374 443 1462 478 ἡμῶν·
1481 442 1685 478 Ἐπιστράφητε
1705 441 1775 478 πρὸς
1793 442 1827 477 μὲ

1038 491 1068 523 ἐξ
1083 489 1146 526 ὃλης
1161 490 1209 525 τῆς
1233 489 1347 525 καρδίας
1368 488 1455 524 ὑμῶν.
1475 497 1485 514 ι
1524 487 1672 525 Ἐῥρίφθω,
1696 487 1776 523 φησὶ,
1793 487 1826 514 τὰ

1039 535 1232 571 παρῳχηκότα.
1256 535 1304 562 καὶ
1323 534 1497 570 ἀποδημείτω
1519 534 1586 570 πρὸς
1604 533 1690 569 λήθην
1704 534 1739 560 τὰ
1757 533 1826 568 φθά-

1039 589 1133 608 σαντα·
1148 580 1253 608 ἑαυτῶν
1273 581 1402 616 ἀμείνους
1416 580 1534 616 δφθητε·
1550 581 1605 612 τοῖς
1626 579 1767 616 δευτέροις
1785 581 1829 606 ὲκ-

1040 627 1209 662 μειλίσσεσθε
1232 628 1308 659 Θεὸν,
1328 627 1450 662 νηστείᾳ.
1473 627 1521 654 καὶ
1547 626 1633 660 πόνῳ,
1659 625 1778 661 κωκυτῷ
1797 634 1827 652 τε

1039 674 1084 700 καὶ
1101 673 1219 709 ὀδυρμῷ.
1235 674 1350 709 "Ed/stat
1363 673 1418 709 γὰρ
1432 673 1539 705 πάντως
1552 672 1636 699 ταῦτα
1649 672 1716 708 δρᾷν
1725 671 1828 708 ᾑρημὲ

1037 727 1092 750 νοις
1103 719 1132 746 τδ
1146 720 1244 755 χρῆναι
1253 719 1346 746 λοιπὸν
1359 719 1388 745 ἐν
1401 719 1534 754 εὐπαθείᾳ
1557 716 1626 745 εἶναι
1650 719 1698 745 καὶ
1722 719 1825 753 τρυφῇ.

1039 766 1144 801 ’Ὠσπερ
1158 766 1213 801 γὰρ
1222 766 1271 801 τῆς
1280 765 1421 801 ῥᾳστώνης
1432 766 1462 791 τὸ
1474 765 1560 797 τέλος,
1571 764 1656 792 καὶτὸ
1668 765 1827 791 διαπίπτειν

1039 813 1080 844 είς
1096 812 1195 847 ἡδονὰς
1218 813 1402 848 καταστρέφει
1427 813 1535 844 πάντως
1564 812 1604 843 είς
1625 811 1750 846 οἰμωγὰς
1777 811 1825 837 καὶ

1038 858 1159 885 κόλασιν·
1174 858 1245 885 οὕτω
1259 859 1308 892 τῆς
1323 858 1484 890 ἐπιεικείας,
1503 858 1548 884 καὶ
1563 858 1618 884 τῶν
1639 857 1685 884 ἐπὶ
1701 858 1763 889 ταῖς
1779 866 1827 892 με.

196 903 276 930 citas.
287 902 369 937 219
381 901 510 928 Conducit
529 900 610 935 igitur
622 899 721 928 deﬂere
736 904 846 934 peccata
857 919 865 932 ,
879 905 906 927 et
921 907 980 927 con-

1038 902 1189 936 ταγνώσεσι
1212 903 1331 938 πόνωνή
1359 902 1472 934 ἔκϐασις
1495 903 1535 934 εἰς
1553 902 1584 929 τὸ
1599 902 1650 937 τῆς
1674 902 1828 938 εὐημερίας

196 949 297 975 tristari
312 946 458 975 secundum
475 946 570 974 Deum.
586 945 651 972 Nam
667 950 696 972 ut
709 950 752 973 est
766 947 834 981 apud
848 945 959 973 Paulum
975 955 981 972 :

196 1003 206 1020 ι
224 993 344 1021 Tristitia
359 993 504 1020 secundum
519 993 614 1024 Deum,
627 992 812 1025 pmnitentiam
827 992 853 1019 in
869 992 982 1019 salutem

194 1047 246 1066 nou
258 1039 439 1074 pmnitendam
449 1039 615 1073 operatur”.
630 1048 639 1064 i
650 1038 723 1066 Beati
733 1045 840 1073 quoque
850 1046 865 1064 a
875 1038 983 1066 Christo

193 1084 410 1120 pronuntiantur,
423 1092 431 1108 ι
455 1084 500 1118 qui
519 1083 627 1118 lugent;
646 1082 771 1117 quoniam
791 1082 840 1117 ipsi
858 1082 982 1110 consola-

193 1129 331 1156 buntur".
348 1138 357 1154 ι
369 1129 438 1162 Quin
449 1133 477 1156 et
487 1130 595 1162 sapiens
606 1127 733 1156 Salomon
747 1128 799 1155 tale
809 1128 884 1162 quid,
897 1136 983 1163 quan-

192 1183 272 1209 quam
288 1174 338 1202 sub
352 1175 547 1208 integumento,
564 1173 631 1201 dicit
651 1182 659 1201 :
682 1183 692 1199 ι
718 1173 812 1200 Melius
830 1177 872 1201 est
891 1173 930 1200 ire
949 1173 982 1200 ad

192 1223 301 1249 domum
315 1220 417 1252 luctus.
429 1227 510 1254 quam
524 1220 558 1246 ad
572 1219 680 1246 domum
695 1219 812 1246 convivii
822 1220 854 1245 ".
873 1228 882 1245 ι
897 1219 982 1246 Cate-

194 1275 251 1293 rum
267 1266 330 1293 illud
344 1265 569 1293 considerandum
576 1269 616 1292 est
624 1264 780 1299 diligenter,
791 1269 921 1300 quantum
935 1272 981 1291 va-

193 1313 244 1340 leat
262 1311 403 1346 jejunium.
424 1310 565 1338 Dominum
586 1310 780 1343 mansuefacit,
802 1311 869 1337 iram
891 1311 980 1342 sedat,

192 1366 299 1394 pinnam
321 1358 399 1385 tollit.
418 1357 603 1391 Nosmetipsos
629 1361 730 1384 tantum
753 1363 805 1383 non
825 1355 982 1383 verberibus

191 1406 293 1433 acriter
305 1404 485 1438 accipientes,
502 1402 679 1430 ferocientem
695 1406 722 1429 et
736 1401 870 1429 furentem
887 1407 980 1429 contra

191 1458 242 1478 nos
261 1451 329 1478 iram
351 1449 469 1477 divinam
490 1448 633 1476 commode
654 1447 802 1480 flectimus,
825 1452 853 1476 et
872 1456 980 1475 manum

191 1496 367 1531 percutientis
384 1502 438 1522 non
456 1493 598 1522 ditliculter
614 1494 782 1522 cohibemus.
799 1494 827 1522 Si
845 1494 916 1522 enim
933 1501 980 1522 ve-

191 1549 251 1568 rum
271 1545 328 1574 est,
351 1548 400 1568 nos
418 1539 504 1568 solum
525 1544 635 1575 peccata
656 1543 749 1567 nostra
769 1539 929 1568 conﬁtentes
945 1540 979 1573 ",

190 1586 337 1633 miserante
355 1584 425 1633 ρει),
440 1583 599 1619 justillcari,
618 1584 729 1619 quinam
749 1584 887 1612 dubitetur
902 1585 978 1620 quin,
993 1603 1014 1633 ο

190 1632 316 1660 asceticis
329 1630 470 1659 laboribus
484 1638 533 1658 nos
546 1635 728 1664 macerantes,
739 1634 767 1658 et
780 1635 907 1665 tauquam
922 1637 978 1665 pce-

191 1686 240 1706 uas
254 1686 269 1705 a
282 1677 416 1705 nobismet
430 1677 578 1712 exigentes,
591 1680 763 1711 peccatorum
776 1676 881 1703 veniam
895 1683 910 1702 a
926 1675 980 1703 Deo

191 1723 386 1759 impetremus?
409 1722 514 1757 Lugete
536 1722 619 1757 igitur
638 1721 732 1757 jubet,
754 1726 782 1748 et
805 1720 980 1748 discindenda

195 1769 303 1803 quidem
315 1768 476 1796 vestimenta
491 1767 614 1799 minime;
629 1765 717 1801 potius
731 1770 821 1793 autem
835 1765 907 1800 quod
921 1772 982 1800 per-

191 1816 242 1852 i'ipi
257 1815 350 1843 animo
363 1819 390 1842 et
405 1813 568 1849 cogitatione
581 1817 686 1848 potest,
701 1812 805 1839 immite
818 1819 850 1839 ae
863 1819 962 1839 saevum
971 1831 979 1845 ,

188 1867 216 1890 et
239 1865 433 1890 commutatum
459 1867 507 1888 seu
534 1859 688 1886 induratum
711 1865 759 1886 cor
781 1857 979 1885 dissolvendum

187 1913 271 1943 atque
280 1906 484 1943 explicandum.
496 1912 552 1940 quo
565 1905 612 1932 Dei
628 1905 710 1932 timor
721 1904 897 1940 ingrediatur.
907 1903 980 1931 Scri-

191 1955 256 1982 bens
264 1953 346 1988 igitur
356 1953 389 1980 ad
396 1952 554 1980 Corinthios
563 1951 679 1978 Paulus:
693 1959 703 1976 ι
720 1950 779 1978 Non
787 1949 978 1985 angustiamini

186 1999 216 2026 in
227 1999 313 2032 nobis,
327 2007 336 2025 ι
347 1999 449 2034 inquit;
462 2007 472 2024 ι
482 1996 770 2032 angustiaminiautem
788 1996 814 2022 in
830 1995 980 2023 visceribus

190 2045 296 2074 vestris.
313 2045 442 2072 Eamdem
459 2048 550 2071 autem
567 2043 699 2070 habentes
715 2041 960 2069 remunerationem
972 2061 979 2073 ,

192 2095 318 2124 tanquam
336 2089 398 2116 filiis
415 2089 486 2120 dico,
505 2087 655 2115 dilataminl
675 2092 702 2114 et
719 2093 767 2113 vos
778 2086 812 2113 ³⁷.
833 2095 843 2111 ι
863 2085 981 2114 Dilatare

189 2142 255 2171 ergo
273 2142 322 2162 cor
336 2137 460 2168 oportet,
479 2137 608 2167 tauquam
628 2131 697 2161 Deo.
715 2135 740 2158 et
761 2138 844 2165 prope
862 2135 980 2158 mentem

191 2182 370 2215 disrumpere,
386 2185 415 2206 ut
431 2178 502 2214 quod
517 2178 574 2212 eius
589 2181 640 2210 est,
655 2177 779 2212 recipiat.
793 2175 859 2204 Nam
876 2177 980 2204 maesti-

190 2227 258 2254 tiam
275 2226 391 2262 ﬁngere.
411 2225 495 2260 ruptis
513 2224 611 2252 frustra
631 2231 663 2250 ac
681 2228 782 2250 temere
797 2223 980 2255 vestimentis,

1035 947 1136 979 πλάτος
1152 947 1269 982 ἔρχεται.
1298 948 1440 982 Χρήσιμον
1461 945 1508 974 οὖν
1527 947 1581 982 ἄρα
1603 947 1633 974 τὸ
1659 947 1762 973 κλαίειν
1783 946 1825 981 ἐφ’

1035 993 1197 1028 ἁμαρτίαις,
1211 994 1258 1019 καὶ
1271 993 1415 1020 λυπεῖσθαι
1437 993 1508 1020 κατὰ
1522 993 1598 1020 Θεόν.
1619 993 1663 1024 Ὠς
1679 993 1734 1028 γὰρ
1750 992 1826 1019 Παῦ-

1033 1038 1078 1070 λος
1100 1039 1200 1074 γράφει
1213 1058 1220 1070 ,
1235 1047 1245 1064 ι
1266 1039 1299 1065 Ἡ
1328 1039 1400 1066 κατὰ
1417 1039 1485 1065 Θεὸν
1515 1039 1587 1074 λύπη
1614 1039 1759 1073 μετάνοιαν
1786 1039 1827 1069 είς

1035 1084 1169 1119 σωτηρίαν
1186 1084 1429 1120 ἁναμεταμέλητον
1447 1084 1658 1119 κατεργάζεται.
1679 1093 1689 1110 ι
1703 1084 1827 1119 Μακαρί-

1033 1128 1074 1160 ζει
1089 1129 1116 1155 δὲ
1132 1129 1179 1155 καὶ
1193 1129 1273 1160 αὐτὸς
1289 1131 1303 1156 ὁ
1329 1129 1446 1164 Χριστὸς
1470 1139 1479 1155 ι
1496 1130 1560 1161 τοὺς
1579 1129 1761 1161 πενθοῦντας,
1784 1130 1825 1156 δτι

1034 1176 1110 1202 αὐτοὶ
1127 1176 1395 1211 παρακληθήσονται.
1417 1186 1426 1202 ι
1443 1177 1498 1203 Καὶ
1510 1176 1562 1212 μὴν
1573 1177 1621 1203 καὶ
1633 1177 1647 1202 ὁ
1662 1176 1744 1211 σοφὸς
1759 1177 1826 1212 ἡμῖν

1033 1220 1158 1255 Σολομῶν
1169 1220 1290 1248 τοιοῦτόν
1305 1221 1332 1248 τί
1348 1230 1430 1257 φησιν
1445 1222 1661 1257 αἰνιγματωδῶς·
1679 1231 1689 1247 ι
1711 1221 1827 1256 Ἀγαθὸν

1032 1267 1063 1293 τὸ
1079 1266 1244 1302 πορευθῆναι
1257 1268 1298 1299 είς
1310 1265 1384 1294 οἷκον
1393 1267 1518 1300 πένθους,
1533 1268 1550 1304 ἢ
1566 1268 1596 1294 τὺ
1607 1267 1773 1304 πορευθῆναι
1785 1268 1826 1300 εις

1033 1310 1107 1339 οἷκον
1125 1312 1219 1340 πότου.
1242 1322 1251 1338 ι
1267 1313 1341 1348 Πλὴν
1367 1314 1454 1340 ὲκεϊνο
1479 1313 1636 1349 περιαορεῐν
1657 1314 1825 1348 ἀναγκαῖον,

1033 1358 1084 1393 ὅση
1098 1367 1140 1390 τις
1151 1359 1209 1385 ἐστὶ
1223 1359 1273 1394 τῆς
1285 1359 1411 1394 νηστείας
1435 1360 1451 1394 ὴ
1476 1359 1602 1394 δύναμις.
1621 1359 1768 1394 Ἐξημεροῖ
1779 1359 1827 1386 τδν

1032 1404 1181 1439 Δεσπότην,
1197 1404 1355 1437 κατευνάζει
1371 1405 1421 1440 τὴν
1445 1405 1540 1441 ὀργὴν,
1561 1405 1708 1441 ἀνατρέπει
1720 1405 1770 1440 τὴν
1783 1405 1828 1432 κό-

1032 1449 1119 1476 λασιν.
1142 1449 1270 1481 Ἑαυτοὺς
1283 1449 1338 1486 γὰρ
1353 1449 1530 1485 αίκιζόμενοι,
1549 1451 1688 1486 μονονουχὶ
1699 1450 1827 1486 ἀγριαίν-

1032 1503 1107 1528 οντα,
1130 1495 1178 1522 καὶ
1190 1495 1372 1531 λελυττηκότα
1386 1495 1431 1522 τὸν
1443 1495 1514 1522 θεῖον
1530 1495 1591 1522 καθ’
1604 1496 1620 1530 ἡ
1625 1495 1684 1530 μῶν
1703 1493 1734 1522 εὖ
1752 1488 1831 1531 μάλα

1031 1541 1211 1576 δυσωποῦμεν
1225 1541 1321 1576 θυμὸν,
1337 1541 1385 1568 καὶ
1398 1540 1447 1577 τὴν
1461 1542 1540 1577 χεῖρα
1560 1541 1608 1568 τοῦ
1623 1541 1826 1573 καταπαίοντος

1031 1585 1149 1617 εὐκόλως
1165 1585 1355 1620 συστέλλομιν.
1374 1585 1405 1612 Εί
1426 1586 1482 1621 γάρ
1504 1587 1578 1613 ἐστιν
1592 1586 1704 1622 ἀληθὲς,
1721 1588 1763 1614 ὅτι
1779 1588 1828 1614 καὶ

1033 1631 1112 1666 μόνον
1131 1630 1326 1666 ὁμολογοῦντες
1351 1631 1401 1662 τὰς
1427 1631 1565 1666 ἁμαρτίας
1591 1632 1828 1667 κατοικτείροντος

1031 1674 1097 1702 Θεοῦ
1117 1675 1305 1711 δικαιούμεθα.
1321 1675 1379 1707 πῶς
1395 1675 1428 1702 ἂν
1445 1675 1592 1703 ἐνδοιάσειέ
1609 1685 1651 1708 τις
1670 1677 1712 1704 ὅτι
1725 1678 1783 1709 τοῖς
1797 1677 1828 1710 ἐξ

1031 1721 1173 1757 ἀσκήσεως
1201 1723 1292 1754 πόνοις
1311 1721 1426 1753 ἑαυτοὺς
1454 1722 1669 1758 κατατήκοντες,
1692 1723 1740 1750 καὶ
1769 1721 1827 1750 οἷον

1031 1767 1169 1798 αἰτοῦντες
1181 1767 1268 1800 δίκας,
1285 1767 1362 1803 παρὰ
1377 1767 1444 1794 Θεοῦ
1467 1768 1521 1794 τῶν
1539 1769 1744 1804 ἡμαρτημένων
1762 1777 1828 1805 κερ-

1030 1813 1162 1848 δανοῦμεν
1177 1813 1227 1849 τὴν
1246 1814 1360 1848 ἄφεσιν,
1381 1814 1493 1841 Πενθεῑν
1504 1812 1551 1841 οῦν
1561 1815 1615 1850 ἄρα
1631 1815 1751 1848 κελεύει,
1779 1815 1828 1842 καὶ

1030 1859 1225 1895 διαρρηγνῦναι
1247 1861 1328 1894 σφᾶς,
1346 1860 1447 1896 ἥκιστα
1462 1860 1512 1895 μὲν
1523 1859 1557 1886 τὰ
1575 1861 1675 1896 ἄμφια,
1691 1861 1829 1888 διαπτὺσ-

1033 1913 1088 1932 σειν
1102 1905 1131 1932 δὲ
1147 1905 1247 1940 μᾶλλον
1268 1905 1371 1940 νοητῶς
1395 1905 1446 1941 τὴν
1471 1906 1584 1941 καρδίαν
1609 1906 1658 1941 τὴν
1673 1907 1767 1942 ἀπηνῆ
1780 1907 1828 1934 καὶ

1035 1950 1224 1986 πεπιλημένην
1251 1951 1292 1982 εἰς
1316 1950 1350 1986 ἢν
1378 1951 1392 1977 ὁ
1421 1951 1491 1983 θεῖος
1506 1950 1556 1977 οὐκ
1570 1951 1703 1978 εἰσδύεται
1732 1951 1826 1986 φόϐος.

1038 1996 1204 2022 Ἑπιστέλλει
1233 1993 1279 2022 οὖν
1307 1996 1461 2031 Κορινθίοις
1487 1997 1500 2023 ὁ
1519 1995 1641 2028 Παῦλος-
1668 2006 1678 2022 ι
1695 1997 1734 2023 Οὐ
1764 2005 1829 2024 στε-

1032 2042 1194 2078 νοχωρείσθε
1212 2043 1241 2068 ὲν
1254 2043 1333 2077 ἡμῖν,
1344 2042 1555 2078 στενοχωρεῖσθε
1571 2043 1599 2069 δὲ
1611 2044 1640 2069 ὲν
1653 2044 1710 2075 τοῖς
1721 2043 1828 2078 σπλάγ-

1032 2096 1104 2122 χνοις
1132 2087 1217 2123 ὑμῶν.
1238 2087 1293 2124 Τὴν
1311 2088 1338 2114 δὲ
1364 2089 1448 2124 αὐτὴν
1474 2088 1647 2123 ἀντιμισθίαν
1664 2089 1703 2121 ὡς
1719 2089 1828 2122 τέκνοις

1032 2133 1112 2167 λέγω,
1121 2133 1290 2168 πλατύνθητε
1299 2134 1346 2160 καὶ
1353 2134 1457 2169 ὑμεῖς.»
1468 2134 1526 2170 Χρὴ
1532 2132 1578 2161 οὖν
1589 2135 1642 2170 ἄρα
1648 2135 1828 2170 κατευρύνειν

1034 2178 1084 2213 μὲν
1099 2178 1193 2213 ὥσπερ
1205 2179 1264 2214 Θεῷ
1280 2179 1329 2215 τὴν
1346 2179 1470 2215 καρδίαν,
1484 2180 1530 2206 καὶ
1546 2181 1687 2215 μονονουχὶ
1703 2181 1752 2207 τὸν
1764 2181 1829 2208 νοῦν

1033 2223 1257 2260 περιρῤηγνῦναι,
1290 2225 1484 2258 ῖνέἱσδέξαιτο
1508 2225 1538 2251 τὸ
1564 2225 1658 2252 αὐτοῦ.
1677 2225 1829 2261 Τοιγάρτοι

191 2273 259 2300 nihil
276 2271 328 2299 illis
358 2270 489 2306 profuerit
508 2270 555 2304 qui
573 2269 597 2296 id
616 2269 738 2296 fecerint.
753 2268 810 2295 Non
825 2267 877 2295 vile
891 2272 980 2295 autem

1035 2270 1200 2297 πλάττεσθαι
1219 2270 1316 2306 λύπην,
1334 2271 1604 2306 καταρῤηγνυμένων
1621 2272 1683 2307 εἰκῇ
1702 2272 1752 2299 καὶ
1774 2273 1827 2308 μά-

191 2319 296 2346 lucrum
315 2316 478 2353 apportabit,
498 2316 605 2350 aperire
625 2322 672 2342 cor
695 2313 760 2347 Deo,
779 2319 806 2341 et
826 2313 881 2341 illic
900 2321 978 2349 repo-

190 2372 257 2392 nere
269 2362 341 2400 quod
352 2363 392 2391 illi
402 2361 503 2397 placet;
516 2361 649 2389 conducet
671 2360 743 2387 enim
757 2367 798 2388 res
809 2360 840 2386 ad
853 2359 978 2387 salutem.

191 2410 249 2438 Non
270 2415 358 2438 autem
382 2415 430 2443 spe
451 2415 498 2435 sua
519 2408 644 2441 lapsuros
666 2405 822 2440 suppliciter
842 2410 978 2441 rogantes,

191 2455 323 2491 propheta
352 2454 509 2486 confirmat,
528 2452 655 2487 inquiens
677 2451 817 2478 Dominum
839 2451 978 2478 universo-

192 2509 251 2529 rum
266 2508 328 2529 esse
341 2500 498 2534 benignum,
514 2503 542 2526 et
556 2497 647 2526 multae
663 2497 869 2530 misericordiae,
884 2501 912 2524 et
925 2497 978 2524 mi-

191 2552 350 2579 seratorem,
363 2551 390 2574 et
404 2546 516 2578 bonum,
530 2549 555 2571 et
570 2543 746 2578 pmnitentem
760 2550 842 2578 super
855 2542 977 2570 malitiis.

191 2593 258 2620 Nam
279 2592 330 2620 etsi
353 2595 512 2626 peccatores
533 2588 651 2624 affligere
669 2588 794 2623 cceperit,
815 2592 904 2615 tamen
926 2594 979 2614 non

191 2639 236 2666 diu
260 2642 320 2672 post
344 2636 469 2668 lenietur,
490 2633 621 2669 facileque
645 2633 678 2661 ad
701 2632 896 2668 benignitatem
919 2639 981 2659 sese

193 2682 349 2709 transferet.
372 2680 427 2708 lloc
447 2683 511 2715 puto
532 2686 592 2706 esse
613 2687 622 2705 ι
646 2678 780 2713 pmnitere
801 2685 882 2712 super
901 2676 979 2704 mali-

193 2728 248 2756 tiis.
266 2737 276 2754 )
294 2728 413 2755 Salutem
428 2732 509 2762 porro
524 2723 739 2760 desperantibus,
757 2723 886 2758 propheta
905 2722 978 2750 utili-

193 2779 233 2801 ter
244 2773 422 2808 cogitationes
432 2776 458 2800 ιιι
470 2771 581 2799 consilia
595 2770 702 2805 propria
716 2769 876 2804 ρτιυεὶιιριιε,
888 2777 897 2793 ι
913 2769 979 2801 Quis

1038 2323 1098 2350 την,
1118 2316 1239 2350 ὀνήσειεν
1259 2316 1292 2342 ἂν
1310 2316 1385 2343 οὐδὲν
1404 2316 1467 2348 τοὺς
1483 2316 1562 2343 τοῦτο
1578 2317 1644 2352 δρᾷν
1657 2317 1826 2353 ᾑρημένους.

1040 2361 1193 2397 Ἐμποιήσῃ
1212 2361 1233 2388 δ’
1259 2361 1291 2388 ἂν
1315 2363 1345 2388 οὺ
1368 2362 1454 2397 βραχὺ
1468 2363 1498 2388 τὸ
1513 2362 1608 2398 κέρδος
1621 2363 1652 2390 τὸ
1667 2364 1828 2398 ἀνοιγνύναι

1033 2407 1158 2442 καρδίαν,
1171 2408 1216 2434 καὶ
1231 2408 1438 2434 ὲναποτίθεσθαι
1452 2407 1483 2434 τὸ
1493 2407 1588 2434 δοκοῦν
1599 2407 1637 2442 τῷ
1653 2408 1726 2444 Θεῷ.
1750 2410 1829 2437 Ἀπο-

1033 2454 1124 2488 κομιεί
1137 2454 1191 2489 γὰρ
1211 2454 1241 2480 τὸ
1265 2454 1357 2489 χρῆμα
1384 2454 1451 2489 πρὸς
1468 2454 1615 2490 σωτηρίαν.
1639 2455 1700 2482 Ὂτι
1725 2456 1754 2483 δὲ
1777 2457 1828 2483 ούκ

1032 2498 1226 2531 ἀποτεύξονται
1259 2499 1306 2526 τοῦ
1339 2499 1441 2526 σκοποῦ
1471 2500 1627 2535 ποιούμενοι
1649 2500 1700 2532 τὰς
1732 2501 1826 2535 λιτὰς,

1032 2545 1146 2579 ὲμπεδοί
1171 2545 1269 2579 λέγων,
1296 2546 1334 2578 ὡς
1360 2545 1403 2581 εἴη
1419 2546 1562 2581 μὲνὸτῶν
1588 2546 1656 2574 ὅλων
1684 2549 1828 2584 Δεσπότης

1032 2590 1222 2626 φιλάνθρωπός
1232 2599 1271 2624 τε,
1283 2591 1328 2618 καὶ
1339 2591 1471 2626 φιλέλεος,
1480 2592 1640 2628 οἰκτίρμων,
1651 2593 1699 2620 καὶ
1711 2594 1826 2628 ἀγαθὸς,

1033 2633 1081 2661 καὶ
1095 2635 1233 2670 μετανοῶν
1245 2635 1290 2662 ἐπὶ
1307 2637 1367 2668 ταῖς
1383 2636 1504 2668 κακίαις.
1518 2636 1549 2663 Εἰ
1561 2637 1616 2673 γὰρ
1632 2637 1664 2673 δὴ
1677 2639 1724 2665 καὶ
1739 2639 1828 2666 ἕλοιτο

1034 2680 1134 2708 κακοῦν
1144 2682 1205 2712 τοὺς
1216 2682 1421 2717 ἡμαρτηκότας,
1434 2683 1490 2709 ἀλλ’
1510 2681 1557 2710 οὖν
1573 2683 1649 2710 ἐσται
1663 2685 1764 2719 πρᾶος,
1781 2686 1828 2713 καὶ

1032 2726 1082 2752 οὐκ
1092 2726 1120 2758 ἐς
1137 2727 1256 2763 μακράν.
1278 2729 1440 2764 Μεταχωρεῖ
1451 2729 1506 2765 γὰρ
1523 2729 1642 2761 εὐκόλως
1662 2731 1711 2757 ἐπὶ
1723 2731 1754 2758 τὸ
1766 2731 1828 2766 βου-

1032 2771 1156 2799 λεύεσθαι
1168 2773 1202 2799 τὰ
1216 2774 1331 2809 χρηστά.
1346 2774 1432 2802 Τοῦτο
1444 2772 1513 2802 εἶναι
1529 2783 1600 2810 φημι
1611 2775 1640 2802 τὸ
1661 2785 1669 2801 ι
1683 2777 1827 2811 μετανοεῖν

229 2862 250 2877 ’³
278 2863 298 2891 ll
326 2865 386 2891 Cor.
408 2871 454 2896 vn,
471 2862 514 2889 l0.
543 2862 565 2877 ”
580 2861 673 2888 Matth.
702 2869 726 2894 v,
751 2860 776 2887 5.
815 2860 837 2877 ’⁵
857 2860 944 2889 Esclc.
979 2869 980 2873 ‘

1043 2863 1067 2890 5.
1106 2865 1128 2880 ’⁵
1162 2864 1267 2892 lJoan.
1294 2873 1312 2899 I,
1337 2865 1362 2893 9.
1401 2866 1422 2881 ’⁷
1442 2865 1462 2893 ιι
1493 2866 1553 2894 Cor.
1573 2875 1612 2900 vr,
1644 2867 1686 2899 l2,
1716 2867 1761 2896 l5.
