1919 3041
97 180 151 209 565

97 239 146 266 ἐπὶ
164 239 224 270 ταῖς
253 238 377 270 κακίαις.
391 248 401 265 ι
429 224 664 275 Ύποτεμνόμενος
676 240 704 266 δὲ
719 240 862 276 χρησίμως
875 240 889 266 ό
903 257 927 286 Α

97 285 245 320 προφήτης
258 285 314 312 τῶν
326 287 375 322 τὴν
386 286 522 322 σωτηρίαν
533 286 732 320 ἀπεγνωκότων
742 286 773 312 τὸ
789 286 889 312 εἰκαιό-

99 329 205 362 6ουλον,
216 339 226 355 ι
246 330 295 362 Τίς
305 328 490 366 οἷδεμφησὶν,
506 341 514 358 ι
527 332 552 358 ει
568 332 739 367 μετανοήσει,
756 331 804 358 καὶ
827 332 890 358 ὑπο-

98 375 214 410 λήψεται.
229 376 319 403 ὀπίσω
331 377 412 403 αὐτοῦ
423 378 548 412 εὐλογίαν
562 385 568 410 ;
589 387 598 403 ι
612 378 658 405 καὶ
674 377 709 404 τὰ
719 377 792 412 ἑξῆς.
806 377 889 403 Τουτ-

98 421 167 449 έστι.
182 421 266 449 δώσει
276 424 332 454 τοῖς
345 423 537 458 ἐπιστρέφουσι
552 424 582 450 τὸ
598 425 742 459 μετασχεῖν
753 423 887 457 εὐλογίαν,

545 159 818 208 (ΣΟΜΜΕΝΤΑΒΙὺΞ
838 179 870 206 IN
893 179 1024 207 JOELEM
1045 180 1265 209 PBOPHETAM.

1673 182 1725 210 566

940 241 1040 274 novit,»
1051 241 1164 276 inquit,«
1173 242 1195 269 si
1210 241 1350 277 paenitebit
1364 248 1436 274 eum,
1452 246 1478 269 et
1492 241 1609 269 dimittet
1621 246 1682 276 post
1695 249 1724 269 se

940 286 1172 314 benedictionem?
1181 296 1190 314 ι
1199 292 1265 321 etc.;
1277 287 1303 314 id
1316 291 1366 319 cst,
1380 286 1453 314 dabit
1465 285 1684 314 convertentibus
1695 293 1725 313 se

940 332 1133 360 benedictionis
1148 332 1206 360 ﬁeri
1224 333 1368 367 participes
1378 353 1386 366 ,
1401 337 1430 360 ut
1445 332 1560 360 libamen
1577 337 1604 360 et
1619 331 1726 359 sacriﬁ-

941 376 1011 403 cium
1026 377 1122 404 iterum
1137 377 1186 412 ipsi
1200 377 1297 405 oﬂ‘erre
1310 381 1419 412 queant,
1432 377 1582 412 gaudioque
1594 381 1621 405 et
1634 376 1725 405 latitia

944 423 1112 450 exsultantes
1126 423 1273 457 gratiarum
1288 424 1407 450 actiones
1420 423 1572 451 decantent.

98 466 169 494 ὥστε
186 469 235 495 καὶ
246 469 361 506 σπονδὴν
383 470 430 497 καὶ
445 470 541 498 θυσίαν
552 470 691 498 ἀναθεῖναι
704 471 785 498 πάλιν
813 470 903 506 αὐτῷ,
922 470 1066 506 χαίροντας
1083 479 1112 497 τε
1129 470 1176 497 καὶ
1205 470 1434 505 εὐφραινομένους
1446 470 1600 506 ἀναμέλψαι
1618 470 1653 497 τὰ
1675 479 1725 506 χα-

118 522 177 542 ιστη
183 524 239 542 οια.

118 522 144 540 ισ
201 524 239 542 ια.

99 523 115 550 ρ
133 515 313 588 Σξὴαὲπίσατε
330 561 475 597 σάλπιγγι
496 562 530 589 ὲν
552 562 645 597 Σιὼν,
672 563 816 598 ἁγιάσατε
837 571 890 597 νη-

96 607 215 637 στείαν,
231 607 381 642 κηρύξατε
405 608 575 642 θεραπείαν,
596 609 780 643 συναγάγετε
801 609 890 642 λαὸν,

96 652 244 686 ἁγιάσατε
268 654 464 687 Ἐκκλησίαν,
478 653 644 686 ἐκλέξασθε
659 654 890 688 πρεσϐυτέρους,

96 697 249 732 συνάγετε
265 698 359 732 νήπια
382 699 549 733 θηλάζοντα
569 700 712 735 μαστούς.
732 700 892 732 Ἐξελθέτω

95 744 230 777 νυμφίος
255 744 290 770 ἐκ
313 744 367 771 τοῦ
395 743 546 777 κοιτῶνος,
575 746 624 772 καί
647 746 750 780 νύμφη
773 746 808 772 ἐκ
834 745 887 772 τοῦ

96 789 219 816 παστοῦ
230 789 335 824 αὐτῆς.
358 790 521 825 Ἇναμέσον
539 790 594 825 τῆς
608 791 752 825 κρηπίδος
774 791 823 817 καί
834 791 887 818 τοῦ

96 834 318 869 θυσιαστηρίου
342 836 528 863 κλαύσονται
552 837 579 863 οι
604 836 700 870 Ιερεῖς,
713 839 740 864 οι
755 838 888 871 λειτουρ-

975 559 1056 594 220
1079 557 1161 585 Vsus.
1175 557 1266 584 15-17.
1283 556 1402 593 Clangite
1416 559 1478 586 tuba
1492 559 1520 585 in
1536 558 1612 593 Sion,
1624 562 1723 589 sancti-

940 605 1016 639 ﬁcata
1024 603 1165 638 jejunium,
1177 602 1317 637 prwdicate
1329 603 1499 636 curationem,
1511 610 1662 640 congregata
1674 615 1723 639 po-

939 649 1038 684 pulum,
1048 649 1210 682 sanctiﬁcate
1221 648 1374 681 Ecclesium,
1384 649 1470 684 eligite
1480 651 1604 682 seniores,
1613 658 1721 685 congre-

940 701 999 730 gate
1014 693 1136 729 paruulos
1153 698 1270 729 sugentes
1287 694 1378 721 ubera.
1394 694 1553 729 Egrediatur
1566 702 1674 729 sponsus
1691 696 1723 722 de

941 741 1022 767 cubili
1038 748 1096 773 tuo,
1113 745 1137 768 et
1154 749 1251 775 sponsu
1267 741 1299 769 de
1315 742 1431 769 thalamo
1446 750 1504 769 suo.
1523 741 1596 769 Inter
1612 744 1723 777 crepidi-

940 795 997 814 nem
1015 791 1040 814 et
1056 787 1140 814 altare
1155 787 1294 821 plorabunt
1312 788 1461 815 sacerdotes
1479 788 1655 815 ministrantes
1672 788 1724 816 Do-

940 833 1022 866 mino,
1039 837 1063 859 et
1081 833 1167 860 dicent
1183 841 1193 860 :
1209 832 1304 866 Parce,
1321 833 1442 866 Domine,
1460 833 1556 868 populo
1577 838 1633 866 tuo,
1649 838 1674 861 et
1694 842 1725 861 ne

95 879 225 913 τοῦντες
246 881 353 915 Κυρίῳ,
370 881 418 908 καὶ
435 881 569 915 ἐροῦσιν·
589 882 703 916 Φεῖσαι,
718 883 815 916 Κύριε,
835 883 889 910 τοῦ

940 877 984 904 de:
998 876 1176 904 [nereditatem
1192 883 1264 904 tuam
1280 879 1306 904 in
1322 877 1499 912 opprobrium,
1515 883 1544 905 ut
1559 879 1726 906 dominentur

95 925 173 952 λαοῦ
190 933 272 958 σου,
301 926 350 953 καὶ
372 926 415 961 μὴ
439 926 498 960 δῷς
525 927 583 961 τὴν
603 928 806 963 κληρονομίαν
830 935 888 955 σου

101 972 146 1004 εἰς
175 971 293 1004 ὄνειδος
317 972 370 999 τοῦ
404 971 549 1006 κατάρξαι
569 972 668 1000 αὐτῶν
691 973 779 1008 ἔθνη,
808 973 888 1007 ὅπως

94 1016 136 1050 μὴ
153 1017 284 1044 εἴπωσιν
304 1017 338 1043 ὲν
358 1016 421 1049 τοῖς
442 1017 556 1050 ἔθνεσι,
577 1017 639 1045 Ποῦ
663 1017 749 1045 ἔστιν
773 1019 789 1045 ό
815 1017 888 1051 Θεὸς

96 1062 196 1090 αὐτῶν
204 1071 214 1094 ;

133 1108 272 1135 κιρ-ΚΘ.
284 1108 456 1144 Διανίστησιν
476 1107 506 1136 εὖ
521 1109 595 1144 μάλα
606 1109 653 1136 καὶ
669 1109 714 1136 διὰ
723 1109 824 1136 τούτων
839 1110 887 1136 αὐ-

96 1154 161 1185 τοὺς
177 1154 218 1185 είς
245 1154 427 1189 μετάγνωσιν,
453 1154 501 1181 καὶ
530 1154 631 1190 τρόπον
657 1155 751 1182 οὐδένα
780 1155 830 1190 τῆς
847 1156 887 1187 είς

98 1200 178 1226 τοῦτο
195 1200 313 1235 σπουδῆς
338 1200 557 1236 ἀνεπιτήδευτον,
577 1201 625 1236 ὲᾷν
640 1201 779 1228 ἐπιτάττει
792 1201 886 1237 χρησί-

99 1254 167 1280 μως.
179 1246 239 1272 Δεῖν
247 1246 301 1281 γὰρ
319 1245 371 1281 ἔφη
382 1246 500 1282 λαμπρῷ
514 1247 560 1274 καὶ
572 1247 717 1283 διαπρεπεῖ
728 1248 886 1283 κηρύγματι

97 1292 300 1326 κεχρημένους,
315 1292 440 1326 ἁγιάζειν
454 1293 502 1328 μὲν
519 1294 656 1328 νηστείαν,
671 1293 788 1330 κηρύξαι
802 1294 830 1321 δὲ
843 1294 886 1321 θε-

99 1337 227 1371 ραπείαν,
251 1338 299 1363 καὶ
330 1337 500 1373 συναγείρειν
514 1338 542 1365 ὲν
564 1339 714 1374 Ἐκκλησία
728 1341 791 1371 τοὺς
806 1339 886 1375 θερα-

96 1383 191 1410 πεύειν
206 1384 374 1417 ὀφείλοντας,
391 1383 470 1419 δῆλον
485 1383 513 1410 δὲ
525 1385 566 1411 ὅτι
576 1384 765 1420 λελυπημένον
776 1385 821 1412 τὸν
832 1384 886 1412 τῶν

96 1429 165 1456 ὅλων
184 1429 264 1456 Θεόν.
280 1427 343 1456 Εἶεν
361 1429 383 1456 δ’
394 1430 427 1457 ἂν
445 1427 517 1457 οὗτοι
529 1430 675 1463 νεανίσκοι,
685 1431 732 1458 καὶ
745 1430 883 1467 παρθένοι,

96 1475 281 1512 πρεσϐύτεροι
301 1475 370 1510 μετὰ
383 1475 535 1511 νεωτέρων,
553 1477 638 1511 νήπιά
652 1486 682 1503 τε
700 1477 769 1512 πρὸς
781 1477 886 1510 τούτοις

95 1521 240 1555 ἁρτιγενῆ,
260 1521 308 1548 καὶ
321 1521 461 1555 ὐπότιτθα,
483 1521 599 1557 καὶμὴν
615 1522 662 1549 καὶ
683 1523 811 1558 νυμφίοι,
837 1522 886 1550 καὶ

95 1566 246 1602 ἀρτιγαμοι
270 1567 361 1602 κόραι,
376 1567 448 1602 τάχα
463 1575 515 1594 που
530 1567 756 1602 κατεστεμμένων
777 1567 817 1594 ἔτι
833 1576 885 1595 παι

936 1521 1072 1549 eoronatis
1092 1527 1277 1554 excurrentes,
1295 1526 1324 1549 et
1346 1522 1472 1549 lectulum
1494 1522 1627 1557 genialem
1647 1523 1723 1552 dese-

938 1571 1039 1599 rentes,
1053 1567 1270 1601 voluptatemque
1281 1571 1308 1593 et
1322 1566 1415 1602 epulas
1427 1567 1615 1602 despicienles,
1627 1572 1656 1595 et
1668 1569 1723 1596 vita

95 1566 246 1602 ἀρτιγαμοι
270 1567 361 1602 κόραι,
376 1567 448 1602 τάχα
463 1575 515 1594 που
530 1567 756 1603 κατεστεμμένων
777 1567 817 1594 ἔτι
833 1576 885 1595 παι

97 1611 166 1638 στῶν
178 1612 336 1645 ὲκθέουσαι,
361 1613 408 1639 καὶ
431 1612 584 1648 γαμηλίους
602 1612 682 1644 εὐνὰς
699 1612 864 1648 ἀρνούμεναι
875 1634 883 1646 ,

95 1657 202 1693 τρυφῆς
216 1666 258 1691 τε,
273 1658 321 1684 καὶ
335 1657 416 1684 πότου
429 1657 613 1694 ὑπερορῶσαι,
628 1658 676 1684 καὶ
686 1657 884 1693 ἀλλασσόμεναι

95 1702 144 1738 τὴν
172 1703 388 1738 αληραγωγὶαν
421 1703 535 1739 (κρότου
565 1703 812 1739 περιεσταλμένου,
838 1703 885 1730 καὶ

95 1748 228 1783 ᾀσμάτων
246 1748 434 1784 ἠρεμούντων,
454 1750 502 1777 καὶ
516 1749 668 1785 εὐφημιῶν,
682 1749 715 1781 ἃς
739 1749 799 1781 ἔθος
813 1749 884 1776 τισὶν

95 1794 227 1821 ἀνάπτειν
237 1794 343 1821 ἔσθ’ὄτε
351 1797 407 1827 τοῖς
415 1796 609 1831 γεγαμηκόσι),
617 1796 664 1822 καὶ
677 1795 745 1830 ὁμοῦ
756 1796 884 1831 νυμφίοις

93 1839 304 1875 ὀλοφυρόμεναι.
327 1840 384 1867 Καὶ
402 1841 456 1876 γάρ
469 1841 543 1868 ἐστιν
565 1841 665 1877 ἀληθὲς
688 1841 756 1876 ὅπερ
770 1840 822 1876 ἔφη
841 1849 884 1872 τις

92 1883 146 1910 τῶν
165 1884 233 1919 παρ’
253 1885 319 1919 ἡμῖν
338 1885 437 1920 σοφῶν·
456 1886 599 1913 «Μουσικὰ
609 1886 638 1912 ὲν
650 1885 752 1917 πένθει,
769 1885 883 1921 ἄκαιρος

92 1929 464 1966 διήγησιςδῈπηρτημένης
477 1931 509 1966 δὴ
533 1930 579 1958 οὖν
605 1932 670 1967 ἡμῖν
689 1931 763 1963 θείας
778 1931 881 1967 ὀργῆς,

92 1975 202 2001 πενθεῖν
226 1970 393 2009 ἀναγκαῖον,
417 1977 478 2011 οὐχὶ
507 1977 600 2008 πότοις
628 1986 657 2003 τε
691 1977 738 2004 καὶ
766 1978 882 2012 τρυφαῖς

89 2020 287 2055 ὲνευρύνεσθαι
304 2022 401 2056 φιλεῖν.
417 2023 477 2048 Ὅτι
496 2022 551 2057 γὰρ
576 2023 627 2048 οὐκ
653 2023 828 2058 ἀμοιρήσειεν
848 2022 881 2048 ἂν

92 2067 206 2101 μομφῆς
220 2075 262 2098 τε,
282 2068 329 2095 καὶ
342 2067 420 2102 δίκης
434 2068 465 2094 τὸ
475 2068 526 2095 οὐκ
548 2069 577 2094 ὲν
592 2069 680 2104 καιρῷ
698 2069 814 2104 τρυφᾷν,
835 2077 882 2095 σα-

89 2113 184 2147 φηνιεί
197 2121 243 2144 τις
253 2112 308 2139 τῶν
326 2113 411 2147 ἁγίων
428 2113 585 2149 προφητῶν,
600 2114 686 2148 λέγων
706 2114 770 2149 περὶ
783 2113 837 2140 τῶν
853 2113 882 2146 ἐξ

95 2157 218 2193 Ἰσραήλ·
242 2167 251 2182 ι
263 2158 318 2184 Καὶ
333 2159 445 2186 ἐκάλεσε
457 2159 557 2194 Κύριος
568 2159 681 2186 Σαὸαὼθ
696 2160 725 2186 ὲν
742 2161 774 2195 τῇ
789 2160 881 2196 ἡμέρᾳ

938 930 1027 949 eorum
1045 928 1141 957 gentes,
1159 927 1187 949 ut
1205 931 1257 950 non
1274 923 1363 950 dicunt
1381 924 1409 950 in
1427 924 1576 952 nationibus
1592 932 1601 952 :
1618 923 1670 952 Ubi
1686 928 1725 952 ιιι

941 967 1008 995 Deus
1024 976 1113 995 eorum
1120 968 1133 995 Ρ

971 1108 1190 1137 XXVIll-XXIX.
1211 1109 1297 1138 Etiam
1318 1110 1359 1138 bis
1370 1118 1416 1138 eos
1427 1111 1459 1138 ad
1470 1111 1655 1145 pcenitentiam
1681 1118 1724 1139 re-

937 1153 1056 1181 ctissime
1064 1155 1247 1186 exsuscitat.et
1257 1155 1349 1183 modos
1357 1162 1450 1183 omnes
1458 1155 1483 1183 in
1489 1155 1541 1183 hoc
1548 1155 1636 1184 studio
1643 1163 1726 1191 expe-

938 1199 984 1226 riri
995 1199 1140 1227 salubriter
1152 1200 1419 1235 prmcipit.0portere
1427 1201 1512 1234 enim,
1520 1201 1616 1235 inquit,
1626 1201 1725 1237 Insigni

936 1250 964 1272 et
977 1245 1117 1273 excellenti
1128 1246 1329 1274 denuntiatione
1339 1246 1457 1274 adhibita
1473 1246 1643 1274 sanctiﬁcare
1653 1246 1725 1282 jeju-

936 1291 1021 1324 nium,
1034 1292 1180 1326 prtedicare
1193 1292 1372 1325 curationem,
1381 1296 1578 1328 etcongregare
1590 1292 1618 1320 in
1632 1292 1726 1321 Eccle-

935 1337 1014 1370 siam,
1023 1337 1068 1372 qui
1080 1337 1162 1365 Deum
1172 1336 1302 1365 offensum
1315 1338 1470 1373 propitient,
1481 1346 1577 1374 nempe
1609 1338 1724 1373 Iuvenes

935 1387 961 1412 et
977 1384 1112 1419 virgines,
1129 1391 1208 1412 senes
1224 1392 1285 1411 cum
1299 1384 1499 1419 junioribus",
1547 1384 1664 1412 infantes
1681 1385 1725 1412 in-

935 1438 1016 1465 super
1028 1431 1107 1458 modo
1122 1431 1226 1465 genitos
1238 1430 1259 1462 ',
1273 1435 1299 1458 et
1314 1431 1403 1458 adhuc
1417 1431 1467 1458 sub
1482 1431 1575 1463 ubere,
1591 1436 1723 1466 prmterea

935 1484 1048 1512 sponsos
1061 1481 1088 1504 et
1102 1484 1185 1505 novas
1200 1482 1306 1512 nuptas,
1322 1478 1447 1505 nimirum
1460 1485 1476 1505 e
1491 1478 1617 1506 thalamis
1632 1479 1722 1507 adhuc

936 1521 1072 1549 coronatis
1092 1527 1277 1554 excurrentes,
1295 1526 1324 1549 et
1346 1522 1472 1549 lectulum
1494 1522 1627 1557 genialem
1647 1523 1724 1552 dese-

936 1613 1084 1641 austeriore
1098 1617 1293 1640 commutantes
1308 1613 1420 1648 (plausu
1436 1620 1602 1648 compresso,
1617 1614 1724 1648 epitha-

936 1657 1025 1685 lamiis
1044 1657 1196 1690 silentibus,
1213 1662 1240 1685 et
1260 1658 1338 1686 bonis
1358 1658 1503 1691 ominibus,
1523 1659 1620 1692 quibus
1640 1666 1724 1686 novos

936 1703 1064 1739 conjuges
1075 1703 1184 1738 quidam
1198 1703 1325 1738 prosequi
1338 1704 1449 1738 solent),
1462 1707 1490 1731 et
1501 1711 1553 1731 una
1566 1711 1626 1731 cum
1638 1712 1716 1739 spon-

935 1750 973 1778 sis
995 1750 1183 1777 lamentantes.
1202 1749 1301 1776 Verum
1333 1749 1465 1784 siquidem
1490 1757 1560 1777 unus
1582 1757 1598 1777 e
1622 1750 1722 1778 nostris

935 1794 1103 1830 sapientibus
1118 1794 1185 1822 dixit
1199 1803 1207 1822 :
1226 1803 1236 1820 ι
1255 1793 1355 1821 Musica
1372 1794 1397 1821 in
1413 1794 1496 1826 luctu,
1511 1800 1553 1822 est
1568 1795 1704 1830 importun

935 1839 1082 1868 narratio”.
1096 1849 1105 1865 ι
1118 1839 1293 1875 Opprimente
1305 1839 1386 1874 igitur
1395 1846 1444 1867 nos
1455 1840 1494 1866 ira
1504 1839 1603 1870 divina,
1617 1839 1719 1873 lugere,

935 1893 987 1912 non
1001 1885 1132 1912 conviviis
1142 1889 1169 1912 et
1181 1884 1285 1912 deliciis
1296 1884 1386 1912 soluto
1398 1884 1490 1911 animo
1502 1891 1598 1911 vacare
1611 1892 1721 1912 necesse

933 1936 983 1959 est.
996 1931 1063 1958 Nam
1078 1931 1266 1965 intempestive
1279 1930 1344 1957 dare
1358 1937 1467 1965 operam
1480 1930 1620 1965 voluptati,
1634 1934 1660 1958 et
1676 1938 1720 1958 re-

934 1978 1139 2012 prehensionem
1155 1982 1183 2005 et
1197 1985 1303 2012 poenam
1319 1977 1429 2010 mereri,
1445 1978 1554 2012 quidam
1570 1979 1603 2005 de
1617 1979 1719 2006 sanctis

934 2023 1072 2058 prophetis
1085 2023 1213 2056 ostendit,
1228 2023 1270 2050 liis
1284 2023 1372 2050 verbis
1386 2023 1420 2050 de
1433 2023 1568 2050 lsraelitis
1582 2023 1695 2058 loquens
1709 2034 1718 2052 :

936 2079 945 2096 ι
965 2070 998 2097 Et
1011 2069 1117 2096 vocavit
1133 2069 1262 2096 Dominus
1276 2068 1396 2096 Sabaoth
1410 2069 1437 2095 in
1451 2068 1494 2096 die
1510 2068 1554 2095 illa
1569 2068 1678 2102 ﬂetum,
1692 2075 1720 2097 et

932 2115 1080 2149 planctum,
1092 2119 1119 2141 et
1133 2115 1280 2148 calvitium,
1295 2119 1321 2142 et
1336 2115 1485 2141 cincturam
1501 2120 1653 2147 saccorum;
1669 2115 1720 2148 ipsi

933 2166 1021 2188 autem
1034 2161 1155 2188 fecerunt
1165 2160 1297 2193 laetitiam,
1310 2160 1482 2187 immolantes
1492 2160 1588 2187 vitulos
1599 2165 1626 2188 et
1636 2161 1720 2187 sacri-

88 2203 182 2238 éxeiv-n
208 2202 359 2239 κλαυθμὸν,
375 2205 421 2230 καὶ
443 2206 576 2237 κοπετὸν,
605 2205 652 2232 καὶ
679 2205 807 2241 ξύρησιν,
832 2205 879 2232 καὶ

936 2207 1045 2234 licantes
1058 2214 1136 2238 oves;
1151 2206 1188 2233 ita
1202 2211 1231 2233 ut
1246 2205 1419 2233 comederent
1433 2212 1539 2237 carnes,
1555 2211 1581 2233 et
1596 2206 1720 2233 biberent

88 2249 172 2281 ζῶσιν
190 2250 396 2284 σάκκων,αὐτοὶ
407 2252 435 2278 δὲ
447 2253 610 2288 ἐποιήσαντο
624 2252 802 2288 εὐφροσύνας,
810 2252 878 2287 σφά-

88 2296 182 2328 ζοντες
201 2296 327 2332 μόσχους
336 2317 343 2330 ,
356 2298 400 2324 καὶ
412 2298 520 2330 θύοντες
537 2299 672 2334 πρόϐατα,
684 2299 730 2325 καὶ
744 2298 879 2333 λέγοντες⁸

87 2342 237 2377 Φάγωμεν,
253 2343 301 2369 καὶ
318 2343 435 2378 πίωμεν,
456 2344 550 2380 αῦριον
564 2344 619 2378 γὰρ
634 2344 852 2380 ἀποθνήσκομεν.
868 2353 878 2370 ι

88 2388 228 2422 Ζηητέον
253 2386 300 2415 οὖν
329 2388 454 2425 θρήνους,
483 2390 530 2416 καὶ
557 2390 662 2424 δάκρυα
688 2389 881 2425 ὲπηρτημένης

88 2432 183 2468 ὀργῆς.
200 2433 257 2460 Καὶ
276 2433 425 2469 διερῤίφθω
446 2435 536 2466 πότος.
557 2436 616 2461 Δεῖν
639 2435 668 2461 δέ
683 2443 765 2470 φησιν
785 2436 799 2462 ό
813 2443 880 2470 προ-

89 2479 177 2513 φήτης
190 2479 240 2504 καὶ
253 2479 319 2505 αὐτὸ
331 2481 385 2511 τοῖς
398 2480 524 2507 πενθοῦσι
541 2481 572 2507 τὸ
594 2480 666 2516 ἱερὸν
678 2480 876 2507 ἁναπλέκεσθαι

89 2524 134 2550 καὶ
143 2524 297 2551 ἀπόλεκτον
321 2525 411 2560 γένος,
439 2526 485 2553 καὶ
497 2527 528 2562 δὴ
545 2527 612 2562 πρὸς
640 2527 736 2558 αὐταῖς
761 2528 876 2563 κρηπῖσι

86 2568 133 2595 τοῦ
148 2569 226 2602 ναοῦ,
239 2570 288 2597 καὶ⁵
298 2571 435 2606 ἀναμέσον
453 2571 501 2598 τοῦ
520 2571 713 2608 θυσιαστηρίου
735 2572 877 2599 κατολολύ-

88 2614 143 2646 ζειν
158 2616 278 2648 ἐκτενῶς
296 2617 514 2650 ἀνακωκύοντας,
527 2618 573 2645 καὶ
592 2618 730 2652 λέγοντας
749 2628 758 2644 ι
772 2619 876 2652 Φεῖσαι,

88 2659 183 2695 Κύριε,
195 2660 244 2687 τοῦ
262 2661 328 2690 λαοῦ
347 2671 406 2696 σου,
424 2663 472 2690 καὶ
497 2663 534 2699 μὴ
557 2663 610 2699 δῷς
623 2663 672 2700 τὴν
696 2663 879 2699 κληρονομίαν

88 2714 134 2733 σου
152 2708 193 2739 εἰς
207 2707 321 2740 ὄνειδος,
347 2709 395 2736 τοῦ
411 2709 546 2745 κατάρξαι
570 2709 660 2736 αὐτῶν
673 2709 746 2745 ἔθνη,
775 2710 880 2745 μήποτε

85 2750 183 2779 εῐπωσι
201 2753 236 2780 τὰ
257 2753 333 2789 ἔθνη,
357 2754 412 2781 Ποῦ
438 2754 535 2782 ἔστινό
556 2755 620 2786 Θεὸς
649 2754 755 2788 αὐτῶν;
769 2763 778 2780 ι
809 2754 879 2782 Ἀλλ’

85 2796 164 2832 ειπερ
185 2798 268 2834 μόνον
281 2799 356 2835 αὐτῷ
377 2800 428 2836 τῆς
447 2801 557 2836 ἀκρίδος
580 2800 659 2835 λόγος
681 2799 725 2836 ἦν,
747 2800 805 2832 πῶς
820 2800 880 2836 οὐχὶ

118 2887 141 2904 ’⁸
171 2887 244 2916 Psal.
262 2896 373 2921 curnt,
400 2889 440 2916 12.
481 2889 490 2904 ¹
518 2888 527 2915 1
556 2887 628 2916 Petr.
661 2896 689 2922 ιι,
709 2887 736 2915 2.
776 2888 786 2904 ²
809 2887 892 2916 Eccli.

931 2254 1042 2286 vinum,
1066 2253 1188 2280 dicentes
1211 2260 1217 2279 :
1243 2251 1424 2279 Comedamus
1446 2256 1474 2279 et
1497 2251 1634 2285 bibamus,
1658 2259 1720 2280 cras

929 2298 1001 2325 enim
1026 2298 1155 2325 morimur
1164 2297 1185 2324 ³.
1208 2307 1218 2324 ι
1240 2297 1280 2324 Ad
1297 2297 1414 2324 lamenta
1437 2297 1518 2332 igitur
1538 2302 1564 2325 et
1585 2297 1718 2333 lacrymas

929 2343 1136 2378 confugiendum
1150 2347 1192 2370 est
1207 2343 1249 2370 liis
1276 2343 1303 2369 in
1318 2350 1386 2377 quos
1399 2343 1519 2370 caelestis
1533 2343 1572 2370 ira
1588 2343 1717 2371 incubue-

929 2390 974 2417 rit.
987 2389 1078 2424 Apage
1091 2396 1151 2416 cmn
1165 2389 1307 2416 conviviis.
1321 2388 1484 2424 Lugentibus
1497 2396 1578 2423 porro
1591 2394 1713 2417 sanctum

929 2439 956 2462 et
969 2434 1083 2463 electum
1096 2441 1180 2469 genus
1193 2434 1358 2461 miscendum
1372 2435 1420 2466 ait,
1433 2438 1460 2461 et
1474 2434 1535 2461 ideo
1550 2435 1620 2462 inter
1630 2435 1715 2463 vesti-

930 2480 1020 2508 bulum
1044 2479 1134 2513 templi
1156 2484 1183 2506 et
1203 2479 1288 2506 altare
1309 2479 1461 2514 ploraturos
1484 2480 1603 2513 impense
1623 2488 1714 2508 sacer-

931 2527 1021 2559 dotes,
1037 2530 1065 2553 et
1081 2533 1141 2553 cum
1159 2525 1261 2552 ululatu
1279 2526 1398 2553 dicturos
1415 2534 1421 2553 :
1441 2534 1450 2551 ι
1470 2524 1569 2560 Parce,
1586 2526 1711 2560 Domine,

931 2572 1029 2608 populo
1044 2577 1100 2605 tuo,
1115 2575 1143 2599 et
1160 2579 1194 2599 ne
1211 2571 1258 2599 des
1276 2571 1460 2598 haereditatem
1479 2576 1551 2598 tuam
1571 2572 1597 2598 in
1616 2579 1714 2607 oppro-

930 2618 1036 2650 brium,
1057 2623 1086 2645 ut
1107 2617 1281 2645 dominentur
1300 2623 1393 2644 eorum
1416 2616 1555 2648 nationes,
1577 2616 1656 2651 221
1681 2625 1715 2644 ne

929 2664 997 2692 forte
1009 2664 1099 2692 dicant
1112 2667 1205 2698 gentes
1220 2671 1227 2690 :
1242 2662 1293 2690 Ubi
1308 2667 1349 2690 est
1363 2661 1434 2690 Deus
1448 2662 1559 2689 eorum?
1573 2672 1583 2689 ο
1599 2663 1674 2696 Quod
1691 2664 1713 2691 si

929 2715 1033 2739 tantum
1050 2711 1084 2738 de
1101 2710 1203 2737 locusta
1222 2709 1353 2749 loquitur,
1368 2708 1503 2744 quomodo
1521 2717 1574 2736 non
1593 2710 1682 2744 potius
1697 2707 1712 2736 a

928 2757 998 2784 fame
1018 2761 1046 2784 et
1070 2756 1159 2791 inopia
1181 2756 1289 2783 liberari
1312 2755 1423 2790 petunt?
1444 2753 1554 2782 Timent
1576 2761 1664 2783 autem
1685 2756 1712 2782 in

928 2811 1024 2831 manus
1035 2802 1152 2831 hostium
1165 2802 1294 2836 incidere,
1303 2805 1331 2829 et
1342 2799 1494 2829 irrisionem
1505 2806 1587 2837 atque
1598 2802 1713 2830 dedecus

914 2887 1021 2921 “11,6.
1060 2888 1070 2904 ³
1095 2887 1149 2915 lsa.
1183 2895 1252 2920 ml,
1270 2886 1312 2920 l2,
1329 2887 1371 2915 l3.
