1919 3041
210 169 261 196 567

704 164 732 191 S.
752 163 889 192 CYRILLI
910 162 1142 191 ALEXANDRINI
1160 161 1319 191 ARCHIEP.

1780 160 1837 188 568

211 226 399 260 deprecantur.
425 222 567 250 Probabile
590 226 631 249 est
654 227 733 255 ergo,
757 221 828 255 quod
853 225 880 249 et
899 228 990 249 verum

1046 220 1145 255 μᾶλλον
1160 219 1309 255 λιμοῧ,καὶ
1324 217 1426 250 ἐνδείας
1437 217 1557 245 αἰτοῦσιν
1573 218 1751 255 ἀπαλλαγήν;
1772 219 1835 245 Ἐκε

210 270 342 302 dixerim,
362 269 412 296 sub
431 269 541 295 locustae
560 267 668 294 nomine
685 267 854 302 :eniglnstice
873 271 900 295 et
919 272 993 294 recte

212 314 334 342 hostilem
356 313 526 347 Assyriorum
551 312 695 339 adventum
721 311 848 340 describi.
871 311 947 345 Quod
970 312 992 340 si

210 358 271 392 quis
288 357 368 384 etiam
388 355 421 383 de
437 355 503 390 ipsis
522 355 633 383 locustis
651 355 708 383 haec
725 355 897 391 interpretari
914 356 991 388 velit,

211 401 306 428 merito
324 400 542 435 propheticorum
560 401 731 429 oraculorum
751 402 928 430 oeconomiam
945 403 992 430 ad-

210 448 332 475 miretur.
350 446 409 482 Ipse
427 455 544 483 namque
564 449 688 484 supplicii
706 449 800 476 modus
819 453 921 476 tantum
939 456 992 476 non

208 493 337 521 adversus
357 493 538 521 Israelitarum
559 495 721 522 dementiam
739 499 766 522 et
783 494 992 522 imbecillitatem

207 538 352 566 exclamat.
368 538 507 566 Mutabant
521 539 593 566 enim
607 543 634 566 et
648 539 845 566 venerabantur
858 538 922 566 deos
945 540 992 574 qui

207 591 261 611 non
278 589 341 611 sunt.
359 584 406 616 dii,
421 584 662 619 universorumque
677 584 730 611 Deo
746 584 849 618 relicto,
864 583 927 611 Baal
942 584 992 611 ad-

206 630 331 657 urebant.
349 629 401 658 Sed
418 637 482 657 ecce
500 631 608 658 locustae
624 637 684 658 cum
702 630 871 658 intolerando
887 629 993 665 agmine

206 681 445 708 castrametantur,
458 676 577 704 bruchus
593 680 723 708 armatur,
735 681 762 704 et
773 684 787 703 a
798 676 992 704 commentitiis

208 721 364 749 numinibus
375 722 433 749 suis
445 721 517 749 nullo
530 721 588 748 fulti
600 721 700 749 auxilio
714 726 881 749 sternuntur.
894 721 992 749 Bruchi

208 772 298 795 autem
318 772 345 795 et
364 767 474 795 locustae
489 768 580 799 victis,
598 772 625 795 et
642 768 707 796 deos
724 767 890 799 colentibus.
905 774 990 802 quan-

210 817 373 847 tumcunque
390 813 476 839 adhuc
494 811 672 846 profuissent,
689 812 712 840 si
731 817 827 839 contra
843 812 934 840 hostes
950 811 991 838 di-

210 857 366 891 micassent,
380 862 407 886 et
421 865 436 885 a
457 857 634 892 pltalnngibus
653 857 867 885 adversariorum
888 857 991 885 obsessi

210 903 332 931 fuissent.

1042 267 1144 294 δεδίασι
1167 266 1196 293 δὲ
1214 266 1245 292 τὸ
1269 266 1362 292 πεσεῖν
1381 266 1420 296 είς
1445 262 1539 300 χεῖρας
1553 264 1669 301 ὲχθρῶν,
1692 265 1742 292 καὶ
1759 274 1834 301 παρ’

1042 312 1178 339 αιτοῦνται
1199 312 1321 346 γέλωτα,
1344 311 1390 337 καὶ
1417 310 1578 345 ὀνειδισμὸν.
1600 310 1681 342 Είκὸς
1709 309 1768 343 οὖν,
1791 311 1834 338 ὅτι

1043 358 1125 393 φαίην
1135 357 1168 384 ἂν
1183 358 1229 384 καὶ
1240 356 1349 392 ἀληθὲς,
1365 356 1404 388 ὡς
1424 357 1452 382 ὲν
1466 356 1523 387 τοῖς
1537 355 1678 390 αἰνίγμασι
1697 356 1754 386 τοῖς
1769 356 1834 390 περὶ

1042 403 1092 437 τῆς
1115 402 1225 438 ἀκρίδος
1250 403 1267 436 ἡ
1297 401 1352 428 τῶν
1388 400 1538 436 ’Δσσυρίων
1564 400 1657 435 ἔφοδος
1680 400 1832 435 λεληθότως

1042 448 1187 484 ἐγράφετο.
1206 448 1236 474 Εἰ
1260 447 1289 473 δὲ
1311 446 1343 482 δὴ
1371 446 1492 482 βούλοιτό
1504 455 1546 478 τις
1559 447 1606 473 καὶ
1628 446 1769 481 ὲπ¹αὑτῆς
1781 447 1832 481 τῆς

1042 491 1152 527 ἀκρίδος
1176 490 1212 518 τὰ
1235 491 1348 518 τοιαῦτα
1371 491 1453 524 νοεῐν,
1477 491 1716 526 καταθαυμάσειεν
1731 491 1765 518 ἂν
1777 491 1831 517 τῶν

1043 536 1218 572 προφητικῶν
1235 536 1427 572 θεσπισμάτων
1454 537 1565 569 εἰκότως
1588 536 1638 572 τὴν
1661 536 1830 571 οικονομίαν.

1042 583 1127 616 Αὐτὸς
1146 583 1201 618 γὰρ
1222 583 1236 610 ὁ
1259 583 1308 618 τῆς
1323 582 1459 614 κολάσεως
1472 582 1572 618 τρόπος
1587 583 1729 618 μονονουχὶ
1744 591 1831 609 κατα-

1042 629 1163 664 κέκραγε
1175 629 1224 663 τῆς
1236 627 1283 654 τοῦ
1305 627 1414 663 Ἰσραὴλ
1437 627 1576 660 ἀϐουλίας,
1590 628 1637 656 καὶ
1650 628 1764 664 προσέτι
1779 628 1831 663 τῆς

1042 675 1154 711 ὲνούσης
1175 675 1265 706 αὐτοῖς
1292 674 1444 706 ἀσθενείας.
1467 673 1631 708 Ὴλλάξαντο
1647 674 1702 710 γὰρ
1713 674 1792 706 θεοὺς
1805 674 1830 700 οι

1041 721 1092 748 οῦκ
1112 721 1165 747 είσι
1181 720 1248 752 θεοὶ,
1261 719 1366 747 καὶτὸν
1391 719 1445 747 τῶν
1467 720 1534 747 ὅλων
1557 720 1622 747 Θεὸν
1647 720 1774 755 ἀφέντες,
1791 720 1831 755 τῷ

1043 766 1116 793 Βάαλ
1127 766 1390 801 προσκεκυνήκασιν.
1406 764 1475 791 Ἀλλ’
1487 765 1541 792 ἰδοὺ
1556 766 1584 792 αι
1601 765 1712 800 ἀκρίδες
1725 765 1831 801 ἀφόρη-

1042 821 1088 838 τον
1099 810 1238 838 ποιοῦνται
1262 810 1311 847 τὴν
1331 810 1516 846 παρεμδολὴν,
1537 810 1649 847 βροῦχος
1671 811 1829 844 οπλίςεται,

1043 856 1090 883 καὶ
1106 855 1281 883 πεπτώκασιν
1295 856 1422 891 οὐδεμίαν
1436 856 1543 891 ἔχοντες
1552 856 1712 892 ἐπικουρίαν
1729 857 1762 883 ὲκ
1775 855 1831 882 τῶν

1006 897 1223 938 Βψευδωνύμων
1243 901 1333 929 αὐτῶν
1361 901 1440 928 θεῶν.
1473 902 1505 928 Oi.
1533 902 1562 928 δὲ
1591 902 1623 938 δὴ
1647 902 1757 938 βροῦχοι
1783 901 1830 928 καὶ

207 951 317 986 ἀκρίδες
332 951 496 986 ἡττωμένοις
513 950 593 978 ποίαν
606 950 644 978 ἑτι
657 952 712 982 τοῖς
730 951 928 986 προσκυνοῦσιν
953 950 1043 982 αὐτοῖς
1073 950 1189 977 ὲπιδοίεν
1206 948 1255 984 τὴν
1290 950 1384 977 ἄκεσιν
1408 950 1432 976 εί
1447 950 1575 985 μάχοιντο
1607 950 1674 986 πρὸς
1701 950 1829 986 ἐχθροὺς,

207 997 254 1024 καὶ
269 997 327 1027 ταῖς
339 995 393 1022 τῶν
407 994 532 1022 ἐναντίων
549 994 733 1030 πολιορκοῖντο
744 996 885 1030 φάλαγξιν.

295 1060 498 1107 TOMUS
543 1059 903 1107 POSTERIOR.

235 1136 324 1164 Vens.
337 1135 380 1168 18,
396 1135 439 1163 19.
454 1134 488 1162 Et
511 1136 601 1163 utauit
619 1135 744 1164 Dominus
759 1142 854 1164 terram
869 1146 955 1171 suam,
967 1143 992 1166 et

197 1181 317 1216 pepercit
333 1181 428 1215 populo
441 1189 498 1208 suo.
511 1181 543 1207 Et
561 1182 690 1215 respondit
717 1182 854 1215 Dominus,
873 1189 896 1210 et
923 1184 991 1211 dixit

206 1226 303 1260 populo
320 1234 388 1254 suo:
406 1226 472 1253 Ecce
497 1234 544 1261 ego
564 1227 666 1254 mittam
688 1228 757 1255 vobis
785 1229 955 1263 frumentum,
967 1234 991 1256 et

208 1272 304 1302 vinum,
320 1276 345 1297 et
362 1269 458 1301 oleum,
479 1274 503 1297 et
516 1270 786 1304 implebimim’sis;c1
799 1279 849 1298 non
872 1272 939 1298 dabo
949 1279 991 1299 vos

208 1317 278 1343 ultra
285 1316 312 1343 in
321 1315 486 1350 opprobrium
500 1316 526 1343 in
533 1315 660 1350 gentibus.
670 1315 702 1342 Et
710 1324 767 1344 eum
774 1318 819 1352 qui
831 1317 862 1344 ab
872 1317 991 1352 aquilone

198 1361 354 1396 .repetlama
367 1360 448 1389 vobis.

243 1461 327 1489 XXX.
344 1460 410 1489 Vide
424 1465 578 1489 currentem
606 1467 621 1488 e
635 1460 748 1496 vestigio
763 1461 988 1490 misericordiam.

209 1507 447 1539 Praavertitenim.
475 1507 581 1542 opinor,
608 1506 711 1535 luctum
739 1507 882 1540 serenitas,
898 1512 925 1535 et
952 1506 991 1534 la-

200 1562 315 1590 .crymas
330 1554 505 1590 pmnitentiae.
525 1555 611 1589 gratia
627 1555 792 1583 miserantis.
817 1554 920 1589 Quippe
935 1562 989 1582 non

208 1599 295 1627 solum
308 1598 492 1626 misericordia
502 1604 684 1627 commovetur
699 1607 763 1635 erga
786 1600 917 1632 miseros;
943 1600 990 1627 sed

208 1642 290 1670 etiam
307 1642 364 1670 zelo
373 1642 489 1674 ducitur,
505 1647 535 1669 ut
553 1642 595 1670 his
612 1648 770 1671 succenseat
786 1644 832 1678 qui
852 1651 900 1672 eos
914 1644 990 1672 trese-

209 1692 283 1721 runt,
302 1693 330 1716 et
346 1695 395 1723 per
410 1695 478 1722 quos
497 1688 523 1715 in
546 1688 725 1716 calamitatem
755 1689 918 1717 inciderunt.
936 1689 990 1717 lte-
1003 1686 1023 1715 C

206 1733 350 1769 prehendit
367 1739 456 1761 autem
470 1733 631 1769 Babylonios
645 1734 832 1764 universorum
849 1734 989 1767 Dominus,

209 1778 281 1814 quod
298 1778 435 1806 crudelius
463 1778 600 1813 aliquanto
628 1785 708 1813 quam
735 1780 864 1814 oportuit,
896 1781 922 1808 in
942 1788 990 1809 eos

208 1824 308 1858 quibus
326 1824 383 1859 ipse
400 1824 573 1856 irasceretur,
588 1824 745 1852 debacchati
758 1825 822 1852 sint.
838 1826 882 1853 Ait
897 1826 988 1854 enim:

211 1881 220 1897 ι
241 1871 298 1906 Ego
312 1870 371 1898 illos
386 1870 447 1898 dedi
464 1870 492 1897 in
509 1877 604 1898 manus
617 1874 736 1904 vestras;
753 1878 800 1898 vos
815 1871 867 1903 illis
884 1872 991 1900 miseri-

209 1916 328 1944 cordiam
345 1923 399 1944 non
422 1915 535 1947 dedistis
549 1915 570 1943 ε.
593 1925 602 1942 ι
617 1916 779 1944 Zachariam
794 1917 857 1944 item
876 1918 915 1945 sic
925 1918 991 1946 allo-

209 1963 322 1997 quitur:
344 1971 353 1988 s
376 1961 438 1989 Haec
455 1961 522 1989 dicit
549 1961 700 1990 Dominus:
723 1963 812 1990 Zelavi
842 1963 990 1992 Jerusalem

208 2013 235 2035 ct
248 2007 313 2035 Sion
328 2007 386 2035 zelo
401 2014 509 2042 magno,
524 2012 551 2035 et
564 2007 603 2035 ira
620 2015 716 2044 magna
734 2015 785 2043 ego
797 2009 898 2036 irascor
910 2016 992 2044 super

209 2058 304 2088 gentes
317 2060 377 2088 qua:
388 2060 493 2080 mecum
504 2053 717 2088 superimposita
729 2058 801 2086 sunt;
818 2062 866 2089 pro
875 2061 907 2082 eo
920 2055 991 2090 quod

204 2107 259 2134 ego
269 2099 378 2134 quidem
398 2100 483 2126 iratus
495 2106 566 2131 sum,
581 2099 628 2126 sed
642 2099 787 2132 modicum,
803 2100 854 2134 ipsi
866 2107 930 2128 vero
955 2100 992 2129 si-

211 2144 266 2171 mul
281 2145 481 2180 superimpositi
497 2149 561 2172 sunt
572 2144 598 2170 in
614 2143 714 2172 malum
728 2145 749 2172 '.
767 2155 776 2171 ι
793 2145 891 2173 Zelans
903 2146 992 2180 itaque

206 2190 334 2225 populum
354 2197 444 2224 suum,
462 2191 494 2217 ad
506 2190 587 2216 vitam
600 2189 748 2224 degendam
764 2190 892 2225 requisita
907 2191 992 2218 abun-

211 2236 306 2262 danter
318 2236 549 2270 suppeditaturum
561 2241 600 2267 se,
616 2237 644 2261 et
665 2233 769 2261 cladem
794 2235 990 2269 praecedentem

210 2280 300 2307 laetitia
309 2286 554 2315 compensaturum,
563 2278 755 2312 eseulentaque
795 2279 828 2306 ad
840 2280 991 2307 satietatem

211 2326 366 2361 largiturum
381 2325 532 2360 pollicetur.
546 2324 626 2358 222
640 2323 750 2358 Insuper
761 2324 945 2357 securitatem,
964 2330 993 2352 ut

1164 1056 1356 1099 ΤΟΜΟΣ
1395 1055 1688 1100 ΔΕΥΤΕΡΟΣ.

1078 1133 1132 1160 Καὶ
1147 1133 1298 1168 ἐζήλωσεν
1322 1134 1338 1160 ὁ
1362 1134 1470 1168 Κύριος
1486 1133 1545 1168 τὴν
1567 1133 1627 1168 γῆν
1641 1134 1748 1168 αὐτοῦ,
1778 1135 1828 1163 καί

1042 1177 1181 1212 ἐφείσατο
1195 1178 1248 1205 τοῦ
1267 1178 1344 1205 λαοῦ
1363 1178 1467 1206 αὑτοῦ.
1497 1178 1550 1205 Καὶ
1565 1180 1710 1213 ἀπεκρίθη
1727 1181 1745 1207 ό
1767 1181 1828 1208 Κύ-

1038 1232 1114 1258 ριος,
1129 1224 1178 1250 καὶ
1196 1221 1261 1250 εἶπε
1287 1223 1327 1257 τῷ
1349 1223 1413 1256 λαῷ
1436 1224 1548 1252 αὐτοῦ·
1575 1224 1651 1252 Ἰδοὺ
1677 1225 1736 1260 ἐγὼ
1759 1227 1830 1254 ἀπο-

1042 1269 1161 1296 στέλλω
1187 1269 1259 1304 ὑμῖν
1272 1270 1326 1297 τὸν
1350 1270 1446 1302 σῖτον,
1467 1271 1516 1298 καὶ
1534 1271 1588 1298 τὸν
1605 1271 1699 1304 οἶνον,
1731 1272 1781 1299 καί
1795 1273 1829 1299 τὸ

1041 1315 1154 1347 ἔλαιον,
1171 1315 1220 1342 καὶ
1233 1315 1489 1350 ἐμπλησθήσεσθε
1503 1316 1612 1349 αὐτῶν,
1625 1317 1675 1344 καὶ
1692 1318 1729 1344 οὐ
1743 1318 1830 1345 δώσω

1042 1360 1120 1395 ὑμᾶς
1131 1362 1187 1388 οὐκ
1202 1360 1245 1387 ἔτι
1262 1362 1305 1394 εὶς
1322 1361 1494 1396 ὀνειδισμὸν
1503 1362 1538 1389 ἐν
1553 1363 1614 1396 τοῖς
1630 1363 1762 1390 ἔθνεσιν.
1774 1365 1829 1391 Καὶ

1042 1407 1095 1433 τὸν
1106 1407 1164 1434 ἀπὸ
1174 1406 1272 1441 ,βορῤᾶ
1291 1406 1419 1440 ὲκδιώξω
1433 1408 1483 1442 ἀφ’
1495 1407 1589 1442 ὑμῶν.

1078 1464 1117 1490 A'.
1143 1463 1236 1499 ’Δθρει
1263 1463 1296 1499 δὴ
1322 1464 1452 1499 τρέχοντα
1474 1463 1545 1491 κατὰ
1565 1465 1646 1497 πόδας
1671 1465 1718 1492 τὸν
1743 1464 1829 1494 ἔλων.

1041 1509 1138 1536 Φθάνει
1149 1508 1214 1544 γὰρ,
1225 1507 1311 1544 οἶμαι,
1324 1509 1356 1536 τὸ
1367 1509 1462 1541 πένθος
1475 1511 1492 1545 ὴ
1506 1510 1668 1546 γαληνότης,
1683 1513 1731 1540 καὶ
1741 1513 1773 1540 τδ
1783 1513 1832 1540 ἐπὶ

1042 1555 1101 1586 ταῖς
1118 1553 1305 1590 μεταγνώσεσι
1316 1555 1433 1591 δάκρυον
1444 1556 1461 1590 ὴ
1473 1556 1552 1592 χάρις
1564 1556 1612 1583 τοῦ
1626 1558 1831 1594 κατοικτείραν-

1042 1609 1098 1633 τος.
1120 1601 1158 1628 Οὐ
1179 1601 1234 1636 γὰρ
1254 1601 1333 1636 μόνον
1348 1601 1420 1628 ἐλεεῖ
1441 1603 1504 1633 τοὺς
1524 1603 1698 1638 πεπραχότας
1713 1604 1829 1636 ἀθλίως,

1043 1647 1120 1682 ζηλοῖ
1128 1647 1156 1674 δὲ
1169 1647 1280 1682 μᾶλλον,
1292 1647 1330 1679 ὡς
1340 1647 1387 1673 καὶ
1397 1647 1558 1683 ὲπιμηνίσαι
1572 1650 1627 1680 τοῖς
1637 1648 1831 1685 λελυπηκόσιν,

1040 1692 1065 1719 οἳ
1084 1692 1131 1719 καὶ
1143 1692 1192 1728 τῆς
1204 1692 1424 1728 ἐπενηνεγμένης
1440 1693 1529 1724 αὐτοῖς
1544 1693 1700 1730 ἀθλιότητος
1713 1695 1831 1730 γεγόνα-

1042 1746 1084 1763 σιν
1098 1737 1240 1773 ὑπουργοί.
1259 1738 1439 1773 Ἐπισκήπτει
1458 1738 1486 1765 δέ
1503 1747 1554 1765 που
1565 1739 1622 1771 τοῖς
1647 1740 1831 1773 Βαϐυλωνίοις

1040 1784 1117 1811 ότῶν
1141 1784 1210 1811 ὅλων
1233 1783 1310 1816 Θεὸς,
1326 1784 1363 1816 ὡς
1378 1784 1562 1820 ἀπηνέστερόν
1575 1794 1634 1817 πως
1653 1785 1670 1821 ἦ
1698 1786 1753 1822 χρὴ
1774 1788 1831 1819 τοῖς

1042 1830 1094 1857 ὑπὸ
1119 1830 1194 1857 θείαν
1218 1830 1303 1866 ὀργὴν
1324 1830 1560 1866 ὲπενηνεγμένοις.
1587 1831 1660 1866 Ἔφη
1686 1832 1760 1868 γὰρ,
1789 1833 1830 1859 ὅτι

1044 1886 1053 1902 l
1071 1875 1179 1903 Δέδωκα
1201 1876 1299 1907 αὐτοὺς
1322 1876 1362 1908 είς
1387 1875 1437 1908 τὰς
1465 1877 1559 1911 χεῖράς
1589 1884 1647 1908 σου,
1675 1878 1707 1904 σὺ
1735 1877 1763 1904 δὲ
1779 1878 1830 1904 οὐκ

1041 1921 1145 1953 ἔδωκας
1155 1921 1246 1952 αὺτοῖς
1261 1920 1345 1953 ἔλεος.
1362 1930 1372 1948 s
1393 1921 1448 1948 Καὶ
1464 1921 1517 1957 μὴν
1530 1921 1577 1949 καὶ
1594 1922 1662 1958 πρὸς
1678 1923 1828 1958 Ζαχαρίαν·

1044 1976 1053 1992 ι
1073 1965 1141 1993 Τάδε
1164 1965 1237 2000 λέγει
1263 1966 1374 2001 Κύριος⁸
1404 1965 1542 2001 Ἐζήλωσα
1576 1966 1626 2001 τὴν
1652 1966 1831 2003 Ἰερουσαλὴμ

1042 2011 1088 2038 καὶ
1108 2010 1158 2045 τὴν
1178 2009 1247 2037 Σιὼν
1263 2010 1342 2045 ζῆλον
1360 2009 1455 2045 μέγαν,
1473 2010 1519 2037 καὶ
1536 2010 1615 2045 θυμῷ
1643 2011 1754 2046 μεγάλῳ
1773 2012 1830 2046 ἐγω

1041 2055 1186 2090 ὀργίζομαι
1199 2055 1246 2082 ἐπὶ
1262 2055 1295 2082 τὰ
1312 2055 1375 2091 ἔθνη
1386 2055 1421 2082 τὰ
1432 2055 1669 2090 συνεπιτεθειμένα
1686 2064 1742 2090 μοι.
1758 2057 1830 2084 “Δνθ’

1041 2098 1079 2129 ὧν
1097 2102 1148 2137 μὲν
1163 2101 1219 2136 ἑγὼ
1241 2101 1381 2136 ὠργίσθην
1403 2100 1492 2134 ὀλίγα,
1505 2100 1582 2127 αὐτοὶ
1603 2100 1632 2127 δὲ
1650 2101 1830 2128 συνεπέθεντο

1042 2148 1081 2179 είς
1093 2147 1201 2174 κακίαν.
1217 2156 1226 2173 ι
1241 2145 1369 2182 Ζηλώσας
1381 2145 1414 2180 δὴ
1424 2144 1471 2172 οὖν
1484 2146 1529 2173 τὸν
1539 2145 1601 2172 λαδν
1618 2145 1712 2179 αὑτοῦ,
1728 2155 1830 2173 κατεπ-

1042 2194 1203 2228 αγγέλλεται
1228 2194 1277 2228 μὲν
1301 2193 1426 2227 ἀφθόνως
1452 2193 1616 2228 χορηγήσειν
1642 2192 1677 2219 τὰ
1697 2192 1828 2229 ζωαρκῆ,

1042 2239 1151 2274 καὶτῆς
1168 2239 1356 2274 προλαὸούσης
1381 2239 1524 2273 συμφορᾶς
1543 2237 1659 2273 ίσοπαλῆ
1681 2237 1733 2273 τὴν
1751 2238 1831 2265 εὐθυ-

1044 2285 1118 2320 μίαν,
1135 2285 1182 2311 καὶ
1209 2285 1250 2316 είς
1276 2284 1356 2320 κόρον
1378 2283 1413 2310 τὰ
1442 2283 1569 2318 ἐδώδιμα·
1586 2283 1655 2318 πρὸς
1682 2283 1830 2316 τούτοιςδὲ

1042 2330 1190 2364 ἀσφάλειαν
1204 2329 1251 2356 τοῦ
1262 2329 1300 2364 μὴ
1316 2330 1355 2361 είς
1368 2330 1462 2365 χεῖρας
1473 2329 1632 2364 δοθήσεσθαι
1643 2329 1696 2357 τῶν
1709 2329 1828 2365 ἐχθρῶν,

209 2372 235 2399 in
253 2378 347 2399 manus
361 2371 478 2398 hostium
494 2377 547 2397 non
568 2369 715 2401 tradantur,
731 2377 782 2397 nec
794 2370 875 2397 vitam
889 2371 914 2398 in
929 2377 990 2398 ser-

1043 2378 1110 2411 μήτε
1120 2375 1173 2411 μὴν
1184 2375 1369 2407 ὑποπεσόντας
1382 2374 1488 2410 δουλείᾳ
1502 2376 1535 2410 τῇ
1547 2374 1695 2405 ὲπάὐτοὺς
1709 2374 1827 2410 οἰκτρὸν,

209 2418 293 2446 vitutc
308 2418 433 2445 miseram
451 2419 479 2443 et
494 2422 671 2443 aerumnosam
688 2416 787 2444 vivant.
800 2417 841 2443 Ad
859 2416 916 2444 haec
930 2424 989 2452 pro-

210 2463 294 2490 mittit
309 2461 461 2496 fugaturum
473 2467 534 2488 eum
549 2460 594 2495 qui
611 2460 784 2495 abaquilone,
800 2462 850 2489 hoc
863 2468 914 2495 est,
928 2469 989 2490 eum

209 2508 255 2543 qui
267 2507 371 2535 vicinus
386 2510 428 2534 est
441 2506 580 2541 aquiloni;
594 2507 684 2541 potius
699 2508 770 2535 enim
795 2507 829 2535 ad
858 2509 989 2536 orientem

208 2554 254 2581 siti
267 2557 330 2580 sunt
343 2551 457 2586 Assyrii.
481 2551 556 2585 Quod
574 2551 596 2579 si
613 2552 674 2587 quis
687 2553 835 2585 existimat,
848 2554 929 2582 etiam
956 2561 989 2582 ex

208 2599 295 2633 stragis
327 2597 529 2632 aquilonaribus
554 2597 652 2625 δυόωσι
677 2599 797 2633 partibus
823 2599 988 2627 locustarum

209 2642 413 2679 impressionem
428 2642 537 2675 factam.
569 2642 636 2670 nihil
666 2643 819 2678 prohibebit
847 2646 990 2679 quominus

210 2689 353 2725 explicatio
365 2689 416 2717 ista
431 2689 570 2724 probetur.

242 2732 303 2762 Jam
322 2734 345 2762 si
362 2734 405 2762 cui
418 2738 627 2768 corrumpuntur
637 2735 719 2762 etiam
745 2735 814 2762 bona
830 2735 918 2764 cordis
935 2736 990 2769 sui,

208 2785 236 2810 et
250 2789 308 2817 qua)
315 2781 475 2816 cogitatione
488 2785 634 2810 cernuntur
644 2780 779 2808 fructuum
793 2781 989 2810 uberrimorum

251 2870 263 2888 δ
282 2871 332 2899 lsa.
352 2879 432 2905 itu'u,
448 2871 474 2898 6.
512 2872 522 2887 ⁸
541 2870 623 2897 Zaclt.
641 2877 660 2903 I,
678 2869 718 2903 Ib,
736 2869 777 2896 15.

1040 2423 1085 2449 καὶ
1101 2423 1129 2449 ὲν
1144 2422 1281 2457 ἀθλιότητι
1308 2422 1388 2457 ζῆσαι
1413 2421 1479 2456 βίον.
1501 2420 1689 2455 ’Υπισχνεῖται
1713 2420 1743 2447 δὲ
1761 2420 1828 2457 πρὸς

1039 2465 1142 2498 τούτοις
1168 2465 1291 2500 ἀφανιεῖν
1319 2465 1364 2493 τὸν
1393 2465 1448 2492 ἀπὸ
1479 2464 1582 2500 βορρᾶ,
1609 2464 1752 2497 τουτέστι,
1782 2465 1827 2492 τὸν

1041 2511 1220 2546 βορειότερον,
1235 2511 1303 2547 πρὸς
1313 2511 1411 2539 ἀκτῖνα
1424 2510 1478 2546 γὰρ
1492 2510 1583 2541 αὐτοῖς
1597 2509 1697 2545 μᾶλλον
1708 2511 1725 2546 ή
1739 2510 1826 2546 χώρα.

1039 2557 1071 2583 Et
1085 2556 1112 2583 δὲ
1126 2556 1158 2592 δή
1176 2565 1217 2588 τις
1235 2556 1317 2582 οῐοιτο
1332 2555 1379 2582 καὶ¹
1405 2555 1438 2582 ὲκ
1460 2555 1514 2582 τῶν
1537 2554 1713 2590 βορειοτέρων
1735 2555 1827 2591 μερῶν

1039 2602 1089 2638 τῆς
1107 2602 1248 2633 Ἰουδαίας,
1271 2602 1319 2637 τῆς
1341 2600 1451 2637 ἀκρίδος
1461 2600 1586 2635 γενέσθαι
1600 2600 1649 2635 τὴν
1670 2599 1782 2635 ἔφοδον,
1798 2601 1828 2628 τὺ

1040 2645 1145 2673 κωλύον
1171 2646 1247 2673 οὐδὲν
1268 2645 1356 2681 ὀρθῶς
1382 2645 1455 2681 ἔχειν
1482 2643 1584 2672 οἴεσθαι
1610 2645 1659 2683 καὶ
1682 2644 1756 2672 οὓτω
1783 2646 1829 2673 τὸν

1039 2691 1128 2725 λόγον.

1075 2736 1107 2763 Ei
1122 2736 1150 2763 δὲ
1169 2736 1201 2772 δή
1217 2745 1271 2763 τισι
1297 2735 1505 2771 καταφθείροιτο
1529 2735 1576 2763 καὶ
1599 2736 1634 2762 τὰ
1657 2736 1698 2768 εἰς
1714 2735 1830 2771 καρδίαν

1041 2781 1141 2815 ἀγαθὰ,
1161 2782 1207 2808 καὶ
1220 2783 1268 2818 τῆς
1280 2781 1378 2817 νοητῆς
1401 2781 1553 2815 εὐκαρπίας
1568 2782 1582 2809 ὁ
1601 2781 1716 2814 πλοῦτος
1731 2777 1830 2816 οἷάπερ
