1919 3041
83 159 136 187 369

531 156 806 186 COMMENTARIUS
825 157 859 185 IN
879 157 1009 188 ιοΕιΕΜ
1028 158 1249 188 ΡΒΟΡΠΕΤᾹΜ.

1655 165 1709 192 570

80 217 188 252 ἀκρίδος
202 215 298 248 αὐτοῖς
313 214 488 252 ὲπιπηδώσης
506 216 555 251 τῆς
576 215 632 243 τῶν
655 215 790 252 δαιμόνων
805 216 871 251 ἀγὲο

935 218 1032 253 livitiaz,
1048 220 1161 255 proinde
1170 225 1199 248 ut
1212 220 1315 249 locusta
1325 219 1461 247 insiliente
1489 220 1515 247 in
1541 220 1613 256 ipsas
1630 229 1709 258 grege

79 267 136 298 λης,
160 262 209 288 καὶ
225 261 419 290 καταῡεουσῶν
442 260 545 298 ἀρχῶν,
562 261 701 297 δυνάμεων
722 263 770 289 καὶ
795 262 871 294 ἐξου-

81 308 144 334 σιῶν
158 307 260 343 (δῆλον
273 307 303 334 δὲ
313 307 353 334 ὅτι
367 307 526 343 πονηρῶν),
536 307 647 334 ποιείτω
656 307 687 334 τὸ
697 307 806 341 πένθος,
823 316 872 343 με·

81 353 183 381 λετάτω
201 354 254 390 τὴν
287 354 468 390 μετάγνωσιν,
492 354 676 390 δακρυροείτω
697 355 766 390 πρὸς
793 355 869 382 Θεόν.

87 399 248 427 ’Δκούσεται
264 400 320 435 γὰρ
346 400 427 432 εὐθὺς
451 401 484 427 ὲκ
509 399 715 436 φιλανθρωπίας
734 399 870 434 λέγοντος⁸

83 453 93 470 ι
115 444 181 470 Ἰδοὺ
198 444 256 479 ἐγὼ
269 444 365 480 δίδωμι
382 444 446 479 ὑμῖν
456 444 501 471 τὸν
515 445 596 475 σῖτον,
611 445 659 470 καὶ
671 444 716 471 τὸν
727 442 808 476 οῐνον⁷
824 444 872 470 καὶ

80 489 110 515 τὸ
128 488 233 517 ἔλαιον.
252 498 263 515 ι
294 489 442 524 ’Δποφανεί
457 489 511 525 γὰρ
534 488 583 523 τὴν
603 488 686 516 αὑτοῦ
708 489 821 525 καρδίαν
835 489 872 521 ὼς

81 533 216 569 εὕσταχυν
228 534 293 568 γῆν,
311 534 349 566 ὡς
363 535 496 569 πρέμνοις
510 534 621 570 ὡραίοις
632 534 760 570 κομῶντα
774 535 872 571 κῆπον,

82 579 119 610 ὠς
141 578 278 614 εὓϐοτρυν
303 578 464 614 ἀμπελῶνα,
478 579 525 606 καὶ
542 578 597 614 μὴν
616 580 664 606 καὶ
689 579 773 615 ἐλαίῳ
787 588 872 606 κατα-

83 625 185 652 πιανεῖ.
217 633 228 650 ‹
252 624 399 656 Ἐλίπανας
417 625 446 652 ὲν
468 624 551 660 ἐλαίῳ
572 625 621 660 τὴν
636 625 757 660 κεφαλήν
782 633 845 660 μου.
862 635 871 652 t

89 670 230 702 Ἐξελάσει
255 670 285 697 δὲ
306 670 354 698 ἀπ’
374 669 455 697 αὐτοῦ
480 671 526 697 τὸν
541 670 596 698 ἀπὸ
619 670 715 707 βορρᾶ,
731 671 873 701 τουτέστι.

84 715 128 742 τὸν
154 715 335 750 ἀποψύχοντα
357 717 491 749 Σατανᾶν,
516 717 564 743 καὶ
588 717 638 752 ζῇν
658 717 709 744 οὐκ
734 717 822 745 ἐῶντα
836 717 876 753 τῷ

84 761 224 797 πνεύματι
233 761 297 794 τοὺς
307 762 352 788 ὑπ’
367 762 441 798 αὺτῷ
451 763 625 799 γενομένους.
643 763 837 799 Ψυχθήσεσθαι
847 763 876 790 δὲ

84 808 98 834 ὁ
111 808 218 843 Κύριος
241 808 292 844 τὴν
313 809 423 843 ἀγάπην
441 808 496 837 τῶν
517 810 622 837 πολλῶν
653 811 755 845 ἔφασκε
782 810 826 837 διὰ
846 811 877 837 τὸ

85 853 275 889 πληθυνθῆναι
293 855 342 891 τὴν
355 855 479 890 ἀνομίαν.
503 856 574 883 Ἀλλ’
590 857 648 891 οἵγε
672 856 791 892 Χριστοῦ
803 857 876 891 γνώ-

927 265 1092 300 daemonum,
1104 270 1130 294 et
1148 266 1348 294 incursantibus
1373 266 1581 302 principalibus,
1601 268 1709 295 virtuti~

921 311 981 342 bus,
1000 311 1177 346 potestatibus
1202 312 1292 348 (malis
1311 311 1425 348 utique),
1446 312 1531 341 luetui
1556 320 1586 341 se
1617 314 1708 346 dedat,

923 355 1109 390 pcenitentiam
1120 363 1257 390 exerceat,
1272 358 1305 385 ad
1328 357 1411 385 Deum
1428 358 1562 395 lacrymas
1579 359 1709 391 eil‘undat,

922 405 949 428 et
963 400 1053 428 statim
1073 408 1122 436 pro
1132 402 1295 437 benignitate
1303 403 1436 430 dicentem
1454 404 1546 431 audiet
1563 412 1570 430 :
1599 413 1610 430 ‹
1642 404 1711 432 Ecce

922 453 972 481 ego
987 447 1021 473 do
1037 447 1113 474 vobis
1131 446 1307 480 frumentum,
1326 452 1352 475 et
1384 449 1477 476 vinum
1493 470 1499 482 ,
1525 454 1553 477 et
1575 449 1676 477 oleum.
1697 459 1707 475 ι

924 493 1027 520 Reddet
1038 493 1111 520 enim
1123 500 1170 520 cor
1182 493 1240 528 ejus
1256 498 1285 520 ut
1308 501 1401 529 agrum
1417 495 1499 530 spicis
1525 495 1665 528 refertum,
1682 500 1711 523 ut

924 539 1031 567 hortum
1046 539 1174 574 stirpibus
1185 543 1346 571 comantem,
1362 544 1391 566 ut
1407 540 1510 568 vineam
1541 541 1625 568 botris
1652 540 1710 575 ple-

923 584 1077 618 nam.Quin
1099 589 1126 612 et
1152 584 1213 611 oleo
1230 583 1413 619 pinguefaeiet
1431 593 1438 610 :
1457 594 1466 610 ι
1487 585 1661 620 lmpinguasti
1685 585 1711 612 in

924 631 983 659 oleo
997 636 1078 666 caput
1101 639 1190 659 meum
1209 633 1229 660 ⁸,
1251 641 1260 658 ι
1278 632 1400 667 Expellet
1414 631 1530 666 denique
1554 632 1587 659 ab
1616 639 1648 659 eo
1665 639 1711 659 ve-

925 676 1041 704 nientem
1051 677 1085 704 ab
1093 677 1228 712 aquilone,
1243 678 1268 704 id
1277 681 1328 709 est,
1344 677 1559 712 frigefacieulem
1572 677 1711 708 Satanam,

925 729 974 749 nec
990 722 1121 750 sinentem
1142 723 1237 758 spiritu
1252 723 1343 751 vivere
1362 731 1431 757 quos
1459 723 1606 758 subegerit.
1624 722 1714 750 Refri-

925 772 1045 802 geratum
1060 776 1141 802 porro
1159 769 1191 796 iri
1206 768 1351 796 multorum
1380 769 1553 801 charitatem,
1586 769 1714 804 quoniam

926 813 1070 841 abundabit
1097 814 1251 849 iniquitas',
1283 814 1412 843 Dominus
1452 819 1577 843 testatur.
1613 815 1714 842 Verum

926 858 1033 887 Christo
1048 860 1106 887 noti
1123 860 1347 895 ierventspiritu,
1362 866 1390 889 et
1416 861 1573 896 neutiquam
1601 860 1714 895 refrigee

86 908 161 935 ριμοι
182 900 224 935 τῷ
250 900 384 936 πνεύματι
400 900 518 933 ζέουσιν.
542 901 695 937 Ἀνέχονται
710 902 738 929 δὲ
751 901 876 937 οὐδαμῶς

935 911 1002 932 icere
1013 906 1147 934 sustinent
1159 907 1192 934 ad
1209 912 1301 941 turpes
1314 907 1477 940 Voluptates,
1498 907 1606 941 quando
1624 916 1633 932 ι
1653 914 1715 933 car-

86 945 114 972 τὺ
126 945 318 981 ἀποψύχεσθαὶ
335 955 380 973 ποι
393 946 462 982 πρὸς
474 947 524 979 τὰς
532 947 665 980 ἐκτύπους
679 948 785 983 ἡδονάς.
799 957 808 974 ι
821 948 877 983 Τὴν

87 990 179 1026 σάρκα
188 992 244 1028 γὰρ
260 992 364 1019 ἑαυτῶν
378 993 555 1028 ἐσταύρωσαν
576 993 624 1020 σὺν
639 995 694 1026 τοῖς
718 993 876 1029 παθήμασι,

87 1037 133 1063 καὶ
152 1039 214 1069 ταῖς
229 1037 399 1073 ἐπιθυμίαις.
420 1047 430 1064 ι

119 1083 178 1110 Kal
190 1083 295 1115 ἐξώσω
312 1084 406 1112 αὑτὸν
416 1085 460 1118 είς
473 1084 533 1119 γῆν
542 1084 683 1119 ᾶνυδρον,
697 1084 746 1112 καὶ
761 1085 879 1120 ἀφανιῶ

85 1129 119 1155 τὸ
133 1130 303 1163 πρόσωπον
315 1130 409 1157 αὐτοῦ
419 1131 464 1163 είς
479 1130 537 1164 τὴν
548 1129 710 1158 θάλασσαν
722 1130 781 1164 τὴν
804 1130 879 1164 πρώ-

86 1182 155 1208 την,
171 1174 222 1201 καί
233 1175 271 1201 τὰ
285 1175 382 1202 ὀπίσω
405 1175 497 1203 αὐτοῦ
514 1176 557 1208 εὶς
570 1175 628 1209 τὴν
645 1175 807 1203 θάλασσαν
822 1175 880 1209 τὴν

86 1217 235 1253 ἐσχάτην.
249 1218 305 1246 Καί
318 1219 503 1253 ἀναϐήσεται
520 1220 539 1253 ἠ
560 1220 674 1254 σαπρια
694 1219 787 1246 αὐτοῦ
798 1239 805 1252 ,
830 1220 880 1246 καὶ

86 1264 276 1300 ἀναϐήσεται
290 1266 307 1293 ὀ
324 1265 440 1301 ,βρόμος
459 1265 564 1300 αὐτοῦ,
581 1266 626 1293 ὅτι
646 1265 831 1300 ἐμεγάλυνεν
843 1265 880 1292 τὰ

87 1311 161 1345 ἔργα
176 1311 281 1339 αὐτοῦ.

121 1356 188 1383 AA'.
211 1356 446 1393 Διαπλαττόμενον
457 1357 505 1385 καὶ
515 1356 555 1384 ἔτι
568 1357 615 1384 τοῦ
626 1357 706 1392 λόγου
725 1357 755 1384 τὺ
775 1358 878 1393 σχῆμα,

88 1401 181 1434 καθὼς
194 1402 242 1429 καὶ
257 1403 286 1429 ἐν
298 1403 395 1438 ἀρχαῖς
409 1403 446 1436 ὡς
461 1405 506 1430 ἐπ’
517 1404 637 1439 ἀκρίδας,
654 1404 702 1431 καὶ
717 1403 843 1439 βρούχου,
863 1403 881 1431 ἃ

89 1447 137 1474 καὶ
151 1448 390 1484 ἀφανισθήσεσθαι
403 1458 500 1486 φησιν,
513 1450 721 1485 ἀπενηνεγμένα
733 1450 805 1477 κατά
821 1449 882 1485 βού-

92 1493 170 1528 λησιν
185 1494 257 1520 Θεοῦ
273 1494 341 1531 πρὸς
351 1495 436 1527 αὐτάς
456 1503 508 1523 που
524 1496 595 1531 τάχα
616 1496 666 1531 τῆς
687 1495 820 1523 Ἰουδαίων
832 1495 883 1531 γῆς

90 1538 140 1570 τὰς
150 1538 293 1574 ἐσχατιὰς,
307 1540 355 1566 καὶ
368 1540 408 1572 εἰς
419 1539 499 1567 τοῦτο
516 1540 649 1572 δυσωδίας
673 1540 772 1573 ἐλθεῖν,
785 1541 823 1572 ὡς
837 1541 885 1568 καὶ

91 1585 227 1619 φορτικὴν
239 1585 290 1620 τὴν
311 1585 429 1612 διάδοσιν
448 1586 574 1620 γενέσθαι
592 1587 649 1618 τοῖς
662 1585 715 1613 ἀνὰ
728 1587 819 1614 πᾶσαν
833 1586 883 1622 τὴν
897 1577 918 1606 C

92 1631 195 1667 χώραν.
213 1632 367 1668 Μεθίστησι
381 1633 410 1659 δὲ
420 1633 546 1668 οὐδαμῶς
559 1634 574 1660 ό
589 1633 668 1668 λόγος
680 1633 728 1660 τοῦ
747 1633 800 1669 χρὴ
815 1635 884 1661 νοεῖν

92 1677 139 1702 καὶ
152 1676 190 1703 τά
202 1677 291 1704 τοιάδε
307 1677 388 1704 πάλιν
401 1678 439 1709 ὡς
455 1678 500 1704 est
524 1686 556 1711 γε
572 1677 626 1704 τῶν
642 1678 886 1706 Βαϐυλωνίων.“Εν

94 1723 144 1757 μὲν
157 1722 213 1759 γὰρ
227 1724 284 1755 τοῖς
294 1724 390 1756 νοτίοις
415 1723 511 1760 μέρεσι
534 1724 584 1759 τῆς
602 1724 778 1760 Ἰερουσαλὴμ
791 1724 887 1759 βαθεῖά

92 1778 134 1800 τις
144 1768 252 1804 ἔρημος
270 1769 454 1806 ὲξευρύνεται,
467 1768 660 1804 τερματίζεται
686 1778 719 1804 γε
746 1769 798 1806 μὴν
818 1771 887 1806 πρὸς

92 1818 133 1852 ἠῶ
146 1826 187 1850 τε,
199 1817 248 1844 καὶ
262 1816 338 1843 νότον
355 1815 501 1849 πελάγεσιν
522 1816 660 1848 Ἰνδικοῖς,
689 1815 757 1851 πρὸς
776 1815 851 1842 δύσιν
864 1816 886 1842 δ’

93 1861 139 1895 αὗ,
156 1864 206 1891 καὶ
226 1862 264 1890 τὰ
285 1862 435 1898 βορρότερα
461 1862 494 1896 τῇ
516 1861 701 1889 Παλαιστινῶν
719 1862 821 1896 γείτονι
839 1862 887 1889 θα·

94 1909 195 1945 λάσσῃ,
212 1908 261 1934 καὶ
275 1908 367 1939 αὐτοῖς
381 1908 409 1933 δὲ
427 1907 636 1943 προσκλυζούσῃ
646 1908 703 1938 τοῖς
717 1907 885 1941 Αἰγυπτίοις.

101 1955 175 1982 Ἐκεῖ
189 1955 237 1981 τδν
263 1954 378 1990 βροῦχον
403 1954 450 1981 κα)⁵
471 1954 520 1989 τὴν
544 1953 642 1989 ἀκρίδα
665 1953 784 1980 διολέσαι
808 1953 886 1988 φησὶ,

93 2000 218 2035 δυσαχθῆ
228 1999 258 2026 δὲ
267 2000 394 2034 γενέσθαι
408 2000 454 2026 τὸν
466 1999 565 2036 βρόμον
578 1999 678 2026 αὐτῶν.
689 1999 762 2035 Πλὴν
774 1998 889 2035 ἀνῄρην-

94 2047 202 2073 ταικαὶ
211 2047 238 2072 οἱ
252 2045 429 2078 Βαϐυλώνιοι,
452 2046 502 2082 τὴν
526 2045 697 2081 βορειοτέραν
716 2045 821 2081 χώραν,
841 2045 889 2072 καὶ

95 2093 164 2128 πρὸς
174 2092 218 2127 ἠῶ
230 2091 361 2127 κειμένην
375 2091 523 2124 οἰκοῦντες.
538 2091 601 2127 Ἀνῄ
606 2100 700 2128 ρηνται
711 2091 739 2117 δὲ
747 2092 776 2118 ὲν
785 2092 889 2126 καιροῖς

95 2139 144 2174 τῆς
173 2138 298 2173 Ἐςεχίου
326 2137 480 2173 βασιλείας,
510 2138 556 2165 καὶ
577 2135 611 2173 ἧν
644 2137 810 2172 δυσφόρητος
835 2136 889 2163 τῶν

97 2184 258 2219 πτωμάτων
271 2184 382 2219 βρόμος,
394 2184 432 2215 ὡς
445 2183 643 2220 καθαρισθῆναι
660 2183 736 2219 μόλις
756 2183 785 2209 ὲν
806 2183 890 2210 ἑπτα-

98 2231 176 2266 μήνῳ
193 2229 247 2265 τὴν
259 2229 322 2264 γῆνι
336 2230 384 2256 καὶ
397 2230 447 2265 τῆς
461 2228 516 2256 τῶν
528 2228 684 2263 πτωμάτων
698 2228 890 2263 ἀπαλλαγῆναι

96 2275 230 2311 σαπρίας.
243 2275 322 2302 οὕτω
334 2275 387 2311 γάρ
406 2283 488 2311 φησιν
506 2274 645 2310 Ἰεζεχιήλ.
662 2274 723 2301 Ὅτι
737 2274 766 2300 δὲ
776 2273 891 2310 προσκέ-

96 2321 189 2349 κλιται
201 2321 261 2352 τοῖς
274 2321 452 2357 βθρειοτέροις
463 2320 518 2348 τῶν
528 2319 707 2347 Βαϐυλωνίων
719 2320 736 2354 ὴ
749 2319 796 2354 γῆ,
806 2319 891 2354 σαφὲς

96 2366 129 2393 ἂν
147 2367 275 2401 γένοιτο,
295 2366 420 2401 λέγοντος
444 2366 511 2393 Θεοῦ
528 2365 573 2393 διὰ
588 2367 680 2401 φωνῆς
699 2365 784 2400 ἁγίων
794 2366 850 2397 τοῖς
861 2364 891 2398 ἐξ

96 2413 214 2448 αἳματος
244 2411 351 2448 Ἰσραὴλ
377 2411 609 2447 ἀπενηνεγμένοις
639 2411 669 2438 ἐν
698 2410 889 2446 αἰχμαλωσίᾳ·

100 2467 111 2483 ι
130 2459 173 2490 Ὦ,
189 2457 232 2492 ὣ,
247 2457 363 2493 φεύγετε
376 2459 409 2485 ὲκ
420 2458 470 2493 γῆς
485 2457 572 2494 βορρᾶ
583 2478 590 2491 ,
608 2457 683 2492 λέγει
704 2456 806 2491 Κύριος
816 2465 823 2471 ·
849 2456 890 2489 είς

99 2504 169 2532 Σιὼν
183 2503 370 2537 ἀνασώζεσθε,
389 2505 415 2531 οἱ
428 2505 619 2537 κατοικοῦντες
642 2504 781 2540 θυγατέρα
803 2503 893 2530 Βαϐυ-

100 2549 194 2582 λῶνος.
211 2559 223 2576 ι
244 2564 254 2573 ν

140 2596 289 2629 Ἐξελάσας
297 2595 326 2623 δὲ
344 2596 391 2624 καὶ
404 2595 434 2629 ἐξ
448 2595 526 2632 ἡμῶν
543 2595 633 2623 αὐτῶν
651 2595 702 2631 τὴν
714 2594 811 2631 ἀκρίδα
825 2594 892 2629 Χρι-

102 2641 173 2673 στὸς,
195 2642 269 2677 φημὶ
290 2641 324 2677 δὴ
344 2641 394 2677 τὴν
412 2641 520 2677 νοητὴν,
540 2641 575 2668 τὰ
597 2640 784 2676 παμμόχθηρα
809 2639 891 2674 στίφη

102 2686 153 2712 τῶν
165 2687 316 2723 δαιμονίων
335 2687 467 2723 δηλονότι,
482 2686 657 2714 κατέκλεισεν
672 2686 742 2713 αὐτὰ
758 2686 797 2717 εἰς
816 2685 890 2721 ᾅδου.

103 2731 148 2758 καὶ
162 2731 192 2759 ἐν
204 2734 262 2764 τοῖς
281 2733 330 2768 τῆς
348 2732 470 2760 ἀϐύσσου
493 2733 587 2767 μυχοῖς
601 2731 779 2767 κατηιράνισε,
799 2729 893 2760 καθεὶς

138 2831 148 2847 ⁸
168 2831 238 2860 Psal.
253 2841 320 2864 χχιι,
338 2833 366 2861 5.

425 2833 434 2849 ⁷
453 2832 546 2862 Matth.
562 2840 634 2862 xxiv.
655 2833 697 2860 l2.

107 2866 127 2882 “
145 2866 226 2896 Zach.
241 2875 274 2904 ti,
288 2869 315 2896 6.

748 2831 758 2848 ⁸
779 2831 867 2859 Galat.
897 2839 923 2864 v,
942 2830 977 2857 2i

927 957 987 978 nem
1001 958 1077 978 suam
1093 952 1354 981 cruciﬁxeruntcum
1371 953 1476 982 vitiiset
1489 952 1725 988 concupiscentiis-

927 996 983 1024 suis
995 996 1017 1024 ⁸.
1035 1005 1044 1023 ι

964 1084 1045 1113 Vitas.
1063 1085 1108 1114 20.
1124 1085 1158 1113 Et
1175 1087 1302 1121 expellam
1317 1095 1376 1115 eum
1396 1089 1423 1115 in
1442 1092 1538 1115 terram
1555 1087 1612 1115 sine
1635 1095 1714 1122 aqua,

928 1137 951 1158 et
965 1131 1115 1166 disperdam
1127 1132 1221 1167 faciem
1240 1133 1297 1167 ejus
1311 1134 1337 1160 in
1361 1141 1434 1161 mare
1455 1134 1580 1168 primum,
1593 1137 1618 1160 et
1632 1139 1716 1166 poste-

930 1179 1000 1205 riora
1013 1178 1070 1213 ejus
1083 1179 1110 1205 in
1129 1186 1201 1206 mare
1221 1179 1401 1208 novissimum.
1418 1179 1450 1206 Et
1472 1179 1593 1207 ascendet
1608 1179 1717 1214 putredo

929 1224 1029 1258 ejus,et
1043 1224 1273 1252 auendetsonitus
1294 1224 1375 1258 illius,
1395 1225 1519 1261 quoniam
1543 1224 1718 1260 magniﬁcam

930 1277 1008 1297 onera
1018 1270 1083 1305 ejus.

966 1358 1060 1386 XXXI.
1080 1358 1220 1387 Sermonis
1234 1358 1346 1394 figuram
1377 1359 1476 1391 adhuc,
1489 1358 1562 1387 sicut
1578 1359 1612 1387 ab
1627 1358 1718 1392 initio,

932 1411 1075 1439 usurpans,
1092 1404 1165 1432 velut
1190 1405 1223 1432 de
1247 1405 1350 1432 locusta
1377 1409 1405 1432 et
1423 1405 1525 1432 brttcho
1548 1404 1678 1439 loquitur,
1692 1409 1720 1432 et

933 1449 1093 1483 dissipatum
1106 1449 1139 1476 iri
1155 1449 1232 1481 dicit,
1247 1449 1369 1477 sublatos
1384 1450 1531 1477 secundum
1548 1449 1594 1477 Dei
1623 1449 1720 1476 volun-

935 1498 1018 1522 tatem
1031 1494 1158 1522 celeriter
1178 1495 1211 1522 ad
1219 1502 1283 1523 oras
1294 1495 1392 1523 Judteae
1405 1494 1514 1523 ultimas
1523 1494 1592 1522 forte
1602 1494 1722 1529 adeoque

936 1544 1035 1568 tetrum
1045 1540 1156 1568 odorem
1175 1545 1230 1569 tota
1246 1541 1358 1575 regione
1388 1540 1546 1574 diﬂ'usuros,
1573 1545 1603 1567 ut
1628 1540 1722 1568 incola:

935 1585 1084 1614 molestiam
1100 1593 1226 1620 magnam
1242 1587 1368 1614 sentiant.
1381 1585 1435 1614 Nec
1451 1590 1537 1614 mutat
1564 1593 1654 1614 sermo
1669 1586 1727 1613 ullo-

936 1631 1024 1664 modo,
1041 1632 1106 1667 quin
1120 1635 1148 1659 et
1175 1631 1233 1659 haec
1260 1632 1293 1660 de
1303 1631 1464 1667 Babyloniis
1496 1638 1603 1658 rursum
1620 1631 1722 1658 intelli-

935 1678 1022 1713 genda
1033 1678 1097 1705 sint.
1112 1677 1179 1705 Nam
1193 1685 1245 1712 qua
1260 1677 1445 1714 Hierosolyma
1457 1682 1580 1705 austrum
1601 1677 1720 1712 respicit,

936 1722 1052 1751 solitudo
1072 1723 1151 1759 longa
1178 1723 1339 1756 intenditur,
1356 1731 1415 1758 quae
1441 1723 1473 1751 ad
1495 1723 1724 1751 orientemetau-

936 1773 1022 1796 strum
1038 1770 1107 1796 mari
1130 1769 1222 1797 Indico
1241 1770 1411 1802 terminatur,
1438 1769 1471 1797 ad
1500 1769 1671 1797 occidentem
1698 1774 1726 1796 et

938 1814 1099 1849 aquilonem,
1114 1815 1184 1842 mari
1199 1815 1288 1843 vicino
1305 1815 1456 1842 Palaestinae
1481 1815 1562 1849 223
1585 1819 1612 1842 et
1639 1815 1724 1849 ipsam

938 1860 1082 1895 Egyptum
1097 1860 1224 1888 alluente.
1239 1860 1278 1888 lbi
1293 1860 1426 1888 bruchum
1449 1865 1476 1887 et
1492 1860 1621 1887 locustam
1639 1860 1725 1886 inter-

938 1906 1003 1933 lisse
1019 1905 1068 1933 ait.
1085 1906 1184 1933 Eorum
1197 1912 1278 1940 porro
1298 1905 1416 1933 sonitum
1433 1911 1578 1932 onerosum
1595 1911 1627 1931 ac
1640 1904 1725 1932 mole—

939 1956 1010 1980 stum
1022 1951 1169 1979 exstitisse.
1188 1951 1320 1979 Caeterum
1338 1950 1420 1978 ablati
1437 1956 1499 1978 sunt
1512 1950 1593 1978 etiam
1608 1957 1624 1977 e
1636 1950 1725 1977 medio

939 1998 1090 2033 Babylonii,
1121 1997 1242 2032 aquiloni
1276 1996 1436 2024 viciniorem
1464 1996 1613 2032 regionem,
1640 2000 1667 2023 et
1692 1996 1726 2023 ad

939 2043 1070 2070 orientem
1086 2042 1200 2077 positam
1218 2041 1382 2074 habitantes,
1395 2048 1449 2076 quo
1460 2044 1582 2076 tempore
1594 2040 1727 2068 Ezechias

941 2089 1063 2124 regnavit
1077 2089 1098 2122 ',
1107 2093 1219 2123 eratque
1232 2087 1408 2116 intolerabilis
1424 2087 1585 2115 cadaverum
1598 2087 1676 2119 fetor,
1698 2091 1728 2113 ut

940 2135 986 2162 vix
1013 2139 1115 2169 septem
1132 2134 1269 2162 mensibus
1291 2138 1363 2161 terra
1378 2137 1550 2169 pergeretur,
1565 2137 1592 2161 ct
1607 2141 1623 2160 a
1634 2137 1727 2167 putre-

940 2180 1003 2208 dine
1017 2187 1161 2215 eorporum
1176 2184 1345 2207 mortuorum
1377 2179 1579 2210 liberaretur”,
1601 2182 1630 2206 ut
1658 2179 1737 2213 apud-

942 2225 1109 2254 Ezechielem
1125 2225 1249 2261 legimus.
1268 2224 1476 2261 Babyloniorum
1489 2228 1583 2252 autem
1592 2224 1728 2258 regionem

943 2278 1056 2306 vergere
1070 2278 1165 2299 versus
1180 2270 1334 2305 aquilonem
1349 2271 1522 2305 perspicuum
1535 2269 1564 2296 ﬁt
1590 2276 1629 2295 ex
1639 2268 1737 2296 verbis.

943 2316 1062 2350 Domini,
1077 2324 1136 2351 quae
1144 2320 1298 2343 sanctorum
1311 2322 1377 2342 voce
1389 2315 1494 2343 locutus
1505 2319 1554 2342 θει-
1565 2314 1598 2342 iis
1621 2315 1668 2348 qui
1696 2315 1730 2341 de

943 2363 1074 2398 sanguine
1101 2361 1183 2389 Israel
1211 2361 1237 2388 in
1254 2360 1438 2396 captivitatem
1463 2360 1572 2387 abducti
1597 2359 1726 2386 fuerant:

946 2418 956 2436 ι
974 2408 1007 2441 0,
1023 2415 1049 2440 ο,
1065 2407 1150 2443 fugite
1164 2407 1197 2435 de
1208 2410 1280 2435 terra
1306 2405 1524 2441 aquilonis,dieit
1543 2405 1683 2433 Dominus.
1701 2405 1729 2432 lu

944 2453 1008 2482 Sion
1036 2451 1197 2485 salvamini,
1227 2449 1274 2486 qui
1318 2449 1446 2478 habitatis
1493 2448 1574 2476 tiliam
1613 2448 1728 2484 Babylo-

945 2499 986 2527 nis
1003 2499 1036 2525 η.
1058 2507 1068 2524 t

977 2586 1101 2616 Christus
1116 2592 1180 2614 vero
1200 2584 1310 2612 etiame
1324 2582 1401 2611 nobis
1423 2581 1489 2617 ipsis
1515 2581 1646 2608 locustam
1669 2587 1729 2614 qua:

944 2639 1034 2662 mente
1053 2633 1158 2660 videtur
1178 2630 1300 2666 expulit,
1335 2628 1595 2662 improbissimorum
1625 2626 1728 2653 daemo-

945 2688 1008 2708 num
1022 2683 1145 2707 catervas
1161 2682 1236 2713 puta,
1251 2682 1350 2710 eosque
1368 2674 1473 2702 inferno
1488 2672 1632 2705 conclusit,
1656 2676 1684 2699 et
1702 2672 1729 2699 in

946 2726 1034 2763 abyssi
1048 2726 1141 2754 intima
1157 2723 1250 2760 procul
1261 2722 1383 2754 removit,
1391 2720 1468 2756 quasi
1482 2719 1505 2747 si
1522 2719 1548 2746 in
1560 2719 1730 2746 altummaro

1041 2829 1051 2844 '
1067 2827 1100 2855 IV
1120 2827 1183 2861 Reg.
1211 2832 1288 2855 xvtn,
1321 2823 1346 2850 1.
1409 2823 1431 2838 ¹⁰
1447 2820 1543 2849 Ezech.
1563 2827 1657 2855 χχχιχ,
1677 2818 1720 2846 12.
