1919 3041
191 164 240 193 371

695 163 724 191 S.
747 161 881 191 CYRILLI
900 160 1136 190 ALEXANDRINI
1155 162 1317 192 ARCHIEP.

1772 168 1828 196 373

191 229 240 252 eos
252 222 434 260 demergeret.
449 222 676 251 Ascenditautem
693 227 786 256 postea
808 227 887 256 putor
899 226 928 250 et
937 228 979 249 so-

1033 220 1116 247 οἱονει
1125 229 1183 253 πως
1198 222 1239 253 είς
1255 221 1289 248 τὰ
1302 221 1372 258 βάθη
1389 223 1439 258 τῆς
1454 223 1602 259 θαλάσσης.
1623 224 1718 260 ’Λνέὸη
1735 225 1766 252 δὲ
1779 225 1832 252 λοι-

193 268 266 296 nitus
279 275 385 301 eorum,
402 273 429 296 et
440 268 516 295 nobis
536 266 627 301 gravis
649 271 732 302 atque
754 265 863 294 odiosus
897 265 984 294 factus

191 318 243 347 est,
255 321 408 349 quanquam
419 313 484 342 olim
502 312 564 340 talis
579 312 657 340 nobis
682 312 753 340 baud
766 312 913 343 videretur;
931 311 982 340 Sa-

192 364 282 387 tanam
315 360 447 394 siquidem
465 358 550 386 fetere
567 366 621 386 non
643 358 830 387 credebamus.
849 358 886 385 At
899 365 982 391 nunc,

191 410 219 432 et
235 405 280 432 vix
301 405 408 432 tandem
422 405 502 432 talem
520 412 582 433 esse
610 405 796 441 cognovimus.
818 403 984 431 Putabamus

190 450 261 478 enim
269 451 367 478 miseri
381 451 451 478 bene
466 451 549 483 olere,
565 455 592 478 et
602 449 745 477 amabilem
772 457 847 482 esse,
862 449 982 484 quando,

189 495 305 523 vinculis
322 496 467 531 pravitatis
478 496 629 528 constricti,
639 495 697 530 ejus
713 499 848 530 potestate
861 495 983 523 contine-

189 542 297 570 bamur.
317 542 371 571 Sed
388 547 531 578 postquam
541 542 699 571 Emmanuel
720 542 796 570 nobis
813 541 947 577 apparuit,
957 545 984 568 et

189 586 241 615 hoc
255 588 366 615 verbum
380 589 482 616 edidit:
499 598 509 614 ι
527 589 582 623 Ego
593 588 644 616 ﬂos
654 588 753 623 campi,
769 592 796 615 et
819 586 902 614 lilium
916 593 982 614 con—

189 633 298 661 vallium
313 634 362 667 ",t
378 638 444 668 tum,
460 642 521 662 sero
534 635 596 662 licet
607 634 666 669 ejus
676 633 851 668 fragrantiam
860 632 981 660 sentien-

190 684 243 713 tes,
262 679 334 707 illius
360 679 514 716 (daemonis)
538 680 749 716 graveolentiam
779 677 904 706 detestati
935 684 981 704 su-

190 733 260 754 mus.
304 729 306 731 ’

228 772 309 802 Vens.
326 772 423 801 21-24.
443 772 562 808 Con/ide,
578 778 658 805 terra,
675 772 760 806 gaude
771 775 795 798 et
809 771 910 803 laetare,
919 770 981 804 quia

190 818 367 854 magniﬁcam
389 818 515 846 Dominus
537 824 566 845 ut
588 819 695 853 faceret.
708 817 849 852 Conﬁdite,
860 818 981 851 jumenta

190 864 416 899 campi,quoniam
426 865 633 899 germinarerunt
649 863 734 896 campi
748 863 981 897 tolitudim‘s,quia

1034 267 1085 294 πδν
1102 268 1119 303 ὴ
1133 267 1246 304 σαπρία,
1258 268 1305 295 καὶ
1315 270 1330 295 ὁ
1343 268 1445 304 βρόμος
1455 270 1557 304 αὐτῶν,
1572 270 1619 297 καὶ
1638 271 1750 305 γέγονεν
1762 272 1832 307 ἡμῖν

1033 314 1161 349 φορτικός
1177 322 1218 348 τε,
1238 314 1287 341 καὶ
1308 315 1558 351 κατεστυγημένος,
1581 316 1668 344 καίτοι
1688 316 1776 343 πάλαι
1791 316 1831 351 μὴ

1032 358 1152 391 τοιοῦτος
1165 357 1233 386 εῐναι
1243 359 1341 387 δοκῶν·
1360 359 1466 395 δυσώδη
1477 360 1532 396 γὰρ
1545 361 1610 388 ὅντα
1625 361 1671 388 τὸν
1685 362 1826 393 Σατανᾶν,

1034 404 1082 431 νῦν
1107 404 1148 436 δὲ,
1173 405 1221 432 καὶ
1242 405 1319 440 μόλις
1339 406 1380 433 ὅτι
1405 406 1526 438 τοιοῦτός
1548 408 1622 434 ἐστιν
1645 408 1827 442 ἐγνώκαμεν.

1039 449 1154 484 ᾯόμεθα
1173 449 1228 485 γὰρ
1238 451 1262 477 οἱ
1280 451 1396 483 τάλανες
1415 451 1503 487 εὐώδη
1514 461 1543 478 τε
1562 451 1643 485 εἷναι,
1656 454 1704 480 καὶ
1721 453 1831 486 ἀξιέρα-

1034 503 1105 527 στον,
1122 496 1166 522 ὅτε
1178 497 1235 528 τοῖς
1250 497 1360 532 δεσμοῖς
1377 497 1576 533 ὑπειλημμένον.
1592 498 1642 534 τῆς
1659 498 1830 533 φαυλότητος

1033 541 1086 567 ὑπὸ
1106 542 1185 577 χεῖρα
1204 542 1254 577 τὴν
1278 543 1382 569 ἐκείνου
1401 543 1597 579 πεπτώκαμεν.
1629 544 1738 580 Ἐπειδὴ
1765 544 1794 570 δὲ
1814 545 1830 570 ὀ

1039 587 1213 623 Ἐμμανουὴλ
1237 587 1371 622 ἐπέφανεν
1394 589 1470 624 ἡμῖν,
1495 590 1694 626 άνακεκραγώς
1716 599 1757 623 τε,
1780 590 1829 617 καὶ

1032 632 1119 667 λέγων
1132 641 1138 647 ·
1157 642 1166 658 ε
1190 633 1260 667 Ἐγὼ
1280 633 1360 665 ἄνθος
1369 634 1417 661 τοῦ
1433 635 1538 668 πεδίου,
1554 636 1646 672 κρίνον
1663 636 1719 663 τῶν
1733 636 1828 663 κοιλὰ-

1032 677 1094 709 δων,
1111 688 1120 704 ι
1135 678 1194 705 τότε
1209 679 1241 714 δὴ
1264 679 1341 713 μόλις
1354 680 1536 716 ὲπῃσθὸμενοι
1557 682 1609 717 τῆς
1628 682 1742 717 ἐνούσης
1755 682 1827 709 εὐω-

1032 724 1092 756 δίας
1105 725 1190 760 αὐτῷ,
1202 726 1251 760 τῆς
1263 726 1367 753 ἐκείνου
1383 727 1596 763 κατεγνώκαμεν
1612 728 1756 760 δυσωδίας.

1068 771 1188 805 Θάρσει,
1202 771 1250 807 γῆ,
1272 772 1356 807 χαῖρε
1369 773 1418 800 καὶ
1429 774 1603 808 εὐφραίνου,
1623 774 1667 801 ὅτι
1679 774 1827 809 ἐμεγάλυ-

1032 825 1086 844 νεν
1096 818 1202 852 Κύριος
1213 818 1266 845 τοῦ
1282 818 1417 853 ποιῆσαν
1433 820 1579 854 θαρσεῖτε,
1593 820 1688 854 κτήνη
1702 820 1758 847 τοῦ
1773 828 1827 847 πε-

1032 863 1109 895 δίου,
1136 863 1180 890 ὅτι
1201 863 1414 898 ,βεϐλάστηκε-εν
1439 864 1528 892 πεδία
1553 865 1608 899 τῆς
1634 865 1760 900 ἐρήμου,
1781 865 1827 892 ὅτι

190 909 290 944 ltgnum
310 910 400 937 attulit
414 910 529 945 [metum
544 918 633 941 suum,
648 910 723 936 uinea
738 914 762 936 et
777 909 843 943 ﬁcus
854 909 979 936 dederunt

1033 907 1128 940 ξύλον
1153 907 1282 943 ἤνεγκεν
1312 908 1430 942 καρπὸν
1467 909 1578 942 αὐτοῦ,
1604 909 1741 943 ἄμπελος
1775 908 1826 935 καί

190 955 372 989 fortitudinem
382 964 467 983 suam.
481 956 525 988 Et,
538 955 588 990 ﬁlii
600 955 837 990 Sion,gaudete,¢t
851 955 980 982 la’tamini

190 1002 218 1029 in
232 1001 345 1029 Domino
361 1001 415 1028 Deo
431 1007 524 1034 vestro,
536 1002 662 1036 quoniam
675 1001 746 1028 dedit
767 1001 837 1028 vobis
851 1009 936 1028 escam
952 1001 979 1028 in

186 1047 363 1082 justitiam,et
378 1048 448 1082 pluet
464 1048 536 1074 vobis
555 1048 663 1074 imbrem
684 1052 879 1082 temporaneum
901 1051 924 1074 et
937 1055 978 1074 se-

189 1093 317 1126 rotinum,
328 1094 396 1120 sicut
409 1098 499 1120 antea.
516 1093 550 1120 Et
565 1094 732 1128 replebantur
757 1100 827 1120 areae
845 1093 942 1125 tritico,
954 1097 979 1119 et

189 1139 372 1167 redundabant
379 1139 522 1166 toreularia
539 1139 595 1166 vino
605 1143 628 1165 et
636 1138 702 1166 oleo.

224 1270 337 1299 XXXII.
354 1271 411 1299 Mos
425 1276 468 1299 est
483 1272 585 1299 sanctis
601 1272 742 1307 prophetis
760 1280 774 1299 a
796 1271 873 1299 bonis
894 1272 978 1305 parti-

192 1318 330 1346 cularibus
347 1324 376 1346 et
389 1318 416 1346 in
434 1326 534 1353 paucos
549 1319 658 1346 collatis
676 1319 708 1345 ad
727 1318 928 1346 universitatem
952 1322 979 1345 et

189 1371 275 1399 genus
287 1364 374 1398 ipsum
392 1366 474 1393 verba
484 1365 612 1400 dirigere,
621 1370 718 1392 ntsnnt
731 1374 762 1393 ea
771 1373 831 1400 quae
842 1372 889 1400 per
897 1364 977 1392 Chri-

189 1413 261 1437 stum
275 1410 414 1438 consecuti
429 1418 532 1438 sumus.
546 1410 660 1439 llorsum
675 1412 756 1446 igitur
768 1411 857 1440 denuo
881 1418 976 1446 proce-

190 1455 314 1484 ditnobis
326 1457 423 1484 oratio.
441 1458 554 1491 Quando
579 1459 651 1486 enim
667 1459 759 1485 datum
781 1463 821 1486 est
845 1462 923 1486 terra:
949 1462 978 1485 ut

189 1501 356 1530 conﬁderet?
371 1502 501 1536 Rursum,
514 1504 622 1540 quando
643 1504 824 1540 magniﬁcavit
849 1505 978 1532 Dominus

189 1547 301 1576 facere?
311 1548 393 1585 224
411 1549 463 1577 nisi
478 1550 586 1584 quando
596 1550 727 1583 Verbum,
738 1552 810 1585 quod
821 1555 880 1578 erat
894 1550 976 1585 Deus,

1033 952 1114 987 συκῆ
1135 953 1251 980 ἔδωκαν
1267 953 1361 988 ἰσχὺν
1374 954 1483 982 αὐτῶν.
1496 955 1551 981 Καὶ
1570 955 1608 981 τὰ
1624 954 1715 981 τέκνα
1733 954 1823 986 Σιὼν,

1033 1000 1160 1035 χαίρετε,
1184 1000 1233 1027 καὶ
1256 1000 1453 1034 εὐφραίνεσθε
1472 1001 1521 1027 ἐπὶ
1537 1001 1633 1035 Κυρίῳ
1651 1000 1712 1033 Θεῷ
1729 1000 1824 1035 ὑμῶν,

1032 1047 1107 1073 διότι
1130 1045 1222 1072 ἔδωκε
1235 1046 1307 1081 ὑμῖν
1324 1046 1361 1073 τὰ
1378 1047 1521 1081 ,βρώματα
1544 1048 1587 1080 εἱς
1612 1047 1823 1081 δικαιοσύνην.

1032 1091 1082 1118 καὶ
1101 1091 1205 1126 ,βρέξει
1231 1091 1303 1126 ὑμῖν
1332 1092 1420 1119 ὑετὸν
1449 1092 1580 1127 πρώΐμον
1615 1091 1666 1119 καὶ
1693 1091 1822 1126 ὄψιμον,

1033 1136 1129 1169 καθὼς
1148 1136 1328 1171 ἔμπροσθεν.
1344 1135 1399 1163 Καὶ
1412 1136 1642 1170 πλησθήσονται
1662 1137 1693 1162 al
1708 1135 1824 1167 ᾶλωνες

1032 1181 1134 1213 σίτου,
1158 1180 1207 1207 καὶ
1228 1180 1526 1214 ὑπερεκχυθήσονται
1550 1182 1580 1208 αὶ
1607 1180 1698 1214 ληνοὶ
1725 1180 1822 1210 οινου,

1032 1227 1081 1254 καὶ
1095 1226 1210 1254 ἐλαίου.

1067 1273 1128 1300 ΛΒ¹.
1151 1273 1231 1306 Ἔθος
1254 1275 1309 1306 τοῖς
1336 1273 1423 1308 ἁγίοις
1445 1274 1606 1309 προφήταις,
1623 1273 1657 1299 ὲκ
1677 1272 1733 1299 τῶν
1752 1272 1824 1299 κατὰ

1033 1320 1126 1356 μέρος,
1143 1321 1190 1347 καὶ
1206 1320 1274 1355 πρὸς
1290 1320 1398 1354 ὀλίγους
1414 1319 1536 1354 ἀγαθῶν,
1547 1319 1671 1353 κομίζειν
1684 1319 1730 1345 τὸν
1744 1318 1823 1352 λόγον

1031 1366 1077 1393 ἐπὶ
1090 1366 1125 1393 τὰ
1139 1366 1253 1394 καθόλου
1267 1375 1296 1392 τε
1311 1366 1358 1393 καὶ
1372 1365 1550 1402 γενικώτερα.
1565 1364 1658 1391 Ταῦτα
1671 1365 1701 1391 δέ
1714 1364 1772 1390 ἐστι
1789 1364 1823 1390 τὰ

1030 1413 1075 1440 διὰ
1098 1412 1227 1449 Χριστοῦ.
1254 1413 1366 1448 Πρόεισι
1385 1412 1416 1448 δὴ
1432 1409 1479 1439 οὖν
1497 1413 1537 1443 εἰς
1552 1411 1631 1438 τοῦτο
1656 1410 1739 1438 πάλιν
1756 1411 1823 1445 ἡμῖν

1030 1459 1044 1485 ὁ
1058 1458 1145 1492 λόγος.
1163 1458 1232 1485 Πότε
1248 1458 1303 1494 γάρ
1318 1457 1422 1484 δέδοται
1436 1457 1465 1483 τὸ
1481 1457 1578 1492 χρῆναι
1595 1456 1706 1492 θαρσεῖν
1721 1457 1755 1490 τῇ
1768 1455 1822 1490 τῇ;

1030 1505 1099 1532 Πότε
1122 1504 1145 1530 δ’
1161 1502 1196 1530 αὖ
1221 1503 1373 1538 ὲμεγάλυνε
1389 1503 1494 1538 Κύριος
1515 1502 1564 1529 τοῦ
1587 1503 1714 1537 ποιῆσαις
1740 1501 1765 1527 εί
1785 1500 1822 1536 μὴ

1030 1552 1085 1583 ὅτε,
1108 1550 1175 1582 Θεὸς
1191 1549 1239 1583 ὢν,
1255 1551 1269 1576 ὁ
1292 1549 1379 1584 Λόγος
1394 1550 1506 1584 γέγονεν
1528 1548 1681 1584 ἄνθρωπος,
1699 1548 1744 1574 ἵνα
1765 1547 1824 1578 τοῖς

189 1593 336 1622 humanam
353 1600 477 1623 naturam
487 1595 584 1629 induit,
598 1600 628 1622 ut
642 1595 721 1624 bonis
735 1596 860 1632 supernis
877 1601 976 1624 terram

1032 1597 1132 1625 ἀνωθεν
1154 1596 1309 1628 ἐπικλύζων
1330 1595 1443 1630 ἀγαθοῖς
1466 1595 1517 1630 τὴν
1540 1595 1586 1622 ὑπ’
1607 1594 1733 1630 οὐρανὸν,
1747 1593 1823 1629 εὑρί-

190 1640 335 1674 inundans,
359 1641 526 1668 inveniretur
542 1642 568 1668 in
582 1649 611 1669 se
630 1641 804 1670 credentibus
828 1646 857 1669 ut
882 1643 979 1670 [levius

189 1687 277 1722 pacis,
290 1690 320 1714 ut.
335 1692 442 1715 torrens
457 1687 614 1721 voluptatis,
627 1691 657 1714 ut
669 1692 859 1722 temporaneus
880 1692 908 1716 et
933 1695 977 1715 se-

190 1731 297 1759 rotinus
315 1732 413 1764 imber,
423 1736 450 1760 et
476 1733 561 1760 totius
586 1732 719 1760 ubertatis
744 1732 867 1768 largitor.
904 1732 980 1761 Tunc

190 1776 263 1805 enim
277 1777 321 1805 vel
338 1778 634 1814 insipientissimis(qui
649 1778 772 1813 jumenla
784 1779 870 1814 campi
883 1779 978 1806 dicun-

190 1822 245 1858 tur)
261 1823 449 1852 intellectualis
465 1823 547 1852 herba
563 1823 735 1859 germinavit.
755 1831 851 1858 nempe
874 1824 978 1852 docen-

191 1868 257 1896 tium
272 1876 374 1897 sermo.
390 1869 466 1898 Tunc
480 1870 624 1898 viruerunt
637 1870 727 1905 campi
751 1870 917 1898 solitudinis.
946 1871 979 1898 Et

189 1914 362 1944 solitudinem
379 1916 489 1951 quidem
519 1920 598 1944 voeat
627 1916 786 1950 Ecclesiam,
797 1917 874 1951 juxta
892 1917 978 1946 illud:

192 1970 201 1987 ι
217 1961 334 1994 Laetare.
346 1961 484 1990 desertum
495 1962 602 1995 sitiens,
613 1963 732 1991 exsultet
744 1963 874 1995 solitudo,
890 1969 917 1991 et
928 1963 978 1992 lio-

190 2011 249 2034 reat
260 2007 337 2041 quasi
351 2006 504 2035 lilium".r
529 2007 622 2044 Campi
649 2009 708 2044 ejus
740 2014 803 2037 sunt
819 2011 979 2046 populorum

189 2057 311 2081 rectores
340 2057 368 2081 et
401 2053 536 2087 doctores,
569 2055 615 2089 qui
653 2060 682 2083 et
720 2056 818 2084 divinis
864 2065 880 2085 e
910 2058 980 2086 ccelo

190 2097 363 2127 charismatis
395 2099 514 2127 animum
555 2100 631 2129 velut
672 2106 820 2129 scatentem
861 2108 888 2130 et
921 2104 981 2137 pul-

190 2144 326 2172 cherrime
356 2146 475 2181 undique
501 2145 640 2174 ﬂorentem
680 2151 786 2182 gerunt,
810 2152 838 2175 et
870 2148 981 2183 dogma-

192 2195 248 2219 tum
263 2190 374 2220 ﬂoribus
386 2193 535 2228 spirantem
565 2193 693 2225 suaviter,
711 2198 739 2221 et
763 2194 865 2221 recenti
895 2194 979 2221 herba

191 2237 310 2272 undique
321 2239 525 2272 pubescentem.
539 2239 571 2266 Hi
584 2239 732 2266 bestiarum
745 2244 869 2267 naturam
890 2245 917 2268 et
939 2240 980 2267 in-

1029 1652 1120 1670 σκοιτο
1138 1644 1196 1675 τοῖς
1211 1642 1385 1669 πιστεύουσιν
1399 1643 1440 1674 εἰς
1455 1641 1536 1669 αὐτὸν
1547 1641 1585 1672 ὡς
1607 1639 1730 1676 ποταμὸς
1747 1640 1824 1675 εἰρή-

1028 1698 1086 1724 νης,
1105 1689 1143 1720 ὡς
1158 1688 1325 1724 χειμάρρους
1339 1688 1455 1723 τρυφῆς,
1471 1688 1510 1718 ὼς
1523 1687 1649 1723 πρὼῖμός
1659 1695 1688 1713 τε
1705 1686 1754 1714 καὶ
1767 1686 1824 1721 ὕψι-

1029 1744 1079 1771 μος
1105 1735 1192 1766 ὑετὸς,
1217 1735 1264 1761 καὶ
1287 1734 1396 1770 ἀπάσης
1420 1733 1519 1768 νοητῆς
1546 1733 1699 1768 εὐκαρπίας
1726 1733 1822 1768 δοτὴρ.

1028 1781 1095 1808 Τότε
1110 1780 1165 1816 γὰρ
1179 1780 1291 1812 καὶτοῖς
1306 1780 1376 1814 ἄγαν
1389 1778 1604 1810 ὰσυνετωτάτοις
1617 1778 1654 1814 (οῖ
1670 1778 1718 1804 καὶ
1735 1777 1822 1812 κτήνη

1028 1826 1152 1860 λέγονται
1166 1826 1213 1853 τοῦ
1229 1826 1333 1859 πεδίου)
1348 1825 1429 1860 νοητὴ
1444 1833 1487 1856 τις
1502 1823 1588 1858 ἀνέφυ
1606 1824 1668 1856 πόα,
1684 1824 1739 1850 τῶν
1752 1823 1824 1850 διδα-

1029 1872 1148 1898 σκόντων
1177 1873 1190 1898 ό
1210 1872 1300 1906 λόγος.
1326 1871 1392 1898 Τότε
1421 1870 1589 1906 βεῦλάστηκε
1613 1869 1647 1897 τὰ
1670 1869 1751 1896 πεδία
1775 1870 1824 1905 τῆς

1030 1918 1146 1953 ἐρήμου,
1165 1918 1212 1944 καὶ
1234 1917 1338 1953 ἔρημον
1356 1917 1405 1952 μὲν
1427 1915 1556 1951 ὀνομάζει
1579 1916 1628 1951 τὴν
1657 1914 1823 1949 Ἐκκλησίαν

1031 1961 1101 1988 κατὰ
1125 1961 1165 1993 τὸ,
1182 1970 1190 1986 ι
1210 1962 1397 1997 Εὐφράνθητι.
1418 1961 1521 1997 ἕρημος
1540 1960 1657 1995 διψῶσα.
1677 1960 1823 1994 Ἀγαλλιά-

1030 2007 1087 2034 σθω
1102 2009 1119 2043 ἡ
1139 2007 1254 2044 ἔρημος,
1276 2008 1324 2035 καὶ
1337 2007 1452 2035 ἁνθείτω
1474 2007 1513 2038 ὡς
1529 2008 1631 2042 κρῖνον.
1653 2016 1662 2032 ι
1690 2005 1775 2032 Πεδία
1796 2005 1824 2031 δὲ

1029 2054 1119 2081 αὐτῶν
1143 2055 1211 2082 εἰσιν
1236 2055 1260 2081 οἱ
1282 2054 1354 2081 λαῶν
1381 2053 1537 2089 ἡγούμενοι,
1561 2054 1608 2079 καὶ
1635 2052 1823 2086 παιδαγωγεῖν

1031 2099 1143 2132 εἰδότες,
1163 2101 1189 2127 οἶ
1213 2100 1262 2127 καὶ
1284 2101 1341 2132 τοῖς
1365 2099 1448 2131 θείοις
1469 2099 1499 2132 ἐξ
1515 2099 1630 2134 οὐρανοῦ
1654 2099 1823 2134 χαρίσμασιν

1030 2145 1110 2172 elevet
1132 2145 1250 2180 βρύοντά
1269 2153 1310 2177 τε,
1325 2145 1373 2171 καὶ
1388 2142 1418 2171 εὖ
1435 2144 1506 2179 μάλα
1525 2143 1758 2180 περιηνθισμρνον
1775 2142 1823 2177 φέ-

1031 2199 1108 2226 ρουσι
1121 2191 1168 2217 τὸν
1184 2191 1246 2218 νοῦν
1260 2191 1307 2218 καὶ
1321 2191 1382 2222 ταῖς
1402 2190 1458 2217 τῶν
1479 2190 1623 2224 δογμάτων
1638 2189 1735 2221 άνθαις
1757 2188 1824 2215 πνέ-

1030 2237 1094 2263 οντά
1108 2245 1138 2263 τε
1161 2237 1222 2272 ἡδὺ,
1241 2237 1289 2263 καὶ
1304 2237 1450 2272 ἁρτιφανεϊ
1463 2237 1496 2271 τῇ
1512 2236 1566 2271 πόει
1589 2235 1822 2270 κατεστεμμένον.

191 2281 270 2316 genia
288 2282 425 2311 imitantes
437 2283 642 2316 exhilarant,ut
652 2285 733 2311 etiam
746 2284 779 2311 ad
811 2285 979 2320 prudentiam

1034 2280 1112 2310 Οὗτοι
1126 2282 1181 2309 τῶν
1197 2281 1446 2317 ἀποκτηνωθέντων
1459 2282 1504 2308 τὸν
1522 2281 1584 2308 νοῦν
1604 2280 1824 2315 κατευφραίνου-

191 2327 301 2355 homine
311 2329 419 2364 dignam
432 2336 480 2357 eos
501 2329 647 2357 adducant.
666 2330 712 2358 Ait
723 2335 824 2364 autem,
837 2335 864 2358 et
877 2331 978 2366 lignum

193 2371 290 2400 tulisse
305 2372 424 2401 fructum
447 2381 537 2403 suum.
554 2378 582 2401 et
598 2373 703 2402 vineam
721 2379 802 2410 atque
825 2375 904 2404 ficum
916 2384 979 2410 pro-

192 2418 279 2454 priam
293 2418 402 2447 dedisse
419 2419 559 2453 virtutem,
575 2419 682 2447 lirmum
697 2427 729 2448 ac
743 2421 980 2457 solidnm,opinor,

192 2465 346 2492 docentium
366 2472 532 2498 sermonem,
549 2466 591 2493 cui
607 2466 687 2494 mista
702 2472 743 2495 est
757 2467 880 2501 dulcedo,
895 2473 922 2495 et
935 2476 978 2494 ra-

191 2511 401 2543 tiodelectandi,
415 2511 548 2539 fructibus
574 2511 617 2540 lici
638 2516 666 2540 et
693 2513 779 2541 vineae
805 2521 978 2549 comparans.

191 2555 355 2584 Convenerit
370 2560 473 2588 autem,
489 2563 538 2584 nec
553 2557 649 2592 injuria
677 2565 752 2591 sane,
766 2559 854 2586 adhuc
877 2559 980 2586 crussis

191 2605 220 2629 et
234 2599 464 2636 pecuduminstar
474 2602 600 2637 stupidis,
628 2608 655 2630 et
677 2603 848 2631 humiliorem
876 2604 978 2632 doctri~

191 2652 266 2678 nam,
279 2645 362 2673 veluti
390 2646 501 2674 herbam
526 2648 553 2675 in
579 2655 661 2683 parva
684 2650 844 2678 docentibus
869 2656 977 2677 enatant

192 2692 335 2727 impertiri,
352 2693 480 2728 perlectis
502 2702 568 2723 vero
591 2696 715 2725 sublimis
733 2697 926 2733 intelligentiae,
951 2702 978 2725 et

191 2743 319 2774 tanquam
335 2746 351 2767 e
371 2739 451 2775 lignis
468 2741 598 2776 speciosis
622 2742 833 2771 eﬂlorescentem
847 2743 976 2778 fructum,

192 2790 288 2819 nempe
302 2785 335 2814 de
350 2791 446 2814 sancta
462 2790 490 2815 ct
504 2787 728 2815 consubstantiali
749 2788 891 2822 Trinitate,
921 2790 977 2818 sive

229 2871 250 2889 "
269 2873 346 2902 Cum.
363 2882 394 2908 ιι,
413 2875 436 2902 l.
477 2875 498 2890 ”
517 2875 567 2902 Isa.
586 2883 667 2907 xxxv,
683 2876 707 2901 ι.

1031 2336 1084 2360 σιν,
1102 2328 1146 2355 ἴνα
1168 2328 1215 2354 καὶ
1238 2329 1279 2359 εἰς
1301 2327 1408 2354 σύνεσιν
1434 2327 1572 2361 ἀνάγωσιν
1587 2326 1820 2362 ἀνθρωποπρεπῆ.

1031 2374 1103 2410 Ἔφη
1119 2373 1147 2400 δὲ
1161 2374 1203 2400 ὅτι
1225 2375 1272 2401 καὶ
1294 2373 1371 2406 ξύλον
1391 2373 1521 2408 ἐξήνεγκε
1543 2372 1589 2402 τὸν
1604 2372 1713 2407 καρπὸν
1727 2371 1822 2404 αὐτοῦ,

1029 2419 1153 2455 ἄμπελός
1167 2429 1208 2453 τε,
1231 2421 1278 2447 καὶ
1300 2420 1369 2455 συκῆ
1385 2420 1434 2455 τὴν
1451 2420 1519 2447 ίδὶαν
1539 2419 1672 2446 ἐκδέδωκε
1694 2418 1822 2453 δύναμιν,

1028 2467 1075 2494 τὸν
1087 2469 1208 2503 στερεὸν,
1223 2466 1311 2503 οἶμαι,
1325 2467 1381 2494 τῶν
1397 2467 1574 2494 διδασκόντων
1604 2466 1694 2500 λόγον,
1717 2462 1739 2498 ᾧ
1757 2465 1823 2500 μέτ-

1033 2523 1093 2542 εστι
1120 2515 1170 2550 μὲν
1185 2515 1216 2541 τὸ
1239 2515 1337 2550 γλυκὺ,
1360 2514 1471 2547 μέτεστι
1494 2513 1523 2539 δὲ
1539 2513 1607 2549 πρὸς
1630 2512 1719 2547 τούτῳ
1735 2511 1824 2538 καὶτὸ

1032 2562 1240 2596 κατευφραῐνειν
1267 2562 1346 2595 είδὸς,
1370 2562 1420 2596 τῆς
1439 2560 1492 2587 ἀπὸ
1515 2559 1610 2594 συκῆς,
1628 2558 1676 2586 καὶ
1699 2557 1823 2593 ἀμπέλου

1032 2609 1149 2642 καρποῖς
1170 2607 1357 2644 παρεικάζων.
1390 2607 1532 2642 ’Δρμόσειε
1559 2605 1581 2632 δ’
1608 2605 1652 2635 ἂν,
1677 2604 1727 2631 καὶ
1751 2603 1824 2638 μάλα

1031 2654 1155 2685 εἰκότως,
1173 2655 1230 2685 τοῖς
1246 2653 1295 2689 μὲν
1311 2653 1350 2680 ἔτι
1368 2652 1530 2687 παχυτέροις
1544 2651 1590 2677 τὸν
1609 2650 1684 2682 νοῦν,
1702 2650 1751 2677 καὶ
1771 2658 1823 2676 νω-

1031 2700 1105 2728 Θείαν
1120 2701 1211 2736 ἔχουσι
1225 2700 1274 2735 τὴν
1289 2699 1464 2736 κτηνοπρεπῆ
1482 2697 1686 2732 κατανέμεσθαι
1699 2696 1746 2723 καὶ
1759 2695 1823 2730 χθα-

1032 2745 1191 2780 μαλωτέραν
1213 2745 1340 2780 μάθησιν,
1364 2744 1414 2779 τὴν
1435 2743 1473 2774 ὡς
1495 2743 1525 2769 ὲν
1546 2742 1613 2768 εῖδει
1635 2741 1683 2768 καὶ
1709 2741 1823 2775 δυνάμει

1030 2790 1099 2822 πόας
1113 2791 1142 2817 ὲν
1156 2791 1212 2823 τοῖς
1225 2790 1260 2818 τὰ
1280 2790 1366 2826 μικρά
1379 2789 1533 2816 διδάσκουσι
1549 2787 1699 2823 φυομένην,
1714 2787 1772 2817 τοῖς
1793 2785 1822 2812 δὲ
