1919 3041
109 159 158 188 573

559 162 836 192 COMMENTARIUS
855 162 889 191 IN
909 163 1044 192 JOELEM
1065 165 1286 194 PBOPIIETAM.

1694 167 1745 195 37b

109 218 221 250 τελείοις
243 219 298 255 ήδη
314 220 361 248 τὸν
375 221 442 256 ὑψοῦ
459 230 488 248 τε
505 223 661 258 νοούμενον,
681 223 728 251 καὶ
742 221 798 250 οἷον
820 223 908 257 ξύλοις

959 225 992 253 de
1002 226 1145 260 disciplina
1173 226 1278 260 morali,
1297 233 1378 261 quam
1399 227 1475 261 quasi
1499 226 1526 253 in
1552 225 1611 253 alto
1631 226 1746 260 positam

108 265 220 301 ὡραίοις
243 265 421 303 ὲπηνθηκότα
444 269 550 304 καρπὸν
564 289 571 302 ,
597 269 643 296 τὸν
665 270 730 305 περὶ
753 270 803 305 τῆς
826 270 906 304 ἁγίας

111 311 160 338 καὶ
175 311 323 347 ὸμοουσίου
347 313 471 350 Τριάδος,
495 315 578 350 ἤγουν
602 315 770 348 παιδεύσεως
796 316 904 352 ἠθικῆς,

110 356 163 391 τῆς
176 356 216 389 ὡς
231 358 262 384 ὲν
277 357 343 392 ὕψει
363 358 564 396 θεωρουμένης.
577 359 722 396 Τοιγάρτοι
746 361 832 396 κτήνη
857 360 906 396 μὲν

111 403 233 436 ἐκείνους
247 404 389 439 ὀνομάζει.
404 404 473 432 Σιὼν
486 405 514 432 δὲ
528 405 578 442 ήδη
593 406 676 433 τέκνα
695 406 758 438 τοὺς
775 406 907 433 τελειοτέο

113 455 188 482 ρους,
205 446 248 480 οἷς
269 449 318 476 καὶ
341 450 536 485 ὲπιγάννυσθαι
558 451 663 478 κελεύει
680 452 776 488 Κυρίῳ
791 452 831 488 τῷ
847 451 906 488 Θεῷ

109 492 202 528 ἡμῶν.
225 494 260 520 Ἡ
285 495 360 522 πᾶσα
384 495 438 531 γὰρ
462 495 581 532 θυμηδία
603 497 682 532 ἡμῶν
697 497 825 533 Χριστὸς,
840 497 906 532 παρ’

109 535 141 565 οὗ
159 539 209 566 καὶ
228 539 264 566 δι’
278 537 309 568 οὗ
332 541 408 568 πᾶσα
423 541 562 576 πλήρωσις
577 542 698 576 ἀγαθῶν,
714 543 761 568 καὶ
781 542 835 569 τῶν
859 543 906 569 οὺ-

109 583 214 618 ρανίων
230 585 410 620 χαρισμάτων
431 587 548 622 χορηγία
569 588 625 618 τοῖς
649 587 794 621 ἀγαπῶσιν
812 587 904 621 αὑτὸν,

109 628 146 659 ὡς
159 629 190 655 ὲν
206 631 345 665 πρωῖμοις
357 639 399 663 τε,
414 631 461 658 καὶ
479 631 587 666 ὀψίμοις
601 632 691 664 ὑετοῖς
705 633 848 668 νοουμένη,
858 633 906 660 καὶ

107 673 145 706 ὡς
162 675 193 701 ὲν
209 675 279 711 σίτῳ
293 676 360 711 ἅλῳ,
375 677 424 703 καὶ
443 677 508 713 οῐνῳ
530 677 619 713 ληνοῖς
636 678 841 714 ὐπερχεομένῳ,
859 680 906 706 καὶ

108 719 193 756 ἐλαίῳ
218 721 426 758 ὺπερὸλύζοντι.
460 723 556 751 Ἰστέον
580 724 620 757 δὲ,
647 725 688 752 ὅτι
710 726 758 752 καὶ
774 725 844 752 κατὰ
859 726 905 752 τὸν

107 766 213 800 τρόπον
225 768 277 803 τῆς
300 769 436 804 μυστικῆς
449 769 618 805 πληρώσεως
636 770 740 807 ἀληθὴς
757 772 773 806 ἠ
788 772 905 807 ὑπόσχε-

110 819 164 842 σις.
180 811 293 839 Δέδοται
308 813 363 849 γὰρ
375 815 443 850 ἡμῖν
465 815 503 847 ὡς
526 815 556 842 ὲν
577 815 647 850 ὗετῴ
667 816 697 842 τὸ
712 816 784 850 ὕδωρ
804 817 836 843 τί,
850 817 905 849 ζῶν

107 856 156 883 τοῦ
184 857 265 892 ἁγίου
291 858 488 896 βαπτίσματος,
505 860 542 892 ὡς
556 860 579 888 δ’
595 862 624 888 ὲν
645 862 711 896 σίτῳ
727 862 742 888 ὁ
760 862 840 897 ἄρτος
854 863 905 897 τῆς

957 271 1182 306 contemplalnur.
1195 272 1311 300 Proinde
1323 272 1383 299 illos
1395 271 1517 306 iumenta
1534 271 1668 306 appellat;
1684 271 1747 298 Sio—

957 316 999 342 nis
1008 320 1097 343 autem
1110 317 1166 351 jam
1191 317 1271 351 ﬁlios,
1286 317 1473 352 perfectiores,
1490 326 1558 352 quos
1575 322 1602 344 et
1629 317 1748 351 gaudere

953 361 1029 395 jubet
1039 362 1065 389 in
1077 363 1190 391 Domino
1206 364 1259 392 Deo
1271 370 1373 392 nostro.
1390 364 1476 392 Omne
1489 364 1561 391 enim
1577 363 1659 391 animi
1673 363 1748 390 obie-

956 412 1118 436 ctamentum
1133 409 1259 438 Christus
1271 414 1324 443 est,
1341 417 1356 437 a
1366 418 1419 445 quo
1438 415 1465 438 et
1478 418 1526 445 per
1539 417 1619 445 quem
1632 413 1675 437 est
1685 417 1746 436 om-

957 453 1000 480 nis
1013 453 1143 482 bonorum
1157 455 1304 490 plenitudo,
1329 460 1357 483 et
1382 456 1576 483 charismatum
1595 454 1744 482 caelestium

956 499 1066 527 donatio
1081 499 1255 535 diligentibus
1268 508 1341 533 eum,
1358 501 1434 536 quasi
1454 502 1479 527 in
1504 501 1684 535 temporaneis
1718 504 1746 527 et

956 545 1083 573 serotinis
1094 546 1228 573 imbribus
1245 546 1392 579 intellecta,
1406 550 1434 573 et
1445 546 1522 580 quasi
1549 546 1576 572 in
1601 545 1740 573 frumento

955 599 1010 626 quo
1023 598 1096 622 area,
1110 596 1137 618 et
1152 591 1178 618 in
1196 592 1261 619 vino
1275 599 1328 626 quo
1340 591 1484 619 toreularia
1505 591 1698 623 redantlarunt,
1717 597 1747 618 et

955 637 983 664 in
1013 639 1179 665 exuberante
1202 638 1272 665 oleo.
1292 637 1438 665 Sciendum
1457 641 1587 671 praeterea
1604 638 1685 664 etiam
1701 644 1744 664 se-

955 684 1070 711 cundum
1095 685 1240 720 mysticum
1264 689 1392 711 eventum
1419 683 1627 718 promissionem
1653 690 1744 710 verum

955 736 1026 757 esse.
1040 730 1106 756 Data
1121 735 1163 757 est
1176 729 1253 757 nobis
1265 737 1314 757 ceu
1330 729 1356 756 in
1372 729 1461 764 pluvia
1476 736 1546 763 aqua
1559 730 1652 755 vivens
1672 730 1744 755 sacri

956 775 1135 810 baptismatis,
1150 781 1177 803 et
1195 780 1322 810 tanquam
1344 776 1369 802 in
1395 775 1531 802 frumento
1549 773 1627 808 panis
1656 774 1743 805 vivus.

955 825 983 848 et
1009 826 1137 855 tanquam
1156 822 1182 848 in
1208 821 1270 849 vino
1293 821 1413 856 sanguis.
1439 820 1560 848 Accessit
1588 820 1651 847 item
1682 826 1746 846 usus

955 867 1018 899 olei,
1034 867 1078 902 qui
1107 874 1155 902 per
1167 875 1274 894 sacrum
1292 867 1426 902 baptisma
1450 867 1476 894 in
1491 867 1603 894 Christo
1615 865 1747 900 iustiﬁcav

108 901 185 938 ζωῆς
199 904 248 931 καὶ
260 904 298 936 ὡς
308 906 338 932 ὲν
354 906 417 940 οίνῳ
429 906 460 932 τὸ
471 903 552 942 αἷμα.
568 907 804 943 Προεπενήνεκται
817 908 846 935 δὲ
858 909 904 935 καὶ

957 913 991 940 tis
1003 913 1036 940 ad
1050 913 1311 941 consummationem
1330 913 1476 941 conferret.

108 950 187 984 ἡτοῦ
205 951 298 978 ἐλαίου
318 953 408 987 χρεία,
425 952 590 980 συντελοῦσα
609 954 678 990 πρὸς
691 954 830 982 τελείωσιν
849 956 904 987 τοῖς

108 995 315 1032 δικαιουμένοις
329 998 359 1024 ἐν
371 998 482 1034 Χριστῷ
496 999 540 1026 διὰ
548 999 597 1026 τοῦ
610 1000 689 1034 ἁγίου
703 999 902 1036 βαπτίσματος.

145 1041 202 1069 Καὶ
217 1042 420 1071 ἀνταποδώσω
431 1045 503 1079 ὑμῖν
517 1045 585 1072 ἀντὶ
605 1044 665 1072 τῶν
679 1045 755 1073 ὁτῶν
772 1043 816 1074 ὧν
833 1055 904 1074 κατ-

107 1086 224 1122 έφαγεν
237 1088 256 1122 ἠ
273 1089 370 1123 ἀκρίς,
389 1090 440 1117 καὶ
457 1092 474 1118 ὁ
493 1091 641 1126 βροῦχος,
666 1092 716 1119 καὶ
744 1093 764 1127 ή
789 1092 904 1128 κάμπη,

109 1133 160 1160 καί
193 1134 214 1168 ἡ
245 1134 382 1170 ἐρυσίϐη,
404 1137 425 1171 ἡ
440 1137 567 1172 δύναμίς
581 1146 643 1172 μου
666 1139 687 1173 ἠ
707 1139 836 1174 μεγάλη,
864 1139 905 1173 ἦν

109 1178 313 1211 ἑξαπέστειλα
332 1182 377 1214 εις
397 1181 485 1217 ὑμᾶς,
503 1182 553 1209 καὶ
571 1183 704 1218 φάγεσθε
715 1184 840 1218 βρώσει,
855 1186 904 1213 καὶ

109 1224 378 1260 ἑμπλησθήσεσθε,
404 1227 454 1255 καί
475 1228 611 1256 αίνέσετε
628 1229 662 1256 τὸ
680 1229 774 1264 ὄνομα
794 1232 905 1265 Κυρίου

109 1270 165 1297 τοῦ
193 1271 270 1298 Θεοῦ
289 1271 383 1307 ὑμῶν,
410 1273 445 1307 ὃς
471 1273 618 1308 ἐποίησεν
637 1276 700 1310 μεθ’
724 1275 809 1311 ὑμῶν
833 1279 904 1304 θαυ-

107 1314 218 1350 μάσια.

143 1361 208 1389 Al".
229 1361 312 1389 Ὅσον
328 1363 378 1398 μὲν
394 1363 459 1399 ἥκει
479 1365 520 1397 είς
540 1365 587 1392 τὸν
607 1366 659 1401 τῆς
680 1367 801 1402 ἱστορίας
815 1367 903 1402 λόγον,

108 1407 172 1438 ταῖς
181 1407 385 1444 προλαϐούσαις
394 1409 443 1445 τῆς
455 1409 563 1445 ἁκρίδος
573 1410 698 1443 ἐκϐολαῖς
713 1411 763 1448 τὴν
782 1412 904 1449 ίσοσθενῆ

109 1452 158 1479 καὶ
181 1452 364 1489 ίσομεροῦσαν
388 1454 505 1482 είσάπαν
538 1456 710 1492 ὑπισχνεῖται
738 1457 904 1493 φιλοτιμίαν,

109 1497 159 1524 καὶ
177 1498 228 1534 τῆς
242 1498 292 1535 ἤδη
309 1499 452 1536 συμϐάσης
466 1501 570 1534 ἐνδείας
583 1502 675 1535 αὐτοῖς
688 1503 838 1540 εὐρυτέραν
852 1513 905 1540 φη-

109 1547 154 1573 σὶν
164 1547 276 1574 ἔσεσθαι
289 1548 340 1584 τὴν
354 1549 408 1576 τῶν
424 1549 562 1585 ἐδωδίμων
575 1551 737 1587 παράθεσιν.

991 1046 1072 1082 225
1089 1045 1170 1074 Vsus.
1185 1045 1231 1079 25,
1264 1045 1308 1074 26.
1326 1045 1360 1074 Et
1378 1047 1487 1073 redeant
1511 1046 1581 1074 vobis
1600 1054 1648 1082 pro
1667 1048 1745 1073 anatis

955 1100 1018 1127 quos
1027 1092 1137 1119 comedit
1149 1092 1296 1124 locusta,“
1312 1093 1435 1125 bruchus,
1450 1098 1474 1119 et
1489 1100 1579 1124 eruca,
1602 1098 1625 1120 et
1642 1093 1743 1127 rubigo.

956 1137 1084 1171 fortitudo
1091 1144 1148 1164 mea
1159 1145 1264 1171 magna,
1275 1145 1354 1171 quam
1371 1137 1432 1164 miri
1443 1138 1470 1164 in
1482 1145 1536 1164 eos.
1557 1137 1589 1164 Et
1604 1137 1744 1164 comedetis

956 1182 1124 1213 comestioue,
1134 1187 1158 1208 et
1171 1182 1366 1215 raturabimini,
1379 1187 1404 1208 et
1422 1182 1566 1209 laudabitis
1592 1191 1685 1210 nanum
1698 1182 1746 1209 Do-

956 1229 1021 1256 mini
1034 1228 1083 1256 Dei
1097 1230 1186 1263 vestri,
1196 1229 1242 1264 qui
1254 1229 1316 1263 fecit
1331 1229 1461 1256 vobiscum
1479 1229 1622 1257 mirabilia.

993 1363 1112 1391 XXXIII.
1125 1363 1201 1397 Quod
1218 1363 1252 1390 ad
1273 1363 1415 1391 historiam
1442 1362 1570 1397 pertinet,
1581 1361 1746 1396 antegressis

956 1408 1122 1436 locustarum
1151 1408 1348 1444 irruptionibus
1376 1416 1430 1437 non
1461 1409 1553 1436 minus
1579 1407 1694 1435 validam
1718 1413 1747 1435 et

956 1454 1087 1488 aequalem
1103 1454 1212 1489 penitus
1229 1453 1444 1482 muniﬁcentiam
1474 1455 1597 1489 spondet,
1614 1458 1642 1481 et
1665 1460 1745 1489 quam

956 1500 1061 1534 experti
1076 1500 1131 1527 sint
1143 1499 1294 1535 penuriam,
1307 1507 1340 1528 ea
1356 1500 1509 1528 uberiorem
1520 1500 1585 1535 ipsis
1600 1498 1659 1528 fore
1681 1506 1746 1535 pro.

956 1550 1066 1573 ventum
1081 1545 1280 1574 esculentorum
1293 1545 1446 1573 conﬁrmat.

144 1592 176 1618 Ei
193 1593 222 1619 δὲ
239 1593 272 1629 δὴ
292 1572 379 1621 νοοῖτο
396 1572 582 1631 πνευματικὸς
603 1572 777 1633 ὀΓλόγοςγτῆς
798 1606 905 1634 προφη-

992 1591 1027 1618 At
1038 1572 1062 1618 si
1151 1572 1289 1626 propheta:
1299 1572 1590 1626 rverharrspiritualiter
1612 1592 1746 1626 interpre-

107 1636 194 1669 τείας,
221 1638 323 1674 φαμὲν,
346 1639 387 1666 ὅτι
412 1640 620 1676 κατεδηδοκότος
644 1642 718 1678 ἡμᾶς
740 1642 835 1678 ὥσπερ
856 1644 904 1670 τοῦ

107 1683 230 1716 Σατανᾶ,
244 1684 293 1711 καὶ
318 1684 356 1716 ὡς
371 1685 400 1712 ὲν
420 1685 495 1717 τάξει
518 1685 633 1722 κάμπης
662 1695 689 1714 τε
711 1688 758 1714 καὶ
782 1689 903 1724 ἁκρίδος,

108 1729 156 1755 καὶ
170 1729 222 1765 μέν
242 1738 283 1756 τοι
299 1731 346 1758 κα)⁸
368 1731 498 1767 ἐρυσίϐης
518 1732 748 1768 κατεφθαρκότων
768 1734 799 1761 οὐ
819 1743 905 1770 φορη-

108 1774 161 1806 τῶς
177 1775 234 1802 τῶν
248 1776 398 1812 ἀλιτηρίων
415 1779 579 1813 πνευμάτων
596 1779 642 1806 ἐπὶ
662 1779 833 1816 πολυτρόπου
850 1789 904 1808 πα-

108 1820 162 1846 θῶν
179 1820 263 1853 ἰδέας,
279 1820 357 1856 ξηροὶ
387 1822 434 1848 καὶ
448 1822 568 1858 ἄκαρποι
582 1825 788 1860 μεμενήκαμεν,
807 1825 905 1860 ἐψιλω-

110 1865 186 1900 μένοι
210 1867 259 1893 καὶ
273 1868 372 1902 γυμνοὶ
385 1868 484 1900 παντὸς
495 1869 610 1902 ἀγαθοῦ,
621 1870 672 1897 οὐκ
687 1871 785 1907 ἠθικὴν
796 1872 904 1907 ἔχοντες

107 1914 148 1945 είς
162 1913 227 1940 νοῦν
241 1914 352 1950 ἀρετὴν,
366 1915 438 1951 λιμῷ
453 1916 481 1942 δὲ
503 1916 597 1952 ὥσπερ
612 1917 842 1953 κατεφθαρμένοι,
858 1920 904 1946 καὶ

109 1958 201 1993 πάσης
222 1959 392 1992 ἁπαξαπλῶς
414 1961 566 1997 εὐκαρπίας
584 1962 773 1998 ἐστερημένοι.
794 1965 903 2001 Ἐπειδὴ

107 2004 135 2031 δὲ
149 2005 384 2041 πεπλουτήκαμεν
400 2007 476 2042 παρὰ
495 2007 614 2043 Χριστοῦ
629 2009 659 2035 τὸ
682 2009 781 2045 χρῆναι
793 2010 903 2046 θαρσεῖν

108 2051 306 2086 (νενικήκαμεν
317 2052 372 2087 γὰρ
385 2052 433 2078 σὺν
446 2052 521 2087 αὐτῷ
536 2053 580 2080 τὸν
595 2053 708 2089 κόσμον,
727 2064 736 2080 ι
753 2055 808 2082 Καὶ
823 2056 903 2082 δέδω-

108 2106 156 2123 κεν
171 2098 241 2132 ἡμῖν
255 2099 349 2124 πατεῖν
362 2098 454 2125 ἐπάνω
470 2099 559 2134 ὄφεων
579 2100 627 2126 καὶ
644 2101 782 2136 σκορπίων
797 2101 832 2137 ι),
842 2102 902 2130 τότε

107 2143 140 2178 δὴ
154 2142 202 2170 καὶ
213 2143 310 2175 ὑετοὺς
320 2144 477 2179 ἐσχήκαμεν
489 2145 553 2176 τοὺς
564 2146 767 2180 πνευματικοὺς
778 2148 902 2182 πρὼῐμὸν

106 2197 137 2214 τε
161 2188 210 2215 καὶ
224 2188 333 2224 ὄψιμον,
348 2189 472 2225 νομικὴν,
487 2191 567 2226 φημὶ.
585 2191 738 2224 παίδευσιν,
755 2193 803 2219 καὶ
813 2194 903 2230 παρά-

108 2234 206 2269 κλησιν
220 2234 413 2270 εὐαγγελικήν.
436 2235 502 2262 Τότε
519 2235 567 2262 καὶ
586 2237 719 2271 φαγόντες
743 2239 902 2275 ὲμπεπλήσ-
917 2250 939 2278 D

109 2279 192 2313 μεθα,
215 2279 265 2306 καὶ
291 2280 485 2318 δοξολογοῦμεν
509 2282 546 2314 ὡς
569 2283 708 2320 Δεσπότην
731 2285 777 2311 τὸν
798 2286 903 2314 ἑαυτῶν

109 2326 186 2361 Eun?)
190 2333 226 2361 ρα
235 2326 365 2362 Χριστὸν,
379 2328 466 2363 ἀνακη
471 2327 614 2364 ρύττοντες
629 2329 666 2361 ὡς
684 2329 733 2356 θαυ
738 2339 822 2366 ματου
826 2332 902 2368 ργὺν,

109 2374 156 2398 καὶ
172 2373 207 2399 τὰ
222 2373 271 2399 τοῦ
297 2373 387 2407 λόγου,
414 2375 461 2400 καὶ
480 2374 586 2407 ἐλπίδος
609 2375 738 2402 ἐπέκεινα
755 2379 812 2410 τοῖς
835 2380 904 2413 ἀγα-

108 2417 197 2444 πῶσιν
212 2418 295 2444 αὑτὸν
313 2418 492 2454 δωρούμενον.
514 2419 691 2456 Ἐγνώκαμεν
703 2421 732 2448 δὲ
743 2423 811 2458 πρὸς
822 2424 903 2451 αὐτὸν

108 2461 203 2498 ἕτερον
225 2462 367 2494 παντελῶς
386 2462 491 2490 οὐδένα.
513 2463 695 2499 Δεδιδάγμεθα
717 2465 745 2491 δὲ
765 2465 854 2500 λέγειν
873 2466 904 2499 ἐξ

109 2507 216 2543 ἀγαθῆς
237 2508 367 2540 διανοίας.
389 2508 500 2544 Κύριος.
517 2509 595 2541 ἐκτός
610 2518 656 2536 σου
675 2511 753 2538 ἄλλον
766 2512 817 2538 οὐκ
831 2512 903 2538 οῖδα-

111 2562 170 2588 μεν.
191 2553 288 2589 ’Δθρει
307 2553 336 2580 δὲ
349 2553 408 2586 πῶς
428 2555 442 2580 ὸ
459 2554 514 2581 τῶν
527 2555 597 2582 ὅλων
614 2555 680 2587 Θεὸς
696 2557 836 2592 μονονουχὶ
854 2558 902 2584 καὶ

110 2600 261 2636 καταγελᾷ,
277 2600 325 2627 καλ⁵
343 2600 571 2637 κατειρωνεύεται
586 2601 619 2628 τὰ
633 2602 800 2637 ἀνθρώπινα,
823 2604 904 2631 δύνασ

112 2655 157 2680 μιν
171 2645 271 2673 ἑαυτοῦ
289 2646 412 2682 μεγάλην
427 2647 541 2683 κάμπην
557 2648 714 2681 ἀποκαλῶν,
735 2649 769 2685 ἡν
792 2651 841 2677 καὶ
863 2652 904 2683 εἰς

110 2692 209 2724 αὐτοὺς
231 2692 409 2726 πεπομφέναι
430 2693 509 2728 φησὶ,
531 2693 579 2720 καὶ
600 2693 705 2720 οὐδέπω
737 2695 842 2730 φαμὲν,
861 2695 903 2722 ὅτι

110 2738 226 2773 δύναμις
240 2738 309 2765 Θεοῦ
327 2738 344 2772 ἡ
366 2738 472 2773 κάμπη.
493 2739 563 2765 Ἀλλ’
575 2736 631 2766 οἷον
652 2740 740 2767 ἐκεῖνό
760 2749 827 2776 φησι
848 2744 904 2774 τοῖς

111 2784 159 2820 τὴν
175 2784 209 2811 δι’
222 2784 314 2819 αὐτῆς
327 2783 379 2809 οὐκ
396 2783 536 2818 ἐνεγκοῦσι
551 2784 678 2812 κόλασιν·
693 2783 726 2814 Ὠ
741 2785 832 2820 δεινοὶ,
858 2787 903 2815 καὶ

146 2873 168 2891 ¹⁸
185 2872 264 2901 Joan.
281 2880 340 2906 xt’l,
361 2871 404 2898 55.
443 2872 465 2888 ¹³
480 2872 545 2900 Luc.
564 2880 589 2905 x,
613 2874 653 2901 19.

959 1641 1058 1670 temur,
1071 1637 1213 1664 dicendum
1231 1641 1273 1664 est
1293 1644 1342 1665 nos
1359 1644 1374 1664 a
1389 1636 1491 1665 Satana
1504 1637 1581 1672 quasi
1593 1637 1745 1670 devoratus,

957 1683 1032 1710 etab
1047 1690 1127 1711 eruca
1143 1687 1170 1711 et
1194 1683 1298 1711 locusta
1321 1690 1370 1718 per
1393 1683 1466 1710 varia
1496 1683 1623 1711 vitiorum
1647 1690 1746 1719 genera

957 1729 1104 1758 crudeliter
1116 1730 1245 1765 perditos,
1258 1729 1390 1758 mansisse
1407 1729 1498 1758 aridos
1512 1736 1545 1757 ac
1558 1723 1676 1760 steriles.
1687 1737 1746 1757 om-

957 1775 1037 1804 nibus
1053 1776 1132 1804 bonis
1147 1776 1267 1810 privatos
1281 1783 1313 1804 ac
1325 1776 1451 1808 nudatos.
1465 1776 1533 1803 nihil
1549 1776 1619 1811 quod
1635 1776 1669 1803 ad
1687 1783 1746 1802 mo-

957 1828 1017 1848 rum
1034 1821 1163 1849 virtutem
1179 1821 1288 1854 attinet,
1300 1821 1398 1849 animis
1414 1822 1593 1856 possidentes.
1625 1822 1674 1849 Ast
1702 1821 1747 1848 ubi

958 1866 1053 1894 ﬁducia
1069 1867 1096 1894 in
1114 1867 1250 1894 Christum
1263 1867 1417 1901 locupletati
1435 1875 1529 1895 smnus
1539 1867 1665 1902 (vicimus
1674 1867 1747 1895 enim

956 1920 1019 1940 cum
1031 1913 1091 1948 ipso
1103 1913 1232 1940 mundum
1249 1914 1283 1946 υ,
1303 1922 1313 1940 ‹
1327 1918 1356 1941 et
1387 1913 1461 1941 dedit
1491 1913 1570 1941 nobis
1585 1917 1746 1948 potestatem

956 1959 1078 1987 calcandi
1102 1967 1184 1994 supra
1208 1965 1349 1995 serpentes
1365 1965 1394 1988 et
1410 1960 1570 1994 scorpiones
1584 1959 1607 1975 “
1630 1960 1665 1994 ι),
1683 1964 1746 1986 tunc

956 2012 1063 2040 quoque
1076 2005 1177 2033 imbres
1191 2005 1344 2040 spirituales
1359 2006 1524 2041 accepimus,
1537 2009 1745 2040 temporancum

956 2055 984 2079 et
997 2051 1157 2084 serotinum,
1172 2051 1367 2079 institutionem
1381 2051 1481 2087 legum,
1495 2052 1615 2087 inquam,
1632 2056 1660 2079 et
1679 2059 1746 2079 cott-

956 2096 1114 2124 solationem
1142 2097 1336 2132 evangelicum.
1360 2097 1436 2125 'I‘unc
1471 2098 1544 2126 enim
1575 2098 1747 2125 comedentes

956 2141 1050 2176 repleti
1064 2149 1169 2175 sumus,
1186 2147 1215 2170 et
1241 2147 1271 2170 ut
1287 2143 1429 2171 Dominum
1455 2143 1638 2179 gloriﬁcamus
1664 2143 1745 2171 Chri-

955 2193 1026 2215 stum
1041 2188 1206 2217 Salvatorem
1219 2193 1353 2222 nostrum,
1383 2189 1506 2217 eumdem
1531 2195 1561 2217 ut
1583 2190 1746 2217 mirabiliqu

955 2234 1120 2269 eﬁectorem,
1136 2240 1164 2262 et
1174 2235 1275 2271 majora
1290 2243 1371 2271 quam
1387 2235 1439 2264 dici
1454 2236 1614 2271 autsperari
1632 2237 1745 2270 possint,

954 2282 1127 2317 diligentibus
1139 2289 1170 2310 se
1181 2283 1326 2311 donantem
1341 2283 1529 2318 przedicanlcs.
1544 2282 1644 2310 Sumus
1656 2288 1745 2311 auten:

954 2329 1026 2356 docti
1042 2329 1110 2356 bona
1122 2329 1289 2357 conscientia
1316 2329 1426 2357 dicere:
1460 2329 1572 2357 Domine
1585 2349 1592 2363 ,
1615 2334 1692 2357 extra
1722 2334 1748 2356 te

954 2375 1036 2402 alium
1062 2375 1133 2402 haud
1159 2374 1293 2402 novimus.
1320 2373 1460 2409 Perpende
1484 2374 1581 2402 deinde
1611 2375 1746 2409 quomodo

954 2420 1139 2447 universorum
1150 2419 1280 2447 Dominus
1293 2424 1395 2446 tantum
1419 2426 1472 2446 non
1487 2419 1609 2452 irrideat,
1621 2424 1649 2447 et
1662 2419 1747 2446 simu-

956 2464 1056 2492 latione
1067 2464 1183 2499 quadam
1196 2464 1306 2492 deludat
1330 2471 1374 2491 res
1405 2464 1554 2496 hominum,
1568 2470 1678 2490 erucam
1694 2470 1744 2490 vo-

956 2518 1022 2538 cans
1048 2517 1173 2545 magnam
1197 2517 1273 2537 suam
1300 2509 1500 2539 fortitudinem.
1517 2516 1597 2544 quant
1613 2513 1683 2536 etse
1698 2509 1746 2536 ad-

957 2564 1051 2584 versus
1067 2556 1138 2591 ipsos
1152 2555 1258 2584 misisse
1280 2560 1411 2583 autumat.
1426 2554 1482 2582 Nos
1506 2555 1614 2590 quidem
1643 2561 1746 2588 nequa-

952 2611 1033 2638 quam
1050 2603 1165 2631 dicimus
1189 2602 1235 2630 Dei
1260 2601 1446 2630 fortitudinem
1466 2608 1673 2630 esse'erueam.
1690 2601 1744 2629 Sed

953 2650 989 2676 ita
1002 2648 1199 2682 quodammodo
1215 2655 1262 2675 eos
1289 2648 1334 2683 qui
1351 2648 1485 2675 invectam
1502 2647 1536 2674 ab
1563 2646 1609 2673 illa
1640 2646 1744 2674 cladem

954 2695 1075 2731 perferre
1089 2695 1278 2730 nequiverunt,
1300 2693 1454 2729 compellat.
1473 2693 1495 2721 0
1510 2697 1696 2724 contumaces,
1711 2699 1746 2720 ac

953 2742 1072 2777 superbi,
1087 2746 1114 2770 et
1127 2750 1176 2777 pro
1190 2742 1274 2770 nihilo
1294 2741 1423 2769 ducentes
1453 2747 1496 2768 me
1508 2739 1644 2768 oli'cndere
1657 2739 1663 2766 l
1689 2746 1742 2766 non

955 2787 1043 2823 ignem
1055 2787 1088 2816 de
1104 2787 1175 2816 coelo
1187 2788 1213 2816 in
1227 2795 1275 2816 vos
1291 2786 1362 2820 misi,
1373 2793 1425 2814 non
1443 2785 1561 2814 tonitrua
1593 2792 1645 2812 non
1660 2792 1744 2820 gran-
