1919 3041
178 165 232 193 375

671 164 700 192 S.
721 162 859 192 CYltlLLl
879 161 1112 191 ALEXANDRINI
1131 161 1290 192 ARCHIEP.

1749 158 1804 185 576

179 221 282 255 dinem,
296 229 348 249 non
371 220 442 248 aliud
459 219 596 254 quidpiam
609 223 746 254 sumptum
764 225 793 247 et
822 219 889 246 locis
919 226 964 245 stt-

1019 217 1160 253 ὶγέρωχοι,
1184 217 1230 244 καὶ
1256 217 1285 244 ἐν
1306 216 1395 243 οὐδενὶ
1417 214 1568 250 γράφοντες
1584 213 1656 248 λόγῳ
1671 212 1703 240 τὸ
1718 221 1806 250 προσ-

181 265 264 299 peris,
278 268 306 292 et
320 265 415 292 divina:
430 263 521 299 gloria:
547 263 766 291 honestissimum
788 263 885 297 innixi;
903 270 964 291 ver—

181 311 265 338 mium
280 310 384 345 abiecta
397 311 473 338 turba
485 311 511 338 in
529 310 664 345 regionem
688 309 845 343 inwrrexit,
860 314 887 337 et
898 316 964 336 con-

182 356 282 384 tnrbati
299 355 376 388 estis,
394 360 422 383 et
433 356 552 389 periistis
564 355 698 384 celeriter.
716 355 835 384 Robusto
860 354 964 382 scilicet

182 401 354 428 vehementer
368 405 411 428 est
431 408 513 429 eruca
530 409 537 427 :
559 408 646 428 meam
669 406 742 429 certe
766 408 889 435 magnam
907 400 963 428 for-

182 446 321 474 titudinem
350 446 423 474 illam
448 451 553 481 reputo.
570 447 652 482 226
671 446 759 474 Mores
779 446 860 481 igitur
874 453 964 473 sermo

181 492 317 527 exprimit,
333 496 362 519 et
386 497 429 520 est
461 492 535 519 velut
563 492 713 524 irridentis,
728 499 760 519 ac
772 492 963 526 propemodum

179 537 360 566 conviciantis
374 538 421 566 Dei
436 539 461 566 in
474 545 521 566 eos
544 538 590 572 qui
607 544 719 572 peccare
735 537 803 564 nihil
821 537 896 572 pensi
917 537 964 564 ha-

178 584 256 618 bent,
270 583 353 612 Posse
366 591 414 612 eos
429 591 525 619 nempe
538 583 645 612 adicere
659 590 747 618 paena,
764 583 787 610 si
801 582 877 616 velit,
905 581 964 610 suf-

180 629 289 658 ﬁciente
305 631 338 657 ad
354 630 405 658 hoc
416 638 509 664 eruca.
527 638 576 666 pro
588 630 692 665 magnis
711 634 740 657 et
753 629 860 656 invictis
888 628 965 656 dein-

179 684 243 712 ceps
255 677 369 705 viribus.
383 677 441 704 Non
458 677 539 712 igitur
553 676 636 704 eﬂuse
650 677 754 704 rideant
771 675 901 707 haeretici,
915 681 966 702 nec

179 723 310 751 adversus
322 723 461 758 Unigeniti
489 723 601 758 gloriam
627 726 770 757 augentur,
793 724 886 756 utpote
904 727 964 747 cum

179 775 261 799 eruca
288 776 384 804 magna
407 768 537 797 fortitudo
566 768 701 796 nominata
725 768 769 794 sit.
803 765 858 793 Nec
870 766 964 794 eodem

179 815 240 843 loco
259 823 313 851 quo
323 816 424 844 vermis
434 815 536 851 pollens
552 814 654 843 viribus
667 813 814 846 habeatur;
830 811 888 839 ausi
899 816 964 839 sunt

179 862 251 894 enim
264 862 356 891 miseri
374 862 454 890 etiam
473 861 501 888 in
515 860 585 888 hanc
598 860 734 894 opinionis
748 866 777 886 se
794 858 965 894 praecipitare

178 908 327 936 miseriam.

214 999 297 1027 Vsus.
314 998 359 1026 27.
371 997 402 1025 Et
412 1006 463 1024 non
469 997 644 1032 confundetur
651 996 763 1031 populus
771 1003 843 1023 meus
853 995 881 1022 in
892 999 966 1023 teter-

178 1041 293 1069 qun.Et
305 1041 391 1070 scietis
399 1042 461 1077 quia
472 1042 500 1069 in
519 1041 604 1069 medio
619 1041 706 1069 Israel
734 1049 790 1068 sunt
801 1049 859 1076 ego.
869 1039 904 1067 Et
919 1047 965 1075 ego

177 1088 306 1116 Dominus
324 1087 394 1115 Deus
414 1092 506 1120 utter,
520 1092 610 1115 etnon
635 1091 674 1115 ut
695 1092 790 1122 prmcr
809 1090 901 1118 ment
915 1093 965 1113 non

177 1134 356 1169 confundetur
376 1133 447 1161 ultra
475 1133 561 1161 omnis
589 1133 701 1168 populus
732 1140 804 1160 metu
831 1132 859 1160 in
891 1136 967 1160 ater-

211 1224 333 1254 XXXIV.
349 1225 489 1254 Manifeste
504 1225 613 1254 modum
630 1225 788 1253 meouomia
799 1224 959 1253 incarnatio-

178 1267 232 1307 nis,
245 1276 272 1300 et
285 1279 346 1300 sese
359 1271 596 1304 exinaniturum",
604 1276 632 1299 et
645 1278 705 1299 cum
717 1270 848 1298 terricolis
863 1270 966 1298 habita.

178 1323 269 1346 turum
282 1318 417 1354 promittit
429 1317 462 1350 ",
473 1317 557 1345 nostri
566 1317 695 1350 similem,
711 1317 738 1344 id
751 1320 803 1349 est,
829 1316 963 1343 hominem

178 1365 292 1392 factum.
308 1364 384 1393 Tunc
397 1365 470 1393 enim
486 1366 513 1393 in
530 1364 620 1393 medio
634 1363 716 1391 Israel
729 1363 819 1396 fuit,et
833 1370 884 1390 nos
892 1362 966 1397 igno-

179 1411 292 1438 miniam
317 1411 471 1447 effugimus,
500 1415 530 1439 et
556 1417 573 1439 e
594 1409 752 1438 confusione
778 1409 894 1444 exempti
923 1415 966 1436 su-

178 1463 250 1488 mus,
266 1460 353 1483 morte
369 1456 496 1483 nimirum
520 1459 671 1490 prostrata,
687 1458 801 1489 peccato
821 1453 965 1481 interfecto

177 1505 206 1528 et
219 1500 373 1536 cognitione
388 1501 510 1529 veritatis
527 1500 689 1529 introducta.
709 1499 786 1527 Haud
810 1500 881 1528 enim
908 1507 965 1527 am-

1014 264 1122 300 κρούειν
1138 264 1217 300 ἐμοίί
1231 263 1263 290 οὺ
1276 262 1332 298 πῦρ
1344 261 1386 297 ἐφ’
1401 261 1473 296 ὑμᾶς
1489 260 1635 296 οὐρανόθεν
1651 260 1751 295 ἀνῆκα,
1772 259 1805 285 οὺ

1014 310 1137 346 βροντὴν,
1149 310 1179 336 οὐ
1196 308 1324 345 χάλαζαν,
1338 308 1387 343 οὐχ
1403 307 1496 343 ἕτερόν
1509 315 1535 333 τι
1549 305 1603 346 τῶν
1617 305 1685 340 ὑψοῦ
1704 313 1736 331 τε
1754 306 1807 340 ἡρ-

1015 355 1113 390 μένων,
1135 355 1182 382 καὶ
1195 354 1236 381 ὅτι
1258 353 1375 389 μάλιστα
1388 354 1421 388 τῇ
1435 351 1480 379 τοῦ
1494 351 1561 378 Θεοῦ
1578 349 1642 386 δόξῃ
1662 349 1805 385 πρεπωδε-

1015 401 1119 428 στάτων
1133 400 1282 436 ἐπήνεγκα.
1298 398 1451 434 Σκωλήκων
1476 396 1556 424 ἀθλία
1573 395 1678 431 πληθὺς
1709 395 1807 426 κατεξ-

1013 447 1113 482 ανὲστη
1128 446 1179 481 τῆς
1191 445 1293 481 χώρας,
1309 445 1358 472 καὶ
1373 443 1572 480 τεθορύσησθε,
1589 442 1637 470 καὶ
1657 440 1806 468 διολώλατε

1013 493 1083 528 τάχα
1096 499 1158 518 που·
1172 491 1276 527 μεγάλη
1291 490 1351 518 λίαν
1364 491 1381 526 ἡ
1395 490 1503 525 κάμπη.
1512 488 1662 523 Λογιοῦμαι
1676 487 1705 514 δὲ
1719 486 1807 521 αὐτὴν

1014 538 1062 566 καὶ
1083 538 1197 573 δύναμιν
1214 535 1332 573 ἐμαυτοῦ
1355 535 1484 572 μεγάλην.
1508 535 1553 561 Ἐν
1578 533 1639 569 seu
1662 533 1694 568 δὴ
1716 529 1766 558 οὖν
1792 531 1807 557 ὁ

1013 584 1102 618 λόγος,
1120 584 1168 610 καὶ¹
1181 582 1263 610 οἱονεί
1279 591 1336 614 πως
1356 583 1385 609 ἐν
1407 581 1514 616 γέλωτι,
1536 579 1676 615 μονονουχὶ
1691 577 1739 604 καὶ
1749 577 1808 603 ἐπι-

1013 628 1181 661 τωθάζοντος
1205 627 1273 655 Θεοῦ
1291 629 1347 660 τοῖς
1372 625 1553 661 καταφρονεῖν
1575 623 1711 655 εἰωθόσιν,
1734 621 1806 648 ὥστε

1014 673 1093 710 εἴπερ
1111 674 1197 702 ἕλοιτο
1217 673 1341 706 κολάζειν
1363 672 1486 704 ἑαυτοὺς,
1508 669 1647 705 ἀρκούσης
1665 669 1706 700 είς
1725 667 1808 694 τοῦτο

1014 720 1127 755 κάμπης
1136 720 1197 747 ἀντὶ
1211 720 1312 755 πολλῆς
1324 719 1371 746 καὶ
1385 718 1491 754 ἀμάχου
1505 716 1598 743 λοιπδν
1614 715 1715 750 ἰσχύος.
1729 713 1807 748 Μηδὲ

1015 764 1103 791 πλατὺ
1114 763 1255 799 γελώντων
1267 762 1423 799 αἱρετικῶν,
1439 761 1506 797 μηδέ
1517 761 1566 796 τῆς
1576 759 1624 786 τοῦ
1634 756 1808 792 Μονογενοῦς

1016 810 1280 846 καταφλυαρούντων
1300 809 1390 844 δόξης.
1407 808 1474 844 μηδὲ
1497 807 1534 839 ὡς
1556 805 1589 842 δὴ
1613 805 1661 832 καὶ
1683 803 1808 840 μεγάλης

1015 855 1157 891 δυνάμεως
1176 855 1205 882 ἐν
1224 855 1274 891 ῐσῳ
1294 853 1441 890 γραφέσθω
1454 854 1487 889 τῇ
1511 851 1648 887 σκώληκι·
1669 849 1808 885 τετολμὴ-

980 887 1003 916 B
1018 887 1092 927 κασι⁷
1106 900 1160 935 γὰρ
1181 900 1206 926 οἱ
1224 887 1336 927 δείλαιοι
1355 887 1402 926 καὶ
1421 898 1460 930 είς
1475 887 1554 924 τοῦτ’
1576 895 1694 922 ὀλισθεῖν
1716 893 1808 920 ἀθλιό-

1016 955 1095 982 τητος
1109 945 1230 974 ἐννοιῶν.

1050 992 1106 1020 Kal
1124 993 1160 1020 οὐ
1178 991 1221 1027 μὴ
1246 988 1452 1026 καταισχυνθῇ
1474 990 1490 1016 ὀ
1511 989 1586 1021 λαός
1604 996 1664 1022 μου
1688 986 1733 1018 εις
1753 984 1808 1012 τὸν

1015 1038 1117 1066 αιῶνα.
1137 1038 1192 1066 Καὶ
1204 1037 1407 1072 ἐπιγνώσεσθε
1420 1036 1464 1062 ὅτι
1475 1035 1510 1062 ὲν
1519 1033 1601 1069 μέσῳ
1615 1032 1668 1060 τοῦ
1686 1030 1809 1065 Ἰσραήλ

1015 1086 1073 1119 ειμι
1093 1084 1159 1119 ἐγὼ.
1176 1083 1232 1111 Kal.
1247 1082 1305 1118 ἐγὼ
1321 1082 1427 1116 Κύριος
1443 1082 1460 1108 ό
1476 1080 1548 1113 Θεὸς
1567 1078 1661 1114 ὑμῶν,
1677 1077 1728 1104 καί
1750 1077 1809 1104 οὐκ

1015 1131 1100 1158 ἐστιν
1114 1129 1158 1156 ἔτι
1169 1128 1252 1163 πλὴν
1267 1127 1339 1163 ἐμοῦ
1349 1136 1356 1143 ·
1373 1127 1423 1154 καὶ
1437 1128 1473 1154 οὑ
1490 1125 1532 1161 μὴ
1547 1122 1809 1158 καταισχυνθήσε-

1015 1185 1063 1204 ται
1078 1176 1123 1203 ἔτι
1139 1174 1198 1208 πᾶς
1215 1176 1232 1202 ό
1248 1175 1323 1207 λαός
1335 1182 1393 1208 μου
1406 1174 1450 1206 εις
1466 1173 1520 1199 τὸν
1533 1170 1636 1198 αἰῶνα.

1050 1221 1112 1250 AA’.
1138 1219 1349 1255 Ἐπαγγέλλεται
1363 1218 1456 1253 σαφῶς
1469 1218 1518 1252 τῆς
1536 1217 1605 1252 μετὰ
1618 1215 1720 1251 σαρκὸς
1736 1215 1809 1241 obto-

1016 1266 1112 1303 νομίας
1127 1266 1173 1294 τὸν
1187 1267 1299 1302 τρόπον,
1315 1265 1362 1292 καὶ
1373 1265 1414 1291 ὅτι
1428 1265 1484 1295 τοῖς
1497 1263 1543 1289 ἐπὶ
1554 1263 1606 1297 γῆς
1621 1261 1810 1296 συνδιαιτήσε-

1015 1321 1061 1339 ται
1088 1311 1211 1343 κενώσας
1238 1310 1350 1342 ἑαυτὸν,
1382 1309 1430 1336 καὶ
1456 1308 1602 1343 γενόμενος
1631 1307 1692 1333 καθ’
1724 1306 1808 1341 ὑμεῖς,

1016 1355 1166 1388 τουτέστιν,
1179 1355 1331 1391 ἄνθρωπος.
1350 1354 1417 1380 Τότε
1432 1353 1486 1388 γὰρ
1503 1352 1655 1386 γέγονενὲν
1672 1351 1751 1386 μέσῳ
1759 1349 1808 1376 τοῦ

1023 1401 1140 1437 Ἰσραὴλ,
1168 1400 1215 1428 καὶ
1239 1399 1402 1434 διεφύγομεν
1429 1397 1573 1433 ἐντροπὴν,
1601 1397 1648 1424 καὶ⁸
1675 1395 1808 1431 αἰσχύνης

1016 1446 1224 1483 ἀπηλλάγμεθα,
1249 1445 1364 1472 θανάτου
1386 1443 1526 1477 πεσόντος,
1544 1442 1680 1478 ἁμαρτίας
1704 1442 1810 1477 ἀνῃρη-

1018 1493 1114 1528 μένης,
1131 1491 1258 1527 γνώσεως
1280 1489 1396 1525 ἀληθοῦς
1415 1488 1672 1524 είσκεκομισμένης.
1695 1487 1753 1514 Οὺκ
1768 1486 1810 1513 ἔτι

177 1545 249 1580 ptius
265 1551 419 1574 creaturam
434 1546 581 1574 adoramus
595 1548 695 1580 praeter
715 1544 871 1573 Creatorem
888 1544 921 1578 η,
938 1549 964 1572 et

1019 1538 1071 1574 γὰρ
1083 1538 1118 1574 τῇ
1134 1536 1221 1564 κτίσει
1239 1533 1445 1571 προσκυνοῦμεν
1460 1533 1536 1569 παρὰ
1549 1532 1595 1559 τὸν
1607 1531 1750 1564 κτίσαντα,
1762 1530 1811 1557 καὶ

177 1592 259 1619 alium
275 1593 359 1620 Deum
374 1597 473 1627 prauer
498 1591 573 1619 illum
589 1590 723 1618 neminem
742 1598 854 1625 prorsus
872 1598 964 1619 susce-

177 1638 277 1673 pimus.
299 1637 415 1666 Proinde
431 1638 513 1666 etiam
535 1638 634 1666 divites
657 1638 805 1670 evasimus,
826 1637 898 1664 utin
916 1643 964 1672 spe

177 1684 255 1712 ﬁrma
267 1684 400 1717 viventes,
424 1690 452 1712 et
468 1685 670 1720 exspectatione
697 1685 759 1712 vius
786 1683 911 1719 longaevae
937 1683 963 1710 in

177 1729 392 1758 sanctiﬁcatione
402 1734 429 1758 et
440 1730 592 1758 innocentia
606 1731 678 1758 vitae.

214 1774 295 1802 Vens.
312 1775 356 1808 28,
368 1775 413 1803 29.
428 1775 461 1802 Et
470 1777 520 1803 erit
528 1776 651 1811 post/uec,
665 1782 689 1802 ει
705 1776 839 1810 effundam
854 1776 886 1802 de
901 1775 962 1810 Spi-

176 1821 229 1848 rilu
241 1829 298 1848 meo
306 1830 385 1856 super
403 1830 504 1849 omnem
524 1827 672 1855 carnem,et
695 1822 883 1856 prophelabunt
914 1821 965 1855 ﬁlii

176 1869 256 1895 uestri
267 1873 291 1896 ιι
306 1869 370 1902 [ilia
382 1874 490 1902 vestrm;
510 1874 534 1896 et
550 1870 666 1896 seniores
676 1870 751 1896 veslri
769 1868 871 1896 somnia
895 1877 964 1895 som-

177 1913 299 1948 ninbunt,
313 1919 339 1942 et
355 1914 465 1949 juvenes
491 1915 568 1942 vestri
584 1915 694 1942 risiones
719 1915 853 1942 uidebunt.
882 1915 966 1949 Atque

177 1960 259 1987 etiam
283 1968 361 1995 super
378 1954 464 1988 servat
487 1969 558 1988 meo;
578 1966 602 1988 et
619 1960 733 1988 ancillas
757 1961 785 1987 in
800 1960 892 1987 diebus
911 1960 965 1987 illis

176 2005 308 2040 emundant
320 2005 352 2033 de
365 2005 465 2040 Spiritu
478 2014 544 2034 meo.

212 2139 323 2168 XXXV.
339 2139 378 2166 En
396 2138 538 2174 perSpicue
560 2138 645 2166 sancti
662 2137 781 2173 Spiritus
808 2138 922 2172 gratiam
938 2146 968 2166 se

178 2187 341 2214 donaturum
355 2184 498 2220 promittit,
517 2184 544 2211 id
555 2188 606 2215 est,
619 2183 792 2211 donationem
804 2182 966 2218 largiﬂuam,

1017 1583 1083 1610 Θεὸν
1103 1584 1196 1618 ἕτερον
1211 1583 1254 1609 ἐπ’
1269 1581 1343 1616 αὑτῷ
1360 1579 1498 1610 παντελῶς
1519 1578 1613 1605 οὐδένα
1638 1576 1810 1612 παραδεδέγ-

1019 1629 1098 1665 μεθα.
1123 1627 1267 1664 Τοιγάρτοι
1289 1627 1337 1654 καὶ
1353 1625 1593 1660 πεπλουτήκαμεν,
1613 1623 1652 1655 ὡς
1669 1623 1698 1649 ἐν
1721 1621 1810 1648 ἐλπίδι

1018 1675 1116 1711 βεϐαίᾳ
1130 1674 1240 1706 ζῶντες,
1256 1673 1303 1700 καὶ⁹
1317 1671 1380 1707 δόξῃ
1401 1672 1434 1706 τῇ
1451 1671 1490 1702 είς
1514 1668 1674 1705 μακραίωνα
1694 1667 1764 1703 βίον,
1780 1667 1810 1695 ἐν

1018 1719 1146 1756 ἁγιασμῷ
1163 1720 1210 1746 καὶ
1230 1719 1349 1752 ὁσιότητι
1365 1715 1513 1747 πολιτείας.

1053 1766 1108 1794 Καὶ
1120 1766 1206 1792 ἕσται
1213 1765 1289 1799 μετὰ
1300 1763 1401 1795 ταῦτα,
1416 1762 1463 1788 καὶ
1474 1760 1567 1795 ἐκχεῶ
1581 1759 1640 1787 ἀπὸ
1653 1759 1707 1786 τοῦ
1720 1758 1812 1786 Πνεύ-

1018 1813 1110 1847 (tarde
1133 1820 1193 1846 μου
1220 1810 1269 1837 ἐπί
1287 1808 1391 1836 πᾶσαν
1420 1807 1535 1841 σάρκα,
1567 1805 1615 1832 καὶ
1642 1804 1812 1839 προφητεύ-

1018 1865 1129 1886 σουσιν
1147 1858 1173 1883 οι
1187 1855 1244 1883 υἱοί
1258 1853 1352 1889 ὑμῶν,
1369 1852 1417 1880 καί
1431 1854 1460 1879 αἱ
1476 1851 1634 1885 θυγατέρες
1648 1849 1742 1885 ὑμῶν.
1757 1849 1812 1876 Kal

1019 1906 1045 1932 οι
1070 1902 1264 1937 πρεσϐύτεροι
1290 1899 1373 1934 ὑμῶν
1392 1899 1521 1925 ἐνύπνια
1547 1896 1812 1931 ἐνυπνιασθήσον-

1019 1959 1077 1982 ται,
1092 1948 1142 1976 καὶ
1156 1949 1184 1975 οἱ
1199 1946 1353 1974 νεανίσκοι
1370 1944 1453 1979 ὑμῶν
1465 1943 1585 1978 ὁράσεις
1599 1943 1738 1976 ὄψονται.
1754 1942 1811 1969 Καί

1019 2005 1052 2031 γε
1064 1995 1114 2023 ἐπὶ
1128 1994 1199 2026 τοὺς
1213 1993 1342 2024 δούλους
1353 1999 1424 2025 μου,
1438 1989 1487 2016 καί
1510 1989 1558 2016 ἐπί
1574 1990 1627 2022 τὰς
1645 1988 1760 2020 δούλης
1777 1987 1813 2015 ἐν

1020 2041 1084 2075 ταῖς
1099 2040 1222 2076 ἡμέραις
1240 2037 1369 2069 ἐκείναις
1387 2035 1481 2069 ἐκχεῶ
1493 2035 1551 2062 ἀπὸ
1568 2034 1622 2061 τοῦ
1636 2033 1814 2068 Πνεύματός

1040 2097 1087 2115 ου.

1018 2097 1118 2159 μοΧίΞἏ
1145 2130 1209 2157 Ἰδοὺ
1230 2129 1262 2164 δὴ
1281 2128 1376 2163 σαφῶς
1391 2126 1546 2164 χαριεῖσθαι
1561 2123 1813 2159 κατεπαγγέλλεται

1021 2178 1069 2214 τὴν
1089 2176 1134 2203 τοῦ
1154 2175 1231 2209 ἁγίου
1254 2174 1411 2209 Πνεύματος
1434 2173 1525 2208 χάριν,
1550 2170 1699 2202 τουτέστιν,
1725 2170 1813 2205 dy.th-

179 2240 233 2260 nou
244 2236 275 2260 ut
290 2231 341 2259 sibi
355 2215 500 2266 prophetas
513 2238 595 2257 unum
606 2234 654 2257 aut
667 2229 793 2261 alterum,
813 2229 836 2256 si
848 2215 886 2256 ita
897 2229 964 2256 {erat

1019 2223 1091 2258 λαφῆ
1106 2222 1155 2257 τὴν
1171 2220 1315 2256 χορηγίαν,
1330 2219 1381 2246 οὐκ
1397 2220 1437 2250 είς
1454 2218 1596 2253 προφήτην
1613 2215 1813 2250 ἐξειλεγμένως

178 2286 234 2311 res,
254 2277 374 2313 deligat;
399 2276 447 2304 sed
474 2275 595 2303 absolute
622 2275 648 2303 in
673 2282 768 2303 omnes
781 2274 827 2308 qui
842 2274 964 2308 accipere

178 2323 362 2352 merebuntur.
382 2322 409 2350 ld
423 2322 494 2357 quod
505 2321 614 2349 Christo
638 2320 767 2351 redivivo,
783 2324 812 2347 et
828 2319 965 2347 destructo

177 2371 273 2398 mortis
285 2369 409 2405 imperio,
417 2369 517 2396 factum
528 2375 588 2395 esse
602 2366 797 2395 conﬁtemur“.
811 2365 877 2393 Nam
894 2365 967 2393 velut

177 2417 213 2444 de
227 2416 334 2451 integro
348 2415 416 2443 adeo
431 2413 614 2441 venerandam
633 2417 661 2439 et
689 2411 874 2439 admirabilem
905 2419 966 2446 gra-

177 2463 244 2491 tiam
259 2462 361 2494 sanctia
372 2461 511 2495 discipulis
526 2459 648 2493 immisit,
661 2458 799 2486 insuillans
817 2464 844 2485 et
853 2458 945 2485 dicens
958 2465 964 2484 :

179 2518 190 2536 ι
209 2509 331 2543 Accipite
344 2507 474 2543 Spiritum
489 2512 613 2535 sanctum
628 2506 662 2532 “.
681 2514 691 2532 ι
711 2504 859 2539 Oportebat
880 2504 963 2537 enim,

176 2555 320 2591 oportebat
342 2553 468 2582 Ecclesiae
495 2557 665 2589 mystagogos
691 2557 718 2579 et
744 2551 819 2580 orbis
832 2555 965 2578 terrarum

177 2600 324 2634 magistros
354 2599 461 2627 futuros
486 2599 567 2627 etiam
595 2602 658 2626 ante
680 2598 748 2626 alios
761 2597 832 2625 douo
848 2595 965 2630 Spiritus

177 2646 264 2673 sancti
279 2645 461 2679 cohonestari,
478 2649 505 2673 et
521 2645 602 2673 veluti
615 2645 750 2680 quoddam
776 2646 965 2671 ornamentum

177 2700 228 2728 per
241 2692 320 2719 [idem
339 2700 365 2719 tn
382 2692 623 2720 sanctiﬁcationem
648 2691 682 2718 ab
707 2690 784 2718 initio
811 2689 906 2723 factos,
926 2689 968 2716 di—

179 2739 243 2766 vina
260 2742 287 2764 et
303 2737 406 2766 cmlcsli
424 2738 504 2774 227
523 2738 610 2773 gratia
631 2737 762 2765 inaurari.
781 2735 879 2763 Diebus
903 2741 968 2761 vero

177 2791 263 2812 sacra
276 2785 448 2813 Pentecostes
459 2784 629 2820 congregatis
644 2784 670 2811 in
698 2790 778 2810 unam
795 2781 903 2810 domum
926 2781 967 2807 di-

221 2873 243 2891 “
255 2874 370 2912 Philipp.
388 2884 418 2909 ιι,
433 2876 458 2903 7.
495 2876 515 2891 ”
531 2874 647 2902 Baruch.
664 2880 704 2907 ut,
725 2873 770 2900 38.

1017 2271 1064 2297 ἕνα
1082 2268 1173 2303 τυχὸν,
1189 2267 1205 2302 ἢ
1220 2266 1277 2298 δύο,
1291 2265 1354 2292 ἀλλ’
1367 2265 1406 2296 είς
1419 2264 1542 2294 ἅπαντας
1556 2262 1647 2293 ἁπλῶς
1661 2261 1723 2291 τοὺς
1742 2261 1813 2286 ἑλεῖν

1017 2315 1118 2349 ἀξίους.
1145 2314 1178 2339 '0
1198 2313 1230 2348 δή
1255 2320 1345 2346 φαμεν
1368 2310 1416 2338 καὶ
1435 2308 1604 2345 πεπεράνθαι
1622 2306 1813 2342 ἐγηγερμένου

1017 2359 1148 2397 Χριστοῦ,
1162 2360 1209 2386 καὶ
1225 2359 1256 2386 τὸ
1269 2358 1317 2384 τοῦ
1339 2357 1454 2384 θανάτου
1472 2354 1675 2384 καταλύσαντος
1697 2352 1812 2388 κράτος.

1024 2408 1083 2435 Ἀπ’
1100 2406 1186 2442 ἀρχῆς
1201 2405 1256 2441 γὰρ
1271 2405 1365 2438 ὥσπερ
1387 2412 1413 2429 τι
1437 2399 1488 2429 ὧδε
1505 2401 1615 2435 σεπτὴν,
1634 2399 1681 2426 καὶ
1697 2398 1814 2431 ἀξιάγα-

1019 2464 1082 2483 στον
1099 2454 1178 2489 χάριν
1195 2452 1251 2483 τοῖς
1267 2450 1354 2484 ἁγίοις
1381 2448 1494 2475 ἐνετίθει
1520 2446 1663 2482 μαθηταῖς,
1680 2443 1814 2478 ἐμφυσῶν

1018 2511 1048 2529 τε
1062 2502 1109 2528 καὶ
1127 2500 1224 2532 λέγων·
1239 2507 1248 2523 ι
1265 2497 1368 2524 Λάϐετε
1383 2494 1496 2529 Πνεῦμα
1512 2493 1600 2527 ἅγιον.
1624 2501 1632 2518 ι
1652 2491 1730 2518 Ἔδει
1745 2489 1812 2524 γὰρ,

1020 2549 1073 2575 ἔδει
1086 2547 1148 2578 τοὺς
1164 2545 1213 2579 τῆς
1235 2542 1397 2577 Ἐκκλησίας
1414 2539 1623 2576 μυσταγωγοὺς,
1642 2535 1753 2570 καὶτῆς
1769 2535 1814 2569 ὑφ’

1015 2596 1091 2632 ἣλιον
1108 2589 1253 2621 παιδευτὰς
1269 2588 1424 2624 ἐσομένους,
1441 2587 1488 2613 καὶ
1502 2585 1554 2621 πρό
1564 2593 1597 2618 γε
1610 2583 1663 2632 τῷν
1678 2581 1768 2632 ἄλλιον

1017 2624 1064 2668 τοῦ
1079 2639 1157 2674 ἁγίου
1171 2635 1239 2663 Πνεύ
1245 2643 1327 2671 ματος
1341 2634 1412 2661 δόσει
1422 2629 1685 2660 κατακαλλύνεσθαι,
1698 2627 1747 2654 καὶ
1760 2624 1816 2653 οἷόν

1018 2696 1044 2714 τι
1061 2682 1266 2719 κεκοσμημένον
1279 2680 1324 2707 διὰ
1344 2679 1461 2710 πίστεως
1479 2678 1518 2709 είς
1539 2674 1676 2711 ἁγιασμόν
1696 2674 1746 2700 ἀπ’
1764 2674 1816 2719 ἀρ-

1019 2731 1071 2767 χῆς
1088 2717 1243 2764 γεγονότας,
1256 2728 1289 2762 τῇ
1306 2726 1366 2761 θείᾳ
1381 2733 1412 2759 γε
1427 2724 1475 2751 καὶ
1493 2722 1612 2758 οὐρανίῳ
1627 2717 1816 2767 καταχρυσοῦ-

1020 2765 1082 2804 σθαι
1097 2776 1197 2812 χάριτι.
1217 2773 1293 2800 Κατὰ
1307 2772 1335 2798 δέ
1349 2780 1381 2806 γε
1397 2770 1446 2803 τὰς
1461 2769 1567 2806 ἡμέρας
1580 2767 1630 2802 τῆς
1647 2765 1731 2800 ἁγίας
1748 2765 1817 2791 Πεν⁴

821 2873 842 2889 ’⁸
861 2872 939 2900 Rom.
955 2880 975 2905 ι,
990 2871 1036 2899 25.
1083 2871 1105 2888 ¹’
1125 2870 1145 2897 ll
1164 2869 1234 2896 Tim.
1258 2875 1277 2900 ι,
1299 2867 1341 2894 10.
1381 2865 1403 2882 ’⁸
1419 2864 1498 2893 Joau.
1519 2872 1565 2897 xx,
1582 2863 1628 2890 22.
