1919 3041
57 170 108 198 371

501 168 776 198 COMMENTARIUS
795 169 828 197 1N
847 169 981 198 JOELEM
999 169 1220 198 PROPHETAM.

1637 171 1689 198 378

58 226 192 263 τηκοσσιῆς
209 226 250 259 εις
270 224 346 254 οἷκον
360 227 407 254 ἕνα
425 227 672 263 συναγηγερμένων
687 227 741 255 τῶν
759 228 848 263 μαθη-

910 228 1022 263 εαῐνυιίε,
1049 232 1077 255 et
1095 228 1236 256 consuetis
1262 227 1462 262 precationibus
1500 226 1556 254 Deo
1581 226 1688 259 oblatis,

58 273 119 305 τῶν,
134 272 182 299 καὶ
203 272 253 304 τὰς
278 273 404 308 συνήθεις
424 273 484 307 Θεῷ
507 273 734 309 προσαγαγόντων
757 273 849 307 λιτὰς,

59 319 167 353 γέγονεν
182 319 278 353 ἄμφω,
300 316 368 354 ἦχος
392 318 511 352 ἐγένετο,
531 319 579 346 καὶ
600 318 722 353 γλῶσσαι
747 318 790 353 ἐφ’
802 318 851 345 ενα

59 364 172 390 ἕκαστον
190 363 333 397 ἐκάθισαν,
359 372 368 390 ι
382 365 436 391 Καὶ
455 363 572 400 ἤρξαντο
588 363 678 391 λαλεῖν
698 365 727 391 ὲν
743 364 852 399 ἑτέραις

59 409 207 444 γλώσσαις,
225 409 318 442 καθὼς
333 409 363 437 τὸ
381 409 492 445 Πνεῦμα
506 409 593 437 ἐδίδου
607 410 698 441 αὐτοῖς
713 409 853 444 ἀποφθέγ-

59 453 155 487 γεσθαι
169 454 408 488 ι’Δπεφθέγγοντο
421 454 449 481 δὲ
463 454 679 490 προφητεύοντες
692 455 776 490 ήγουν
791 462 853 481 συν-

62 498 144 529 ιέντες
160 506 203 530 τε,
216 499 264 525 καὶ
282 499 406 534 λέγοντες
418 499 452 526 τὰ
468 499 512 525 διὰ
527 498 581 525 τῶν
598 498 684 533 ἁγίων
705 498 853 534 προφητῶν

60 544 88 570 ὲν
99 543 138 578 τῷ
153 543 267 580 Χριστῷ
287 545 432 580 μυστήρια,
446 545 494 572 καὶ
507 545 541 572 τὰ
555 545 588 571 δι’
601 541 639 572 ὧν
651 544 724 576 εῑκδς
737 542 771 580 ἦν
785 544 853 580 πρὸς

61 589 217 616 εὐπείθειαν
235 590 352 625 ἑτοίμως
372 590 442 617 ἰέναι
460 590 712 626 ἀναπεπεισμένους
732 588 761 617 εῦ
781 591 853 626 μάλα

62 635 122 667 τοὺς
133 635 340 671 ἀκροωμένους,
349 636 385 668 ὡς
394 636 523 672 ἐνέστηκε
535 636 628 664 λοιπὸν
638 637 652 663 δ
666 637 716 671 τῆς
731 637 853 670 εὐδοκίας

61 681 166 716 καιρὸς,
181 682 231 708 καὶ
246 682 281 709 τὰ
297 682 381 709 πάλαι
397 682 607 720 προηγγελμένα
621 683 668 709 ἐπὶ
682 682 792 718 Χριστῷ
814 683 854 714 εἰς

62 725 147 760 πέρα-ς
178 723 232 761 ἧκε
266 726 370 753 λοιπόν.
403 726 507 754 Οὐκοῦν
536 727 732 762 προεφήτευον,
759 726 854 762 ἁπάσῃ

62 770 171 807 γλώσσῃ
189 771 345 803 λαλοῦντες,
359 772 403 799 διὰ
429 772 520 808 φωνῆς
542 772 627 807 ἁγίων
644 772 712 799 Θεοῦ
732 780 853 807 προανα-

63 816 217 851 φωνοῦπος
235 818 282 844 καὶ
297 817 385 844 τοῦτο.
400 818 554 854 Γέγραπται
575 818 647 855 γάρ·
668 827 678 845 ι
698 818 743 846 Ἐν
764 819 854 854 ἑτερο-

63 861 212 895 γλώσσοις,
229 863 277 889 καὶ
295 863 324 890 ἐν
341 862 458 898 χείλεσιν
480 863 584 899 ἑτέροις
606 863 715 899 λαλήσω
734 863 774 899 τῷ
796 863 854 899 λαῷ

901 277 1046 307 utrumque
1060 272 1172 307 contigit
1186 281 1194 300 :
1226 272 1335 300 auditus
1356 276 1400 299 est
1425 271 1541 302 sonitus,
1555 275 1582 298 et
1594 270 1691 305 linguae

901 317 1015 352 singulis
1027 317 1191 344 insederunt.
1202 326 1212 343 ‹
1228 317 1261 344 Et
1272 321 1412 352 coeperunt
1422 317 1494 352 loqui
1507 316 1568 343 aliis
1580 315 1689 350 linguis,

901 367 981 397 prout
995 361 1114 396 Spiritus
1128 366 1240 389 sanctus
1263 362 1343 389 dabat
1357 362 1446 397 eloqui
1471 361 1524 389 illis
1539 361 1586 387 ¹⁰·.
1610 370 1621 387 ›
1636 360 1690 387 Lo-

902 407 1053 442 quebantur
1079 412 1168 434 autem
1202 407 1403 441 prophetantes,
1430 408 1488 434 sive
1518 414 1567 442 per
1580 411 1690 433 sanctus

902 452 1046 487 prophetas
1067 452 1100 479 de
1117 451 1225 479 Christo
1238 452 1416 486 praenuntiata
1446 451 1574 487 mysteria
1590 450 1691 478 intelli-

903 503 996 534 gentes
1019 503 1047 526 et
1068 498 1269 533 proloquentes,
1285 502 1313 525 et
1333 505 1365 526 ea
1391 505 1440 533 per
1463 505 1522 532 quae
1547 501 1691 525 consenta-

903 552 984 572 neum
998 544 1102 572 eratad
1117 544 1300 572 obedientiam
1317 548 1441 578 prompte
1462 544 1556 571 venire
1577 543 1690 570 audien-

905 594 1067 625 tes-,utpote
1094 596 1237 624 persuasos
1263 589 1343 624 plane
1371 590 1466 617 adesse
1497 589 1553 623 jam
1584 594 1690 623 tempus

903 636 1011 671 gratim,
1025 640 1053 662 et
1065 635 1130 663 olim
1145 634 1180 663 de
1193 635 1302 663 Christo
1316 635 1588 670 pradicta,deinceps
1602 635 1691 669 reipsa

903 682 1043 718 compleri.
1071 681 1274 716 Prophelabant
1305 681 1388 715 igitur
1418 680 1515 714 quavis
1543 679 1632 714 lingua
1655 679 1693 705 lo-

904 731 1030 763 quentes,
1044 727 1115 762 quod
1127 727 1214 761 ipsum
1227 732 1333 761 quoque
1348 732 1363 752 a
1385 725 1440 752 Deo
1452 729 1606 753 sanctorum
1626 731 1693 751 voce

904 771 1061 807 praedictum
1082 771 1181 799 fuerat.
1197 771 1333 805 Scriptum
1362 774 1405 798 est
1428 771 1500 797 enim
1518 778 1525 797 :
1545 779 1554 796 ι
1574 770 1604 796 1η
1632 769 1694 796 aliis

906 818 1007 853 linguis
1031 821 1059 846 et
1070 818 1097 844 in
1110 816 1171 844 aliis
1187 815 1267 843 labiis
1279 815 1374 850 loquar
1399 815 1496 850 populo
1522 814 1598 847 huic.
1612 818 1638 841 et
1660 820 1694 841 ne

904 864 945 892 sic
963 863 1071 899 quidem
1085 863 1197 891 credent
1211 862 1246 890 ¹¹.
1263 871 1273 887 ι
1293 861 1348 889 Hoc
1363 866 1391 889 et
1412 860 1510 888 Paulus
1533 867 1586 888 non
1613 860 1692 894 igno.

63 907 161 943 τούτῳ,
177 909 226 935 καὶ
245 908 299 935 οὐδ’
311 908 396 941 οὕτως
409 909 612 944 πεισθήσονται.
626 919 636 936 ι
653 909 738 936 Τοῦτό
753 918 795 936 τοι
809 910 857 936 καὶ

910 918 980 943 rans.
990 910 1095 945 linguas
1107 910 1134 936 in
1145 909 1251 944 signum
1276 907 1356 936 datas
1382 908 1441 935 ait:
1467 906 1526 934 Non
1560 906 1693 938 ﬁdelibus,

63 953 170 986 Παῦλος
191 955 292 988 συνεὶς,
309 955 348 987 είς
367 956 479 990 σημεῖον
496 955 634 987 Ἰουδαίοις
648 955 771 982 δεδόσθαι
788 955 856 991 φησὶ

63 997 111 1034 τὴν
131 999 350 1033 πολυγλωσσιαν,
364 999 425 1026 Ὀτι
440 999 469 1027 δὲ
489 1000 677 1032 καταπτάντος
695 1001 726 1034 ἐξ
741 1000 856 1036 οὐρανοῦ

64 1042 109 1068 τοῦ
125 1042 207 1077 ἁγίου
228 1043 387 1079 Πνεύματος
404 1044 496 1071 πολλοὶ
516 1045 577 1072 λίαν
592 1042 661 1081 ἦσαν
676 1046 701 1072 οἱ
717 1047 751 1081 τῇ
765 1046 857 1081 χάριτι

64 1087 113 1123 τῆς
132 1089 306 1125 προφητείας
324 1090 551 1125 ἁναμεσούμενοι,
567 1093 694 1127 σαφηνιεῖ
713 1092 827 1128 γράφων
842 1092 858 1118 ό

66 1133 170 1167 Παῦλος
179 1143 188 1150 ο
204 1135 360 1171 «Προφῆται
374 1136 402 1163 δὲ
410 1136 455 1163 δύο
467 1137 483 1173 ἢ
495 1138 568 1173 τρεῖς
577 1137 753 1165 λαλείτωσαν.
761 1137 852 1165 »Εἶτα-

68 1188 77 1204 ι
90 1179 214 1207 Δύνασθε
225 1181 280 1216 γὰρ
293 1181 354 1208 καθ’
366 1181 413 1208 ἕνα
426 1182 525 1215 πάντες
539 1183 732 1219 προφητεύειν.
746 1193 755 1210 ι
769 1183 857 1211 Πάλαι

67 1225 115 1260 μὲν
137 1226 195 1261 γὰρ
217 1226 261 1254 διὰ
276 1227 376 1263 πολλὴν
394 1227 559 1263 δυστροπίαν
573 1229 788 1265 προσχρούοντος
809 1229 857 1257 τοῦ

71 1270 191 1307 Ἰσραὴλ,
205 1271 310 1307 ἔφασκε
325 1273 390 1305 Θεός
400 1281 407 1289 ·
427 1282 437 1299 ι
457 1274 523 1301 Ἰδοὺ
538 1274 593 1309 ἐγὼ
608 1275 687 1310 λιμὸν
701 1275 796 1310 ἐπάγω
811 1275 858 1302 ἐπὶ

66 1316 113 1349 τὴν
128 1317 183 1352 γῆν
198 1317 246 1344 τοῦ
265 1318 380 1346 ἀκοῦσαι
398 1318 476 1353 λόγον
493 1319 605 1355 Κυρίου,
625 1321 673 1347 καὶ
691 1320 745 1347 ἀπὸ
763 1321 858 1347 ἀνατο-

65 1361 118 1388 λῶν
130 1362 186 1394 ἕως
198 1362 310 1398 δυσμῶν
324 1364 554 1400 περιδραμοῦνται
569 1365 713 1401 ζητοῦντες
723 1366 768 1393 τὸν
780 1365 858 1400 λόγον

67 1407 180 1442 Κυρίου,
200 1409 248 1435 καὶ
267 1410 298 1436 οὐ
327 1409 364 1445 μὴ
388 1410 499 1446 εὕρωσι.
515 1420 525 1438 ι
547 1412 602 1438 Καὶ¹
626 1412 695 1448 πρὸς
711 1413 857 1448 Ὶεζεχιήλ·

71 1462 80 1478 ι
92 1453 147 1480 Καὶ
160 1454 213 1488 τὴν
227 1454 352 1488 γλῶσσάν
365 1464 412 1482 σου
427 1457 559 1492 συνδήσω,
574 1458 621 1484 καὶ
635 1458 858 1494 ἀποκωφωθήσῃ,

67 1499 112 1526 καὶ
132 1499 185 1526 οὐκ
208 1499 258 1536 ἔσῃ
273 1501 364 1533 αὐτοῖς
379 1502 419 1534 είς
435 1502 519 1538 ἄνδρα
546 1503 705 1538 ἐλέγχοντα,
727 1504 768 1530 ὃτι
787 1501 860 1534 οἶκος

68 1546 300 1580 παραπικραίνων
318 1547 386 1574 ἐστι.
398 1557 408 1573 ι
429 1547 539 1583 Ἐπειδὴ
555 1548 601 1582 δὲ,
617 1549 688 1575 κατὰ
700 1548 750 1584 τὴν
769 1549 860 1584 φωνὴν

67 1578 113 1617 τοῦ
128 1578 302 1625 Ψάλλοντος,
320 1602 329 1618 ι
345 1593 410 1625 Θεὸς
424 1578 539 1628 Κύριος,
551 1578 600 1621 καί
614 1578 747 1629 ὲπέφανέν
759 1578 857 1629 ὑμῖν.»
874 1578 897 1609 c

70 1637 202 1671 (ὲῆφακδε
216 1638 272 1673 γὰρ
286 1639 352 1674 ἡμῖν
363 1639 520 1674 ό-Χριστδς,
533 1639 618 1671 ἀνιεὶς
630 1640 799 1675 ἐγκλήματα,
815 1641 861 1667 καὶ

69 1683 98 1709 τὸ
115 1684 166 1719 τῆς
177 1683 316 1720 ἁμαρτίας
330 1685 492 1720 ὲμφράττων
508 1685 606 1722 στόμα)
624 1686 727 1713 δέδοται
741 1686 861 1721 λοιπδνή

70 1728 146 1764 χύσις
167 1728 217 1756 τοῦ
239 1730 318 1764 ἁγίου
338 1730 505 1765 Πνεύματος,
527 1731 594 1758 Θεοῦ
617 1731 863 1766 κατευφραίνοντος

70 1775 118 1810 τὴν
140 1774 198 1801 τῶν
218 1774 370 1810 ἀνθρώπων
393 1776 485 1810 φύσιν,
508 1777 556 1804 καὶ
577 1778 611 1812 τῇ
637 1776 751 1810 ἄνωθεν,
769 1777 816 1803 καὶ
835 1777 863 1803 ἐν

70 1820 139 1855 ἀρχῇ
157 1819 356 1854 στεφανοῦντος
375 1820 449 1856 δόξῃ,
464 1821 512 1848 καὶ
526 1822 565 1853 είς
581 1822 669 1848 ἐκεῖνο
687 1822 767 1849 πάλιν
779 1822 863 1857 αὐτὴν

72 1864 232 1899 φιλαγάθως
255 1865 481 1900 ἀνακομίζοντος,
506 1866 547 1897 εἰς
563 1866 577 1892 ὃ
602 1867 701 1902 προῆν,
722 1867 799 1894 obsto)
814 1867 865 1902 τῆς

72 1910 211 1946 ἁμαρτίας
224 1911 444 1947 είσκεκριμένης.
459 1911 496 1938 Οὐ
510 1913 564 1948 γὰρ
579 1912 681 1948 ἔρημον
695 1912 864 1948 προφητικώ

73 1957 233 1993 Πνεύματος
253 1958 406 1993 εὑρήσομεν
429 1958 475 1984 τὸν
494 1958 595 1994 Ἀδὰμ,
616 1959 692 1985 οΰπω
717 1959 765 1994 τὴν
791 1958 865 1985 θείαν

73 2004 184 2039 ἐντολὴν
200 2004 427 2040 παραϐεϐηκότα·
443 2005 585 2039 πεπηγότα
599 2004 628 2030 δὲ
642 2004 737 2039 ὥσπερ
751 2004 801 2037 ἔτι,
817 2004 865 2031 καὶ

73 2050 128 2081 τοῖς
139 2050 191 2085 τῆς
205 2049 312 2084 φύσεως
328 2051 454 2086 χρηστοῖς
468 2050 654 2085 ἐμπρέποντα.
670 2050 726 2076 Καὶ
742 2050 807 2084 γοῦν
819 2051 864 2077 ὅτε

73 2095 123 2131 τὴν
141 2096 260 2130 γυναῖκα
277 2096 502 2132 πλαστουργήσας
516 2097 530 2123 ό
546 2096 612 2128 Θεὸς
627 2096 715 2131 ἤγαγε
735 2096 803 2131 πρὸς
818 2096 866 2123 αὐ-

74 2140 129 2173 τὺν,
152 2141 243 2167 καίτοι
260 2142 383 2177 μήποθεν
406 2142 526 2174 ἀκούσας
549 2142 590 2174 τίς
609 2151 640 2169 τε
661 2143 722 2178 εἴη,
745 2143 790 2170 καὶ
805 2143 865 2170 τίνα

75 2186 174 2221 τρόπον
188 2187 286 2221 ἀνέφυ,
301 2187 381 2219 εὐθὺς
402 2188 550 2223 ἐπεφώνει·
575 2198 584 2214 ι
600 2188 685 2215 Τοῦτο
705 2188 753 2216 καὶ
770 2189 866 2217 ὀστοῦν

906 957 953 984 sed
968 955 1122 984 inﬁdelibus
1139 955 1174 982 ".
1193 954 1262 987 Quia
1277 961 1343 981 vero
1360 957 1501 988 postquam
1515 951 1648 980 devolavit
1660 951 1695 979 de

906 1001 975 1030 cudo
988 1001 1106 1037 Spiritus
1131 1005 1253 1033 sanctus,
1273 999 1350 1027 multi
1379 999 1522 1026 admodum
1550 1002 1627 1025 erant
1647 997 1694 1032 qui

906 1048 1019 1083 gratiam
1044 1047 1192 1082 prophetia
1216 1046 1243 1073 in
1267 1045 1385 1072 medium
1403 1045 1567 1079 prodeuntes
1583 1050 1695 1078 usurpa-

907 1097 977 1127 rent,
991 1093 1100 1125 Paulus.
1125 1093 1190 1128 quid
1209 1091 1362 1119 faciendum
1392 1090 1438 1123 sit,
1454 1089 1584 1118 declarat.
1598 1099 1607 1114 ι
1625 1088 1694 1116 Pro-

906 1140 995 1174 phetas
1009 1143 1110 1172 autem,
1124 1148 1133 1165 ι
1149 1139 1247 1174 inquit,
1258 1147 1268 1164 ι
1279 1138 1331 1166 duo
1342 1140 1388 1164 aut
1407 1141 1462 1164 tres
1474 1136 1618 1171 loquantur
1630 1135 1663 1161 ⁸³.
1681 1143 1692 1161 ι

907 1185 941 1212 Et
959 1193 1041 1214 mox:
1065 1194 1074 1211 ι
1092 1185 1210 1212 Potestis
1222 1185 1295 1212 enim
1309 1189 1404 1212 omnes
1425 1189 1473 1218 per
1502 1181 1620 1217 singulos
1634 1187 1695 1216 pro-

906 1232 1019 1268 phetare
1032 1232 1065 1259 “.
1085 1240 1094 1258 ι
1114 1230 1184 1259 Olim
1199 1230 1321 1265 quidem,
1336 1236 1398 1256 cum
1417 1229 1502 1256 multa
1515 1235 1621 1256 morum
1629 1233 1694 1262 per-

908 1277 1036 1305 versitate
1047 1277 1129 1304 Israel
1160 1277 1242 1304 Deum
1283 1276 1442 1308 oﬂ'enderet,
1467 1273 1574 1301 dicebat
1601 1272 1694 1300 Deus:

911 1331 921 1348 ι
937 1322 1006 1349 Ecce
1019 1328 1069 1356 ego
1079 1320 1204 1348 inducam
1218 1321 1315 1348 famem
1329 1327 1410 1355 super
1431 1323 1531 1347 terram
1565 1316 1696 1344 audiendi

908 1367 1020 1396 verbum
1034 1367 1092 1400 Dei,
1106 1372 1134 1395 et
1147 1367 1181 1394 ab
1193 1368 1299 1394 oriente
1311 1373 1398 1400 usque
1408 1365 1437 1393 in
1449 1364 1618 1392 occidentem
1643 1361 1696 1388 cir-

909 1412 1130 1446 cumcursabunt,
1139 1416 1289 1448 quaerentes
1302 1412 1413 1439 verbum
1442 1410 1558 1442 Domini.
1583 1413 1612 1437 et
1644 1415 1699 1435 non

910 1461 1048 1488 invenient
1063 1459 1097 1487 “.
1113 1468 1123 1485 ι
1143 1459 1176 1485 Ει
1204 1458 1238 1486 ad
1256 1457 1425 1485 Ezecltielem
1443 1466 1451 1484 :
1479 1465 1489 1482 ι
1520 1455 1554 1482 Ει
1579 1454 1698 1489 linguam

911 1512 983 1534 tuam
1009 1506 1141 1541 oolligabo
1167 1505 1268 1540 gutturi
1288 1508 1345 1535 tuo,
1374 1507 1400 1530 el
1414 1503 1469 1531 eris
1494 1506 1595 1533 mutus,
1607 1503 1634 1528 et
1646 1505 1699 1526 non

911 1553 966 1581 eris
979 1552 1031 1581 illis
1053 1553 1079 1580 in
1104 1552 1192 1578 virum
1208 1551 1413 1585 obiurgantem,
1428 1549 1490 1583 quia
1514 1547 1610 1574 domus
1636 1553 1701 1572 exa-

914 1605 1027 1633 speratis
1037 1601 1079 1625 est
1095 1598 1128 1624 ".
1153 1606 1163 1623 ι
1178 1596 1230 1624 Sed
1246 1596 1309 1630 quia
1322 1595 1399 1630 juxta
1416 1601 1509 1622 vocem
1537 1591 1698 1619 Psallentis:

917 1654 926 1670 ι
945 1644 1014 1672 Deus
1033 1643 1173 1676 Dominus,
1186 1647 1213 1671 et
1238 1642 1325 1669 illuxit
1347 1641 1426 1669 nobis
1441 1640 1477 1666 ":
1490 1638 1608 1676 )(illuxit
1625 1637 1698 1664 enim

913 1690 992 1718 nobis
1007 1689 1130 1718 Christus
1143 1688 1284 1716 remittens
1296 1687 1420 1720 crimina,
1433 1691 1461 1714 et
1483 1693 1514 1713 os
1525 1684 1626 1720 peccati
1650 1683 1701 1711 ob<

914 1735 1038 1769 turnum)
1048 1735 1149 1762 ellusus
1162 1735 1248 1762 est-de
1260 1738 1359 1762 cancro
1376 1732 1402 1759 in
1419 1739 1468 1759 nos
1494 1731 1612 1766 Spiritus
1634 1737 1699 1756 san-

913 1788 984 1814 ctus,
1000 1780 1056 1808 Deo
1074 1780 1227 1807 latiﬁcante
1238 1784 1361 1807 naturam
1373 1780 1528 1811 humanam,
1546 1781 1574 1804 et
1586 1782 1702 1810 superna

913 1835 945 1855 ac
958 1827 1084 1862 primaeva
1102 1825 1187 1861 gloria
1203 1829 1360 1857 coronante,
1373 1828 1401 1852 et
1425 1823 1459 1850 ad
1481 1823 1546 1850 illud
1565 1822 1653 1849 denuo
1669 1827 1702 1847 ex

913 1873 1032 1900 bonitate
1057 1879 1105 1899 sua
1136 1871 1292 1902 revehente,
1313 1869 1358 1897 ubi
1385 1874 1447 1906 ante
1475 1867 1572 1899 luerat,
1591 1870 1703 1900 peccato

915 1919 1033 1946 nondum
1048 1917 1183 1952 ingresso.
1200 1915 1257 1942 Non
1270 1916 1342 1942 enim
1367 1914 1501 1950 spirituali
1528 1912 1614 1947 gratia
1640 1917 1703 1946 pro-

915 1963 1011 1998 phetia
1023 1962 1133 1990 carebat
1148 1962 1233 1989 Adam
1258 1960 1415 1995 priusquam
1441 1958 1560 1986 divinum
1590 1956 1703 1983 manda-

916 2014 971 2036 tum
986 2007 1218 2042 transgrederetur
1229 2015 1236 2040 ;
1249 2006 1297 2034 sed
1309 2006 1378 2033 fixus
1393 2004 1471 2040 quasi
1483 2011 1515 2032 ac
1531 2002 1638 2031 stabilis
1660 2002 1703 2028 ad-

916 2055 968 2082 huc
985 2055 1120 2086 manebat,
1135 2057 1163 2081 et
1175 2057 1279 2080 naturae
1291 2052 1370 2080 bonis
1379 2055 1510 2086 praestans
1536 2054 1563 2077 et
1575 2047 1702 2082 insignis.

914 2101 1007 2134 Itaque
1019 2107 1081 2127 cum
1098 2107 1209 2127 uxorem
1222 2106 1237 2126 a
1252 2106 1281 2126 se
1309 2098 1468 2125 fabricatam
1495 2096 1529 2123 ad
1540 2102 1601 2122 eum
1623 2093 1705 2122 add“.

915 2149 989 2173 ceret
1006 2145 1086 2177 Deus,
1095 2144 1203 2172 tametsi
1221 2151 1274 2171 non
1288 2143 1417 2175 audisset,
1435 2141 1515 2174 unde,
1524 2144 1571 2167 aut
1581 2145 1704 2174 quamam

916 2193 1051 2222 essel,aut
1061 2196 1113 2224 qua
1129 2189 1233 2216 ratione
1245 2187 1402 2217 exstitisset,
1416 2185 1507 2213 statim
1526 2182 1703 2211 acclamavit:

74 2231 106 2258 ὲκ
122 2232 180 2258 τῶν
202 2232 289 2259 ὀστῶν
312 2241 374 2268 μου,
395 2234 442 2260 καὶ
459 2233 528 2269 σὰρξ
550 2234 582 2261 ὲκ
603 2234 652 2270 τῆς
676 2235 776 2269 σαρκός
797 2243 859 2270 μουι

921 2245 929 2261 ι
951 2234 1008 2262 Hoc
1035 2241 1107 2262 nunc
1133 2241 1163 2262 os
1189 2241 1220 2261 ex
1234 2233 1341 2261 ossibus
1356 2232 1434 2264 meis,
1447 2237 1475 2259 et
1490 2237 1555 2259 caro
1567 2230 1600 2257 de
1625 2235 1707 2256 carne

75 2276 142 2312 αῦτη
167 2277 237 2313 γυνὴ
258 2278 437 2314 κληθήσεται,
454 2279 515 2315 ἦτοι
530 2280 601 2307 κατὰ
615 2279 743 2315 Ἑσραῖδα
760 2282 863 2317 φωνὴν,

75 2322 191 2357 ἀνδρις,
203 2323 245 2349 ὅτι
259 2324 292 2350 ἐκ
303 2323 350 2350 τοῦ
361 2325 456 2360 ἀνδρὸς
466 2325 580 2361 ἐλήφθη.
588 2335 597 2351 ι
613 2326 682 2352 Ἀλλ’
695 2327 799 2362 ἤργησε
816 2327 866 2362 μὲν

75 2370 92 2403 ἡ
100 2368 239 2404 ἀνθρώπῳ
248 2369 354 2396 δοθεῖσα
365 2371 453 2406 χάρις.
469 2371 655 2406 Ἀνεκαινίσθη
665 2371 693 2398 δὲ
704 2373 732 2399 ὲν
745 2372 865 2408 Χριστῷ,

75 2414 103 2446 δς
125 2414 175 2441 καὶ
197 2414 255 2440 ἐστι
275 2415 399 2451 δεύτερος
425 2416 519 2452 Ἀδάμ.
548 2417 734 2452 ’Δνεκαινίσθη
758 2417 787 2444 δὲ
807 2418 869 2444 τίνα

77 2459 193 2495 τρόπον;
245 2460 298 2495 μὲν
313 2461 367 2497 γάρ
390 2462 448 2489 ἐστι
470 2462 552 2495 Θεὸς,
576 2463 623 2490 καὶ
646 2463 678 2490 ὲκ
700 2463 768 2490 Θεοῦ
792 2464 864 2491 κατὰ

78 2506 158 2540 φύσιν
176 2506 192 2533 ό
207 2506 272 2538 Υἱὸς
285 2507 444 2544 (γεγένηται
458 2508 513 2544 γὰρ
534 2509 567 2535 ὲκ
582 2509 649 2535 Θεοῦ
668 2509 716 2536 καὶ
735 2510 863 2545 Πατρὸς),

79 2551 143 2577 [διον
155 2551 239 2578 αὑτοῦ
255 2560 295 2584 τε,
310 2552 356 2579 καὶ
370 2554 398 2580 ἐν
411 2553 496 2589 αὐτῷ,
512 2556 559 2581 καὶ
570 2553 600 2586 ἐξ
614 2554 696 2581 αὐτοῦ
708 2555 739 2581 τὸ
753 2554 866 2590 Πνεῦμά

79 2597 147 2626 ἐστι,
161 2597 290 2633 καθάπερ
300 2599 397 2633 ἀμέλει
410 2601 456 2627 καὶ
469 2601 512 2627 ἐπ’
527 2601 608 2628 αὐτοῦ
622 2602 722 2628 νοεῖται
733 2601 780 2628 τοῦ
798 2600 864 2628 Θεοῦ

80 2642 124 2668 καὶ
136 2642 253 2679 Πατρός.
267 2640 306 2679 ’ᾛ
316 2644 344 2670 δὲ
355 2645 464 2679 γέγονεν
474 2645 626 2682 ἄνθρωπος,
639 2647 686 2674 καὶ
697 2646 792 2681 γέγονε
804 2645 867 2673 καθ’

80 2688 169 2722 ἡμᾶς,
191 2689 310 2716 ἐπακτὸν
326 2689 398 2725 ἔχειν
413 2691 444 2718 τδ
460 2692 571 2727 Πνεῦμα
592 2692 711 2726 λέγεται.
736 2693 866 2718 Καταπε-

81 2732 190 2768 φοίτηκε
207 2733 274 2768 γοῦν
291 2734 334 2760 ἐπ’
345 2734 425 2762 αὑτὸν
438 2736 467 2762 ἐν
482 2735 546 2763 εῖδει
563 2736 738 2771 περιστερᾶς,
751 2735 793 2762 ὅτι
805 2733 866 2761 καθ’

115 2832 148 2848 ²⁶⁶
162 2832 223 2860 Act.
243 2839 275 2864 ιι,
289 2831 316 2858 2.
332 2831 359 2859 4.
412 2832 433 2848 ’ί
453 2832 504 2860 isa.
521 2841 616 2867 um],
637 2835 680 2861 ll.

726 2835 748 2851 “
767 2833 777 2860 l
796 2834 857 2862 Cor.
873 2841 927 2865 XIV,
943 2833 987 2860 22.
1028 2833 1050 2849 ¹³
1066 2832 1145 2864 lbid.,
1165 2833 1211 2860 27.
1248 2831 1271 2849 "‘
1291 2831 1370 2863 lbid.,
1391 2831 1439 2859 51.

85 2868 124 2901 ll,
143 2867 184 2896 12.
223 2867 248 2884 ’⁸
262 2867 366 2895 Ezech.
388 2874 428 2900 ιιι,
447 2867 492 2895 ‘26.
530 2869 552 2885 "
571 2866 643 2897 Psul.
663 2876 744 2903 cxvn,
759 2869 804 2897 27.
843 2869 859 2886 ²¹

910 2877 953 2897 cn.
974 2876 1004 2902 ιι,
1020 2867 1065 2895 ‘23.
1105 2868 1127 2884 "
1145 2869 1154 2894 1
1173 2868 1235 2896 Cor.
1258 2874 1302 2901 xv,
1323 2866 1368 2894 45.

916 2289 986 2309 mea.
1000 2280 1064 2308 Haec
1083 2279 1179 2307 mulier
1191 2279 1345 2312 vocabitur,
1367 2278 1424 2306 sive
1435 2277 1594 2314 (secundum
1607 2275 1708 2303 idioma

918 2325 1090 2361 Hebraicum)
1115 2325 1199 2360 228
1225 2326 1326 2359 virago,
1353 2324 1416 2359 quia
1442 2323 1475 2351 de
1511 2322 1571 2350 viro
1598 2325 1706 2355 sumpta

919 2376 962 2399 est
977 2371 1010 2399 “.
1021 2380 1031 2397 ›
1048 2370 1148 2398 Verum
1161 2371 1248 2398 otiosa
1263 2370 1314 2398 fuit
1328 2370 1416 2405 gratia
1429 2369 1544 2403 desuper
1561 2373 1705 2399 concessa;

920 2421 1049 2445 renovata
1078 2419 1120 2444 est
1148 2421 1238 2443 autem
1267 2416 1294 2443 in
1315 2415 1433 2446 Christo,
1449 2414 1495 2448 qui
1518 2417 1546 2440 et
1569 2412 1707 2439 secundus

911 2462 996 2490 Adam
1010 2466 1053 2490 est
1066 2462 1098 2488 ".
1114 2461 1173 2494 Quo
1186 2466 1275 2489 autem
1288 2460 1367 2488 modo
1388 2459 1538 2488 renovata?
1565 2458 1706 2491 Quatenus

912 2508 983 2536 enim
995 2512 1036 2535 est
1050 2508 1131 2540 Deus,
1146 2512 1174 2534 et
1198 2514 1231 2534 ex
1258 2507 1312 2534 Deo
1332 2505 1480 2534 secundum
1507 2509 1631 2532 naturam
1660 2503 1702 2530 Fi-

913 2551 964 2581 lius
979 2553 1023 2589 (ex
1038 2552 1094 2580 Deo
1107 2552 1178 2580 enim
1193 2556 1221 2580 et
1249 2551 1329 2579 Patre
1353 2556 1433 2579 natus
1446 2550 1499 2585 est)
1514 2549 1639 2584 proprius
1665 2548 1706 2582 ip-

914 2599 980 2631 sius.
994 2603 1021 2626 et
1037 2599 1064 2626 in
1078 2598 1147 2633 ipso,
1159 2602 1185 2625 et
1198 2605 1232 2625 ex
1249 2597 1308 2632 ipso
1336 2596 1453 2632 Spiritus
1465 2600 1516 2628 est,
1532 2594 1707 2629 quemadmo.

919 2644 982 2671 dum
996 2651 1092 2678 nempe
1106 2643 1176 2670 idem
1195 2642 1322 2677 Spiritus,
1347 2646 1375 2668 et
1400 2641 1426 2668 in
1458 2641 1515 2675 ipso
1530 2640 1584 2667 Deo
1609 2646 1641 2666 ac
1654 2638 1708 2665 Pa-

921 2694 961 2717 tre
976 2689 1143 2723 intelligitur.
1158 2688 1296 2722 Quatenus
1319 2693 1409 2714 autem
1439 2686 1525 2713 factus
1547 2691 1590 2713 est
1612 2684 1706 2715 homo,

920 2734 998 2762 nobis
1013 2734 1120 2768 similis,
1137 2733 1303 2769 impertitum
1319 2732 1419 2760 habere
1435 2730 1567 2766 Spiritum
1596 2728 1706 2757 dicitur.

1486 2831 1509 2847 "
1529 2830 1622 2864 Amos,
1644 2834 1706 2861 vm,
