1919 3041
59 178 106 206 581

505 173 779 205 COMMENTARIUS
798 173 831 202 IN
849 172 982 202 JOELEM
1002 170 1226 201 PROPHETAM.

1630 162 1685 190 582

59 237 180 271 λόγισται
191 235 220 262 δὲ
233 235 282 262 atat
295 235 325 262 ἐν
339 234 454 267 τέκνοις.
468 235 673 271 Πρεσσυτέρους
686 235 734 270 μὲν
748 231 794 260 οὖν
808 234 850 261 ὲν-
864 253 870 269 Α

915 239 1010 261 avenas
1028 232 1147 259 visiones
1159 230 1266 257 visuros
1276 226 1351 254 dicit.
1367 223 1485 252 Senilem
1500 224 1606 248 aetatem
1637 226 1682 254 ap.

60 281 163 312 υπνίοις
183 280 267 315 φησὶν
283 279 554 315 ὲνυπνιασθήσεσθαι,
572 279 685 314 ὄψεσθαι
701 279 729 305 δὲ
743 278 853 314 ὁράσεις

59 328 123 359 τοὺς
144 326 317 358 νεανίσκους,
333 325 517 362 πρεσϐυτικὴν
533 326 642 361 ἡλικίαν
664 325 762 359 λέγων,
786 323 853 350 καθ-

61 373 154 408 ώσπερ
176 370 297 408 ἐγῷμαι,
319 373 368 408 τὴν
387 373 509 407 ποιότητι
529 373 579 407 τῆς
601 371 702 407 ἀρετῆς
721 370 853 406 προῦχου-

63 419 111 445 σάν
124 427 168 451 τε,
184 419 232 446 καὶ
254 418 468 454 ὑπερκειμένην,
485 418 532 444 καλ¹
546 415 602 444 οἷον
618 417 753 452 λαμπροῖς
771 425 854 443 πεπο-

61 465 199 500 λιωμένην
218 465 424 500 κατορθώμασι,
438 464 486 491 καὶ
501 464 631 499 φρονήσει
648 464 681 498 τῇ
700 462 853 498 τελεωτάτη

62 510 280 546 διαπρέπουσαν,
305 511 353 537 καὶ
376 510 615 545 τεθαυμασμένην,
643 508 733 540 ὁποῖός
758 516 800 539 ¹[τις
821 505 854 542 ’ἦν

63 557 109 583 καὶ
130 556 250 588 Παῦλος,
269 557 299 588 ὃς
314 556 439 583 τεθέαται
454 555 514 582 καθ’
528 555 611 582 ὕπνον
631 555 715 590 ἄνδρα
725 554 784 580 τινὰ
801 553 855 580 τῶν

64 602 95 628 ὲκ
111 601 287 633 Μακεδόνων,
299 600 508 636 ἐκλιπαροῦντα,
521 601 568 627 καὶ
582 599 696 634 λέγοντα
705 608 712 614 ·
731 608 741 625 ί
756 598 854 629 Διαϐὰς

63 647 104 679 εἰς
118 646 292 673 Μακεδονίαν
307 646 439 681 βοήθησον
457 647 533 681 ἡμῖν.
547 655 556 671 ι
577 646 700 676 1Δνοινίας
714 645 742 671 δὲ
756 644 810 671 τῶν
827 644 856 670 ἐν

65 693 156 719 πίστει
179 693 416 728 δεδοκιμασμένων
434 693 530 729 ὅρασιν
549 692 593 719 ἐπ’
605 691 680 727 αὐτῷ
697 690 796 726 Παύλῳ
813 699 857 717 τε-

65 738 171 766 θέαται.
184 738 296 774 Ἐπειδὴ
317 739 370 774 γὰρ
388 737 454 774 ἧκεν
469 739 509 770 είς
525 737 679 773 Δαμασκὸν,
696 736 770 772 αὐτῷ
786 736 858 763 κατὰ

65 785 112 819 τὴν
138 784 199 811 ὁδὸν
228 784 356 820 ὀφθέντος
383 783 517 819 Χριστοῦ,
541 782 600 810 εἶτα
631 784 663 818 τῇ
688 782 736 809 τοῦ
770 782 857 816 φωτὸς

67 831 194 866 ἀστραπῇ
217 830 266 866 τὴν
281 830 342 865 ὄψιν
362 831 500 866 ἠδίκηται,
514 829 712 865 τεθεράπευται
727 828 772 854 διὰ
788 824 866 862 Χρι-’

67 877 141 903 στοῦ.
165 876 324 912 Γέγραπται
343 876 372 903 δὲ
396 876 482 907 οὕτως
503 875 602 902 πάλιν·
620 884 629 901 ι
644 873 699 900 Ἦν
720 873 748 900 δέ
769 882 812 905 τις
828 874 858 899 ὲν

67 922 208 957 Δαμασκῷ
226 922 348 958 μαθητὴς
367 921 478 957 ὀνόματι
493 921 627 952 Ἀνανίας.
641 920 696 946 Καὶ
716 916 776 945 εἷπε
791 918 858 953 πρὸς

67 968 149 995 αὑτὸν
164 969 178 994 ὁ
195 968 296 1003 Κύριος
316 968 345 993 ὲν
358 965 627 1002 ὁράματι·Ἀναστὰς
644 964 792 1000 πορεύθητι
813 964 859 989 ἐπὶ

66 1013 114 1048 τὴν
140 1013 243 1048 ῥύμην,
266 1012 317 1048 τὴν
335 1011 505 1046 καλουμένην
523 1009 607 1045 Εὐθῆ,
633 1010 679 1036 καὶ
699 1008 816 1043 ζήτησον
830 1009 858 1034 ὲν

66 1058 140 1092 οἰκία
156 1057 244 1084 ’ἰούδα
258 1057 343 1083 Σαοὺλ
357 1056 479 1091 ὀνόματι,
492 1055 611 1090 Ταρσέα.
625 1064 635 1080 ι
648 1053 770 1083 Ἀκούεις
786 1053 860 1081 ὅπως

67 1104 95 1130 ὲν
109 1104 233 1139 ὁράματι
258 1103 389 1138 λελάληκε
414 1102 482 1137 πρὸς
497 1101 639 1132 Ἀνανίανς
655 1098 709 1126 Ἦν
729 1098 784 1134 γάρ
808 1106 859 1124 που

66 1150 137 1184 τάχα
151 1151 202 1186 τὴν
220 1150 311 1176 πίστιν
329 1149 462 1184 ἀνδρεῖος,
479 1147 525 1174 καὶ
539 1146 648 1177 νεανίας
668 1144 718 1180 τὴν
731 1144 800 1177 ἕξιν,
814 1143 861 1170 καὶ

68 1195 228 1231 σῳριγῶσαν
245 1195 313 1230 ἔχων
329 1195 368 1226 εἰς
384 1193 414 1219 τὺ
434 1192 536 1227 ἀγαθὸν
553 1191 603 1226 τὴν
617 1190 740 1224 γνώμην,
757 1188 860 1223 ἄθραυ-

68 1250 130 1272 στος
148 1241 190 1271 ei;
210 1240 289 1275 ἀκὴν,
309 1240 387 1274 δῆλον
403 1239 432 1265 δὲ
447 1238 488 1264 ὅτι
503 1236 552 1271 τὴν
570 1234 767 1269 πνευματικήν.
791 1232 860 1259 Καθ’

68 1287 151 1314 ὕπνον
171 1286 203 1313 δὲ
218 1285 317 1320 Παύλῳ
333 1285 382 1316 τὰς
397 1283 473 1315 λιτὰς
492 1282 579 1309 ἐδόκει
597 1281 761 1317 προσφέρειν
774 1280 788 1305 ὁ
802 1279 861 1305 Μα·

67 1332 164 1364 κεδὼν,
185 1329 220 1367 ἦν
233 1331 288 1367 γὰρ
309 1331 358 1365 τὴν
381 1329 467 1365 φρένα
479 1328 648 1364 πρεσϐύτης,
669 1326 714 1352 τὸν
731 1324 792 1352 νοῦν
809 1332 861 1359 γης

69 1378 156 1414 patec,
171 1378 221 1405 καὶ
234 1378 285 1412 τῆς
303 1376 405 1404 ἄνωθεν
423 1375 518 1409 σοφίας
536 1373 672 1409 ἔμπλεως.
688 1369 861 1406 Προσεφώνει

68 1423 96 1450 δέ
111 1433 163 1451 που
187 1424 237 1450 καὶ¹
259 1424 274 1450 ὁ
300 1423 379 1457 σοφὸς
401 1421 530 1456 Ἰωάννης
551 1420 607 1450 τοῖς
628 1416 808 1453 ἡγιασμένοις
832 1416 861 1442 ὲν

68 1467 179 1504 Χριστῷ
195 1468 241 1495 διὰ
266 1467 384 1498 πίστεως
397 1475 404 1482 ·
426 1476 435 1492 ι
452 1465 554 1500 Γράφω
568 1463 644 1498 ὑμῖν,
668 1461 803 1496 πατέρες,
822 1460 862 1487 ὅτι

68 1514 208 1548 ἐγνώκατε
222 1513 269 1539 τὸν
281 1513 328 1540 ἀπ’
342 1513 438 1547 ἀρχῆς.
459 1509 560 1546 Γράφω
571 1509 646 1543 ὑμῖν,
663 1506 810 1537 νεανίσκοι,
822 1506 862 1532 ὅτι

70 1559 175 1594 ἰσχυροί
191 1559 265 1590 ἐστε,
287 1557 335 1584 καὶ
348 1555 508 1591 νενικήκατε
523 1554 569 1580 τὸν
588 1551 714 1587 πονηρόν.
730 1560 740 1577 ι
760 1551 862 1583 Ἐπαγ-

68 1606 197 1640 γέλλεται
209 1605 243 1641 δὴ
257 1602 304 1632 οὗν
319 1603 368 1639 τὴν
384 1603 462 1638 χύσιν
481 1600 528 1627 τοῦ
549 1599 706 1635 Πνεύματος
731 1598 787 1629 τοῖς
805 1597 865 1623 δου-

69 1651 191 1678 λεύουσιν
204 1650 290 1686 αὐτῷ.
303 1649 380 1681 Τίνες
391 1649 414 1675 δ’
427 1648 460 1675 ἂν
470 1648 494 1674 oi
508 1645 604 1673 τοιοίδε
619 1644 716 1678 πάλιν;
732 1643 749 1678 ἢ
764 1643 862 1669 ὲκεῖνοι
882 1650 902 1667 π

901 265 983 315 pellat
998 278 1039 313 (ut
1051 277 1117 305 mihi
1146 275 1254 311 quidem
1281 271 1379 308 placet)
1402 267 1510 296 virtutis
1533 265 1687 302 praestantia

902 324 1109 360 prominentem,
1122 326 1148 349 et
1155 309 1331 355 progressam
1343 318 1372 360 in
1388 323 1419 343 ea
1438 315 1552 348 longius,
1569 315 1595 338 et
1609 309 1687 345 quasi

903 348 1069 360 r""---—v-~~
1101 348 1108 354 ν
1127 348 1134 349 κ
1163 348 1171 355 ι
1213 348 1228 355 ν

903 369 1052 397 illustribus
1065 367 1144 395 factis
1160 373 1266 397 canam,
1283 369 1310 391 et
1321 348 1520 390 BSSOIUliSSilIm
1545 355 1686 391 prudentia

903 411 1030 443 eximiam
1039 418 1066 441 et
1078 411 1263 440 admirandam
1279 418 1285 435 :
1304 408 1391 444 qualis
1403 411 1462 434 erat
1475 403 1583 434 Paulus,
1600 402 1644 436 qni
1661 401 1686 426 in

904 459 1007 488 somnis
1023 458 1090 485 vidit
1105 457 1192 483 virum
1208 453 1382 481 Macedonem
1410 455 1531 477 orantem
1550 455 1581 474 ac
1598 447 1687 472 dicen—

906 510 959 533 tem
984 503 1057 531 sibi:
1091 511 1100 527 ι
1117 500 1262 528 Transiens
1306 497 1332 524 in
1371 494 1566 526 Macedoniam,
1593 491 1688 525 adjnva

905 558 954 578 nos
969 550 1001 576 ³³.
1018 559 1026 574 ι
1041 548 1159 575 Ananias
1174 550 1262 571 autem
1278 543 1303 570 in
1319 541 1370 568 fide
1390 541 1528 575 probatus,
1559 537 1688 564 visionem

905 603 985 630 super
997 596 1054 629 ipso
1067 592 1150 620 Paulo
1161 591 1237 621 vidit,
1257 596 1318 615 cum
1333 587 1492 613 Damascum
1504 584 1548 610 ille
1571 583 1652 614 venit,
1663 585 1690 607 et

906 628 1031 669 Christus
1046 639 1071 666 ei
1085 639 1110 665 in
1124 637 1166 664 via
1179 634 1313 671 apparuit,
1333 641 1364 660 ac
1384 632 1486 666 fulgore
1503 630 1612 656 luminis
1629 628 1689 654 visu

906 686 1031 722 privavit,
1047 684 1090 711 ubi
1106 690 1153 718 per
1183 681 1323 709 Christum
1345 682 1455 706 curatus
1485 679 1536 702 est.
1555 674 1691 707 Scriptum

906 717 948 759 est
961 731 1004 758 his
1019 717 1113 757 verbis
1132 737 1138 754 :
1158 736 1166 752 ι
1181 727 1245 754 Erat
1258 730 1348 752 autem
1362 722 1471 758 quidam
1483 718 1628 754 discipulus
1642 717 1693 744 Da-

907 776 1002 807 masci,
1020 773 1128 801 nomine
1141 771 1270 798 Ananias.
1285 769 1317 796 Et
1333 767 1400 795 dixit
1413 766 1446 793 ad
1482 765 1556 791 illum
1583 763 1610 789 in
1635 762 1693 788 visu

908 806 1037 848 Dominus
1052 828 1059 846 :
1075 818 1170 851 Surge,
1181 820 1207 843 et
1222 815 1290 842 vade
1304 815 1329 840 in
1344 813 1432 840 vicum
1453 811 1498 846 qui
1526 809 1624 836 dicitur
1642 806 1695 834 Re-

909 871 978 898 ctus,
990 870 1017 892 et
1031 871 1122 899 quaere
1135 863 1161 890 in
1176 863 1255 889 domo
1265 860 1340 888 Judua
1361 857 1471 886 Saulnm
1498 855 1606 882 nomine
1625 852 1694 879 Tur-

873 910 894 937 B
909 918 1015 939 senscm
1029 909 1062 935 ⁸⁸.
1083 918 1092 934 ι
1112 907 1195 934 Audis
1221 910 1250 932 ut
1273 905 1331 931 visu
1373 902 1524 935 alloquatur
1550 896 1693 924 Ananiam.

909 957 984 988 Erat,
1003 960 1032 981 ut
1046 958 1121 989 puto,
1139 951 1189 978 fide
1201 950 1288 982 fortis,
1314 948 1407 976 habitu
1435 951 1573 975 strenuus,
1606 941 1696 968 animo

910 1003 943 1029 ad
959 984 1085 1028 virtutem
1103 999 1222 1029 incitato,
1235 993 1367 1030 spirituali
1395 992 1494 1019 robore
1511 988 1652 1016 infractus.
1666 984 1696 1011 In

910 1047 1012 1075 somnis
1028 1050 1117 1072 autem
1133 1043 1241 1070 Macedo
1272 1039 1384 1067 Paulum
1413 1042 1510 1071 rogare
1532 1033 1695 1062 videbatur;

909 1096 968 1119 erat
981 1091 1052 1118 enim
1066 1089 1164 1116 Paulus
1178 1090 1267 1114 mente
1278 1092 1370 1116 senex,
1387 1082 1477 1109 animo
1490 1078 1648 1114 grandaevus
1670 1080 1697 1102 et

910 1137 1013 1166 caelesti
1029 1134 1159 1166 sapientia
1184 1133 1288 1168 plenus.
1305 1128 1454 1164 Compellat
1463 1133 1528 1153 vero
1547 1129 1574 1152 et
1590 1122 1698 1158 sapiens

909 1183 1027 1212 Joannes
1040 1180 1223 1209 sanctiﬁcalos
1238 1179 1265 1205 in
1281 1176 1390 1204 Christo
1418 1181 1465 1208 per
1483 1172 1573 1203 fidem,
1591 1170 1617 1196 in
1641 1169 1699 1195 haec

909 1231 993 1258 verba
1011 1238 1019 1256 :
1036 1237 1045 1254 ι
1061 1227 1156 1255 Seribo
1173 1225 1257 1256 vobis,
1275 1228 1378 1258 patres,
1397 1219 1525 1255 quoniam
1534 1213 1699 1251 cognovistis

912 1284 971 1303 eum
988 1274 1032 1309 qui
1048 1274 1081 1300 ab
1095 1273 1171 1300 initio
1183 1276 1234 1299 esL
1259 1269 1356 1296 Scribo
1374 1266 1462 1298 vobis,
1477 1265 1604 1299 juvenes,
1633 1266 1700 1294 quo-

911 1322 982 1348 niam
999 1320 1082 1347 fortes
1096 1318 1173 1349 estis,
1188 1320 1215 1343 et
1226 1314 1330 1342 vicistis
1343 1312 1488 1346 malignum
1499 1306 1701 1335 “.iPollicetur

912 1367 1001 1401 itaque
1012 1364 1141 1399 Spiritum
1156 1366 1279 1389 sanctum
1298 1360 1325 1386 in
1351 1358 1501 1385 servientes
1532 1353 1583 1382 sibi
1599 1350 1701 1379 effusu-

912 1398 981 1440 rum.
998 1398 1088 1444 Etrqui
1105 1412 1166 1436 sunt
1181 1407 1225 1434 isti
1244 1405 1351 1433 tandem
1363 1404 1374 1430 ?
1386 1403 1468 1438 23o
1482 1401 1523 1427 An
1540 1398 1577 1426 illi
1590 1401 1701 1432 prorsus

912 1457 958 1493 qui
968 1455 1086 1484 oraculis
1116 1451 1279 1487 ovangclicis
1305 1449 1437 1478 cervicem
1462 1445 1553 1474 cordis
1587 1441 1703 1470 submit-

913 1508 984 1536 tunt,
1010 1510 1026 1529 ιι
1052 1501 1125 1528 cultu
1154 1500 1182 1527 in
1211 1499 1294 1533 ligura
1314 1495 1495 1526 discedentes,
1508 1497 1536 1520 et
1563 1499 1577 1518 a
1601 1489 1704 1516 Graecas

914 1547 1114 1584 superstitionis
1136 1545 1297 1580 deceptione
1321 1543 1500 1572 desistentes,
1529 1542 1559 1565 ut
1587 1535 1698 1572 quidam

916 1594 975 1622 ait?

903 1641 990 1672 άντως
1015 1639 1040 1666 οἳ
1067 1639 1125 1670 τοῖς
1139 1635 1325 1671 εὐαγγελικοῖς
1341 1632 1523 1667 θεσπίσμασιν
1537 1626 1705 1661 ὺποφέρουσι

70 1698 113 1724 τὸν
127 1697 232 1732 αὐχένα
245 1677 294 1731 της
308 1671 437 1727 διανοίας,
451 1693 501 1729 τῆς
527 1692 576 1728 μὲν
605 1693 634 1718 ὲν
654 1671 732 1725 τύπίμ
744 1671 877 1725 ¹λατρείας
893 1671 1136 1722 ἀποφοιτὴσαντες,
1154 1683 1312 1720 Ἑλληνικῆς
1328 1681 1356 1707 δὲ
1370 1679 1477 1714 ἀπάτης
1505 1671 1704 1708 ἀποπεπαυμέ-

70 1752 119 1774 νοι.
133 1742 206 1770 κατὰ
217 1741 264 1768 τὸν
277 1741 404 1775 λέγοντα;

104 1787 159 1816 Καὶ
178 1787 269 1814 δώσω
286 1786 392 1820 τέρατα
408 1784 441 1811 ἐν
458 1783 498 1817 τῷ
518 1782 635 1818 οὐρανῷ
650 1781 721 1813 ἄνω,
737 1780 787 1808 καὶ
802 1786 861 1813 ση-

68 1835 135 1870 μεῖα
147 1833 201 1861 ἐπὶ
211 1833 269 1867 τῆς
282 1831 339 1867 τῆς
353 1830 442 1863 κάτω,
455 1828 537 1865 αἷμα,
548 1829 597 1856 καὶ
614 1827 684 1861 πῦρ,
697 1826 745 1853 καὶ
755 1826 863 1860 ἀτμίδα

70 1879 201 1906 καπνοῦ.
220 1878 249 1904 '0
267 1877 355 1911 ἣλιος
375 1874 656 1910 μεταστραφήσεται
677 1872 722 1904 εἰς
744 1871 863 1903 σκότος,

71 1925 118 1951 καὶ
133 1925 153 1958 1‘.
170 1922 291 1957 σελήνη
306 1922 350 1954 εις
369 1918 450 1955 αἷμα,
470 1919 541 1953 πρὶν
559 1918 658 1945 ἐλθεῖν
680 1915 737 1950 τὴν
752 1915 866 1950 ἡμέραν·

71 1970 184 2004 Κυρίου
198 1968 258 2002 τὴν
270 1968 406 2002 μεγάλην
420 1965 470 1992 καὶ
486 1963 628 1999 ἐπιφανῆ.

104 2017 181 2049 Λςν.
203 2014 266 2040 Ἐπὶ
293 2013 353 2044 ταῖς
379 2010 545 2041 δυσσεϐείαις
569 2008 623 2036 τῶν
641 2006 785 2039 Ἰουδαίων,
806 2006 865 2037 ταῖς

71 2063 111 2094 εἰς
138 2060 263 2097 Χριστὸν
284 2058 491 2094 γεγενημέναις,
506 2056 554 2084 καὶ
570 2055 639 2091 αὐτὴ
655 2054 710 2081 τῶν
727 2053 868 2088 στοιχείων

71 2108 278 2143 δεδυσφὸρηκεν
293 2107 310 2141 ἡ
335 2105 425 2139 φύσις.
453 2101 669 2137 Κατωλοφύρετο
689 2099 717 2126 δὲ
736 2099 829 2133 ὥσπερ
851 2098 868 2132 ἡ

74 2155 173 2187 κτίσις,
187 2151 405 2188 καθυϐρισμένον
417 2150 508 2186 ὁρῶσα
520 2149 565 2176 τὸν
580 2148 720 2178 κτίσαντα,
735 2145 781 2172 καὶ
793 2146 807 2171 ὁ
820 2144 869 2179 μὲν

75 2200 148 2232 θεῖος
167 2199 242 2231 ναὸς,
259 2198 297 2229 ὡς
311 2199 367 2229 τοῖς
383 2195 528 2223 πενθοῦσιν
544 2193 685 2230 ἀσχάλλων
700 2193 728 2218 ἐν
748 2191 807 2226 ἴσῳ,
821 2198 871 2216 πε-

75 2247 270 2283 ριεῤῥήγνυτο.
283 2245 438 2280 Γέγραπται
458 2243 522 2278 γὰρ,
537 2242 578 2268 ὅτι
595 2250 605 2266 ι
620 2240 657 2266 Τὸ
672 2238 720 2266 τοῦ
736 2237 801 2265 ναοῦ
818 2245 868 2264 κα-
886 2253 909 2280 D

73 2282 242 2327 ταπέτασμα
254 2290 308 2317 ἀπὸ
324 2289 425 2316 ἄνωθεν
436 2289 488 2320 ἕως
500 2288 575 2315 κάτω
588 2285 710 2320 ἐσχίσθη.
723 2293 733 2310 ι
754 2283 783 2309 '0
798 2282 871 2318 ἥλιος

74 2340 103 2366 δὲ
119 2340 151 2366 τὺ
166 2339 269 2365 οἰκεῖον
284 2335 422 2371 άνακόψας
442 2333 521 2365 σέλας
536 2333 586 2359 οὐκ
607 2331 683 2366 ἠξίου
704 2329 810 2364 φαίνειν
831 2328 871 2353 ἔτι

75 2386 131 2417 τοῖς
143 2385 191 2410 ἐπὶ
204 2384 253 2418 τῆς
268 2383 328 2417 γῆς.
343 2381 445 2408 Ἐποίει
457 2379 511 2414 γὰρ
528 2377 622 2408 σκότος
637 2375 692 2403 ἀπὸ
705 2374 778 2409 ὥρας
790 2373 872 2407 ἕκτης

76 2431 128 2462 ἓως
151 2429 278 2463 ὲννάτης,
300 2426 436 2462 ἐσχίζοντο
455 2425 484 2452 δὲ
497 2423 544 2451 καὶ
564 2422 671 2457 πέτραι,
689 2420 759 2455 τάχα
774 2418 803 2446 δέ
819 2425 870 2444 που

78 2477 126 2503 καὶ
145 2475 212 2510 περὶ
227 2475 274 2501 τὸν
292 2474 341 2508 τῆς
359 2473 471 2507 σελήνης
490 2469 589 2498 κύκλον
614 2466 762 2504 ἐπράττετό
779 2474 805 2491 τι
819 2464 873 2491 τῶν

79 2509 235 2556 ἀσυνήθων,
247 2520 285 2551 ὼς
294 2519 382 2545 δοκεῖν
395 2518 434 2549 είς
446 2513 515 2552 αἷμα
530 2511 765 2550 μεταπεποιῆσθαι
777 2509 874 2544 αὑτήν.

79 2555 228 2602 Σεσίγηται
249 2565 298 2601 μὲν
313 2563 361 2592 οὖν
378 2564 409 2591 τὸ
430 2562 533 2589 τοιόνδε
552 2562 609 2592 τοῖς
628 2560 717 2594 ἁγίοις
736 2555 876 2591 εὐαγγελι-

81 2616 167 2645 στατς.
185 2610 348 2647 ’Δξιόχρεώς
360 2618 392 2644 γε
407 2609 459 2645 μὴν
471 2610 488 2644 ὴ
500 2608 591 2639 πίστις
601 2607 634 2633 ὲκ
645 2603 823 2640 προφητείας,
835 2602 876 2628 ὅτι

82 2661 132 2696 μὲν
154 2661 212 2690 τοῖς
237 2658 285 2685 τοῦ
321 2655 495 2692 Δημιουργοῦ
535 2654 667 2688 νεύμασιν
688 2651 738 2677 οὐκ
761 2651 790 2676 ὲν
809 2647 876 2683 ἡλίῳ

83 2692 162 2742 μόνον
186 2705 223 2732 τὰ
244 2705 347 2740 σημεῖα
368 2702 490 2737 γέγονεν,
514 2700 572 2728 ἀλλ’
592 2696 648 2726 οἷον
676 2697 724 2731 ὅλη
747 2695 816 2730 πρὸς
844 2692 876 2719 τὸ

83 2740 207 2783 άκαλλὲς,
223 2750 272 2777 καὶ
282 2748 418 2784 ἀσύνηθες
430 2747 499 2782 αὐτὴ
513 2743 741 2781 μετακεχώρηκεν
755 2742 772 2776 ἡ
784 2740 875 2776 φύσις,

88 2797 166 2832 σαφὲς
184 2796 218 2823 ἃν
232 2795 340 2831 γένοιτο
356 2792 423 2820 Θεοῦ
441 2792 565 2827 λέγοντος
579 2790 622 2817 διὰ
639 2787 730 2824 φωνῆς
746 2785 874 2812 Ἡσαΐου·

952 1774 1035 1801 γης.
1051 1773 1096 1806 50,
1114 1772 1160 1800 3i.
1182 1770 1216 1798 Et
1237 1769 1305 1797 dabo
1319 1768 1441 1803 prodigia
1462 1767 1490 1793 in
1507 1765 1570 1792 uelo
1585 1773 1702 1796 sursum,

916 1825 939 1846 et
964 1823 1086 1854 portenta
1110 1825 1187 1851 ευμεν
1211 1821 1308 1843 terram
1336 1815 1468 1844 deorsum,
1490 1811 1653 1845 sanguinem,
1681 1815 1707 1837 et

916 1866 1012 1900 ignem,
1028 1869 1053 1891 et
1073 1871 1192 1898 vaporant
1217 1861 1294 1896 fumi.
1325 1859 1373 1887 Sol
1403 1862 1567 1885 convertatur
1585 1857 1612 1883 in
1637 1861 1707 1883 tene-

917 1911 989 1942 bras,
1010 1915 1034 1936 et
1054 1909 1118 1935 luna
1139 1908 1166 1935 in
1190 1906 1356 1941 sanguinem,
1379 1908 1520 1936 antequam
1545 1901 1630 1928 veniat
1651 1901 1707 1927 dies

917 1955 1023 1983 Domini
1041 1962 1150 1989 magnus
1168 1958 1192 1980 et
1204 1952 1325 1979 illustris.

956 2000 1077 2028 XXXVI.
1092 1998 1228 2027 AJudteis
1241 1997 1323 2029 impie
1348 1997 1375 2024 in
1397 1994 1535 2023 Christum
1557 1992 1706 2027 designata,

919 2050 976 2085 ipsa
994 2054 1101 2082 quoque
1125 2045 1320 2073 elementorum
1343 2046 1439 2069 natura
1464 2039 1570 2073 indigne
1587 2037 1659 2068 tulit,
1681 2040 1710 2062 et

920 2099 1044 2122 creatura
1061 2097 1114 2120 tam
1129 2089 1323 2119 contumeliose
1338 2087 1459 2114 habitum
1476 2086 1584 2112 intuens
1596 2082 1710 2110 Creatoo

920 2148 990 2172 rem,
1010 2138 1209 2174 quodammodo
1238 2135 1316 2168 luxit,
1333 2141 1365 2161 ac
1385 2133 1504 2160 divinum
1523 2129 1650 2163 templum
1670 2127 1711 2163 (ut

921 2193 998 2220 aeque
1014 2192 1075 2213 cum
1099 2183 1152 2210 illis
1176 2181 1269 2209 dolens
1290 2187 1323 2207 ac
1347 2176 1486 2211 mmstum)
1503 2176 1639 2210 diruptum
1656 2177 1708 2200 est.

924 2233 1058 2268 Scriptum
1080 2231 1179 2266 quippe
1204 2232 1313 2256 exstat:
1331 2235 1340 2252 ι
1357 2225 1391 2253 Ει
1414 2223 1500 2251 velum
1523 2221 1613 2256 templi
1639 2221 1708 2248 scis-

926 2287 985 2308 sum
1007 2283 1050 2306 est
1066 2286 1081 2305 tt
1103 2284 1209 2305 sumtno
1227 2281 1312 2309 usque
1334 2273 1460 2300 deorsum
1469 2270 1502 2303 δ’,
1520 2278 1529 2294 ι
1551 2272 1578 2295 et
1603 2266 1643 2294 sol
1665 2273 1710 2293 re-

925 2331 1017 2359 presso
1042 2323 1186 2357 splendore
1210 2327 1270 2352 suo,
1297 2317 1457 2345 mortalibus
1480 2315 1571 2341 lucere
1596 2311 1713 2346 amplius

925 2369 1020 2401 noluit,
1035 2355 1162 2395 tenebras
1176 2366 1248 2392 enim
1264 2363 1345 2391 rebus
1356 2361 1390 2388 ab
1404 2361 1470 2388 hora
1487 2362 1561 2387 sexta
1579 2363 1664 2391 usque
1678 2355 1713 2381 ad

925 2422 1022 2443 nonam
1039 2412 1153 2440 induxit.
1177 2411 1275 2437 Scissa:
1294 2412 1356 2435 sunt
1382 2407 1445 2434 item
1467 2409 1560 2440 petrae.
1575 2400 1711 2430 Fortassis

923 2461 1005 2488 etiam
1029 2462 1058 2485 et
1080 2457 1154 2484 circa
1178 2455 1249 2482 lunae
1276 2453 1370 2481 orbem
1400 2450 1559 2479 inusitatum
1584 2446 1711 2483 quiddam

924 2503 1031 2535 accidit,
1047 2507 1078 2529 ut
1095 2507 1225 2529 conversa
1248 2499 1274 2525 in
1299 2497 1457 2531 sanguinem
1473 2488 1624 2522 videretur.
1644 2491 1714 2519 Tale

924 2549 1051 2584 quiddam
1067 2547 1149 2582 igitur
1162 2544 1232 2572 sacri
1249 2542 1422 2576 evangelista
1436 2540 1598 2567 omiserunt.
1615 2537 1713 2565 Verum

925 2603 958 2624 ex
969 2593 1109 2630 prophetia
1126 2591 1192 2620 satis
1208 2590 1238 2617 lit
1253 2587 1392 2620 credibile,
1409 2591 1474 2614 nutu
1493 2584 1645 2612 Conditoris
1659 2591 1713 2610 non

925 2629 1004 2669 modo
1028 2640 1056 2668 in
1082 2638 1139 2667 sole
1163 2637 1241 2671 signa
1269 2635 1351 2666 facta.
1385 2633 1433 2660 sed
1456 2630 1533 2665 quasi
1557 2629 1714 2656 universam

925 2695 1016 2716 rerum
1032 2691 1157 2714 naturam
1179 2681 1377 2711 deformitatem
1401 2683 1429 2706 et
1447 2677 1550 2705 vultum
1569 2674 1713 2711 quemdam

926 2735 1111 2763 inconsuetum
1130 2730 1259 2758 induisse.
1274 2727 1330 2755 Hoc
1344 2724 1466 2760 liquebit,
1481 2723 1536 2750 Deo
1552 2728 1601 2756 per
1614 2719 1714 2747 isaiam

926 2780 967 2809 sic
992 2779 1139 2814 loquente:
1157 2785 1167 2802 ι
1181 2775 1291 2803 lnduam
1315 2771 1414 2800 cadum
1437 2767 1567 2802 tenebris,
1591 2771 1620 2795 et
1634 2763 1714 2801 quasi

118 2886 139 2902 ”
157 2889 216 2916 Act.
233 2895 291 2919 xvr,
311 2885 339 2912 9.
379 2883 402 2899 ⁸⁰
421 2883 480 2910 Act.
497 2889 534 2912 ix.
558 2881 599 2912 10,
622 2880 664 2907 Il.
703 2877 724 2894 ”
738 2876 746 2903 l
761 2876 837 2904 Joan.
859 2873 944 2908 11,15.
983 2872 1005 2888 δ’
1024 2869 1120 2897 Matth.
1135 2873 1221 2899 xxvn,
1238 2865 1282 2892 5i.
