1919 3041
209 179 261 208 583

700 177 730 205 S.
750 175 888 205 CYRlLLl
907 173 1140 203 ALEXANDRINI
1158 173 1319 204 ARCHIEP.

1784 174 1838 202 584

208 240 323 267 cilicium
337 247 432 275 ponam
449 238 644 274 operimentum
660 236 719 271 eius
732 236 765 264 “.
781 246 791 263 ι
808 235 874 264 Cum
890 236 988 263 casiam

1050 246 1052 262 ι
1065 236 1120 263 Καὶ
1130 235 1235 263 ἐνδύσω
1243 235 1290 262 τὸν
1299 229 1413 270 οὐρανὸν
1423 235 1528 267 σκότος,
1542 233 1589 262 καὶ
1599 234 1674 270 θήσω
1684 233 1722 266 ὡς
1734 233 1837 260 σάκκον

208 286 338 317 nominat,
360 285 448 312 omnia
470 291 530 318 quae
557 283 585 311 in
614 282 684 310 caelo
709 287 783 315 sunt,
811 281 883 309 velut
903 281 991 309 cilicio

208 331 327 358 tenebris
337 335 428 365 operta
444 330 520 362 dicit,
535 329 664 364 lugentia,
679 333 707 356 et
720 328 848 360 dolentia,
860 333 888 355 et
898 328 991 355 habitu

208 377 254 405 illo
273 376 347 411 quasi
365 376 504 413 ejulantia.
520 375 603 410 Signa
628 375 710 409 igitur
725 374 750 401 in
771 373 840 401 ccelo
853 373 910 401 haec
931 380 992 400 esse

207 421 332 448 dixerim.
350 420 378 447 ln
408 425 480 447 terra
503 424 594 446 autem
616 418 738 453 sanguis.
762 417 832 452 ignis
856 422 883 445 et
907 424 992 452 vapor

207 467 272 497 fumi
293 467 495 502 signiﬁcaverit,
516 467 621 502 opinor,
635 465 789 493 Judzeorum
811 464 989 498 calamitates,

205 512 303 545 quibus
315 519 361 539 eos
378 512 474 539 bellum
493 511 692 538 atrocissimum
713 518 728 538 a
744 504 990 537 Romanis'illatum

206 556 368 589 cumulavit;
386 557 517 591 sanguine
532 556 604 584 enim
624 559 679 582 tota
695 562 789 582 eorum
806 555 882 590 regio
898 561 991 582 mana-

204 599 254 627 vit.
272 600 369 628 Debuit
387 602 469 628 etiam
488 609 549 629 cum
567 601 678 629 urbibus
697 601 784 635 ipsum
800 599 870 627 fama
886 599 992 627 celebre

206 646 334 681 templum
351 648 531 683 conﬂagrare,
547 647 651 675 fumare
666 648 759 674 domus
772 653 806 673 ex
821 646 946 674 incendio
964 649 992 673 et

206 691 286 719 dirui.
301 692 436 720 Eventura
455 699 544 721 autem
559 693 712 727 huiusmodi
728 692 828 720 ludatis
842 696 905 719 ante
920 691 990 718 diem

207 745 333 773 magnum
350 744 378 766 et
394 739 577 771 manifestum,
603 745 656 773 qua
675 738 802 765 omnibus
827 740 992 771 proponetur

208 783 329 812 divinum
352 784 451 813 Christi
473 783 602 816 trlbunal,
618 783 708 811 dantis
723 783 819 817 cuique
842 781 991 810 secundum

207 836 288 864 opera
309 837 357 857 sua
369 829 401 862 “,
415 830 532 857 ostendit
552 837 613 857 cum
637 829 722 856 dicit:
738 837 748 854 ι
762 827 922 863 Priusquam
944 834 989 855 ve-

207 874 263 901 niat
279 875 336 902 dies
351 875 455 903 Domini
475 882 589 910 magnus
603 880 630 902 et
642 874 800 902 manifestus
811 873 861 900 ⁸³.»
881 874 920 901 Ad
934 873 992 900 haec

1040 282 1071 308 τὸ
1088 281 1259 317 περιϐόλαιον
1270 280 1364 307 αὑτοῦ.
1376 290 1385 306 ι
1400 279 1522 316 Οὐρανὸν
1536 280 1565 307 δὲ
1575 280 1638 307 ὅταν
1654 279 1734 314 λέγῃ.
1749 279 1838 306 πάντα

1041 327 1107 363 φησὶ
1123 327 1157 354 τὰ
1172 327 1200 353 ἐν
1216 326 1324 362 οὐρανῷ
1337 322 1393 353 οἷον
1409 326 1504 361 σάκκῳ
1519 325 1558 361 τῷ
1572 325 1663 352 σκότει
1681 324 1839 359 καταμφιὲ-

1041 381 1096 405 σαι,
1113 372 1277 404 πενθοῦντα,
1290 372 1338 399 καὶ
1356 371 1501 406 ἀλγοῦντα,
1523 371 1572 398 καὶ
1584 370 1679 406 ὥσπερ
1693 370 1840 406 διακεκρα-

1040 418 1108 452 γότα
1121 417 1160 453 τῷ
1175 418 1304 453 σχήματι.
1325 417 1431 452 Σημεῖα
1453 416 1502 451 μὲν
1518 414 1565 443 οὖν
1580 416 1609 442 ἐν
1630 414 1739 451 οὐρανῷ
1760 416 1847 441 tam?

1041 462 1134 497 φαίην.
1149 462 1189 489 Τὰ
1203 462 1231 489 δὲ
1246 463 1286 494 είς
1302 462 1354 498 γῆν
1369 459 1440 497 αἷμά
1457 470 1486 488 τε
1499 461 1548 488 καλ⁵
1567 461 1633 497 πῦρ,
1654 461 1702 487 καὶ
1721 460 1806 495 ἀτμὶς
1821 461 1838 494 ή

1041 507 1146 534 καπνοῦ
1176 506 1403 541 καταδηλὼσειεν,
1428 504 1523 541 οἶμαι,
1549 505 1598 537 τὰς
1621 504 1676 531 τῶν
1702 504 1840 531 Ἰουδαίων

1042 551 1195 587 συμφορὰς,
1211 551 1244 583 ἃς
1261 553 1276 578 ὸ
1294 551 1470 587 παγχάλεπος
1483 551 1575 582 αὐτοῖς
1597 550 1715 585 πόλεμος
1736 548 1840 576 ἐπετώ-

1043 605 1147 632 ρευσεν,
1162 597 1176 622 6
1189 597 1239 631 τῆς
1251 595 1296 622 διὰ
1314 595 1368 622 τῶν
1390 595 1534 630 Ῥωμαίων
1552 595 1654 630 χειρός.
1666 594 1772 629 Δτματι
1785 593 1840 627 γὰρ

1041 643 1058 678 ὴ
1072 642 1147 668 πᾶσα
1173 642 1222 677 μὲν
1243 641 1334 669 αὐτῶν
1357 641 1552 676 κατερραίνετο
1572 639 1659 675 χώρα.
1674 639 1796 674 Ἔμελλε
1810 639 1838 665 δὲ

1041 687 1108 722 ὁμοῦ
1127 688 1188 719 ταῖς
1210 686 1304 713 ¹ιιιόλεοί
1327 687 1375 714 καὶ
1396 686 1478 717 αὐτὸς
1499 687 1513 713 ὁ
1533 686 1674 720 διαϐόητος
1698 684 1841 719 καταπίμ-

1041 731 1162 767 πρασθαι
1171 731 1250 764 νεὼς,
1261 729 1331 758 οἴκοι
1343 740 1373 757 τε
1387 730 1568 763 καπνίζεσθαι
1581 729 1838 764 κατασεσεισμένοι.

1042 777 1104 805 Ὅτι
1123 778 1150 804 δέ
1166 778 1213 804 καὶ
1231 777 1284 812 πρὸ
1310 777 1359 812 τῆς
1379 777 1486 813 ἡμέρας
1509 777 1558 812 τῆς
1575 776 1696 812 μεγάλης
1716 775 1766 801 καὶ
1781 775 1837 801 ἐπι-

1042 822 1153 857 ᾠανοῦς,
1169 822 1230 849 καθ’
1251 823 1285 858 ἢν
1302 822 1389 849 ἅπασι
1410 822 1588 858 προκείσεται
1604 821 1634 848 τὸ
1650 821 1722 848 θεῖον
1749 820 1839 855 βῆμα,

1042 868 1160 904 Χριστοῦ
1182 868 1298 900 διδόντος
1321 868 1431 903 ἑκάστῳ
1450 867 1522 895 κατὰ
1541 868 1575 894 τὰ
1597 867 1666 903 ἐργα
1688 865 1785 899 αὑτοῦ,
1805 866 1842 892 τὰ

206 918 353 945 notandum
377 919 464 952 ipsum
490 918 656 945 Salvatorem
684 922 805 946 nostrum
838 917 991 952 interroga-

1050 915 1130 942 τοιάδε
1143 915 1199 946 τοῖς
1220 913 1356 945 Ἰουδαίοις
1375 914 1564 949 συμὸήσεται,
1582 913 1786 948 διαμεμήνυκεν
1800 911 1841 938 εί-

206 967 262 990 lum
274 971 289 990 a
300 963 401 991 sanctis
414 963 541 999 apostolis
558 964 591 991 de
604 963 837 991 consummatione
850 963 928 999 231
940 971 990 991 sae-

206 1008 258 1036 culi
284 1013 311 1035 et
325 1010 464 1037 eversione
477 1009 735 1046 Hierosolymorum,
748 1010 889 1038 miscuisse
902 1009 989 1045 signa,

204 1059 235 1081 nt
249 1055 381 1083 incertum
403 1056 440 1083 ita
456 1056 557 1085 faceret
569 1056 694 1091 forsitan,
712 1063 771 1092 quae
789 1056 898 1092 quando
912 1062 992 1084 even-

205 1104 264 1128 tura
277 1100 374 1129 forent.

1042 960 1100 987 πών
1114 968 1122 976 ο
1141 969 1150 986 ι
1165 960 1234 996 Πρὶν
1258 959 1345 986 ἐλθεῖν
1368 959 1419 994 τὴν
1439 959 1546 995 ἡμέραν
1569 959 1619 993 τὴν
1646 957 1769 994 μεγάλην
1794 957 1843 983 καὶ

1042 1006 1188 1041 ἐπιφανῆ.»
1202 1005 1373 1041 Σημειωτέον
1385 1005 1413 1032 δὲ
1429 1004 1498 1041 πρὸς
1511 1004 1679 1038 τούτοις,ὅτι
1693 1005 1741 1030 καὶ
1756 1003 1843 1035 αὐτὸς

1042 1052 1057 1078 ὁ
1070 1051 1172 1087 Κύριος
1184 1050 1263 1086 ἡμῶν
1275 1050 1452 1086 ἐρωτώμενος
1465 1049 1543 1085 παρά
1556 1049 1610 1077 τῶν
1623 1050 1710 1084 ἁγίων
1723 1049 1842 1076 ἀποστό-

1045 1098 1097 1124 λων
1111 1097 1145 1124 τά
1162 1097 1226 1132 περὶ
1241 1097 1291 1132 τῆς
1304 1097 1461 1128 συντελείας
1474 1097 1522 1123 τοῦ
1538 1097 1647 1129 αἰῶνος.
1660 1097 1707 1124 καὶ
1723 1097 1759 1124 τά
1774 1098 1842 1132 περὶ

204 1145 254 1181 τῆς
270 1146 324 1174 τῶν
348 1148 540 1184 Ἱεροσολύμων
574 1149 781 1185 καταστροφῆς,
806 1147 882 1185 ἔμιξε
902 1147 936 1174 τά
961 1146 1071 1182 σημεῖα,
1098 1144 1136 1177 ὥς
1155 1143 1226 1179 τάχα
1247 1152 1299 1171 που
1320 1143 1367 1170 καὶ
1399 1143 1554 1178 ἀγνοεῖσθαι
1575 1143 1679 1176 λοιπὸν,
1720 1144 1786 1170 ποῖα
1808 1142 1858 1175 δή·

205 1199 271 1219 ποτε
287 1193 466 1228 συμϐήσεται.

242 1239 326 1266 Vens.
348 1239 393 1266 52.
417 1238 450 1266 Et
469 1240 518 1267 erit
533 1247 542 1267 :
560 1240 652 1268 Omnis
666 1241 812 1275 quicunque
836 1238 994 1267 invocarerit

206 1292 300 1311 nomen
318 1283 434 1317 Domini,
457 1287 544 1312 salvus
556 1287 621 1319 erit;
640 1287 702 1321 quia
722 1286 749 1313 in
765 1290 852 1313 monte
874 1285 951 1318 Sion,
970 1290 995 1313 et

205 1329 234 1356 in
254 1328 402 1356 Jerusalem
419 1330 470 1357 erit
493 1332 621 1363 salvatus,
641 1332 707 1358 sicut
725 1331 792 1358 dixit
806 1331 951 1364 Dominus;
970 1335 994 1358 et

205 1376 414 1410 euangelizante:
430 1384 494 1411 quos
506 1376 633 1405 Dominus
645 1378 756 1405 vocavit.

241 1462 372 1491 XXXVII.
395 1463 511 1492 Omnino
528 1465 610 1501 igitur
624 1469 651 1493 et
669 1465 748 1501 plane
763 1469 874 1501 propter
884 1464 991 1494 Iudaeo-

205 1514 266 1534 rum
288 1508 390 1536 nefaria
407 1509 526 1536 facinora
551 1510 577 1537 in
603 1510 672 1538 cmlo
692 1515 720 1538 et
734 1510 761 1538 iu
777 1515 849 1538 terra
863 1511 941 1546 signa
964 1515 992 1538 et

206 1555 329 1590 prodigia
344 1555 402 1583 fore
419 1556 469 1584 ait.
488 1556 670 1585 Nihilominus
686 1557 768 1585 etiam
793 1557 835 1585 sic
858 1558 923 1593 ipsis
944 1558 991 1586 Dei

206 1600 415 1635 placabilitatem
442 1609 504 1629 esse
527 1603 705 1637 propositam,
731 1603 846 1631 salutem
868 1603 993 1632 videlicet

206 1653 255 1680 per
272 1645 360 1678 fidem,
381 1646 406 1673 in
427 1646 534 1674 Christo
545 1647 777 1682 justificationem,
793 1649 890 1684 pignus
906 1648 993 1684 Spiri-

209 1695 262 1723 tus,
280 1691 531 1725 sanetilicationem,
551 1700 626 1727 spem
645 1693 719 1728 regni
735 1693 875 1726 caelorum,
897 1694 991 1721 remit-

209 1740 281 1764 tente
311 1736 365 1765 Deo
391 1742 419 1765 et
444 1737 618 1766 obliviscente
647 1739 674 1766 in
702 1739 840 1767 Christum
865 1740 899 1768 ab
927 1740 992 1774 ipsis

208 1781 353 1808 commissa
380 1782 493 1810 scelera.
517 1782 615 1811 Petrus
641 1784 734 1819 itaque
755 1789 866 1812 accusat
892 1785 993 1813 acriter

207 1824 359 1853 Judmorum
378 1828 514 1861 populum,
542 1834 634 1863 aperte
660 1830 827 1863 exclamans,
851 1831 993 1859 universo-

209 1877 267 1896 rum
282 1869 449 1898 Salvatorem
472 1879 503 1899 ac
519 1872 724 1908 Redemptorem
746 1882 794 1902 eos
807 1875 948 1909 occidisse,
965 1875 992 1903 in

207 1915 281 1951 ligno
299 1916 504 1957 suspendentes,
522 1924 548 1945 ct
564 1925 676 1953 negasse
690 1919 820 1947 Sanctum
837 1925 864 1948 et
874 1920 991 1955 Justum,

208 1966 236 1988 et
250 1961 360 1995 petiisse
376 1962 538 1990 homicidam
554 1963 648 1990 donari
663 1964 713 1992 sibi
723 1965 798 1993 “-".
809 1966 936 2002 Adiungit
951 1967 993 1996 his

209 2006 306 2034 deinde
321 2015 329 2034 :
346 2016 356 2032 ι
373 2006 406 2034 Et
427 2015 499 2035 nunc
515 2009 582 2041 scio,
602 2007 711 2043 fratres,
723 2011 786 2045 quia
805 2019 852 2045 per
867 2012 995 2046 ignoran-

210 2051 273 2078 tiam
296 2051 410 2084 fecistis,
427 2053 497 2080 sicut
509 2057 537 2080 et
558 2054 693 2089 principes
710 2054 802 2082 vestri.
820 2055 993 2084 Pmnitemini

209 2096 304 2132 igitur,
319 2101 347 2124 et
363 2098 593 2130 convertimini",
605 2104 632 2126 et
645 2100 797 2134 baptizetur
809 2101 995 2136 unusquisque

209 2146 329 2168 vestrum
353 2141 380 2168 in
395 2142 504 2169 nomine
519 2143 625 2171 Domini
642 2143 715 2177 Jesu,
731 2149 758 2172 et
774 2145 912 2180 accipietis
934 2153 995 2180 gra<

211 2185 275 2212 tiam
292 2185 410 2221 Spiritus
422 2188 520 2215 sancti.
537 2188 621 2216 Vobis
635 2189 707 2216 enim
723 2193 764 2217 est
776 2191 960 2225 repromissio,
968 2195 995 2219 et

211 2231 274 2259 ﬁliis
295 2232 434 2260 vestris”.
451 2243 460 2259 ι
485 2234 628 2267 Quocirca,
650 2236 785 2270 quamvis,
808 2237 906 2272 inquit,
923 2238 992 2267 facta

211 2276 266 2304 sint
280 2277 356 2312 signa
371 2282 398 2305 et
419 2279 551 2314 prodigia,
569 2280 718 2308 salvabitur
736 2285 825 2309 tamen
842 2283 995 2319 quicunque

211 2320 354 2349 Dominum
375 2330 407 2351 ac
428 2323 490 2351 caeli
516 2328 648 2358 terraeque
664 2328 799 2359 potentem
817 2326 992 2356 iuvocaverit.

211 2365 329 2394 Verbum
359 2375 423 2396 vero
451 2369 548 2396 salutis
576 2370 603 2396 in
626 2370 682 2405 ipsa
711 2370 908 2408 Hierosolyma,
936 2382 996 2409 quas

211 2413 298 2448 prima
322 2414 422 2442 occidit
447 2414 601 2448 Dominum,
622 2417 829 2451 promulgatum,
846 2423 873 2446 et
895 2420 931 2447 ita
947 2428 996 2455 per

211 2465 306 2485 omnes
327 2464 419 2493 gentes
435 2461 625 2489 circumlatum
649 2462 681 2489 iri
699 2469 748 2496 per
765 2468 873 2492 sanctos
886 2470 996 2501 aposto-

212 2503 264 2537 los,
288 2505 361 2531 clare
384 2506 501 2541 perspici
526 2514 559 2534 ex
585 2506 636 2534 hoc
659 2508 795 2544 propheta:
817 2511 925 2545 possit:
943 2511 995 2540 ¢ln

212 2554 304 2578 monte
317 2549 381 2578 Sion
394 2555 420 2577 et
435 2551 461 2578 in
477 2551 624 2580 Jerusalem
637 2553 690 2580 erit
703 2554 829 2589 salvatus,
845 2560 873 2584 et
886 2563 994 2584 annun-

214 2594 312 2623 tiantes
339 2602 407 2630 quos
430 2596 559 2625 Dominus
578 2599 693 2626 vocavit.
709 2608 718 2625 ι
737 2599 804 2627 Nam
830 2605 860 2628 ut
879 2609 894 2628 a
912 2601 995 2630 Paulo

212 2639 314 2667 dictum
339 2645 401 2669 est:
418 2650 428 2667 ι
442 2641 526 2670 Nemo
541 2644 624 2670 sumit
644 2644 695 2672 sibi
715 2645 858 2679 honorem,
883 2647 931 2674 sed
949 2648 996 2682 qui

214 2689 324 2712 vocatur
344 2692 359 2712 a
381 2686 435 2714 Deo
445 2687 480 2714 '°.
495 2696 505 2714 ι
523 2688 617 2716 Vocati
634 2694 698 2716 sunt
720 2690 802 2724 igitur
815 2698 876 2718 cum
891 2691 996 2720 delectu

213 2736 247 2759 ex
270 2731 396 2760 omnibus
424 2733 495 2762 beati
523 2733 665 2770 discipuli,
696 2742 746 2763 nec
769 2741 865 2771 sponte
891 2744 939 2764 sua
962 2737 997 2766 ad

1078 1232 1133 1260 Kal
1155 1231 1241 1260 ἔσται
1253 1240 1260 1247 ·
1279 1231 1342 1264 Πᾶς
1356 1232 1390 1265 ὃς
1406 1232 1446 1260 ἂν
1459 1232 1677 1266 ἐπικαλέσηται
1695 1233 1730 1260 τὸ
1745 1233 1843 1268 ὄνομα

1041 1279 1162 1313 Κυρίου,
1176 1278 1345 1311 σωθήσεται
1357 1286 1365 1293 ο
1377 1278 1422 1305 ὅτι
1439 1278 1474 1305 ἐν
1495 1278 1536 1311 τῷ
1557 1278 1618 1313 ὄρει
1637 1278 1724 1311 Σιὼν,
1740 1279 1792 1306 καί
1805 1279 1842 1306 ἐν

1047 1323 1246 1359 Ἰερουσαλὴμ
1255 1324 1342 1351 ἔσται
1356 1325 1592 1360 ὰνασωζόμενος,
1605 1326 1708 1353 καθότι
1723 1324 1811 1354 εἶπεν
1824 1329 1842 1354 ὀ

1042 1371 1161 1405 Κύριος,
1178 1369 1229 1397 καί
1247 1369 1505 1405 εὐαγγελιζόμενοι
1524 1370 1578 1404 οὓς
1594 1371 1610 1398 ὁ
1623 1371 1734 1406 Κύριος
1744 1379 1841 1406 προσ-

1043 1416 1198 1450 κέκληται.

1076 1462 1139 1489 ΛΖ’.
1161 1462 1291 1490 Ἐσεσθαι
1310 1463 1359 1498 μὲν
1381 1459 1430 1490 οὖν
1454 1462 1545 1498 πάντη
1557 1471 1587 1490 τε
1602 1463 1651 1499 καίζ
1664 1463 1777 1496 πάντως
1794 1464 1843 1491 ἐπὶ

1042 1510 1102 1541 ταῖς
1123 1508 1178 1536 τῶν
1195 1509 1329 1536 Ἰουδαίων
1352 1509 1536 1545 άνοσιεργίαις
1555 1510 1584 1537 ἐν
1604 1510 1723 1546 οὐρανῷ,
1738 1510 1788 1538 καὶ
1805 1512 1841 1546 γῇ

1042 1555 1076 1582 τὰ
1092 1555 1192 1590 σημετά
1211 1564 1288 1591 φησι,
1305 1556 1353 1583 καὶ
1368 1556 1403 1583 τὰ
1419 1555 1530 1591 τέρατα.
1553 1556 1720 1592 Προκεῖσθαί
1736 1565 1769 1591 γε
1788 1557 1843 1593 μὴν

1043 1601 1090 1628 καὶ¹
1115 1601 1201 1634 οὕτως
1225 1602 1318 1634 αὐτοῖς
1341 1602 1377 1629 τὰ
1399 1602 1428 1634 ἐξ
1455 1602 1625 1638 ἡμερότητος
1637 1602 1717 1635 Θεοῦ,
1732 1603 1784 1638 τὴν
1798 1604 1843 1630 διὰ

1042 1647 1161 1679 πίστεως
1182 1647 1304 1683 δηλονότι
1322 1648 1470 1684 σωτηρίαν,
1484 1648 1534 1684 τὴν
1556 1648 1586 1675 ἐν
1599 1649 1712 1684 Χριστῷ
1728 1649 1842 1676 δικαίω-

1044 1701 1096 1725 σιν,
1110 1693 1156 1720 τδν
1169 1693 1319 1730 ἀρραϐῶνα
1332 1693 1380 1720 τοῦ
1391 1694 1462 1721 Πνεύ
1467 1702 1562 1730 ματος,
1573 1694 1619 1721 τὸν
1632 1695 1780 1731 ἁγιασμδν,
1792 1696 1843 1731 τὴν

1042 1738 1139 1765 ἐλπίδα
1163 1739 1214 1774 τῆς
1241 1739 1296 1766 τῶν
1319 1739 1442 1775 οὐρανῶν
1467 1739 1615 1775 βασιλείας,
1641 1741 1842 1776 ἀμνησικάκως

1043 1784 1135 1816 αὐτοῖς
1149 1784 1258 1817 ἀνέντος
1271 1785 1338 1812 Θεοῦ
1354 1786 1401 1813 καὶ
1422 1786 1458 1813 τὰ
1480 1787 1522 1818 είς
1532 1787 1650 1822 Χριστὸν
1665 1787 1840 1822 ἐγκλήματα.

1042 1830 1145 1866 Πέτρος
1161 1831 1226 1865 γοῦν
1245 1832 1395 1868 κατῃτιᾶτο
1416 1832 1467 1868 μὲν
1491 1833 1594 1869 σφόδρα
1620 1833 1684 1865 τοὺς
1707 1833 1764 1861 τῶν
1776 1834 1842 1861 ’1ου-

1042 1875 1124 1903 δαίων
1145 1876 1258 1911 δήμους,
1273 1877 1422 1913 διαρρήδην
1437 1879 1644 1914 άνακεκραγὼς,
1663 1880 1701 1911 ὡς
1721 1880 1842 1907 ἀπεκτό-

1043 1930 1104 1949 νασι
1120 1922 1168 1957 μὲν
1185 1922 1375 1958 κρεμάσαντες
1394 1925 1440 1950 ἐπὶ
1462 1924 1541 1957 ξύλου
1556 1924 1602 1951 τὸν
1616 1924 1671 1951 τῶν
1689 1925 1761 1952 ὅλων
1784 1927 1841 1952 Σω-

1042 1967 1115 2003 τῆρα
1129 1967 1176 1994 καὶ
1195 1968 1353 2005 Λυτρωτὴν,
1368 1969 1416 1996 καὶ
1431 1971 1586 2006 ἠρνήσαντο
1611 1970 1661 2005 μὲν
1681 1970 1729 1997 τὸν
1752 1971 1841 2005 ἅγιον,

1043 2013 1090 2040 καὶ
1116 2013 1230 2046 δίκαιον,
1251 2013 1387 2050 ἐζήτησαν
1406 2015 1435 2041 δὲ
1457 2016 1542 2051 ἄνδρα
1566 2016 1649 2050 φονέα
1675 2017 1842 2052 χαρισθῆναι

1043 2059 1146 2091 αὐτοῖς.
1164 2060 1323 2095 Προσετίθει
1348 2061 1376 2088 δὲ
1397 2061 1503 2093 τούτοις
1514 2070 1520 2077 ·
1550 2071 1558 2088 ι
1574 2062 1629 2089 Καὶ
1642 2062 1700 2095 νῦν,
1718 2063 1841 2098 ἀδελφοὶ,

1044 2102 1100 2132 οἶδα
1125 2106 1167 2133 ὅτι
1183 2105 1256 2133 κατὰ
1268 2106 1379 2141 ἄγνοιαν
1395 2104 1533 2143 ἐπράξατε
1553 2108 1648 2144 ὥσπερ
1673 2109 1722 2136 καὶ
1747 2111 1773 2136 οἱ
1794 2111 1842 2146 ἄρ-

1044 2159 1137 2184 χοντες
1167 2151 1255 2186 ὑμῶν,
1281 2153 1473 2188 Μετανοήσατε
1497 2151 1544 2180 οὖν
1558 2174 1565 2186 ,
1591 2155 1638 2181 καὶ
1662 2155 1842 2191 βαπτισθήτω

1045 2195 1159 2228 ἕκαστος
1175 2196 1253 2231 ὑμῶν
1268 2197 1309 2228 είς
1328 2197 1360 2224 τὸ
1375 2197 1460 2233 ὄνομα
1481 2198 1528 2225 τοῦ
1554 2199 1658 2234 Κυρίου
1674 2199 1777 2235 Ἰησοῦ,
1795 2201 1842 2227 καὶ

1046 2241 1163 2277 λήψεσθε
1179 2241 1229 2278 τὴν
1242 2242 1345 2277 δωρεὰν
1360 2243 1407 2270 τοῦ
1418 2244 1497 2278 ἁγίου
1512 2240 1688 2280 Πνεύματος·
1707 2245 1774 2281 ὑμῖν
1788 2246 1843 2282 γάρ

1047 2287 1115 2314 εἰσιν
1132 2287 1161 2314 αί
1179 2287 1351 2322 ἐπαγγελίαι,
1367 2289 1415 2316 καὶ
1434 2290 1491 2322 τοῖς
1513 2290 1617 2321 τέκνοις
1634 2290 1722 2325 ὑμῶν.
1736 2300 1745 2316 ι
1772 2292 1842 2318 οὒκ-

1046 2333 1094 2360 οῦν
1108 2332 1161 2360 κᾶν
1177 2333 1202 2360 εί
1214 2334 1328 2367 γένοιτο,
1345 2335 1422 2369 φησὶ,
1441 2336 1552 2371 σημεῖα⁹
1562 2336 1610 2362 καὶ
1624 2335 1738 2371 τέρατα,
1754 2337 1842 2372 σωθή-

1048 2387 1124 2405 σεται
1140 2379 1193 2410 πᾶς
1209 2378 1238 2410 ὃς
1255 2379 1288 2406 ἂν
1306 2380 1502 2415 ἐπικακέσηται
1513 2381 1646 2417 δεσπότην
1662 2382 1708 2409 τὸν
1723 2382 1840 2418 οὐρανοῦ

1046 2433 1077 2451 τε
1091 2425 1137 2451 καὶ
1151 2425 1203 2460 γῆς
1219 2425 1396 2460 Κύριον.”υτι
1412 2427 1443 2466 δέ
1454 2426 1565 2462 ἔμελλεν
1580 2428 1594 2454 ὁ
1609 2428 1696 2462 Λόγος
1714 2428 1767 2463 τῆς
1788 2437 1841 2455 σω-

1047 2468 1145 2504 τηρίας
1168 2470 1197 2496 ἐν
1220 2470 1289 2505 αὐτῇ
1314 2470 1360 2498 καὶ
1375 2471 1470 2507 πρώτῃ
1483 2472 1683 2508 λαληθήσεσθαι
1695 2474 1728 2509 τῇ
1745 2482 1840 2509 κυριο-

1048 2514 1134 2549 κτόνῳ
1152 2514 1338 2551 Ἰερουσαλὴμ,
1357 2517 1614 2553 περιενεχθήσεσθαι
1638 2518 1667 2545 δὲ
1693 2517 1767 2545 οὕτω
1792 2519 1841 2545 καὶ

1042 2559 1082 2590 είς
1095 2559 1183 2587 πάντα
1197 2559 1232 2587 τὰ
1243 2560 1307 2596 ἔθνη
1326 2561 1370 2588 διὰ
1389 2562 1444 2588 τῶν
1462 2562 1547 2596 ἁγίων
1571 2563 1738 2594 ἀποστόλων,
1754 2563 1840 2598 σαφὲς

1043 2605 1076 2632 ἂν
1099 2606 1214 2639 γένοιτο,
1227 2606 1275 2633 τοῦ
1303 2607 1446 2643 Προφήτου
1468 2609 1607 2643 λέγοντος·
1634 2609 1699 2635 «Ἐν
1719 2609 1760 2644 τῷ
1779 2610 1840 2645 δρει

1043 2651 1124 2684 Σιὼν,
1141 2652 1188 2678 καὶ
1208 2653 1237 2680 ἐν
1259 2651 1438 2688 Ἰερουσαλὴμ
1458 2653 1535 2681 ἔσται
1553 2654 1773 2689 ἀνασωζόμενος,
1791 2655 1839 2681 καὶ

1044 2695 1301 2732 εὐαγγελιζόμενοι,
1322 2696 1370 2729 οὒς
1397 2698 1499 2733 Κύριος
1524 2698 1748 2734 προσκέκληκενδ
1764 2708 1774 2725 ι
1799 2699 1838 2731 ὡς

1044 2739 1099 2775 γὰρ
1112 2740 1218 2773 Παῦλος
1234 2742 1345 2778 γράφει,
1366 2752 1376 2769 t
1390 2743 1446 2778 Οὐχ
1468 2744 1563 2771 ἑαυτοῦ
1579 2752 1621 2776 τις
1638 2744 1774 2780 λαμϐάνει
1787 2744 1838 2780 τὴν

249 2829 334 2878 nisi.
351 2840 378 2878 Ξ.
460 2833 483 2850 ⁸⁸
497 2833 592 2862 Matth.
608 2841 664 2868 xvr,
677 2834 722 2862 '57.
761 2835 784 2851 ⁸⁸
795 2835 855 2863 Act.
873 2842 902 2869 ll,
916 2835 952 2863 20

1050 2838 1116 2867 ’Act.
1131 2846 1173 2873 ιιι,
1184 2840 1228 2873 15,
1240 2839 1284 2868 Η.
1322 2841 1344 2857 ⁸⁸
1357 2839 1436 2876 lbid.,
1454 2841 1553 2876 17,19.
1591 2843 1613 2860 δ’
1625 2843 1685 2871 Act.
1698 2851 1729 2878 It,
1745 2843 1834 2872 58-59.

217 2864 239 2881 ⁵⁸
251 2864 332 2894 llcbr.
352 2875 385 2901 ν,
403 2867 430 2895 ι.
