1919 3041
103 127 152 155 ’585

554 133 830 165 COMMENTARIUS
850 138 884 165 IN
901 138 1034 168 JOELEM
1053 140 1276 171 PROPHETAM.

1680 152 1732 180 386

104 185 195 222 τιμὴν,
217 187 279 215 ἀλλ’
292 190 307 216 ὁ
322 190 486 226 καλούμενος
503 191 555 219 ὑπὸ
571 193 618 220 τοῦ
629 194 708 222 Θεοῦ.
722 205 731 221 ι
747 196 896 232 Κέκληνται

951 201 1128 234 apostolatum
1150 207 1342 230 accesserunt:
1367 203 1436 231 sicut
1451 204 1565 233 stolidus
1579 205 1732 235 Pltaristeus

105 233 193 259 τοίνυν
217 233 377 270 ἀπολέγδην
400 237 433 263 ἐκ
458 237 566 264 πάντων
581 239 606 265 ot
620 240 750 275 μακάριοι
766 241 896 277 μαθηταὶ,

106 277 152 304 καὶ
166 278 217 305 οὐκ
232 279 382 316 αὐτόμολοι
393 282 530 317 παρῆλθον
545 283 586 315 είς
598 285 760 321 ἀποστολὴν⁹
772 287 898 323 καθάπερ

105 325 120 350 ὸ
133 325 310 361 ἀπόπληκτος
329 329 474 364 Φαρισαῖος
499 329 614 364 ἐκεῖνος,
629 331 712 367 ἤγουν
734 333 854 368 νομικὸς,
868 334 897 366 ὃς

106 371 162 402 τοῖς
171 371 223 406 τῆς
237 372 390 409 μαθητείας
399 375 555 410 αὐχήμασιν
566 376 661 404 ἑαυτὸν
669 378 760 412 ἐνιεὶς,
770 379 896 414 προσέθει

107 415 195 449 λέγων
206 425 213 432 ·
226 426 236 442 ‹
252 417 352 452 Κύριε,
373 419 548 455 ἀκολουθήσω
560 429 601 447 σοι
615 422 681 448 ὅπου
694 422 742 450 ἐὰν
752 423 870 460 ἀπέρχῃ.
886 433 895 449 ι

106 461 244 498 Ταύτῃτοι
258 463 306 489 καὶ
316 463 331 489 ὁ
338 463 433 500 Σωτὴρ
441 465 660 500 παρενοχλοῦντά
667 476 696 494 τε
706 468 779 502 εικῆ,
788 469 835 495 καὶ
845 469 899 496 τῶν

104 507 294 541 εὺαηελικῶν
309 509 531 545 ἐπιτηδευμάτων
554 512 609 539 οὐδ’
622 513 683 540 ὅσον
707 514 792 541 εἰπεῖν
816 515 899 548 ἐγγὺς

103 551 250 585 γεγονότα,
269 553 423 588 παρωθεῖτο
443 554 548 589 λέγων’
578 565 587 582 t
601 557 635 583 Ai
654 556 806 591 ἀλώπεκες,
823 567 832 584 ›
853 560 899 585 καὶ

103 596 139 623 τὰ
153 596 230 632 ἑξῆς.
246 598 308 630 Τοῖς
321 607 352 632 γε
367 599 421 635 μὴν
435 600 593 636 ἐπιτηδείως
607 601 713 637 ἐχουσιν
727 603 766 634 είς
781 603 896 629 ἀποστο-

104 641 154 677 λὴν
174 643 312 677 ἐπεφώνει
325 643 421 678 λέγων·
437 654 447 671 ι
460 645 540 672 Δεῦτε
552 645 641 673 ὀπίσω
653 655 716 682 μου,
732 647 781 674 καὶ
792 649 897 683 ποιήσω

104 688 179 722 ὑμᾶς
192 689 321 723 γενέσθαι
338 690 423 722 ἁλιεῖς
439 691 598 726 ἀνθρώπων.
614 701 624 718 ι
641 693 778 720 Ματθαῖόν
798 702 828 728 γε
844 694 896 729 μὴν

102 733 133 765 se
147 734 241 762 αὐτῶν
254 735 379 771 ἀνίστησι
391 736 444 763 τῶν
457 738 506 772 τῆς
521 737 678 771 πλεονεξίας
695 740 894 776 ἐργαστηρίων,

950 245 1005 277 ille,
1026 246 1082 273 sive
1102 247 1281 282 legisperitus,
1300 249 1346 284 qui
1363 256 1392 277 se
1409 249 1569 286 discipulum
1590 259 1650 279 esse
1664 253 1732 280 velle

950 290 1077 324 gloriatus
1095 299 1101 317 :
1121 299 1130 316 ι
1147 290 1252 326 Sequar
1270 298 1306 326 te,
1331 302 1341 320 ›
1358 293 1454 328 inquit,
1473 304 1482 320 ι
1502 302 1663 330 quocunque
1678 295 1733 323 ive-

949 335 1029 363 ris“.
1047 345 1056 362 ι
1074 335 1162 369 Quare
1177 341 1204 364 et
1217 338 1340 366 Salvator
1360 339 1460 367 frustra
1480 340 1679 374 obturbantem,
1705 345 1732 369 et

949 388 964 408 a
979 381 1073 409 studiis
1087 383 1248 418 evangelicis
1262 385 1469 422 remotissimum
1483 387 1598 422 repellit,
1615 387 1729 416 dicens:

950 434 960 451 ι
978 425 1087 460 Vulpes,
1105 435 1114 452 ι
1128 431 1180 454 etc.
1194 426 1304 461 Contra,
1317 430 1350 456 ad
1361 431 1542 464 apostolatum
1558 432 1661 460 idoneis
1674 432 1728 460 ait:

947 470 1026 506 232
1043 480 1053 497 ι
1069 472 1165 499 Venite
1181 477 1241 507 post
1259 481 1312 506 me,
1327 479 1352 502 et
1367 474 1464 503 faciam
1489 484 1537 504 vos
1559 477 1616 505 ﬁeri
1640 478 1728 513 pisca-

948 521 1019 544 tores
1044 516 1183 544 hominum
1196 518 1229 545 ⁵³.
1248 527 1258 544 ι
1290 518 1444 547 Μοιιίιωυιη
1475 523 1582 556 quidem
1608 524 1641 550 ab
1671 523 1728 558 ipsa

947 562 1067 590 avaritiae
1095 562 1200 590 ollicina
1224 564 1341 596 excitat,
1367 567 1442 600 sequi
1466 567 1605 601 jubens".
1635 569 1729 596 Vocati

947 611 1010 634 sunt
1024 612 1126 640 autem,
1139 608 1274 637 voluntate
1289 610 1369 643 illius,
1392 615 1420 637 ut
1432 617 1490 639 erat
1506 618 1728 648 consenlaneum,

946 651 1126 686 potentissimi
1151 651 1235 680 futuri
1267 655 1299 681 ad
1324 656 1512 683 strenuissime
1537 657 1728 692 perliciendum

947 697 1018 731 quod
1042 697 1080 724 illi
1107 697 1242 732 placeret:
1267 700 1372 727 tametsi
1393 701 1542 735 iniquitatis
1562 708 1682 737 repertor
1701 709 1730 731 et

947 748 1045 775 parens
1059 742 1221 776 proditorem
1238 751 1270 770 ex
1285 751 1318 771 eo
1333 745 1444 780 collegio
1456 746 1553 780 rapuit.

104 781 264 808 ἀκολουθεῖν
278 782 444 809 ἐπιτάττων·
471 784 689 821 προσκέκληνται
703 786 741 818 δέ,
756 787 816 814 κατ’
842 787 909 814 ίδίαν
928 787 1064 822 βούλησιν,
1078 787 1171 824 ὥσπερ
1200 786 1234 825 ἦν
1256 790 1338 823 εἰκὸς,
1355 790 1465 818 ἔσεσθαι
1486 791 1665 819 δυνατώτατοι
1690 792 1729 824 είς

103 834 136 859 γε
153 826 185 852 τὸ
197 827 392 862 ἀποπεραινειν
404 828 542 863 δύνασθαι,
562 830 609 857 καὶ
627 830 698 866 μάλα
712 831 844 863 νεανικῶς
857 832 888 859 τὸ
902 832 976 868 αὑτῷ
992 833 1097 867 δοκοῦν,
1114 834 1138 860 εὶ
1172 835 1217 861 καὶ
1233 835 1340 871 ἥρπασε
1357 836 1402 863 τὸν
1427 836 1558 874 προδότην
1569 837 1584 864 δ
1594 838 1643 873 τῆς
1660 838 1724 864 ἀνο-

104 869 172 905 μίας
188 871 313 906 εὑρετὴς,
329 873 376 899 καὶ
393 874 494 909 πατήρ.

411 938 536 966 ΚΕΦΑΛ.
552 940 590 967 I".

139 993 202 1020 Ὀτι
217 992 282 1020 ἰδοὺ
301 993 358 1028 ἐγὼ
374 995 408 1021 ἐν
422 995 487 1029 ταῖς
508 996 630 1031 ἡμέραις
643 997 783 1032 ἐκείναις,
796 997 845 1025 καί
858 998 893 1025 ἐν

103 1037 144 1070 τῷ
158 1038 250 1072 καιρῷ
263 1039 376 1073 ἐκείνῳ,
392 1039 465 1067 ὅταν
485 1041 656 1077 ἐπιστρέψω
675 1043 732 1078 τὴν
745 1045 893 1079 αιχμαλω-

102 1085 177 1110 σίαν
190 1085 298 1117 Ἰούδα,
314 1086 363 1113 καὶ
378 1086 584 1123 Ἰερουσαλὴμ,
600 1089 650 1116 καὶ
664 1090 785 1123 συνάξω
795 1090 893 1117 πάντα

102 1129 138 1154 τὰ
152 1128 237 1162 ἔθνη,
255 1129 304 1156 καί
326 1131 443 1164 κατάξω
457 1132 533 1159 αὐτὰ
549 1134 591 1167 είς
607 1134 664 1169 τὴν
686 1135 814 1162 κοιλάδα
832 1136 892 1163 ἰω-

101 1174 215 1208 augeat,
224 1174 274 1201 καί
284 1175 510 1211 διακριθήσομαι
522 1178 597 1212 πρὸς
608 1179 719 1213 αὐτοὺς
730 1180 801 1213 ἐκεῖ,
815 1179 892 1215 ὑπὲρ

100 1219 156 1246 τοῦ
167 1220 245 1247 λαοῦ
254 1229 326 1255 μου,
339 1221 387 1248 καί
399 1221 455 1256 τῆς
468 1224 669 1259 κληρονομίας
679 1234 740 1260 μου
755 1226 889 1261 Ἰσραὴλ,

100 1264 129 1291 οι
140 1265 353 1300 διεσπάρησαν
372 1268 406 1294 ἐν
421 1269 483 1301 τοῖς
498 1269 609 1302 ἔθνεσι,
625 1270 673 1297 καί
692 1271 749 1305 τὴν
763 1271 822 1307 γῆν
830 1281 890 1307 μου

100 1311 334 1345 ﬂamonium-to,
349 1314 398 1340 καί
410 1314 460 1340 ἐπι
473 1314 527 1342 τὸν
540 1316 617 1343 λαόν
625 1325 683 1351 μου
695 1316 806 1345 ἔϐαλον
813 1318 889 1352 κλή-

96 1366 183 1391 ρους,
194 1358 245 1386 καί
271 1358 386 1387 ἔδωκαν
409 1360 447 1387 τὰ
466 1361 608 1396 παιδάρια
627 1363 761 1397 πόρναις,
779 1364 829 1391 καὶ
854 1364 890 1392 τὰ

99 1402 230 1437 κεράσια
245 1403 384 1431 ἐπώλουν
397 1405 463 1432 ἀντὶ
477 1406 530 1433 τοῦ
543 1407 638 1441 οἴνου,
654 1408 704 1436 καί
719 1408 817 1437 ἔπιον.

82 1459 85 1460 ⁷
134 1460 202 1488 ΑΠ’.
223 1461 272 1488 Ἐκ
282 1462 331 1496 τῆς
339 1461 456 1498 Ῥοϐοὰμ
467 1461 606 1497 βασιλείας
615 1465 824 1500 ἀποῤῥαγεισῶν
833 1466 889 1494 τῶν

98 1506 164 1533 δέκα
186 1506 290 1540 φυλῶν,
315 1506 362 1533 καὶ
375 1507 547 1544 διῃρημένων
569 1509 653 1545 αὐτῷ,
665 1511 713 1537 καὶ
723 1511 824 1543 παντὸς
838 1511 887 1539 τοῦ

99 1551 209 1588 Ἰσραὴλ
219 1552 260 1584 εἷς
270 1560 302 1579 τε
316 1552 362 1579 τὸν
372 1553 501 1589 Ἐφρατμ,
511 1554 610 1582 καὶτὸν
624 1554 748 1588 Ἰούδα,οί
758 1557 888 1592 μακάριοι

1262 944 1338 973 CAP.
1357 944 1400 973 III.

982 997 1062 1026 Vens.
1084 998 1142 1026 1-5.
1164 999 1233 1031 Quia
1255 1008 1312 1028 ecce
1330 1009 1376 1035 ego
1400 1002 1428 1029 in
1452 1003 1542 1030 diebus
1564 1004 1626 1038 illis,
1651 1011 1677 1033 et
1700 1007 1727 1035 in

945 1045 1057 1076 tentpore
1083 1043 1138 1078 illo,
1158 1045 1262 1078 quando
1284 1050 1433 1073 convertero
1455 1049 1630 1082 captivitatem
1653 1051 1727 1080 Iuda

943 1092 969 1115 et
985 1087 1150 1122 Jerusalem;
1169 1095 1192 1116 et
1208 1092 1370 1126 congregabo
1384 1099 1471 1120 omnes
1489 1101 1585 1129 gentes,
1605 1101 1630 1123 et
1642 1097 1728 1124 dedu-

943 1140 1001 1160 cam
1014 1141 1057 1160 eas
1069 1134 1096 1160 in
1109 1134 1202 1161 vallem
1216 1134 1357 1170 Iosophat,
1369 1142 1393 1164 et
1408 1139 1556 1173 disceptabo
1573 1148 1632 1168 cum
1643 1143 1679 1169 eis
1690 1143 1727 1170 ibi

943 1186 990 1213 pro
1005 1179 1101 1213 populo
1113 1188 1181 1211 meo,
1196 1185 1219 1207 et
1236 1181 1388 1210 hereditate
1405 1191 1463 1210 mea
1481 1184 1576 1219 Israel,
1592 1194 1655 1221 quas
1670 1188 1727 1216 dis-

942 1230 1076 1259 perserunt
1095 1225 1123 1252 in
1141 1226 1270 1261 gentibus,
1289 1231 1313 1254 et
1328 1233 1423 1258 terram
1441 1237 1525 1257 meam
1536 1231 1726 1266 diviserunt,et

942 1277 1020 1304 super
1033 1270 1156 1304 populum
1171 1279 1256 1299 meum
1271 1272 1396 1300 miserunt
1417 1280 1510 1309 sortes,
1524 1281 1550 1304 et
1569 1284 1663 1311 pueros
1678 1279 1726 1306 de-

942 1314 1038 1342 derunt
1060 1317 1249 1350 meretricibus,
1269 1322 1294 1345 et
1311 1319 1413 1353 puellas
1434 1321 1577 1349 vendebant
1595 1331 1643 1358 pro
1655 1324 1724 1358 uino,

941 1365 966 1388 et
980 1361 1109 1388 bibebant.

977 1462 1119 1490 XXXVIII.
1144 1463 1167 1490 A
1182 1471 1266 1499 regno
1284 1463 1405 1494 Roboam
1423 1467 1524 1495 avulsis
1539 1470 1724 1506 separatisque

941 1507 1033 1534 decem
1050 1508 1184 1540 tribubus,
1201 1513 1228 1536 et
1243 1510 1366 1538 universo
1385 1510 1486 1539 lsraele
1509 1511 1536 1540 in
1552 1513 1681 1548 Ephraim
1696 1521 1725 1543 et

940 1549 1007 1580 Juda
1031 1552 1161 1586 diviso“,
1179 1553 1250 1581 beati
1275 1555 1411 1589 prophetat
1435 1557 1607 1586 exstiterunt.
1627 1557 1723 1588 Loculi

99 1599 227 1633 γεγόνασι
233 1599 382 1635 προφῆται.
388 1599 558 1635 Λελαλήκασι
565 1600 594 1627 δὲ
604 1601 638 1628 τὰ
646 1602 711 1638 παρ⁸
721 1602 832 1637 ἀμφοῖν,
838 1602 888 1638 τῆς

940 1602 1002 1625 sunt
1027 1602 1116 1626 autem
1148 1605 1208 1633 qua
1236 1599 1270 1627 ad
1300 1604 1429 1636 utrosque
1457 1602 1643 1637 pertinerent,
1665 1608 1723 1633 tota

97 1644 161 1679 ὅλης
169 1644 266 1676 αὐτοῖς
282 1645 450 1681 προφητείας
460 1647 675 1683 παρατεινούσης
691 1647 772 1684 μέχρι
784 1647 888 1684 καιρῶν

96 1690 145 1726 τῆς
160 1691 362 1726 αίχμαλωσίας.
383 1692 461 1719 Μετά
479 1692 507 1718 δέ
529 1701 561 1727 γε
582 1692 632 1728 τὴν
647 1694 676 1720 ἐν
692 1693 889 1730 Ἰεροσολύμοις

97 1736 203 1763 ἐκεῖθεν
218 1736 402 1772 ὑποστροφὴν,
418 1738 466 1764 καὶ
482 1737 531 1772 τὴν
546 1738 734 1774 γεγενημένην
744 1739 814 1766 κατὰ
825 1748 888 1766 και-

96 1782 160 1817 ροὺς
186 1782 326 1814 ἐπάνοδον,
344 1783 549 1818 προεφήτευσαν
565 1784 612 1811 ἐπὶ
633 1784 678 1811 τὸν
697 1784 805 1820 Ἰσραὴλ
823 1784 887 1820 ’Δγ-

95 1828 172 1860 γαῖός
196 1836 228 1854 τε
251 1828 300 1855 καὶ
322 1829 470 1863 Ζαχαρίας,
485 1828 532 1856 καὶ
549 1829 598 1864 μέν
613 1837 654 1856 τοι
669 1829 718 1857 καὶ
733 1830 885 1866 Μαλαχίας.

93 1873 222 1901 Φαίνεται
236 1873 264 1901 δέ
279 1873 326 1901 καὶ
338 1875 352 1901 ὁ
366 1874 483 1909 Ἔσδρας
494 1875 571 1909 ὀλίγα
586 1875 653 1902 sm
666 1875 720 1903 τῶν
729 1876 790 1903 κατ’
799 1877 886 1903 ἐκεῖνο

93 1919 210 1954 καιρῶν,
229 1919 278 1946 καὶ
292 1920 321 1947 ἐν
332 1920 389 1952 τοῖς
404 1920 487 1947 αὐτοῦ
503 1920 609 1956 χρόνοις
619 1921 810 1956 γεγενημένων
820 1930 887 1957 προ-

93 1965 258 2001 αγορεύσας.
276 1965 419 2001 Μέμνηται
433 1965 522 1993 τοίνυν
541 1966 595 1993 τῶν
607 1967 796 2002 προκειμένων
810 1968 824 1994 ὁ
840 1967 885 1994 λό-

92 2019 140 2044 γος
155 2010 323 2046 πράγματος
340 2011 391 2038 οὐκ
413 2011 443 2037 ἐν
466 2012 573 2047 καιροῖς
595 2012 743 2048 προφητῶν
761 2012 815 2040 τῶν
833 2013 884 2048 ἀρ-

91 2055 179 2090 χαίων
203 2055 400 2090 γεγενημένου,
421 2055 479 2082 ἀλλ’
501 2056 544 2083 ὅτι
567 2055 600 2092 δὴ
623 2056 699 2092 μόλις
719 2057 811 2092 Κύρου
838 2057 884 2085 τὸν

98 2100 207 2136 Ἰσραὴλ
223 2100 333 2132 ἀνέντος
346 2101 533 2136 ὑπενόστησαν
547 2102 587 2134 εἰς
609 2102 659 2137 τὴν
671 2102 810 2130 Ἰουδαίαν.
827 2103 884 2130 Καὶ

91 2143 118 2170 τί
131 2144 163 2171 τὺ
179 2144 276 2180 χρῆμα
292 2145 323 2171 τὸ
334 2144 522 2178 ἀξιάκουστον,
537 2146 563 2173 τί
582 2145 610 2172 δέ
626 2146 659 2182 δὴ
673 2147 799 2181 γενέσθαι
813 2156 884 2183 συμ-

93 2189 222 2225 ϐέϐηκεν,
239 2189 356 2226 ἐροῦμεν
373 2191 410 2222 ὠς
426 2191 476 2224 ἐνι,
486 2191 536 2227 τὴν
549 2191 595 2218 τοῦ
606 2192 708 2228 Ἐσδρα
723 2194 883 2229 συγγραφὴν

93 2235 256 2271 κομίζοντες
268 2236 307 2267 εἱς
321 2236 466 2270 ἀπόδειξιν.
487 2237 592 2264 Οὐκοῦν
614 2238 762 2274 ἐπειδήπερ
779 2238 819 2271 είς
833 2239 883 2275 τὴν

98 2280 232 2306 Ἰουδαίαν
242 2280 392 2316 ἐπανῆλθον
404 2282 476 2318 ἄρτι,
491 2283 538 2310 καὶ
552 2283 674 2318 δασμῶν,
688 2283 735 2310 καὶ
755 2284 811 2311 τῶν
830 2286 882 2321 τῆς

92 2326 214 2358 δουλείας
231 2327 449 2360 ἀναπνεύσαντες
465 2329 554 2357 πόνων
574 2330 598 2356 οί
616 2329 647 2362 ἐξ
658 2330 776 2365 Ἰσραὴλ,
791 2331 837 2358 ἐπὶ
852 2331 882 2358 τὸ

93 2371 216 2407 ῥᾴθυμον
239 2372 399 2407 ἐτράποντο,
415 2373 461 2400 καὶ
475 2371 545 2409 ἦσαν
559 2374 609 2401 οὐκ
622 2374 753 2409 ἀσφαλεῖς
769 2374 822 2403 τῶν
836 2375 881 2403 διὰ

92 2418 215 2450 Μωσέως
236 2417 456 2454 τεθεσπισμένων
481 2419 664 2455 ἐπιτηδευταὶ,
680 2420 726 2447 καὶ
747 2421 876 2455 φύλακες.

98 2463 314 2498 Ἀποφάσκοντος
329 2465 384 2500 γὰρ
397 2465 443 2491 τοῦ
456 2465 550 2501 νόμου,
566 2466 664 2501 χρῆναί
675 2475 750 2499 τινας
762 2468 821 2499 ταῖς
833 2467 881 2493 θυ-

90 2508 209 2544 γατράσι
234 2507 288 2535 τῶν
314 2508 469 2543 ἀλλοφύλων
494 2510 759 2544 συγκατευνάζεσθαι
773 2531 780 2544 ,
803 2511 880 2546 ὀλίγα

92 2553 285 2588 φροντίσαντες
303 2553 357 2581 τῶν
377 2553 468 2581 θεόθεν
484 2554 575 2586 αὐτοῖς
595 2556 879 2591 κεχρησμῳδημένων,

90 2598 244 2634 ἀλλοτρίαις
252 2598 376 2632 γυναιξὶν
389 2599 579 2636 ἐπεμίογοντο.
587 2601 643 2627 Καὶ
656 2600 723 2637 πρὸς
732 2600 810 2628 τοῦτο
821 2601 881 2628 λίαν

90 2643 301 2680 δεδυσφορηκὼς
312 2644 440 2681 Ἔσδρας,
452 2646 668 2682 περιερρήγνυτο
682 2646 731 2681 μὲν
740 2647 790 2682 τὴν
800 2647 882 2682 ἐσθῆ-

89 2697 132 2722 τα,
148 2689 363 2725 κατωλοφύρετο
378 2690 406 2717 δέ
421 2691 483 2723 τοὺς
497 2691 527 2725 ἐξ
537 2691 656 2727 Ἰσραὴλ,
672 2691 720 2718 καὶ
736 2692 791 2719 τῶν
803 2691 881 2719 ἀλλο-

90 2735 179 2769 φύλων
201 2734 344 2770 γυναικῶν
367 2735 584 2765 ἀπαλλάττεσθαι
609 2736 767 2772 παρεκάλει.
792 2738 825 2764 οι
849 2738 880 2766 δὲ

125 2787 152 2829 ξί
165 2793 266 2820 Matth.
287 2799 354 2829 vin,
375 2794 419 2822 I9.
474 2795 497 2811 ⁵³
514 2795 610 2823 Matth.
630 2802 667 2829 tv,
690 2794 733 2822 I9.

91 2828 112 2844 “
129 2828 228 2857 IEsdr.
250 2836 279 2860 ι,
292 2827 337 2854 II.

786 2794 809 2811 "
827 2794 923 2823 Matth.
943 2803 971 2822 Ix
991 2814 998 2827 ,
1014 2794 1031 2822 9

938 1650 1031 1670 eorum
1054 1644 1194 1678 prophetia
1219 1651 1248 1672 se
1264 1646 1426 1674 extendente
1440 1654 1526 1682 usque
1548 1649 1582 1676 ad
1602 1653 1722 1684 tempora

938 1688 1110 1723 captivitatis.
1122 1689 1185 1717 Post
1197 1690 1378 1718 reversionem
1389 1691 1485 1719 deinde
1497 1692 1722 1730 Hierosolymam,

937 1737 965 1761 et
981 1738 1136 1768 susceptum
1159 1734 1271 1762 definito
1289 1739 1410 1771 tempore
1425 1737 1550 1771 reditum,
1573 1740 1721 1775 propheta-

937 1783 1001 1807 runt
1019 1781 1052 1808 ad
1065 1779 1148 1808 Israel
1168 1780 1294 1816 Aggaeus,
1306 1785 1333 1808 et
1349 1781 1505 1816 Zacharias,
1522 1783 1722 1821 Malachiasque

937 1825 1072 1853 similiter.
1090 1824 1201 1853 Videtur
1215 1826 1278 1852 item
1297 1825 1397 1854 Esdras
1414 1835 1501 1862 pauca
1518 1830 1640 1864 quaedam
1657 1831 1720 1865 illis,

936 1874 1017 1904 atque
1039 1869 1107 1897 adeo
1134 1869 1190 1897 suis
1216 1870 1383 1905 temporibus
1404 1872 1523 1907 gerenda
1546 1875 1719 1908 praedixisse.

936 1915 1057 1942 Meminit
1072 1922 1137 1950 ergo
1151 1916 1305 1950 propositus
1325 1923 1415 1944 sermo
1434 1918 1473 1946 rei
1495 1926 1556 1953 quae
1574 1927 1626 1947 non
1639 1925 1720 1950 aetate

934 1965 1056 1989 veterum
1082 1961 1273 1996 prophetarum
1297 1962 1420 1997 contigit,
1445 1963 1493 1992 sed
1519 1965 1626 1999 quando
1648 1966 1719 2002 Cyro

935 2005 1042 2033 tandem
1066 2005 1229 2038 dimittente,
1249 2001 1276 2033 in
1293 2005 1411 2034 Iudaeam
1425 2007 1553 2037 Israelita:
1568 2001 1718 2040 redierunt.

935 2051 972 2077 De
983 2057 1013 2078 re
1026 2049 1072 2078 illa
1084 2051 1176 2078 auditu
1191 2051 1281 2086 digna,
1294 2056 1322 2079 et
1333 2052 1397 2087 quid
1408 2052 1508 2081 factum
1522 2054 1568 2087 sit,
1584 2055 1718 2090 dicemus,

934 2096 1005 2131 quod
1023 2096 1090 2124 satis
1107 2097 1169 2130 erit,
1185 2101 1214 2125 et
1232 2105 1266 2125 ex
1280 2098 1393 2126 historia
1408 2099 1442 2127 ab
1459 2098 1544 2127 Esdra
1559 2102 1717 2137 conscripta

934 2142 1116 2170 narrationem
1141 2147 1274 2178 petemus.
1304 2143 1397 2178 Itaque
1419 2145 1531 2173 reduces
1550 2153 1565 2174 e
1587 2147 1718 2176 servitute

933 2194 1020 2222 nuper
1037 2188 1063 2215 in
1078 2188 1196 2216 Judzeam
1214 2188 1351 2222 Israelitae,
1363 2190 1531 2226 vectigalium
1550 2199 1582 2219 ac
1597 2193 1715 2221 servitu-

935 2232 970 2260 tis
985 2233 1112 2261 oneribus
1128 2234 1312 2269 molestiisque
1325 2235 1442 2269 liberati,
1460 2236 1570 2275 desidize
1580 2233 1614 2267 [se
1630 2240 1715 2268 tradi—

898 2266 923 2295 Ῑ)
935 2279 1041 2313 derunt,
1061 2285 1111 2307 nec
1133 2279 1188 2313 jam
1212 2266 1390 2316 per—Moysen
1410 2283 1513 2310 sancita
1535 2271 1628 2313 sedulo
1651 2293 1716 2314 con-

933 2327 1089 2359 stanterque
1102 2325 1228 2352 colebant
1243 2330 1269 2353 et
1283 2327 1491 2355 conservabant.
1508 2328 1575 2356 Cum
1586 2330 1658 2358 enim
1672 2331 1716 2360 lex

932 2373 1035 2397 vetaret
1042 2369 1251 2405 alienigenarum
1260 2369 1340 2406 233
1349 2371 1417 2399 tilias
1424 2372 1524 2400 ducere
1534 2393 1542 2406 ,
1551 2374 1588 2401 illi
1596 2375 1716 2404 divinum

931 2416 1067 2443 oraculum
1094 2416 1296 2450 posthabentes,
1322 2424 1383 2444 cum
1406 2418 1536 2446 uxoribus
1557 2419 1716 2457 alienigenis

934 2461 1158 2489 consuescebaut.
1185 2460 1214 2487 Id
1233 2461 1373 2495 aegerrime
1396 2461 1487 2491 ferens
1510 2463 1621 2498 Esdras,
1640 2471 1716 2495 veste

933 2507 1069 2535 conscissa
1083 2505 1222 2534 lsraelitas
1239 2506 1347 2541 lugebat
1358 2507 1392 2540 ⁵⁸,
1404 2512 1431 2535 et
1448 2512 1478 2536 ut
1498 2509 1532 2536 ab
1554 2509 1714 2547 alienigenis

932 2555 1123 2586 separarentur
1141 2550 1303 2578 obsecrabat
1313 2550 1346 2579 '°.
1370 2551 1445 2585 Quod
1469 2552 1523 2581 illis
1539 2558 1582 2581 est
1602 2561 1714 2589 persua-

929 2604 1003 2630 sum,
1019 2596 1189 2629 timentibus,
1203 2596 1296 2628 eredo,
1321 2596 1389 2624 iram
1407 2597 1525 2625 divinam
1544 2603 1572 2626 et
1593 2600 1712 2628 futuram

929 2643 1122 2677 calamitatem,
1156 2642 1208 2670 nisi
1233 2642 1365 2670 honorem
1391 2642 1442 2679 legi
1467 2644 1616 2678 haberent,
1647 2652 1710 2674 cum

928 2689 1078 2725 praesertim
1100 2687 1268 2724 experientia
1292 2687 1424 2723 majorum
1447 2688 1488 2716 eis
1506 2696 1556 2724 pro
1581 2690 1712 2725 magistra

929 2739 1010 2764 esset.
1023 2734 1169 2770 Postquam
1179 2733 1319 2769 repudiata
1337 2733 1553 2762 muliercularum
1569 2735 1712 2764 multitudo

1102 2793 1126 2810 ιδ
1144 2791 1178 2820 III
1198 2792 1266 2829 Reg.
1281 2800 1320 2827 ιι,
1338 2792 1383 2820 51.
1454 2792 1476 2809 ¹¹
1495 2792 1506 2820 I
1527 2793 1604 2822 Esdr.
1625 2802 1663 2828 ιι,
1682 2795 1711 2828 5,
