1919 3041
210 155 260 183 587

706 151 736 178 S.
758 148 896 178 CYRILLI
917 147 1152 176 ALEXANDRINI
1173 146 1332 174 ARCIIIEP.

1785 139 1838 166 388

212 214 398 249 Hierosolyma
424 213 559 246 discessit,
594 216 649 239 tum
675 210 796 238 ﬁnitima:
820 216 913 246 gentes
944 217 998 237 non

1051 208 1128 235 τοῦτο
1143 208 1209 243 δρᾷν
1225 207 1408 238 ἀνεπείϐοντο,
1423 205 1537 238 δεδιότες
1552 204 1686 249 τάχαᾼπου
1699 200 1735 228 τὰ
1752 199 1782 233 ἐξ
1795 199 1839 249 ὀρ-

212 260 350 288 immerito
376 259 544 286 exacerbata;
564 261 646 288 sunt,
673 261 701 284 et
727 257 792 291 ipsa:
811 263 917 291 quoque
943 263 996 282 non

212 304 342 332 mediocri
370 302 473 330 adactae
499 301 607 335 injuria.
632 300 665 327 Et
691 300 756 327 illud
779 301 888 334 insuper
906 307 997 327 secum

212 349 327 376 fortasse
351 348 516 382 cogitabant.
548 345 681 379 Quoniam
707 346 778 373 enim
808 345 999 382 Hierosolyma

213 401 304 421 muros
329 393 458 420 lsraelitzc
478 393 676 424 instaurabant,
695 397 721 419 et
736 392 856 419 divinum
871 392 998 426 templum

212 437 378 465 rezediﬁcare
397 437 563 468 nitebantur,
578 438 685 464 invidize
700 437 761 464 telis
779 437 874 469 saucii,
889 442 915 464 et
938 437 998 464 irati

211 483 314 515 hostes,
331 490 398 517 opus
427 483 558 516 impedire
586 482 811 517 aggrediebantnr
821 482 855 514 ",
879 482 954 515 illud,
970 488 999 509 ut

212 532 254 554 est
277 528 437 561 verisimile,
464 529 564 555 animis
585 529 732 561 volventes,
757 529 778 555 si
799 527 880 555 Israel
905 528 998 563 pristi-

213 581 276 600 nam
295 573 443 607 potentiam
460 579 645 608 recuperaret,
668 574 802 608 urbesque
821 574 906 600 muris
925 581 999 600 com-

214 619 333 645 munitas
356 618 520 652 possideret,
547 623 575 645 et
592 619 780 646 ttniversorum
803 620 885 646 Deum
908 619 1001 647 defen-

214 670 307 690 sorem
336 664 465 697 haberet,
496 664 541 698 qui
572 665 598 690 in
624 665 741 699 templo,
772 670 802 692 ut
834 666 998 699 antiquitus,

215 706 368 738 coleretur,
397 714 504 734 rursum
533 708 750 740 dominatnrum,
776 712 804 735 et
825 708 885 743 ejus
907 709 1000 743 jugttm

216 751 345 778 omnibus
362 751 561 779 intolerandum
586 752 654 786 fore,
670 758 696 780 et
718 754 815 781 vicinis
831 754 929 781 tributa
948 755 1000 781 im-

218 796 380 830 positurum,
409 804 456 824 eos
476 797 502 823 in
523 798 679 825 servitutem
702 800 885 831 redacturum,
907 807 1001 827 eorum

218 841 291 876 agris
315 841 422 875 penitus
446 841 610 874 devastatis,
633 843 654 870 si
678 845 723 878 qui
758 844 851 876 velint,
879 845 1001 878 quamvis

1048 253 1099 288 γῆς
1120 253 1166 279 καὶ
1187 253 1241 279 τῶν
1256 251 1393 287 ἐσομένων
1411 250 1512 281 αὐτοῖς,
1527 249 1551 275 εἰ
1573 248 1609 283 μὴ
1627 247 1731 272 ἕλοιντο
1753 243 1837 278 τιμᾷν

1047 300 1092 326 τὸν
1107 300 1198 334 νόμον,
1212 299 1266 326 τῶν
1282 297 1484 334 προγεγονότων
1507 295 1556 330 τὴν
1579 295 1677 328 πεῖραν
1697 289 1839 317 ἐποιοῦντο

1047 342 1332 377 διδάσκαλον.Ὲπειδὴ
1354 341 1534 374 ἀπεϐέϐλητο,
1552 339 1601 365 καὶ
1625 335 1762 371 ἀπεφοὶτα
1784 334 1839 360 τῶν

1054 388 1247 424 Ἰεροσολύμων
1261 389 1278 423 ἠ
1291 387 1346 414 τῶν
1361 385 1515 421 ἀλλοφύλων
1527 384 1645 419 γυναίων
1656 382 1772 417 πληθὺς,
1783 380 1840 406 λοι.-

1048 435 1098 461 πὸν
1114 433 1271 468 ἀναγκαίως
1286 432 1528 468 κατεπικραίνοντο
1540 430 1607 466 πρὸς
1621 428 1706 464 ὀργὰς
1719 427 1743 453 οι
1759 424 1840 460 περί-

1049 487 1118 506 οικοι
1131 479 1186 505 τῶν
1197 478 1291 510 ἐθνῶν,
1309 478 1357 504 ἆτε
1373 477 1404 509 δὴ
1421 476 1467 503 καὶ
1487 476 1531 502 διὰ
1551 474 1652 501 τούτων
1671 473 1702 499 οὐ
1722 471 1842 506 μετρίως

1049 523 1247 559 ἐξυϐρισμένοι.
1263 523 1318 549 Καὶ
1340 522 1408 557 πρός
1431 530 1463 555 γε
1489 521 1521 556 δὴ
1539 521 1626 554 τούτῳ
1650 517 1762 545 κάκεῖνό
1788 524 1841 542 που

1049 571 1118 605 τάχα
1133 569 1311 603 διελογίζοντο
1325 568 1395 594 κατὰ
1409 569 1476 602 σφᾶς
1489 567 1596 598 αὑτούς.
1605 564 1714 599 Ἐπειδὴ
1724 564 1781 598 γὰρ
1792 563 1842 597 τὴν

1055 615 1232 650 Ἰερουσαλὴμ
1252 613 1416 649 ἀνετείχιζον
1433 614 1493 648 μὲν,
1507 611 1670 644 ἐσπούδαζον
1686 610 1715 636 δὲ
1730 609 1779 635 καὶ
1792 608 1842 634 αὖ·

1050 661 1094 687 τδν
1108 661 1153 687 τὸν
1173 661 1244 686 Θεῖον
1268 659 1385 694 ἐγείρειν
1399 659 1473 689 ναὸν,
1487 659 1544 689 τοῖς
1559 657 1604 683 τοῦ
1621 656 1719 690 φθόνου
1735 654 1842 689 βέλεσιν

1050 705 1206 732 ἀνεκαίοντο
1229 704 1296 740 πρὸς
1318 704 1412 739 ὀργὰς,
1428 703 1476 729 καὶ
1495 701 1652 728 διακωλύειν
1668 699 1840 734 ἐπεχείρουν,

1051 751 1138 777 ἐκεῖνο
1148 751 1291 785 διενθυμού
1297 758 1382 784 μενοι,
1392 749 1462 775 κατά
1473 757 1504 782 γε
1515 747 1544 774 τὺ
1555 747 1638 778 εὶκδς,
1650 746 1688 777 ὡς
1699 746 1724 771 εἰ
1735 745 1843 778 γένοιτο

1052 796 1132 823 πάλιν
1146 798 1159 823 ὸ
1173 795 1281 831 Ἰσραὴλ
1298 796 1326 821 ἐν
1338 793 1507 824 δυναστείαις
1526 793 1586 823 ταῖς
1607 791 1712 828 πρώην,
1729 790 1778 816 καὶ
1799 797 1844 815 τε·
1870 809 1875 811 .

1051 841 1224 876 τειχισμένας
1249 841 1297 876 μὲν
1310 841 1366 876 ἔχοι
1388 840 1438 872 τὰς
1453 840 1553 871 πόλεις,
1567 837 1740 872 ἐπαμύνοντα
1753 836 1782 862 δὲ
1796 835 1843 861 τὸν

218 885 298 921 longo
313 891 373 920 post
391 891 510 920 tempore
526 892 628 914 tantum
643 895 691 914 eos
712 895 805 915 contra
820 890 928 916 inttteri.
947 889 1000 916 Hac

1052 887 1106 913 τῶν
1119 887 1187 913 ὅλων
1203 886 1278 917 Θεὸν,
1294 886 1340 912 ἆτε
1353 885 1385 919 δὴ
1400 886 1456 917 τοῖς
1468 885 1590 920 ἀρχαίοις
1601 883 1673 910 ἔθεσι
1688 880 1843 918 θεραπευό-

216 932 251 958 de
268 938 348 958 causa
372 931 557 960 subomarunt
572 933 713 966 quosdam,
735 934 780 967 qui
795 941 843 960 eos
866 941 916 961 nec
934 939 1002 961 tem-

217 976 272 1012 plo,
288 984 337 1004 nec
351 975 485 1005 mmnibus
498 978 634 1005 struendis
649 986 758 1005 manum
773 979 917 1006 admovere
929 984 1003 1014 pate-

217 1027 322 1050 rentur.
339 1024 407 1052 Cum
431 1025 530 1052 frustra
555 1024 720 1056 laborarent,
745 1025 798 1052 Deo
821 1024 1001 1053 Israelitarum

217 1068 306 1095 studia
339 1075 527 1105 prosperante,
552 1070 637 1097 armis
661 1070 759 1097 deinde
787 1071 930 1106 correptis,
955 1079 1002 1099 eos

217 1114 373 1147 opprimere
395 1115 549 1142 voluerunt.
566 1113 676 1147 Verum,
690 1115 834 1148 adiuvante
852 1116 916 1150 Deo,
939 1117 1002 1144 victi

217 1159 252 1187 ab
269 1160 334 1194 ipsis
357 1159 544 1194 interfectique
559 1165 631 1188 sum.
645 1161 684 1187 Ad
701 1161 750 1188 hoc
768 1166 857 1189 autem
877 1163 1003 1197 praelium

218 1204 245 1231 in
261 1204 358 1231 vallem
370 1205 500 1240 losaphat
513 1205 657 1233 multitudo
667 1213 726 1234 sese
734 1207 855 1242 collegit,
866 1207 913 1242 qui
926 1207 1004 1236 locus

218 1257 270 1276 non
287 1249 376 1276 multis
391 1249 425 1277 ab
437 1243 622 1286 Hierosolyma
641 1251 737 1280 stadiis
755 1259 851 1279 versus
867 1253 1001 1280 orientem

218 1295 311 1322 distat.
344 1295 428 1323 Aiunt
453 1296 553 1324 nudum
574 1300 602 1323 et
621 1297 781 1331 equitationi
811 1302 904 1333 aptum
930 1305 1001 1326 esse.

217 1340 352 1368 Caeterum
378 1341 545 1376 potentiores
568 1342 698 1375 quosdam
725 1341 852 1370 Israelitis
882 1343 1002 1370 divinum

219 1387 348 1421 templum
371 1387 574 1415 exstruentibus
599 1387 741 1419 invidisse,
765 1392 793 1415 et
821 1388 887 1415 nihil
913 1393 1003 1417 tamen

217 1432 376 1467 profecisse,
395 1433 502 1460 docebit
522 1433 616 1460 beatus
627 1433 728 1461 Esdras
738 1434 774 1460 ita
788 1434 912 1462 scribens
926 1443 934 1462 :
950 1444 959 1461 ι
974 1434 1002 1462 In

217 1477 377 1505 Artaxerxis
393 1481 483 1504 autem
497 1477 569 1512 regis
584 1476 728 1504 Persarum
745 1479 920 1513 temporibus,
934 1480 1004 1507 scri-

217 1527 331 1557 pserunt
347 1524 371 1550 ei
386 1523 420 1551 de
438 1523 480 1550 bis
495 1524 541 1558 qui
560 1523 717 1550 habitabant
730 1523 758 1550 in
772 1523 864 1551 Iudaea
881 1529 908 1551 et
925 1524 1004 1552 Jeru-

1053 941 1132 967 μενον
1154 932 1182 958 ὲν
1206 931 1272 966 ναῷ,
1291 930 1373 957 πάλιν
1395 930 1610 965 κατακρατήσει,
1633 929 1681 954 καὶ
1703 927 1843 962 ἀφόρητος

1051 979 1128 1005 ἔσται
1153 979 1208 1009 τοῖς
1233 977 1401 1012 ἁπανταχοῦ,
1428 977 1475 1004 καὶ
1497 976 1616 1011 δασμοὺς
1639 974 1766 1001 ἐπιϐαλεῖ
1787 973 1844 1000 τῶν

1051 1025 1158 1060 ὁμόρων
1174 1025 1239 1058 τισὶ,
1256 1025 1302 1052 καὶ
1315 1024 1462 1052 ἁλώσονται
1478 1024 1595 1055 πάντως,
1613 1022 1843 1058 καταδῃηυμὲνων

1051 1071 1141 1102 αὐτοῖς
1159 1071 1213 1097 τῶν
1231 1071 1338 1106 χωρῶν,
1355 1072 1379 1097 ει
1397 1070 1428 1105 δή
1443 1078 1515 1102 τινες
1530 1069 1632 1096 ἕλοιντο
1645 1068 1696 1095 κᾶν
1715 1067 1782 1102 γοῦν
1794 1067 1844 1101 ὀψὲ

1052 1115 1210 1149 ἀντιϐλέψαι
1235 1116 1324 1150 μόνον.
1351 1114 1458 1150 Ταύτης
1481 1114 1562 1141 ἕνεκα
1584 1113 1635 1147 τῆς
1655 1111 1746 1144 αἰτίας
1770 1120 1844 1145 παρ-

1051 1161 1200 1193 εσκεύαζον
1225 1161 1274 1196 μέν
1300 1169 1375 1192 τινας
1399 1160 1542 1196 ἀπείργειν
1565 1159 1662 1190 αὐτοὺς
1679 1157 1736 1185 τῶν
1751 1167 1783 1184 τε
1798 1158 1844 1184 ἐπ’

1051 1207 1126 1243 αὺτῷ
1149 1208 1188 1243 τῷ
1203 1207 1270 1242 ναῷ,
1286 1207 1332 1234 καὶ
1355 1208 1411 1238 τοῖς
1435 1206 1536 1241 τείχεσι
1561 1203 1842 1240 παρεσκευασμένων.

1058 1253 1167 1288 Ἐπειδὴ
1181 1253 1210 1280 δὲ
1226 1253 1318 1284 αὐτοῖς
1337 1252 1465 1288 ἀνόνητος
1479 1249 1512 1286 ἦν
1525 1252 1542 1286 ἡ
1557 1250 1670 1285 σπουδὴ,
1687 1249 1758 1276 Θεοῦ
1779 1257 1845 1276 κατ-

1051 1299 1208 1334 ευρύνοντος
1224 1300 1280 1330 τοῖς
1296 1298 1325 1332 ἐξ
1336 1298 1444 1333 Ἰσραὴλ
1466 1297 1515 1332 τὴν
1540 1297 1594 1323 τῶν
1619 1295 1844 1330 ἐπιτηδευμάτων

1051 1345 1120 1377 ὁδὸν,
1137 1345 1285 1378 ὡπλίζοντο
1306 1344 1408 1375 λοιπὸν,
1423 1343 1470 1370 καὶ
1487 1342 1718 1377 καταστρατεπιν
1735 1341 1843 1376 ἤθελον.

1059 1391 1128 1417 Ἀλλ’
1145 1390 1326 1426 ἧλωσαν,καὶ
1349 1389 1510 1416 πεπτώκασι
1538 1388 1725 1423 ἐπαμύνοντος
1751 1387 1844 1417 αὐτοῖς

1052 1435 1130 1462 Θεοῦ.
1145 1435 1242 1469 Γέγονε
1267 1435 1296 1461 δὲ
1317 1434 1372 1461 τῶν
1394 1435 1434 1466 είς
1454 1433 1534 1460 τοῦτο
1556 1432 1805 1468 συναγηγερμέικυν
1827 1431 1845 1466 ἠ

1053 1481 1172 1517 ᾶθροισις
1197 1482 1226 1507 ὲν
1243 1481 1276 1516 τῇ
1293 1480 1395 1507 κοιλάδι
1406 1479 1550 1513 Ἰωσαφὰτ,
1568 1478 1656 1514 χῶρος
1671 1478 1700 1504 δὲ
1715 1475 1795 1509 οὗτος
1814 1477 1843 1504 οὗ

1054 1526 1161 1558 πολλοῖς
1184 1526 1302 1557 σταδίοις
1323 1525 1432 1561 ἀπέχων
1455 1526 1505 1560 τῆς
1523 1524 1711 1559 Ἰερουσαλὴμ,
1737 1525 1768 1550 ἐν
1788 1525 1845 1555 τοῖς

217 1569 312 1602 salem,
333 1569 484 1601 Balsamus,
501 1573 529 1596 et
550 1568 731 1600 Mithridates,
757 1574 785 1596 et
807 1569 952 1601 Sabellius,
974 1575 1000 1597 et

1052 1571 1119 1607 πρὸς
1132 1571 1173 1606 ὴῶ
1189 1571 1292 1607 μέρεσι.
1303 1571 1387 1598 Ψιλὸν
1401 1570 1430 1597 δὲ
1442 1568 1511 1597 εἶναι
1530 1570 1662 1604 quanta!
1678 1569 1844 1604 ίππήλατον.

217 1614 368 1647 Reatimus,
388 1619 415 1642 et
433 1614 612 1647 Bcllhelmus,
634 1619 662 1641 et
682 1614 879 1642 Geentethmus
900 1615 1000 1647 scriba,

216 1665 244 1687 et
259 1660 354 1696 reliqui
375 1660 433 1694 ejus
446 1660 548 1688 ordinis
564 1660 591 1686 in
611 1660 734 1687 Samaria
757 1660 917 1694 ueterisque
935 1661 1002 1689 locis

217 1707 371 1734 habitantes
383 1706 449 1738 ⁸⁸,ι
478 1706 504 1733 in
532 1706 602 1733 hanc
637 1708 798 1733 sententiant
820 1715 828 1733 :
853 1705 1001 1734 Jerusalem

219 1751 276 1779 fore
289 1752 425 1779 civitatem
446 1751 694 1786 inexpugnabilem,
709 1751 794 1788 234
809 1759 859 1780 nec
881 1752 935 1780 ulla
955 1761 1001 1780 ra-

220 1798 293 1825 tione
312 1797 374 1825 aliis
387 1798 496 1833 regibus
511 1797 676 1831 subiectam;
701 1799 748 1826 sed
764 1798 937 1827 rebellantem
953 1807 1002 1826 au-

217 1844 373 1876 dacissitne,
389 1849 429 1876 et,
455 1844 478 1871 si
506 1844 647 1879 antiquum
671 1849 771 1872 statum
787 1851 820 1872 ac
841 1844 1000 1879 dignitatem

219 1889 341 1924 recipiat,
356 1889 568 1925 Babyloniorum
591 1889 770 1925 principibus,
791 1889 838 1925 qui
859 1894 916 1917 tum
941 1890 1002 1918 fuc-

217 1936 282 1966 rint,
307 1943 435 1963 curarum
467 1935 566 1963 (luctus
589 1936 781 1963 excitaturam.
805 1936 841 1963 At
863 1937 935 1964 enim
959 1937 1002 1963 his

216 1981 325 2016 scriptis
355 1981 420 2008 nihil
450 1982 562 2009 omnino
593 1982 731 2009 consecuti
762 1987 836 2010 sunt.
862 1981 1003 2016 Rogahant

217 2034 296 2061 porro
319 2027 428 2060 quidam
456 2034 471 2054 e
493 2027 628 2059 Samaria,
653 2032 683 2054 ut
706 2027 771 2061 ipsis
795 2034 856 2054 cum
880 2027 923 2055 his
955 2027 1000 2062 qui

219 2072 355 2106 Babylone
375 2077 548 2103 revenerant,
569 2072 694 2099 laborare
708 2077 735 2099 et
745 2071 879 2100 aediﬁcare
895 2073 999 2100 liceret.

218 2116 361 2150 Repulsam
380 2116 508 2143 tulerunt.
525 2116 704 2148 Quamobrem
724 2118 787 2144 dum
802 2119 930 2146 adversus
943 2119 1002 2146 illo-

218 2169 276 2188 rum
293 2165 385 2195 postea
400 2161 614 2188 machinationes
626 2169 655 2188 sc
671 2166 779 2189 tuentur
795 2162 933 2195 Israelita},
947 2171 999 2191 non

216 2213 311 2240 parum
332 2210 394 2232 sunt
409 2205 560 2240 defatigati.

1053 1616 1114 1642 Ὅτι
1134 1617 1163 1643 δὲ
1185 1616 1377 1652 διεφθονήκασι
1406 1615 1454 1650 μέν
1480 1623 1552 1646 τινες
1572 1615 1627 1641 τῶν
1649 1614 1845 1648 δυνατωτέρων

1051 1663 1107 1693 τοῖς
1125 1661 1157 1694 ἐξ
1171 1661 1279 1698 Ἰσραὴλ
1295 1662 1340 1688 τὸν
1362 1661 1434 1688 θεῖον
1449 1662 1585 1696 ἐγείρουσι
1600 1660 1675 1692 ναὸν,
1689 1660 1801 1695 ὤνησαν
1816 1660 1844 1686 δὲ

1051 1706 1136 1739 οὐδὲν,
1157 1707 1256 1739 διδάξει
1281 1707 1368 1741 λέγων
1391 1708 1406 1732 ὸ
1428 1707 1560 1742 μακάριος
1575 1705 1692 1741 Ἔσδρας
1705 1714 1714 1721 ·
1730 1715 1739 1731 ι
1751 1706 1797 1732 Ἐν
1815 1705 1844 1732 δὲ

1051 1752 1106 1783 τοῖς
1119 1751 1165 1777 ἐπὶ
1177 1751 1356 1787 Ἀρταξέρξου
1381 1751 1426 1778 τοῦ
1446 1749 1559 1786 Περσῶν
1576 1750 1707 1786 βασιλέως
1724 1750 1842 1786 χρόνοις,

1051 1797 1227 1832 κατέγραψαν
1246 1798 1317 1824 κατὰ
1338 1797 1393 1823 τῶν
1408 1796 1604 1824 κατοικούντων
1619 1797 1648 1823 ἐν
1663 1798 1696 1832 τῇ
1712 1796 1841 1831 Ἰουδαία⁹

1051 1844 1097 1870 καὶ
1119 1844 1148 1870 ἐν
1165 1843 1341 1879 Ἰερουσαλὴμ
1366 1842 1497 1878 Βήλεμος,
1518 1843 1566 1869 καὶ
1590 1843 1772 1878 Μιθριδάτης,
1794 1843 1842 1869 καὶ⁸

1051 1889 1202 1920 Σαϐἐλλιος,
1221 1890 1268 1916 καὶ
1284 1889 1421 1923 Ῥάθιμος,
1439 1889 1486 1915 καὶ
1510 1889 1670 1924 Βέλτεθμος,
1694 1889 1741 1915 καὶ
1763 1889 1842 1915 Γεέν-

1050 1935 1148 1970 τεθμος
1162 1936 1176 1961 δ
1193 1935 1382 1970 γραμματεὺς,
1399 1935 1447 1961 καὶ
1461 1935 1485 1960 οἱ
1498 1933 1586 1960 λοιποὶ
1607 1935 1632 1961 oi
1657 1935 1764 1966 τούτοις
1781 1943 1842 1960 συν-

1050 1981 1222 2016 τασσόμενοι,
1240 1980 1378 2011 οἰκοῦντες
1396 1980 1424 2006 δὲ
1446 1981 1475 2006 ὲν
1490 1981 1640 2016 Σαμαρείᾳ,
1659 1980 1708 2007 καὶ
1722 1981 1779 2012 τοῖς
1794 1981 1841 2007 ἂλ-

1051 2026 1106 2058 λοις
1120 2027 1222 2057 τόποις.
1235 2035 1243 2051 ι
1256 2024 1310 2052 Ἔν
1326 2026 1353 2052 δὲ
1369 2026 1418 2060 τῆς
1436 2026 1545 2061 γραφῆς
1560 2025 1647 2052 τοιάδε
1666 2034 1709 2058 τις
1725 2027 1743 2061 ἡ
1762 2027 1841 2052 δύνα-

1052 2081 1108 2108 μις,
1124 2072 1161 2103 ὡς
1184 2073 1226 2107 εἴη
1253 2072 1302 2107 μὲν
1325 2072 1402 2103 πόλις
1425 2071 1576 2106 ἄθραυστον
1601 2071 1701 2106 ἔχουσα
1727 2072 1841 2107 δύναμιν

1056 2117 1243 2153 Ἰερουσαλὴμ,
1260 2118 1364 2152 ἥκουσα
1389 2117 1418 2144 δὲ
1439 2117 1563 2152 οὐδαμῶς
1585 2119 1640 2148 τοῖς
1663 2117 1718 2143 τῶν
1742 2119 1841 2152 ἑτέρων

1050 2163 1145 2200 χωρῶν
1166 2163 1333 2198 βασιλεῦσιν·
1351 2164 1563 2198 ἀντεγειρομένη
1582 2164 1610 2190 δὲ
1625 2164 1726 2198 μᾶλλον
1739 2165 1841 2199 σφόδρα

1050 2209 1191 2241 νεανικῶς,
1208 2209 1240 2236 ἵν’
1254 2210 1278 2236 εί
1302 2209 1407 2244 γένοιτο
1430 2210 1511 2237 πάλιν
1527 2210 1711 2245 ὑπνοστῆσαι
1727 2211 1795 2245 πρὸς
1812 2210 1840 2236 τὺ

216 2251 340 2286 ἀρχαῖον,
357 2251 405 2277 καὶ
419 2251 509 2282 αὐτοῖς
523 2251 647 2278 σαλεὺσει
663 2252 803 2288 φροντίδας
817 2253 873 2284 τοῖς
887 2253 937 2287 τῆς
962 2253 1121 2286 Βαϐυλῶνος
1151 2255 1222 2282 κατὰ
1249 2255 1362 2289 καιροὺς
1380 2255 1627 2290 ἡγουμένοις.Ἀλλ’
1659 2255 1770 2290 ὤνησαν
1792 2256 1840 2292 μὲν

215 2297 250 2323 τὰ
269 2296 357 2323 τοιάδε
379 2297 547 2332 γεγραφότες
566 2297 703 2330 παντελῶς
727 2298 812 2326 οὐδέν.
829 2299 1002 2334 Παρεκάλουν
1021 2300 1049 2326 δέ
1064 2309 1136 2332 τινες
1159 2301 1214 2327 τῶν
1237 2302 1266 2328 ἐν
1289 2301 1442 2336 Σαμαρείᾳ,
1473 2300 1526 2326 τῶν
1542 2301 1574 2326 ἐκ
1592 2301 1753 2334 Βαϐυλῶνος
1778 2310 1840 2336 μετ-

215 2342 388 2370 οικισθέντων
402 2343 615 2378 συνεργάζεσθαι
629 2352 669 2376 τε,
683 2344 730 2370 καὶ
759 2345 958 2380 οηιινοικοδομεῖν
986 2345 1088 2378 αὐτοῖς.
1103 2346 1136 2372 Οἱ
1150 2346 1178 2372 δὲ
1198 2346 1248 2373 οὐκ
1263 2346 1369 2382 ἧθελον,
1386 2347 1433 2373 καὶ
1454 2346 1555 2382 ταύτης
1569 2346 1650 2372 ἕνεκα
1665 2347 1715 2382 τῆς
1751 2346 1841 2380 αἰτίας

216 2389 388 2425 κεκμήκασιν
411 2389 441 2416 οὐ
468 2389 602 2424 μετρίως,
626 2391 687 2422 ταῖς
711 2390 822 2417 ἐκείνων
846 2390 1002 2423 ἐπιϐουλαῖς
1019 2391 1222 2425 ἁντεξάγοντες.

251 2435 300 2462 Est
323 2442 406 2470 porro
428 2435 499 2470 apud
517 2434 631 2462 Esdram
657 2435 684 2462 in
710 2436 782 2464 hunc
801 2436 908 2464 modum
922 2445 930 2464 :
944 2445 954 2462 ‹
970 2436 1000 2464 ΕΙ

1089 2437 1247 2473 Γέγραπται
1274 2437 1302 2464 δὲ
1335 2436 1422 2469 οὕτως
1459 2437 1488 2464 ἐν
1525 2435 1564 2471 τῷ
1595 2436 1700 2472 Ἐσδρᾳ
1740 2436 1838 2463 πάλιν·

216 2481 360 2508 audierunt
392 2480 553 2508 tribulantes
573 2480 668 2508 ludam
698 2486 725 2509 et
749 2481 902 2517 Bcnjamin,
927 2482 999 2517 quod

1052 2491 1062 2508 ι
1079 2483 1134 2510 Καὶ
1155 2483 1274 2518 ἥκουσαν
1299 2483 1323 2509 οἱ
1339 2482 1476 2515 θλίϐοντες
1498 2481 1609 2513 Ἰούδαν,
1624 2482 1672 2508 καὶ
1698 2481 1839 2517 Βενιαμὶν,

216 2525 264 2553 ﬁlii
281 2525 527 2562 transmigrationis
540 2526 676 2554 aediﬁcant
689 2527 800 2555 domum
814 2529 927 2556 Domino
942 2528 999 2556 Deo

1051 2527 1090 2554 ὃτι
1119 2528 1143 2554 οι
1166 2528 1219 2554 υίοὶ
1244 2527 1294 2563 τῆς
1323 2527 1452 2560 ἀποικίας
1478 2527 1665 2562 οίκοδομοῦσιν
1695 2525 1773 2553 οἷκον
1801 2526 1839 2562 τῷ

216 2571 310 2599 Israel.
331 2571 364 2598 Et
375 2576 549 2599 accesserunt
564 2571 597 2599 ad
612 2572 804 2601 Zorobabelem
821 2578 849 2601 et
862 2574 998 2609 principes

1051 2573 1143 2609 Κυρίῳ
1164 2573 1223 2609 Θεῷ
1234 2573 1357 2610 Ἰσραήλ’
1375 2573 1422 2600 καὶ
1444 2574 1560 2609 ἦγγισαν
1585 2573 1654 2608 πρὸς
1675 2571 1837 2608 Ζοροϐάϐελ,

216 2617 394 2649 familiarum,
408 2622 436 2645 et
447 2617 574 2646 dixerunt
585 2619 625 2646 eis
637 2627 645 2646 :
658 2617 836 2647 Ediﬁcemus
847 2619 997 2652 vobiscum,

1051 2618 1098 2645 καὶ
1114 2619 1181 2654 πρὸς
1195 2620 1258 2654 τοὺς
1270 2620 1402 2655 ἄρχοντας
1416 2619 1470 2646 τῶν
1482 2618 1612 2654 πατριῶν,
1629 2618 1676 2644 καὶ
1696 2614 1777 2644 εἷπον
1789 2617 1837 2643 αὑ-

215 2662 279 2698 quia
303 2663 375 2690 sicut
393 2670 441 2690 vos
462 2664 609 2698 quaerimus
630 2664 713 2692 Deum
738 2669 868 2698 vestrum,
893 2669 922 2693 et
944 2664 995 2700 ipsi

1051 2665 1101 2696 τοῖς
1111 2674 1117 2680 ·
1133 2665 1360 2701 Οἰκοδομήσωμεν
1372 2665 1433 2701 μεθ’
1449 2665 1536 2700 ὑμῶν,
1550 2665 1591 2691 ὁτι
1610 2664 1648 2696 ὡς
1664 2664 1746 2698 ὑμεῖς
1760 2663 1838 2697 ἐκζη-

215 2715 267 2735 nos
281 2707 466 2736 sacriﬁcamus
481 2715 497 2736 ο
518 2709 613 2737 diebus
632 2709 790 2743 Asaradam,
812 2710 883 2744 regis
897 2709 992 2742 Assur,

1051 2711 1146 2747 τοῦμεν
1161 2711 1207 2738 τὸν
1221 2711 1287 2739 Θεὸν
1302 2711 1388 2747 ὑμῶν,
1405 2711 1453 2738 καὶ
1474 2710 1548 2746 αὐτῷ
1569 2711 1650 2746 ἡμεῖς
1672 2709 1838 2743 Θυσιάζομεν

215 2752 260 2787 qui
278 2753 353 2781 dux'it
363 2761 414 2782 nos
431 2753 495 2782 huc.
510 2753 660 2782 Zorobabel
674 2758 764 2782 autem
776 2762 838 2782 cum
851 2754 997 2783 comitibus

1051 2756 1102 2782 ἀπὸ
1125 2756 1236 2792 ἡμερῶν
1248 2756 1401 2792 ’Δσαραδαν
1426 2756 1557 2792 βασιλέως
1568 2754 1686 2790 ’Δσσοὺρ
1699 2753 1749 2781 τοῦ
1762 2753 1835 2786 ἐνέγ-

249 2842 272 2860 ⁵⁷
289 2841 311 2870 ll
327 2842 404 2871 Esdr.
425 2850 465 2877 nt,
483 2843 581 2879 passim
596 2851 604 2876 ;
625 2841 645 2870 ιι
662 2842 740 2870 ΕειΙτ.
758 2849 794 2876 tv,
811 2842 854 2871 l7.
892 2842 915 2858 "
929 2841 960 2870 Ill
975 2841 1000 2869 Ea

1051 2862 1052 2868 η
1069 2850 1099 2874 ιι,
1118 2842 1161 2870 16.
