  <div class='ocr_page' id='page_1' title='image "/cluster/home/n/w/nwhite01/storage/ocr_20150623/71/njp.32101077772745/228.png"; bbox 0 0 1919 3041; ppageno 0'>
   <div class='ocr_carea' id='block_1_1' title="bbox 66 129 115 159">
    <p class='ocr_par' dir='ltr' id='par_1_1' title="bbox 66 129 115 159">
     <span class='ocr_line' id='line_1_1' title="bbox 66 129 115 159; baseline 0 0"><span class='ocrx_word' id='word_1_1' title='bbox 66 129 115 159; x_wconf 76' lang='lat'><strong>589</strong></span> 
     </span>
    </p>
   </div>
   <div class='ocr_carea' id='block_1_2' title="bbox 507 128 1226 159">
    <p class='ocr_par' dir='ltr' id='par_1_2' title="bbox 507 128 1226 159">
     <span class='ocr_line' id='line_1_2' title="bbox 507 128 1226 159; baseline -0.001 -1"><span class='ocrx_word' id='word_1_2' title='bbox 507 129 781 159; x_wconf 74' lang='lat' dir='ltr'><strong>COMMENTARIUS</strong></span> <span class='ocrx_word' id='word_1_3' title='bbox 801 129 835 158; x_wconf 83' lang='lat' dir='ltr'><strong>IN</strong></span> <span class='ocrx_word' id='word_1_4' title='bbox 855 128 986 158; x_wconf 76' lang='lat' dir='ltr'><strong>JOELEM</strong></span> <span class='ocrx_word' id='word_1_5' title='bbox 1005 128 1226 158; x_wconf 75' lang='lat' dir='ltr'><strong>PIlOPHETAM.</strong></span> 
     </span>
    </p>
   </div>
   <div class='ocr_carea' id='block_1_3' title="bbox 1642 134 1694 162">
    <p class='ocr_par' dir='ltr' id='par_1_3' title="bbox 1642 134 1694 162">
     <span class='ocr_line' id='line_1_3' title="bbox 1642 134 1694 162; baseline 0 0"><span class='ocrx_word' id='word_1_6' title='bbox 1642 134 1694 162; x_wconf 77' lang='lat'><strong>590</strong></span> 
     </span>
    </p>
   </div>
   <div class='ocr_carea' id='block_1_4' title="bbox 66 185 859 227">
    <p class='ocr_par' dir='ltr' id='par_1_4' title="bbox 66 185 856 227">
     <span class='ocr_line' id='line_1_4' title="bbox 66 185 856 227; baseline 0.003 -11"><span class='ocrx_word' id='word_1_7' title='bbox 66 198 158 221; x_wconf 80' lang='grc' dir='ltr'>χαντος</span> <span class='ocrx_word' id='word_1_8' title='bbox 184 189 260 224; x_wconf 79' lang='grc' dir='ltr'>ἡμᾶς</span> <span class='ocrx_word' id='word_1_9' title='bbox 284 185 347 217; x_wconf 80' lang='grc' dir='ltr'>ὧδε.</span> <span class='ocrx_word' id='word_1_10' title='bbox 363 189 395 216; x_wconf 83' lang='lat' dir='ltr'><strong>Ol.</strong></span> <span class='ocrx_word' id='word_1_11' title='bbox 416 189 444 217; x_wconf 81' lang='grc' dir='ltr'>δὲ</span> <span class='ocrx_word' id='word_1_12' title='bbox 461 191 526 226; x_wconf 83' lang='grc' dir='ltr'>περὶ</span> <span class='ocrx_word' id='word_1_13' title='bbox 540 191 586 218; x_wconf 83' lang='grc' dir='ltr'>τὸν</span> <span class='ocrx_word' id='word_1_14' title='bbox 602 191 755 227; x_wconf 84' lang='grc' dir='ltr'>Ζοροϐάϐελ</span> <span class='ocrx_word' id='word_1_15' title='bbox 771 188 856 219; x_wconf 78' lang='grc' dir='ltr'>εἷπον·</span> 
     </span>
    </p>
   </div>
   <div class='ocr_carea' id='block_1_5' title="bbox 910 185 1697 227">
    <p class='ocr_par' dir='ltr' id='par_1_5' title="bbox 912 190 1697 226">
     <span class='ocr_line' id='line_1_5' title="bbox 912 190 1697 226; baseline 0.003 -8"><span class='ocrx_word' id='word_1_16' title='bbox 912 191 968 218; x_wconf 84' lang='lat' dir='ltr'>suis</span> <span class='ocrx_word' id='word_1_17' title='bbox 988 191 1147 226; x_wconf 90' lang='lat' dir='ltr'><strong>respondit:</strong></span> <span class='ocrx_word' id='word_1_18' title='bbox 1164 190 1222 219; x_wconf 83' lang='lat' dir='ltr'><strong>Non</strong></span> <span class='ocrx_word' id='word_1_19' title='bbox 1239 190 1315 220; x_wconf 86' lang='lat' dir='ltr'><strong>vobis</strong></span> <span class='ocrx_word' id='word_1_20' title='bbox 1330 197 1357 219; x_wconf 89' lang='lat' dir='ltr'><strong>et</strong></span> <span class='ocrx_word' id='word_1_21' title='bbox 1378 190 1466 224; x_wconf 85' lang='lat' dir='ltr'><strong>nobis,</strong></span> <span class='ocrx_word' id='word_1_22' title='bbox 1485 196 1511 218; x_wconf 89' lang='lat' dir='ltr'><strong>ut</strong></span> <span class='ocrx_word' id='word_1_23' title='bbox 1531 190 1697 220; x_wconf 82' lang='lat' dir='ltr'><strong>aediﬁcemus</strong></span> 
     </span>
    </p>
   </div>
   <div class='ocr_carea' id='block_1_6' title="bbox 66 234 859 273">
    <p class='ocr_par' dir='ltr' id='par_1_6' title="bbox 66 234 859 273">
     <span class='ocr_line' id='line_1_6' title="bbox 66 234 859 273; baseline 0.004 -11"><span class='ocrx_word' id='word_1_24' title='bbox 66 235 121 269; x_wconf 77' lang='grc' dir='ltr'>Οὐχ</span> <span class='ocrx_word' id='word_1_25' title='bbox 140 234 206 269; x_wconf 83' lang='grc' dir='ltr'>ὑμῖν</span> <span class='ocrx_word' id='word_1_26' title='bbox 221 235 270 262; x_wconf 72' lang='grc' dir='ltr'>καὶ</span> <span class='ocrx_word' id='word_1_27' title='bbox 295 236 363 271; x_wconf 87' lang='grc' dir='ltr'>ἡμῖν</span> <span class='ocrx_word' id='word_1_28' title='bbox 387 235 434 262; x_wconf 87' lang='grc' dir='ltr'><strong>τοῦ</strong></span> <span class='ocrx_word' id='word_1_29' title='bbox 451 236 628 272; x_wconf 80' lang='grc' dir='ltr'>οἰκοδομῆσαι</span> <span class='ocrx_word' id='word_1_30' title='bbox 641 235 715 264; x_wconf 80' lang='grc' dir='ltr'>οἷκον</span> <span class='ocrx_word' id='word_1_31' title='bbox 739 237 778 273; x_wconf 86' lang='grc' dir='ltr'>τῷ</span> <span class='ocrx_word' id='word_1_32' title='bbox 800 237 859 273; x_wconf 87' lang='grc' dir='ltr'><strong>Θεῷ</strong></span> 
     </span>
    </p>
   </div>
   <div class='ocr_carea' id='block_1_7' title="bbox 65 281 859 320">
    <p class='ocr_par' dir='ltr' id='par_1_7' title="bbox 65 281 859 320">
     <span class='ocr_line' id='line_1_7' title="bbox 65 281 859 320; baseline 0.005 -13"><span class='ocrx_word' id='word_1_33' title='bbox 65 281 152 316; x_wconf 74' lang='grc' dir='ltr'>ἡμῶν,</span> <span class='ocrx_word' id='word_1_34' title='bbox 169 282 211 308; x_wconf 83' lang='grc' dir='ltr'>ὃτι</span> <span class='ocrx_word' id='word_1_35' title='bbox 233 282 317 317; x_wconf 81' lang='grc' dir='ltr'><strong>ἡμεῖς</strong></span> <span class='ocrx_word' id='word_1_36' title='bbox 337 282 415 309; x_wconf 80' lang='grc' dir='ltr'>αὐτοὶ</span> <span class='ocrx_word' id='word_1_37' title='bbox 435 283 482 309; x_wconf 74' lang='grc' dir='ltr'><strong>ἐπὶ</strong></span> <span class='ocrx_word' id='word_1_38' title='bbox 505 282 535 309; x_wconf 85' lang='grc' dir='ltr'><strong>τὺ</strong></span> <span class='ocrx_word' id='word_1_39' title='bbox 558 283 625 310; x_wconf 82' lang='grc' dir='ltr'>αὐτὸ</span> <span class='ocrx_word' id='word_1_40' title='bbox 646 283 859 320; x_wconf 74' lang='grc' dir='ltr'><strong>οἰκοδομήσομεν</strong></span> 
     </span>
    </p>
   </div>
   <div class='ocr_carea' id='block_1_8' title="bbox 66 326 859 365">
    <p class='ocr_par' dir='ltr' id='par_1_8' title="bbox 66 326 859 365">
     <span class='ocr_line' id='line_1_8' title="bbox 66 326 859 365; baseline 0.006 -13"><span class='ocrx_word' id='word_1_41' title='bbox 66 326 160 362; x_wconf 77' lang='grc' dir='ltr'>Κυρίῳ</span> <span class='ocrx_word' id='word_1_42' title='bbox 184 326 226 363; x_wconf 82' lang='grc' dir='ltr'>τῷ</span> <span class='ocrx_word' id='word_1_43' title='bbox 246 327 306 363; x_wconf 87' lang='grc' dir='ltr'><strong>Θεῷ</strong></span> <span class='ocrx_word' id='word_1_44' title='bbox 330 329 419 364; x_wconf 82' lang='grc' dir='ltr'>ἡμῶν,</span> <span class='ocrx_word' id='word_1_45' title='bbox 435 328 473 360; x_wconf 84' lang='grc' dir='ltr'>ὡς</span> <span class='ocrx_word' id='word_1_46' title='bbox 490 328 640 356; x_wconf 77' lang='grc' dir='ltr'>ἐνετείλατο</span> <span class='ocrx_word' id='word_1_47' title='bbox 655 330 720 365; x_wconf 82' lang='grc' dir='ltr'>ἡμῖν</span> <span class='ocrx_word' id='word_1_48' title='bbox 739 329 830 365; x_wconf 79' lang='grc' dir='ltr'>Κῦρος</span> <span class='ocrx_word' id='word_1_49' title='bbox 845 330 859 356; x_wconf 81' lang='grc' dir='ltr'>ὑ</span> 
     </span>
    </p>
   </div>
   <div class='ocr_carea' id='block_1_9' title="bbox 65 373 859 412">
    <p class='ocr_par' dir='ltr' id='par_1_9' title="bbox 65 373 859 412">
     <span class='ocr_line' id='line_1_9' title="bbox 65 373 859 412; baseline 0.004 -13"><span class='ocrx_word' id='word_1_50' title='bbox 65 373 192 407; x_wconf 75' lang='grc' dir='ltr'>βασιλεὺς</span> <span class='ocrx_word' id='word_1_51' title='bbox 207 374 332 410; x_wconf 81' lang='grc' dir='ltr'>Περσῶν.</span> <span class='ocrx_word' id='word_1_52' title='bbox 348 375 404 401; x_wconf 79' lang='grc' dir='ltr'><strong>Καὶ</strong></span> <span class='ocrx_word' id='word_1_53' title='bbox 417 373 452 412; x_wconf 82' lang='grc' dir='ltr'>ᾖν</span> <span class='ocrx_word' id='word_1_54' title='bbox 465 376 479 401; x_wconf 86' lang='grc' dir='ltr'>ὁ</span> <span class='ocrx_word' id='word_1_55' title='bbox 493 375 557 406; x_wconf 85' lang='grc' dir='ltr'>λαὺς</span> <span class='ocrx_word' id='word_1_56' title='bbox 567 375 618 410; x_wconf 84' lang='grc' dir='ltr'>τῆς</span> <span class='ocrx_word' id='word_1_57' title='bbox 633 375 684 411; x_wconf 80' lang='grc' dir='ltr'><strong>γῆς</strong></span> <span class='ocrx_word' id='word_1_58' title='bbox 694 375 799 403; x_wconf 74' lang='grc' dir='ltr'>ἐκλύων</span> <span class='ocrx_word' id='word_1_59' title='bbox 809 375 859 407; x_wconf 81' lang='grc' dir='ltr'><strong>τὰς</strong></span> 
     </span>
    </p>
   </div>
   <div class='ocr_carea' id='block_1_10' title="bbox 65 419 858 454">
    <p class='ocr_par' dir='ltr' id='par_1_10' title="bbox 65 419 858 454">
     <span class='ocr_line' id='line_1_10' title="bbox 65 419 858 454; baseline 0.003 -10"><span class='ocrx_word' id='word_1_60' title='bbox 65 419 159 454; x_wconf 82' lang='grc' dir='ltr'>χεῖρας</span> <span class='ocrx_word' id='word_1_61' title='bbox 182 419 231 445; x_wconf 78' lang='grc' dir='ltr'><strong>τοῦ</strong></span> <span class='ocrx_word' id='word_1_62' title='bbox 255 419 320 446; x_wconf 85' lang='grc' dir='ltr'>λαοῦ</span> <span class='ocrx_word' id='word_1_63' title='bbox 332 419 428 451; x_wconf 83' lang='grc' dir='ltr'>Ἰούδα,</span> <span class='ocrx_word' id='word_1_64' title='bbox 445 420 493 447; x_wconf 81' lang='grc' dir='ltr'>καὶ</span> <span class='ocrx_word' id='word_1_65' title='bbox 515 419 669 451; x_wconf 77' lang='grc' dir='ltr'><strong>ἐνεπόδιζον</strong></span> <span class='ocrx_word' id='word_1_66' title='bbox 691 420 788 451; x_wconf 81' lang='grc' dir='ltr'>αὐτοὺς</span> <span class='ocrx_word' id='word_1_67' title='bbox 811 419 858 446; x_wconf 81' lang='grc' dir='ltr'><strong>τοῦ</strong></span> 
     </span>
    </p>
   </div>
   <div class='ocr_carea' id='block_1_11' title="bbox 65 464 859 500">
    <p class='ocr_par' dir='ltr' id='par_1_11' title="bbox 65 464 859 500">
     <span class='ocr_line' id='line_1_11' title="bbox 65 464 859 500; baseline 0.003 -10"><span class='ocrx_word' id='word_1_68' title='bbox 65 464 227 498; x_wconf 76' lang='grc' dir='ltr'><strong>οἰκοδομεῖν,</strong></span> <span class='ocrx_word' id='word_1_69' title='bbox 243 465 292 491; x_wconf 81' lang='grc' dir='ltr'>καὶ</span> <span class='ocrx_word' id='word_1_70' title='bbox 307 464 483 500; x_wconf 82' lang='grc' dir='ltr'>μισθούμενοι</span> <span class='ocrx_word' id='word_1_71' title='bbox 504 466 548 491; x_wconf 76' lang='grc' dir='ltr'><strong>ἐπ’</strong></span> <span class='ocrx_word' id='word_1_72' title='bbox 561 465 670 498; x_wconf 84' lang='grc' dir='ltr'>αὐτοὺς,</span> <span class='ocrx_word' id='word_1_73' title='bbox 685 465 859 492; x_wconf 77' lang='grc' dir='ltr'>ἐϐουλεύοντο</span> 
     </span>
    </p>
   </div>
   <div class='ocr_carea' id='block_1_12' title="bbox 64 510 858 546">
    <p class='ocr_par' dir='ltr' id='par_1_12' title="bbox 64 510 858 546">
     <span class='ocr_line' id='line_1_12' title="bbox 64 510 858 546; baseline 0.001 -10"><span class='ocrx_word' id='word_1_74' title='bbox 64 510 110 537; x_wconf 87' lang='grc' dir='ltr'><strong>τοῦ</strong></span> <span class='ocrx_word' id='word_1_75' title='bbox 131 510 310 538; x_wconf 79' lang='grc' dir='ltr'><strong>διασκεδάσαι</strong></span> <span class='ocrx_word' id='word_1_76' title='bbox 335 510 433 546; x_wconf 81' lang='grc' dir='ltr'>βουλὴν</span> <span class='ocrx_word' id='word_1_77' title='bbox 454 510 555 537; x_wconf 88' lang='grc' dir='ltr'>αὐτῶν.</span> <span class='ocrx_word' id='word_1_78' title='bbox 571 520 580 536; x_wconf 70' lang='grc' dir='ltr'><strong>ι</strong></span> <span class='ocrx_word' id='word_1_79' title='bbox 597 510 667 537; x_wconf 79' lang='grc' dir='ltr'>Ἀλλ’</span> <span class='ocrx_word' id='word_1_80' title='bbox 680 510 858 537; x_wconf 73' lang='grc' dir='ltr'>ἐπεϐούλευον</span> 
     </span>
    </p>
   </div>
   <div class='ocr_carea' id='block_1_13' title="bbox 67 555 858 592">
    <p class='ocr_par' dir='ltr' id='par_1_13' title="bbox 67 555 858 592">
     <span class='ocr_line' id='line_1_13' title="bbox 67 555 858 592; baseline 0.001 -9"><span class='ocrx_word' id='word_1_81' title='bbox 67 556 126 592; x_wconf 86' lang='grc' dir='ltr'>μὲν,</span> <span class='ocrx_word' id='word_1_82' title='bbox 147 557 292 592; x_wconf 77' lang='grc' dir='ltr'><strong>ἄπρακτος</strong></span> <span class='ocrx_word' id='word_1_83' title='bbox 307 556 336 583; x_wconf 88' lang='grc' dir='ltr'>δὲ</span> <span class='ocrx_word' id='word_1_84' title='bbox 354 556 402 584; x_wconf 76' lang='grc' dir='ltr'>καὶ</span> <span class='ocrx_word' id='word_1_85' title='bbox 418 556 522 588; x_wconf 78' lang='grc' dir='ltr'><strong>τούτοις</strong></span> <span class='ocrx_word' id='word_1_86' title='bbox 535 558 551 592; x_wconf 83' lang='grc' dir='ltr'><strong>ἡ</strong></span> <span class='ocrx_word' id='word_1_87' title='bbox 568 557 738 592; x_wconf 77' lang='grc' dir='ltr'><strong>ἐπιχείρησις</strong></span> <span class='ocrx_word' id='word_1_88' title='bbox 750 555 858 592; x_wconf 84' lang='grc' dir='ltr'>ἦν.”οτι</span> 
     </span>
    </p>
   </div>
   <div class='ocr_carea' id='block_1_14' title="bbox 65 602 858 639">
    <p class='ocr_par' dir='ltr' id='par_1_14' title="bbox 65 602 858 639">
     <span class='ocr_line' id='line_1_14' title="bbox 65 602 858 639; baseline 0.001 -10"><span class='ocrx_word' id='word_1_89' title='bbox 65 603 90 629; x_wconf 83' lang='grc' dir='ltr'>δὲ</span> <span class='ocrx_word' id='word_1_90' title='bbox 104 603 155 638; x_wconf 85' lang='grc' dir='ltr'>τῆς</span> <span class='ocrx_word' id='word_1_91' title='bbox 172 603 304 638; x_wconf 75' lang='grc' dir='ltr'><strong>λαθραίου</strong></span> <span class='ocrx_word' id='word_1_92' title='bbox 319 602 410 629; x_wconf 83' lang='grc' dir='ltr'>λοιπὸν</span> <span class='ocrx_word' id='word_1_93' title='bbox 426 602 574 639; x_wconf 83' lang='grc' dir='ltr'>άτονούσης</span> <span class='ocrx_word' id='word_1_94' title='bbox 590 602 737 638; x_wconf 74' lang='grc' dir='ltr'>ἐπιϐουλῆς</span> <span class='ocrx_word' id='word_1_95' title='bbox 750 603 796 629; x_wconf 82' lang='grc' dir='ltr'>τὸν</span> <span class='ocrx_word' id='word_1_96' title='bbox 809 612 858 630; x_wconf 88' lang='grc' dir='ltr'>πο-</span> 
     </span>
    </p>
   </div>
   <div class='ocr_carea' id='block_1_15' title="bbox 65 648 859 685">
    <p class='ocr_par' dir='ltr' id='par_1_15' title="bbox 65 648 859 685">
     <span class='ocr_line' id='line_1_15' title="bbox 65 648 859 685; baseline 0.001 -11"><span class='ocrx_word' id='word_1_97' title='bbox 65 649 147 683; x_wconf 82' lang='grc' dir='ltr'>λέμου</span> <span class='ocrx_word' id='word_1_98' title='bbox 163 649 248 683; x_wconf 90' lang='grc' dir='ltr'>νόμον</span> <span class='ocrx_word' id='word_1_99' title='bbox 261 648 346 684; x_wconf 79' lang='grc' dir='ltr'>ᾔεσαν</span> <span class='ocrx_word' id='word_1_100' title='bbox 360 649 568 684; x_wconf 81' lang='grc' dir='ltr'><strong>στρατευόμενοι</strong></span> <span class='ocrx_word' id='word_1_101' title='bbox 579 649 679 681; x_wconf 83' lang='grc' dir='ltr'>πάντες</span> <span class='ocrx_word' id='word_1_102' title='bbox 689 650 713 675; x_wconf 78' lang='grc' dir='ltr'>οἱ</span> <span class='ocrx_word' id='word_1_103' title='bbox 726 649 859 685; x_wconf 80' lang='grc' dir='ltr'>περίοικοι</span> 
     </span>
    </p>
   </div>
   <div class='ocr_carea' id='block_1_16' title="bbox 66 693 858 729">
    <p class='ocr_par' dir='ltr' id='par_1_16' title="bbox 66 693 858 729">
     <span class='ocr_line' id='line_1_16' title="bbox 66 693 858 729; baseline 0.001 -9"><span class='ocrx_word' id='word_1_104' title='bbox 66 694 118 720; x_wconf 82' lang='grc' dir='ltr'>τῶν</span> <span class='ocrx_word' id='word_1_105' title='bbox 142 694 240 726; x_wconf 84' lang='grc' dir='ltr'>ὲθνῶν,</span> <span class='ocrx_word' id='word_1_106' title='bbox 263 693 372 729; x_wconf 84' lang='grc' dir='ltr'>ἦλωσάν</span> <span class='ocrx_word' id='word_1_107' title='bbox 392 702 434 725; x_wconf 86' lang='grc' dir='ltr'><strong>τε,</strong></span> <span class='ocrx_word' id='word_1_108' title='bbox 451 695 499 721; x_wconf 77' lang='grc' dir='ltr'>καὶ</span> <span class='ocrx_word' id='word_1_109' title='bbox 524 694 696 727; x_wconf 84' lang='grc' dir='ltr'>πεπτώκασι,</span> <span class='ocrx_word' id='word_1_110' title='bbox 710 695 858 721; x_wconf 82' lang='grc' dir='ltr'>κάντεῦθεν</span> 
     </span>
    </p>
   </div>
   <div class='ocr_carea' id='block_1_17' title="bbox 67 737 859 777">
    <p class='ocr_par' dir='ltr' id='par_1_17' title="bbox 67 737 859 777">
     <span class='ocr_line' id='line_1_17' title="bbox 67 737 859 777; baseline 0 -10"><span class='ocrx_word' id='word_1_111' title='bbox 67 740 97 767; x_wconf 73' lang='lat' dir='ltr'><strong>iv</strong></span> <span class='ocrx_word' id='word_1_112' title='bbox 111 739 220 775; x_wconf 81' lang='grc' dir='ltr'>μάθοις.</span> <span class='ocrx_word' id='word_1_113' title='bbox 232 741 337 776; x_wconf 82' lang='grc' dir='ltr'>Γράφει</span> <span class='ocrx_word' id='word_1_114' title='bbox 351 741 404 776; x_wconf 89' lang='grc' dir='ltr'><strong>γὰρ</strong></span> <span class='ocrx_word' id='word_1_115' title='bbox 418 737 468 768; x_wconf 81' lang='grc' dir='ltr'>ὧδε</span> <span class='ocrx_word' id='word_1_116' title='bbox 483 740 564 768; x_wconf 84' lang='grc' dir='ltr'>πάλιν</span> <span class='ocrx_word' id='word_1_117' title='bbox 580 741 609 767; x_wconf 83' lang='grc' dir='ltr'>ὲν</span> <span class='ocrx_word' id='word_1_118' title='bbox 626 741 665 776; x_wconf 83' lang='grc' dir='ltr'>τῷ</span> <span class='ocrx_word' id='word_1_119' title='bbox 681 741 800 777; x_wconf 84' lang='grc' dir='ltr'>δευτέρῳ</span> <span class='ocrx_word' id='word_1_120' title='bbox 818 741 859 776; x_wconf 86' lang='grc' dir='ltr'><strong>βι-</strong></span> 
     </span>
    </p>
   </div>
   <div class='ocr_carea' id='block_1_18' title="bbox 66 787 858 823">
    <p class='ocr_par' dir='ltr' id='par_1_18' title="bbox 66 787 858 823">
     <span class='ocr_line' id='line_1_18' title="bbox 66 787 858 823; baseline 0.003 -10"><span class='ocrx_word' id='word_1_121' title='bbox 66 787 131 822; x_wconf 83' lang='grc' dir='ltr'>ϐλίῳ</span> <span class='ocrx_word' id='word_1_122' title='bbox 141 796 148 803; x_wconf 91' lang='grc'><strong>·</strong></span> <span class='ocrx_word' id='word_1_123' title='bbox 170 797 179 813; x_wconf 78' lang='grc' dir='ltr'><strong>ι</strong></span> <span class='ocrx_word' id='word_1_124' title='bbox 198 787 254 814; x_wconf 83' lang='grc' dir='ltr'><strong>Καὶ</strong></span> <span class='ocrx_word' id='word_1_125' title='bbox 271 787 379 822; x_wconf 76' lang='grc' dir='ltr'>ἐγένετο</span> <span class='ocrx_word' id='word_1_126' title='bbox 393 787 430 819; x_wconf 84' lang='grc' dir='ltr'>ὡς</span> <span class='ocrx_word' id='word_1_127' title='bbox 443 787 543 823; x_wconf 74' lang='grc' dir='ltr'>ἤκουσε</span> <span class='ocrx_word' id='word_1_128' title='bbox 557 787 726 819; x_wconf 75' lang='grc' dir='ltr'>Σαναϐαλὰτ,</span> <span class='ocrx_word' id='word_1_129' title='bbox 742 787 788 814; x_wconf 74' lang='grc' dir='ltr'>καὶ</span> <span class='ocrx_word' id='word_1_130' title='bbox 800 788 858 815; x_wconf 87' lang='grc' dir='ltr'><strong>Τω-</strong></span> 
     </span>
    </p>
   </div>
   <div class='ocr_carea' id='block_1_19' title="bbox 65 831 855 869">
    <p class='ocr_par' dir='ltr' id='par_1_19' title="bbox 65 831 855 869">
     <span class='ocr_line' id='line_1_19' title="bbox 65 831 855 869; baseline 0.001 -11"><span class='ocrx_word' id='word_1_131' title='bbox 65 831 136 866; x_wconf 85' lang='grc' dir='ltr'>ϐίας,</span> <span class='ocrx_word' id='word_1_132' title='bbox 150 833 199 859; x_wconf 80' lang='grc' dir='ltr'>καὶ</span> <span class='ocrx_word' id='word_1_133' title='bbox 221 833 246 860; x_wconf 86' lang='grc' dir='ltr'><strong>οἰ</strong></span> <span class='ocrx_word' id='word_1_134' title='bbox 259 833 388 868; x_wconf 72' lang='grc' dir='ltr'>Ἄραϐες,</span> <span class='ocrx_word' id='word_1_135' title='bbox 403 833 450 860; x_wconf 79' lang='grc' dir='ltr'>καὶ</span> <span class='ocrx_word' id='word_1_136' title='bbox 465 834 489 859; x_wconf 87' lang='grc' dir='ltr'><strong>οἰ</strong></span> <span class='ocrx_word' id='word_1_137' title='bbox 502 833 666 869; x_wconf 83' lang='grc' dir='ltr'>’Δμμανῖται</span> <span class='ocrx_word' id='word_1_138' title='bbox 679 834 720 861; x_wconf 81' lang='grc' dir='ltr'>ὃτι</span> <span class='ocrx_word' id='word_1_139' title='bbox 736 833 821 868; x_wconf 77' lang='grc' dir='ltr'>ἀνέϐη</span> <span class='ocrx_word' id='word_1_140' title='bbox 839 835 855 869; x_wconf 80' lang='grc' dir='ltr'>ἡ</span> 
     </span>
    </p>
   </div>
   <div class='ocr_carea' id='block_1_20' title="bbox 66 879 859 915">
    <p class='ocr_par' dir='ltr' id='par_1_20' title="bbox 66 879 859 915">
     <span class='ocr_line' id='line_1_20' title="bbox 66 879 859 915; baseline 0 -9"><span class='ocrx_word' id='word_1_141' title='bbox 66 879 119 915; x_wconf 55' lang='lat' dir='ltr'><strong>qui)</strong></span> <span class='ocrx_word' id='word_1_142' title='bbox 142 880 202 911; x_wconf 84' lang='grc' dir='ltr'>τοῖς</span> <span class='ocrx_word' id='word_1_143' title='bbox 217 879 335 915; x_wconf 78' lang='grc' dir='ltr'>τείχεσιν</span> <span class='ocrx_word' id='word_1_144' title='bbox 355 879 541 915; x_wconf 81' lang='grc' dir='ltr'>Ἰερουσαλὴμ,</span> <span class='ocrx_word' id='word_1_145' title='bbox 559 879 606 906; x_wconf 76' lang='grc' dir='ltr'>καὶ</span> <span class='ocrx_word' id='word_1_146' title='bbox 627 880 668 906; x_wconf 79' lang='grc' dir='ltr'>ὅτι</span> <span class='ocrx_word' id='word_1_147' title='bbox 691 880 809 915; x_wconf 75' lang='grc' dir='ltr'>ἤρξαντο</span> <span class='ocrx_word' id='word_1_148' title='bbox 831 881 859 906; x_wconf 85' lang='grc' dir='ltr'><strong>αί</strong></span> 
     </span>
    </p>
   </div>
   <div class='ocr_carea' id='block_1_21' title="bbox 65 925 860 961">
    <p class='ocr_par' dir='ltr' id='par_1_21' title="bbox 65 925 860 961">
     <span class='ocr_line' id='line_1_21' title="bbox 65 925 860 961; baseline 0.001 -10"><span class='ocrx_word' id='word_1_149' title='bbox 65 925 216 960; x_wconf 69' lang='grc' dir='ltr'>διασφάγα).</span> <span class='ocrx_word' id='word_1_150' title='bbox 229 925 464 961; x_wconf 80' lang='grc' dir='ltr'>ἀναφράσσεσθαι,</span> <span class='ocrx_word' id='word_1_151' title='bbox 476 925 524 952; x_wconf 77' lang='grc' dir='ltr'>καὶ</span> <span class='ocrx_word' id='word_1_152' title='bbox 538 925 656 961; x_wconf 82' lang='grc' dir='ltr'>πονηρὸν</span> <span class='ocrx_word' id='word_1_153' title='bbox 669 925 761 957; x_wconf 83' lang='grc' dir='ltr'>αὐτοῖς</span> <span class='ocrx_word' id='word_1_154' title='bbox 772 926 860 961; x_wconf 76' lang='grc' dir='ltr'>ἐφάνη</span> 
     </span>
    </p>
   </div>
   <div class='ocr_carea' id='block_1_22' title="bbox 67 971 860 1007">
    <p class='ocr_par' dir='ltr' id='par_1_22' title="bbox 67 971 860 1007">
     <span class='ocr_line' id='line_1_22' title="bbox 67 971 860 1007; baseline 0 -10"><span class='ocrx_word' id='word_1_155' title='bbox 67 971 180 1006; x_wconf 73' lang='grc' dir='ltr'>σφόδρα.</span> <span class='ocrx_word' id='word_1_156' title='bbox 194 971 252 998; x_wconf 81' lang='grc' dir='ltr'><strong>Καὶ</strong></span> <span class='ocrx_word' id='word_1_157' title='bbox 273 971 445 1007; x_wconf 81' lang='grc' dir='ltr'>συνήχθησαν</span> <span class='ocrx_word' id='word_1_158' title='bbox 465 971 568 1003; x_wconf 77' lang='grc' dir='ltr'>πάντες</span> <span class='ocrx_word' id='word_1_159' title='bbox 585 971 631 997; x_wconf 76' lang='grc' dir='ltr'>ἐπὶ</span> <span class='ocrx_word' id='word_1_160' title='bbox 654 971 685 998; x_wconf 79' lang='grc' dir='ltr'>τὸ</span> <span class='ocrx_word' id='word_1_161' title='bbox 707 971 773 998; x_wconf 79' lang='grc' dir='ltr'>αὐτὸ</span> <span class='ocrx_word' id='word_1_162' title='bbox 787 971 860 1003; x_wconf 74' lang='grc' dir='ltr'>ἐξελ-</span> 
     </span>
    </p>
   </div>
   <div class='ocr_carea' id='block_1_23' title="bbox 67 1017 861 1053">
    <p class='ocr_par' dir='ltr' id='par_1_23' title="bbox 67 1017 861 1053">
     <span class='ocr_line' id='line_1_23' title="bbox 67 1017 861 1053; baseline 0 -9"><span class='ocrx_word' id='word_1_163' title='bbox 67 1017 130 1049; x_wconf 80' lang='grc' dir='ltr'>θεῖν,</span> <span class='ocrx_word' id='word_1_164' title='bbox 153 1017 203 1044; x_wconf 80' lang='grc' dir='ltr'><strong>καὶ</strong></span> <span class='ocrx_word' id='word_1_165' title='bbox 226 1017 436 1053; x_wconf 80' lang='grc' dir='ltr'>παρατάξασθαι</span> <span class='ocrx_word' id='word_1_166' title='bbox 459 1018 488 1044; x_wconf 78' lang='grc' dir='ltr'>ὲν</span> <span class='ocrx_word' id='word_1_167' title='bbox 503 1017 691 1053; x_wconf 84' lang='grc' dir='ltr'>Ἰερουσαλήμ.</span> <span class='ocrx_word' id='word_1_168' title='bbox 716 1017 770 1044; x_wconf 81' lang='grc' dir='ltr'><strong>Καὶ</strong></span> <span class='ocrx_word' id='word_1_169' title='bbox 793 1017 861 1053; x_wconf 81' lang='grc' dir='ltr'>πρὸς</span> 
     </span>
    </p>
   </div>
   <div class='ocr_carea' id='block_1_24' title="bbox 66 1063 860 1100">
    <p class='ocr_par' dir='ltr' id='par_1_24' title="bbox 66 1063 860 1100">
     <span class='ocr_line' id='line_1_24' title="bbox 66 1063 860 1100; baseline 0 -10"><span class='ocrx_word' id='word_1_170' title='bbox 66 1063 168 1099; x_wconf 78' lang='grc' dir='ltr'>Κύριον</span> <span class='ocrx_word' id='word_1_171' title='bbox 191 1063 239 1090; x_wconf 79' lang='grc' dir='ltr'>τὸν</span> <span class='ocrx_word' id='word_1_172' title='bbox 262 1064 328 1090; x_wconf 81' lang='grc' dir='ltr'>Θεὸν</span> <span class='ocrx_word' id='word_1_173' title='bbox 348 1064 438 1099; x_wconf 81' lang='grc' dir='ltr'>ἡμῶν,</span> <span class='ocrx_word' id='word_1_174' title='bbox 462 1064 540 1100; x_wconf 75' lang='grc' dir='ltr'>φησὶ,</span> <span class='ocrx_word' id='word_1_175' title='bbox 563 1063 789 1099; x_wconf 83' lang='grc' dir='ltr'>προσηυξάμεθα,</span> <span class='ocrx_word' id='word_1_176' title='bbox 813 1063 860 1090; x_wconf 73' lang='grc' dir='ltr'>καὶ</span> 
     </span>
    </p>
   </div>
   <div class='ocr_carea' id='block_1_25' title="bbox 66 1110 861 1146">
    <p class='ocr_par' dir='ltr' id='par_1_25' title="bbox 66 1110 861 1146">
     <span class='ocr_line' id='line_1_25' title="bbox 66 1110 861 1146; baseline 0.003 -11"><span class='ocrx_word' id='word_1_177' title='bbox 66 1110 222 1145; x_wconf 78' lang='grc' dir='ltr'>ἐστήσαμεν</span> <span class='ocrx_word' id='word_1_178' title='bbox 244 1110 424 1145; x_wconf 79' lang='grc' dir='ltr'>προφύλακας</span> <span class='ocrx_word' id='word_1_179' title='bbox 443 1111 487 1137; x_wconf 77' lang='grc' dir='ltr'><strong>ἐπ’</strong></span> <span class='ocrx_word' id='word_1_180' title='bbox 502 1110 612 1143; x_wconf 83' lang='grc' dir='ltr'>αὐτοὺς,</span> <span class='ocrx_word' id='word_1_181' title='bbox 632 1111 740 1146; x_wconf 82' lang='grc' dir='ltr'>ἡμέρας</span> <span class='ocrx_word' id='word_1_182' title='bbox 753 1110 800 1137; x_wconf 80' lang='grc' dir='ltr'>καὶ</span> <span class='ocrx_word' id='word_1_183' title='bbox 815 1119 861 1137; x_wconf 91' lang='grc' dir='ltr'>νυ-</span> 
     </span>
    </p>
   </div>
   <div class='ocr_carea' id='block_1_26' title="bbox 66 1153 861 1189">
    <p class='ocr_par' dir='ltr' id='par_1_26' title="bbox 66 1153 861 1189">
     <span class='ocr_line' id='line_1_26' title="bbox 66 1153 861 1189; baseline 0 -8"><span class='ocrx_word' id='word_1_184' title='bbox 66 1154 127 1186; x_wconf 80' lang='grc' dir='ltr'>κτὸς</span> <span class='ocrx_word' id='word_1_185' title='bbox 140 1154 197 1181; x_wconf 79' lang='grc' dir='ltr'>ἀπὸ</span> <span class='ocrx_word' id='word_1_186' title='bbox 209 1154 356 1189; x_wconf 86' lang='grc' dir='ltr'>προσώπου</span> <span class='ocrx_word' id='word_1_187' title='bbox 373 1155 473 1182; x_wconf 84' lang='grc' dir='ltr'>αὐτῶν.</span> <span class='ocrx_word' id='word_1_188' title='bbox 489 1156 545 1182; x_wconf 69' lang='grc' dir='ltr'><strong>Καὶ</strong></span> <span class='ocrx_word' id='word_1_189' title='bbox 566 1153 642 1182; x_wconf 77' lang='grc' dir='ltr'>εἶπεν</span> <span class='ocrx_word' id='word_1_190' title='bbox 658 1155 775 1188; x_wconf 83' lang='grc' dir='ltr'>Ἰούδας·</span> <span class='ocrx_word' id='word_1_191' title='bbox 791 1156 861 1183; x_wconf 86' lang='grc' dir='ltr'>Συν-</span> 
     </span>
    </p>
   </div>
   <div class='ocr_carea' id='block_1_27' title="bbox 65 1199 861 1237">
    <p class='ocr_par' dir='ltr' id='par_1_27' title="bbox 65 1199 861 1237">
     <span class='ocr_line' id='line_1_27' title="bbox 65 1199 861 1237; baseline 0.004 -11"><span class='ocrx_word' id='word_1_192' title='bbox 65 1199 159 1235; x_wconf 83' lang='grc' dir='ltr'>ετρίϐη</span> <span class='ocrx_word' id='word_1_193' title='bbox 175 1201 193 1236; x_wconf 83' lang='grc' dir='ltr'>ὴ</span> <span class='ocrx_word' id='word_1_194' title='bbox 212 1201 290 1236; x_wconf 80' lang='grc' dir='ltr'>ἰσχὺς</span> <span class='ocrx_word' id='word_1_195' title='bbox 304 1201 358 1228; x_wconf 84' lang='grc' dir='ltr'><strong>τῶν</strong></span> <span class='ocrx_word' id='word_1_196' title='bbox 373 1201 488 1237; x_wconf 76' lang='grc' dir='ltr'>ἐχθρῶν,</span> <span class='ocrx_word' id='word_1_197' title='bbox 505 1202 553 1228; x_wconf 79' lang='grc' dir='ltr'>καὶ</span> <span class='ocrx_word' id='word_1_198' title='bbox 566 1201 644 1237; x_wconf 71' lang='grc' dir='ltr'>ὄχλος</span> <span class='ocrx_word' id='word_1_199' title='bbox 661 1201 753 1234; x_wconf 84' lang='grc' dir='ltr'>πολύς.</span> <span class='ocrx_word' id='word_1_200' title='bbox 769 1211 779 1228; x_wconf 74' lang='grc' dir='ltr'><strong>ι</strong></span> <span class='ocrx_word' id='word_1_201' title='bbox 805 1202 861 1229; x_wconf 77' lang='grc' dir='ltr'><strong>Καὶ</strong></span> 
     </span>
    </p>
   </div>
   <div class='ocr_carea' id='block_1_28' title="bbox 66 1246 860 1283">
    <p class='ocr_par' dir='ltr' id='par_1_28' title="bbox 66 1246 860 1283">
     <span class='ocr_line' id='line_1_28' title="bbox 66 1246 860 1283; baseline 0.003 -11"><span class='ocrx_word' id='word_1_202' title='bbox 66 1246 209 1281; x_wconf 80' lang='grc' dir='ltr'>σεσίγηται</span> <span class='ocrx_word' id='word_1_203' title='bbox 225 1246 275 1282; x_wconf 86' lang='grc' dir='ltr'>μὲν</span> <span class='ocrx_word' id='word_1_204' title='bbox 289 1247 318 1274; x_wconf 89' lang='grc' dir='ltr'>ὲν</span> <span class='ocrx_word' id='word_1_205' title='bbox 331 1247 436 1279; x_wconf 82' lang='grc' dir='ltr'>τούτοις</span> <span class='ocrx_word' id='word_1_206' title='bbox 453 1247 504 1282; x_wconf 85' lang='grc' dir='ltr'>τῆς</span> <span class='ocrx_word' id='word_1_207' title='bbox 515 1247 639 1279; x_wconf 85' lang='grc' dir='ltr'>κοιλάδος</span> <span class='ocrx_word' id='word_1_208' title='bbox 653 1248 669 1283; x_wconf 82' lang='grc' dir='ltr'><strong>ἡ</strong></span> <span class='ocrx_word' id='word_1_209' title='bbox 687 1248 792 1283; x_wconf 89' lang='grc' dir='ltr'>μνήμη.</span> <span class='ocrx_word' id='word_1_210' title='bbox 809 1246 860 1274; x_wconf 84' lang='grc' dir='ltr'>Φέ-</span> 
     </span>
    </p>
   </div>
   <div class='ocr_carea' id='block_1_29' title="bbox 66 1291 858 1329">
    <p class='ocr_par' dir='ltr' id='par_1_29' title="bbox 66 1291 858 1329">
     <span class='ocr_line' id='line_1_29' title="bbox 66 1291 858 1329; baseline 0.003 -11"><span class='ocrx_word' id='word_1_211' title='bbox 66 1300 105 1328; x_wconf 83' lang='grc' dir='ltr'><strong>ρει</strong></span> <span class='ocrx_word' id='word_1_212' title='bbox 118 1291 149 1318; x_wconf 76' lang='grc' dir='ltr'>δὲ</span> <span class='ocrx_word' id='word_1_213' title='bbox 162 1291 245 1319; x_wconf 86' lang='grc' dir='ltr'>τοῦτο</span> <span class='ocrx_word' id='word_1_214' title='bbox 262 1292 343 1320; x_wconf 85' lang='grc' dir='ltr'>πάλιν</span> <span class='ocrx_word' id='word_1_215' title='bbox 358 1294 398 1325; x_wconf 83' lang='grc' dir='ltr'>εἰς</span> <span class='ocrx_word' id='word_1_216' title='bbox 415 1294 571 1329; x_wconf 79' lang='grc' dir='ltr'>ἡμᾶςότῆς</span> <span class='ocrx_word' id='word_1_217' title='bbox 581 1293 756 1329; x_wconf 82' lang='grc' dir='ltr'>παραδόσεως</span> <span class='ocrx_word' id='word_1_218' title='bbox 769 1293 858 1328; x_wconf 82' lang='grc' dir='ltr'>λόγος.</span> 
     </span>
    </p>
   </div>
   <div class='ocr_carea' id='block_1_30' title="bbox 70 1337 861 1375">
    <p class='ocr_par' dir='ltr' id='par_1_30' title="bbox 70 1337 861 1375">
     <span class='ocr_line' id='line_1_30' title="bbox 70 1337 861 1375; baseline 0.005 -12"><span class='ocrx_word' id='word_1_219' title='bbox 70 1337 234 1372; x_wconf 77' lang='grc' dir='ltr'>’Λξιόχρεως</span> <span class='ocrx_word' id='word_1_220' title='bbox 254 1338 284 1365; x_wconf 85' lang='grc' dir='ltr'>δὲ</span> <span class='ocrx_word' id='word_1_221' title='bbox 306 1339 345 1371; x_wconf 85' lang='grc' dir='ltr'><strong>είς</strong></span> <span class='ocrx_word' id='word_1_222' title='bbox 372 1339 465 1367; x_wconf 89' lang='grc' dir='ltr'>πίστιν</span> <span class='ocrx_word' id='word_1_223' title='bbox 490 1340 507 1375; x_wconf 81' lang='grc' dir='ltr'>ἡ</span> <span class='ocrx_word' id='word_1_224' title='bbox 530 1340 684 1375; x_wconf 80' lang='grc' dir='ltr'>προφητεία</span> <span class='ocrx_word' id='word_1_225' title='bbox 709 1339 756 1367; x_wconf 78' lang='lat' dir='ltr'><strong>xal</strong></span> <span class='ocrx_word' id='word_1_226' title='bbox 779 1340 861 1367; x_wconf 82' lang='grc' dir='ltr'>αὑτὸν</span> 
     </span>
    </p>
   </div>
   <div class='ocr_carea' id='block_1_31' title="bbox 65 1383 861 1422">
    <p class='ocr_par' dir='ltr' id='par_1_31' title="bbox 65 1383 861 1422">
     <span class='ocr_line' id='line_1_31' title="bbox 65 1383 861 1422; baseline 0.005 -13"><span class='ocrx_word' id='word_1_227' title='bbox 65 1383 129 1418; x_wconf 76' lang='grc' dir='ltr'>ἡμῖν</span> <span class='ocrx_word' id='word_1_228' title='bbox 140 1383 188 1410; x_wconf 87' lang='grc' dir='ltr'><strong>τὺν</strong></span> <span class='ocrx_word' id='word_1_229' title='bbox 200 1383 248 1410; x_wconf 84' lang='grc' dir='ltr'><strong>τοῦ</strong></span> <span class='ocrx_word' id='word_1_230' title='bbox 259 1384 378 1420; x_wconf 90' lang='grc' dir='ltr'>πολέμου</span> <span class='ocrx_word' id='word_1_231' title='bbox 392 1386 481 1422; x_wconf 86' lang='grc' dir='ltr'>χῶρον</span> <span class='ocrx_word' id='word_1_232' title='bbox 497 1386 729 1421; x_wconf 76' lang='grc' dir='ltr'>κατονομάζουσα.</span> <span class='ocrx_word' id='word_1_233' title='bbox 738 1386 861 1422; x_wconf 80' lang='grc' dir='ltr'>Ταυτησὶ</span> 
     </span>
    </p>
   </div>
   <div class='ocr_carea' id='block_1_32' title="bbox 64 1430 861 1468">
    <p class='ocr_par' dir='ltr' id='par_1_32' title="bbox 64 1430 861 1468">
     <span class='ocr_line' id='line_1_32' title="bbox 64 1430 861 1468; baseline 0.006 -13"><span class='ocrx_word' id='word_1_234' title='bbox 64 1430 113 1464; x_wconf 84' lang='grc' dir='ltr'>τῆς</span> <span class='ocrx_word' id='word_1_235' title='bbox 136 1430 260 1465; x_wconf 79' lang='grc' dir='ltr'>ίστοριας</span> <span class='ocrx_word' id='word_1_236' title='bbox 291 1431 447 1467; x_wconf 87' lang='grc' dir='ltr'>μεμνῆσθαί</span> <span class='ocrx_word' id='word_1_237' title='bbox 470 1440 578 1468; x_wconf 85' lang='grc' dir='ltr'>φαμεν,</span> <span class='ocrx_word' id='word_1_238' title='bbox 604 1431 728 1465; x_wconf 78' lang='grc' dir='ltr'>συνάξειν</span> <span class='ocrx_word' id='word_1_239' title='bbox 747 1433 861 1468; x_wconf 84' lang='grc' dir='ltr'>λέγοντα</span> 
     </span>
    </p>
   </div>
   <div class='ocr_carea' id='block_1_33' title="bbox 66 1476 861 1515">
    <p class='ocr_par' dir='ltr' id='par_1_33' title="bbox 66 1476 861 1515">
     <span class='ocr_line' id='line_1_33' title="bbox 66 1476 861 1515; baseline 0.005 -13"><span class='ocrx_word' id='word_1_240' title='bbox 66 1476 153 1503; x_wconf 80' lang='grc' dir='ltr'>πάντα</span> <span class='ocrx_word' id='word_1_241' title='bbox 165 1476 202 1503; x_wconf 84' lang='grc' dir='ltr'><strong>τὰ</strong></span> <span class='ocrx_word' id='word_1_242' title='bbox 220 1476 287 1512; x_wconf 74' lang='grc' dir='ltr'>ἔθνη</span> <span class='ocrx_word' id='word_1_243' title='bbox 299 1478 340 1508; x_wconf 85' lang='grc' dir='ltr'><strong>εις</strong></span> <span class='ocrx_word' id='word_1_244' title='bbox 356 1478 407 1513; x_wconf 86' lang='grc' dir='ltr'>τὴν</span> <span class='ocrx_word' id='word_1_245' title='bbox 422 1478 534 1505; x_wconf 82' lang='grc' dir='ltr'>κοιλάδα</span> <span class='ocrx_word' id='word_1_246' title='bbox 548 1479 595 1506; x_wconf 88' lang='grc' dir='ltr'><strong>τοῦ</strong></span> <span class='ocrx_word' id='word_1_247' title='bbox 606 1478 752 1515; x_wconf 79' lang='grc' dir='ltr'>Ἰωσαφάτ.</span> <span class='ocrx_word' id='word_1_248' title='bbox 775 1479 861 1515; x_wconf 80' lang='grc' dir='ltr'>Δῆλον</span> 
     </span>
    </p>
   </div>
   <div class='ocr_carea' id='block_1_34' title="bbox 910 236 1698 273">
    <p class='ocr_par' dir='ltr' id='par_1_34' title="bbox 910 236 1698 273">
     <span class='ocr_line' id='line_1_34' title="bbox 910 236 1698 273; baseline 0.004 -10"><span class='ocrx_word' id='word_1_249' title='bbox 910 238 1019 264; x_wconf 90' lang='lat' dir='ltr'><strong>domum</strong></span> <span class='ocrx_word' id='word_1_250' title='bbox 1035 236 1090 264; x_wconf 91' lang='lat' dir='ltr'><strong>Deo</strong></span> <span class='ocrx_word' id='word_1_251' title='bbox 1105 241 1209 270; x_wconf 88' lang='lat' dir='ltr'><strong>nostro,</strong></span> <span class='ocrx_word' id='word_1_252' title='bbox 1226 238 1351 271; x_wconf 87' lang='lat' dir='ltr'><strong>quoniam</strong></span> <span class='ocrx_word' id='word_1_253' title='bbox 1365 244 1416 264; x_wconf 91' lang='lat' dir='ltr'><strong>nos</strong></span> <span class='ocrx_word' id='word_1_254' title='bbox 1433 237 1484 273; x_wconf 85' lang='lat' dir='ltr'><strong>ipsi</strong></span> <span class='ocrx_word' id='word_1_255' title='bbox 1505 237 1619 272; x_wconf 87' lang='lat' dir='ltr'><strong>idipsum</strong></span> <span class='ocrx_word' id='word_1_256' title='bbox 1633 238 1698 266; x_wconf 66' lang='lat' dir='ltr'><strong>redi-</strong></span> 
     </span>
    </p>
   </div>
   <div class='ocr_carea' id='block_1_35' title="bbox 910 282 1699 320">
    <p class='ocr_par' dir='ltr' id='par_1_35' title="bbox 910 282 1699 320">
     <span class='ocr_line' id='line_1_35' title="bbox 910 282 1699 320; baseline 0.004 -11"><span class='ocrx_word' id='word_1_257' title='bbox 910 282 1051 311; x_wconf 83' lang='lat' dir='ltr'><strong>ncabimns</strong></span> <span class='ocrx_word' id='word_1_258' title='bbox 1072 283 1186 311; x_wconf 89' lang='lat' dir='ltr'><strong>Domino</strong></span> <span class='ocrx_word' id='word_1_259' title='bbox 1208 284 1263 311; x_wconf 90' lang='lat' dir='ltr'><strong>Deo</strong></span> <span class='ocrx_word' id='word_1_260' title='bbox 1284 289 1387 318; x_wconf 89' lang='lat' dir='ltr'><strong>nostro,</strong></span> <span class='ocrx_word' id='word_1_261' title='bbox 1408 285 1478 312; x_wconf 87' lang='lat' dir='ltr'><strong>sicut</strong></span> <span class='ocrx_word' id='word_1_262' title='bbox 1500 285 1629 320; x_wconf 55' lang='lat' dir='ltr'><strong>praecepit</strong></span> <span class='ocrx_word' id='word_1_263' title='bbox 1651 292 1699 312; x_wconf 86' lang='lat' dir='ltr'><strong>no-</strong></span> 
     </span>
    </p>
   </div>
   <div class='ocr_carea' id='block_1_36' title="bbox 908 328 1699 366">
    <p class='ocr_par' dir='ltr' id='par_1_36' title="bbox 908 328 1699 366">
     <span class='ocr_line' id='line_1_36' title="bbox 908 328 1699 366; baseline 0.003 -10"><span class='ocrx_word' id='word_1_264' title='bbox 908 329 951 357; x_wconf 84' lang='lat' dir='ltr'><strong>bis</strong></span> <span class='ocrx_word' id='word_1_265' title='bbox 973 328 1061 363; x_wconf 83' lang='lat' dir='ltr'><strong>Cyrus</strong></span> <span class='ocrx_word' id='word_1_266' title='bbox 1079 336 1126 357; x_wconf 80' lang='lat' dir='ltr'><strong>rex</strong></span> <span class='ocrx_word' id='word_1_267' title='bbox 1157 329 1311 358; x_wconf 84' lang='lat' dir='ltr'><strong>Persarum.</strong></span> <span class='ocrx_word' id='word_1_268' title='bbox 1341 331 1373 358; x_wconf 86' lang='lat' dir='ltr'><strong>Et</strong></span> <span class='ocrx_word' id='word_1_269' title='bbox 1395 330 1444 358; x_wconf 77' lang='lat' dir='ltr'><strong>fuit</strong></span> <span class='ocrx_word' id='word_1_270' title='bbox 1464 331 1581 366; x_wconf 89' lang='lat' dir='ltr'><strong>populus</strong></span> <span class='ocrx_word' id='word_1_271' title='bbox 1619 337 1699 359; x_wconf 66' lang='lat' dir='ltr'><strong>terra:</strong></span> 
     </span>
    </p>
   </div>
   <div class='ocr_carea' id='block_1_37' title="bbox 909 374 1698 411">
    <p class='ocr_par' dir='ltr' id='par_1_37' title="bbox 909 374 1698 411">
     <span class='ocr_line' id='line_1_37' title="bbox 909 374 1698 411; baseline 0.004 -10"><span class='ocrx_word' id='word_1_272' title='bbox 909 374 1059 402; x_wconf 88' lang='lat' dir='ltr'><strong>dissolvens</strong></span> <span class='ocrx_word' id='word_1_273' title='bbox 1081 382 1178 402; x_wconf 83' lang='lat' dir='ltr'><strong>manus</strong></span> <span class='ocrx_word' id='word_1_274' title='bbox 1190 375 1269 408; x_wconf 81' lang='lat' dir='ltr'><strong>Juda,</strong></span> <span class='ocrx_word' id='word_1_275' title='bbox 1286 380 1312 403; x_wconf 84' lang='lat' dir='ltr'><strong>et</strong></span> <span class='ocrx_word' id='word_1_276' title='bbox 1326 377 1508 411; x_wconf 78' lang='lat' dir='ltr'><strong>impediebant</strong></span> <span class='ocrx_word' id='word_1_277' title='bbox 1531 377 1595 411; x_wconf 87' lang='lat' dir='ltr'><strong>ipsis</strong></span> <span class='ocrx_word' id='word_1_278' title='bbox 1611 377 1698 404; x_wconf 67' lang='lat' dir='ltr'><strong>aedili—</strong></span> 
     </span>
    </p>
   </div>
   <div class='ocr_carea' id='block_1_38' title="bbox 909 420 1698 454">
    <p class='ocr_par' dir='ltr' id='par_1_38' title="bbox 909 420 1698 454">
     <span class='ocr_line' id='line_1_38' title="bbox 909 420 1698 454; baseline 0.004 -8"><span class='ocrx_word' id='word_1_279' title='bbox 909 420 1056 454; x_wconf 89' lang='lat' dir='ltr'><strong>cationem,</strong></span> <span class='ocrx_word' id='word_1_280' title='bbox 1071 423 1098 447; x_wconf 89' lang='lat' dir='ltr'><strong>et</strong></span> <span class='ocrx_word' id='word_1_281' title='bbox 1119 420 1453 449; x_wconf 82' lang='lat' dir='ltr'><strong>conducebantadversus</strong></span> <span class='ocrx_word' id='word_1_282' title='bbox 1473 428 1521 449; x_wconf 89' lang='lat' dir='ltr'><strong>eos</strong></span> <span class='ocrx_word' id='word_1_283' title='bbox 1543 421 1698 449; x_wconf 88' lang='lat' dir='ltr'><strong>consiliato-</strong></span> 
     </span>
    </p>
   </div>
   <div class='ocr_carea' id='block_1_39' title="bbox 909 466 1699 498">
    <p class='ocr_par' dir='ltr' id='par_1_39' title="bbox 909 466 1699 498">
     <span class='ocr_line' id='line_1_39' title="bbox 909 466 1699 498; baseline 0.004 -6"><span class='ocrx_word' id='word_1_284' title='bbox 909 473 963 498; x_wconf 85' lang='lat' dir='ltr'><strong>res,</strong></span> <span class='ocrx_word' id='word_1_285' title='bbox 989 471 1020 493; x_wconf 91' lang='lat' dir='ltr'><strong>ut</strong></span> <span class='ocrx_word' id='word_1_286' title='bbox 1043 466 1216 493; x_wconf 87' lang='lat' dir='ltr'><strong>destruerent</strong></span> <span class='ocrx_word' id='word_1_287' title='bbox 1234 466 1376 493; x_wconf 86' lang='lat' dir='ltr'><strong>consilium</strong></span> <span class='ocrx_word' id='word_1_288' title='bbox 1401 475 1495 494; x_wconf 90' lang='lat' dir='ltr'><strong>eorum</strong></span> <span class='ocrx_word' id='word_1_289' title='bbox 1507 468 1541 493; x_wconf 77' lang='grc'><strong>⁵⁹.</strong></span> <span class='ocrx_word' id='word_1_290' title='bbox 1556 476 1565 493; x_wconf 85' lang='grc'><strong>›</strong></span> <span class='ocrx_word' id='word_1_291' title='bbox 1584 468 1636 495; x_wconf 88' lang='lat' dir='ltr'><strong>Sed</strong></span> <span class='ocrx_word' id='word_1_292' title='bbox 1655 475 1699 495; x_wconf 86' lang='lat' dir='ltr'><strong>eo-</strong></span> 
     </span>
    </p>
   </div>
   <div class='ocr_carea' id='block_1_40' title="bbox 909 512 1695 542">
    <p class='ocr_par' dir='ltr' id='par_1_40' title="bbox 909 512 1695 542">
     <span class='ocr_line' id='line_1_40' title="bbox 909 512 1695 542; baseline 0.003 -2"><span class='ocrx_word' id='word_1_293' title='bbox 909 520 968 540; x_wconf 87' lang='lat' dir='ltr'><strong>rum</strong></span> <span class='ocrx_word' id='word_1_294' title='bbox 986 512 1091 540; x_wconf 74' lang='lat' dir='ltr'><strong>insidia:</strong></span> <span class='ocrx_word' id='word_1_295' title='bbox 1109 517 1136 540; x_wconf 89' lang='lat' dir='ltr'><strong>et</strong></span> <span class='ocrx_word' id='word_1_296' title='bbox 1161 512 1314 540; x_wconf 90' lang='lat' dir='ltr'><strong>molitiones</strong></span> <span class='ocrx_word' id='word_1_297' title='bbox 1335 513 1368 539; x_wconf 91' lang='lat' dir='ltr'><strong>ad</strong></span> <span class='ocrx_word' id='word_1_298' title='bbox 1391 514 1503 540; x_wconf 87' lang='lat' dir='ltr'><strong>nihilum</strong></span> <span class='ocrx_word' id='word_1_299' title='bbox 1528 514 1695 542; x_wconf 88' lang='lat' dir='ltr'><strong>reciderunt.</strong></span> 
     </span>
    </p>
   </div>
   <div class='ocr_carea' id='block_1_41' title="bbox 911 557 1697 593">
    <p class='ocr_par' dir='ltr' id='par_1_41' title="bbox 911 557 1697 593">
     <span class='ocr_line' id='line_1_41' title="bbox 911 557 1697 593; baseline 0.004 -9"><span class='ocrx_word' id='word_1_300' title='bbox 911 557 958 585; x_wconf 89' lang='lat' dir='ltr'><strong>Ubi</strong></span> <span class='ocrx_word' id='word_1_301' title='bbox 976 559 1145 593; x_wconf 76' lang='lat' dir='ltr'><strong>postmodum</strong></span> <span class='ocrx_word' id='word_1_302' title='bbox 1161 558 1270 586; x_wconf 88' lang='lat' dir='ltr'><strong>omissis</strong></span> <span class='ocrx_word' id='word_1_303' title='bbox 1289 557 1429 586; x_wconf 82' lang='lat' dir='ltr'><strong>fraudibus</strong></span> <span class='ocrx_word' id='word_1_304' title='bbox 1444 559 1618 587; x_wconf 79' lang='lat' dir='ltr'><strong>clandestinis</strong></span> <span class='ocrx_word' id='word_1_305' title='bbox 1630 579 1637 592; x_wconf 87' lang='lat'><strong>,</strong></span> <span class='ocrx_word' id='word_1_306' title='bbox 1654 561 1697 587; x_wconf 91' lang='lat' dir='ltr'><strong>vi-</strong></span> 
     </span>
    </p>
   </div>
   <div class='ocr_carea' id='block_1_42' title="bbox 909 604 1697 638">
    <p class='ocr_par' dir='ltr' id='par_1_42' title="bbox 909 604 1697 638">
     <span class='ocr_line' id='line_1_42' title="bbox 909 604 1697 638; baseline 0.005 -8"><span class='ocrx_word' id='word_1_307' title='bbox 909 604 977 630; x_wconf 64' lang='lat' dir='ltr'><strong>cinae</strong></span> <span class='ocrx_word' id='word_1_308' title='bbox 1006 608 1100 638; x_wconf 80' lang='lat' dir='ltr'><strong>gemes</strong></span> <span class='ocrx_word' id='word_1_309' title='bbox 1124 611 1220 632; x_wconf 89' lang='lat' dir='ltr'><strong>omnes</strong></span> <span class='ocrx_word' id='word_1_310' title='bbox 1254 604 1280 630; x_wconf 90' lang='lat' dir='ltr'><strong>in</strong></span> <span class='ocrx_word' id='word_1_311' title='bbox 1310 609 1430 638; x_wconf 85' lang='lat' dir='ltr'><strong>apertam</strong></span> <span class='ocrx_word' id='word_1_312' title='bbox 1456 605 1510 633; x_wconf 90' lang='lat' dir='ltr'><strong>vim</strong></span> <span class='ocrx_word' id='word_1_313' title='bbox 1536 612 1568 632; x_wconf 87' lang='lat' dir='ltr'><strong>ac</strong></span> <span class='ocrx_word' id='word_1_314' title='bbox 1597 607 1697 634; x_wconf 87' lang='lat' dir='ltr'><strong>bellum</strong></span> 
     </span>
    </p>
   </div>
   <div class='ocr_carea' id='block_1_43' title="bbox 908 649 1699 686">
    <p class='ocr_par' dir='ltr' id='par_1_43' title="bbox 908 649 1699 686">
     <span class='ocr_line' id='line_1_43' title="bbox 908 649 1699 686; baseline 0.001 -9"><span class='ocrx_word' id='word_1_315' title='bbox 908 654 1065 683; x_wconf 86' lang='lat' dir='ltr'><strong>eruperunt,</strong></span> <span class='ocrx_word' id='word_1_316' title='bbox 1081 657 1157 677; x_wconf 65' lang='lat' dir='ltr'><strong>caesa:</strong></span> <span class='ocrx_word' id='word_1_317' title='bbox 1173 649 1324 684; x_wconf 71' lang='lat' dir='ltr'><strong>fugata:qu</strong></span> <span class='ocrx_word' id='word_1_318' title='bbox 1337 654 1411 677; x_wconf 89' lang='lat' dir='ltr'><strong>sunt.</strong></span> <span class='ocrx_word' id='word_1_319' title='bbox 1424 649 1500 682; x_wconf 85' lang='lat' dir='ltr'><strong>Quod</strong></span> <span class='ocrx_word' id='word_1_320' title='bbox 1520 650 1580 678; x_wconf 86' lang='lat' dir='ltr'><strong>inde</strong></span> <span class='ocrx_word' id='word_1_321' title='bbox 1599 659 1699 686; x_wconf 73' lang='lat' dir='ltr'><strong>cogno-</strong></span> 
     </span>
    </p>
   </div>
   <div class='ocr_carea' id='block_1_44' title="bbox 908 695 1700 724">
    <p class='ocr_par' dir='ltr' id='par_1_44' title="bbox 908 695 1700 724">
     <span class='ocr_line' id='line_1_44' title="bbox 908 695 1700 724; baseline 0.003 -2"><span class='ocrx_word' id='word_1_322' title='bbox 908 703 980 723; x_wconf 79' lang='lat' dir='ltr'><strong>scas.</strong></span> <span class='ocrx_word' id='word_1_323' title='bbox 1012 695 1116 723; x_wconf 77' lang='lat' dir='ltr'><strong>Rursus</strong></span> <span class='ocrx_word' id='word_1_324' title='bbox 1142 696 1214 723; x_wconf 88' lang='lat' dir='ltr'><strong>enim</strong></span> <span class='ocrx_word' id='word_1_325' title='bbox 1246 695 1315 724; x_wconf 86' lang='lat' dir='ltr'><strong>libro</strong></span> <span class='ocrx_word' id='word_1_326' title='bbox 1338 696 1457 723; x_wconf 89' lang='lat' dir='ltr'><strong>secundo</strong></span> <span class='ocrx_word' id='word_1_327' title='bbox 1484 696 1524 723; x_wconf 84' lang='lat' dir='ltr'><strong>sic</strong></span> <span class='ocrx_word' id='word_1_328' title='bbox 1549 701 1591 724; x_wconf 90' lang='lat' dir='ltr'><strong>est</strong></span> <span class='ocrx_word' id='word_1_329' title='bbox 1612 705 1618 723; x_wconf 90' lang='lat'>:</span> <span class='ocrx_word' id='word_1_330' title='bbox 1639 706 1648 723; x_wconf 76' lang='grc' dir='ltr'><strong>ι</strong></span> <span class='ocrx_word' id='word_1_331' title='bbox 1666 697 1700 724; x_wconf 84' lang='grc' dir='ltr'>Ει</span> 
     </span>
    </p>
   </div>
   <div class='ocr_carea' id='block_1_45' title="bbox 909 741 1700 776">
    <p class='ocr_par' dir='ltr' id='par_1_45' title="bbox 909 741 1700 776">
     <span class='ocr_line' id='line_1_45' title="bbox 909 741 1700 776; baseline 0.003 -8"><span class='ocrx_word' id='word_1_332' title='bbox 909 741 1009 768; x_wconf 77' lang='lat' dir='ltr'><strong>factum</strong></span> <span class='ocrx_word' id='word_1_333' title='bbox 1032 745 1084 774; x_wconf 86' lang='lat' dir='ltr'><strong>est,</strong></span> <span class='ocrx_word' id='word_1_334' title='bbox 1103 748 1164 768; x_wconf 88' lang='lat' dir='ltr'><strong>cum</strong></span> <span class='ocrx_word' id='word_1_335' title='bbox 1187 741 1307 769; x_wconf 80' lang='lat' dir='ltr'><strong>audisset</strong></span> <span class='ocrx_word' id='word_1_336' title='bbox 1328 741 1489 774; x_wconf 76' lang='lat' dir='ltr'><strong>Sunabalal,</strong></span> <span class='ocrx_word' id='word_1_337' title='bbox 1508 741 1653 776; x_wconf 83' lang='lat' dir='ltr'><strong>etTobias,</strong></span> <span class='ocrx_word' id='word_1_338' title='bbox 1671 748 1700 770; x_wconf 91' lang='lat' dir='ltr'><strong>et</strong></span> 
     </span>
    </p>
   </div>
   <div class='ocr_carea' id='block_1_46' title="bbox 907 786 1701 822">
    <p class='ocr_par' dir='ltr' id='par_1_46' title="bbox 907 786 1701 822">
     <span class='ocr_line' id='line_1_46' title="bbox 907 786 1701 822; baseline 0.005 -10"><span class='ocrx_word' id='word_1_339' title='bbox 907 786 1023 818; x_wconf 81' lang='lat' dir='ltr'><strong>Arabes,</strong></span> <span class='ocrx_word' id='word_1_340' title='bbox 1046 790 1074 813; x_wconf 91' lang='lat' dir='ltr'><strong>et</strong></span> <span class='ocrx_word' id='word_1_341' title='bbox 1090 786 1233 819; x_wconf 73' lang='lat' dir='ltr'><strong>Amanitaz,</strong></span> <span class='ocrx_word' id='word_1_342' title='bbox 1253 787 1325 821; x_wconf 92' lang='lat' dir='ltr'><strong>quod</strong></span> <span class='ocrx_word' id='word_1_343' title='bbox 1342 787 1464 814; x_wconf 86' lang='lat' dir='ltr'><strong>ascendit</strong></span> <span class='ocrx_word' id='word_1_344' title='bbox 1483 795 1593 822; x_wconf 76' lang='lat' dir='ltr'><strong>germen</strong></span> <span class='ocrx_word' id='word_1_345' title='bbox 1614 788 1701 816; x_wconf 88' lang='lat' dir='ltr'><strong>muris</strong></span> 
     </span>
    </p>
   </div>
   <div class='ocr_carea' id='block_1_47' title="bbox 910 831 1700 867">
    <p class='ocr_par' dir='ltr' id='par_1_47' title="bbox 910 831 1700 867">
     <span class='ocr_line' id='line_1_47' title="bbox 910 831 1700 867; baseline 0.004 -8"><span class='ocrx_word' id='word_1_346' title='bbox 910 831 1073 865; x_wconf 81' lang='lat' dir='ltr'><strong>Jerusalem,</strong></span> <span class='ocrx_word' id='word_1_347' title='bbox 1090 832 1219 867; x_wconf 89' lang='lat' dir='ltr'><strong>quoniam</strong></span> <span class='ocrx_word' id='word_1_348' title='bbox 1241 832 1414 866; x_wconf 84' lang='lat' dir='ltr'><strong>ineoeperunt</strong></span> <span class='ocrx_word' id='word_1_349' title='bbox 1429 833 1572 861; x_wconf 83' lang='lat' dir='ltr'><strong>cicatrices</strong></span> <span class='ocrx_word' id='word_1_350' title='bbox 1589 834 1700 867; x_wconf 78' lang='lat' dir='ltr'><strong>obduci,</strong></span> 
     </span>
    </p>
   </div>
   <div class='ocr_carea' id='block_1_48' title="bbox 910 878 1699 916">
    <p class='ocr_par' dir='ltr' id='par_1_48' title="bbox 910 878 1699 916">
     <span class='ocr_line' id='line_1_48' title="bbox 910 878 1699 916; baseline 0.005 -12"><span class='ocrx_word' id='word_1_351' title='bbox 910 882 938 905; x_wconf 91' lang='lat' dir='ltr'><strong>et</strong></span> <span class='ocrx_word' id='word_1_352' title='bbox 958 878 1100 905; x_wconf 87' lang='lat' dir='ltr'><strong>molestum</strong></span> <span class='ocrx_word' id='word_1_353' title='bbox 1126 878 1166 905; x_wconf 84' lang='lat' dir='ltr'><strong>eis</strong></span> <span class='ocrx_word' id='word_1_354' title='bbox 1188 878 1276 905; x_wconf 88' lang='lat' dir='ltr'><strong>visum</strong></span> <span class='ocrx_word' id='word_1_355' title='bbox 1300 878 1352 905; x_wconf 80' lang='lat' dir='ltr'><strong>fuit</strong></span> <span class='ocrx_word' id='word_1_356' title='bbox 1375 879 1462 906; x_wconf 87' lang='lat' dir='ltr'><strong>valde.</strong></span> <span class='ocrx_word' id='word_1_357' title='bbox 1489 879 1522 907; x_wconf 85' lang='lat' dir='ltr'><strong>Et</strong></span> <span class='ocrx_word' id='word_1_358' title='bbox 1541 881 1699 916; x_wconf 75' lang='lat' dir='ltr'><strong>congregati</strong></span> 
     </span>
    </p>
   </div>
   <div class='ocr_carea' id='block_1_49' title="bbox 910 923 1699 960">
    <p class='ocr_par' dir='ltr' id='par_1_49' title="bbox 910 923 1699 960">
     <span class='ocr_line' id='line_1_49' title="bbox 910 923 1699 960; baseline 0.004 -9"><span class='ocrx_word' id='word_1_359' title='bbox 910 927 972 951; x_wconf 88' lang='lat' dir='ltr'><strong>sunt</strong></span> <span class='ocrx_word' id='word_1_360' title='bbox 986 930 1081 950; x_wconf 87' lang='lat' dir='ltr'><strong>omnes</strong></span> <span class='ocrx_word' id='word_1_361' title='bbox 1095 923 1121 950; x_wconf 92' lang='lat' dir='ltr'><strong>in</strong></span> <span class='ocrx_word' id='word_1_362' title='bbox 1136 931 1230 956; x_wconf 87' lang='lat' dir='ltr'><strong>unum,</strong></span> <span class='ocrx_word' id='word_1_363' title='bbox 1246 927 1274 951; x_wconf 87' lang='lat' dir='ltr'><strong>ut</strong></span> <span class='ocrx_word' id='word_1_364' title='bbox 1287 924 1424 957; x_wconf 85' lang='lat' dir='ltr'><strong>venirent,</strong></span> <span class='ocrx_word' id='word_1_365' title='bbox 1437 929 1465 952; x_wconf 88' lang='lat' dir='ltr'><strong>et</strong></span> <span class='ocrx_word' id='word_1_366' title='bbox 1481 930 1656 960; x_wconf 88' lang='lat' dir='ltr'><strong>percuterent</strong></span> <span class='ocrx_word' id='word_1_367' title='bbox 1672 927 1699 954; x_wconf 92' lang='lat' dir='ltr'><strong>in</strong></span> 
     </span>
    </p>
   </div>
   <div class='ocr_carea' id='block_1_50' title="bbox 909 968 1702 1006">
    <p class='ocr_par' dir='ltr' id='par_1_50' title="bbox 909 968 1702 1006">
     <span class='ocr_line' id='line_1_50' title="bbox 909 968 1702 1006; baseline 0.008 -11"><span class='ocrx_word' id='word_1_368' title='bbox 909 968 1072 1003; x_wconf 77' lang='lat' dir='ltr'><strong>Jerusalem,</strong></span> <span class='ocrx_word' id='word_1_369' title='bbox 1103 973 1131 996; x_wconf 92' lang='lat' dir='ltr'><strong>et</strong></span> <span class='ocrx_word' id='word_1_370' title='bbox 1157 969 1279 997; x_wconf 75' lang='lat' dir='ltr'><strong>facerent</strong></span> <span class='ocrx_word' id='word_1_371' title='bbox 1299 970 1489 1006; x_wconf 86' lang='lat' dir='ltr'><strong>direptionem.</strong></span> <span class='ocrx_word' id='word_1_372' title='bbox 1508 971 1542 999; x_wconf 87' lang='lat' dir='ltr'><strong>Et</strong></span> <span class='ocrx_word' id='word_1_373' title='bbox 1561 973 1702 1001; x_wconf 81' lang='lat' dir='ltr'><strong>oravimus</strong></span> 
     </span>
    </p>
   </div>
   <div class='ocr_carea' id='block_1_51' title="bbox 911 1015 1701 1050">
    <p class='ocr_par' dir='ltr' id='par_1_51' title="bbox 911 1015 1701 1050">
     <span class='ocr_line' id='line_1_51' title="bbox 911 1015 1701 1050; baseline 0.006 -8"><span class='ocrx_word' id='word_1_374' title='bbox 911 1016 944 1042; x_wconf 88' lang='lat' dir='ltr'><strong>ad</strong></span> <span class='ocrx_word' id='word_1_375' title='bbox 966 1015 1049 1042; x_wconf 85' lang='lat' dir='ltr'><strong>Deum</strong></span> <span class='ocrx_word' id='word_1_376' title='bbox 1075 1019 1210 1048; x_wconf 86' lang='lat' dir='ltr'><strong>nostrum,</strong></span> <span class='ocrx_word' id='word_1_377' title='bbox 1233 1016 1331 1050; x_wconf 85' lang='lat' dir='ltr'><strong>inquit,</strong></span> <span class='ocrx_word' id='word_1_378' title='bbox 1358 1020 1386 1043; x_wconf 89' lang='lat' dir='ltr'><strong>et</strong></span> <span class='ocrx_word' id='word_1_379' title='bbox 1407 1018 1552 1045; x_wconf 85' lang='lat' dir='ltr'><strong>statuimus</strong></span> <span class='ocrx_word' id='word_1_380' title='bbox 1574 1020 1701 1047; x_wconf 86' lang='lat' dir='ltr'><strong>custodes</strong></span> 
     </span>
    </p>
   </div>
   <div class='ocr_carea' id='block_1_52' title="bbox 910 1060 1700 1095">
    <p class='ocr_par' dir='ltr' id='par_1_52' title="bbox 910 1060 1700 1095">
     <span class='ocr_line' id='line_1_52' title="bbox 910 1060 1700 1095; baseline 0.004 -7"><span class='ocrx_word' id='word_1_381' title='bbox 910 1068 992 1095; x_wconf 87' lang='lat' dir='ltr'><strong>super</strong></span> <span class='ocrx_word' id='word_1_382' title='bbox 1018 1068 1065 1088; x_wconf 88' lang='lat' dir='ltr'><strong>eos</strong></span> <span class='ocrx_word' id='word_1_383' title='bbox 1090 1060 1134 1088; x_wconf 83' lang='lat' dir='ltr'><strong>die</strong></span> <span class='ocrx_word' id='word_1_384' title='bbox 1151 1068 1182 1088; x_wconf 84' lang='lat' dir='ltr'><strong>ac</strong></span> <span class='ocrx_word' id='word_1_385' title='bbox 1208 1065 1286 1089; x_wconf 86' lang='lat' dir='ltr'><strong>nocte</strong></span> <span class='ocrx_word' id='word_1_386' title='bbox 1313 1061 1410 1089; x_wconf 81' lang='lat' dir='ltr'><strong>afacie</strong></span> <span class='ocrx_word' id='word_1_387' title='bbox 1437 1069 1542 1090; x_wconf 89' lang='lat' dir='ltr'><strong>eorum.</strong></span> <span class='ocrx_word' id='word_1_388' title='bbox 1571 1062 1605 1090; x_wconf 92' lang='lat' dir='ltr'><strong>Et</strong></span> <span class='ocrx_word' id='word_1_389' title='bbox 1629 1064 1700 1091; x_wconf 79' lang='lat' dir='ltr'><strong>dixit</strong></span> 
     </span>
    </p>
   </div>
   <div class='ocr_carea' id='block_1_53' title="bbox 910 1106 1700 1138">
    <p class='ocr_par' dir='ltr' id='par_1_53' title="bbox 910 1106 1700 1138">
     <span class='ocr_line' id='line_1_53' title="bbox 910 1106 1700 1138; baseline 0.005 -4"><span class='ocrx_word' id='word_1_390' title='bbox 910 1106 992 1135; x_wconf 87' lang='lat' dir='ltr'><strong>Judas</strong></span> <span class='ocrx_word' id='word_1_391' title='bbox 1005 1115 1012 1134; x_wconf 89' lang='lat'><strong>:</strong></span> <span class='ocrx_word' id='word_1_392' title='bbox 1026 1106 1149 1134; x_wconf 85' lang='lat' dir='ltr'><strong>Contrita</strong></span> <span class='ocrx_word' id='word_1_393' title='bbox 1166 1111 1208 1134; x_wconf 90' lang='lat' dir='ltr'><strong>est</strong></span> <span class='ocrx_word' id='word_1_394' title='bbox 1223 1106 1354 1134; x_wconf 82' lang='lat' dir='ltr'><strong>fortitudo</strong></span> <span class='ocrx_word' id='word_1_395' title='bbox 1371 1107 1543 1136; x_wconf 88' lang='lat' dir='ltr'><strong>inimicorum</strong></span> <span class='ocrx_word' id='word_1_396' title='bbox 1560 1113 1587 1136; x_wconf 90' lang='lat' dir='ltr'><strong>et</strong></span> <span class='ocrx_word' id='word_1_397' title='bbox 1604 1110 1700 1138; x_wconf 90' lang='lat' dir='ltr'><strong>multi-</strong></span> 
     </span>
    </p>
   </div>
   <div class='ocr_carea' id='block_1_54' title="bbox 910 1153 1747 1191">
    <p class='ocr_par' dir='ltr' id='par_1_54' title="bbox 910 1153 1747 1191">
     <span class='ocr_line' id='line_1_54' title="bbox 910 1153 1747 1191; baseline 0.006 -11"><span class='ocrx_word' id='word_1_398' title='bbox 910 1154 976 1181; x_wconf 88' lang='lat' dir='ltr'><strong>tudo</strong></span> <span class='ocrx_word' id='word_1_399' title='bbox 990 1161 1086 1189; x_wconf 81' lang='lat' dir='ltr'><strong>magna</strong></span> <span class='ocrx_word' id='word_1_400' title='bbox 1097 1154 1130 1182; x_wconf 78' lang='lat'><strong>‘°.</strong></span> <span class='ocrx_word' id='word_1_401' title='bbox 1147 1163 1157 1180; x_wconf 72' lang='grc' dir='ltr'><strong>ι</strong></span> <span class='ocrx_word' id='word_1_402' title='bbox 1171 1154 1198 1181; x_wconf 93' lang='lat' dir='ltr'><strong>ln</strong></span> <span class='ocrx_word' id='word_1_403' title='bbox 1211 1153 1254 1181; x_wconf 87' lang='lat' dir='ltr'><strong>his</strong></span> <span class='ocrx_word' id='word_1_404' title='bbox 1267 1153 1340 1180; x_wconf 84' lang='lat' dir='ltr'><strong>nulla</strong></span> <span class='ocrx_word' id='word_1_405' title='bbox 1351 1155 1454 1182; x_wconf 87' lang='lat' dir='ltr'><strong>mentio</strong></span> <span class='ocrx_word' id='word_1_406' title='bbox 1468 1155 1546 1183; x_wconf 87' lang='lat' dir='ltr'><strong>vallis</strong></span> <span class='ocrx_word' id='word_1_407' title='bbox 1558 1155 1698 1191; x_wconf 88' lang='lat' dir='ltr'><strong>Josaphat.</strong></span> <span class='ocrx_word' id='word_1_408' title='bbox 1741 1175 1747 1180; x_wconf 65' lang='grc' dir='ltr'><strong><em>η</em></strong></span> 
     </span>
    </p>
   </div>
   <div class='ocr_carea' id='block_1_55' title="bbox 910 1199 1699 1235">
    <p class='ocr_par' dir='ltr' id='par_1_55' title="bbox 910 1199 1699 1235">
     <span class='ocr_line' id='line_1_55' title="bbox 910 1199 1699 1235; baseline 0.003 -8"><span class='ocrx_word' id='word_1_409' title='bbox 910 1199 968 1227; x_wconf 84' lang='lat' dir='ltr'><strong>Hoc</strong></span> <span class='ocrx_word' id='word_1_410' title='bbox 994 1203 1084 1227; x_wconf 87' lang='lat' dir='ltr'><strong>autem</strong></span> <span class='ocrx_word' id='word_1_411' title='bbox 1108 1200 1141 1227; x_wconf 90' lang='lat' dir='ltr'><strong>ad</strong></span> <span class='ocrx_word' id='word_1_412' title='bbox 1165 1207 1216 1227; x_wconf 86' lang='lat' dir='ltr'><strong>nos</strong></span> <span class='ocrx_word' id='word_1_413' title='bbox 1246 1199 1391 1227; x_wconf 89' lang='lat' dir='ltr'><strong>traditione</strong></span> <span class='ocrx_word' id='word_1_414' title='bbox 1419 1201 1551 1235; x_wconf 80' lang='lat' dir='ltr'><strong>pervenit.</strong></span> <span class='ocrx_word' id='word_1_415' title='bbox 1580 1200 1699 1229; x_wconf 81' lang='lat' dir='ltr'><strong>Meretur</strong></span> 
     </span>
    </p>
   </div>
   <div class='ocr_carea' id='block_1_56' title="bbox 911 1246 1701 1282">
    <p class='ocr_par' dir='ltr' id='par_1_56' title="bbox 911 1246 1701 1282">
     <span class='ocr_line' id='line_1_56' title="bbox 911 1246 1701 1282; baseline 0.003 -9"><span class='ocrx_word' id='word_1_416' title='bbox 911 1254 1019 1281; x_wconf 86' lang='lat' dir='ltr'><strong>quoque</strong></span> <span class='ocrx_word' id='word_1_417' title='bbox 1043 1246 1123 1274; x_wconf 79' lang='lat' dir='ltr'><strong>ﬁdem</strong></span> <span class='ocrx_word' id='word_1_418' title='bbox 1148 1246 1302 1281; x_wconf 83' lang='lat' dir='ltr'><strong>prophetia,</strong></span> <span class='ocrx_word' id='word_1_419' title='bbox 1330 1247 1417 1282; x_wconf 91' lang='lat' dir='ltr'><strong>ipsum</strong></span> <span class='ocrx_word' id='word_1_420' title='bbox 1450 1247 1528 1275; x_wconf 88' lang='lat' dir='ltr'><strong>nobis</strong></span> <span class='ocrx_word' id='word_1_421' title='bbox 1559 1247 1701 1275; x_wconf 85' lang='lat' dir='ltr'><strong>conﬂictus</strong></span> 
     </span>
    </p>
   </div>
   <div class='ocr_carea' id='block_1_57' title="bbox 911 1291 1702 1329">
    <p class='ocr_par' dir='ltr' id='par_1_57' title="bbox 911 1291 1702 1329">
     <span class='ocr_line' id='line_1_57' title="bbox 911 1291 1702 1329; baseline 0.003 -10"><span class='ocrx_word' id='word_1_422' title='bbox 911 1292 999 1320; x_wconf 92' lang='lat' dir='ltr'><strong>locum</strong></span> <span class='ocrx_word' id='word_1_423' title='bbox 1019 1292 1174 1320; x_wconf 86' lang='lat' dir='ltr'><strong>nominans.</strong></span> <span class='ocrx_word' id='word_1_424' title='bbox 1191 1291 1225 1319; x_wconf 83' lang='lat' dir='ltr'><strong>Et</strong></span> <span class='ocrx_word' id='word_1_425' title='bbox 1236 1291 1317 1326; x_wconf 79' lang='lat' dir='ltr'><strong>huius</strong></span> <span class='ocrx_word' id='word_1_426' title='bbox 1329 1292 1452 1320; x_wconf 73' lang='lat' dir='ltr'><strong>historia:</strong></span> <span class='ocrx_word' id='word_1_427' title='bbox 1465 1292 1620 1321; x_wconf 85' lang='lat' dir='ltr'><strong>meminisse</strong></span> <span class='ocrx_word' id='word_1_428' title='bbox 1637 1301 1702 1329; x_wconf 84' lang='lat' dir='ltr'><strong>pro-</strong></span> 
     </span>
    </p>
   </div>
   <div class='ocr_carea' id='block_1_58' title="bbox 911 1339 1701 1376">
    <p class='ocr_par' dir='ltr' id='par_1_58' title="bbox 911 1339 1701 1376">
     <span class='ocr_line' id='line_1_58' title="bbox 911 1339 1701 1376; baseline 0.003 -10"><span class='ocrx_word' id='word_1_429' title='bbox 911 1340 1020 1374; x_wconf 86' lang='lat' dir='ltr'><strong>phetam</strong></span> <span class='ocrx_word' id='word_1_430' title='bbox 1036 1339 1164 1371; x_wconf 88' lang='lat' dir='ltr'><strong>dicimus,</strong></span> <span class='ocrx_word' id='word_1_431' title='bbox 1182 1339 1246 1366; x_wconf 94' lang='lat' dir='ltr'><strong>dum</strong></span> <span class='ocrx_word' id='word_1_432' title='bbox 1265 1339 1429 1367; x_wconf 86' lang='lat' dir='ltr'><strong>vaticinatur</strong></span> <span class='ocrx_word' id='word_1_433' title='bbox 1451 1340 1535 1367; x_wconf 90' lang='lat' dir='ltr'><strong>Deum</strong></span> <span class='ocrx_word' id='word_1_434' title='bbox 1550 1347 1701 1376; x_wconf 77' lang='lat' dir='ltr'><strong>congrega-</strong></span> 
     </span>
    </p>
   </div>
   <div class='ocr_carea' id='block_1_59' title="bbox 912 1383 1702 1420">
    <p class='ocr_par' dir='ltr' id='par_1_59' title="bbox 912 1383 1702 1420">
     <span class='ocr_line' id='line_1_59' title="bbox 912 1383 1702 1420; baseline 0.003 -8"><span class='ocrx_word' id='word_1_435' title='bbox 912 1390 1003 1412; x_wconf 89' lang='lat' dir='ltr'><strong>turum</strong></span> <span class='ocrx_word' id='word_1_436' title='bbox 1018 1385 1044 1412; x_wconf 95' lang='lat' dir='ltr'><strong>in</strong></span> <span class='ocrx_word' id='word_1_437' title='bbox 1061 1384 1159 1412; x_wconf 83' lang='lat' dir='ltr'><strong>vallem</strong></span> <span class='ocrx_word' id='word_1_438' title='bbox 1179 1383 1308 1420; x_wconf 80' lang='lat' dir='ltr'><strong>Josaphat</strong></span> <span class='ocrx_word' id='word_1_439' title='bbox 1323 1391 1418 1412; x_wconf 87' lang='lat' dir='ltr'><strong>omnes</strong></span> <span class='ocrx_word' id='word_1_440' title='bbox 1434 1389 1547 1420; x_wconf 75' lang='lat' dir='ltr'><strong>gentes:</strong></span> <span class='ocrx_word' id='word_1_441' title='bbox 1561 1393 1614 1413; x_wconf 93' lang='lat' dir='ltr'><strong>non</strong></span> <span class='ocrx_word' id='word_1_442' title='bbox 1631 1385 1702 1413; x_wconf 71' lang='lat' dir='ltr'><strong>invi&lt;</strong></span> 
     </span>
    </p>
   </div>
   <div class='ocr_carea' id='block_1_60' title="bbox 910 1429 1703 1465">
    <p class='ocr_par' dir='ltr' id='par_1_60' title="bbox 910 1429 1703 1465">
     <span class='ocr_line' id='line_1_60' title="bbox 910 1429 1703 1465; baseline 0 -7"><span class='ocrx_word' id='word_1_443' title='bbox 910 1434 953 1458; x_wconf 87' lang='lat' dir='ltr'><strong>tas</strong></span> <span class='ocrx_word' id='word_1_444' title='bbox 972 1430 1032 1458; x_wconf 88' lang='lat' dir='ltr'><strong>sine</strong></span> <span class='ocrx_word' id='word_1_445' title='bbox 1048 1430 1132 1457; x_wconf 89' lang='lat' dir='ltr'><strong>dubio</strong></span> <span class='ocrx_word' id='word_1_446' title='bbox 1152 1429 1340 1465; x_wconf 76' lang='lat' dir='ltr'><strong>congregabit,</strong></span> <span class='ocrx_word' id='word_1_447' title='bbox 1357 1430 1404 1457; x_wconf 87' lang='lat' dir='ltr'><strong>sed</strong></span> <span class='ocrx_word' id='word_1_448' title='bbox 1417 1437 1450 1457; x_wconf 90' lang='lat' dir='ltr'><strong>eo</strong></span> <span class='ocrx_word' id='word_1_449' title='bbox 1468 1429 1589 1457; x_wconf 86' lang='lat' dir='ltr'><strong>volentes</strong></span> <span class='ocrx_word' id='word_1_450' title='bbox 1603 1437 1703 1458; x_wconf 91' lang='lat' dir='ltr'><strong>conve-</strong></span> 
     </span>
    </p>
   </div>
   <div class='ocr_carea' id='block_1_61' title="bbox 911 1475 1705 1511">
    <p class='ocr_par' dir='ltr' id='par_1_61' title="bbox 911 1475 1705 1511">
     <span class='ocr_line' id='line_1_61' title="bbox 911 1475 1705 1511; baseline 0 -7"><span class='ocrx_word' id='word_1_451' title='bbox 911 1477 971 1504; x_wconf 88' lang='lat' dir='ltr'><strong>nire</strong></span> <span class='ocrx_word' id='word_1_452' title='bbox 986 1484 1040 1504; x_wconf 93' lang='lat' dir='ltr'><strong>non</strong></span> <span class='ocrx_word' id='word_1_453' title='bbox 1055 1475 1224 1510; x_wconf 81' lang='lat' dir='ltr'><strong>prohibebit,</strong></span> <span class='ocrx_word' id='word_1_454' title='bbox 1241 1480 1273 1502; x_wconf 87' lang='lat' dir='ltr'><strong>ut</strong></span> <span class='ocrx_word' id='word_1_455' title='bbox 1289 1482 1350 1503; x_wconf 92' lang='lat' dir='ltr'><strong>cum</strong></span> <span class='ocrx_word' id='word_1_456' title='bbox 1366 1475 1420 1503; x_wconf 90' lang='lat' dir='ltr'><strong>illis</strong></span> <span class='ocrx_word' id='word_1_457' title='bbox 1434 1475 1567 1511; x_wconf 84' lang='lat' dir='ltr'><strong>disceptet</strong></span> <span class='ocrx_word' id='word_1_458' title='bbox 1578 1475 1658 1511; x_wconf 77' lang='lat'><strong>235</strong></span> <span class='ocrx_word' id='word_1_459' title='bbox 1669 1476 1705 1504; x_wconf 81' lang='lat' dir='ltr'><strong>de</strong></span> 
     </span>
    </p>
   </div>
   <div class='ocr_carea' id='block_1_62' title="bbox 65 1521 859 1561">
    <p class='ocr_par' dir='ltr' id='par_1_62' title="bbox 65 1521 859 1560">
     <span class='ocr_line' id='line_1_62' title="bbox 65 1521 859 1560; baseline 0.006 -13"><span class='ocrx_word' id='word_1_460' title='bbox 65 1521 92 1547; x_wconf 80' lang='grc' dir='ltr'>δὲ</span> <span class='ocrx_word' id='word_1_461' title='bbox 107 1521 148 1548; x_wconf 77' lang='grc' dir='ltr'>ὅτι</span> <span class='ocrx_word' id='word_1_462' title='bbox 162 1522 214 1548; x_wconf 83' lang='grc' dir='ltr'>οὐκ</span> <span class='ocrx_word' id='word_1_463' title='bbox 225 1522 330 1548; x_wconf 72' lang='grc' dir='ltr'>ἄκοντα</span> <span class='ocrx_word' id='word_1_464' title='bbox 344 1521 414 1555; x_wconf 72' lang='grc' dir='ltr'>ἄξει,</span> <span class='ocrx_word' id='word_1_465' title='bbox 427 1523 485 1550; x_wconf 76' lang='grc' dir='ltr'>ἀλλ’</span> <span class='ocrx_word' id='word_1_466' title='bbox 498 1524 540 1550; x_wconf 81' lang='grc' dir='ltr'>ὅτι</span> <span class='ocrx_word' id='word_1_467' title='bbox 556 1523 705 1560; x_wconf 80' lang='grc' dir='ltr'>βουλόμενα</span> <span class='ocrx_word' id='word_1_468' title='bbox 726 1524 813 1552; x_wconf 76' lang='grc' dir='ltr'>ἐλθεῖν</span> <span class='ocrx_word' id='word_1_469' title='bbox 829 1524 859 1551; x_wconf 86' lang='grc' dir='ltr'><strong>ού</strong></span> 
     </span>
    </p>
   </div>
   <div class='ocr_carea' id='block_1_63' title="bbox 910 1521 1704 1561">
    <p class='ocr_par' dir='ltr' id='par_1_63' title="bbox 912 1521 1704 1557">
     <span class='ocr_line' id='line_1_63' title="bbox 912 1521 1704 1557; baseline 0.001 -8"><span class='ocrx_word' id='word_1_470' title='bbox 912 1521 995 1550; x_wconf 91' lang='lat' dir='ltr'><strong>Israel</strong></span> <span class='ocrx_word' id='word_1_471' title='bbox 1018 1525 1046 1549; x_wconf 87' lang='lat' dir='ltr'><strong>et</strong></span> <span class='ocrx_word' id='word_1_472' title='bbox 1067 1521 1227 1548; x_wconf 69' lang='lat' dir='ltr'><strong>haereditate</strong></span> <span class='ocrx_word' id='word_1_473' title='bbox 1244 1528 1304 1554; x_wconf 87' lang='lat' dir='ltr'><strong>sua,</strong></span> <span class='ocrx_word' id='word_1_474' title='bbox 1319 1528 1402 1555; x_wconf 86' lang='lat' dir='ltr'><strong>quam</strong></span> <span class='ocrx_word' id='word_1_475' title='bbox 1417 1521 1571 1554; x_wconf 85' lang='lat' dir='ltr'><strong>diviserint,</strong></span> <span class='ocrx_word' id='word_1_476' title='bbox 1587 1522 1704 1557; x_wconf 83' lang='lat' dir='ltr'><strong>Babylo-</strong></span> 
     </span>
    </p>
   </div>
   <div class='ocr_carea' id='block_1_64' title="bbox 67 1566 860 1606">
    <p class='ocr_par' dir='ltr' id='par_1_64' title="bbox 67 1566 860 1606">
     <span class='ocr_line' id='line_1_64' title="bbox 67 1566 860 1606; baseline 0.005 -13"><span class='ocrx_word' id='word_1_477' title='bbox 67 1566 195 1594; x_wconf 81' lang='grc' dir='ltr'>κωλύσει.</span> <span class='ocrx_word' id='word_1_478' title='bbox 217 1568 447 1604; x_wconf 84' lang='grc' dir='ltr'>Διακριθήσεσθαι</span> <span class='ocrx_word' id='word_1_479' title='bbox 470 1569 499 1596; x_wconf 76' lang='grc' dir='ltr'>δὲ</span> <span class='ocrx_word' id='word_1_480' title='bbox 522 1570 591 1605; x_wconf 78' lang='grc' dir='ltr'>πρὸς</span> <span class='ocrx_word' id='word_1_481' title='bbox 615 1570 702 1597; x_wconf 89' lang='grc' dir='ltr'>ταῦτα</span> <span class='ocrx_word' id='word_1_482' title='bbox 726 1571 791 1606; x_wconf 63' lang='grc' dir='ltr'><strong>περὶ¹</strong></span> <span class='ocrx_word' id='word_1_483' title='bbox 812 1570 860 1597; x_wconf 85' lang='grc' dir='ltr'><strong>τοῦ</strong></span> 
     </span>
    </p>
   </div>
   <div class='ocr_carea' id='block_1_65' title="bbox 72 1612 860 1651">
    <p class='ocr_par' dir='ltr' id='par_1_65' title="bbox 72 1612 860 1651">
     <span class='ocr_line' id='line_1_65' title="bbox 72 1612 860 1651; baseline 0.006 -13"><span class='ocrx_word' id='word_1_484' title='bbox 72 1612 191 1648; x_wconf 74' lang='grc' dir='ltr'>Ἰσραὴλ,</span> <span class='ocrx_word' id='word_1_485' title='bbox 209 1613 258 1640; x_wconf 76' lang='grc' dir='ltr'>καὶ</span> <span class='ocrx_word' id='word_1_486' title='bbox 273 1614 323 1649; x_wconf 84' lang='grc' dir='ltr'>τῆς</span> <span class='ocrx_word' id='word_1_487' title='bbox 339 1614 436 1641; x_wconf 76' lang='grc' dir='ltr'>ἑαυτοῦ</span> <span class='ocrx_word' id='word_1_488' title='bbox 457 1615 650 1651; x_wconf 85' lang='grc' dir='ltr'>κληρονομίας,</span> <span class='ocrx_word' id='word_1_489' title='bbox 668 1616 703 1651; x_wconf 79' lang='grc' dir='ltr'>ἢν</span> <span class='ocrx_word' id='word_1_490' title='bbox 726 1617 860 1644; x_wconf 85' lang='grc' dir='ltr'>καταδιεί-</span> 
     </span>
    </p>
   </div>
   <div class='ocr_carea' id='block_1_66' title="bbox 66 1659 861 1697">
    <p class='ocr_par' dir='ltr' id='par_1_66' title="bbox 66 1659 861 1697">
     <span class='ocr_line' id='line_1_66' title="bbox 66 1659 861 1697; baseline 0.006 -11"><span class='ocrx_word' id='word_1_491' title='bbox 66 1659 143 1686; x_wconf 86' lang='grc' dir='ltr'>λαντο</span> <span class='ocrx_word' id='word_1_492' title='bbox 167 1660 368 1696; x_wconf 69' lang='grc' dir='ltr'>διαρπάζοντες</span> <span class='ocrx_word' id='word_1_493' title='bbox 394 1670 445 1688; x_wconf 87' lang='grc' dir='ltr'><strong>που</strong></span> <span class='ocrx_word' id='word_1_494' title='bbox 470 1661 541 1697; x_wconf 86' lang='grc' dir='ltr'>τάχα</span> <span class='ocrx_word' id='word_1_495' title='bbox 556 1662 591 1689; x_wconf 83' lang='grc' dir='ltr'>τὰ</span> <span class='ocrx_word' id='word_1_496' title='bbox 614 1663 668 1690; x_wconf 84' lang='grc' dir='ltr'><strong>τῶν</strong></span> <span class='ocrx_word' id='word_1_497' title='bbox 683 1663 861 1691; x_wconf 86' lang='grc' dir='ltr'>Βαϐυλωνίων</span> 
     </span>
    </p>
   </div>
   <div class='ocr_carea' id='block_1_67' title="bbox 66 1703 862 1742">
    <p class='ocr_par' dir='ltr' id='par_1_67' title="bbox 66 1703 862 1742">
     <span class='ocr_line' id='line_1_67' title="bbox 66 1703 862 1742; baseline 0.005 -11"><span class='ocrx_word' id='word_1_498' title='bbox 66 1703 190 1739; x_wconf 81' lang='grc' dir='ltr'>λείψανα,</span> <span class='ocrx_word' id='word_1_499' title='bbox 208 1706 258 1733; x_wconf 74' lang='grc' dir='ltr'>καὶ</span> <span class='ocrx_word' id='word_1_500' title='bbox 281 1707 310 1733; x_wconf 83' lang='grc' dir='ltr'>ὲν</span> <span class='ocrx_word' id='word_1_501' title='bbox 324 1706 412 1742; x_wconf 83' lang='grc' dir='ltr'>καιρῷ</span> <span class='ocrx_word' id='word_1_502' title='bbox 427 1706 476 1742; x_wconf 81' lang='grc' dir='ltr'>τῆς</span> <span class='ocrx_word' id='word_1_503' title='bbox 489 1707 677 1742; x_wconf 86' lang='grc' dir='ltr'>ταλαιπωρίας</span> <span class='ocrx_word' id='word_1_504' title='bbox 693 1708 862 1735; x_wconf 81' lang='grc' dir='ltr'>συνεπιτιθέ-</span> 
     </span>
    </p>
   </div>
   <div class='ocr_carea' id='block_1_68' title="bbox 68 1753 860 1790">
    <p class='ocr_par' dir='ltr' id='par_1_68' title="bbox 68 1753 860 1790">
     <span class='ocr_line' id='line_1_68' title="bbox 68 1753 860 1790; baseline 0.005 -12"><span class='ocrx_word' id='word_1_505' title='bbox 68 1759 158 1787; x_wconf 78' lang='grc' dir='ltr'>μενοι,</span> <span class='ocrx_word' id='word_1_506' title='bbox 176 1753 227 1779; x_wconf 79' lang='grc' dir='ltr'>καὶ</span> <span class='ocrx_word' id='word_1_507' title='bbox 249 1754 364 1788; x_wconf 86' lang='grc' dir='ltr'>πόρναις</span> <span class='ocrx_word' id='word_1_508' title='bbox 390 1753 440 1789; x_wconf 82' lang='grc' dir='ltr'>μὲν</span> <span class='ocrx_word' id='word_1_509' title='bbox 461 1753 496 1780; x_wconf 85' lang='grc' dir='ltr'><strong>τὰ</strong></span> <span class='ocrx_word' id='word_1_510' title='bbox 519 1754 650 1789; x_wconf 86' lang='grc' dir='ltr'>παιδάρια</span> <span class='ocrx_word' id='word_1_511' title='bbox 675 1755 860 1790; x_wconf 79' lang='grc' dir='ltr'>χαριζόμενοι,</span> 
     </span>
    </p>
   </div>
   <div class='ocr_carea' id='block_1_69' title="bbox 65 1798 862 1836">
    <p class='ocr_par' dir='ltr' id='par_1_69' title="bbox 65 1798 862 1836">
     <span class='ocr_line' id='line_1_69' title="bbox 65 1798 862 1836; baseline 0.003 -11"><span class='ocrx_word' id='word_1_512' title='bbox 65 1799 213 1834; x_wconf 81' lang='grc' dir='ltr'>προθέντες</span> <span class='ocrx_word' id='word_1_513' title='bbox 233 1799 262 1826; x_wconf 78' lang='grc' dir='ltr'>δὲ</span> <span class='ocrx_word' id='word_1_514' title='bbox 284 1798 319 1826; x_wconf 85' lang='grc' dir='ltr'><strong>τὰ</strong></span> <span class='ocrx_word' id='word_1_515' title='bbox 340 1798 421 1834; x_wconf 84' lang='grc' dir='ltr'>κόρια</span> <span class='ocrx_word' id='word_1_516' title='bbox 438 1800 507 1835; x_wconf 78' lang='grc' dir='ltr'>πρὸς</span> <span class='ocrx_word' id='word_1_517' title='bbox 523 1799 645 1835; x_wconf 82' lang='grc' dir='ltr'>ἀσυνήθη</span> <span class='ocrx_word' id='word_1_518' title='bbox 663 1800 799 1836; x_wconf 85' lang='grc' dir='ltr'>πορνείαν,</span> <span class='ocrx_word' id='word_1_519' title='bbox 814 1800 862 1827; x_wconf 79' lang='grc' dir='ltr'><strong>καὶ</strong></span> 
     </span>
    </p>
   </div>
   <div class='ocr_carea' id='block_1_70' title="bbox 914 1566 1703 1602">
    <p class='ocr_par' dir='ltr' id='par_1_70' title="bbox 914 1566 1703 1602">
     <span class='ocr_line' id='line_1_70' title="bbox 914 1566 1703 1602; baseline 0 -6"><span class='ocrx_word' id='word_1_520' title='bbox 914 1569 1020 1596; x_wconf 90' lang='lat' dir='ltr'><strong>niorum</strong></span> <span class='ocrx_word' id='word_1_521' title='bbox 1037 1567 1167 1602; x_wconf 84' lang='lat' dir='ltr'><strong>reliquias</strong></span> <span class='ocrx_word' id='word_1_522' title='bbox 1189 1566 1360 1601; x_wconf 87' lang='lat' dir='ltr'><strong>diripientes,</strong></span> <span class='ocrx_word' id='word_1_523' title='bbox 1377 1567 1471 1599; x_wconf 86' lang='lat' dir='ltr'><strong>credo.</strong></span> <span class='ocrx_word' id='word_1_524' title='bbox 1488 1572 1516 1594; x_wconf 90' lang='lat' dir='ltr'><strong>et</strong></span> <span class='ocrx_word' id='word_1_525' title='bbox 1535 1569 1703 1602; x_wconf 82' lang='lat' dir='ltr'><strong>temporibus</strong></span> 
     </span>
    </p>
   </div>
   <div class='ocr_carea' id='block_1_71' title="bbox 913 1606 1703 1647">
    <p class='ocr_par' dir='ltr' id='par_1_71' title="bbox 913 1606 1703 1647">
     <span class='ocr_line' id='line_1_71' title="bbox 913 1606 1703 1647; baseline 0.003 -7"><span class='ocrx_word' id='word_1_526' title='bbox 913 1613 1021 1641; x_wconf 85' lang='lat' dir='ltr'><strong>miseris</strong></span> <span class='ocrx_word' id='word_1_527' title='bbox 1050 1619 1097 1641; x_wconf 88' lang='lat' dir='ltr'><strong>eos</strong></span> <span class='ocrx_word' id='word_1_528' title='bbox 1127 1606 1300 1644; x_wconf 83' lang='lat' dir='ltr'><strong>adorientes,</strong></span> <span class='ocrx_word' id='word_1_529' title='bbox 1329 1616 1357 1639; x_wconf 90' lang='lat' dir='ltr'><strong>et</strong></span> <span class='ocrx_word' id='word_1_530' title='bbox 1384 1619 1483 1647; x_wconf 87' lang='lat' dir='ltr'><strong>pueros</strong></span> <span class='ocrx_word' id='word_1_531' title='bbox 1513 1614 1703 1642; x_wconf 85' lang='lat' dir='ltr'><strong>meretricibus</strong></span> 
     </span>
    </p>
   </div>
   <div class='ocr_carea' id='block_1_72' title="bbox 911 1657 1703 1692">
    <p class='ocr_par' dir='ltr' id='par_1_72' title="bbox 911 1657 1703 1692">
     <span class='ocr_line' id='line_1_72' title="bbox 911 1657 1703 1692; baseline 0 -6"><span class='ocrx_word' id='word_1_532' title='bbox 911 1659 1056 1692; x_wconf 80' lang='lat' dir='ltr'><strong>donantes,</strong></span> <span class='ocrx_word' id='word_1_533' title='bbox 1075 1661 1222 1692; x_wconf 86' lang='lat' dir='ltr'><strong>partesque</strong></span> <span class='ocrx_word' id='word_1_534' title='bbox 1238 1657 1363 1691; x_wconf 78' lang='lat' dir='ltr'><strong>corporis</strong></span> <span class='ocrx_word' id='word_1_535' title='bbox 1383 1657 1552 1685; x_wconf 86' lang='lat' dir='ltr'><strong>verecundas</strong></span> <span class='ocrx_word' id='word_1_536' title='bbox 1565 1658 1703 1686; x_wconf 86' lang='lat' dir='ltr'><strong>inusitatis</strong></span> 
     </span>
    </p>
   </div>
   <div class='ocr_carea' id='block_1_73' title="bbox 910 1703 1702 1740">
    <p class='ocr_par' dir='ltr' id='par_1_73' title="bbox 910 1703 1702 1740">
     <span class='ocr_line' id='line_1_73' title="bbox 910 1703 1702 1740; baseline -0.001 -8"><span class='ocrx_word' id='word_1_537' title='bbox 910 1704 1012 1740; x_wconf 82' lang='lat' dir='ltr'><strong>stupris</strong></span> <span class='ocrx_word' id='word_1_538' title='bbox 1035 1703 1213 1738; x_wconf 82' lang='lat' dir='ltr'><strong>objicientes,</strong></span> <span class='ocrx_word' id='word_1_539' title='bbox 1234 1707 1261 1730; x_wconf 85' lang='lat' dir='ltr'><strong>et</strong></span> <span class='ocrx_word' id='word_1_540' title='bbox 1283 1707 1410 1738; x_wconf 89' lang='lat' dir='ltr'><strong>tanquam</strong></span> <span class='ocrx_word' id='word_1_541' title='bbox 1435 1703 1564 1732; x_wconf 84' lang='lat' dir='ltr'><strong>nundinis</strong></span> <span class='ocrx_word' id='word_1_542' title='bbox 1584 1704 1702 1732; x_wconf 90' lang='lat' dir='ltr'><strong>aliorum</strong></span> 
     </span>
    </p>
   </div>
   <div class='ocr_carea' id='block_1_74' title="bbox 911 1748 1702 1784">
    <p class='ocr_par' dir='ltr' id='par_1_74' title="bbox 911 1748 1702 1784">
     <span class='ocr_line' id='line_1_74' title="bbox 911 1748 1702 1784; baseline 0.001 -6"><span class='ocrx_word' id='word_1_543' title='bbox 911 1750 1016 1778; x_wconf 85' lang='lat' dir='ltr'><strong>libidini</strong></span> <span class='ocrx_word' id='word_1_544' title='bbox 1032 1749 1193 1781; x_wconf 79' lang='lat' dir='ltr'><strong>vendentes,</strong></span> <span class='ocrx_word' id='word_1_545' title='bbox 1215 1748 1330 1783; x_wconf 79' lang='lat' dir='ltr'><strong>indeque</strong></span> <span class='ocrx_word' id='word_1_546' title='bbox 1350 1749 1377 1776; x_wconf 91' lang='lat' dir='ltr'><strong>in</strong></span> <span class='ocrx_word' id='word_1_547' title='bbox 1392 1749 1486 1784; x_wconf 82' lang='lat' dir='ltr'><strong>epulas</strong></span> <span class='ocrx_word' id='word_1_548' title='bbox 1503 1755 1532 1778; x_wconf 90' lang='lat' dir='ltr'><strong>et</strong></span> <span class='ocrx_word' id='word_1_549' title='bbox 1552 1750 1702 1779; x_wconf 83' lang='lat' dir='ltr'><strong>ebrietates</strong></span> 
     </span>
    </p>
   </div>
   <div class='ocr_carea' id='block_1_75' title="bbox 911 1793 1232 1832">
    <p class='ocr_par' dir='ltr' id='par_1_75' title="bbox 911 1793 1232 1832">
     <span class='ocr_line' id='line_1_75' title="bbox 911 1793 1232 1832; baseline -0.009 -7"><span class='ocrx_word' id='word_1_550' title='bbox 911 1801 1050 1832; x_wconf 85' lang='lat' dir='ltr'><strong>sumptum</strong></span> <span class='ocrx_word' id='word_1_551' title='bbox 1064 1793 1232 1828; x_wconf 77' lang='lat' dir='ltr'><strong>colligentes.</strong></span> 
     </span>
    </p>
   </div>
   <div class='ocr_carea' id='block_1_76' title="bbox 64 1831 1702 1881">
    <p class='ocr_par' dir='ltr' id='par_1_76' title="bbox 64 1831 1702 1881">
     <span class='ocr_line' id='line_1_76' title="bbox 64 1831 1702 1881; baseline 0.001 -10"><span class='ocrx_word' id='word_1_552' title='bbox 64 1831 118 1871; x_wconf 46' lang='grc' dir='ltr'>οἷον</span> <span class='ocrx_word' id='word_1_553' title='bbox 156 1831 396 1881; x_wconf 73' lang='grc' dir='ltr'>ὲκκαπηλεύοντες</span> <span class='ocrx_word' id='word_1_554' title='bbox 433 1831 493 1877; x_wconf 80' lang='grc' dir='ltr'>ταῖς</span> <span class='ocrx_word' id='word_1_555' title='bbox 523 1831 819 1881; x_wconf 47' lang='grc' dir='ltr'>ἑτέρων-ἀσελγίαις,</span> <span class='ocrx_word' id='word_1_556' title='bbox 858 1844 918 1874; x_wconf 75' lang='grc' dir='ltr'>εἶτα.</span> <span class='ocrx_word' id='word_1_557' title='bbox 946 1831 1009 1875; x_wconf 63' lang='grc' dir='ltr'>τους</span> <span class='ocrx_word' id='word_1_558' title='bbox 1039 1841 1164 1869; x_wconf 69' lang='grc' dir='ltr'>ἐντεῦθεν</span> <span class='ocrx_word' id='word_1_559' title='bbox 1197 1831 1374 1876; x_wconf 78' lang='grc' dir='ltr'>μισθοῠςέις</span> <span class='ocrx_word' id='word_1_560' title='bbox 1395 1841 1499 1877; x_wconf 74' lang='grc' dir='ltr'>τροφὰς</span> <span class='ocrx_word' id='word_1_561' title='bbox 1532 1841 1579 1868; x_wconf 66' lang='grc' dir='ltr'>καὶ</span> <span class='ocrx_word' id='word_1_562' title='bbox 1615 1841 1702 1877; x_wconf 80' lang='grc' dir='ltr'>μέθας</span> 
     </span>
    </p>
   </div>
   <div class='ocr_carea' id='block_1_77' title="bbox 66 1891 253 1918">
    <p class='ocr_par' dir='ltr' id='par_1_77' title="bbox 66 1891 253 1918">
     <span class='ocr_line' id='line_1_77' title="bbox 66 1891 253 1918; baseline -0.005 0"><span class='ocrx_word' id='word_1_563' title='bbox 66 1891 253 1918; x_wconf 72' lang='grc' dir='ltr'>συλλέγοντες.</span> 
     </span>
    </p>
   </div>
   <div class='ocr_carea' id='block_1_78' title="bbox 97 1899 859 1975">
    <p class='ocr_par' dir='ltr' id='par_1_78' title="bbox 97 1899 859 1975">
     <span class='ocr_line' id='line_1_78' title="bbox 99 1899 253 1926; baseline -0.006 -8"><span class='ocrx_word' id='word_1_564' title='bbox 99 1899 253 1926; x_wconf 78' lang='grc' dir='ltr'>ΛΛεγοντες.</span> 
     </span>
     <span class='ocr_line' id='line_1_79' title="bbox 97 1936 859 1975; baseline 0.001 -11"><span class='ocrx_word' id='word_1_565' title='bbox 97 1937 191 1973; x_wconf 72' lang='grc' dir='ltr'>Φαμὲν</span> <span class='ocrx_word' id='word_1_566' title='bbox 215 1936 245 1963; x_wconf 78' lang='grc' dir='ltr'><strong>δέ</strong></span> <span class='ocrx_word' id='word_1_567' title='bbox 265 1945 293 1964; x_wconf 86' lang='grc' dir='ltr'><strong>τι</strong></span> <span class='ocrx_word' id='word_1_568' title='bbox 309 1937 356 1965; x_wconf 74' lang='grc' dir='ltr'>καὶ</span> <span class='ocrx_word' id='word_1_569' title='bbox 375 1937 417 1972; x_wconf 75' lang='grc' dir='ltr'><strong>ἐφ’</strong></span> <span class='ocrx_word' id='word_1_570' title='bbox 432 1937 510 1973; x_wconf 87' lang='grc' dir='ltr'>ἡμῶν</span> <span class='ocrx_word' id='word_1_571' title='bbox 526 1938 646 1964; x_wconf 88' lang='grc' dir='ltr'>τοιοῦτον</span> <span class='ocrx_word' id='word_1_572' title='bbox 661 1937 797 1972; x_wconf 84' lang='grc' dir='ltr'>γενέσθαι,</span> <span class='ocrx_word' id='word_1_573' title='bbox 813 1939 859 1975; x_wconf 77' lang='grc' dir='ltr'><strong>τὴν</strong></span> 
     </span>
    </p>
   </div>
   <div class='ocr_carea' id='block_1_79' title="bbox 910 1899 1698 1975">
    <p class='ocr_par' dir='ltr' id='par_1_79' title="bbox 946 1928 1698 1964">
     <span class='ocr_line' id='line_1_80' title="bbox 946 1928 1698 1964; baseline 0.003 -5"><span class='ocrx_word' id='word_1_574' title='bbox 946 1931 1005 1959; x_wconf 83' lang='lat' dir='ltr'><strong>Non</strong></span> <span class='ocrx_word' id='word_1_575' title='bbox 1026 1928 1158 1958; x_wconf 86' lang='lat' dir='ltr'><strong>dissimile</strong></span> <span class='ocrx_word' id='word_1_576' title='bbox 1172 1928 1299 1964; x_wconf 82' lang='lat' dir='ltr'><strong>quiddam</strong></span> <span class='ocrx_word' id='word_1_577' title='bbox 1319 1932 1345 1956; x_wconf 87' lang='lat' dir='ltr'><strong>et</strong></span> <span class='ocrx_word' id='word_1_578' title='bbox 1361 1928 1387 1955; x_wconf 92' lang='lat' dir='ltr'><strong>in</strong></span> <span class='ocrx_word' id='word_1_579' title='bbox 1404 1928 1483 1957; x_wconf 86' lang='lat' dir='ltr'><strong>nobis</strong></span> <span class='ocrx_word' id='word_1_580' title='bbox 1503 1929 1604 1959; x_wconf 75' lang='lat' dir='ltr'><strong>factum</strong></span> <span class='ocrx_word' id='word_1_581' title='bbox 1622 1932 1698 1961; x_wconf 81' lang='lat' dir='ltr'><strong>allir-</strong></span> 
     </span>
    </p>
   </div>
   <div class='ocr_carea' id='block_1_80' title="bbox 65 1974 859 2019">
    <p class='ocr_par' dir='ltr' id='par_1_80' title="bbox 65 1982 859 2019">
     <span class='ocr_line' id='line_1_81' title="bbox 65 1982 859 2019; baseline 0.001 -10"><span class='ocrx_word' id='word_1_582' title='bbox 65 1983 107 2010; x_wconf 78' lang='grc' dir='ltr'>διὰ</span> <span class='ocrx_word' id='word_1_583' title='bbox 116 1983 240 2019; x_wconf 80' lang='grc' dir='ltr'>Χριστοῦ</span> <span class='ocrx_word' id='word_1_584' title='bbox 250 1982 383 2018; x_wconf 85' lang='grc' dir='ltr'>λύτρωσιν</span> <span class='ocrx_word' id='word_1_585' title='bbox 396 1983 592 2018; x_wconf 81' lang='grc' dir='ltr'>ὲννενοηκότες.</span> <span class='ocrx_word' id='word_1_586' title='bbox 602 1983 734 2015; x_wconf 82' lang='grc' dir='ltr'>Ἑξείλετο</span> <span class='ocrx_word' id='word_1_587' title='bbox 748 1984 797 2019; x_wconf 83' lang='grc' dir='ltr'>μὲν</span> <span class='ocrx_word' id='word_1_588' title='bbox 808 1983 859 2018; x_wconf 83' lang='grc' dir='ltr'>γὰρ</span> 
     </span>
    </p>
   </div>
   <div class='ocr_carea' id='block_1_81' title="bbox 910 1974 1701 2019">
    <p class='ocr_par' dir='ltr' id='par_1_81' title="bbox 910 1974 1701 2015">
     <span class='ocr_line' id='line_1_82' title="bbox 910 1974 1701 2015; baseline 0.003 -10"><span class='ocrx_word' id='word_1_589' title='bbox 910 1985 986 2007; x_wconf 85' lang='lat' dir='ltr'><strong>mare</strong></span> <span class='ocrx_word' id='word_1_590' title='bbox 1000 1983 1158 2012; x_wconf 85' lang='lat' dir='ltr'><strong>possumus,</strong></span> <span class='ocrx_word' id='word_1_591' title='bbox 1176 1982 1238 2002; x_wconf 91' lang='lat' dir='ltr'><strong>cum</strong></span> <span class='ocrx_word' id='word_1_592' title='bbox 1261 1975 1476 2010; x_wconf 75' lang='lat' dir='ltr'><strong>redemptionem</strong></span> <span class='ocrx_word' id='word_1_593' title='bbox 1499 1974 1601 2005; x_wconf 87' lang='lat' dir='ltr'><strong>Christi</strong></span> <span class='ocrx_word' id='word_1_594' title='bbox 1628 1980 1701 2015; x_wconf 78' lang='lat' dir='ltr'><strong>cogi-</strong></span> 
     </span>
    </p>
   </div>
   <div class='ocr_carea' id='block_1_82' title="bbox 65 2021 859 2065">
    <p class='ocr_par' dir='ltr' id='par_1_82' title="bbox 65 2028 859 2065">
     <span class='ocr_line' id='line_1_83' title="bbox 65 2028 859 2065; baseline 0.001 -10"><span class='ocrx_word' id='word_1_595' title='bbox 65 2030 138 2065; x_wconf 80' lang='grc' dir='ltr'>ἡμᾶς</span> <span class='ocrx_word' id='word_1_596' title='bbox 152 2028 346 2064; x_wconf 80' lang='grc' dir='ltr'>αἰχμαλώτους</span> <span class='ocrx_word' id='word_1_597' title='bbox 360 2029 450 2062; x_wconf 75' lang='grc' dir='ltr'>ὄντας,</span> <span class='ocrx_word' id='word_1_598' title='bbox 466 2030 513 2056; x_wconf 69' lang='grc' dir='ltr'>καὶ</span> <span class='ocrx_word' id='word_1_599' title='bbox 528 2030 581 2056; x_wconf 83' lang='grc' dir='ltr'><strong>ὑπὸ</strong></span> <span class='ocrx_word' id='word_1_600' title='bbox 591 2029 716 2065; x_wconf 83' lang='grc' dir='ltr'>τυράννῳ</span> <span class='ocrx_word' id='word_1_601' title='bbox 729 2030 859 2065; x_wconf 86' lang='grc' dir='ltr'>πράττον-</span> 
     </span>
    </p>
   </div>
   <div class='ocr_carea' id='block_1_83' title="bbox 910 2021 1698 2065">
    <p class='ocr_par' dir='ltr' id='par_1_83' title="bbox 910 2021 1698 2059">
     <span class='ocr_line' id='line_1_84' title="bbox 910 2021 1698 2059; baseline 0 -7"><span class='ocrx_word' id='word_1_602' title='bbox 910 2029 1008 2052; x_wconf 84' lang='lat' dir='ltr'><strong>lamus.</strong></span> <span class='ocrx_word' id='word_1_603' title='bbox 1021 2022 1148 2057; x_wconf 82' lang='lat' dir='ltr'><strong>Captivos</strong></span> <span class='ocrx_word' id='word_1_604' title='bbox 1163 2021 1234 2048; x_wconf 88' lang='lat' dir='ltr'><strong>enim</strong></span> <span class='ocrx_word' id='word_1_605' title='bbox 1252 2028 1312 2054; x_wconf 89' lang='lat' dir='ltr'><strong>nos,</strong></span> <span class='ocrx_word' id='word_1_606' title='bbox 1343 2025 1370 2048; x_wconf 88' lang='lat' dir='ltr'><strong>et</strong></span> <span class='ocrx_word' id='word_1_607' title='bbox 1382 2024 1512 2056; x_wconf 86' lang='lat' dir='ltr'><strong>tyranno,</strong></span> <span class='ocrx_word' id='word_1_608' title='bbox 1530 2023 1698 2059; x_wconf 79' lang='lat' dir='ltr'><strong>importuno,</strong></span> 
     </span>
    </p>
   </div>
   <div class='ocr_carea' id='block_1_84' title="bbox 65 2066 859 2111">
    <p class='ocr_par' dir='ltr' id='par_1_84' title="bbox 65 2075 859 2111">
     <span class='ocr_line' id='line_1_85' title="bbox 65 2075 859 2111; baseline 0.001 -10"><span class='ocrx_word' id='word_1_609' title='bbox 65 2083 123 2107; x_wconf 84' lang='grc' dir='ltr'>τας,</span> <span class='ocrx_word' id='word_1_610' title='bbox 131 2075 237 2111; x_wconf 77' lang='grc' dir='ltr'>πικρῷ,</span> <span class='ocrx_word' id='word_1_611' title='bbox 248 2075 330 2110; x_wconf 71' lang='grc' dir='ltr'>φημὶ,</span> <span class='ocrx_word' id='word_1_612' title='bbox 346 2075 377 2110; x_wconf 83' lang='grc' dir='ltr'>δὴ</span> <span class='ocrx_word' id='word_1_613' title='bbox 390 2075 428 2110; x_wconf 84' lang='grc' dir='ltr'>τῷ</span> <span class='ocrx_word' id='word_1_614' title='bbox 441 2076 558 2111; x_wconf 84' lang='grc' dir='ltr'>Σατανᾷ,</span> <span class='ocrx_word' id='word_1_615' title='bbox 573 2076 720 2111; x_wconf 82' lang='grc' dir='ltr'>ἀνεκόμισε</span> <span class='ocrx_word' id='word_1_616' title='bbox 730 2075 758 2102; x_wconf 81' lang='grc' dir='ltr'>δὲ</span> <span class='ocrx_word' id='word_1_617' title='bbox 767 2075 859 2111; x_wconf 84' lang='grc' dir='ltr'>ὥσπερ</span> 
     </span>
    </p>
   </div>
   <div class='ocr_carea' id='block_1_85' title="bbox 910 2066 1700 2111">
    <p class='ocr_par' dir='ltr' id='par_1_85' title="bbox 910 2066 1700 2105">
     <span class='ocr_line' id='line_1_86' title="bbox 910 2066 1700 2105; baseline 0.001 -8"><span class='ocrx_word' id='word_1_618' title='bbox 910 2070 1035 2105; x_wconf 81' lang='lat' dir='ltr'><strong>inquam,</strong></span> <span class='ocrx_word' id='word_1_619' title='bbox 1050 2068 1158 2095; x_wconf 66' lang='lat' dir='ltr'><strong>Satanre</strong></span> <span class='ocrx_word' id='word_1_620' title='bbox 1169 2066 1291 2095; x_wconf 90' lang='lat' dir='ltr'><strong>subditos</strong></span> <span class='ocrx_word' id='word_1_621' title='bbox 1305 2067 1415 2102; x_wconf 84' lang='lat' dir='ltr'><strong>eripuit,</strong></span> <span class='ocrx_word' id='word_1_622' title='bbox 1425 2072 1452 2095; x_wconf 92' lang='lat' dir='ltr'><strong>et</strong></span> <span class='ocrx_word' id='word_1_623' title='bbox 1465 2069 1542 2103; x_wconf 81' lang='lat' dir='ltr'><strong>quasi</strong></span> <span class='ocrx_word' id='word_1_624' title='bbox 1557 2069 1583 2096; x_wconf 93' lang='lat' dir='ltr'><strong>in</strong></span> <span class='ocrx_word' id='word_1_625' title='bbox 1600 2075 1700 2098; x_wconf 87' lang='lat' dir='ltr'><strong>terram</strong></span> 
     </span>
    </p>
   </div>
   <div class='ocr_carea' id='block_1_86' title="bbox 66 2113 859 2156">
    <p class='ocr_par' dir='ltr' id='par_1_86' title="bbox 66 2120 858 2156">
     <span class='ocr_line' id='line_1_87' title="bbox 66 2120 858 2156; baseline 0.001 -10"><span class='ocrx_word' id='word_1_626' title='bbox 66 2122 104 2151; x_wconf 77' lang='grc' dir='ltr'><strong>εἰς</strong></span> <span class='ocrx_word' id='word_1_627' title='bbox 126 2121 181 2156; x_wconf 79' lang='grc' dir='ltr'>γῆν</span> <span class='ocrx_word' id='word_1_628' title='bbox 201 2120 295 2154; x_wconf 76' lang='grc' dir='ltr'>ἁγίαν,</span> <span class='ocrx_word' id='word_1_629' title='bbox 310 2120 351 2152; x_wconf 83' lang='grc' dir='ltr'><strong>εἰς</strong></span> <span class='ocrx_word' id='word_1_630' title='bbox 372 2120 510 2147; x_wconf 88' lang='grc' dir='ltr'>πολιτείαν</span> <span class='ocrx_word' id='word_1_631' title='bbox 534 2120 725 2156; x_wconf 84' lang='grc' dir='ltr'>εὑαγγελικὴν,</span> <span class='ocrx_word' id='word_1_632' title='bbox 739 2121 779 2152; x_wconf 85' lang='grc' dir='ltr'><strong>εἰς</strong></span> <span class='ocrx_word' id='word_1_633' title='bbox 802 2120 858 2153; x_wconf 78' lang='grc' dir='ltr'>ἕξιν</span> 
     </span>
    </p>
   </div>
   <div class='ocr_carea' id='block_1_87' title="bbox 910 2113 1701 2156">
    <p class='ocr_par' dir='ltr' id='par_1_87' title="bbox 912 2113 1701 2150">
     <span class='ocr_line' id='line_1_88' title="bbox 912 2113 1701 2150; baseline -0.004 -8"><span class='ocrx_word' id='word_1_634' title='bbox 912 2120 1033 2143; x_wconf 86' lang='lat' dir='ltr'><strong>sanctam</strong></span> <span class='ocrx_word' id='word_1_635' title='bbox 1048 2113 1166 2146; x_wconf 84' lang='lat' dir='ltr'><strong>reduxit,</strong></span> <span class='ocrx_word' id='word_1_636' title='bbox 1185 2113 1218 2140; x_wconf 89' lang='lat' dir='ltr'><strong>ad</strong></span> <span class='ocrx_word' id='word_1_637' title='bbox 1234 2113 1317 2140; x_wconf 84' lang='lat' dir='ltr'><strong>vitam</strong></span> <span class='ocrx_word' id='word_1_638' title='bbox 1344 2113 1538 2150; x_wconf 84' lang='lat' dir='ltr'><strong>evangelicam,</strong></span> <span class='ocrx_word' id='word_1_639' title='bbox 1560 2116 1594 2143; x_wconf 84' lang='lat' dir='ltr'><strong>ad</strong></span> <span class='ocrx_word' id='word_1_640' title='bbox 1620 2116 1701 2145; x_wconf 77' lang='lat' dir='ltr'><strong>habi.</strong></span> 
     </span>
    </p>
   </div>
   <div class='ocr_carea' id='block_1_88' title="bbox 67 2157 859 2204">
    <p class='ocr_par' dir='ltr' id='par_1_88' title="bbox 67 2165 857 2203">
     <span class='ocr_line' id='line_1_89' title="bbox 67 2165 857 2203; baseline -0.001 -10"><span class='ocrx_word' id='word_1_641' title='bbox 67 2167 287 2202; x_wconf 81' lang='grc' dir='ltr'>εὑμαθεστάτην,</span> <span class='ocrx_word' id='word_1_642' title='bbox 301 2167 342 2197; x_wconf 82' lang='grc' dir='ltr'><strong>είς</strong></span> <span class='ocrx_word' id='word_1_643' title='bbox 357 2165 435 2192; x_wconf 81' lang='grc' dir='ltr'>πόλιν</span> <span class='ocrx_word' id='word_1_644' title='bbox 456 2166 661 2203; x_wconf 87' lang='grc' dir='ltr'>τετειχισμένην</span> <span class='ocrx_word' id='word_1_645' title='bbox 685 2166 737 2202; x_wconf 83' lang='grc' dir='ltr'>τὴν</span> <span class='ocrx_word' id='word_1_646' title='bbox 760 2166 857 2202; x_wconf 80' lang='grc' dir='ltr'>νοητὴν</span> 
     </span>
    </p>
   </div>
   <div class='ocr_carea' id='block_1_89' title="bbox 910 2157 1701 2204">
    <p class='ocr_par' dir='ltr' id='par_1_89' title="bbox 912 2157 1701 2196">
     <span class='ocr_line' id='line_1_90' title="bbox 912 2157 1701 2196; baseline 0.004 -9"><span class='ocrx_word' id='word_1_647' title='bbox 912 2165 968 2187; x_wconf 87' lang='lat' dir='ltr'><strong>tum</strong></span> <span class='ocrx_word' id='word_1_648' title='bbox 984 2163 1010 2187; x_wconf 92' lang='lat' dir='ltr'><strong>et</strong></span> <span class='ocrx_word' id='word_1_649' title='bbox 1026 2166 1125 2190; x_wconf 88' lang='lat' dir='ltr'><strong>mores,</strong></span> <span class='ocrx_word' id='word_1_650' title='bbox 1146 2165 1261 2193; x_wconf 91' lang='lat' dir='ltr'><strong>quorum</strong></span> <span class='ocrx_word' id='word_1_651' title='bbox 1283 2157 1411 2186; x_wconf 82' lang='lat' dir='ltr'><strong>facillima</strong></span> <span class='ocrx_word' id='word_1_652' title='bbox 1438 2164 1481 2188; x_wconf 87' lang='lat' dir='ltr'><strong>est</strong></span> <span class='ocrx_word' id='word_1_653' title='bbox 1505 2161 1644 2196; x_wconf 74' lang='lat' dir='ltr'><strong>cognitio,</strong></span> <span class='ocrx_word' id='word_1_654' title='bbox 1666 2163 1701 2190; x_wconf 92' lang='lat' dir='ltr'><strong>ad</strong></span> 
     </span>
    </p>
   </div>
   <div class='ocr_carea' id='block_1_90' title="bbox 73 2211 861 2247">
    <p class='ocr_par' dir='ltr' id='par_1_90' title="bbox 73 2211 861 2247">
     <span class='ocr_line' id='line_1_91' title="bbox 73 2211 861 2247; baseline 0 -9"><span class='ocrx_word' id='word_1_655' title='bbox 73 2211 272 2247; x_wconf 82' lang='grc' dir='ltr'>Ἰερουσαλὴμ,</span> <span class='ocrx_word' id='word_1_656' title='bbox 293 2211 352 2246; x_wconf 73' lang='grc' dir='ltr'>ητις</span> <span class='ocrx_word' id='word_1_657' title='bbox 384 2212 458 2238; x_wconf 76' lang='grc' dir='ltr'>ἐστὶν</span> <span class='ocrx_word' id='word_1_658' title='bbox 482 2211 634 2247; x_wconf 87' lang='grc' dir='ltr'>Ἐκκλησία</span> <span class='ocrx_word' id='word_1_659' title='bbox 657 2211 725 2238; x_wconf 91' lang='grc' dir='ltr'><strong>Θεοῦ</strong></span> <span class='ocrx_word' id='word_1_660' title='bbox 750 2211 861 2244; x_wconf 80' lang='grc' dir='ltr'>ζῶντος,</span> 
     </span>
    </p>
   </div>
   <div class='ocr_carea' id='block_1_91' title="bbox 70 2256 863 2293">
    <p class='ocr_par' dir='ltr' id='par_1_91' title="bbox 70 2256 863 2293">
     <span class='ocr_line' id='line_1_92' title="bbox 70 2256 863 2293; baseline 0 -9"><span class='ocrx_word' id='word_1_661' title='bbox 70 2267 79 2283; x_wconf 84' lang='grc' dir='ltr'><strong>ι</strong></span> <span class='ocrx_word' id='word_1_662' title='bbox 90 2256 300 2293; x_wconf 76' lang='grc' dir='ltr'>οἰκοδομεῖσθαι</span> <span class='ocrx_word' id='word_1_663' title='bbox 313 2258 535 2293; x_wconf 83' lang='grc' dir='ltr'>παρασκευάσας,</span> <span class='ocrx_word' id='word_1_664' title='bbox 547 2257 585 2289; x_wconf 84' lang='grc' dir='ltr'>ὡς</span> <span class='ocrx_word' id='word_1_665' title='bbox 598 2257 690 2289; x_wconf 87' lang='grc' dir='ltr'>λίθους</span> <span class='ocrx_word' id='word_1_666' title='bbox 703 2257 809 2293; x_wconf 85' lang='grc' dir='ltr'>τιμίους</span> <span class='ocrx_word' id='word_1_667' title='bbox 822 2258 863 2289; x_wconf 80' lang='grc' dir='ltr'><strong>εἰς</strong></span> 
     </span>
    </p>
   </div>
   <div class='ocr_carea' id='block_1_92' title="bbox 66 2302 859 2339">
    <p class='ocr_par' dir='ltr' id='par_1_92' title="bbox 66 2302 859 2339">
     <span class='ocr_line' id='line_1_93' title="bbox 66 2302 859 2339; baseline 0.001 -10"><span class='ocrx_word' id='word_1_668' title='bbox 66 2303 128 2329; x_wconf 75' lang='grc' dir='ltr'>ναὸν</span> <span class='ocrx_word' id='word_1_669' title='bbox 152 2302 244 2336; x_wconf 73' lang='grc' dir='ltr'>άγιον,</span> <span class='ocrx_word' id='word_1_670' title='bbox 261 2303 301 2334; x_wconf 85' lang='grc' dir='ltr'><strong>εἰς</strong></span> <span class='ocrx_word' id='word_1_671' title='bbox 324 2303 534 2339; x_wconf 77' lang='grc' dir='ltr'>κατοικητήριον</span> <span class='ocrx_word' id='word_1_672' title='bbox 557 2302 625 2330; x_wconf 85' lang='grc' dir='ltr'>Θεοῦ</span> <span class='ocrx_word' id='word_1_673' title='bbox 641 2304 670 2329; x_wconf 76' lang='grc' dir='ltr'>ἐν</span> <span class='ocrx_word' id='word_1_674' title='bbox 686 2303 832 2338; x_wconf 85' lang='grc' dir='ltr'>πνεύματι.</span> <span class='ocrx_word' id='word_1_675' title='bbox 847 2312 859 2330; x_wconf 71' lang='grc' dir='ltr'><strong>ι</strong></span> 
     </span>
    </p>
   </div>
   <div class='ocr_carea' id='block_1_93' title="bbox 72 2349 860 2385">
    <p class='ocr_par' dir='ltr' id='par_1_93' title="bbox 72 2349 860 2385">
     <span class='ocr_line' id='line_1_94' title="bbox 72 2349 860 2385; baseline -0.001 -9"><span class='ocrx_word' id='word_1_676' title='bbox 72 2349 153 2376; x_wconf 76' lang='grc' dir='ltr'>Ἀλλὰ</span> <span class='ocrx_word' id='word_1_677' title='bbox 177 2350 235 2381; x_wconf 88' lang='grc' dir='ltr'>τοῖς</span> <span class='ocrx_word' id='word_1_678' title='bbox 259 2350 292 2376; x_wconf 79' lang='grc' dir='ltr'>ὲκ</span> <span class='ocrx_word' id='word_1_679' title='bbox 317 2349 466 2384; x_wconf 79' lang='grc' dir='ltr'>βασκανίας</span> <span class='ocrx_word' id='word_1_680' title='bbox 490 2350 581 2382; x_wconf 81' lang='grc' dir='ltr'>πόνοις</span> <span class='ocrx_word' id='word_1_681' title='bbox 602 2350 619 2385; x_wconf 82' lang='grc' dir='ltr'><strong>ἡ</strong></span> <span class='ocrx_word' id='word_1_682' title='bbox 640 2349 695 2376; x_wconf 86' lang='grc' dir='ltr'><strong>τῶν</strong></span> <span class='ocrx_word' id='word_1_683' title='bbox 715 2349 860 2385; x_wconf 83' lang='grc' dir='ltr'>δαιμονίων</span> 
     </span>
    </p>
   </div>
   <div class='ocr_carea' id='block_1_94' title="bbox 67 2394 860 2431">
    <p class='ocr_par' dir='ltr' id='par_1_94' title="bbox 67 2394 860 2431">
     <span class='ocr_line' id='line_1_95' title="bbox 67 2394 860 2431; baseline 0.001 -10"><span class='ocrx_word' id='word_1_684' title='bbox 67 2394 221 2430; x_wconf 75' lang='grc' dir='ltr'>ἀνεφλέχθη</span> <span class='ocrx_word' id='word_1_685' title='bbox 243 2394 338 2421; x_wconf 84' lang='grc' dir='ltr'>ἀνοσία</span> <span class='ocrx_word' id='word_1_686' title='bbox 359 2395 473 2431; x_wconf 85' lang='grc' dir='ltr'>πληθὺς,</span> <span class='ocrx_word' id='word_1_687' title='bbox 491 2395 538 2423; x_wconf 78' lang='grc' dir='ltr'>καὶ</span> <span class='ocrx_word' id='word_1_688' title='bbox 555 2395 647 2431; x_wconf 84' lang='grc' dir='ltr'>μέντοι</span> <span class='ocrx_word' id='word_1_689' title='bbox 672 2394 740 2430; x_wconf 79' lang='grc' dir='ltr'>πρὸς</span> <span class='ocrx_word' id='word_1_690' title='bbox 755 2395 860 2426; x_wconf 87' lang='grc' dir='ltr'>τούτοις</span> 
     </span>
    </p>
   </div>
   <div class='ocr_carea' id='block_1_95' title="bbox 67 2440 860 2477">
    <p class='ocr_par' dir='ltr' id='par_1_95' title="bbox 67 2440 860 2477">
     <span class='ocr_line' id='line_1_96' title="bbox 67 2440 860 2477; baseline 0 -9"><span class='ocrx_word' id='word_1_691' title='bbox 67 2442 91 2468; x_wconf 86' lang='grc' dir='ltr'><strong>οί</strong></span> <span class='ocrx_word' id='word_1_692' title='bbox 105 2443 164 2473; x_wconf 85' lang='grc' dir='ltr'>τοῖς</span> <span class='ocrx_word' id='word_1_693' title='bbox 176 2441 294 2477; x_wconf 75' lang='grc' dir='ltr'>δόγμασι</span> <span class='ocrx_word' id='word_1_694' title='bbox 311 2441 359 2476; x_wconf 88' lang='grc' dir='ltr'>τῆς</span> <span class='ocrx_word' id='word_1_695' title='bbox 378 2441 506 2477; x_wconf 82' lang='grc' dir='ltr'>ἀληθείας</span> <span class='ocrx_word' id='word_1_696' title='bbox 525 2441 684 2477; x_wconf 86' lang='grc' dir='ltr'>μαχόμενοι,</span> <span class='ocrx_word' id='word_1_697' title='bbox 700 2441 792 2468; x_wconf 78' lang='grc' dir='ltr'>πολλοὶ</span> <span class='ocrx_word' id='word_1_698' title='bbox 809 2440 860 2476; x_wconf 82' lang='grc' dir='ltr'>μὲν</span> 
     </span>
    </p>
   </div>
   <div class='ocr_carea' id='block_1_96' title="bbox 66 2485 860 2522">
    <p class='ocr_par' dir='ltr' id='par_1_96' title="bbox 66 2485 860 2522">
     <span class='ocr_line' id='line_1_97' title="bbox 66 2485 860 2522; baseline -0.001 -10"><span class='ocrx_word' id='word_1_699' title='bbox 66 2485 115 2517; x_wconf 76' lang='grc' dir='ltr'><strong>τὰς</strong></span> <span class='ocrx_word' id='word_1_700' title='bbox 129 2485 204 2513; x_wconf 76' lang='grc' dir='ltr'>κατὰ</span> <span class='ocrx_word' id='word_1_701' title='bbox 222 2485 278 2512; x_wconf 87' lang='grc' dir='ltr'><strong>τῶν</strong></span> <span class='ocrx_word' id='word_1_702' title='bbox 302 2485 388 2520; x_wconf 83' lang='grc' dir='ltr'>ἁγίων</span> <span class='ocrx_word' id='word_1_703' title='bbox 411 2486 521 2520; x_wconf 76' lang='grc' dir='ltr'>ἐφόδους</span> <span class='ocrx_word' id='word_1_704' title='bbox 536 2485 709 2522; x_wconf 85' lang='grc' dir='ltr'>πεποίηνται,</span> <span class='ocrx_word' id='word_1_705' title='bbox 727 2485 860 2520; x_wconf 81' lang='grc' dir='ltr'>ἠδίκησαν</span> 
     </span>
    </p>
   </div>
   <div class='ocr_carea' id='block_1_97' title="bbox 68 2529 861 2567">
    <p class='ocr_par' dir='ltr' id='par_1_97' title="bbox 68 2529 861 2567">
     <span class='ocr_line' id='line_1_98' title="bbox 68 2529 861 2567; baseline -0.001 -9"><span class='ocrx_word' id='word_1_706' title='bbox 68 2531 94 2558; x_wconf 73' lang='grc' dir='ltr'>δὲ</span> <span class='ocrx_word' id='word_1_707' title='bbox 118 2531 197 2558; x_wconf 76' lang='grc' dir='ltr'>οὐδὲν</span> <span class='ocrx_word' id='word_1_708' title='bbox 223 2530 439 2566; x_wconf 76' lang='grc' dir='ltr'>προασπίζοντος</span> <span class='ocrx_word' id='word_1_709' title='bbox 457 2530 536 2564; x_wconf 84' lang='grc' dir='ltr'>Θεοῦ,</span> <span class='ocrx_word' id='word_1_710' title='bbox 557 2530 811 2567; x_wconf 81' lang='grc' dir='ltr'>παραθαρσύνοντος</span> <span class='ocrx_word' id='word_1_711' title='bbox 831 2529 861 2557; x_wconf 82' lang='grc' dir='ltr'>δὲ</span> 
     </span>
    </p>
   </div>
   <div class='ocr_carea' id='block_1_98' title="bbox 68 2576 860 2613">
    <p class='ocr_par' dir='ltr' id='par_1_98' title="bbox 68 2576 860 2613">
     <span class='ocr_line' id='line_1_99' title="bbox 68 2576 860 2613; baseline 0.001 -11"><span class='ocrx_word' id='word_1_712' title='bbox 68 2577 197 2613; x_wconf 79' lang='grc' dir='ltr'>Χριστοῦ,</span> <span class='ocrx_word' id='word_1_713' title='bbox 215 2578 263 2604; x_wconf 79' lang='grc' dir='ltr'>καὶ</span> <span class='ocrx_word' id='word_1_714' title='bbox 285 2577 422 2611; x_wconf 84' lang='grc' dir='ltr'>λέγοντος,</span> <span class='ocrx_word' id='word_1_715' title='bbox 440 2576 529 2612; x_wconf 77' lang='grc' dir='ltr'>θλίψιν</span> <span class='ocrx_word' id='word_1_716' title='bbox 552 2577 628 2611; x_wconf 70' lang='grc' dir='ltr'>ἕξετε</span> <span class='ocrx_word' id='word_1_717' title='bbox 649 2577 677 2603; x_wconf 79' lang='grc' dir='ltr'>ὲν</span> <span class='ocrx_word' id='word_1_718' title='bbox 697 2576 735 2612; x_wconf 86' lang='grc' dir='ltr'><strong>τῷ</strong></span> <span class='ocrx_word' id='word_1_719' title='bbox 755 2577 860 2612; x_wconf 81' lang='grc' dir='ltr'>κόσμῳ,</span> 
     </span>
    </p>
   </div>
   <div class='ocr_carea' id='block_1_99' title="bbox 69 2622 862 2659">
    <p class='ocr_par' dir='ltr' id='par_1_99' title="bbox 69 2622 862 2659">
     <span class='ocr_line' id='line_1_100' title="bbox 69 2622 862 2659; baseline 0 -10"><span class='ocrx_word' id='word_1_720' title='bbox 69 2622 135 2650; x_wconf 77' lang='grc' dir='ltr'>ἀλλὰ</span> <span class='ocrx_word' id='word_1_721' title='bbox 154 2632 163 2648; x_wconf 90' lang='lat' dir='ltr'><strong>l</strong></span> <span class='ocrx_word' id='word_1_722' title='bbox 177 2623 322 2659; x_wconf 84' lang='grc' dir='ltr'>Θαρσεῖτε.</span> <span class='ocrx_word' id='word_1_723' title='bbox 336 2622 394 2657; x_wconf 77' lang='grc' dir='ltr'><strong>ἐγὼ</strong></span> <span class='ocrx_word' id='word_1_724' title='bbox 408 2623 538 2659; x_wconf 87' lang='grc' dir='ltr'>νενίκηκα</span> <span class='ocrx_word' id='word_1_725' title='bbox 553 2624 598 2650; x_wconf 74' lang='grc' dir='ltr'><strong>τὸν</strong></span> <span class='ocrx_word' id='word_1_726' title='bbox 613 2623 726 2659; x_wconf 83' lang='grc' dir='ltr'>κόσμον.</span> <span class='ocrx_word' id='word_1_727' title='bbox 741 2633 750 2649; x_wconf 74' lang='grc' dir='ltr'><strong>ι</strong></span> <span class='ocrx_word' id='word_1_728' title='bbox 762 2622 862 2654; x_wconf 82' lang='grc' dir='ltr'>’Υθλος</span> 
     </span>
    </p>
   </div>
   <div class='ocr_carea' id='block_1_100' title="bbox 71 2669 862 2706">
    <p class='ocr_par' dir='ltr' id='par_1_100' title="bbox 71 2669 862 2706">
     <span class='ocr_line' id='line_1_101' title="bbox 71 2669 862 2706; baseline 0.001 -11"><span class='ocrx_word' id='word_1_729' title='bbox 71 2669 117 2704; x_wconf 78' lang='grc' dir='ltr'>μὲν</span> <span class='ocrx_word' id='word_1_730' title='bbox 138 2670 217 2706; x_wconf 80' lang='grc' dir='ltr'>παρὰ</span> <span class='ocrx_word' id='word_1_731' title='bbox 238 2670 297 2701; x_wconf 80' lang='grc' dir='ltr'>τοῖς</span> <span class='ocrx_word' id='word_1_732' title='bbox 312 2669 451 2701; x_wconf 84' lang='grc' dir='ltr'>Ἰουδαίοις</span> <span class='ocrx_word' id='word_1_733' title='bbox 475 2669 584 2706; x_wconf 83' lang='grc' dir='ltr'>σαθρὸς,</span> <span class='ocrx_word' id='word_1_734' title='bbox 599 2670 646 2697; x_wconf 70' lang='grc' dir='ltr'>καὶ</span> <span class='ocrx_word' id='word_1_735' title='bbox 669 2669 806 2705; x_wconf 84' lang='grc' dir='ltr'>γραώδης,</span> <span class='ocrx_word' id='word_1_736' title='bbox 824 2669 862 2700; x_wconf 82' lang='grc' dir='ltr'><strong>ὡς</strong></span> 
     </span>
    </p>
   </div>
   <div class='ocr_carea' id='block_1_101' title="bbox 70 2714 861 2752">
    <p class='ocr_par' dir='ltr' id='par_1_101' title="bbox 70 2714 861 2752">
     <span class='ocr_line' id='line_1_102' title="bbox 70 2714 861 2752; baseline -0.001 -10"><span class='ocrx_word' id='word_1_737' title='bbox 70 2714 141 2743; x_wconf 68' lang='grc' dir='ltr'>ἔσται</span> <span class='ocrx_word' id='word_1_738' title='bbox 164 2715 238 2743; x_wconf 85' lang='grc' dir='ltr'>κατὰ</span> <span class='ocrx_word' id='word_1_739' title='bbox 261 2716 377 2751; x_wconf 86' lang='grc' dir='ltr'>καιροὺς</span> <span class='ocrx_word' id='word_1_740' title='bbox 401 2716 430 2742; x_wconf 81' lang='grc' dir='ltr'>ὲν</span> <span class='ocrx_word' id='word_1_741' title='bbox 456 2717 489 2752; x_wconf 86' lang='grc' dir='ltr'>τῇ</span> <span class='ocrx_word' id='word_1_742' title='bbox 515 2715 618 2743; x_wconf 79' lang='grc' dir='ltr'>κοιλάδι</span> <span class='ocrx_word' id='word_1_743' title='bbox 633 2715 681 2742; x_wconf 83' lang='grc' dir='ltr'><strong>τοῦ</strong></span> <span class='ocrx_word' id='word_1_744' title='bbox 691 2715 826 2749; x_wconf 77' lang='grc' dir='ltr'>Ἰωσαφὰτ</span> <span class='ocrx_word' id='word_1_745' title='bbox 844 2715 861 2750; x_wconf 83' lang='grc' dir='ltr'><strong>ἠ</strong></span> 
     </span>
    </p>
   </div>
   <div class='ocr_carea' id='block_1_102' title="bbox 71 2759 862 2798">
    <p class='ocr_par' dir='ltr' id='par_1_102' title="bbox 71 2759 862 2798">
     <span class='ocr_line' id='line_1_103' title="bbox 71 2759 862 2798; baseline -0.004 -9"><span class='ocrx_word' id='word_1_746' title='bbox 71 2761 140 2797; x_wconf 75' lang='grc' dir='ltr'>παρὰ</span> <span class='ocrx_word' id='word_1_747' title='bbox 154 2761 224 2789; x_wconf 82' lang='grc' dir='ltr'>Θεοῦ</span> <span class='ocrx_word' id='word_1_748' title='bbox 246 2762 320 2789; x_wconf 80' lang='grc' dir='ltr'>κατὰ</span> <span class='ocrx_word' id='word_1_749' title='bbox 340 2761 450 2789; x_wconf 86' lang='grc' dir='ltr'>πάντων</span> <span class='ocrx_word' id='word_1_750' title='bbox 466 2762 568 2798; x_wconf 87' lang='grc' dir='ltr'>κρίσις,</span> <span class='ocrx_word' id='word_1_751' title='bbox 584 2761 653 2797; x_wconf 80' lang='grc' dir='ltr'>μετὰ</span> <span class='ocrx_word' id='word_1_752' title='bbox 666 2761 697 2788; x_wconf 80' lang='grc' dir='ltr'>τὸ</span> <span class='ocrx_word' id='word_1_753' title='bbox 714 2759 862 2788; x_wconf 81' lang='grc' dir='ltr'>ἀναϐιῶναι</span> 
     </span>
    </p>
   </div>
   <div class='ocr_carea' id='block_1_103' title="bbox 913 2204 1701 2242">
    <p class='ocr_par' dir='ltr' id='par_1_103' title="bbox 913 2204 1701 2242">
     <span class='ocr_line' id='line_1_104' title="bbox 913 2204 1701 2242; baseline 0.006 -10"><span class='ocrx_word' id='word_1_754' title='bbox 913 2206 1006 2233; x_wconf 87' lang='lat' dir='ltr'><strong>urbem</strong></span> <span class='ocrx_word' id='word_1_755' title='bbox 1025 2212 1105 2232; x_wconf 89' lang='lat' dir='ltr'><strong>muro</strong></span> <span class='ocrx_word' id='word_1_756' title='bbox 1118 2204 1252 2236; x_wconf 84' lang='lat' dir='ltr'><strong>cinctam,</strong></span> <span class='ocrx_word' id='word_1_757' title='bbox 1273 2212 1370 2232; x_wconf 89' lang='lat' dir='ltr'><strong>novam</strong></span> <span class='ocrx_word' id='word_1_758' title='bbox 1387 2205 1537 2234; x_wconf 85' lang='lat' dir='ltr'><strong>Jerusalem</strong></span> <span class='ocrx_word' id='word_1_759' title='bbox 1548 2227 1556 2240; x_wconf 88' lang='lat'><strong>,</strong></span> <span class='ocrx_word' id='word_1_760' title='bbox 1582 2215 1641 2242; x_wconf 66' lang='lat' dir='ltr'><strong>qua:</strong></span> <span class='ocrx_word' id='word_1_761' title='bbox 1658 2213 1701 2237; x_wconf 83' lang='lat' dir='ltr'><strong>est</strong></span> 
     </span>
    </p>
   </div>
   <div class='ocr_carea' id='block_1_104' title="bbox 911 2251 1700 2290">
    <p class='ocr_par' dir='ltr' id='par_1_104' title="bbox 911 2251 1700 2290">
     <span class='ocr_line' id='line_1_105' title="bbox 911 2251 1700 2290; baseline 0.006 -12"><span class='ocrx_word' id='word_1_762' title='bbox 911 2251 1033 2279; x_wconf 84' lang='lat' dir='ltr'><strong>Ecclesia</strong></span> <span class='ocrx_word' id='word_1_763' title='bbox 1050 2251 1097 2279; x_wconf 88' lang='lat' dir='ltr'><strong>Dei</strong></span> <span class='ocrx_word' id='word_1_764' title='bbox 1115 2251 1232 2280; x_wconf 87' lang='lat' dir='ltr'><strong>viventis</strong></span> <span class='ocrx_word' id='word_1_765' title='bbox 1247 2271 1256 2285; x_wconf 78' lang='lat'><strong>,</strong></span> <span class='ocrx_word' id='word_1_766' title='bbox 1280 2256 1357 2288; x_wconf 86' lang='lat' dir='ltr'><strong>aptos</strong></span> <span class='ocrx_word' id='word_1_767' title='bbox 1386 2253 1502 2281; x_wconf 90' lang='lat' dir='ltr'><strong>reddens</strong></span> <span class='ocrx_word' id='word_1_768' title='bbox 1525 2259 1555 2282; x_wconf 87' lang='lat' dir='ltr'><strong>ut</strong></span> <span class='ocrx_word' id='word_1_769' title='bbox 1572 2259 1700 2290; x_wconf 84' lang='lat' dir='ltr'><strong>tanquam</strong></span> 
     </span>
    </p>
   </div>
   <div class='ocr_carea' id='block_1_105' title="bbox 910 2296 1700 2335">
    <p class='ocr_par' dir='ltr' id='par_1_105' title="bbox 910 2296 1700 2335">
     <span class='ocr_line' id='line_1_106' title="bbox 910 2296 1700 2335; baseline 0.005 -12"><span class='ocrx_word' id='word_1_770' title='bbox 910 2297 1014 2332; x_wconf 78' lang='lat' dir='ltr'><strong>lapides</strong></span> <span class='ocrx_word' id='word_1_771' title='bbox 1031 2296 1143 2332; x_wconf 87' lang='lat' dir='ltr'><strong>pretiosi</strong></span> <span class='ocrx_word' id='word_1_772' title='bbox 1167 2296 1202 2331; x_wconf 70' lang='grc' dir='ltr'><strong>σι,</strong></span> <span class='ocrx_word' id='word_1_773' title='bbox 1218 2307 1227 2324; x_wconf 81' lang='grc' dir='ltr'><strong>ι</strong></span> <span class='ocrx_word' id='word_1_774' title='bbox 1241 2297 1497 2332; x_wconf 73' lang='lat' dir='ltr'><strong>Supersedtlicemur</strong></span> <span class='ocrx_word' id='word_1_775' title='bbox 1522 2299 1548 2327; x_wconf 91' lang='lat' dir='ltr'><strong>in</strong></span> <span class='ocrx_word' id='word_1_776' title='bbox 1571 2300 1700 2335; x_wconf 89' lang='lat' dir='ltr'><strong>templum</strong></span> 
     </span>
    </p>
   </div>
   <div class='ocr_carea' id='block_1_106' title="bbox 910 2342 1700 2379">
    <p class='ocr_par' dir='ltr' id='par_1_106' title="bbox 910 2342 1700 2379">
     <span class='ocr_line' id='line_1_107' title="bbox 910 2342 1700 2379; baseline 0.005 -9"><span class='ocrx_word' id='word_1_777' title='bbox 910 2347 1045 2376; x_wconf 88' lang='lat' dir='ltr'><strong>sanctum,</strong></span> <span class='ocrx_word' id='word_1_778' title='bbox 1062 2343 1088 2370; x_wconf 93' lang='lat' dir='ltr'><strong>in</strong></span> <span class='ocrx_word' id='word_1_779' title='bbox 1106 2342 1293 2370; x_wconf 81' lang='lat' dir='ltr'><strong>habitaculum</strong></span> <span class='ocrx_word' id='word_1_780' title='bbox 1310 2343 1367 2375; x_wconf 88' lang='lat' dir='ltr'><strong>Dei,</strong></span> <span class='ocrx_word' id='word_1_781' title='bbox 1387 2343 1414 2370; x_wconf 91' lang='lat' dir='ltr'><strong>in</strong></span> <span class='ocrx_word' id='word_1_782' title='bbox 1437 2344 1535 2379; x_wconf 84' lang='lat' dir='ltr'><strong>spiritu</strong></span> <span class='ocrx_word' id='word_1_783' title='bbox 1548 2345 1581 2373; x_wconf 79' lang='lat'><strong>“.</strong></span> <span class='ocrx_word' id='word_1_784' title='bbox 1607 2355 1616 2371; x_wconf 72' lang='grc' dir='ltr'><strong>ι</strong></span> <span class='ocrx_word' id='word_1_785' title='bbox 1645 2346 1700 2374; x_wconf 86' lang='lat' dir='ltr'><strong>Sed</strong></span> 
     </span>
    </p>
   </div>
   <div class='ocr_carea' id='block_1_107' title="bbox 910 2388 1699 2425">
    <p class='ocr_par' dir='ltr' id='par_1_107' title="bbox 910 2388 1699 2425">
     <span class='ocr_line' id='line_1_108' title="bbox 910 2388 1699 2425; baseline 0.005 -9"><span class='ocrx_word' id='word_1_786' title='bbox 910 2389 1019 2416; x_wconf 68' lang='lat' dir='ltr'><strong>invidiae</strong></span> <span class='ocrx_word' id='word_1_787' title='bbox 1035 2388 1172 2415; x_wconf 91' lang='lat' dir='ltr'><strong>doloribus</strong></span> <span class='ocrx_word' id='word_1_788' title='bbox 1184 2388 1300 2416; x_wconf 82' lang='lat' dir='ltr'><strong>nefanda</strong></span> <span class='ocrx_word' id='word_1_789' title='bbox 1315 2388 1467 2417; x_wconf 76' lang='lat' dir='ltr'><strong>dzemonum</strong></span> <span class='ocrx_word' id='word_1_790' title='bbox 1485 2391 1563 2418; x_wconf 85' lang='lat' dir='ltr'><strong>turba</strong></span> <span class='ocrx_word' id='word_1_791' title='bbox 1577 2392 1699 2425; x_wconf 79' lang='lat' dir='ltr'><strong>incensa,</strong></span> 
     </span>
    </p>
   </div>
   <div class='ocr_carea' id='block_1_108' title="bbox 912 2434 1698 2469">
    <p class='ocr_par' dir='ltr' id='par_1_108' title="bbox 912 2434 1698 2469">
     <span class='ocr_line' id='line_1_109' title="bbox 912 2434 1698 2469; baseline 0.005 -7"><span class='ocrx_word' id='word_1_792' title='bbox 912 2438 994 2469; x_wconf 85' lang='lat' dir='ltr'><strong>atque</strong></span> <span class='ocrx_word' id='word_1_793' title='bbox 1006 2434 1117 2469; x_wconf 88' lang='lat' dir='ltr'><strong>insuper</strong></span> <span class='ocrx_word' id='word_1_794' title='bbox 1141 2434 1296 2469; x_wconf 81' lang='lat' dir='ltr'><strong>dogmatum</strong></span> <span class='ocrx_word' id='word_1_795' title='bbox 1317 2434 1440 2462; x_wconf 88' lang='lat' dir='ltr'><strong>veritatis</strong></span> <span class='ocrx_word' id='word_1_796' title='bbox 1462 2435 1613 2465; x_wconf 86' lang='lat' dir='ltr'><strong>adversarii</strong></span> <span class='ocrx_word' id='word_1_797' title='bbox 1636 2445 1698 2466; x_wconf 85' lang='lat' dir='ltr'><strong>cre-</strong></span> 
     </span>
    </p>
   </div>
   <div class='ocr_carea' id='block_1_109' title="bbox 912 2479 1697 2515">
    <p class='ocr_par' dir='ltr' id='par_1_109' title="bbox 912 2479 1697 2515">
     <span class='ocr_line' id='line_1_110' title="bbox 912 2479 1697 2515; baseline 0.006 -7"><span class='ocrx_word' id='word_1_798' title='bbox 912 2481 975 2508; x_wconf 84' lang='lat' dir='ltr'><strong>bras</strong></span> <span class='ocrx_word' id='word_1_799' title='bbox 991 2479 1018 2507; x_wconf 93' lang='lat' dir='ltr'><strong>in</strong></span> <span class='ocrx_word' id='word_1_800' title='bbox 1034 2484 1144 2508; x_wconf 87' lang='lat' dir='ltr'><strong>sanctos</strong></span> <span class='ocrx_word' id='word_1_801' title='bbox 1162 2480 1332 2508; x_wconf 88' lang='lat' dir='ltr'><strong>incursiones</strong></span> <span class='ocrx_word' id='word_1_802' title='bbox 1349 2480 1492 2515; x_wconf 82' lang='lat' dir='ltr'><strong>fecerunt;</strong></span> <span class='ocrx_word' id='word_1_803' title='bbox 1519 2482 1586 2510; x_wconf 91' lang='lat' dir='ltr'><strong>nihil</strong></span> <span class='ocrx_word' id='word_1_804' title='bbox 1604 2488 1697 2513; x_wconf 86' lang='lat' dir='ltr'><strong>tamen</strong></span> 
     </span>
    </p>
   </div>
   <div class='ocr_carea' id='block_1_110' title="bbox 913 2525 1699 2562">
    <p class='ocr_par' dir='ltr' id='par_1_110' title="bbox 913 2525 1699 2562">
     <span class='ocr_line' id='line_1_111' title="bbox 913 2525 1699 2562; baseline 0.005 -9"><span class='ocrx_word' id='word_1_805' title='bbox 913 2527 947 2553; x_wconf 88' lang='lat' dir='ltr'><strong>iis</strong></span> <span class='ocrx_word' id='word_1_806' title='bbox 967 2530 1130 2559; x_wconf 84' lang='lat' dir='ltr'><strong>nocuerunt,</strong></span> <span class='ocrx_word' id='word_1_807' title='bbox 1143 2525 1199 2553; x_wconf 88' lang='lat' dir='ltr'><strong>Deo</strong></span> <span class='ocrx_word' id='word_1_808' title='bbox 1220 2530 1382 2562; x_wconf 79' lang='lat' dir='ltr'><strong>protegente</strong></span> <span class='ocrx_word' id='word_1_809' title='bbox 1400 2530 1428 2554; x_wconf 88' lang='lat' dir='ltr'><strong>et</strong></span> <span class='ocrx_word' id='word_1_810' title='bbox 1444 2526 1554 2556; x_wconf 86' lang='lat' dir='ltr'><strong>Christo</strong></span> <span class='ocrx_word' id='word_1_811' title='bbox 1568 2528 1699 2558; x_wconf 85' lang='lat' dir='ltr'><strong>ﬁduciam</strong></span> 
     </span>
    </p>
   </div>
   <div class='ocr_carea' id='block_1_111' title="bbox 910 2571 1697 2610">
    <p class='ocr_par' dir='ltr' id='par_1_111' title="bbox 910 2571 1697 2610">
     <span class='ocr_line' id='line_1_112' title="bbox 910 2571 1697 2610; baseline 0.005 -11"><span class='ocrx_word' id='word_1_812' title='bbox 910 2571 1052 2604; x_wconf 64' lang='lat' dir='ltr'><strong>merente,</strong></span> <span class='ocrx_word' id='word_1_813' title='bbox 1072 2571 1136 2600; x_wconf 65' lang='lat' dir='ltr'><strong>illis,</strong></span> <span class='ocrx_word' id='word_1_814' title='bbox 1148 2572 1261 2599; x_wconf 85' lang='lat' dir='ltr'><strong>verbis:</strong></span> <span class='ocrx_word' id='word_1_815' title='bbox 1279 2581 1288 2598; x_wconf 84' lang='grc' dir='ltr'><strong>ι</strong></span> <span class='ocrx_word' id='word_1_816' title='bbox 1318 2571 1461 2606; x_wconf 86' lang='lat' dir='ltr'><strong>Conlidite,</strong></span> <span class='ocrx_word' id='word_1_817' title='bbox 1475 2574 1542 2610; x_wconf 86' lang='lat' dir='ltr'><strong>quia</strong></span> <span class='ocrx_word' id='word_1_818' title='bbox 1572 2581 1623 2610; x_wconf 75' lang='lat' dir='ltr'><strong>ego</strong></span> <span class='ocrx_word' id='word_1_819' title='bbox 1642 2576 1697 2604; x_wconf 85' lang='lat' dir='ltr'><strong>vici</strong></span> 
     </span>
    </p>
   </div>
   <div class='ocr_carea' id='block_1_112' title="bbox 910 2617 1697 2656">
    <p class='ocr_par' dir='ltr' id='par_1_112' title="bbox 910 2617 1697 2656">
     <span class='ocr_line' id='line_1_113' title="bbox 910 2617 1697 2656; baseline 0.004 -10"><span class='ocrx_word' id='word_1_820' title='bbox 910 2620 1041 2647; x_wconf 92' lang='lat' dir='ltr'><strong>mundum</strong></span> <span class='ocrx_word' id='word_1_821' title='bbox 1064 2619 1097 2647; x_wconf 79' lang='lat'><strong>“.</strong></span> <span class='ocrx_word' id='word_1_822' title='bbox 1118 2627 1129 2645; x_wconf 87' lang='grc'><strong>›</strong></span> <span class='ocrx_word' id='word_1_823' title='bbox 1160 2617 1267 2646; x_wconf 85' lang='lat' dir='ltr'><strong>Frivola</strong></span> <span class='ocrx_word' id='word_1_824' title='bbox 1289 2623 1316 2646; x_wconf 91' lang='lat' dir='ltr'><strong>et</strong></span> <span class='ocrx_word' id='word_1_825' title='bbox 1338 2618 1421 2646; x_wconf 84' lang='lat' dir='ltr'><strong>anilia</strong></span> <span class='ocrx_word' id='word_1_826' title='bbox 1447 2624 1511 2647; x_wconf 85' lang='lat' dir='ltr'><strong>sunt</strong></span> <span class='ocrx_word' id='word_1_827' title='bbox 1533 2627 1593 2655; x_wconf 70' lang='lat' dir='ltr'><strong>qua:</strong></span> <span class='ocrx_word' id='word_1_828' title='bbox 1624 2621 1697 2656; x_wconf 81' lang='lat' dir='ltr'><strong>apud</strong></span> 
     </span>
    </p>
   </div>
   <div class='ocr_carea' id='block_1_113' title="bbox 911 2664 1697 2701">
    <p class='ocr_par' dir='ltr' id='par_1_113' title="bbox 911 2664 1697 2701">
     <span class='ocr_line' id='line_1_114' title="bbox 911 2664 1697 2701; baseline 0.001 -8"><span class='ocrx_word' id='word_1_829' title='bbox 911 2665 1023 2694; x_wconf 73' lang='lat' dir='ltr'><strong>Judaeos</strong></span> <span class='ocrx_word' id='word_1_830' title='bbox 1037 2664 1268 2693; x_wconf 82' lang='lat' dir='ltr'><strong>circumferuntur</strong></span> <span class='ocrx_word' id='word_1_831' title='bbox 1282 2684 1290 2697; x_wconf 94' lang='lat'><strong>,</strong></span> <span class='ocrx_word' id='word_1_832' title='bbox 1315 2665 1380 2693; x_wconf 91' lang='lat' dir='ltr'><strong>olim</strong></span> <span class='ocrx_word' id='word_1_833' title='bbox 1403 2665 1430 2693; x_wconf 79' lang='lat' dir='ltr'><strong>in</strong></span> <span class='ocrx_word' id='word_1_834' title='bbox 1457 2665 1526 2693; x_wconf 87' lang='lat' dir='ltr'><strong>valle</strong></span> <span class='ocrx_word' id='word_1_835' title='bbox 1543 2665 1697 2701; x_wconf 82' lang='lat' dir='ltr'><strong>Josaphat,</strong></span> 
     </span>
    </p>
   </div>
   <div class='ocr_carea' id='block_1_114' title="bbox 910 2711 1696 2745">
    <p class='ocr_par' dir='ltr' id='par_1_114' title="bbox 910 2711 1696 2745">
     <span class='ocr_line' id='line_1_115' title="bbox 910 2711 1696 2745; baseline 0.003 -6"><span class='ocrx_word' id='word_1_836' title='bbox 910 2713 956 2740; x_wconf 88' lang='lat' dir='ltr'><strong>ubi</strong></span> <span class='ocrx_word' id='word_1_837' title='bbox 976 2712 1073 2739; x_wconf 87' lang='lat' dir='ltr'><strong>mortui</strong></span> <span class='ocrx_word' id='word_1_838' title='bbox 1091 2712 1117 2739; x_wconf 95' lang='lat' dir='ltr'><strong>in</strong></span> <span class='ocrx_word' id='word_1_839' title='bbox 1135 2711 1219 2739; x_wconf 91' lang='lat' dir='ltr'><strong>vitam</strong></span> <span class='ocrx_word' id='word_1_840' title='bbox 1246 2711 1387 2745; x_wconf 84' lang='lat' dir='ltr'><strong>redierint,</strong></span> <span class='ocrx_word' id='word_1_841' title='bbox 1413 2712 1495 2740; x_wconf 92' lang='lat' dir='ltr'><strong>Deum</strong></span> <span class='ocrx_word' id='word_1_842' title='bbox 1519 2713 1553 2740; x_wconf 89' lang='lat' dir='ltr'><strong>de</strong></span> <span class='ocrx_word' id='word_1_843' title='bbox 1567 2713 1696 2742; x_wconf 79' lang='lat' dir='ltr'><strong>omnibus</strong></span> 
     </span>
    </p>
   </div>
   <div class='ocr_carea' id='block_1_115' title="bbox 909 2757 1692 2793">
    <p class='ocr_par' dir='ltr' id='par_1_115' title="bbox 909 2757 1692 2793">
     <span class='ocr_line' id='line_1_116' title="bbox 909 2757 1692 2793; baseline 0 -8"><span class='ocrx_word' id='word_1_844' title='bbox 909 2757 1041 2792; x_wconf 86' lang='lat' dir='ltr'><strong>judicium</strong></span> <span class='ocrx_word' id='word_1_845' title='bbox 1058 2757 1232 2792; x_wconf 88' lang='lat' dir='ltr'><strong>habiturum,</strong></span> <span class='ocrx_word' id='word_1_846' title='bbox 1261 2762 1288 2785; x_wconf 93' lang='lat' dir='ltr'><strong>et</strong></span> <span class='ocrx_word' id='word_1_847' title='bbox 1299 2761 1434 2793; x_wconf 86' lang='lat' dir='ltr'><strong>quotquot</strong></span> <span class='ocrx_word' id='word_1_848' title='bbox 1456 2758 1507 2786; x_wconf 86' lang='lat' dir='ltr'><strong>sub</strong></span> <span class='ocrx_word' id='word_1_849' title='bbox 1527 2758 1597 2786; x_wconf 76' lang='lat' dir='ltr'><strong>ctelo</strong></span> <span class='ocrx_word' id='word_1_850' title='bbox 1617 2762 1692 2793; x_wconf 72' lang='lat' dir='ltr'><strong>sunt.</strong></span> 
     </span>
    </p>
   </div>
   <div class='ocr_carea' id='block_1_116' title="bbox 103 2847 859 2885">
    <p class='ocr_par' dir='ltr' id='par_1_116' title="bbox 103 2847 859 2885">
     <span class='ocr_line' id='line_1_117' title="bbox 103 2847 859 2885; baseline -0.003 -6"><span class='ocrx_word' id='word_1_851' title='bbox 103 2851 125 2868; x_wconf 80' lang='lat'><strong>&quot;</strong></span> <span class='ocrx_word' id='word_1_852' title='bbox 140 2851 149 2878; x_wconf 88' lang='grc' dir='ltr'><strong>ι</strong></span> <span class='ocrx_word' id='word_1_853' title='bbox 165 2850 247 2879; x_wconf 81' lang='lat' dir='ltr'><strong>Esdr.</strong></span> <span class='ocrx_word' id='word_1_854' title='bbox 268 2858 308 2885; x_wconf 82' lang='lat' dir='ltr'><strong>IV,</strong></span> <span class='ocrx_word' id='word_1_855' title='bbox 326 2850 382 2878; x_wconf 74' lang='lat'><strong>1-5.</strong></span> <span class='ocrx_word' id='word_1_856' title='bbox 420 2851 441 2867; x_wconf 86' lang='lat'><strong>“’</strong></span> <span class='ocrx_word' id='word_1_857' title='bbox 454 2850 476 2878; x_wconf 92' lang='lat' dir='ltr'><strong>ll</strong></span> <span class='ocrx_word' id='word_1_858' title='bbox 491 2849 569 2878; x_wconf 86' lang='lat' dir='ltr'><strong>Esdr.</strong></span> <span class='ocrx_word' id='word_1_859' title='bbox 584 2857 620 2883; x_wconf 82' lang='lat' dir='ltr'><strong>tv,</strong></span> <span class='ocrx_word' id='word_1_860' title='bbox 635 2848 711 2876; x_wconf 81' lang='lat' dir='ltr'><strong>7-l0.</strong></span> <span class='ocrx_word' id='word_1_861' title='bbox 750 2849 770 2865; x_wconf 81' lang='grc'><strong>⁶¹</strong></span> <span class='ocrx_word' id='word_1_862' title='bbox 789 2847 859 2877; x_wconf 78' lang='lat' dir='ltr'><strong>[Pet</strong></span> 
     </span>
    </p>
   </div>
   <div class='ocr_carea' id='block_1_117' title="bbox 910 2847 1617 2885">
    <p class='ocr_par' dir='ltr' id='par_1_117' title="bbox 910 2848 1617 2884">
     <span class='ocr_line' id='line_1_118' title="bbox 910 2848 1617 2884; baseline 0.001 -8"><span class='ocrx_word' id='word_1_863' title='bbox 910 2856 929 2884; x_wconf 80' lang='grc' dir='ltr'><strong>ι,</strong></span> <span class='ocrx_word' id='word_1_864' title='bbox 946 2849 972 2877; x_wconf 91' lang='grc'>5.</span> <span class='ocrx_word' id='word_1_865' title='bbox 1010 2848 1033 2865; x_wconf 78' lang='grc'><strong>⁸⁸</strong></span> <span class='ocrx_word' id='word_1_866' title='bbox 1049 2848 1149 2884; x_wconf 85' lang='lat' dir='ltr'><strong>Ephes.</strong></span> <span class='ocrx_word' id='word_1_867' title='bbox 1165 2856 1195 2882; x_wconf 84' lang='grc' dir='ltr'><strong>ιι,</strong></span> <span class='ocrx_word' id='word_1_868' title='bbox 1210 2848 1255 2882; x_wconf 83' lang='grc'><strong>21,</strong></span> <span class='ocrx_word' id='word_1_869' title='bbox 1270 2848 1314 2876; x_wconf 66' lang='lat'><strong>22.</strong></span> <span class='ocrx_word' id='word_1_870' title='bbox 1353 2849 1375 2866; x_wconf 87' lang='lat'><strong>&quot;</strong></span> <span class='ocrx_word' id='word_1_871' title='bbox 1392 2848 1469 2878; x_wconf 85' lang='lat' dir='ltr'><strong>Joan.</strong></span> <span class='ocrx_word' id='word_1_872' title='bbox 1488 2856 1545 2884; x_wconf 79' lang='lat' dir='ltr'><strong>xw,</strong></span> <span class='ocrx_word' id='word_1_873' title='bbox 1572 2849 1617 2877; x_wconf 79' lang='lat'><strong>53.</strong></span> 
     </span>
    </p>
   </div>
  </div>
