1919 3041
228 143 278 171 391

231 205 265 232 de
287 201 330 230 his
348 207 408 236 qua
425 199 566 226 adversum
587 198 660 232 Ipsos
674 194 904 232 perpetraverint,
923 192 1006 220 ratio-
1021 191 1043 220 A

227 256 288 277 nem
308 246 459 274 reddituros
473 242 506 270 “.
523 243 586 276 Quae
608 242 733 277 cogitatio
757 240 814 268 ﬁeri
837 238 929 274 nequit
945 238 1009 272 quin

229 293 341 321 ridicula
357 291 402 322 sit,
417 288 631 324 quandoquidem
649 287 777 314 divinitus
790 285 919 320 inspirata
937 282 1011 310 Scri-

228 345 307 375 ptura
337 335 506 372 prophetiam
535 333 694 368 completam
707 341 768 361 esse
781 333 855 364 dicit,
872 336 900 358 et
922 336 1011 364 pugna

228 382 369 410 commissa
382 381 408 407 in
422 379 490 406 valle
503 378 645 413 Josaphat,
665 386 680 406 a
697 378 795 405 vicinis
811 376 935 411 gentibus
951 381 1010 409 poe-

228 435 278 455 nas
294 430 412 454 exactas.
430 424 570 452 lrruerunt
584 424 669 456 enim,
696 428 725 450 ut
737 423 805 455 dixi,
828 422 855 449 in
883 419 1011 455 reliquias

229 473 346 504 Israelis,
370 471 495 506 quamvis
506 470 602 504 jactati
620 469 747 497 aerumnis
768 469 846 503 longe
865 465 1009 502 plurimis;

228 518 382 552 Babyloniis
405 516 536 545 siouidem
553 520 579 542 In
597 515 757 543 servitutem
781 513 896 541 traditus
910 512 1011 539 fuerat.

264 648 347 676 Vens.
368 647 428 676 4-6,
449 646 481 673 Ει
493 646 598 681 quidem
614 645 676 680 quid
692 645 756 672 mihi
766 649 790 672 et
809 644 890 676 vobis,
915 643 1011 678 Tyrus,

230 701 254 723 et
266 694 359 726 Sidon,
369 700 393 721 et
404 693 487 720 omnia
500 691 615 719 Galtlwa
634 691 843 725 alienigenarum
855 689 868 716 ἱ)
884 689 1012 723 Nunquid

231 740 425 768 retribulionetn
440 747 482 765 vos
494 738 636 764 retribuitis
648 736 725 768 mihi,
739 740 784 761 aut
805 734 873 761 iram
886 735 914 761 in
934 734 1013 760 corde

231 787 346 814 retinetis
359 785 443 812 mihi?
465 783 593 810 Velociter
602 787 625 808 et
637 782 687 808 cita
699 780 806 807 reddam
817 780 1013 806 retributionem

231 837 342 860 vestram
363 831 390 857 in
424 830 511 863 capita
535 832 630 855 vestra.
657 825 710 853 Pro
733 834 763 852 eo
786 826 855 860 quod
876 830 1012 859 argentum

231 886 317 905 meum
333 881 356 904 et
373 883 465 902 nurum
481 882 565 901 meum
580 873 689 904 tulistis,
702 877 726 898 et
738 871 819 898 electa
831 879 898 902 mea,
910 875 934 897 et
946 870 1014 896 bona
1030 862 1051 889 Β

231 923 357 951 intulistis
371 922 398 948 in
408 920 504 953 templa
523 924 618 946 vestra.
633 917 718 944 Filios
733 912 816 947 Iuda,
836 921 861 942 et
882 915 951 949 ﬁlios
972 915 1015 942 Je-

233 968 346 996 rusalem
358 966 511 994 vendidisti:
530 965 591 998 ﬁliis
607 963 689 999 236
709 961 871 995 ercorum,
884 964 913 987 ut
936 960 1016 992 εἰὶσε-

235 1015 298 1042 ralis
316 1021 359 1040 eos
374 1020 405 1039 ex
419 1011 516 1045 ﬁnibus
533 1010 599 1036 suis.

268 1099 389 1128 XXXlX.
415 1099 517 1127 Omnes
534 1098 625 1133 itaque
647 1101 743 1132 gentes
768 1100 862 1124 contra
888 1092 1016 1121 Israelem

233 1146 389 1183 congregati
405 1150 476 1177 sunt,
492 1144 626 1176 Moabitae,
644 1143 752 1170 Idumaei
768 1147 794 1170 et
806 1141 935 1173 Iebusaai,
952 1139 1018 1167 Am-

234 1194 343 1221 monitae
358 1196 385 1219 et
399 1191 518 1225 reliquas.
531 1190 616 1225 Hujus
634 1189 742 1217 consilii
759 1193 787 1215 et.
798 1186 929 1214 facinoris
939 1189 1015 1212 ante-

235 1239 364 1273 signanos
394 1237 475 1264 fuisse
501 1243 562 1263 reor
584 1236 778 1267 Dantascenos,
796 1232 904 1268 Tyrios,
927 1236 954 1258 et
971 1229 1018 1265 qui

237 1282 443 1319 appellabantur
461 1281 619 1312 Philistiim,
633 1284 660 1307 et
672 1286 758 1314 usque
783 1278 817 1305 ad
834 1278 919 1312 ipsaut
935 1275 1018 1308 Geth,

237 1336 296 1364 quae
311 1328 523 1363 alienigenarum
553 1327 662 1354 dicitur.
681 1324 815 1358 Quocirca
842 1323 882 1351 sic
896 1330 943 1350 eos
956 1321 1019 1348 uni-

238 1380 377 1402 versorum
395 1372 465 1399 Deus
474 1372 572 1398 aﬁ‘atur
589 1380 597 1398 :
615 1380 624 1397 t
654 1370 723 1404 Quid
745 1369 812 1397 milti
827 1373 854 1396 et
864 1367 952 1400 vobis,
966 1365 1020 1402 Ty-

194 1422 199 1428 ’
239 1427 296 1453 rus,
312 1424 340 1447 et
352 1418 447 1450 Sidon,
460 1423 488 1445 ct
510 1416 598 1445 omnis
611 1416 724 1444 Galilaca
747 1412 985 1449 alienigenarum?
1007 1421 1017 1437 ι

182 1488 185 1489 ν
240 1466 313 1500 Quas
331 1465 403 1492 enim
429 1463 587 1491 occasiones
610 1461 737 1493 feritatis,
759 1459 855 1494 inquit,
878 1459 1019 1491 habentes,

239 1518 358 1540 aerumna
383 1516 506 1545 pressum
534 1508 674 1540 Israelem,
702 1512 730 1535 et
748 1514 763 1534 a
788 1504 942 1540 Babyloniis
965 1511 1019 1531 non

239 1557 396 1592 vulgaribus
412 1555 588 1582 incommodis
605 1557 745 1581 oneratum
771 1551 903 1580 scelerate
927 1550 1019 1585 oppri-

240 1604 324 1634 mitis,
339 1608 366 1630 et
378 1601 476 1629 acerbe
496 1600 534 1628 illi
553 1599 726 1632 insultantes,
751 1602 779 1625 et
802 1604 846 1624 me
872 1596 942 1624 forte
961 1594 1023 1623 irri-

241 1649 335 1677 dentes
355 1646 571 1683 quodammodo,
584 1645 629 1680 qui
643 1651 704 1671 eum
729 1643 839 1671 servavi
861 1647 889 1670 et
904 1641 1021 1674 defendi,

242 1702 274 1722 ac
287 1693 393 1728 probris
408 1699 459 1719 non
471 1691 626 1718 dubitantes
640 1690 772 1720 lacerare,
784 1687 839 1714 into
851 1694 916 1714 vero
933 1686 1022 1721 reipsa

243 1738 365 1766 allicere?
383 1737 471 1770 Quare
485 1735 561 1764 brevi
577 1735 705 1762 ultionem
729 1732 878 1768 recipietis,
892 1736 919 1759 et
934 1731 1023 1758 veniet

243 1785 318 1812 vobis
337 1784 363 1810 in
376 1787 456 1817 caput
476 1786 594 1809 vestrum
612 1789 620 1814 ;
644 1786 739 1815 poenas
753 1779 826 1806 enim
841 1777 907 1804 mihi
927 1776 1021 1805 vobis-

243 1838 305 1858 cum
325 1830 352 1857 in
368 1828 439 1856 valle
454 1827 586 1863 Jusaphat
602 1826 785 1860 disceptaturo
806 1823 940 1858 pendetis.
967 1821 1024 1850 Ac-

243 1878 320 1903 cusat
336 1877 425 1900 autem
444 1879 499 1903 eos.
517 1875 546 1899 ut
563 1871 607 1905 qui
635 1870 720 1897 electa
745 1868 836 1904 templi
852 1867 1023 1903 diripuerint,

244 1922 273 1945 et
287 1923 367 1944 aurea
377 1919 442 1943 vaSa
455 1915 635 1950 compilarint,
651 1918 731 1949 atque
742 1914 775 1941 ad
786 1920 896 1941 suorum
911 1913 1024 1940 deorum

243 1963 374 1990 honorem
393 1959 799 1989 dedicaverint.lntolerandum
825 1965 918 1994 porro,
941 1962 970 1986 et
984 1958 1026 1985 di-

245 2015 305 2036 rum
329 2006 484 2041 negotium,
511 2010 539 2034 et
559 2005 629 2040 quod
647 2006 712 2033 satis
735 2005 770 2032 sit
783 2004 816 2032 ad
837 2004 1024 2032 oﬂ’endendum

245 2054 339 2086 Deum,
358 2052 435 2087 cuius
448 2052 494 2080 illa
510 2059 582 2080 vox:
600 2061 610 2078 ι
629 2051 749 2079 Gloriam
763 2058 851 2078 meam
873 2050 951 2078 alteri
969 2057 1024 2077 non

245 2099 325 2131 dabo,
349 2105 436 2133 neque
460 2097 566 2125 laudem
596 2103 683 2124 meam
705 2095 783 2123 idolis
793 2095 826 2123 °'.
843 2105 852 2122 ι
868 2095 938 2129 Quid
952 2095 1024 2123 enim

244 2145 316 2172 aliud
330 2144 411 2172 fuerit
425 2143 607 2171 sacrosanctis
617 2142 801 2169 anathematls
810 2141 942 2169 idolorunt
961 2140 1024 2169 fana

245 2189 446 2222 condecorare,
473 2195 554 2222 quam
584 2187 777 2222 propemodum
802 2185 972 2221 proclamare
993 2193 1025 2213 ac

245 2235 347 2267 dicere,
365 2232 550 2262 universitatis
566 2232 644 2265 huius
663 2231 747 2258 Deum
763 2231 896 2258 secundas
913 2236 1021 2263 tenere,

247 2281 290 2307 illa
305 2284 394 2308 autem
413 2279 523 2314 primas,
540 2282 569 2305 et
587 2276 701 2305 salutem
714 2277 779 2304 dare
794 2283 885 2310 posse,
898 2283 913 2303 a
925 2277 1025 2311 quibus

247 2324 413 2353 adorentur?
429 2323 484 2351 Nec
499 2321 598 2350 sutiicit
619 2321 707 2354 vobis,
732 2321 828 2356 inquit,
850 2322 883 2348 ad
901 2321 1026 2356 impieta-

247 2375 322 2403 tem,
340 2369 440 2397 divinis
467 2367 587 2409 donariis
611 2367 741 2401 spoliasse
766 2366 895 2401 templum
922 2374 1025 2399 meum,

246 2417 357 2451 insuper
371 2415 441 2442 ﬁlios
457 2414 525 2441 Juda
541 2418 569 2441 et
600 2413 669 2440 ﬁlios
694 2411 842 2440 Jerusalem
865 2413 1025 2441 vendidistis

246 2462 400 2490 Graecorum
421 2459 494 2487 ﬁliis.
508 2459 622 2487 Factum
642 2459 715 2487 istud
727 2458 872 2486 verisimile
903 2463 944 2487 est
959 2478 968 2491 ,
995 2463 1026 2486 ut

247 2507 330 2541 aliqui
344 2512 440 2540 nempe
453 2512 487 2532 ex
500 2503 582 2532 Israel
600 2505 626 2531 in
652 2509 737 2532 terras
756 2504 874 2539 gentium
898 2505 1026 2539 deporta-

247 2557 350 2584 rentur,
364 2551 515 2579 ementibus
527 2555 554 2578 et
569 2550 764 2578 abducetttibus
788 2554 835 2578 aut
851 2549 945 2585 Tyriis
968 2550 1025 2578 lor-

247 2603 330 2631 tasae,
343 2600 390 2624 aut
405 2596 465 2624 aliis
477 2600 657 2624 mercaturam
675 2595 847 2630 facientibus,
867 2600 894 2624 et
910 2595 1025 2632 quaestui

248 2641 428 2677 comparando
439 2642 544 2670 deditis.
839 2634 842 2636 ’

283 2825 307 2843 ⁸⁸
321 2825 412 2855 lPetr.
437 2833 475 2858 tv,
494 2824 520 2852 5.
558 2823 645 2852 "lsa.
666 2821 766 2855 nu,8.

715 137 745 165 S.
766 132 903 164 CYRILLI
923 127 1157 159 ALEXANDRINI
1176 125 1337 154 ARCHIEP.

1799 124 1852 153 ΞΜ

1058 188 1119 220 τοὺς
1143 186 1266 222 νεκρούς.
1281 185 1389 212 Οῐονται
1411 184 1439 211 δὲ
1463 185 1504 212 ὅτι
1528 184 1585 211 τῶν
1600 184 1640 216 εις
1654 184 1754 216 αὐτοὺς
1770 185 1853 212 ἕνεκα

1061 233 1220 268 γεγονότων⁴
1233 231 1376 258 ἀππιοῦσι
1389 231 1495 265 λόγους,
1508 231 1533 258 οἱ
1549 231 1617 258 κατὰ
1633 232 1724 257 πᾶσαν
1739 231 1789 266 τὴν
1806 231 1853 258 ὑπ’

1060 278 1185 314 οὐρανόν,
1195 277 1352 312 Ἀμοιρήσει
1363 276 1385 303 δ’
1401 276 1433 303 ἀν
1447 276 1572 311 οὐδαμῶς
1582 276 1628 303 τοῦ
1642 275 1775 310 γελᾶσθαι
1788 276 1854 311 πρέ-

1061 332 1123 350 πειν
1135 323 1166 350 τὸ
1179 322 1324 358 ἐνθύμημα
1341 322 1444 354 αὐτοῖς,
1461 323 1511 356 τῆς
1535 321 1714 348 Θεοπνεύστου
1739 321 1854 356 Γραφῆς

1060 370 1095 396 τὰ
1116 369 1164 404 τῆς
1186 368 1355 404 προφητείας
1369 368 1571 404 ἑκπεπεράνθαι
1587 367 1730 403 λεγούσης,
1747 368 1795 394 καὶ
1811 368 1855 394 ὅτι

1061 415 1138 446 δίκας
1155 414 1298 448 ἐξῄτηνται
1321 414 1396 449 παρὰ
1417 414 1485 440 Θεοῦ
1501 414 1535 440 τά
1550 414 1675 449 περίοικα
1687 413 1743 440 τῶν
1755 413 1855 445 ἐθνῶν,

1061 460 1108 487 τοῦ
1134 460 1252 495 πολέμου
1275 460 1416 494 γεγονότος
1430 461 1459 486 ἐν
1477 461 1510 495 τῇ
1530 459 1631 486 κοιλάδι
1646 459 1693 486 τοῦ
1706 460 1855 491 Ἰωσαφάτ.

1069 506 1256 542 Ἐπὲθρωσκεν
1267 506 1330 541 γὰρ,
1339 506 1376 538 ὡς
1383 506 1460 541 ἔφην,
1470 507 1526 537 τοῖς
1533 506 1668 540 λειψάνοις
1676 505 1724 532 τοῦ
1734 506 1854 541 Ἰσραὴλ,

1062 552 1149 579 καίτοι
1172 552 1300 586 πλείστην
1322 551 1387 586 ὅσην
1412 551 1575 582 ἀνα-τλάντος
1598 549 1797 584 ταλαιπωρίαν,
1810 550 1854 576 δέ-

1063 599 1153 625 δονται
1168 598 1222 633 γὰρ
1236 597 1291 628 τοῖς
1305 594 1500 628 Βαϐυλωνίοις.

1097 644 1153 670 Καί
1165 651 1200 677 γε
1216 643 1244 669 τι
1257 643 1322 677 ἐμοὶ
1343 642 1391 669 καὶ
1406 642 1487 677 ὑμῖν,
1501 643 1600 676 Τύρος,
1617 642 1665 669 καὶ
1682 642 1789 674 Σιδὼν,
1805 643 1856 669 καὶ

1063 690 1147 718 πᾶσα
1180 689 1329 716 Γαλιλαία
1360 688 1565 723 ἀλλοφύλων;
1591 689 1635 722 μὴ
1661 689 1858 722 ἀνταπόδομα

1062 737 1146 770 ὑμεῖς
1160 734 1375 762 ἀνταποδιδοτέ
1392 744 1454 769 μοι,
1470 734 1489 768 ἢ
1505 735 1737 768 μνησικακεῖτε;
1753 734 1859 766 Ὀξέως

1064 782 1113 810 καὶ
1128 781 1240 816 ταχέως
1251 780 1454 808 ἀνταποδώσω
1467 781 1499 807 τὸ
1511 780 1703 815 ἀνταπόδομα
1716 779 1803 814 ὑμῶν
1812 781 1858 812 εἰς

1065 826 1198 861 κεφαλὰς
1220 826 1312 861 ὑμῶν.
1322 826 1393 853 Ὰνθ“
1408 823 1452 853 ὦν
1465 825 1499 852 τὸ
1514 826 1655 860 ἀργύριόν
1668 835 1740 860 μου,
1755 826 1806 852 καὶ
1823 826 1858 852 τὸ

1065 873 1194 908 χρυσίον
1209 881 1270 907 μου
1292 872 1422 905 ἐλάϐετε,
1443 872 1492 898 καὶ
1508 872 1545 899 τὰ
1558 871 1700 898 ἑπίλεκτά
1717 880 1789 905 μου,
1807 871 1859 897 καὶ

1064 920 1101 945 τὰ
1114 918 1192 945 καλὰ
1206 917 1392 952 εἰσενέγκατε
1411 919 1455 950 εις
1470 918 1541 951 τοὺς
1555 917 1647 950 ναοὺς
1662 917 1756 952 ὑμῶν.
1781 917 1857 949 Τοὺς

1065 963 1150 996 υιοὺς
1166 963 1268 995 Ἰούδα,
1283 963 1331 989 καὶ
1347 963 1417 996 τοὺς
1432 963 1517 998 ιυζοὺς
1532 962 1724 997 Ἰερουσαλὴμ
1746 961 1859 989 ἀπέδο-

1066 1011 1121 1037 σθε
1134 1009 1196 1042 τοῖς
1209 1008 1284 1041 υιοῖς
1301 1007 1360 1035 τῶν
1382 1008 1546 1042 Ἑλλήνων,
1561 1008 1640 1041 ὅπως
1655 1008 1792 1042 ὲξώσητε
1806 1008 1861 1034 αὐ-

1066 1055 1137 1088 τοὺς
1148 1055 1182 1082 ἐκ
1200 1054 1258 1081 τῶν
1272 1055 1362 1088 ὁρίων
1377 1054 1486 1081 αὐτῶν.

1101 1100 1162 1129 AO’.
1184 1100 1278 1132 Ἔονος
1300 1100 1349 1135 μὲν
1370 1098 1417 1127 οὖν
1437 1100 1508 1127 ἅπαν
1523 1099 1594 1127 κατὰ
1610 1100 1656 1126 τοῦ
1668 1099 1778 1134 Ἰσραὴλ
1794 1107 1862 1125 συν-

1067 1149 1219 1184 αγήγερται
1228 1166 1236 1179 ,
1249 1146 1402 1179 Μωαϐῖται,
1410 1146 1563 1181 Ἰδουμαῖοι,
1573 1146 1739 1177 Ἰεϐουσαῖοι,
1748 1146 1863 1180 Ἄμμα-

1067 1196 1147 1226 visst,
1163 1193 1212 1220 καὶ
1225 1193 1249 1219 οι
1263 1193 1361 1220 λοιποί.
1380 1192 1521 1227 Κατάρξαι
1536 1192 1575 1224 δὲ,
1585 1189 1673 1227 οἶμαι,
1687 1191 1798 1226 βουλῆς,
1812 1190 1864 1216 καὶ

1067 1239 1274 1275 ἐγχειρημάτων
1297 1238 1504 1274 Δαμασκηνοὺς,
1517 1238 1566 1264 καὶ
1580 1237 1707 1272 Τυρίους,
1723 1237 1774 1262 καὶ
1797 1235 1865 1266 τοὺς

1068 1285 1253 1320 καλουμένους
1267 1283 1429 1319 Φιλιστιεὶμ,
1443 1283 1489 1310 καὶ
1504 1283 1600 1318 μέχρις
1612 1282 1696 1316 αὐτῆς
1720 1281 1774 1316 τῆς
1796 1281 1863 1312 Γὲτ,

1067 1331 1128 1367 ἥτις
1151 1330 1272 1358 καλεῖται
1297 1330 1345 1356 καὶ
1371 1329 1537 1364 ἀλλοφύλων.
1555 1328 1697 1363 Τοιγάρτοι
1720 1327 1769 1354 καὶ
1793 1327 1867 1362 πρὸς

1068 1376 1167 1407 αὐτοὺς
1190 1377 1204 1403 ὁ
1228 1375 1281 1402 τῶν
1310 1375 1379 1402 ὅλων
1399 1374 1478 1406 Θεός⁶
1497 1383 1507 1400 α
1522 1375 1577 1400 Καὶ¹
1599 1373 1626 1400 τί
1643 1372 1706 1408 ἐμοὶ
1728 1373 1775 1399 καὶ
1797 1372 1876 1407 ὑμῖν,

1068 1421 1166 1458 Τύρος,
1179 1421 1226 1448 καὶ
1240 1420 1334 1453 Σιδὼν,
1350 1421 1397 1448 καὶ
1416 1421 1490 1447 πᾶσα
1503 1419 1633 1446 Γαλιλαία
1651 1418 1828 1452 ἀλλοφύλωνς
1853 1426 1864 1443 ι

1071 1467 1156 1499 Ποίας
1170 1467 1235 1502 γὰρ,
1252 1467 1329 1502 φησὶ,
1342 1466 1391 1498 τὰς
1407 1466 1533 1501 ἀφορμὰς
1547 1465 1595 1500 τῆς
1611 1464 1776 1499 ἀγριότητος
1787 1463 1868 1498 ἔχον-

1071 1521 1128 1545 τες,
1143 1511 1357 1548 ταλαιποροῦντα
1375 1511 1421 1538 τὸν
1436 1510 1553 1546 Ἰσραὴλ,
1571 1510 1618 1536 καὶ
1633 1511 1693 1541 ταῖς
1717 1509 1751 1535 ὲκ
1775 1508 1867 1535 Βαϐυ-

1071 1557 1175 1585 λωνίων
1186 1558 1338 1593 συμφοραῖς
1351 1557 1381 1583 οὺ
1395 1556 1512 1591 μετρίως
1523 1555 1732 1590 κατηχθημένον
1747 1554 1867 1585 ἀνοσίως

1073 1603 1270 1639 ἐπιφορτίζετε,
1289 1602 1394 1637 πικρῶς
1408 1601 1604 1632 ἐπιϐαίνοντες,
1620 1600 1668 1626 καὶ
1679 1597 1735 1626 οἷον
1750 1599 1804 1634 ἐμὲ
1819 1607 1867 1633 γε-

1073 1649 1173 1679 λῶντες
1192 1649 1238 1675 τὸν
1258 1647 1378 1680 σώζοντα
1393 1647 1465 1682 τάχα
1481 1655 1543 1679 που,
1557 1646 1605 1674 καὶ
1619 1646 1803 1681 ἀμυνόμενον,
1820 1644 1868 1671 καὶ

1073 1694 1108 1724 τὰ
1123 1694 1227 1730 ἐχθρῶν
1242 1694 1282 1725 είς
1297 1693 1347 1728 ἐμὲ
1367 1692 1521 1728 τολμῶντες
1542 1692 1640 1726 λέγειν,
1660 1691 1762 1726 μᾶλλον
1777 1691 1800 1717 δ’
1815 1690 1866 1726 ήδη

1074 1739 1122 1767 καὶ
1135 1739 1250 1774 δρᾶσαι;
1265 1738 1322 1764 υὺκ
1336 1735 1381 1764 οὖν
1396 1738 1435 1769 εἰς
1449 1736 1558 1772 μακρὰν
1572 1736 1745 1771 ἀπολήψεσθε
1757 1735 1788 1762 τὸ
1802 1736 1868 1762 ἀντ-

1073 1784 1206 1820 απόδομα.
1235 1784 1314 1817 Ἥξει
1338 1783 1368 1810 δὲ
1389 1783 1454 1818 ὑμῖν
1477 1783 1518 1813 εἰς
1539 1781 1676 1817 κεφαλήν·
1702 1781 1783 1812 δίκας
1812 1779 1866 1816 γὰρ

1074 1831 1210 1857 ἀππιεῖτε
1224 1829 1286 1864 ἐμοὶ
1300 1828 1337 1864 τῷ
1352 1827 1588 1864 διακριθησομένῳ
1603 1826 1671 1862 πρὸς
1684 1827 1758 1861 ὑμᾶς
1781 1825 1810 1851 ὲν
1832 1826 1865 1860 τῇ

1074 1875 1177 1903 κοιλάδι
1192 1874 1239 1901 τοῦ
1252 1874 1396 1909 Ἰωσαφάτ.
1426 1874 1552 1907 Ἐγκαλεῐ
1561 1873 1589 1899 δὲ
1601 1873 1692 1904 αὐτοῖς
1707 1871 1745 1904 ὡς
1753 1871 1868 1907 διηρπα-

1075 1920 1135 1948 κόσι
1154 1919 1203 1956 μὲν
1217 1919 1252 1946 τά
1263 1919 1392 1946 ἒπίλεκτα
1409 1918 1456 1945 τοῦ
1480 1919 1555 1952 ναοῦ,
1569 1918 1616 1944 καὶ
1628 1917 1663 1944 τὰ
1674 1918 1764 1953 χρυσᾶ
1781 1916 1866 1952 σκεύη

1076 1965 1246 2001 σεσυληκόσι,
1262 1965 1309 1992 καὶ
1331 1966 1392 1996 ταῖς
1415 1964 1469 1990 τῶν
1492 1963 1564 1990 ἰδίων
1580 1963 1655 1990 Θεῶν
1674 1961 1865 1990 ἀνατεθεικόσι

1075 2010 1333 2047 τιμαῖς.¹Αφόρητον
1352 2010 1380 2036 δὲ
1400 2009 1430 2036 τὺ
1447 2009 1551 2046 χρῆμα,
1570 2008 1616 2035 καὶ
1629 2008 1738 2044 πικρὸν,
1757 2008 1805 2035 καὶ
1817 2008 1867 2034 οὐκ

1075 2055 1211 2086 ἀνικάνως
1227 2054 1288 2090 ἔχον
1303 2053 1343 2086 εἰς
1355 2062 1386 2088 γε
1397 2053 1428 2080 τδ
1442 2053 1571 2080 δύνασθαι
1583 2052 1778 2087 καταλυπῆσαι
1788 2051 1865 2078 Θεόν.

1077 2103 1149 2137 Ἔφη
1164 2101 1229 2137 γὰρ,
1241 2102 1282 2127 δτι
1301 2109 1311 2126 t
1324 2100 1379 2135 Τὴν
1395 2099 1474 2131 δόξαν
1495 2107 1545 2134 μου
1560 2098 1645 2134 ἑτέρῳ
1657 2098 1687 2124 οὺ
1706 2097 1795 2130 δώσω,
1806 2097 1867 2124 οὐδὲ

1075 2147 1125 2180 τὰς
1136 2147 1234 2183 ἀρετάς
1247 2155 1297 2182 μου
1313 2148 1368 2178 τοῖς
1380 2145 1519 2180 γλυπτοῖς.
1537 2153 1546 2170 ι
1560 2144 1593 2171 Τί
1606 2143 1660 2178 γὰρ
1674 2143 1770 2178 ἕτερον
1780 2143 1814 2169 ἂν
1824 2142 1867 2177 εἵη

1075 2193 1106 2220 τὸ
1119 2194 1175 2225 τοῖς
1193 2192 1274 2224 Θείοις
1289 2191 1447 2227 ἀναθήμασι
1461 2190 1524 2222 τοὺς
1535 2189 1588 2216 τῶν
1599 2188 1718 2216 εἰδώλων
1730 2188 1867 2214 καταχαλ-

1080 2238 1168 2266 λύνειν
1181 2238 1272 2270 ναοὺς.
1285 2237 1302 2273 ἢ
1318 2237 1460 2272 μονονουχὶ
1475 2234 1697 2270 διακεκραγέναι,
1709 2235 1757 2262 καὶ
1767 2234 1866 2268 λέγειν,

1080 2283 1117 2316 ὡς
1131 2283 1173 2319 εἴη
1189 2283 1238 2318 μὲν
1256 2283 1271 2309 ὁ
1293 2282 1346 2309 τῶν
1367 2282 1435 2310 ὅλων
1449 2281 1514 2313 Θεὸς
1530 2282 1560 2307 ὲν
1572 2280 1720 2316 δευτέροις,
1737 2279 1772 2306 τὰ
1795 2279 1824 2306 δὲ
1840 2280 1868 2306 ὲν

1079 2329 1168 2364 λόγοις
1180 2329 1227 2355 τοῦ
1243 2328 1416 2364 προῦχοντος,
1428 2328 1474 2355 καὶ
1487 2327 1583 2360 σώζειν
1595 2326 1701 2357 εἰδότας
1711 2327 1775 2357 τοὺς
1789 2325 1869 2356 ἰδίους

1080 2375 1282 2411 προσκυνητάς;
1293 2375 1348 2402 Καὶ
1359 2374 1410 2401 οὐκ
1421 2373 1540 2409 ἀπόχρη,
1552 2373 1633 2408 φημὶ,
1645 2373 1686 2403 εις
1697 2372 1868 2402 δυσσέϐειαν,

1080 2422 1144 2457 ὑμῖν
1165 2421 1195 2447 τὺ
1212 2421 1265 2448 τῶν
1277 2421 1356 2448 θείων
1372 2420 1554 2456 ἀναθημάτων
1577 2419 1623 2446 τὸν
1645 2418 1712 2454 ὲμὺν
1727 2417 1868 2453 γυμνῶσαι

1080 2465 1157 2499 νεὼν,
1174 2465 1241 2493 ἀλλά
1255 2466 1308 2501 γὰρ
1322 2466 1370 2492 καὶ
1382 2466 1445 2497 τοὺς
1459 2465 1533 2496 υἱοὺς
1546 2463 1640 2495 Ἰούδα,
1658 2463 1706 2490 καὶ
1718 2463 1783 2495 τοὺς
1798 2463 1870 2494 υἱοὺς

1085 2510 1262 2546 Ἰερουσαλὴμ
1276 2509 1408 2536 ἀπέδοσθε
1423 2510 1479 2541 τοῖς
1500 2510 1566 2540 υἱοῖς
1583 2508 1638 2535 τῶν
1657 2507 1804 2543 Ἑλλήνων.
1823 2507 1870 2533 1's-

1079 2556 1170 2583 νέσθαι
1187 2555 1215 2582 δέ
1231 2564 1258 2582 τι
1275 2555 1395 2582 τοιοῦτον
1416 2555 1499 2586 εἰκὸς,
1513 2554 1550 2586 ὡς
1575 2555 1603 2581 ἐν
1623 2555 1683 2585 ταῖς
1699 2553 1807 2589 χώραις
1818 2553 1869 2580 τῶν

1079 2601 1251 2638 ὲθνῶνντινας
1265 2601 1484 2636 ἀποκομισθῆναι
1501 2599 1555 2626 τῶν
1569 2599 1598 2633 ἐξ
1609 2599 1731 2635 Ἰσραὴλ,
1745 2600 1870 2635 ἀπεμπο-

1080 2646 1197 2673 λούντων
1221 2647 1318 2679 αὐτοὺς
1335 2646 1351 2682 ἣ
1367 2646 1473 2681 Τυρίων
1490 2646 1580 2681 τυχὸν,
1594 2644 1610 2680 ἢ
1634 2645 1682 2672 καὶ
1702 2645 1817 2681 ἑτέρων,
1832 2642 1870 2675 οἷς

1082 2691 1200 2726 ἐμπορία
1220 2692 1250 2719 τὸ
1274 2692 1498 2727 σπουδαζόμενον,
1513 2691 1560 2718 καὶ
1582 2690 1756 2726 φιλοκερδεῖν
1772 2690 1802 2718 τὸ
1815 2691 1870 2717 ιπε-

1081 2737 1212 2772 τήδευμα.
