1919 3041
198 177 250 207 595

692 173 722 201 S.
743 170 878 201 CYRlLLl
898 166 1134 198 ALEXANDRINI
1153 166 1312 197 ARCHIEP.

1771 166 1824 196 396

197 238 359 273 probitatem
385 235 530 270 infringit,
552 238 580 261 ct
604 233 732 268 deceptos
749 232 858 268 quidem
885 230 985 258 liberos

1046 229 1090 256 :ti'w
1116 228 1185 256 ὅλων
1215 228 1281 259 Θεὸς
1307 227 1448 263 ἄπρακτον
1481 225 1570 253 αὐτῶν
1596 225 1744 261 ἀποφαίνει
1775 225 1826 262 τὴν

197 285 347 315 dimittens,
361 282 429 310 ﬁlios
445 287 590 316 pravorum
616 279 760 308 doctorum
778 280 811 306 ad
827 277 923 306 Judam
939 278 985 305 ad-

197 330 280 357 ducit.
299 328 350 356 Per
373 328 422 355 hos
440 326 615 354 nihilominus
635 325 749 359 intelligi
772 325 878 360 possint
900 325 984 354 divini

197 375 331 408 discipuli,
349 379 376 401 et
389 377 522 409 quotquot
535 372 636 400 Christi
651 372 810 407 mysterium
824 371 983 406 loquuntur,

196 420 297 454 quique
307 419 341 446 ab
353 419 460 446 illorum
474 418 617 446 fraudibus
636 418 783 451 liberatos,
809 418 842 444 ad
867 417 981 452 praecla-

198 473 255 491 ram
270 469 298 493 et
309 464 452 492 amabilem
464 464 522 499 ejus
540 465 699 492 servitutem
723 464 867 497 reducunt,
890 467 917 490 et
931 471 985 490 non

198 516 276 537 secus
292 514 373 544 atque
387 509 509 544 captivos
523 510 645 543 rapiunt,
664 509 697 536 ad
711 517 788 536 suum
803 516 850 536 eos
863 508 985 536 habitum

198 557 418 590 sententiamque
431 555 627 583 transferentes
637 576 644 589 ,
656 563 716 590 qua:
727 556 761 583 ab
775 555 881 583 illorum
894 555 986 583 multis

198 602 317 630 millibus
324 602 416 630 distat.
427 603 552 639 Magnum
563 603 661 638 quippe
669 603 838 630 intervallum
848 596 987 630 inter-san-

198 653 304 675 ctorum
321 653 349 676 et
364 649 474 676 istorum
485 648 635 676 doctrinam
650 650 781 676 cernitur.
791 649 895 676 Dicitur
904 649 985 676 etiam

196 694 364 722 Christusex
374 695 467 723 Graeca
475 695 667 732 superstitione
679 695 712 722 ad
719 694 903 729 cognitionem
916 694 985 729 ejus,

199 740 246 775 qui
272 746 369 767 natura
389 746 431 769 est
449 741 530 775 Dcus,
552 748 699 768 conversos
721 745 750 767 ut
774 741 897 776 captivos
915 740 987 767 acci-

201 794 276 822 pere.
298 787 344 814 Sic
363 787 435 814 enim
456 787 560 814 David:
578 795 587 812 (
606 786 761 814 Ascendeus
782 786 808 813 iu
826 786 921 819 altum,
939 793 986 813 ca-

201 832 301 866 ptivam
329 832 404 859 duxit
431 832 630 867 captivitatem,
664 831 737 858 dedit
770 832 839 859 dona
868 831 986 858 homini-

201 878 251 904 bus
263 878 296 903 ⁸⁸.
317 887 326 903 t

236 967 318 994 Vsus.
339 966 415 993 9-12.
434 965 584 993 Prtedicale
604 966 658 993 Ιιωε
685 967 712 994 in
734 966 872 1001 aetatibus,
888 967 988 994 sancti-

201 1013 278 1047 ﬁcnte
291 1013 400 1045 bellum,
418 1013 543 1040 sttscilate
561 1018 719 1047 pugnator“
731 1033 738 1045 ,
753 1013 881 1046 accedite,
897 1018 921 1041 et
946 1022 990 1041 ar-

201 1059 312 1092 rendite,
325 1067 412 1086 omnes
425 1059 475 1085 uiri
488 1058 637 1085 bellatores.
648 1058 784 1086 Concidite
799 1065 890 1086 aratra
905 1065 989 1087 vestra

200 1105 228 1131 in
245 1104 348 1139 gladios
363 1108 386 1130 et
415 1104 496 1139 falces
525 1108 622 1131 vestras
635 1105 662 1131 in
681 1104 798 1132 Ianuar.
825 1105 888 1133 Non
912 1105 990 1141 fortis

202 1151 302 1178 dicat:
320 1149 399 1176 Valeo
422 1158 479 1185 ego.
502 1149 715 1185 Congreyamini,
733 1155 756 1177 et
779 1151 878 1178 intrate
902 1159 990 1178 omnes

202 1201 288 1229 gentes
303 1203 348 1230 per
368 1196 519 1228 circuitum,
542 1200 566 1223 et
593 1196 789 1231 congregamini
810 1196 885 1229 illuc,
914 1205 990 1224 man-

203 1246 291 1268 suetus
304 1238 340 1268 sit
356 1245 497 1276 pugnator.
517 1240 698 1277 Consurgunt,
710 1247 734 1268 et
746 1243 888 1269 ascendant
905 1248 992 1277 gentes

202 1288 231 1313 in
254 1287 346 1314 vallem
375 1286 518 1321 Iosophat,
541 1287 606 1322 quia
633 1287 669 1314 ibi
702 1287 795 1316 sedebo
819 1292 847 1314 ut
873 1288 992 1323 judicem

205 1340 293 1358 ontncs
310 1337 398 1367 gentes
409 1333 437 1359 in
446 1333 571 1360 circuitu.

242 1463 310 1490 XLI.
340 1463 528 1491 Comminatus
559 1465 697 1499 gentibus,
726 1472 853 1499 passurae
893 1467 993 1495 malum

182 1509 185 1514 ’
207 1509 278 1542 quod
291 1508 351 1534 aliis
373 1507 496 1535 fecerant
510 1527 518 1540 ,
543 1513 571 1535 et
587 1508 688 1535 scelera
714 1515 763 1535 sua
791 1516 840 1544 pro
861 1510 992 1545 dignitate

207 1553 334 1585 luiturus,
350 1553 406 1588 jam
422 1553 573 1580 orationem
589 1553 621 1580 ad
634 1553 751 1581 cultores
768 1560 833 1581 suos
845 1555 992 1588 convertit,

207 1607 276 1634 quos
289 1600 400 1627 minime
414 1599 522 1627 timidos
531 1599 742 1632 ctell‘eminatosI
757 1600 821 1635 quin
835 1601 924 1636 potius
935 1602 994 1629 aui-

209 1654 299 1673 mosos
315 1653 347 1673 ac
364 1649 488 1673 strenuos
516 1652 578 1673 esse
602 1645 727 1673 hortatur
740 1665 749 1678 ,
781 1650 809 1673 et
822 1651 926 1674 tantum
943 1655 995 1675 non

210 1692 340 1719 adhibere
363 1691 527 1727 praeconium
542 1711 550 1725 ,
581 1693 653 1726 quod
673 1691 706 1718 ab
723 1692 850 1720 omnibus
866 1693 996 1720 exaudia-

210 1743 263 1770 tur,
278 1742 306 1764 et
323 1737 356 1765 ad
373 1744 490 1773 pugnant
506 1741 599 1772 gentes
615 1737 712 1765 dehinc
732 1737 870 1772 colligere,
894 1745 996 1773 easque

211 1784 397 1817 inﬂammare,
423 1789 452 1811 ut
482 1784 535 1811 huc
564 1784 676 1818 gradum
701 1785 863 1818 accelerent,
892 1785 996 1813 tametsi

212 1831 327 1859 fortasse
357 1831 440 1857 vitam
463 1830 581 1863 quietam
606 1834 634 1857 ct
662 1836 676 1856 a
706 1829 777 1858 bello
805 1830 998 1858 abhorrentem

211 1883 290 1911 agere
317 1876 421 1904 malint.
462 1875 518 1903 Hoc
549 1879 638 1903 autem
655 1880 698 1904 est
724 1876 837 1904 reddere
860 1876 999 1904 audentis-

211 1923 305 1954 simos,
329 1926 356 1949 et
379 1920 553 1956 persuadere,
582 1922 620 1948 illi
638 1921 786 1955 conﬁdant,
810 1922 868 1957 ipso
894 1923 999 1957 ‘propu-

212 1972 323 1998 (tuante,
342 1967 460 1994 hostium
476 1973 536 1994 sese
552 1967 695 2002 petituros.
716 1966 808 2002 Itaque
821 1986 828 2000 ,
860 1976 870 1992 ι
890 1968 918 1994 in
939 1975 1001 2002 gen-

212 2012 285 2038 tibus
303 2011 360 2037 h:ec
376 2011 521 2046 praedicam
536 2031 544 2043 ,
571 2011 670 2044 inquit,
688 2016 715 2038 et
743 2011 912 2040 sanctificate
941 2013 1000 2040 bel-

213 2055 280 2082 lum.
300 2064 310 2081 ›
327 2054 386 2082 lam
400 2055 461 2087 hoc,
481 2064 491 2081 ι
521 2056 699 2089 sanctitlcate,
719 2065 728 2081 ι
747 2064 854 2084 rursum
871 2057 938 2085 nihil
958 2062 1001 2086 est

214 2101 286 2128 aliud
308 2108 400 2135 quam,
417 2101 483 2128 mihi
497 2101 570 2128 velut
584 2105 759 2134 consecrate;
776 2108 825 2137 ego
846 2103 919 2129 enim
943 2103 1000 2130 bel-

215 2146 276 2174 labo
303 2151 330 2174 ct
351 2147 384 2174 ad
407 2147 520 2182 gloriam
542 2155 630 2174 nteant
646 2155 691 2175 res
713 2153 819 2182 agetur.
835 2147 1002 2176 Occumbent

215 2193 299 2225 enim,
314 2193 360 2228 qui
388 2193 518 2220 honorem
545 2200 634 2220 meum
651 2193 771 2229 ligniset
797 2194 930 2229 lapidibus
953 2195 1002 2222 tri-

1034 274 1212 309 κακουργεαν,
1229 273 1277 300 καὶ
1294 272 1383 308 ἀνίησι
1405 271 1454 307 μὲν
1469 271 1532 303 τοὺς
1544 271 1748 306 ἠπατημένους,
1762 272 1826 303 τοὺς

1034 320 1062 347 δὲ
1078 319 1132 346 τῶν
1149 318 1346 354 ἀπατησάντων
1362 317 1433 344 κατά
1453 317 1571 353 μάθησιν
1593 315 1669 349 υἱοὺς
1691 317 1826 353 προσάγει

1034 367 1091 398 τοῖς
1107 366 1137 399 ἐξ
1154 365 1248 394 Ἰούδα.
1270 364 1399 399 Νοηθεῖεν
1419 364 1441 390 δ’
1454 364 1486 391 ἂν
1499 360 1571 390 οὗτοι
1585 363 1667 391 πάλιν
1683 364 1710 390 οί
1728 363 1827 390 Θεσπέ-

1037 419 1089 437 σιοι
1104 409 1233 446 μαθηταὶ,
1250 409 1296 436 καὶ
1307 409 1362 435 ὅσοι
1374 408 1404 434 τὸ
1416 407 1533 443 Χριστοῦ
1543 407 1652 435 λαλοῦσι
1667 409 1826 444 μυστήριον,

1035 457 1060 483 oi.
1074 456 1102 483 δὲ
1118 458 1167 492 τῆς
1179 457 1291 483 ἐκείνων
1305 455 1409 491 πλάνης
1429 455 1654 488 ἀπαλλάττοντες,
1677 455 1719 486 εἰς
1743 455 1827 489 καλήν

1035 512 1066 529 τε
1095 503 1140 530 καὶ
1160 502 1320 538 ἀξιέραστον
1347 501 1515 536 ἀποερέρουσι
1539 500 1670 533 δουλείαν,
1699 499 1751 535 τὴν
1778 500 1828 526 ὑπὸ

1036 547 1145 583 Χριστῷ
1165 547 1296 583 δηλονότι,
1319 547 1367 573 καὶ
1386 544 1441 572 οἷον
1456 545 1645 581 αἰχμαλώτους
1660 545 1827 581 ἁρπάζουσι,

1039 592 1229 628 μετατιθέντες
1246 593 1286 624 είς
1309 591 1357 627 τὴν
1381 590 1485 618 ἑαυτῶν
1504 591 1561 624 ἕξιν
1585 599 1614 617 τε
1635 591 1681 617 καὶ
1702 588 1828 625 γνώμην,

1038 640 1100 675 ἥτις
1119 640 1232 666 ἐκείνων
1245 638 1318 665 ἐστὶν
1334 639 1470 665 ἀποτάτω.
1494 638 1565 665 Πολὺ
1589 637 1644 673 γὰρ
1670 635 1702 664 τὺ
1726 636 1829 672 μεταξὺ

1036 685 1086 721 τῆς
1109 685 1220 721 γνώμης
1239 693 1269 711 τε
1295 684 1349 711 τῶν
1367 684 1462 718 ἁγίων,
1490 684 1536 710 καὶ
1557 684 1606 718 τῆς
1625 683 1678 710 τῶν
1699 682 1829 710 τοιούτων

1038 732 1146 767 ὁρᾶται.
1162 731 1277 764 Λέγεται
1294 730 1322 758 δὲ
1336 731 1383 757 καὶ
1395 730 1408 757 ὁ
1422 730 1538 763 Χριστὸς
1549 730 1612 761 τοὺς
1626 730 1658 755 ὲκ
1671 729 1721 764 τῆς
1742 728 1831 762 Ἐλληί

1037 776 1116 811 νικῆς
1142 777 1250 811 ἀπάτης
1272 777 1312 807 είς
1335 775 1482 810 ἐπίγνωσιν
1496 774 1543 801 τοῦ
1561 774 1631 801 κατὰ
1656 775 1739 809 φύσιν
1762 773 1829 800 Θεοῦ

1039 821 1289 856 μετενηνεγμένους
1301 821 1339 852 ὡς
1359 820 1546 855 αἰχμαλώτους
1562 820 1640 846 ἑλεῖν.
1658 820 1730 854 Ἔφη
1748 819 1803 854 γὰρ
1816 819 1830 844 ό

1039 866 1129 899 Δαϐὶδ,
1148 875 1156 892 ι
1178 865 1295 898 Ἀναϐὰς
1307 867 1346 898 είς
1361 865 1437 901 ὕψος,
1460 865 1669 901 ᾐχμαλώτευσεν
1687 864 1829 900 αἰχμαλω-

1041 913 1113 946 σίαν,
1130 912 1230 938 δέδωκε
1245 912 1349 947 δόματα
1364 912 1419 943 τοῖς
1435 911 1598 947 ἀνθρώποις.
1612 921 1621 938 ι

1075 959 1230 993 Κηρύξατε
1241 958 1334 985 ταῦτα
1344 957 1379 985 ἐν
1397 958 1458 990 τοῖς
1472 958 1593 986 ἔθνεσιν
1602 966 1608 972 ·
1621 956 1766 992 ἁγιάσατε
1776 957 1830 983 πό-

1040 1006 1143 1040 λεμον,
1170 1003 1338 1038 ἐξεγείρατε
1355 1002 1426 1036 τοὺς
1447 1001 1596 1038 μαχητὰς,
1614 1002 1832 1037 apocardrsre,

1041 1051 1090 1077 καὶ
1100 1050 1275 1077 ἀναϐαίνετε
1284 1048 1396 1082 πάντες
1405 1047 1513 1082 ἄνδρες
1523 1047 1711 1083 πολεμισταί.
1720 1048 1833 1082 Συγκό·

1040 1098 1119 1132 ψατε
1132 1096 1168 1123 τὰ
1187 1095 1297 1130 ἄροτρα
1311 1095 1394 1130 ὑμῶν
1407 1096 1451 1128 εις
1464 1094 1622 1128 ῥομφαίας,
1639 1093 1689 1121 καὶ
1710 1093 1748 1120 τὰ
1765 1092 1832 1127 δρέ‹

1041 1150 1122 1169 πανα
1134 1141 1217 1177 ὑμῶν
1226 1143 1270 1174 sic
1282 1140 1494 1176 σειρομάστας.
1502 1140 1530 1166 '0
1544 1138 1693 1172 ἀδύνατος
1708 1139 1831 1174 λεγέτω·

1048 1189 1152 1222 Ἰσκύω
1177 1188 1244 1224 ἐγώ.
1276 1186 1527 1221 Συναοροίζεσθε,
1549 1186 1596 1213 καὶ
1615 1187 1834 1221 ςεισπορεύεσθε

1042 1232 1140 1259 πάντα
1159 1233 1196 1259 τὰ
1212 1233 1284 1266 ἔθνη
1313 1232 1471 1264 κυκλόθεν,
1491 1231 1541 1258 καὶ
1564 1231 1738 1266 συνάχθητε
1759 1231 1833 1264 ἐκεῖ,

1043 1278 1140 1312 πραῢς
1159 1278 1237 1305 ἔστω
1260 1277 1457 1313 πολεμιστής.
1489 1276 1766 1312 Ἑξεγειρέσοωσαν,
1783 1276 1835 1304 καὶ

1042 1323 1287 1352 ἁναϐαινέτωσαν
1297 1324 1334 1351 τὰ
1350 1323 1422 1358 ἔθνη
1435 1325 1478 1358 εις
1499 1323 1557 1358 τὴν
1575 1323 1702 1351 κοιλάδα
1730 1324 1834 1351 Ἰωσα-

1035 1370 1113 1406 ,φάη
1126 1371 1170 1397 ὅτι
1188 1370 1252 1397 ἐκεῖ
1265 1369 1356 1398 καθιῶ
1369 1370 1422 1397 τοῦ
1435 1369 1583 1405 διακρῖναι
1595 1369 1693 1397 πάντα
1708 1369 1745 1396 τὰ
1761 1369 1835 1403 ἔθνη

1037 1417 1201 1444 κυκλόθεν.

1079 1463 1146 1490 MA’.
1176 1462 1340 1498 Ἀπειλήσας
1355 1463 1412 1494 τοῖς
1433 1461 1522 1489 ἔθνεσι
1540 1461 1591 1494 τὰς
1606 1461 1636 1495 ἐξ
1655 1462 1836 1497 ἀντιστρόφου

1045 1509 1198 1544 συμφορὰς,
1226 1508 1274 1535 καὶ
1297 1507 1352 1534 τῶν
1375 1507 1490 1534 ἀνοσίων
1521 1507 1608 1543 ἔργων
1637 1507 1755 1542 ἰσοπαλῆ
1783 1507 1835 1542 τὴν

1008 1576 1030 1605 c
1044 1554 1131 1590 δίκην,
1145 1553 1289 1589 καθίστησι
1300 1553 1345 1580 τὸν
1361 1553 1439 1588 λόγον
1453 1553 1499 1580 ἐπὶ
1511 1553 1575 1585 τοὺς
1591 1553 1670 1584 ἰδίους
1685 1553 1734 1588 ἤδη
1750 1560 1840 1588 προσ-

1046 1599 1175 1635 κυνητὰς,
1197 1599 1244 1631 οὒς
1264 1599 1363 1635 ἥκιστα
1391 1598 1441 1635 μὲν
1467 1599 1581 1631 δειλοὺς,
1608 1599 1655 1625 καὶ
1679 1597 1840 1633 ἀνάνδρους,

1047 1644 1115 1673 εἶναι
1140 1646 1168 1672 δὲ
1190 1645 1290 1681 μᾶλλον
1314 1644 1420 1671 κελεύει
1447 1645 1597 1676 νεανικοὺς,
1623 1644 1671 1669 καὶ
1695 1639 1842 1678 μονονουχὶ

1047 1690 1198 1727 διαπρυσίῳ
1213 1690 1366 1726 κεχρῆσθαι
1388 1689 1556 1726 κηρύγματι,
1583 1689 1724 1723 συλλέγειν
1737 1697 1769 1715 τε
1788 1688 1843 1724 ήδη

1048 1737 1116 1772 πρὸς
1134 1736 1224 1772 μάχην
1237 1736 1271 1762 τὰ
1285 1736 1359 1771 ἕονη.
1383 1737 1430 1762 καὶ
1445 1736 1575 1762 ἀνάπτειν
1599 1734 1758 1770 ἐπείγεσθαι
1772 1734 1844 1769 πρὸς

1047 1783 1127 1809 τοῦτο
1148 1783 1229 1815 αὐτὰ,
1253 1782 1305 1809 κᾶν
1318 1783 1342 1808 εἰ
1361 1782 1462 1809 ἕλοιντο
1480 1781 1560 1817 τυχδν
1582 1781 1630 1816 τὴν
1649 1781 1788 1816 ἠρεμαίαν
1809 1784 1841 1806 τε

1049 1829 1096 1856 καὶ⁷
1110 1829 1278 1864 ἀφιλόμαχον
1291 1828 1399 1856 ἑλέσθαι
1416 1829 1498 1864 ζωήν.
1515 1829 1600 1856 Τοῦτο
1610 1829 1639 1856 δὲ
1660 1827 1695 1864 ἦν
1710 1828 1844 1863 εὐτολμο-

1048 1875 1147 1907 τάτους
1162 1875 1367 1909 ἀποφαίνοντος,
1386 1875 1433 1901 καὶ
1450 1875 1493 1901 ἐπ’
1509 1875 1583 1910 αύτῷ
1598 1875 1709 1912 θαρρεῖν
1726 1873 1842 1901 ἀναπεί-

1050 1921 1152 1953 θοντος,
1166 1921 1207 1948 ὅτι
1220 1923 1266 1948 καὶ
1280 1921 1334 1948 τῶν
1352 1920 1456 1956 ἐχθρῶν
1479 1921 1606 1956 ἀμείνους
1627 1921 1736 1947 ἔσονται
1759 1918 1844 1946 αὐτοῦ

1050 1967 1277 2004 προασπίζοντος.
1296 1976 1305 1993 ι
1321 1966 1414 1994 Ταῦτα
1427 1967 1458 2002 δὴ
1474 1965 1519 1994 οὖν
1535 1968 1563 1995 ὲν
1575 1968 1631 1998 τοῖς
1651 1966 1743 1993 ἔθνεσι
1758 1966 1844 2001 κηρύ-

1051 2013 1124 2046 ξατε,
1137 2014 1218 2048 φησὶ,
1227 2014 1273 2040 καὶ
1287 2013 1418 2047 ἁγιάσατε
1430 2013 1557 2048 πόλεμον.
1565 2023 1575 2039 ι
1585 2013 1640 2040 Καὶ
1647 2012 1677 2039 τὸ
1690 2012 1845 2048 Ἁτιάσατσ

1051 2059 1131 2087 πάλιν
1145 2057 1228 2093 ἐστὶν,
1249 2059 1326 2095 Ἐμοὶ
1341 2058 1527 2094 καθιερώσατε
1540 2058 1639 2094 τρόπον
1660 2058 1732 2090 τινὰ,
1746 2058 1845 2093 ἔσομαι

1051 2105 1107 2140 γὰρ
1125 2105 1138 2131 ὁ
1157 2104 1281 2140 μαχητὴς
1303 2103 1369 2139 ἐγὼ,
1393 2105 1439 2131 καὶ
1464 2105 1503 2135 εἰς
1522 2103 1591 2139 ἐμὴν
1612 2102 1690 2135 δόξαν
1713 2102 1793 2129 ἔσται
1817 2100 1847 2128 τὸ

1052 2151 1201 2187 δρώμενον.
1220 2150 1401 2186 Τεθνήξονται
1419 2151 1473 2186 γὰρ
1497 2151 1520 2177 οἱ
1540 2150 1589 2186 τὴν
1607 2150 1676 2185 ἐμὴν
1695 2149 1779 2182 δόξαν
1798 2150 1847 2176 ἀν-

1051 2197 1169 2232 άψαντες
1179 2197 1267 2230 ξύλοις
1281 2206 1311 2223 τε
1325 2198 1371 2224 καὶ
1386 2196 1579 2229 λίθοις.”⁷Απαν
1592 2196 1620 2223 δὲ
1635 2196 1664 2222 τὸ
1680 2195 1847 2230 ἁγιάζεσθαι

216 2238 343 2265 buerunt.
375 2237 461 2266 Omne
479 2242 569 2265 autem
595 2239 667 2272 quod
699 2239 864 2266 sanetillcari
891 2239 991 2267 dicitur

1055 2243 1211 2279 λεγόμενον,
1222 2244 1262 2275 είς
1277 2243 1356 2276 δόξαν
1367 2243 1411 2270 ἀεὶ
1429 2244 1594 2279 προσάγεται
1609 2243 1686 2269 Θεοῦ.
1703 2242 1755 2268 Διὰ
1770 2242 1849 2268 τοῦτο

216 2291 324 2318 semper
339 2291 400 2310 cum
421 2284 509 2311 divina
535 2283 620 2319 gloria
650 2283 732 2319 239
755 2284 926 2318 coniunctum
951 2291 1002 2315 est.

216 2327 278 2355 Ideo
298 2329 336 2354 ait
351 2336 359 2356 :
377 2337 386 2354 ι
404 2327 576 2355 Sanctificate
591 2329 701 2362 bellum,
718 2329 846 2357 suscitata
869 2337 1002 2366 pugnato-

218 2380 271 2400 rcs.
292 2382 301 2398 ι
319 2373 350 2399 Et
365 2372 454 2400 adhuc
476 2372 624 2408 subiungit,
656 2383 665 2399 ι
684 2375 823 2406 Accedite,
843 2382 937 2404 omnes
953 2377 1003 2405 viri

218 2416 378 2443 bellatores.
399 2424 409 2442 ι
423 2415 510 2444 Ponat
523 2417 639 2452 agricola
652 2426 732 2446 curas
762 2424 789 2446 et
804 2420 923 2448 studium
951 2423 1002 2449 sibi

218 2460 423 2494 charissimum;
454 2469 488 2488 ex
513 2465 604 2489 aratro
620 2463 813 2498 rhomphazam,
838 2469 866 2493 et
891 2473 908 2494 e
934 2466 1003 2494 falce

217 2505 340 2533 lanceam
369 2506 420 2533 sibi
447 2505 581 2540 fabricet;
598 2515 650 2535 non
677 2507 750 2535 enim
773 2513 875 2537 terram
895 2510 1001 2538 colendi

218 2557 324 2586 tempus
338 2556 391 2586 est,
403 2553 450 2580 sed
464 2552 518 2581 Deo
535 2558 690 2589 contempto
708 2555 789 2582 dandi
804 2563 908 2590 paruas.
927 2557 1003 2590 Quod

218 2599 240 2625 si
268 2598 328 2632 quis
356 2598 479 2627 infirmus
505 2599 607 2634 fuerit,
634 2607 668 2627 ne
692 2601 905 2629 imbecillitatem
932 2610 999 2637 pra:-

218 2649 312 2676 texut;
337 2645 483 2673 mentiatur
509 2646 608 2680 potius,
632 2647 655 2674 si
682 2647 771 2680 lubet,
797 2653 826 2675 et
853 2648 905 2676 sibi
929 2649 1001 2677 vires

218 2697 270 2716 non
288 2690 380 2718 deesse
395 2696 525 2720 autumet.
553 2693 631 2720 Absit
655 2693 728 2720 enim
745 2699 774 2720 ut
788 2694 822 2721 ab
850 2695 892 2722 bis
917 2697 1000 2723 armis

218 2743 247 2762 se
260 2742 396 2764 removeat.
411 2738 418 2764 !
434 2738 640 2773 Congregamini
658 2739 748 2775 igitur,
765 2747 871 2773 omnes,
902 2742 999 2776 inquit,

218 2781 263 2815 qui
279 2782 380 2809 circum
395 2782 514 2810 Judacam
528 2784 668 2818 habitatis,
683 2790 709 2812 et
729 2786 801 2814 mitis
816 2793 924 2822 quoque
945 2795 996 2823 pn-

256 2871 278 2887 ⁸³
291 2872 361 2899 mal.
382 2879 466 2904 vati,
483 2872 525 2899 l9.

1055 2297 1137 2324 φησιν
1162 2299 1171 2315 ι
1192 2288 1338 2323 Ἀγιάσατε
1354 2288 1482 2324 πόλεμον,
1504 2288 1659 2323 ἐξεγείρατε
1673 2288 1738 2319 τοὺς
1757 2297 1849 2322 μαχη-

1054 2335 1112 2367 τάς.
1123 2345 1132 2360 ι
1151 2335 1205 2362 Καὶ
1214 2335 1245 2370 δὴ
1257 2335 1304 2361 καὶ
1319 2336 1458 2370 ἑπιῳωνεῖ,
1473 2335 1519 2361 καί
1530 2343 1605 2369 φησι,
1627 2344 1636 2359 ι
1650 2335 1860 2369 Προσαγάγετε,

1055 2381 1155 2412 πάντες
1170 2381 1265 2417 ἄνδρες
1279 2380 1449 2416 πολεμισταί.
1465 2390 1474 2407 ι
1489 2380 1675 2415 Καταληγέτω
1690 2380 1740 2414 μὲν
1761 2380 1776 2406 ὀ
1799 2388 1851 2414 7r,-

1055 2426 1134 2457 πόνος
1147 2425 1201 2452 τῶν
1215 2425 1290 2461 αὐτῷ
1300 2426 1464 2460 φιλαιτάτων
1477 2425 1636 2461 φροντίδων,
1650 2425 1698 2451 καὶ
1711 2423 1850 2451 σπουδασ-

1056 2470 1158 2505 μάτων.
1178 2471 1412 2507 Μεταχαλκευὲτω
1426 2471 1454 2498 δὲ
1469 2472 1500 2498 τὸ
1524 2471 1573 2506 μὲν
1593 2470 1710 2506 ἄροτρον
1722 2471 1765 2502 εἰς
1779 2471 1848 2505 ῥομ-

1055 2516 1148 2549 φαίαν,
1165 2516 1214 2551 τὴν
1233 2516 1262 2542 δὲ
1282 2516 1418 2552 δριπάνην
1438 2517 1478 2548 εἰς
1502 2515 1695 2551 σειρομάστας.
1723 2515 1764 2541 Ού
1793 2515 1849 2549 γάρ

1057 2561 1115 2587 ἐστι
1129 2561 1176 2587 τοῦ
1191 2564 1320 2596 γηπονείν
1341 2563 1356 2589 ὁ
1372 2562 1477 2598 καιρὸς,
1499 2562 1566 2588 ἀλλά
1585 2561 1631 2588 τοῦ
1648 2561 1751 2588 διδόναι
1770 2561 1850 2593 δίκας

1055 2606 1234 2642 ήτιμασμένῳ
1242 2607 1310 2642 Θεῷ.
1324 2607 1355 2635 Εἰ
1365 2607 1393 2634 δὲ
1403 2608 1434 2643 δή
1443 2616 1484 2638 τις
1496 2608 1536 2642 εἴη
1554 2608 1600 2634 καὶ
1610 2607 1754 2639 ἀδύνατος,
1770 2609 1850 2642 φησὶ,

1057 2651 1094 2685 μὴ
1110 2651 1209 2686 σκῆψιν
1223 2653 1307 2687 ἐχέτω
1321 2653 1350 2679 τὸ
1359 2653 1483 2685 ἀναλκὲς,
1499 2653 1638 2687 ψευδέσθω
1650 2653 1679 2679 δὲ
1690 2654 1740 2680 καὶ
1757 2653 1853 2686 αὐτὸς,

1056 2697 1080 2722 εί
1090 2696 1224 2732 βούλεται,
1242 2699 1287 2724 καὶ
1302 2698 1406 2732 λεγέτω
1420 2699 1450 2725 τὸ
1463 2699 1602 2726 δύνασθαι.
1619 2698 1666 2734 Μὴ
1677 2699 1733 2734 γὰρ
1751 2699 1786 2735 δὴ
1800 2700 1854 2726 τῶν

1055 2743 1143 2769 ὃπλων
1164 2745 1221 2779 ἤτω
1242 2745 1359 2781 μακράν.
1379 2745 1574 2781 Συναγείρεσοε
1595 2745 1627 2781 δὴ
1647 2743 1694 2772 οὖν
1718 2746 1856 2777 ἅπαντες,

1055 2791 1146 2825 φησιν,
1166 2792 1189 2817 οἱ
1209 2792 1301 2828 κύκλῳ
1318 2793 1367 2828 τῆς
1388 2792 1528 2826 Ἰουδαίας,
1555 2792 1602 2819 καὶ
1624 2793 1639 2818 ὁ
1661 2792 1759 2827 πραῢς
1777 2793 1856 2819 ἔσται
