1919 3041
69 211 118 240 597

513 202 788 238 COMMENTARIUS
808 207 840 234 IN
861 203 990 234 JOELEM
1010 199 1230 234 paupuanu.

1636 207 1688 236 598

69 265 200 302 μαχητὴς.
224 265 362 299 τουτέστι,
387 266 434 292 καὶ
460 265 487 292 εί
499 275 541 297 τις
560 265 613 292 τῶν
638 265 781 300 ἀοργήτων
802 264 853 297 εἴη.

908 269 966 296 gum
979 270 1009 290 se
1023 263 1132 293 credat,
1150 263 1201 290 hoc
1212 267 1272 295 est,
1307 263 1358 289 nisi
1383 262 1515 297 quispiam
1538 263 1617 292 imsci
1639 273 1689 293 ne-

67 312 134 337 ἔστω
151 310 199 337 καὶ
215 308 295 342 οὗτος
311 311 446 346 μαχητής.
463 311 576 346 Ὅμοιον
591 311 629 342 ὡς
642 311 666 336 ει
680 310 764 344 λέγει.
777 310 854 336 οὐδε-

66 356 107 387 νὸς
120 356 152 382 τὸ
165 355 278 390 σύμπαν
299 356 540 392 ὑπολελειμμένου·
558 357 620 384 Κᾶν
633 357 658 383 εί
673 355 791 390 γηπόνος
813 364 855 386 τις

65 404 116 436 εῐη,
143 403 195 430 κᾶν
218 404 244 430 εί
265 403 351 434 δειλός
379 411 408 430 τε
429 403 476 429 καὶ
497 403 626 438 ἄνανδρος
652 399 747 437 (οὗτος
766 401 820 435 γὰρ
841 402 855 427 ὁ

65 448 234 483 ἀδύνατος),
244 449 296 476 κᾶν
309 449 333 475 εἰ
344 449 440 484 πρᾶος,
453 449 500 475 καὶ
515 446 856 482 ἁφιλοπάλεμος,παραθη-

64 495 154 528 γέσθω
168 496 239 530 πρὸς
255 495 356 530 μάχην.
371 495 580 530 Παμιτήσομαι
595 494 650 528 γὰρ
663 493 767 520 οὐδένα.
793 494 856 519 Δια-

65 540 151 574 κρινῶ
167 541 197 567 δὲ
221 541 346 573 ἅπαντας
360 542 389 567 ὲν
405 543 438 576 τῇ
457 541 560 568 κοιλάδι
579 539 626 567 τοῦ
649 540 794 574 Ἰωσαφάτ.
819 539 856 566 Τὸ

64 586 232 622 δὲΔιακρινῶ
246 587 383 623 σημαίνει,
396 588 436 615 ὅτι
449 587 552 623 Κριτὴς
564 587 661 622 ἔσομαι
671 587 856 620 δυνατὸς,ποι-

64 633 121 663 ναῖς
152 641 184 659 τε
206 633 254 660 καὶ
275 634 366 665 δίκαις
387 633 470 664 ἐνιεὶς
493 634 557 664 τοὺς
580 632 784 667 διαρπάσαντας
807 631 855 667 μὲν

64 680 115 712 γῆν
137 678 187 713 τὴν
203 679 284 715 ἐμὴν,
311 679 406 714 κλήρῳ
422 679 451 706 δὲ
467 678 644 714 διαλαχόντας
662 678 709 705 τὸν
736 677 854 713 Ἰσραὴλ,

64 725 110 750 καὶ
138 724 254 760 πόρναις
281 724 330 760 μὲν
360 725 507 757 δεδωκότας
536 725 570 751 τὰ
596 724 737 760 παιδάρια,
771 732 855 751 κατα-

63 771 243 806 πεπρακότας
273 771 301 798 δὲ
317 771 352 798 τὰ
374 771 497 806 κοράσια,
520 770 567 797 καὶ.
584 770 622 802 ὠς
642 767 713 797 οἶνον
727 771 856 797 ἐκπεπω-

64 817 158 849 κότας.

104 863 290 898 Ἐπιφωνήσει
304 863 326 890 δ’
345 863 378 890 ἂν
396 863 430 890 τὰ
448 863 537 890 τοιάδε
553 863 633 890 πάλιν
647 863 704 894 τοῖς
720 863 769 898 τῆς
791 863 854 889 Ἐκ-

63 909 180 943 κλησίας
204 909 310 944 ἐχθροῖς
331 910 346 936 ό
362 908 474 944 Κύριος,
500 907 524 934 οἳ
541 907 594 935 κᾶν
617 907 788 942 παμπληθεὶ,
806 908 853 935 καὶ

907 308 985 338 sciat.
1006 307 1179 336 nihilominus
1199 309 1268 336 idem
1284 316 1358 335 arma
1374 309 1512 343 corripiat.
1528 309 1643 338 Perinde
1659 319 1691 338 ac

906 353 929 379 si
941 353 1022 386 dicat,
1035 353 1109 380 nullo
1121 361 1231 387 prorsus
1250 355 1344 381 relicto
1362 362 1369 381 :
1385 354 1448 382 Sive
1464 362 1533 390 opus
1557 357 1689 384 rusticum

907 397 988 424 l'aciat
1003 399 1074 432 quis,
1104 399 1161 425 sive
1181 399 1290 426 timidus
1308 404 1334 426 et
1359 400 1474 427 imbellis
1491 401 1527 436 ‘(is
1550 402 1621 428 cnim
1649 407 1692 430 est

907 443 1060 478 ἀδύνατος),
1071 445 1129 471 sive
1141 446 1274 472 mansueti
1288 446 1387 480 ingenii
1399 451 1426 472 et
1439 455 1453 473 a
1468 447 1563 474 bellico
1575 449 1689 482 strepitu

907 489 1021 523 alienus,
1043 491 1074 517 ad
1093 497 1209 525 pugnam
1223 495 1308 518 semet
1328 498 1465 523 cxacnat,
1489 493 1589 520 nullum
1607 502 1689 521 recu—

906 534 982 561 sabo.
997 533 1128 562 Judicabo
1141 543 1235 562 omnes
1251 537 1277 563 in
1288 537 1356 563 valle
1369 536 1497 572 Josapbat
1512 547 1519 565 :
1534 541 1604 573 quod
1624 548 1687 567 ver-

907 579 971 607 bum
986 580 1128 614 signiﬁcat.
1143 581 1228 608 Judex
1244 589 1291 609 ero
1304 587 1415 617 potens,
1444 585 1533 617 pmuis
1548 590 1575 612 et
1589 586 1690 620 suppli-

907 625 957 652 ciis
973 633 1137 660 prosequens
1148 647 1156 660 ,
1173 627 1218 662 qui
1238 627 1388 655 diviserunt
1404 633 1506 656 terram
1530 637 1616 657 meam
1629 650 1636 661 ,
1664 635 1691 658 et

907 674 980 698 sorte
1000 671 1196 700 distribuerunt
1212 673 1313 706 lsracl,
1344 675 1566 710 tradideruutque
1589 684 1687 710 pueros

908 717 1103 750 meretricibus,
1125 723 1152 746 et
1165 719 1268 754 puellas
1282 720 1470 754 vendiderunt,
1496 725 1576 755 atque
1601 727 1630 749 ut
1651 722 1691 750 vi-

907 769 970 789 num
985 763 1121 791 biberunt.

942 848 1017 881 Talia
1035 860 1140 881 rursum
1156 855 1283 884 Ecclesia;
1301 856 1424 884 hostibus
1449 857 1579 884 Dominus
1601 858 1691 885 accla-

907 900 1022 926 maverit
1040 907 1047 925 :
1068 901 1113 934 qui
1138 908 1292 936 quanquam
1311 902 1376 929 totis
1393 904 1479 938 copiis
1500 907 1528 930 et
1549 905 1622 931 omni
1647 912 1692 932 ro-

63 955 110 990 ὂ),ῃ
124 954 241 990 δυνάμει
259 955 393 990 χρώμενοι
406 954 460 981 τῶν
475 954 559 988 ἁγίων
571 953 848 989 καταστρατεύονται,

908 952 967 972 lore
981 950 1090 972 sanctos
1109 947 1300 981 oppugnarint,
1317 949 1414 976 cadent
1435 948 1556 983 profecto
1577 957 1684 982 omnes,

63 1000 212 1027 πεσοῦνται
223 1000 256 1035 δὴ
270 1000 369 1031 πάντες
380 999 462 1028 αὑτοῦ
476 999 701 1034 προασπίζοντος,
711 998 854 1030 κάκείνους

64 1047 113 1081 μὲν
132 1046 380 1082 καταστρέφοντος,
403 1044 619 1080 ἀνατειχίξοντος
638 1045 666 1072 δὲ
685 1045 749 1076 τοὺς
773 1045 855 1076 ίδίους

63 1090 258 1126 προτκυνητὰς
270 1091 373 1122 πίστει,
387 1090 434 1117 καὶ
449 1090 547 1124 ἑλπίδι,
559 1091 607 1118 καὶ
625 1090 730 1127 ἀγάπῃ,
747 1090 854 1126 καὶτῆς

64 1137 131 1169 ιδίας
145 1137 315 1173 ἡμερότητος
329 1137 452 1171 ἀγαθοῖς.

102 1183 356 1215 Ἐξαποστείλατε
368 1181 511 1217 δρέπανα,
524 1182 568 1210 ὅτι
581 1184 771 1217 παρέστηκεν
785 1191 855 1217 τρυ-

63 1227 165 1262 Μτὸς,
190 1229 414 1264 δὶσπορεύεσθε,
441 1229 577 1261 πατεῖτε,
599 1223 675 1256 διὸτι
695 1229 814 1263 πλήρης
836 1229 854 1262 ἡ

61 1275 174 1307 ληνόςη
195 1275 367 1309 ὐπερχεῒται
383 1275 420 1302 τὰ
436 1275 598 1309 ὺπολήνια,
618 1275 663 1301 ὅτι
680 1275 855 1309 ἐπληθύνθη

62 1319 98 1346 τὰ
117 1320 197 1347 κακὰ
212 1321 322 1348 αὐτῶν.
334 1319 423 1355 ἾΙχοι
433 1321 632 1355 ἠκούσθησαν
641 1321 676 1348 ἐν·
689 1321 728 1355 τῇ
739 1320 856 1348 κοιλάδι

62 1365 118 1399 τῆς
131 1366 232 1400 δίκης,
249 1366 293 1394 ὅτι
306 1367 396 1402 ἐγγὺς
413 1367 435 1401 ἦ
448 1367 543 1402 ἡμέρα
561 1367 672 1401 Κυρίου
689 1367 724 1394 ἐν
739 1366 777 1401 τῇ
793 1374 855 1394 κοι-

63 1412 132 1440 λάδι
148 1411 205 1446 τῆς
215 1412 313 1446 δίκης,
335 1412 361 1438 Ὁ
378 1411 465 1446 ἥλιος
478 1412 527 1439 καὶ
540 1413 560 1447 ἠ
574 1412 692 1446 σελήνη
703 1412 855 1440 συσκοτάο

62 1466 186 1490 σουσιν,
211 1459 260 1485 καὶ
280 1458 316 1485 τὰ
337 1458 433 1492 ἄστρα
453 1457 604 1486 θύσουσιν
625 1458 659 1485 τὸ
677 1458 787 1494 φέγγος
802 1460 856 1486 aui

64 1504 130 1531 τῶν.
149 1504 176 1531 Ὁ
192 1504 228 1531 δὲ
248 1505 355 1540 Κύριος
364 1505 398 1532 ἐκ
412 1504 488 1532 Σιὼν
497 1504 739 1539 ἀνακεκράξεται,
761 1505 810 1532 καὶ
821 1506 857 1538 ἐξ

69 1550 266 1586 Ἰερουσαλὴμ
280 1551 370 1578 δώσει
388 1551 493 1586 φωνὴν
514 1551 617 1584 αὑτοῦ,
635 1551 683 1579 καὶ
697 1552 857 1586 σεισθήσε-

65 1605 109 1624 ται
123 1598 141 1624 ὁ
151 1596 294 1631 οὐρανὸς,
310 1596 359 1624 καὶ
373 1598 393 1631 ἠ
403 1597 452 1632 τῆ.

98 1643 166 1670 ΜΠ.
185 1643 228 1669 Τὰ
244 1642 294 1677 μὲν
316 1643 452 1678 πρόσοικα
465 1642 520 1670 τῶν
543 1642 629 1670 ἐθνῶν
648 1644 698 1678 τῆς
723 1643 854 1675 Ἰουδαίας

65 1687 255 1723 τῆς,”Λρα6ἀ.ς
275 1697 305 1714 τε
328 1689 400 1723 φημὶ
420 1689 467 1716 καὶ
493 1688 620 1724 Τυρίους,
634 1688 788 1721 Γετθαίους,
807 1690 855 1716 καὶ

65 1734 228 1769 Φιλιστιεὶμ,
244 1733 402 1766 Μωαϐίτας,
420 1733 468 1761 καὶ
487 1734 664 1769 Ἰδουμαίους,
674 1734 852 1770 Ἀμμανίτας,

66 1780 110 1806 καὶ
128 1779 328 1816 Γεργεσαίους,
344 1779 426 1807 οἱονεὶ
440 1780 570 1814 σάλπιγγι
588 1780 774 1815 κεχρημένους
794 1789 852 1808 συν-

66 1826 186 1862 αγείρειν
207 1826 352 1852 ἐκέλευσεν
371 1826 411 1858 είς
431 1825 480 1860 τὴν
504 1825 615 1853 κοιλάδα
634 1825 681 1853 τοῦ
710 1827 852 1862 Ἰωσαφὰτ,

65 1870 99 1902 (7);
110 1871 214 1897 αὐτίκα
225 1871 258 1905 δὴ
275 1871 348 1905 μάλα
360 1870 579 1906 τεθνηξομένους,
595 1871 643 1898 καὶ
659 1871 761 1907 πικρὰς
775 1872 855 1906 ὑφέξ-

65 1923 140 1947 οντας
155 1915 198 1950 τῷ
213 1915 333 1950 κρίνοντι
350 1915 438 1947 δίκας.
455 1915 613 1951 Παραθήγει
628 1916 656 1942 δὲ
674 1918 731 1943 νυνὶ
745 1917 808 1948 τοὺς
824 1917 854 1949 ἐξ

70 1960 177 1997 Ἰσραὴλ
193 1961 234 1992 εἰς
246 1961 350 1996 ἄμαχόν
364 1969 425 1988 τινα
437 1961 600 1996 προθυμίαν,
623 1961 671 1988 καὶ
690 1961 854 1996 δυσάντητον

65 2005 157 2041 ἀλκὴν,
174 2006 222 2032 καὶ
236 2005 269 2041 δὴ
291 2006 537 2042 συναγηγερμένοις
556 2005 737 2042 ὲπιθρώσκειν
760 2006 854 2042 ὥσπερ

64 2051 263 2085 διακελεύεται,
281 2052 338 2079 δεῖν
353 2052 381 2079 δὲ
402 2052 521 2087 πολέμου
533 2052 641 2087 δείμασι
663 2052 853 2087 κατεπτοημέά

65 2106 135 2130 νους,
150 2097 215 2124 οὔτε
232 2097 285 2134 μὴν
301 2099 342 2130 εἰς
358 2098 448 2134 μάχην
473 2098 561 2130 ἰόντας
583 2098 661 2131 ὅλως,
686 2098 852 2134 ἡγουμένους

64 2143 90 2169 δὲ
107 2144 210 2179 μᾶλλον
224 2144 256 2170 τὸ
272 2145 365 2180 χρῆμα
386 2144 502 2180 τρυφὴν,
528 2144 575 2170 καὶ
596 2145 626 2170 ὲν
649 2143 768 2180 θυμηδίᾳ
788 2145 854 2171 αὐτὸ

65 2190 304 2225 καταγράφοντας,
328 2191 375 2218 καὶ
395 2190 548 2226 γεγηθότας
572 2192 601 2218 ὲν
619 2192 669 2226 ῐσῳ
684 2192 740 2222 τοῖς
757 2191 805 2223 τὰς
823 2191 853 2223 ἐξ

66 2236 195 2270 ἀμπέλων
219 2236 373 2272 εὐκαρπίας
397 2237 564 2271 συλλέγουσι.
589 2236 724 2273 Ταύτῃτοί
751 2244 851 2273 φησιν⁸

68 2291 76 2306 ι
86 2282 313 2314 Ἑξαποστείλατε
327 2283 456 2318 δρέπανα,
469 2283 510 2309 ὅτι
524 2283 679 2318 παρέστηκε
690 2283 824 2318 τρυγητὺς
842 2292 850 2308 ι

66 2327 104 2360 (τὸ
112 2328 351 2359 ἑξαποστείλατε
360 2328 455 2362 τιθεὶς,
469 2329 531 2355 ἀντὶ
543 2328 602 2361 τοῦ,
617 2328 798 2363 ἐκπέμψατε),
808 2330 855 2355 καὶ

66 2374 215 2406 ἐκτείνατε,
233 2374 359 2410 καθάπερ
371 2375 467 2410 ἀμέλει
485 2375 532 2401 καὶ⁸
546 2376 570 2401 οι
592 2375 696 2410 τρυγᾷν
717 2375 853 2407 εἰωθότες.

67 2419 210 2447 Κείσονται
224 2421 279 2456 γὰρ
295 2421 399 2456 ἕτοιμοι
413 2421 481 2456 πρὸς
495 2421 646 2456 ἀναίρεσιν,
660 2421 802 2456 εὐτρεπεῖς
815 2422 855 2452 εἰς

66 2467 234 2501 κατατομήν.
265 2466 476 2502 Ἀποκειρέσθω,
500 2467 593 2502 φησὶν,
614 2467 629 2493 ὁ
650 2466 789 2502 πολέμιος,
816 2467 854 2498 ὡς

67 2510 95 2543 ἐξ
105 2511 228 2546 ἀμπέλου
245 2511 352 2547 βότρυς·
376 2512 513 2538 πατείσθω
539 2512 567 2538 δὲ
586 2512 681 2548 ὥσπερ
702 2514 731 2539 ὲν
753 2513 852 2548 ληνοῖς,

68 2556 185 2591 σωρηδὸν
206 2557 260 2583 ὑπὸ
281 2556 366 2587 πόδας
382 2556 518 2591 κείμενος.
537 2565 547 2582 ι
572 2557 770 2593 Είσπορεύεσθε
786 2558 850 2593 γὰρ,

68 2602 142 2635 φησὶ,
168 2604 291 2634 πατείτε,
312 2602 380 2629 διότι
403 2602 511 2638 πλήρης
533 2603 551 2638 ὴ
575 2603 665 2638 ληνὸς,
679 2613 688 2628 ι
719 2604 851 2636 τουτέστι,

69 2647 281 2684 συγκεκόμισται
296 2648 366 2684 πρὸς
386 2648 495 2684 δλεθρον
519 2648 573 2676 τῶν
592 2648 678 2676 ὲθνῶν
696 2649 712 2684 ὴ
739 2649 852 2684 πληθὺς,

69 2692 138 2720 οὐδὲν
149 2693 179 2719 τὸ
193 2693 297 2720 κωλύον
305 2693 360 2720 ὑπὸ
375 2693 457 2725 πόδας
472 2691 541 2721 εἶναι
560 2694 622 2726 τοὺς
635 2694 710 2725 σούς.
727 2700 737 2720 t
751 2694 852 2729 ’Υπερ-

69 2738 150 2772 χεῖται
170 2738 203 2765 τὰ
218 2738 366 2774 ὑπολήνια.
379 2748 389 2765 ι
416 2740 532 2774 Σημείον
557 2740 586 2766 δὲ
612 2739 656 2767 διὰ
675 2739 777 2766 τούτων
796 2738 852 2767 οἷον

70 2783 217 2819 ἀμφιλαφὲς
238 2785 295 2812 τῶν
311 2785 351 2817 είς
369 2785 560 2821 καταπάτησιν
579 2785 850 2821 συγκεκομισμένων.

75 2827 115 2855 Ἑν
127 2830 178 2865 γάρ
194 2839 234 2857 ¹τοι.
250 2831 313 2861 ταῖς
327 2829 383 2857 τῶν
399 2829 519 2865 βοτρύων
533 2830 685 2864 ἀφθονίαις,
703 2831 750 2857 καὶ
767 2831 852 2863 αὑτὰς

72 2872 157 2906 δεῖνος
175 2876 310 2907 πολλάκις
331 2875 475 2910 ὑπεραίρει
496 2875 546 2907 τὰς
561 2875 667 2911 ληνούς.
691 2876 727 2902 Τὸ
750 2876 852 2911 πλῆθος

73 2918 97 2955 δὴ
106 2918 146 2947 οὖν
155 2921 208 2948 τῶν
218 2921 273 2948 ὑπὸ
286 2920 371 2951 πόδας
385 2920 514 2954 κειμένων
525 2920 609 2955 δηλοῖ,
621 2921 719 2955 λέγων,
731 2930 740 2946 ι
751 2921 850 2956 Ὑπερ-

906 989 966 1023 ipso
977 995 1133 1025 protegente
1153 997 1181 1019 et
1192 992 1253 1019 illos
1269 993 1376 1027 quidem
1390 996 1540 1027 evertente,
1557 1003 1620 1023 suos
1638 1003 1688 1023 ao-

907 1039 959 1062 tem
973 1036 1089 1064 cultores
1104 1037 1165 1070 ﬁde,
1178 1046 1235 1073 spe,
1252 1039 1384 1066 cliaritate
1399 1045 1423 1068 et
1439 1040 1616 1075 benignitatis
1629 1049 1686 1070 sua:

906 1082 1075 1114 muneribus,
1096 1091 1232 1111 murorum
1247 1085 1342 1117 instar,
1356 1086 1563 1115 corroboraute.

943 1167 1023 1196 Vens.
1040 1170 1134 1198 1546.
1147 1170 1268 1198 Emillile
1281 1171 1373 1206 falces,
1394 1173 1517 1207 quoniam
1537 1174 1612 1200 adeat
1632 1175 1688 1201 uiit-

906 1216 1132 1248 demia;introite
1148 1238 1156 1250 ,
1183 1219 1296 1249 calcate,
1322 1220 1384 1254 quia
1413 1220 1516 1253 plenum
1547 1219 1684 1252 torcular;

907 1263 1053 1288 redundant
1075 1263 1231 1294 toreularia,
1254 1264 1316 1298 quia
1336 1264 1513 1298 multiplicata
1535 1270 1595 1292 sunt
1618 1266 1690 1292 mala

906 1314 1006 1334 eorum.
1032 1306 1140 1334 Sonitus
1161 1309 1246 1335 auditi
1268 1314 1328 1336 sunt
1350 1310 1377 1336 in
1395 1309 1461 1337 ualle
1485 1310 1581 1345 judicii
1596 1331 1605 1344 ,
1628 1312 1691 1343 quia

903 1351 982 1385 juxta
1003 1358 1038 1379 est
1060 1353 1115 1380 dies
1143 1353 1250 1381 Domini
1268 1355 1294 1381 in
1313 1355 1378 1382 valle
1389 1355 1495 1390 judicli.
1524 1355 1570 1384 Sol
1588 1361 1610 1383 et
1628 1357 1692 1384 luna

907 1397 1156 1431 obtenebrabuntur,
1168 1405 1191 1427 et
1205 1401 1288 1428 stella:
1297 1401 1412 1428 occidere
1424 1401 1519 1436 facient
1528 1402 1691 1435 splendorem

907 1451 993 1471 suum.
1009 1443 1044 1471 Et
1058 1445 1185 1473 Dentium
1203 1447 1235 1474 de
1248 1446 1312 1474 Sion
1331 1447 1456 1474 clamabit
1470 1467 1477 1480 ,
1506 1453 1530 1475 et
1545 1447 1692 1476 Jerusalem

907 1488 979 1515 dabit
990 1496 1076 1516 vocem
1087 1498 1173 1524 suain,
1192 1497 1215 1518 et
1228 1491 1373 1520 movebitur
1392 1494 1485 1520 coelum
1503 1498 1528 1520 et
1541 1498 1622 1521 terra.

944 1639 1023 1666 XLII.
1038 1640 1180 1668 Fiuitimos
1194 1640 1293 1669 Iudaeae
1302 1642 1425 1677 populos,
1440 1642 1555 1676 Arabas,
1569 1644 1690 1679 inquam,

907 1689 934 1712 et
948 1685 1055 1721 Tyrios,
1072 1685 1199 1714 Gethwos
1217 1692 1245 1714 et
1269 1688 1426 1721 Pliilistiim,
1450 1688 1579 1716 Moabitae
1596 1688 1694 1717 ctldu-

907 1733 1180 1764 maeos,Ammonitas
1193 1738 1221 1761 et
1243 1734 1401 1769 Gergesazos
1421 1735 1496 1763 velut
1522 1736 1592 1763 tuba:
1613 1736 1688 1764 cian-

907 1777 1019 1811 goribus
1042 1778 1070 1805 in
1084 1779 1179 1806 vallem
1205 1777 1336 1815 Josaphat
1361 1788 1526 1815 congregare
1540 1782 1621 1817 jussit
1635 1802 1643 1815 ,
1662 1787 1692 1810 ut

907 1824 1105 1857 quamprimum
1132 1825 1278 1852 morituros
1309 1825 1390 1861 250
1417 1831 1444 1854 et
1475 1829 1587 1856 acerbas
1607 1829 1691 1863 judiei

907 1876 1001 1903 pmnas
1015 1870 1210 1903 persoluturos.
1228 1871 1304 1899 Nunc
1317 1873 1454 1900 lsraelitas
1467 1873 1499 1900 ad
1519 1874 1688 1902 alacritatem

907 1914 1052 1947 quamdam
1081 1914 1316 1950 inexpugnabilem
1347 1917 1529 1953 invictamque
1553 1918 1690 1948 fortitudi-

907 1966 968 1986 nem
982 1960 1142 1993 exsuscitat,
1165 1961 1285 1996 adeoque
1303 1962 1329 1989 in
1362 1968 1540 1998 congregatos
1562 1965 1689 2000 lnsilire,

907 2006 984 2039 quasi
997 2006 1083 2040 jubet,
1099 2011 1125 2034 et
1138 2007 1187 2039 ait,
1202 2015 1247 2035 eos
1261 2014 1341 2043 quam
1355 2009 1470 2037 maxime
1492 2011 1626 2039 audentes
1653 2013 1691 2040 vi~

907 2051 963 2078 deri
975 2055 1113 2086 oportere.
1129 2052 1272 2086 virilesque
1291 2060 1323 2080 ac
1345 2058 1488 2087 strenuos,
1518 2056 1601 2083 etiam
1628 2057 1689 2084 belli

909 2098 1058 2125 terroribus
1088 2103 1287 2132 consternatos,
1301 2105 1328 2127 et
1342 2108 1459 2136 pugnam
1473 2109 1618 2131 conserere
1634 2104 1691 2131 for-

906 2143 1062 2177 midantes;
1091 2145 1155 2179 quia
1170 2145 1260 2180 potius
1279 2145 1304 2172 id
1330 2146 1430 2174 habere
1459 2156 1508 2182 pro
1533 2149 1636 2177 deliciis
1664 2156 1692 2178 et

907 2190 1006 2217 ducere
1020 2190 1151 2225 voluptati
1168 2211 1175 2223 ,
1199 2199 1248 2219 nec
1274 2193 1355 2220 aliter
1376 2194 1493 2227 gaudere
1506 2213 1514 2227 ,
1535 2202 1619 2229 quam
1644 2197 1689 2230 qui

907 2236 1018 2263 uberem
1042 2236 1207 2264 vindemiam
1228 2237 1341 2265 faciunt.
1364 2238 1499 2274 Proinde,
1529 2242 1688 2277 t-Emittite,

869 2295 894 2326 ο
907 2281 1003 2315 inquit,
1017 2281 1107 2315 falces,
1120 2284 1246 2318 quoniam
1262 2284 1337 2312 adest
1350 2285 1493 2313 vindemia.
1502 2296 1511 2313 ›
1523 2287 1691 2320 Ἐξαποστεί·

907 2326 971 2353 λατε
986 2327 1075 2362 posuit
1090 2335 1138 2362 pro
1159 2328 1330 2364 ἐκπέμψατε,
1354 2330 1469 2357 emittite
1490 2337 1517 2359 et
1539 2334 1687 2366 cxtendite,

906 2372 1035 2400 nimirum
1063 2377 1091 2400 ut
1111 2373 1309 2402 viudemiantes
1325 2381 1533 2404 consueverunt.
1556 2377 1689 2406 Jacebunt

905 2421 976 2447 enim
988 2420 1074 2455 parati
1091 2425 1120 2447 ut
1137 2421 1345 2457 iuterticiantur,
1358 2423 1445 2458 parati
1458 2428 1486 2451 ut
1501 2429 1686 2458 amputentur.

888 2458 1096 2498 .Abscindatur.
1109 2466 1217 2500 inquit,
1243 2468 1338 2501 hostis,
1366 2474 1429 2496 uta
1454 2469 1508 2496 vite
1535 2469 1640 2501 botrus,
1661 2475 1688 2497 et

905 2511 1018 2546 pedibus
1042 2511 1179 2544 subiectus
1194 2531 1202 2544 ,
1232 2511 1302 2538 sicut
1323 2512 1349 2538 iu
1386 2513 1516 2540 torculari
1542 2512 1687 2539 acervatim

904 2555 1087 2584 conculcetur.
1105 2555 1148 2582 Ait
1159 2555 1231 2582 enim
1245 2576 1253 2588 ,
1277 2555 1291 2582 ἰ
1315 2556 1437 2589 lntroite,
1453 2561 1480 2584 et
1496 2558 1609 2590 calcate,
1625 2556 1688 2591 quia

904 2601 1012 2637 plenum
1023 2606 1064 2630 est
1081 2601 1210 2634 torcular,
1233 2610 1242 2626 ι
1259 2601 1310 2628 hoc
1329 2606 1370 2628 est
1381 2621 1389 2633 ,
1415 2607 1584 2637 comportata
1601 2608 1643 2629 est
1654 2603 1687 2629 ad

904 2647 1117 2675 internecionem
1139 2647 1282 2674 multitudo
1307 2647 1427 2681 gentium
1445 2668 1452 2680 ,
1481 2648 1549 2674 nihil
1573 2648 1663 2675 obstat
1677 2668 1686 2681 ,

903 2693 1050 2728 quominus
1074 2693 1255 2727 subjiciuntur
1266 2691 1379 2726 pedibus
1405 2692 1467 2719 tuis.
1497 2701 1506 2718 ι
1523 2692 1687 2719 Reduudant

905 2738 1088 2766 torcularia.)
1118 2738 1232 2773 Signum
1261 2737 1411 2771 perlectum
1446 2737 1591 2764 calcandos
1625 2744 1685 2764 esse

900 2788 1098 2819 tomportatos.
1114 2784 1220 2812 Etenim
1245 2784 1271 2810 in
1288 2790 1401 2811 uvarum
1418 2783 1584 2810 abundantia
1604 2783 1685 2810 etiam

904 2830 961 2864 ipsa
987 2829 1130 2856 toreularia
1155 2829 1247 2855 vinum
1263 2835 1334 2862 saepe
1355 2827 1470 2856 excedit.
1494 2827 1686 2862 Frequentiam

904 2875 987 2910 igitur
1012 2875 1062 2902 sub
1087 2875 1199 2910 pedibus
1224 2873 1372 2908 jacentium
1395 2874 1447 2901 hoc
1463 2874 1546 2901 verbo
1576 2873 1687 2900 demens

905 2927 981 2954 strat,
999 2931 1008 2947 ι
1032 2922 1193 2949 Redundanl
1227 2920 1380 2948 toreularia.
1402 2931 1412 2947 ›
1429 2919 1556 2956 Sequitur
1573 2929 1580 2946 :
1603 2929 1612 2946 ι
1630 2919 1679 2945 So:
