1919 3041
743 90 778 97 μ.

114 144 161 172 401

559 146 835 175 COMMENTARIUS
855 146 886 173 IN
907 144 1039 174 JOELEM
1061 141 1280 172 PROPIIETAM.

1686 140 1737 167 ιορ

115 201 170 235 ἐγὼ
184 201 293 235 Κύριος
315 204 331 229 ό
355 204 426 236 θεὸς
442 204 539 238 ὑμῶν,
557 205 756 239 κατασκηνῶν
775 205 810 232 ἐν
828 204 901 232 Σιὼν

961 204 1026 231 Dens
1040 207 1134 235 vester,
1150 203 1272 230 habitans
1292 202 1319 228 in
1335 201 1400 229 Sion
1417 202 1502 228 mante
1520 204 1610 227 saucio
1627 207 1693 231 meo,
1714 205 1738 226 ει

116 247 175 279 ὄρει
188 247 263 281 ἁγίῳ
280 257 350 282 μου.
368 250 422 276 Καὶ
443 249 530 276 ἔσται
549 250 746 285 Ἰερουσαλὴμ
762 251 841 285 ἁγία,
855 251 904 278 καὶ

117 293 291 326 alumni}
304 295 341 321 οὐ
355 294 560 323 materia-orta;
580 296 616 323 δι’
629 296 724 330 αὐτῆς
735 296 787 322 ἔτι.

150 337 215 364 ΜΓ.
229 337 296 364 Ὅτε
315 339 350 365 τὰ
364 340 523 376 ἐγκλήματα
545 341 595 375 τῆς
614 341 783 372 ἁποστασίας
802 342 858 372 τοῖς
874 341 904 374 ἐξ

123 381 231 417 Ἰσραὴλ
246 384 447 419 ἐπεγράφοντο,
469 386 517 412 καὶ
538 386 671 421 δαμάλεσι
697 386 747 422 μὲν
769 387 904 421 προσεκύ-

117 436 176 453 νουν
186 429 250 459 ταῖς
265 431 392 464 χρυσαῖς,
406 430 524 465 ἔφασκον
538 431 567 457 δὲ
582 431 707 463 ἀνοσίως,
717 428 797 458 Οὗτοι
810 432 835 458 οί
848 431 904 458 θεοί

118 474 306 510 σου,“Ῐσραὴλ,
316 476 426 508 οἵτινες
441 477 580 511 ἀνήγαγον
596 485 625 503 σε
639 478 671 504 ἐκ
686 478 738 513 γῆς
751 478 903 512 Αἰγύπτου,

116 518 175 544 τότε
188 520 236 546 καὶ
252 521 392 553 ἀσθενεῖς,
409 522 455 548 καὶ
470 522 612 555 εὐάλωτοι,
628 523 676 549 καὶ
690 524 748 554 τοῖς
765 524 904 558 πολεμίοις

116 564 279 601 ὲτοιμοτάτη
314 566 474 602 προῦκειντο
509 567 590 603 θήρα.
623 568 756 604 Ταύτῃτοι
787 568 835 595 καὶ
864 569 905 601 εἰς

116 610 309 646 αἰχμαλωσίαν
325 613 488 648 ἐπέμποντο.
509 613 617 649 Ἐπειδὴ
640 614 668 641 δὲ
693 615 838 649 ἠλέηνται,
857 615 904 641 κα)⁸

116 656 164 691 τὴν
184 657 294 684 ἑαυτῶν
314 659 504 694 κατῳκήκασι,
518 659 654 694 χαλῶντος
667 659 735 686 Θεοῦ
747 660 797 691 τὰς
808 660 903 695 ὀργὰς,

116 703 219 737 ἄμαχοι
243 703 348 736 λοιπὸν,
371 705 418 731 καὶ
443 704 672 739 ἀνανταγώνιστοι
695 706 823 739 γεγόνασι
848 708 904 738 τοῖς

115 749 235 783 ἐχθροῖς,
258 750 378 784 ἀμογητὶ
400 751 598 786 κεκρατήκασι,
619 751 707 776 καίτοι
723 752 831 778 πάντων
850 752 904 778 τῶν

115 793 202 821 ἐθνῶν
219 795 435 831 συνειλεγμένων
454 797 495 828 είς
516 797 616 831 μάχην.
640 795 793 824 Γνώσεσοαι
807 797 839 834 δὴ
858 796 904 826 οὖν

116 840 199 874 φησὶν
214 840 314 872 αὐτοὺς
325 840 380 867 ἀπό
387 849 418 875 γε
428 841 474 867 τοῦ
488 841 649 876 κατισχύσαι
659 841 714 868 τῶν
722 842 755 868 δι’
769 843 903 875 ἐναντίας,

954 249 1003 275 erit
1023 248 1173 276 Jerusalem
1184 253 1287 282 sancta,
1306 252 1330 275 et
1346 247 1502 282 alienigena:
1517 254 1568 273 non
1589 243 1738 272 transibunt

952 302 998 328 per
1008 302 1066 321 eam
1078 294 1201 328 amplius.

991 338 1080 366 XLlll.
1098 339 1213 372 Quando
1231 339 1346 367 crimina
1365 339 1479 367 deserta:
1497 343 1604 373 patrum
1628 337 1739 372 religio-

961 386 1004 414 nis
1034 385 1244 412 intendebantur
1266 385 1404 417 lsraelitis,
1424 391 1451 412 et
1468 385 1565 412 vitulos
1590 385 1739 411 adorabant

954 437 1064 463 aureos,
1089 429 1193 457 nefarie
1217 430 1422 458 acclamantes:
1450 439 1460 455 ι
1483 430 1513 456 lli
1533 435 1596 456 sunt
1622 429 1659 456 dii
1689 430 1737 460 tui,

954 476 1047 509 Israel,
1062 477 1107 511 qui
1120 476 1272 503 eduxerunt
1292 482 1317 503 te
1333 477 1366 503 de
1384 481 1453 503 terra
1472 476 1578 511 {Egypxi
1595 475 1629 508 τί,
1649 484 1657 500 ι
1675 479 1739 501 luuc

954 522 1053 549 inlirmi
1072 527 1158 555 erant,
1175 527 1202 549 et
1219 523 1268 549 levi
1286 522 1393 556 negotio
1402 522 1627 558 subjugabautur,
1645 527 1738 548 er:mt«

955 576 1008 602 que
1022 568 1149 595 hostibus
1163 567 1259 602 prasda:
1274 567 1493 601 expeditissima).
1512 567 1573 594 Ideo
1595 572 1622 594 et
1646 568 1670 594 in
1691 575 1738 594 ca-

955 613 1104 648 ptivitatem
1128 613 1339 640 abducehantur.
1364 612 1398 640 At
1423 617 1563 647 postquam
1587 613 1739 639 misericor-

955 659 1026 686 diam
1053 659 1154 694 adepli,
1181 659 1319 694 regionem
1341 665 1417 685 suam
1445 658 1611 691 postliminio
1636 658 1740 685 habita-

956 710 1028 738 runt,
1051 705 1105 733 Deo
1118 706 1171 732 iras
1186 705 1348 738 deponcnte,
1363 705 1396 732 de
1417 709 1516 731 c:etero
1532 705 1624 731 invicti
1646 709 1673 731 ct
1694 704 1737 731 in-

955 751 1124 786 superabiles
1145 751 1270 779 hostibus
1285 751 1404 783 fuerunt,
1420 751 1542 786 citraque
1565 751 1684 778 laborem
1700 759 1740 777 νι-

955 802 1061 829 cerunt,
1086 797 1135 824 etsi
1152 804 1247 825 omnes
1270 802 1363 832 gentes
1377 797 1519 823 adversum
1542 804 1588 824 eos
1609 796 1689 832 242
1714 796 1739 822 in

955 843 1076 878 praelium
1100 843 1216 871 coirent.
1245 843 1282 870 Ex
1317 850 1350 870 eo
1370 842 1451 877 igitur
1485 841 1556 877 quod
1579 842 1742 869 adversariis

115 886 156 911 ὅτι
169 885 218 912 καὶ
233 886 264 912 ἐν
277 886 368 919 αὐτοῖς
384 888 453 920 ἐστι,
471 887 518 914 καὶ
537 887 742 914 ὲπαναπαύεται
759 888 850 915 λοιπὸν
869 890 902 924 τῇ

961 890 1149 925 praevalebunt,
1174 890 1331 925 cognituros
1352 889 1428 921 dicit,
1443 897 1503 916 eum
1526 893 1553 916 et
1575 889 1645 916 inter
1671 889 1742 922 ipsiis

117 930 185 957 Σιὼν
201 931 240 964 ὡς
262 932 329 968 ἁγίᾳ
346 933 432 961 πόλει.
452 934 588 971 Ταύτῃτοί
619 944 701 972 φησιν
720 936 761 962 ὅτι
781 936 904 971 φείσεται

118 976 167 1010 μὲν
187 977 243 1003 τῶν
269 978 341 1005 ἰδίων
362 979 445 1011 λαῶν,
469 981 517 1007 καὶ
533 981 739 1015 ἀλκιμωτάτους
759 982 903 1016 ἀποφανεῖ,

118 1022 291 1057 μαθήσεσθαι
312 1025 341 1050 δὲ
363 1025 471 1058 αὐτοὺς,
487 1026 528 1053 ὅτι
542 1027 606 1061 μετν
622 1027 712 1054 αὐτῶν
723 1028 808 1054 ἐστιν.
823 1027 904 1054 Ἐσε-

117 1067 179 1093 σθαι
203 1069 232 1094 δέ
254 1077 320 1104 φησι
333 1069 383 1111 τὴν
404 1063 579 1107 Ἰερουσαλὴμ.
600 1073 692 1107 ἁγίαν,
716 1073 766 1108 τὴν
788 1073 904 1108 ἀρχαίαν

117 1114 228 1146 πάντως
242 1115 336 1143 ὰοεῒαν
351 1116 550 1150 ἀποϐαλοῦσαν,
565 1118 615 1145 οὑκ
631 1118 670 1144 ἔτι
681 1118 904 1154 ψευδομαντείας,

117 1161 164 1187 καὶ
191 1162 318 1197 γοητείας
348 1164 412 1197 παρ’
436 1164 504 1199 αὐτῇ
530 1164 705 1200 τιμωμένης,
730 1165 758 1190 ἐν
781 1164 855 1199 νόμῳ
876 1164 905 1190 δὲ

118 1205 219 1240 μᾶλλον
236 1207 390 1242 κρατούσης
412 1208 502 1244 ζωῆς,
523 1209 570 1235 καὶ
585 1210 704 1245 ἀρίστων
725 1209 905 1244 ἐπιτηδευμά-

116 1259 170 1277 των
183 1252 286 1287 σπουδῇ
302 1254 451 1287 γεγονότων
469 1255 569 1286 αὐτοῖς.
579 1255 707 1290 Ἐχούσης
719 1255 747 1281 δὲ
765 1254 844 1287 οὕτω,
858 1254 906 1281 καὶ

116 1297 213 1332 διαζῇν
225 1299 378 1335 ᾑρημένης,
393 1300 489 1327 οὐδένα
505 1301 571 1336 φησὶ
589 1300 642 1327 τῶν
658 1301 761 1336 ἐχθρῶν
775 1301 807 1327 δι’
821 1301 906 1336 αὐτῆς

118 1344 344 1379 παρελεύσεσθαι,
359 1343 414 1372 οἷον
429 1346 480 1372 οὐκ
498 1346 731 1380 εὐκαταγώνιστος
743 1345 819 1372 ἔσται
834 1345 905 1372 τισὶν

116 1390 177 1417 οὐδὲ
203 1392 233 1418 ἐν
259 1392 370 1427 παρόδῳ
393 1394 450 1424 τοῖς
479 1393 617 1419 ἐθέλουσιν
645 1392 838 1427 ἁρπαζομένη,
869 1392 907 1423 ὡς

117 1437 262 1474 προτερον,
288 1438 387 1473 μᾶλλον
409 1439 436 1465 δὲ
459 1439 590 1474 ἀσφαλὴς,
615 1439 661 1465 καὶ
682 1440 742 1470 ταῖς
759 1439 823 1474 παρ’
839 1437 906 1474 ἐμοῦ

117 1483 259 1517 δυνάμεσι,
277 1485 325 1511 καὶ
338 1485 506 1520 ἐπικουρίαις
523 1483 552 1511 εὖ
570 1484 641 1519 μάλα
655 1484 852 1519 τετειχισμένη.

159 1529 272 1565 ’Λληοὲς
286 1530 314 1556 δὲ
330 1531 360 1556 τὸ
375 1531 468 1566 χρῆμα
484 1531 536 1557 κᾶν
551 1531 575 1556 εί
590 1531 633 1557 ἐπ’
651 1530 736 1565 αὐτῆς
751 1531 837 1556 νοοῖτο
856 1529 906 1564 τῆς

124 1575 290 1611 Ἑκκλησίας
301 1576 430 1611 Χριστοῦ.
455 1577 574 1612 Κήδεται
588 1577 643 1612 γὰρ
664 1576 717 1603 τῶν
734 1576 805 1603 ἰδίων
820 1584 903 1612 προσ‹
920 1567 941 1596 C

118 1621 254 1656 nuvqtibv,
269 1621 316 1647 καὶ
331 1621 383 1648 τῶν
395 1622 532 1656 πολεμίων
553 1622 682 1657 ἀμείνους
705 1621 841 1654 ἀποτελεῖ,
862 1619 908 1648 εὖ-

120 1667 236 1698 σΟενεῖς,
248 1667 295 1692 καὶ
310 1666 527 1701 ἀλκιμωτάτους,
545 1667 697 1701 εὐρωστίας
710 1667 845 1702 γέμοντας
859 1667 909 1702 τῆς

120 1713 321 1747 πνευματικῆς,
351 1712 454 1744 εἰδότας
469 1721 499 1738 τε
522 1713 569 1739 καὶ
594 1713 810 1745 πεπιστευκότας
832 1714 872 1740 ὅτι
894 1714 908 1739 ὁ

119 1757 185 1788 Θεὸς
199 1758 230 1784 ἐν
245 1758 336 1788 αὐτοῖς
349 1758 393 1784 διὰ
406 1758 453 1784 τοῦ
469 1758 636 1793 Πνεύματος.
652 1769 662 1784 ‹
675 1760 805 1786 Κατοικεῖ
815 1759 869 1794 γὰρ
881 1760 908 1786 ἐν

119 1805 178 1835 ταῖς
194 1804 412 1839 καρδίαιςσὴμῶν
426 1804 471 1832 διὰ
493 1805 541 1840 τῆς
555 1806 682 1837 πίστεως.
704 1815 712 1832 ι
727 1806 782 1832 Καὶ
799 1805 813 1831 ὁ
829 1805 911 1840 εὐαγσ

118 1850 249 1885 γελιστὴς
261 1850 388 1885 Ἰωάννης
400 1852 491 1886 φησὶν,
504 1861 512 1878 ι
526 1853 571 1878 Ἐκ
585 1851 679 1878 τούτου
690 1851 860 1886 γινώσκομεν
869 1851 909 1878 ὅτι

119 1896 147 1920 ἐν
163 1896 232 1930 ἡμῖν
243 1896 328 1927 ἐστιν,
344 1897 376 1922 ὲκ
385 1896 431 1922 τοῦ
450 1897 618 1932 Πνεύματος,
639 1895 670 1925 οὗ
684 1898 782 1924 ἔδωκεν
801 1897 878 1931 ἡμῖν.
897 1905 906 1922 ι

126 1941 206 1974 ’Λγία
233 1941 261 1967 δὲ
276 1941 346 1968 κατὰ
365 1941 395 1967 τὸ
416 1942 547 1978 ἀληθὲς-ἡ
571 1945 651 1978 νοητή
671 1952 721 1969 που
737 1943 846 1975 πάντως
865 1942 911 1968 Ἰε-

120 1987 266 2022 ρουσαλὴμ
278 2007 285 2019 ,
302 1987 455 2020 τουτέστιν,
475 1989 490 2023 ἠ
511 1989 677 2024 Ἐκκλησία,
690 1989 731 2020 ,τὰ
751 1989 805 2015 τῶν
825 1989 910 2023 ἁγίων

120 2033 258 2066 τάγματα.
280 2033 317 2059 Οὐ
330 2033 383 2068 γάρ
396 2035 453 2060 ἑστι
469 2034 586 2070 πάροδος
601 2035 761 2069 ἀλλογενῶν.
784 2044 793 2060 ι
811 2036 841 2062 ΟΞ
855 2035 910 2071 γὰρ

119 2077 167 2103 τοῦ
180 2077 302 2112 Χριστοῦ
317 2078 366 2113 τὴν
385 2079 474 2114 σάρκα
487 2079 674 2116 ἐσταύρωσαν.
692 2089 701 2105 ι
717 2079 867 2115 Μέμνημαι
881 2080 910 2106 δὲ

120 2123 248 2157 λέγοντος
263 2124 310 2150 καί
331 2133 404 2156 τινος
420 2125 473 2151 τῶν
496 2125 601 2160 σοφῶν,
619 2136 627 2150 ι
650 2126 712 2152 Ἐὰν
729 2126 841 2161 Πνεῦμα
861 2125 908 2152 τοῦ

120 2169 325 2202 ἑξουσιάᾣντος
338 2171 424 2206 ἀναϐῇ
441 2172 487 2198 ἐπὶ
500 2172 540 2203 σὲ,
556 2172 637 2198 τόπον
655 2181 702 2198 σου
720 2173 757 2208 μὴ
771 2173 853 2208 ἀφῇς,
868 2172 910 2198 ὅτι

122 2216 190 2252 ἴαμα
205 2209 376 2244 καταπαύσει
390 2219 528 2254 ἁμαρτίας
546 2219 675 2254 μεγάλας.
695 2229 704 2244 ι
721 2219 841 2254 Ἀσφαλῆ
856 2219 910 2254 γὰρ

121 2263 214 2297 ἔχουσι
240 2264 290 2299 τὴν
318 2265 448 2300 καρδίαν,
476 2266 504 2290 οὐ
528 2265 658 2300 βάσιμον,
680 2265 734 2291 οὐδ’
760 2265 911 2300 ἱππήλατον

121 2312 177 2340 τοῖς
194 2310 361 2345 ἀκαθάρτοις
376 2311 512 2345 πνεύμασι
527 2311 736 2345 σεσαλευμένηψ
753 2310 863 2346 ἑδραίαν
882 2310 911 2336 δὲ

122 2355 235 2388 μᾶλλον,
261 2355 308 2381 καὶ
332 2356 387 2385 τοῖς
411 2356 460 2390 τῆς
485 2354 613 2390 ἀληθείας
634 2354 766 2389 δόγμασιν
787 2351 816 2380 εὖ
839 2353 911 2389 μάλα

122 2409 195 2426 πεπυ
199 2409 259 2435 ργω
262 2400 353 2435 μένην.

158 2446 213 2472 Καὶ
236 2446 322 2472 ἔσται
337 2446 373 2472 ἐν
396 2445 431 2479 τῇ
447 2445 543 2480 ’ἡμέρᾳ
565 2445 665 2479 ἐκείνῃ
678 2453 685 2461 ⁸
705 2444 911 2477 ἀποσταλὰξει

122 2495 158 2519 τὰ
181 2491 236 2525 ὄρη
267 2492 457 2526 τλυκασμὸν,
483 2492 532 2519 καὶ
557 2493 586 2519 οὶ
612 2491 720 2524 ,βουνοί
741 2491 910 2525 ρυήσονται

123 2539 213 2571 γάλα,
238 2538 290 2565 καὶ
313 2537 408 2565 πᾶσαι
429 2539 459 2565 ut
481 2537 604 2573 ἀφέσεις
622 2536 720 2564 Ἰούδα
741 2536 910 2570 ῥυήσονται

121 2584 229 2616 ὕδατα,
246 2582 297 2610 καὶ
318 2582 399 2618 πηγὴ
414 2583 448 2615 ἐξ
463 2583 548 2610 οἶκον
572 2582 683 2616 Κυρίου
707 2580 912 2614 ἐξελεύσεται,

122 2629 172 2655 καί
185 2629 284 2655 ποτιεῑ
296 2629 350 2655 τὸν
363 2628 545 2664 χειμάρῤουν
562 2627 622 2655 τῶν
637 2627 791 2662 σχοινίων.

158 2675 223 2702 ΜΔ¹.
243 2675 476 2710 ’Δναδειμαμένης
493 2675 572 2709 ἁγίας
586 2674 638 2709 τῆς
656 2673 844 2709 Ἰερουσαλὴμ,
864 2673 912 2700 καὶ

121 2722 173 2747 οὐκ
198 2720 283 2756 οὔσης
307 2721 348 2747 ἔτι
372 2721 458 2756 βατῆς
479 2722 535 2752 τοῖς
561 2719 732 2754 ἀλλογενέσι,
761 2719 806 2746 διά
829 2727 859 2745 τε
884 2719 913 2746 τὸ

123 2767 337 2793 κατασκηνῶσαι
352 2767 382 2793 ἐν
397 2767 465 2802 αὐτῇ
482 2767 528 2793 τὸν
539 2766 594 2793 τῶν
608 2766 676 2793 ὅλων
691 2765 803 2800 Κύριον,
814 2765 910 2800 φείσα-

157 2853 180 2871 "
199 2854 283 2881 I-lxud.
303 2861 388 2886 xxx",
405 2854 431 2880 4.
470 2853 492 2867 ⁷¹¹
511 2853 596 2887 Ephcs
619 2862 647 2887 ιι,
665 2854 704 2880 Π.

745 2853 767 2867 7“
787 2853 793 2879 Ι
810 2852 887 2880 .1υ·ιιι,
910 2860 944 2886 Iv,
982 2851 1023 2878 i5.

958 943 1030 968 esse,
1055 939 1082 962 et
1108 936 1134 962 in
1156 940 1293 969 posterum
1320 943 1400 970 super
1422 940 1513 963 sancta
1539 935 1648 962 civitate
1671 935 1735 960 Sion

955 981 1120 1016 quieturum.
1139 981 1206 1008 llinc
1225 982 1340 1009 allii-mat
1368 989 1512 1016 parsurum
1528 981 1625 1015 populo
1639 988 1699 1010 suo,
1714 986 1741 1006 et

956 1027 1161 1054 strenuissimos
1187 1028 1372 1059 redditurum.
1397 1033 1421 1055 et
1448 1031 1654 1062 perspecturos,
1678 1035 1740 1054 cum

956 1081 1017 1101 cum
1051 1073 1117 1106 ipsis
1142 1080 1220 1106 esse;
1246 1072 1302 1100 iure
1324 1079 1413 1100 autem
1438 1073 1586 1100 Jerusalem
1609 1077 1740 1103 sanetam,

936 1133 943 1137 ν
956 1119 1097 1152 repudiato
1113 1127 1225 1154 prorsus
1237 1119 1370 1146 atheismo
1384 1119 1477 1150 veteri,
1497 1118 1571 1145 falsis
1587 1119 1739 1153 prmdictio-

958 1167 1037 1193 uibus
1049 1170 1077 1192 et
1102 1165 1330 1192 incantationibus
1352 1165 1497 1199 despectis,
1522 1165 1547 1191 in
1571 1164 1629 1199 lege
1653 1169 1741 1190 autem

958 1212 1020 1238 vita:
1037 1216 1173 1246 potentem
1198 1216 1225 1238 et
1250 1211 1434 1238 institutorum
1453 1211 1616 1245 optimorum
1636 1210 1741 1237 studio-

957 1265 1024 1285 sam.
1050 1257 1117 1284 Cum
1143 1257 1183 1285 sic
1210 1265 1239 1285 se
1262 1257 1397 1290 habuerit,
1414 1262 1442 1284 ct
1467 1257 1504 1283 ita
1528 1257 1607 1283 vitam
1633 1256 1742 1291 exigere

957 1304 1139 1337 constituerit,
1166 1303 1268 1330 nullum
1291 1305 1394 1332 hostem
1411 1312 1459 1339 per
1478 1311 1537 1331 eam
1553 1303 1740 1334 transiturum,

957 1349 983 1376 id
999 1354 1051 1381 est,
1065 1357 1078 1376 ιι
1095 1350 1202 1376 nemine
1218 1349 1297 1376 facile
1311 1350 1519 1384 expugnabitur.
1533 1356 1583 1376 nec
1599 1349 1625 1375 in
1651 1352 1740 1375 trans-

958 1395 997 1423 itu
1016 1403 1030 1422 a
1046 1396 1199 1422 volentibus
1216 1399 1246 1422 ut
1265 1400 1345 1422 antea
1369 1395 1489 1430 rapietur
1502 1415 1509 1428 ,
1531 1394 1596 1429 quin
1616 1398 1670 1421 tuta
1691 1394 1743 1421 erit

958 1441 1043 1477 copiis
1068 1441 1229 1476 auxiliisque
1252 1441 1318 1469 meis
1341 1446 1371 1469 ut
1403 1448 1479 1469 muro
1501 1441 1602 1475 optime
1626 1440 1742 1467 circuiu-

959 1492 1043 1522 septa.

994 1532 1066 1559 Istud
1084 1539 1165 1566 porro
1177 1533 1259 1560 etiam
1274 1533 1306 1560 dc
1319 1524 1418 1559 Christi
1437 1531 1558 1560 Ecclesia
1575 1538 1668 1558 verum
1688 1534 1738 1557 est.

959 1576 1075 1604 Suorum
1093 1577 1164 1604 cnim
1185 1578 1318 1604 cultorum
1342 1584 1434 1604 curam
1455 1577 1541 1611 gerit,
1567 1580 1594 1603 et
1621 1575 1744 1602 hostibus

959 1624 1113 1658 superiores
1130 1623 1203 1655 facit,
1223 1624 1358 1656 robustos,
1378 1622 1592 1654 strenuissimos,
1610 1621 1742 1656 spirituali

959 1669 1118 1697 fortitudine
1141 1669 1243 1704 plenos,
1267 1676 1327 1695 cum
1352 1668 1439 1695 sciant
1461 1672 1488 1695 et
1507 1668 1635 1698 credant,
1661 1667 1742 1693 Deum

959 1723 1008 1750 per
1023 1715 1152 1750 Spiritum
1168 1716 1193 1742 in
1208 1715 1273 1750 ipsis
1283 1722 1360 1748 esse;
1380 1723 1389 1740 ι
1409 1714 1513 1742 habitat
1524 1713 1596 1740 enim
1611 1713 1637 1739 iu
1654 1711 1743 1739 conli-

962 1761 1012 1788 bus
1029 1762 1130 1788 noslris
1149 1768 1196 1796 per
1213 1762 1291 1788 [idem
1306 1761 1340 1787 ⁷⁵.
1359 1770 1368 1786 ι
1387 1761 1420 1787 Et
1443 1763 1472 1786 ut
1488 1758 1606 1786 Joannes
1628 1764 1743 1791 evange-

960 1807 1022 1834 lista
1040 1807 1135 1834 scribit
1152 1815 1159 1833 :
1179 1816 1187 1832 ι
1209 1807 1235 1833 In
1252 1806 1303 1833 hoc
1316 1805 1518 1840 cognoscimus,
1537 1805 1599 1838 quia
1621 1804 1646 1830 in
1667 1803 1745 1830 nobis

959 1857 1010 1883 est,
1024 1853 1086 1887 quia
1106 1851 1140 1879 de
1162 1851 1265 1886 Spiritu
1294 1859 1342 1878 suo
1367 1850 1442 1878 dedit
1465 1850 1542 1877 nobis
1559 1849 1592 1875 ".
1614 1858 1623 1874 ›
1647 1849 1744 1874 Sancta

960 1903 1049 1924 mrtem
1067 1901 1106 1925 est
1131 1905 1223 1924 revera
1246 1896 1436 1924 intellectualis
1460 1894 1622 1926 Jerusalem,
1650 1894 1675 1922 id
1693 1899 1745 1925 est,

961 1942 1090 1975 Ecclesia,
1105 1942 1393 1970 sanctorum'ordines.
1405 1939 1464 1967 Non
1477 1940 1550 1967 enim
1560 1944 1601 1966 est
1617 1939 1747 1966 transitus

960 1996 1008 2023 per
1030 1995 1090 2015 eam
1118 1987 1287 2022 alienigenis.
1307 1996 1316 2013 ι
1343 1986 1394 2020 Qui
1417 1992 1533 2020 namque
1552 1990 1616 2012 sunt
1633 1985 1745 2015 Christi,

960 2041 1069 2062 carnem
1087 2041 1163 2061 suam
1184 2032 1430 2060 cruciﬁxerunt'”.
1456 2041 1465 2057 ι
1486 2030 1564 2058 Venit
1583 2030 1609 2057 in
1628 2035 1746 2057 tuentem

960 2080 1090 2114 sapientis
1111 2079 1251 2115 cujusdam
1266 2078 1388 2112 ell‘atnm,
1402 2077 1580 2113 praecipientis
1593 2085 1600 2103 :
1615 2086 1624 2102 ι
1644 2076 1672 2104 Si
1686 2077 1746 2110 Spi-

961 2127 1028 2153 ritus
1043 2129 1203 2160 potestatem
1217 2124 1342 2152 habentis
1350 2122 1504 2151 ascenderit
1515 2130 1596 2157 super
1606 2127 1642 2155 te,
1659 2122 1747 2149 locmu

962 2175 1036 2199 tuum
1051 2170 1235 2202 nedimiseris,
1247 2169 1308 2204 quia
1318 2168 1422 2196 curatio
1432 2167 1513 2195 faciet
1520 2174 1628 2195 cessare
1639 2171 1748 2202 peccata

964 2225 1060 2252 magna
1074 2217 1108 2243 '3.
1124 2226 1134 2242 ›
1158 2216 1256 2243 Tutum
1270 2215 1368 2250 quippe
1387 2214 1506 2241 retinent
1522 2221 1580 2246 cor,
1602 2221 1654 2241 non
1675 2213 1747 2248 pedi'

964 2264 1046 2296 tibus,
1063 2271 1116 2290 non
1133 2263 1270 2297 equitibus
1284 2262 1417 2296 pervium,
1436 2265 1465 2288 ut
1482 2261 1515 2288 ab
1532 2261 1678 2287 immundis
1694 2259 1734 2294 spi

964 2308 1062 2336 ritibus
1077 2309 1226 2342 agitatum;
1245 2307 1292 2334 sed
1315 2306 1411 2333 stabile
1432 2306 1521 2341 potius
1536 2310 1563 2333 et
1578 2306 1748 2340 dogmatibus

963 2354 1086 2383 veritatis
1102 2354 1182 2389 quasi
1199 2353 1318 2380 turribus
1338 2353 1456 2388 perbene
1469 2353 1675 2380 conuuunituni.

1000 2442 1080 2470 Vsus.
1098 2442 1142 2469 18.
1165 2440 1197 2467 Et
1220 2440 1269 2467 erit
1293 2440 1320 2467 in
1343 2439 1384 2467 die
1403 2439 1467 2467 illa.
1491 2444 1591 2466 utentes
1614 2439 1748 2466 stillabant

963 2488 1143 2520 dulcedinem,
1161 2491 1186 2513 et
1202 2485 1281 2512 colles
1300 2486 1383 2520 [luent
1394 2484 1473 2516 lacte,
1490 2489 1514 2511 et
1524 2493 1613 2512 omnes
1627 2485 1748 2512 emissio-

965 2542 1009 2560 nes
1019 2532 1094 2560 Juda
1108 2532 1189 2567 ﬂuent
1203 2532 1290 2566 aquis,
1304 2536 1327 2558 et
1342 2531 1402 2565 fons
1415 2530 1447 2557 de
1460 2530 1537 2556 domo
1554 2529 1661 2558 Domini
1677 2538 1748 2565 egre-

964 2578 1061 2612 dietur,
1080 2582 1105 2605 et
1121 2576 1243 2612 irrigabit
1262 2580 1402 2603 torrentem
1419 2575 1607 2610 {anicularum

1003 2667 1094 2696 XLIV.
1112 2668 1264 2696 lustaurata
1281 2670 1373 2694 sancta
1387 2665 1548 2698 Jerusalem,
1564 2671 1613 2691 nec
1634 2662 1748 2698 amplius

965 2714 1125 2749 alienigenis
1140 2713 1244 2749 pervia,
1266 2712 1337 2748 quod
1361 2719 1419 2740 eam
1438 2710 1536 2738 incolat
1561 2710 1747 2736 universorum

967 2760 1107 2794 Dominus,
1127 2759 1187 2787 data
1207 2758 1284 2787 venia
1302 2758 1400 2793 populo
1414 2756 1493 2788 Juda,
1512 2762 1599 2790 eoque
1619 2753 1747 2781 corrobo-

1062 2850 1083 2866 ⁷⁷
1099 2849 1186 2877 Galat.
1201 2849 1278 2883 v,24.
1317 2849 1340 2865 ⁷⁸
1356 2848 1444 2876 Ecclc.
1465 2855 1490 2879 κ,
1507 2846 1534 2874 4.
