1919 3041
203 140 255 168 405

694 139 723 165 5.
744 137 882 171 εῑιιιιιι
901 138 1133 167 ΑιΕιιΑΝυιιιΝι
1152 141 1310 169 ARClllEP.

1771 142 1824 171 ιοι

204 203 275 231 ratn,
290 201 318 226 cl
331 197 471 233 superiore
482 196 644 224 adversariis
661 196 768 230 electo,
784 203 848 226 tunc
860 199 986 226 nimirum

1044 201 1102 228 ποαί
1119 211 1148 230 τε
1170 204 1217 230 τοῦ
1235 203 1300 231 ἰδίου
1315 203 1391 237 λαοῦ,
1408 204 1454 231 καὶ
1476 204 1638 239 κατισχύσαι
1663 203 1713 240 μὲν
1731 204 1824 234 αὑτὸν.

205 249 311 274 montes
335 254 345 271 ι
365 243 505 272 stillabunt
531 242 611 278 248
632 243 800 272 dulcedinem
815 265 823 278 ,
853 251 880 273 et
905 245 987 274 colles

204 292 287 320 ﬂuent
308 291 388 323 lacte,
411 294 439 317 et
459 288 620 316 emissiones
645 288 713 317 Juda
729 299 740 317 υ
762 290 888 319 ﬂuentum
906 299 986 319 suum

207 339 318 366 dabunt.
337 335 503 364 Emissiones
517 335 570 362 dici
586 336 682 370 opinor
702 336 816 364 fontium
836 339 987 367 emanatio-

206 392 266 416 nes,
294 387 340 409 aut
360 382 406 416 qui
421 381 520 415 alioqui
541 381 634 409 vocari
657 382 762 415 possint
783 390 915 418 aquarum
936 383 987 411 dn-

207 435 278 457 ctus.
295 428 423 455 Montium
445 427 552 460 quidem
573 427 682 454 nomine
706 428 828 463 accipere
850 428 924 462 licet,
942 429 988 463 qui

205 475 315 502 virtutis
326 474 431 502 culmen
446 473 672 506 conscenderunt,
689 478 717 500 et
730 473 855 501 laudibus
869 474 930 502 vitae
943 481 988 502 se-

206 521 324 548 cundutn
339 519 466 546 virtutem
484 522 551 545 actm
567 518 628 545 aliis
641 522 820 552 antestantes,
829 520 989 554 conspicuos

206 571 232 593 et
248 565 368 594 illustres
381 558 392 592 ἐ
407 565 502 600 quales
514 569 592 593 erant
612 565 735 598 discipuli
752 565 865 599 Christi,
889 571 916 593 et
934 574 988 601 prae

207 612 312 639 steteris
326 611 456 645 Baptista,
473 611 506 638 de
521 616 576 645 quo
588 614 630 637 est
646 610 711 637 illud
721 609 869 638 Salvatoris
882 620 889 638 :
906 621 916 639 ι
931 611 988 639 Non

207 657 327 685 surrexit
348 656 433 690 major
449 656 550 683 Joanne
566 656 600 683 ".
623 665 634 682 ι
650 655 821 684 Excellentes
836 657 919 690 igitur
933 657 988 690 isti,

207 707 235 729 et
256 703 384 730 ontuibns
402 702 546 732 notissimi,
562 702 664 729 stillant
681 701 859 736 dulcedinem,
881 708 908 730 ct
926 708 989 733 tan-

208 755 289 783 quam
305 748 384 776 melle
396 748 462 775 illita
478 747 511 774 dc
523 747 631 775 Christo
648 747 730 774 verba
746 747 855 781 facient,
869 753 898 776 nt
915 749 990 784 quis-

207 793 269 828 quis
299 793 415 821 audierit
439 793 539 821 eximia
570 792 692 827 perfusus
713 792 806 820 ltetitia
833 794 988 822 exclamet:

210 839 314 873 tQuam
327 839 412 867 dulcia
425 839 546 866 faucibus
560 839 627 867 meis
639 838 744 874 eloqttia
755 840 844 868 tua“!
859 850 868 866 ι
883 840 915 868 Ει
930 849 990 877 quae

1037 247 1176 282 ἀποφῆναι
1187 248 1216 275 δὲ
1229 248 1276 275 καὶ
1290 248 1346 275 τῶν
1360 249 1564 284 ἀνθεστηκότων
1579 249 1694 285 ἀμείνω,
1711 249 1773 276 τότε
1791 251 1824 285 δη

1037 292 1072 319 τὰ
1088 293 1138 328 μὲν
1151 293 1200 329 ὅρη
1218 302 1228 319 ι
1243 293 1422 326 Σταλάξονται
1440 294 1611 330 γλυκασμὸν,
1631 295 1776 329 ρυήσονται
1796 295 1825 321 δὲ

1038 338 1085 367 καὶ
1098 339 1121 365 οι
1141 338 1230 373 βουνοὶ
1243 339 1275 367 τὸ
1289 339 1370 374 γάλα,
1380 340 1427 366 καὶ
1439 341 1468 366 ai.
1482 339 1529 366 τοῦ
1548 339 1632 366 Ἰούδα
1644 340 1758 374 ἀφέσεις
1771 349 1780 365 r
1795 339 1826 366 τὸ

1038 384 1136 410 οἰκεῖον
1151 384 1298 411 ἐκδώσουσι
1314 385 1398 420 νάμα.
1421 385 1545 419 ’Δφέσεις
1560 384 1588 411 δὲ
1607 382 1682 420 οἶμαι
1697 384 1827 418 λέγεσθαι

1038 429 1088 461 τὰς
1110 430 1165 457 τῶν
1184 430 1281 466 πηγῶν
1298 431 1445 466 ἐκδρομὰς,
1471 431 1488 466 ἢ
1512 431 1573 457 καθ’
1598 431 1691 466 ἕτερον
1710 431 1826 466 τρόπον,

1039 474 1118 509 οἷπερ
1131 474 1163 502 ἂν
1177 473 1245 501 εἶναι
1260 475 1382 509 λέγοιντο
1396 476 1450 502 τῶν
1465 475 1568 506 ὑδάτων
1582 476 1681 510 ὀχετοί.
1700 476 1755 501 Καὶ
1774 476 1826 511 δρη

1041 519 1091 554 μὲν
1104 519 1225 554 νοηθετεν
1242 520 1274 547 ἂν
1288 520 1313 547 οἱ
1334 521 1403 555 πρὸς
1417 520 1484 555 ὕψος
1503 521 1604 556 ἀρετῆς
1626 521 1758 555 ἠρμένοι,
1779 522 1827 547 καὶ

1039 567 1096 596 τοῖς
1115 566 1255 601 αὐχήμασι
1276 567 1327 601 τῆς
1350 567 1379 601 ἐξ
1404 567 1505 602 ἀρετῆς
1523 567 1596 601 ζωῆς
1613 566 1643 592 τὸ
1660 567 1714 593 τῶν
1737 566 1828 594 ἄλλων

1040 611 1241 646 ὑπερφέροντες
1254 611 1364 648 μέτρον,
1379 612 1404 639 οἱ
1421 612 1572 646 περίοπτοι,
1590 612 1637 638 καὶ
1655 613 1827 646 περιφανεῖς,

1040 656 1127 682 ὁποῖοι
1141 654 1212 691 ἦσαν
1227 656 1251 683 οἱ
1269 657 1400 691 μαθηταὶ,
1417 657 1464 686 καὶ
1477 657 1561 691 πρὸγε.
1573 656 1627 683 τῶν
1642 656 1731 683 ἄλλων
1744 657 1758 682 ὁ
1775 656 1829 682 Βα-

1041 702 1156 736 πτιστὴς
1168 721 1174 732 .
1194 702 1258 737 περὶ
1274 699 1305 730 οὗ
1323 703 1337 729 ὁ
1353 703 1448 737 Σωτήρ
1465 710 1558 737 φησιν,
1586 711 1595 728 ι
1613 703 1669 729 οὐκ
1689 702 1829 737 ἐγείρεται

1043 747 1143 781 μείζων
1163 746 1296 774 Ἰωάννου.
1317 755 1326 772 ι
1348 743 1428 773 οὗτοι
1451 746 1483 781 δὴ
1505 743 1551 773 οὖν
1571 746 1596 773 οἱ
1623 745 1753 781 μεγάλαν,
1780 745 1831 771 καὶ

1040 792 1246 828 γνωριμώτατοι
1269 792 1430 823 σταλάζουσι
1446 791 1619 826 γλυκασμὺν,
1641 791 1688 818 καὶ
1705 788 1763 817 οἷον
1782 790 1831 825 μέ-

1041 837 1094 864 λιτι
1107 837 1300 873 καταχρὶοντες
1312 838 1358 865 τὸν
1372 838 1435 872 περὶ
1459 838 1505 865 τοῦ
1523 838 1649 874 Σωτῆρος
1668 837 1831 872 ποιήσονται

209 890 371 920 Sequuntur.
384 885 524 920 Nunquam
538 884 608 912 enim
621 891 673 912 non
685 884 770 913 dulcis
782 891 820 915 est
835 893 989 916 sanctorum

1044 883 1129 916 λόγον,
1142 883 1180 914 ὡς
1194 883 1248 910 τῶν
1265 884 1471 919 μετεσχηκότων
1488 883 1602 913 ἕκαστον
1617 884 1649 909 ὲκ
1663 881 1831 918 περιχαρίας

208 937 297 958 sermo
307 931 340 958 iis
353 930 398 966 qui
416 931 477 966 Deo;
485 930 591 964 placere
605 931 725 965 cupiunt.
750 931 830 960 Tales
844 933 945 968 itaque,
965 938 992 961 et

209 976 344 1010 aptissime
358 976 476 1010 quidem,
491 983 538 1010 per
551 980 655 1005 montes
674 977 870 1012 intelliguntur.
902 978 991 1006 Colles

207 1028 266 1048 esse
274 1025 452 1050 autumamus.
461 1020 565 1050 illorum
575 1024 734 1057 prastantite
741 1024 848 1057 paulum
855 1024 990 1058 cedentes,

205 1072 234 1095 et
249 1073 310 1095 tnta:
334 1067 484 1095 rationibus
507 1067 649 1096 inferiores
664 1077 672 1095 :
689 1069 735 1103 qui
753 1073 840 1096 tamen
858 1074 886 1096 et
901 1069 992 1104 ipsise

207 1114 373 1147 extulerunt,
388 1118 416 1141 et
435 1121 514 1148 supra
531 1113 598 1141 alios
614 1114 727 1141 multum
745 1115 877 1143 eminent.
894 1115 925 1143 lli
944 1123 989 1143 re-

207 1166 273 1188 cens
294 1158 347 1187 fide
361 1159 528 1186 initiatorum
548 1160 647 1187 animis
666 1169 676 1186 ι
696 1161 867 1194 rationabile,
883 1166 911 1189 et
933 1162 992 1190 sine

208 1205 269 1234 dolo
293 1205 334 1232 lac
353 1205 374 1220 δι
397 1213 407 1230 ι
425 1204 582 1236 infundunt,
606 1205 818 1241 nlimcntumque
841 1207 991 1237 infantibus

207 1251 372 1282 conveniens
394 1251 533 1285 praebent;
555 1251 735 1286 perfecturum
759 1252 832 1280 enim
851 1259 894 1282 est
914 1254 991 1281 cibus

207 1298 321 1330 solidus,
335 1297 376 1324 lac
386 1302 476 1325 autem
489 1298 639 1326 infantibus
655 1299 924 1333 0iiiioi‘tunissitrtum.
938 1300 1007 1328 Nec-

209 1351 274 1371 vero
291 1343 417 1379 quoniam
436 1343 585 1372 infantibus
603 1345 644 1372 lac
661 1345 802 1374 infundere
816 1350 924 1380 norunt,
940 1347 991 1374 hoc

207 1390 267 1418 solo
281 1398 376 1418 eorum
398 1390 524 1418 virtutem
545 1391 806 1418 circumscribimus.
827 1391 896 1420 Cum
919 1393 990 1421 enim

207 1436 263 1464 sint
279 1435 379 1465 idonei.
396 1442 477 1470 atque
501 1437 568 1464 adeo
585 1437 703 1471 quidem,
721 1442 760 1468 ιιι,
783 1438 806 1465 si
824 1439 918 1471 velint,
942 1439 993 1466 im-

210 1482 303 1517 pertiri
322 1483 426 1517 possint
454 1482 546 1510 habitu
569 1483 815 1510 contirntatioribns
833 1485 907 1512 cibos
927 1485 992 1512 soli-

209 1527 309 1561 diores,
329 1536 377 1563 per
392 1527 525 1555 dicenteni
547 1533 662 1563 aperte:
681 1538 690 1554 ε
709 1529 862 1564 Cognosces
887 1530 991 1558 animas

209 1573 299 1607 gregis
323 1573 360 1600 tui
375 1573 409 1600 ⁸⁸.
427 1583 438 1599 ι
453 1572 546 1608 Itaque
562 1574 644 1601 divini
661 1574 796 1609 discipuli,
817 1577 992 1611 quantumvis

209 1619 346 1647 sexcentis
366 1619 511 1651 mandatis.
534 1626 549 1646 a
570 1619 679 1648 Christo
694 1622 774 1654 datis,
790 1622 868 1649 nobis
888 1623 933 1656 qui
957 1629 991 1649 ex

210 1664 336 1699 gentibus
353 1664 516 1692 credidimus
526 1672 575 1699 pro
590 1673 637 1693 sua
649 1668 812 1695 auctoritate
823 1668 991 1702 prmcipiunt,

210 1709 360 1736 cavendum
375 1717 389 1736 a
404 1710 592 1743 fornicatione,
608 1716 635 1738 et
653 1711 796 1745 sttﬂ'ocato,
808 1717 836 1740 et
850 1713 992 1747 sanguine.

213 1767 222 1782 ι
240 1757 333 1784 Visum
350 1763 392 1787 est
405 1759 486 1791 enim,
505 1758 638 1793 inquiunt,
652 1757 765 1793 Spiritui
781 1765 874 1787 sancto
897 1765 924 1787 ct
943 1768 992 1787 no-

212 1802 262 1835 bis,
280 1803 346 1830 nihil
365 1804 481 1837 amplius
499 1803 637 1838 impmrere
653 1804 730 1832 vobis
750 1806 840 1832 oneris
856 1805 890 1833 ⁸³.
911 1815 922 1831 ι
938 1807 993 1833 Διι-

211 1848 253 1876 dis
277 1856 357 1883 quam
381 1849 418 1877 sit
441 1849 587 1877 infantibus
607 1857 759 1885 congruens
777 1856 949 1885 praeceptum,
967 1855 995 1878 et

209 1894 287 1928 quasi
304 1894 496 1923 inﬁrmioribus
522 1895 590 1924 lacte
608 1897 689 1924 robur
707 1896 903 1931 suppeditans?
917 1898 993 1931 Aqua

209 1939 292 1969 etiam
313 1939 486 1968 intellectua‘li
510 1941 698 1970 circumfluere
719 1942 853 1977 plantatOs
873 1943 899 1970 in
915 1943 994 1971 dumo

212 1985 330 2018 Domini.
346 1992 376 2018 ut
391 1986 417 2014 in
441 1987 518 2014 atriis
531 1987 577 2015 Dei
599 1988 770 2016 elliorescant
785 1989 819 2020 ⁸³,
843 1989 941 2016 divinis
958 1989 995 2016 ir-

210 2030 289 2066 rigati
305 2031 431 2066 lymphis,
457 2035 484 2058 et
498 2033 624 2067 supernis
635 2034 846 2068 cmiestibttsque
861 2034 995 2061 sermoni-

212 2076 260 2104 bus
291 2076 464 2111 pinguefacti,
495 2078 664 2107 suhostendit
693 2087 742 2113 per
769 2080 842 2113 illud,
867 2090 876 2106 ι
902 2087 996 2108 omnes

211 2121 370 2148 emissiones
389 2120 456 2150 .luda
473 2121 555 2149 liuent
572 2124 661 2158 aquis.
681 2133 691 2150 ι
707 2125 912 2152 Confitebantur
922 2126 993 2152 enim

211 2173 227 2193 ιι
245 2166 300 2194 Deo
324 2174 353 2194 se
380 2167 470 2195 vocari
486 2169 565 2195 etiam
587 2169 658 2197 beati
680 2171 804 2204 apostoli.
829 2170 880 2198 Sed
899 2171 992 2205 prima:

211 2212 320 2246 quidem
335 2212 544 2248 intelligibilium
560 2222 692 2249 aquarum
701 2216 994 2253 emissionesmmnino
1012 2223 1031 2251 ι)

212 2258 314 2284 sanctis
334 2265 348 2284 τι
370 2257 423 2286 Deo
446 2266 495 2293 per
514 2259 596 2296 2“
610 2260 742 2294 Spiritum
763 2269 874 2290 munera
895 2263 995 2290 donata

213 2302 324 2330 fuerint.
340 2302 472 2332 Secunda:
486 2310 576 2332 autem
592 2305 664 2332 velut
677 2306 838 2335 emissiones
854 2315 994 2342 aquarum,

215 2347 248 2374 ab
262 2347 326 2382 ipsis
342 2347 374 2374 ad
396 2355 444 2376 nos
463 2348 600 2382 profectus
614 2356 714 2383 sermo,
734 2350 918 2385 spiritualibus
931 2353 995 2381 cha-

215 2393 372 2420 rismntibus
387 2401 436 2420 nos
453 2393 566 2428 replens.
578 2394 690 2422 Fontem
700 2400 788 2423 autem
807 2397 839 2424 de
849 2397 930 2425 domo
945 2399 996 2426 Do-

215 2437 279 2465 mini
303 2437 496 2472 egredientem,
523 2445 602 2472 quem
631 2446 710 2473 porro
734 2445 832 2474 praeter
857 2441 995 2469 Christum

214 2482 447 2511 existimabimus?
459 2482 504 2510 Sic
520 2483 592 2511 enim
610 2483 711 2511 Psaltes
724 2491 785 2512 eum
798 2486 923 2520 appellat,
943 2486 995 2513 Pu-

215 2533 281 2555 trem
290 2533 318 2556 ct
332 2528 414 2555 Deum
431 2528 456 2556 in
470 2528 546 2558 caelis
573 2529 711 2565 alloquens
724 2539 730 2557 ι
748 2539 757 2557 ι
770 2530 900 2559 Torreute
921 2531 996 2558 voln-

215 2574 295 2607 ptatis
321 2578 372 2602 tuae
394 2575 500 2608 potabis
524 2582 587 2608 eos;
608 2576 670 2610 quia
689 2576 758 2610 apud
772 2581 798 2603 te
821 2582 862 2606 est
879 2577 939 2604 fons
954 2577 995 2603 vi-

217 2625 248 2646 tae
263 2619 295 2646 ⁸³.
317 2628 326 2644 ι
344 2619 436 2654 Itaque
463 2625 568 2648 torrens
584 2625 611 2648 et
628 2621 686 2649 fons
703 2622 765 2648 vitae
780 2622 913 2648 Christus.
930 2622 996 2649 Tor-

216 2664 299 2695 rentis
314 2669 402 2693 autem
417 2665 560 2701 juncorunt
573 2667 697 2694 meminit
711 2667 852 2701 propheta,
870 2668 996 2694 torrentis

215 2709 327 2744 alicujus
345 2710 468 2744 scilicet,
490 2713 533 2739 cui
560 2712 722 2740 adnascatur
745 2713 820 2747 copia
842 2712 995 2747 juncorum.

250 2811 272 2847 7’
288 2811 379 2839 Matth.
398 2813 488 2845 xt,H.
521 2813 542 2829 "
558 2813 627 2841 Psal.
641 2821 734 2847 cxvttl,
753 2814 813 2842 105.

230 2845 271 2881 14.
310 2848 332 2863 ’⁸⁵
349 2848 418 2881 Psnl.
436 2856 516 2882 xxxv,
529 2849 556 2881 9.

853 2815 872 2830 ⁸¹
886 2814 894 2840 l
906 2814 978 2842 Pctr.
990 2823 1019 2848 ιι,
1032 2817 1057 2843 2.

1042 928 1219 964 ἀνακραγεῖν,
1237 939 1246 955 ι
1257 929 1300 961 Ὠς
1317 929 1419 963 γλυκέα
1435 928 1473 964 τῷ
1491 928 1606 964 λάρυγγί
1629 937 1679 963 μου
1694 928 1728 954 τὰ
1749 927 1830 960 λόγιᾶ

1042 983 1106 1007 σου;
1127 984 1137 999 ι
1153 975 1202 1002 καὶ
1221 975 1256 1002 τὰ
1281 975 1353 1009 ἑξῆς.
1370 975 1473 1007 Γλυκὺς
1496 974 1550 1010 γὰρ
1569 975 1614 1002 ἀεὶ
1633 974 1686 1000 τῶν
1706 973 1795 1007 ἁγίων
1815 973 1830 998 ὁ

1042 1018 1130 1053 λόγος,
1147 1019 1223 1054 παρά
1235 1028 1266 1054 γε
1279 1021 1334 1052 τοῖς
1349 1020 1476 1054 ἀγαπῶσι
1488 1020 1519 1046 τὸ
1536 1019 1692 1055 εὐαρεστεῖν
1704 1018 1743 1053 τῷ
1757 1017 1831 1052 Θεῷ.

1044 1067 1114 1102 Ὄρη
1132 1065 1182 1101 μὲν
1196 1063 1242 1092 οὖν
1258 1066 1283 1093 ot
1298 1065 1413 1092 τοιοῦτοι
1430 1066 1550 1100 νοηοείεν
1564 1065 1607 1096 ἂν,
1629 1065 1676 1091 καὶ
1701 1064 1775 1100 μάλα
1792 1065 1832 1090 εἰ-

1042 1111 1138 1142 κότως.
1164 1111 1281 1142 Βουνοὺς
1304 1110 1333 1137 δὲ
1351 1107 1421 1138 εἷναί
1443 1118 1532 1145 φαμεν
1557 1110 1621 1142 τοὺς
1644 1109 1694 1143 τῆς
1715 1109 1832 1135 ἐκείνων

1042 1158 1180 1192 ὑπεροχῆς
1199 1156 1287 1192 βραχὺ
1315 1156 1364 1191 μὲν
1388 1156 1583 1191 ἡττωμένους.
1609 1156 1655 1182 καὶ
1680 1155 1748 1182 πολὺ
1775 1155 1834 1181 τῶν

1041 1202 1128 1229 ἄλλων
1140 1202 1361 1237 ὑπερτέλλοντας.
1373 1199 1454 1230 Οὗτοι
1465 1203 1525 1234 ταῖς
1537 1202 1591 1228 τῶν
1601 1202 1663 1236 ἄρτι
1681 1209 1834 1228 πεπιστευ-

1042 1248 1128 1274 κότων
1138 1248 1238 1282 ψυχαῖς
1254 1257 1264 1274 ‹
1281 1247 1311 1275 τὸ
1327 1248 1451 1281 λογικὸν,
1465 1248 1513 1275 καὶ
1535 1247 1628 1274 ἄδολον
1645 1247 1834 1283 παρεγχέουσι

1041 1295 1122 1328 γάλα,
1139 1304 1148 1320 ι
1169 1296 1344 1330 νηπιοπρεπῆ
1368 1295 1550 1330 χορηγοῦντες
1570 1295 1686 1330 τροφὴν,
1718 1295 1834 1321 τελείων

1042 1341 1096 1376 γάρ
1114 1342 1188 1368 ἐστιν
1204 1342 1220 1376 ή
1237 1341 1344 1376 στερεὰ,
1362 1342 1432 1376 γάλα
1451 1341 1612 1378 δὴῠνηπίοις
1635 1341 1666 1368 τὸ
1691 1340 1835 1376 πρεπωδέ-

1043 1396 1149 1414 στατον.
1163 1388 1218 1415 Καὶ
1233 1388 1264 1414 οὐ
1278 1388 1364 1423 δήπου
1382 1388 1474 1423 φαμὲν
1484 1388 1521 1420 ὡς
1543 1387 1571 1413 ἐν
1596 1395 1628 1422 γε
1647 1387 1686 1422 τῷ
1699 1386 1834 1413 δύνασθαι

1044 1434 1124 1468 μόνον
1145 1434 1235 1468 ἐγχεῖν
1260 1435 1316 1465 τοῖς
1339 1434 1447 1468 νηπίοις
1470 1433 1501 1460 τὸ
1524 1434 1612 1468 γάλα,
1643 1433 1692 1468 τῆς
1718 1433 1834 1459 ἐκείνων

1042 1480 1182 1514 δυνάμεως
1194 1479 1224 1506 τὸ
1240 1479 1339 1514 μέτρον
1361 1479 1434 1506 ἐστίν
1448 1489 1455 1496 ·
1472 1479 1581 1514 ἔχοντες
1602 1479 1667 1515 γὰρ,
1694 1479 1742 1506 καὶ
1759 1479 1834 1514 μάλα

1042 1524 1211 1559 ἐπιτηδείως.
1226 1525 1267 1556 εις
1281 1525 1321 1558 τὸ,
1335 1525 1413 1560 ειπερ
1426 1525 1537 1556 ἕλοιντο,
1549 1525 1686 1560 διανέμειν
1699 1524 1833 1551 δύνασθαι

1043 1571 1099 1602 τοῖς
1109 1571 1159 1605 τὴν
1173 1569 1229 1602 ἕξιν
1243 1569 1436 1604 στερεωτέροις
1450 1571 1483 1596 τὰ
1495 1570 1548 1596 τῶν
1563 1570 1672 1605 τροφῶν
1682 1569 1831 1604 ἁδρότερα.

1042 1616 1087 1642 διά
1104 1624 1134 1642 τε
1157 1615 1298 1650 λέγοντος,
1316 1624 1326 1640 ι
1343 1615 1474 1647 Γνωστῶς
1501 1615 1642 1652 ὲπιγνώσῃ
1658 1615 1748 1650 ψυχὰς
1771 1623 1834 1641 ποι-

1045 1659 1121 1694 μνίου
1137 1667 1195 1686 σου.
1217 1669 1226 1685 ι
1245 1659 1302 1686 Καὶ
1323 1659 1388 1693 γοῦν
1403 1660 1428 1685 οἱ
1444 1659 1582 1686 θεσπέσιοι
1600 1660 1723 1694 μαθηταὶ
1743 1659 1835 1686 καίτοι

1045 1706 1145 1741 μυρίας
1163 1706 1228 1738 ὅσας
1256 1705 1365 1738 ἐντολὰς
1387 1705 1533 1738 δεδωκότος
1562 1706 1628 1740 ἡμῖν
1655 1705 1777 1740 Χριστοῦ
1804 1705 1834 1738 ἐξ

1043 1751 1127 1777 ἐθνῶν
1141 1750 1326 1783 πιστεύσασιν,
1341 1751 1520 1786 οἰκονομικῶς
1534 1750 1731 1782 ὲπιστέλλουσι,
1751 1751 1836 1785 φυλά-

1044 1796 1140 1829 ξασθαι
1151 1797 1205 1823 δεῖν
1217 1796 1271 1823 ἀπό
1285 1805 1316 1822 τε
1331 1797 1472 1832 πορνείας,
1490 1796 1537 1823 καὶ
1551 1797 1674 1830 πνικτοῦ,
1683 1797 1732 1824 καὶ
1747 1797 1833 1832 αἵμασ

1043 1851 1098 1873 τος.
1116 1851 1125 1867 ι
1141 1842 1234 1875 Ἔδοξε
1258 1842 1322 1878 γὰρ,
1345 1843 1442 1877 φησιν,
1456 1842 1495 1877 τῷ
1507 1843 1577 1877 ἁγίῳ
1605 1843 1762 1878 Πνεύματι,
1787 1843 1834 1869 καὶ

1043 1889 1120 1923 ἡμῖν,
1133 1887 1216 1922 μηδὲν
1231 1888 1312 1914 πλέον
1326 1888 1495 1915 ἐπιτίθεσθαι
1505 1889 1569 1923 ὑμῖν
1585 1888 1678 1924 βάρος.
1690 1898 1699 1914 ι
1711 1889 1835 1920 Ἀκούεις

1045 1933 1119 1965 ὅπως
1131 1933 1318 1968 νηπιοπρεπὲς
1334 1934 1393 1960 ἐστι
1409 1934 1440 1960 τὸ
1458 1933 1652 1969 παράγγελμα.
1668 1934 1715 1961 καὶ
1734 1931 1791 1960 οἷον
1805 1935 1835 1961 ἓν

1047 1979 1097 2015 ἴσῳ
1119 1979 1236 2013 γάλακτι
1253 1981 1308 2011 τοῖς
1329 1979 1532 2013 ἀσθενεστέροις
1548 1979 1597 2015 τὴν
1619 1979 1675 2013 ἕξιν
1699 1978 1835 2014 χορηγού-

1047 2033 1142 2059 μενον;
1155 2025 1214 2051 ’Ότι
1229 2024 1257 2051 δὲ
1272 2025 1319 2051 καὶ
1333 2025 1404 2060 ὓδωρ
1418 2025 1449 2051 τὺ
1461 2025 1554 2062 νοητὸν
1569 2025 1725 2060 ἀμφιλαφές
1739 2034 1770 2052 τε
1780 2026 1835 2057 τοῖς

1045 2073 1074 2098 ὲν
1095 2072 1161 2107 οἴκῳ
1178 2072 1282 2106 Κυρίου
1305 2073 1522 2107 πεφυτευμένοις
1533 2092 1541 2104 ,
1559 2073 1590 2099 ἵν’
1607 2074 1636 2100 ὲν
1653 2074 1714 2104 ταῖς
1739 2073 1836 2105 αὐλαῖς

1045 2117 1090 2145 τοῦ
1100 2117 1166 2143 Θεοῦ
1180 2117 1353 2152 ἐξανθήσειεν
1367 2118 1449 2150 θείοις
1463 2127 1514 2144 που
1529 2118 1706 2153 ἁρδευόμενοι
1719 2118 1835 2153 νάμασι,

1046 2164 1093 2195 καὶ
1105 2163 1134 2189 ὲν
1148 2164 1203 2194 τοῖς
1221 2163 1335 2197 ἄνωθεν,
1357 2165 1405 2190 καὶ
1421 2163 1452 2196 ἐξ
1463 2164 1578 2198 οὐρανοῦ
1592 2164 1837 2199 καταπιαινόμενοι

1046 2210 1135 2243 λόγοις
1147 2231 1154 2242 ,
1173 2210 1340 2245 ὑπεμφαίνει
1363 2210 1467 2245 λέγων,
1484 2211 1523 2237 ὅτι
1541 2220 1550 2236 ι
1568 2211 1657 2237 Πᾶσαι
1679 2211 1709 2237 αἱ
1724 2211 1837 2244 ἀφέσεις

1054 2255 1140 2282 Ἰουδα
1165 2256 1311 2290 ρυήσονται
1325 2255 1418 2282 ὕδατα.
1435 2264 1445 2281 ι
1465 2254 1626 2290 Ὠμολὸγουν
1639 2254 1695 2290 γὰρ
1710 2263 1838 2288 παρακα-

1049 2301 1152 2328 λεῖσθαι
1166 2300 1243 2336 παρὰ
1254 2300 1322 2327 Θεοῦ
1336 2301 1382 2327 καὶ
1398 2301 1422 2327 οἱ
1437 2301 1565 2336 μακάριοι
1584 2300 1714 2335 μαθηταί.
1725 2300 1796 2326 Ἀλλ’
1810 2300 1838 2326 αἱ

1048 2347 1155 2382 πρῶται
1182 2348 1231 2381 μὲν
1251 2346 1307 2373 τῶν
1325 2346 1427 2381 νοητῶν
1451 2346 1553 2373 ὑδάτων
1573 2346 1685 2380 ἀφέσεις
1699 2367 1706 2378 ,
1723 2346 1838 2380 ἀφέσεις

1049 2390 1128 2420 αὗται
1144 2393 1252 2424 πάντως
1270 2393 1304 2419 ἂν
1317 2390 1372 2418 εἷεν
1388 2393 1416 2418 al.
1437 2393 1492 2423 τοῖς
1513 2391 1600 2426 ἁγίοις
1615 2392 1692 2426 παρὰ
1706 2391 1776 2418 Θεοῦ
1795 2391 1838 2418 διὰ

1049 2439 1096 2466 τοῦ
1119 2439 1277 2474 Πνεύματος
1296 2438 1351 2465 τῶν
1366 2437 1476 2473 ἀγαθῶν
1497 2438 1635 2473 χορηγίαι.
1659 2438 1793 2473 Δεύτεραι
1811 2437 1838 2464 δὲ

1049 2484 1144 2518 ὥσπερ
1159 2484 1271 2518 ἀφέσεις
1288 2484 1392 2510 ὑδάτων
1412 2484 1438 2510 οἱ
1459 2482 1524 2518 παρ’
1538 2482 1628 2510 αὐτῶν
1643 2483 1683 2514 είς
1700 2483 1776 2518 ἡμᾶς
1795 2483 1838 2508 εὑ-

1051 2529 1187 2565 ρίσκοιντο
1212 2529 1298 2563 λόγοι,
1325 2529 1492 2564 χαρίσμασιν
1517 2530 1590 2564 ἡμᾶς
1615 2528 1838 2564 ἀναπιμπλάντες

1050 2577 1255 2611 πνευματικοῖς.
1276 2576 1307 2602 Ἠ
1328 2576 1356 2603 δὲ
1371 2576 1401 2608 ἐξ
1421 2576 1496 2606 οἴκου
1512 2576 1614 2610 Κυρίου
1631 2575 1838 2610 ἐκπορευομένη

1053 2621 1127 2657 πηγὴ
1144 2622 1186 2654 τίς
1201 2621 1234 2648 ἂν
1246 2622 1289 2657 εἰη
1304 2622 1395 2654 πάλιν,
1413 2621 1534 2657 πλὴνότι
1550 2621 1685 2656 Χριστός
1699 2621 1773 2648 οὕτω
1786 2621 1839 2656 γὰρ

1051 2668 1132 2695 αὑτὸν
1144 2669 1190 2695 καὶ
1200 2669 1214 2694 ὀ
1224 2667 1347 2702 Μελῳδὸς
1361 2667 1486 2703 ὠνόμαζε
1501 2667 1586 2701 λέγων
1602 2667 1671 2702 πρὸς
1687 2668 1735 2694 τὸν
1746 2668 1775 2694 ἐν
1785 2669 1838 2699 τοῖς

1052 2715 1176 2748 οὐρανοῖς
1202 2713 1312 2749 Πατέρα
1342 2713 1389 2740 καὶ
1407 2713 1484 2745 Θεὸν,
1501 2723 1509 2738 t
1525 2713 1576 2739 Τὸν
1597 2713 1768 2748 χειμάρρουν
1792 2713 1838 2747 τῆς

1098 2818 1119 2832 ⁵¹¹
1137 2817 1214 2844 Prov.
1231 2825 1316 2850 xxm,
1329 2816 1374 2844 ‘25.
1414 2815 1437 2831 "
1448 2815 1508 2843 Act.
1522 2823 1565 2848 xv,
1581 2815 1626 2842 28.
1666 2815 1690 2831 ⁸⁸
1700 2815 1773 2844 Psul.
1786 2823 1837 2852 ιςιε
