1919 3041
765 80 802 88 ...ι

115 134 168 165 ‘05

115 197 222 234 τρυφῆς
235 206 286 225 σου
298 198 403 231 ποτιεῑς
410 197 519 232 αὐτοὺς,
527 198 568 226 ὅτι
580 200 655 238 παρὰ
667 201 709 228 σοὶ
719 201 794 237 πηγὴ
806 202 907 238 ζωῆς.»

117 242 223 270 Οὐκοῦν
240 244 319 280 πηγὴ
337 245 421 280 ζωῆς,
435 245 482 272 καὶ
494 247 662 283 χειμάρρους
679 249 693 274 6
706 247 832 283 Χριστός.
845 249 911 276 Χει-

118 289 224 324 μάρρου
237 289 268 316 δὲ
283 291 399 326 σχοίνων
421 292 557 328 μέμνηται
574 293 625 328 μὲν
645 294 659 320 6
673 294 833 330 προφήτης,
853 304 910 330 χει-

118 335 223 370 μάρρου
237 336 311 368 τινὸς
326 333 348 371 ᾧ
362 337 580 373 παραπεφύκασι
595 340 695 374 σχοῖνοι
719 340 826 367 πολλαί.
841 341 909 368 Φασὶ

564 138 841 169 COMMENTARIUS
860 140 894 169 IN
913 142 1048 172 JOELEH
1065 146 1290 178 PBOPHETAM.

1694 151 1747 179 ιυει

963 206 1063 236 Volunt
1079 206 1203 237 enuidens
1230 210 1359 245 essc,qui
1377 215 1484 237 torrens
1496 209 1660 242 Cedrorum,
1679 211 1747 244 apud

963 258 1044 286 quem
1059 253 1246 289 indignissime
1263 259 1408 283 traeiatum
1425 254 1567 282 Dominum
1583 253 1747 288 evangelista

964 303 1068 330 narrat,
1085 300 1193 334 quando
1208 308 1270 329 cum
1284 309 1346 328 cum
1362 301 1476 329 cohorte
1497 299 1607 327 militari
1626 298 1749 334 proditor

962 343 1109 379 discipulus
1124 346 1250 381 quaesivit
1263 347 1297 374 ⁸⁸.

115 380 144 406 δέ
160 378 235 428 εἶναι
248 382 296 428 τὸν
313 383 395 410 αὑτὸν
412 383 451 419 τῷ
469 385 613 420 χειμάρρῳ
628 386 682 412 τῶν
696 386 818 422 Κέδρων,
835 388 903 424 πρὸς
921 388 950 415 ὃν
981 378 1107 426 ὑϐρίσθαι
1127 378 1209 428 ιρησὶν
1228 394 1242 419 ὁ
1256 392 1450 428 εὐαγγελιστὴς
1478 392 1524 419 τὸν
1551 391 1664 428 Κύριον,
1681 388 1748 425 ὁμοῦ

116 428 149 464 τῇ
162 427 266 464 σπείρᾳ
276 427 422 464 ζητοῦντος
433 430 515 457 αὐτὸν
529 431 576 457 τοῦ
591 431 720 467 προδότου
739 433 872 469 μαθητοῦ.

151 473 233 500 Ἐστι
254 474 285 501 δὲ
304 475 355 502 οὐκ
377 475 497 512 ἁκαλλὴς
515 478 529 503 6
548 477 637 511 λόγος,
659 478 684 504 εἰ
707 478 746 513 τῷ
769 479 912 516 χειμάρρῳ

117 519 171 545 τῶν
190 519 308 554 σχοίνων
330 521 536 558 παρεικάζομεν
552 523 601 557 τὴν
623 523 798 560 Ἐκκλησίαν,
818 525 859 558 εἰς
878 525 912 560 ἣν

116 566 280 594 ἐκκέκλικεν
305 567 344 600 ὡς
361 569 484 604 ποταμὸς
501 569 615 605 εἰρήνης
630 571 644 597 6
657 570 759 606 Κύριος
772 570 861 606 ἡμῶν,
877 571 910 606 ἢν

117 611 202 639 οἱονεί
217 621 277 645 πως
293 613 338 640 ἀεὶ
349 615 488 651 παραρῤεἶ
498 614 548 647 τὰς
561 615 696 648 ἁειθαλεῖς
707 616 825 649 ποτίζων
836 616 910 652 σχοί-

117 664 191 690 νους,
205 658 343 692 τουτέστι,
364 660 414 691 τὰς
429 660 485 688 τῶν
499 661 585 695 ἁγίων
597 661 697 698 ψυχάς.
713 662 843 698 Φίλυδρος
856 662 912 698 γὰρ

116 702 161 729 ἀεί
178 712 239 735 πως
252 704 321 737 ἐστὶ,
333 704 381 731 καὶ
395 705 524 742 ἀειθαλὴς
547 707 564 743 ἡ
588 708 702 743 σχοῖνος.
718 708 750 735 Et
769 708 797 735 δὲ
813 708 845 745 δὴ
864 709 912 736 καὶ

116 748 207 784 ὁρῷτο
224 751 427 787 κεντρουμένη,
443 752 535 785 καλῶς
555 753 590 780 ἂν
614 753 671 789 ἔχοι
690 755 739 781 καὶ
758 754 854 786 οὕτως.
874 755 912 782 Οὐ

998 480 1052 508 Nec
1070 481 1227 508 indecorum
1242 481 1303 512 erit,
1320 482 1342 508 si
1364 481 1475 508 torrenti
1488 480 1631 516 juncorum
1658 478 1748 506 Eccle-

963 527 1033 554 siam
1045 534 1246 562 comparemus,
1262 527 1288 554 in
1305 534 1385 561 quam
1402 527 1530 554 Dominus
1546 531 1638 554 noster
1653 529 1684 552 ut
1699 524 1748 551 ilu-

961 573 1023 601 vius
1034 573 1108 607 pacis
1121 580 1231 600 cursum
1248 572 1358 600 deﬂexit
1369 572 1391 588 "
1408 581 1415 599 :
1433 579 1514 607 quam
1528 571 1605 606 quasi
1618 576 1747 606 perpetuo

961 618 1138 652 circumﬂuit,
1155 619 1250 654 juncos
1267 625 1374 653 semper
1385 618 1503 646 virentes
1524 617 1660 652 irrigans;
1677 624 1746 644 sem-

963 672 1012 700 per
1026 665 1097 692 enim
1112 672 1209 700 aquam
1228 668 1312 696 amat,
1333 671 1383 692 nec
1404 664 1496 698 vivere
1522 663 1622 690 desinit
1638 662 1746 696 juncus.

965 710 1000 738 Et
1014 709 1140 745 quamvis
1158 710 1184 737 in
1197 709 1336 744 cuspidem
1350 713 1438 742 exeat,
1455 707 1538 736 etiam
1554 707 1593 735 sic
1612 706 1683 734 bene
1698 706 1747 733 ha-

965 755 1023 784 bet.
1047 755 1105 783 Non
1126 755 1197 784 enim
1223 763 1335 791 prorsus
1353 755 1466 790 cuspide
1488 758 1569 782 vacat
1592 757 1747 780 sanctorum

116 795 174 832 γὰρ
194 796 328 832 ἄκεντρος
349 798 489 830 παντελῶς
511 799 567 827 τῶν
587 799 673 834 ἁγίων
691 801 708 836 ἠ
734 800 838 836 ἀρετήο
859 800 913 828 εἰσὶ

965 802 1060 830 virtus.
1083 801 1153 830 Sunt
1173 802 1283 836 quidem
1310 800 1535 833 mansuetissimi,
1558 803 1748 835 verumtamen

121 841 173 876 μὲν
194 841 251 877 γὰρ
273 843 423 877 πραότατοι
438 844 562 880 ἐρασταὶ,
581 845 650 881 πλὴν
666 845 734 881 μετὰ
750 845 845 873 τούτου
865 846 912 874 καὶ

119 888 255 924 μαχηταί.

154 934 306 968 Αἴγυπτος
329 935 372 968 εις
390 935 563 970 ἀφανισμὸν
583 936 687 969 ἔσται,
708 937 757 964 καὶ
779 938 799 972 ἡ
821 937 913 966 Ἰδου-

116 979 191 1013 μαιά
209 980 254 1012 εἰς
272 979 378 1007 πεδίον
395 981 440 1013 είς
458 981 632 1016 ἀφανισμὸν
645 982 681 1015 ἐξ
701 981 824 1010 ἀδικιῶν
838 983 913 1011 υιῶν

125 1022 235 1056 Ἰούδα,
249 1024 315 1052 ἀνθ’
336 1022 381 1052 ὧν
401 1025 528 1060 ἐξέχεαν
544 1024 616 1062 αἷμα
635 1027 753 1055 δίκαιον
768 1028 803 1055 ἐν
821 1028 858 1064 τῇ
874 1029 913 1064 τῇ

116 1068 229 1096 αὐτῶν.
253 1069 283 1096 Ἠ
293 1069 328 1097 δὲ
346 1070 479 1098 Ἰουδαία
492 1071 536 1104 εἰς
548 1070 602 1098 τὸν
624 1072 717 1100 αἰῶνα
734 1073 912 1107 κατοικηοή-

117 1122 204 1142 σεται
215 1135 222 1147 ,
245 1115 295 1143 καὶ
311 1116 512 1152 Ἰερουσαλὴμ
531 1118 575 1150 είς
593 1118 698 1152 γενεὰς
716 1118 839 1153 γενεῶν.
858 1119 912 1146 Καὶ

119 1160 275 1195 ὲκζητήσω
289 1162 324 1189 τὸ
347 1159 420 1198 αἷμα
442 1163 552 1195 αὐτῶν,
577 1163 628 1190 καί
654 1164 690 1192 οὐ
710 1163 754 1199 μὴ
771 1163 911 1196 ἀθωώσω,

117 1204 169 1231 παι
184 1205 292 1239 Κύριος
310 1206 539 1240 κατασκηνώσει
553 1207 587 1234 ἐν
599 1208 687 1235 Σιών.

152 1247 221 1275 ME'.
235 1249 317 1276 ὀσον
332 1250 381 1285 μὲν
395 1251 457 1286 ἥκει
472 1252 514 1283 εις
529 1251 560 1278 τὸ
576 1252 608 1279 ἐκ
622 1253 672 1288 τῆς
686 1252 808 1290 ἱστορίας
821 1262 911 1290 παρα-

117 1292 294 1329 δηλοὺμενον,
308 1296 433 1324 ἐκτέτικε
458 1297 536 1330 δίκας
555 1298 571 1333 ή
595 1298 743 1333 Αἴγυπτος,
765 1300 912 1336 ἐπέρηται

118 1338 174 1375 γὰρ
199 1340 252 1375 τῆς
278 1340 417 1376 βασιλείας
431 1361 439 1374 ,
455 1342 605 1378 Καμϐύσου
622 1343 725 1378 ταύτην
749 1344 796 1371 τοῦ
818 1345 911 1381 Κύρου

117 1385 213 1417 παιδὸς
227 1385 439 1420 καταλύσαντος,
461 1387 510 1414 καὶ
528 1387 665 1423 Ἰδουμαία
678 1389 706 1415 δὲ
724 1389 774 1426 τὴν
791 1390 911 1425 ἐρημίαν

118 1430 277 1466 ὑπέμεινεν,
292 1430 330 1463 ὼς
347 1432 393 1459 καὶ
409 1432 478 1460 αὐτὰ
493 1435 627 1469 μαρτυρεῖ
640 1434 676 1460 τὰ
693 1434 855 1470 πράγματα.

962 856 1024 877 cum
1040 849 1092 877 hoc
1106 849 1188 877 etiam
1201 856 1279 877 acres
1294 853 1322 876 et
1336 847 1493 876 bellatores.

997 936 1079 964 Valte.
1101 935 1334 971 19-21.1Egyptus
1350 935 1377 963 in
1391 935 1564 970 perditionem
1573 934 1632 966 erit,
1645 938 1670 960 et
1684 933 1749 960 ldu-

961 991 1029 1010 mrea
1042 983 1069 1010 in
1083 991 1202 1018 campum
1213 983 1385 1010 desolationis
1397 990 1429 1009 ea:
1437 981 1619 1015 iniquitatibus
1631 981 1749 1014 ﬁliorum

961 1028 1045 1062 Inda,
1059 1037 1106 1064 pro
1129 1037 1158 1056 ιο
1174 1029 1244 1063 quod
1259 1029 1408 1064 e/fuderunt
1428 1027 1581 1062 sanguinem
1594 1027 1697 1061 justum
1720 1027 1748 1052 in

962 1080 1033 1103 mra
1047 1083 1106 1104 sua.
1121 1075 1155 1104 Δι
1169 1073 1266 1102 Iudam
1286 1074 1314 1102 in
1332 1078 1458 1102 meritum
1473 1073 1645 1105 habitabitur,
1660 1076 1684 1099 et
1702 1071 1748 1098 Je-

962 1120 1076 1148 rusalem
1097 1122 1126 1148 in
1149 1120 1328 1156 generationes
1348 1120 1556 1156 generationum.
1582 1118 1613 1145 Et
1635 1118 1749 1144 ulciscar

961 1166 1115 1201 sanguinem
1134 1173 1236 1199 eorum,
1248 1171 1272 1192 ει
1288 1173 1339 1192 non
1352 1164 1494 1198 mandabo,
1509 1168 1534 1191 et
1552 1162 1682 1190 Dominus
1698 1162 1747 1188 Ita—

962 1211 1052 1238 bilnbit
1070 1212 1098 1238 in
1118 1210 1192 1239 Sion.

1002 1257 1082 1286 XLV.
1096 1257 1173 1291 Quod
1184 1257 1217 1286 ad
1229 1264 1340 1287 tensum
1358 1256 1516 1284 historicum
1533 1255 1639 1286 attinet,
1653 1253 1747 1289 piutita

962 1307 1009 1330 est
1026 1302 1171 1339 Alypius,
1186 1303 1294 1337 quando
1306 1301 1456 1336 Cambyses
1468 1299 1615 1336 Cyri‘ﬁlius
1635 1306 1746 1333 regnum

962 1349 1078 1383 subegit.
1103 1348 1136 1375 Et
1161 1348 1276 1376 ldumara
1296 1347 1405 1375 redacta
1436 1350 1477 1373 est
1503 1346 1531 1373 in
1562 1344 1746 1375 solitudinum,

962 1395 1034 1430 quod
1055 1401 1098 1422 res
1115 1394 1173 1429 ipsa
1193 1394 1321 1429 loquitur.

153 1475 228 1512 Πλὴν
249 1475 278 1503 ἐν
298 1477 405 1510 τούτοις
427 1478 515 1506 ἔοικεν
534 1479 549 1506 6
571 1480 741 1516 προφητικὺς
763 1481 828 1516 ἡμῖν
848 1482 910 1508 ὑκο-

998 1483 1133 1513 Caeterum
1147 1482 1275 1511 videntur
1289 1481 1446 1518 prophetica
1473 1481 1551 1508 verba
1568 1484 1675 1514 pactum
1702 1485 1748 1506 oc-

119 1523 228 1559 φαίνειν
243 1523 323 1558 λόγος
339 1525 536 1561 κεκρυμμένην
547 1525 707 1561 ὁμολογίαν,
723 1525 757 1562 ἦν
770 1527 814 1553 ὅτε
828 1527 910 1561 γέγο-

118 1579 163 1598 νεν
179 1570 325 1606 ἄνθρωπος
353 1571 534 1608 πεπλήρωκεν
553 1572 568 1598 6
591 1572 759 1607 Μονογενής.
775 1571 833 1599 Ἀεὶ
855 1572 911 1606 γάρ

116 1624 177 1648 πως
189 1617 208 1652 ὴ
224 1616 286 1644 θεία
298 1616 394 1653 Γραφὴ
410 1617 597 1653 μεμελέτηκεν
612 1617 755 1653 ἐξομοιοῦν
767 1619 824 1650 τοῖς
837 1618 908 1652 ἄγαν

117 1662 338 1698 εἰδωλολάτραις,
361 1663 409 1690 καὶ
428 1664 467 1695 είς
479 1662 557 1690 τοῦτο
573 1663 632 1690 λίαν
646 1664 842 1691 ἀπονενευκόσι
861 1663 911 1696 τὰς

117 1707 223 1742 ἀγέλας
238 1707 293 1735 τῶν
308 1708 464 1744 δαιμονίων,
486 1710 533 1736 καὶ
549 1709 647 1741 αὐτοὺς
664 1709 693 1737 δὲ
713 1710 776 1742 τοὺς
791 1709 835 1737 ἀεὶ
854 1711 911 1741 τοῖς

116 1754 208 1788 ἁγίοις
240 1753 454 1790 ἀνθεστηκότας.
479 1754 571 1782 Πάντα
593 1755 627 1790 δὴ
655 1752 702 1782 οὖν
723 1755 821 1790 ἐχθρὸν
847 1755 912 1782 ἀπο-

119 1799 230 1829 λεῖσθαι
244 1801 337 1836 φησιν,
352 1801 511 1836 Αἰγυπτίοις
532 1809 563 1828 τε
583 1801 630 1828 καὶ
662 1801 823 1836 Ἰδουμαίοις
840 1801 911 1833 ἐξει-

117 1847 271 1882 κασμένον.
290 1847 427 1883 ’Δσφαλὴς
441 1847 497 1883 γὰρ
522 1848 539 1883 ἡ
558 1848 704 1883 ὑπόσχεσις
715 1847 761 1875 τοῦ
779 1847 910 1883 Χριστοῦ,

116 1891 246 1926 λέγοντος
271 1892 400 1928 περὶτῆς
418 1892 593 1928 Ἑκκλησίας,
610 1893 651 1919 ὅτι
669 1902 678 1918 ε
695 1892 781 1919 Πύλαι
796 1891 860 1928 ᾅδου
879 1892 910 1919 οὺ

116 1938 331 1974 κατισχύσουσιν
356 1938 454 1974 αὐτῆς.
473 1948 482 1965 ι
497 1939 559 1965 Ὀτι
573 1938 602 1965 δέ
618 1939 728 1970 πάντως
744 1938 856 1974 ἔμελλον
871 1938 910 1964 δί-

117 1994 169 2018 κας
184 1985 351 2018 ἐξαιτεῖσθαι
367 1985 422 2012 τῶν
441 1986 481 2017 εἰς
502 1984 662 2022 ἀνθρώπους
676 1984 911 2020 πεπλημμελημέ-

117 2040 173 2058 νων
195 2031 227 2058 αἴ
249 2040 280 2058 τε
309 2031 428 2067 πονηραὶ
451 2031 596 2066 δυνάμεις,
621 2030 669 2057 καὶ
694 2030 751 2057 ὅσοι
773 2030 910 2065 τολμῶσιν

117 2077 238 2109 ἐκείναις
255 2077 288 2104 τὰ
306 2077 497 2113 παραπλήσια,
514 2076 611 2112 ἢπρὺς
627 2075 788 2112 Ἑλληνικὴν
800 2076 910 2111 ἀπάτην

117 2123 304 2159 ἀποφέροντές
324 2131 411 2156 τινας,
437 2123 521 2158 ἠγουν
541 2123 582 2155 είς
605 2122 734 2157 ἀδόκιμον
757 2122 910 2158 καταστρέ-

118 2157 219 2203 φοντες
236 2169 309 2202 νοῦν,
330 2169 375 2196 διά
396 2178 427 2203 γε
450 2157 498 2195 τοῦ
521 2168 658 2195 διδάσκειν
684 2168 845 2203 ἐπείγεσθαι
867 2157 909 2195 7τά
926 2157 947 2185 Ῑ)

116 2215 341 2251 διεστραμμένα,
365 2215 526 2249 καθίστησιν
550 2214 675 2250 ἐναργὲς,
699 2215 802 2249 ταύτης
826 2214 909 2242 ἕνεκα

115 2261 166 2297 τῆς
178 2261 269 2293 αἰτίας
284 2261 517 2297 ἀφανισθήσεσθαι
540 2260 628 2295 λέγων
647 2261 712 2292 τοὺς
722 2262 756 2296 τῇ
772 2260 842 2287 Σιὼν
861 2269 909 2286 πε-

117 2308 327 2342 πολεμηκότας,
346 2307 404 2334 ἀνθ’
423 2303 460 2334 ὢν
476 2307 588 2342 ἐξέχεαν
610 2305 679 2341 αἷμα
696 2306 794 2339 ἀθῶον,
813 2306 910 2342 namq-

116 2353 182 2381 κασί
195 2361 226 2380 τε
239 2353 270 2380 οὐ
285 2353 411 2389 φορητῶς
423 2353 486 2385 τοὺς
498 2353 674 2386 υἱοὺςἸούδα,
687 2352 823 2384 τουτέστι,
844 2352 909 2384 τοὺς

116 2397 212 2432 ἁγίους
237 2397 459 2434 ἐξομολογήσεως
480 2398 560 2430 liv-ra;
578 2398 671 2425 τέκνα.
692 2397 905 2434 Διερμηνεύεται

115 2444 170 2479 γὰρ
183 2443 286 2475 Ἰούδας
303 2444 526 2479 «ἐξομολόγησις.
539 2453 549 2470 ι
569 2444 642 2479 Ἔφη
656 2443 685 2471 δέ
696 2452 748 2470 που
762 2443 834 2470 καὶὸ
848 2443 907 2470 θεό-

114 2488 219 2524 ληπτος
236 2489 318 2516 Δαΰὶδ
332 2490 396 2526 περὶ
409 2489 464 2516 τῶν
480 2489 595 2521 ἀνοσίως
610 2490 800 2526 ἀνῃρημένων·
818 2498 828 2514 t
844 2489 906 2515 ’Ότι
928 2516 929 2519 η

115 2534 242 2571 ἐκζητῶν
256 2536 291 2562 τά
308 2536 411 2571 αἵματα
432 2535 522 2563 αὐτῶν
547 2535 681 2571 ἐμνήσθη.
698 2545 708 2562 ι
736 2535 807 2571 Πρὸς
825 2535 855 2562 δέ
874 2543 905 2570 γε

115 2580 161 2606 τὸν
175 2581 299 2608 Σατανᾶν
319 2581 356 2613 ὡς
371 2583 400 2608 ἐν
415 2582 497 2609 εἰκόνι
515 2583 689 2619 γραφόμενον
709 2583 755 2610 τοῦ
776 2583 903 2619 Ἀσσοὺρ,

117 2626 185 2652 «³ον
198 2626 302 2661 τρόπον
312 2627 420 2662 ἱμάτιον
433 2628 462 2653 ἐν
474 2628 570 2663 αἵματι
582 2628 755 2664 πεφυρμένον
769 2628 819 2654 οὐκ
828 2628 905 2654 ἔσται

86 2684 87 2690 ι
115 2670 249 2707 καθαρὸν,
264 2671 352 2704 οὕτως
363 2673 424 2699 οὐδὲ
440 2673 472 2700 σὺ
487 2673 535 2708 ἔσῃ
552 2673 682 2710 καθαρὸς,
702 2673 769 2700 διότι
785 2674 835 2709 τὴν
851 2673 905 2709 γῆν

115 2725 167 2752 μου
191 2717 320 2753 ἐμίανας,
344 2719 393 2745 καὶ
413 2719 458 2745 τὸν
479 2719 544 2747 λαόν
562 2728 613 2755 μου
635 2719 788 2751 ἀπώλεσας.
807 2719 844 2746 Οὐ
866 2719 904 2754 μὴ

116 2763 211 2800 μείνῃς
226 2764 268 2796 εἰς
285 2764 332 2791 τὸν
349 2764 436 2793 αἰῶνα
455 2765 560 2802 χρόνον.
581 2775 590 2792 ι
611 2765 716 2793 Οὐκοῦν
743 2766 904 2801 κατοιχήσε-

148 2852 172 2872 ⁸⁸
181 2851 260 2881 Joan.
274 2859 352 2884 xvut,
370 2853 411 2880 12.
449 2853 471 2870 ⁸⁷
486 2854 535 2883 lsa.
550 2863 622 2886 um.
641 2854 683 2882 i2.

962 1529 1065 1558 «illum
1082 1533 1181 1563 tegere,
1203 1527 1274 1563 quod
1292 1526 1452 1562 Unigenitus
1483 1526 1564 1553 homo
1588 1525 1674 1552 factus
1698 1524 1749 1550 im—

963 1575 1056 1611 plevit.
1072 1574 1185 1609 Semper
1195 1573 1269 1601 enim
1285 1573 1375 1600 divina
1389 1571 1531 1607 Scriptura
1548 1570 1652 1606 magnis
1664 1569 1749 1596 idolo-

962 1621 1049 1655 latris,
1070 1626 1099 1649 et
1114 1627 1148 1652 eo
1169 1619 1345 1647 vehementer
1367 1617 1517 1653 propensis,
1549 1621 1670 1644 catervas
1693 1616 1747 1642 tlte-

963 1675 1071 1694 monum
1106 1671 1134 1694 et
1169 1670 1325 1694 sanctorum
1359 1669 1559 1700 oppugnatores
1598 1662 1752 1690 assimilare

963 1713 1114 1742 consuevit.
1137 1712 1238 1741 Omnes
1261 1711 1344 1747 igitur
1359 1711 1484 1739 inimicos
1500 1710 1634 1745 perituros
1655 1708 1750 1735 vatici-

962 1765 1044 1787 natur
1055 1756 1190 1793 Egyptiis
1209 1756 1290 1792 245
1309 1761 1337 1784 et
1351 1755 1475 1785 ldumaeis
1489 1759 1668 1790 comparatos.
1687 1753 1749 1780 Fir-

962 1812 1005 1832 ma
1019 1809 1061 1832 est
1075 1804 1147 1832 enim
1161 1803 1260 1830 Christi
1276 1802 1419 1837 promissio
1433 1802 1464 1828 de
1478 1800 1597 1829 Ecclesia
1614 1809 1620 1826 ε
1638 1809 1647 1827 ι
1663 1799 1751 1826 Porta:

962 1851 1041 1879 inferi
1055 1858 1109 1879 non
1124 1848 1308 1884 praevalebunt
1323 1849 1453 1876 adversus
1467 1855 1526 1874 eam
1543 1847 1577 1874 ⁸⁸.
1601 1856 1610 1872 ι
1630 1846 1748 1874 Omnino

962 1902 1051 1925 autent
1067 1903 1162 1932 pinnas
1182 1899 1320 1930 sumptum
1335 1894 1368 1922 iri
1387 1894 1567 1921 admissorum
1585 1893 1611 1920 in
1627 1892 1750 1919 homines

962 1948 988 1971 et
1003 1944 1135 1979 malignas
1147 1945 1306 1977 potestates,
1324 1944 1352 1968 et
1375 1944 1508 1975 quotquot
1530 1939 1582 1967 illis
1601 1939 1675 1973 paria
1691 1939 1748 1966 ausi

961 1994 1034 2021 sunt,
1049 1994 1094 2016 aut
1107 1988 1142 2015 ad
1158 1988 1314 2015 Graecorum
1339 1992 1447 2014 errores
1462 1985 1593 2020 quosdam
1614 1984 1750 2012 abducen-

963 2038 1013 2064 tes.
1038 2037 1086 2059 aut
1110 2033 1137 2059 in
1159 2032 1302 2067 reprobum
1324 2037 1435 2058 sensum
1452 2029 1663 2066 prmcipitantes,
1685 2029 1748 2056 dum

961 2085 1089 2114 perversa
1108 2078 1260 2105 consectari
1282 2077 1391 2109 docent,
1413 2075 1556 2103 manifeste
1571 2074 1663 2106 tradit,
1687 2081 1750 2109 pro-

962 2128 1055 2159 pterea
1072 2123 1248 2159 disperditum
1265 2123 1299 2150 lri
1317 2122 1423 2154 dicens,
1447 2121 1491 2156 qui
1518 2121 1583 2148 Sion
1607 2127 1746 2156 oppugna-

962 2175 1034 2204 runt,
1050 2170 1113 2205 quia
1127 2169 1286 2205 sanguinem
1305 2169 1476 2196 innocentem
1492 2167 1647 2199 etl'uderint,
1661 2171 1688 2194 et
1708 2167 1749 2193 in-

962 2216 1141 2245 tolerabiliter
1165 2216 1235 2244 ﬂiios
1255 2215 1323 2242 Juda
1347 2215 1516 2246 vexaverint,
1540 2214 1592 2241 hoc
1619 2217 1671 2245 est,
1686 2220 1750 2239 sau-

961 2267 1030 2294 ctos,
1051 2261 1119 2289 ﬁlios
1134 2261 1321 2293 confessionis,
1337 2260 1458 2288 redditur
1476 2258 1653 2290 enimludas,
1663 2267 1673 2284 ι
1688 2265 1750 2285 con-

961 2307 1056 2335 fessio.
1079 2317 1088 2334 ι
1106 2307 1242 2335 Caeterum
1259 2305 1357 2334 alicubi
1373 2306 1454 2334 etiam
1468 2313 1482 2332 a
1496 2305 1552 2333 Deo
1570 2304 1675 2331 enatus
1699 2304 1748 2330 Da-

961 2354 1005 2381 vid
1019 2353 1051 2381 de
1067 2353 1158 2388 impiis
1171 2357 1258 2381 morte
1271 2353 1386 2380 deletis:
1405 2362 1414 2379 ι
1429 2351 1572 2386 QuOniam,
1589 2351 1689 2385 inquit,
1705 2358 1748 2378 re~

959 2400 1070 2435 quirens
1095 2399 1254 2433 sanguinem
1273 2407 1366 2427 eorum
1387 2399 1544 2427 recordatus
1568 2402 1611 2425 est
1626 2397 1660 2423 '9.
1679 2406 1688 2422 ι
1706 2396 1746 2423 Ad

958 2446 1088 2473 Satanam
1110 2449 1211 2477 autem,
1228 2449 1257 2472 ut
1280 2445 1306 2472 in
1329 2452 1444 2479 persona
1461 2445 1546 2472 Assur
1568 2448 1744 2471 accusatum:

961 2501 970 2517 ι
994 2491 1226 2525 Quemadmodum
1251 2491 1444 2518 vestimentum
1472 2490 1604 2525 sanguine
1634 2489 1744 2516 mistum

959 2545 1014 2566 non
1029 2537 1082 2565 erit
1098 2537 1237 2569 mundum,
1253 2536 1292 2563 sic
1307 2543 1356 2563 nec
1371 2539 1398 2563 tu
1417 2536 1533 2564 mundus
1544 2535 1609 2564 eris.
1634 2535 1666 2562 Et
1683 2535 1745 2570 quia

961 2588 1062 2611 terram
1086 2590 1173 2610 meam
1193 2581 1321 2617 polluisti,
1341 2585 1367 2608 et
1389 2581 1514 2616 populum
1537 2589 1625 2608 meum
1655 2581 1745 2616 pcrdi-

960 2628 1035 2661 disti,
1058 2636 1111 2656 non
1137 2626 1260 2654 manebis
1287 2625 1315 2653 in
1340 2626 1534 2660 sempiternum
1559 2627 1593 2654 θ’.
1622 2636 1631 2652 ι
1653 2626 1745 2660 Itaque

960 2673 1082 2701 abituros
1097 2673 1124 2701 in
1144 2672 1258 2700 exitium
1274 2671 1364 2699 Sionis
1377 2670 1548 2698 adversarios
1562 2671 1638 2703 dicit,
1655 2676 1683 2698 et
1694 2671 1740 2698 ,ιιι-

959 2719 1045 2746 dzeam
1058 2719 1209 2747 habitatum
1225 2718 1257 2745 iri
1279 2718 1304 2745 in
1319 2716 1524 2750 sempiternum,
1540 2720 1567 2742 et
1591 2715 1741 2742 Jerusalem

960 2766 986 2793 in
1003 2766 1194 2801 generationes
1210 2764 1414 2800 generationum
1429 2770 1436 2795 ;
1451 2768 1503 2788 nou
1522 2762 1594 2789 illam
1610 2766 1745 2788 vastatam

733 2855 753 2870 ⁸⁵
771 2854 864 2882 Matth.
879 2862 934 2885 xw.
955 2854 997 2880 {8.
1037 2853 1058 2869 ⁵⁵
1074 2852 1142 2880 ινδ..ι,
1162 2860 1199 2882 ιιι.
1218 2852 1258 2879 i3.
1296 2850 1319 2867 ὀ
1339 2851 1389 2878 lsa.
1410 2856 1463 2878 xw,
1482 2849 1523 2878 ιε).
1540 2849 1585 2876 ‘20.
