1919 3041
92 146 145 174 ιο9

569 148 843 178 COMMENTARIUS
862 151 893 178 IN
913 151 1007 179 AMOS
1025 150 1246 179 PROI‘HETAM.

1665 134 1718 182 tio

94 194 194 220 τούτων
208 194 341 228 γεγόνασι
356 195 438 229 λόγοι,
453 196 634 232 καταθρήσεις
654 199 767 230 ἀκονιτὶ,
778 199 825 225 καὶ
837 199 873 225 διὰ

932 199 993 227 tabo
1004 207 1085 234 super
1099 200 1206 226 domum
1229 198 1373 226 Jcroboam
1395 198 1514 234 gladium
1528 200 1561 225 ".
1587 207 1596 224 ι
1619 197 1718 228 Sacer-

95 241 146 267 τῶν
163 240 246 267 αὑτοῦ
266 241 499 278 πληροφορηθήσῃ
517 243 613 277 λόγων.
637 244 811 280 Προεφήτευε
832 245 881 280 μὲν

93 285 147 322 γὰρ
159 287 188 312 ὲν
200 286 317 321 Βαιϐὴλ,
331 286 368 319 ὡς
381 288 459 322 ἔφην,
472 289 706 324 ἀφανισθήσεσθαι
717 290 803 324 λέγων
819 291 881 322 τοὺς

94 330 205 366 βωμοὺς
220 331 268 357 τοῦ
283 331 412 365 γέλωτος,
427 333 655 369 ἐρημωθήσεοθαι
669 333 697 360 δὲ
714 335 821 367 καὶτὰς
837 344 881 362 τε-

92 375 174 407 λετὰς
186 376 234 403 τοῦ
255 377 363 413 Ἰσραήλ
373 386 379 392 ·
393 377 439 404 καὶ
454 377 485 413 δὴ
503 378 607 410 τούτοις
626 379 793 414 προστιθεὶς,
811 381 881 408 «Καὶ

92 423 283 458 ἀναπτήσομαι
298 423 345 450 ἐπὶ
359 423 404 450 τὸν
418 421 490 450 οἶκον
512 424 653 460 Ἰεροϐοὰμ
670 425 698 451 ὲν
714 426 846 461 ῥομφαία.
868 435 878 452 ι

99 468 127 494 '0
154 468 185 494 δέ
201 477 235 502 γε
257 468 308 503 τῆς
333 468 430 504 autem
455 469 544 504 ἱερεὺς
565 469 706 505 Ἀμασίας.
731 468 814 503 Οὗτος
833 470 881 497 οὖν

92 512 222 547 ὲπέτριζε
244 513 284 548 τῷ
308 514 435 549 προφήτῃ
457 514 520 545 τοὺς
541 514 659 546 ὀδόντας.
686 513 753 542 Εἶτα
777 515 881 552 πέμπει

92 558 161 593 πρὸς
179 558 324 593 Ὶεροόοὰμ
344 558 456 593 βασιλέα
481 559 598 595 Ἰσραὴλ,
617 559 719 594 λέγων·
739 570 747 586 t
762 562 880 597 Συστρο-

92 604 145 638 φὰς
158 605 279 631 ποιεῖται
293 606 363 631 κατά
377 604 424 632 σοῦ
447 604 536 643 Ἀμδς
549 606 579 632 ὲν
595 607 669 642 μέσῳ
682 607 751 643 οἴκῳ
762 607 878 644 Ἰσραὴλ,

91 650 123 677 οὐ
135 650 175 685 μὴ
190 650 304 686 δύνηται
318 651 335 686 ἡ
348 650 384 685 γῆ
400 651 559 685 ὑπενεγκεῖν
575 652 700 685 ἅπαντας
710 654 773 686 τοὺς
784 654 880 688 λόγους

92 696 193 723 αὐτοῦ·
209 697 278 723 διότι
295 697 358 724 τάδε
373 697 447 732 λέγει
468 697 572 732 Ἀμώς·
587 699 630 725 Ἐν
648 694 771 734 ῥομφαίᾳ
787 699 880 727 τελευ-

91 741 171 776 τήσει
190 742 342 777 Ἰεροὸοὰμ,
354 744 368 770 ὁ
385 744 414 770 δέ
422 744 528 779 Ἰσραὴλ
544 745 715 780 αἰχμάλωτος
730 745 880 782 ἀχθήσεται

91 788 146 815 ἀπὸ
162 789 213 823 τῆς
227 789 279 824 γῆς
291 789 383 816 αὑτοῦ.
396 790 450 818 Καὶ
465 788 540 817 εἶπεν
553 791 684 825 ’Δμασιας
696 791 764 826 πρὸς
777 792 877 828 Ἀμώς·

97 833 126 859 '0
139 834 212 868 ὁρῶν
232 834 325 868 βάδιζε
339 835 372 860 ἐκ
392 834 483 870 χώρας
500 835 540 866 εἰς
561 835 613 870 γῆν
635 835 730 869 Ἰούδα,
750 837 798 863 καὶ
821 837 880 864 ἐκεῖ

933 247 980 273 dos
993 251 1083 273 autem
1098 245 1190 273 Bethel
1205 246 1326 273 Amasias
1358 245 1496 279 propheta:
1509 245 1604 272 dentes
1617 247 1717 272 contri-

932 292 982 324 vit,
997 299 1076 325 quem
1094 296 1185 325 postea
1201 292 1233 318 ad
1247 291 1388 318 .Ieroboam
1414 298 1505 326 regem
1526 291 1608 318 Israel
1634 291 1716 324 misit,

932 345 993 365 cum
1017 338 1067 364 hoc
1089 337 1204 364 nuntio:
1226 347 1235 363 ε
1255 337 1462 372 Conjurationes
1489 336 1555 365 facit
1573 342 1667 365 contra
1691 343 1717 365 te

932 379 1015 410 Amos
1039 383 1064 410 in
1089 383 1178 410 medio
1203 383 1299 410 domus
1326 383 1421 415 Israel,
1447 390 1500 410 non
1526 384 1624 418 poterit
1645 388 1717 410 terra

931 428 1043 456 suﬂ'erre
1070 435 1164 456 omnes
1191 436 1330 456 sermones
1357 429 1424 462 ejus.
1463 430 1530 463 Quia
1561 430 1618 456 hare
1649 429 1716 456 dicit

931 475 1014 501 Amos
1029 483 1036 502 :
1055 474 1082 502 In
1097 474 1186 509 gladio
1203 475 1334 501 morietur
1350 474 1504 507 Jeroboam,
1521 481 1548 502 et
1569 475 1651 502 Israel
1674 482 1716 502 ca-

931 520 1019 554 ptivus
1043 520 1156 547 ducetur
1177 522 1210 548 de
1233 525 1304 547 terra
1322 528 1380 549 sua.
1398 521 1431 548 Et
1456 522 1523 549 dixit
1541 522 1665 550 Amasias
1679 523 1715 553 ad

931 565 1013 592 Amos
1030 574 1037 592 :
1056 564 1167 597 Videns,
1191 565 1269 597 vade,
1294 566 1405 593 discede
1425 572 1453 593 tu
1479 567 1505 593 in
1521 571 1618 594 terram
1633 567 1712 600 Juda,

931 614 957 638 et
973 610 1027 638 illic
1044 610 1114 644 vive,
1132 615 1159 637 et
1179 610 1232 638 illic
1255 610 1442 644 prophetabis;
1459 611 1486 638 in
1514 611 1606 638 Bethel
1624 616 1714 638 autem

932 664 984 684 non
1013 657 1083 684 ultra
1108 656 1218 690 adjicies
1247 657 1419 691 prophetare,
1446 655 1508 690 quia
1538 657 1714 685 sanctiﬁcatio

932 703 1001 737 regis
1021 706 1071 734 est,
1087 707 1113 728 et
1128 702 1224 729 domus
1244 701 1318 736 regni
1331 706 1382 728 est.
1400 701 1433 728 Et
1455 701 1620 735 respondens
1632 702 1715 728 Amos

931 748 998 775 dixit
1013 748 1046 775 ad
1060 748 1198 774 Amasiam
1214 757 1220 774 :
1236 747 1295 774 Non
1314 755 1389 774 erant
1405 747 1538 782 propheta
1551 754 1612 781 ego,
1628 754 1715 780 neque

931 793 1001 820 Iilius
1016 794 1173 827 prophetae;
1189 792 1235 819 sed
1250 792 1332 825 opilio
1345 799 1430 825 erant,
1447 792 1576 819 vellicans
1588 799 1714 826 sycomo-

930 845 990 871 ros;
1005 842 1031 865 et
1052 838 1197 872 assumpsit
1217 844 1260 864 me
1275 837 1403 864 Dominus
1423 838 1456 864 ab
1473 837 1578 865 ovibus.
1598 837 1632 864 Et
1646 837 1715 864 dixit.

91 879 239 911 καταϐίου,
265 880 312 906 καὶ
336 881 394 906 ἐκεῖ
419 881 628 916 προφητεύσεις.
653 882 700 913 Εἰς
726 882 754 908 δὲ
779 882 873 918 BMG-I1)

931 882 1061 910 Dominus
1073 884 1105 909 ad
1125 890 1187 909 me:
1204 881 1280 910 Vade
1297 887 1323 909 et
1338 883 1467 917 propheta
1491 890 1571 916 super
1588 883 1714 917 populum

93 924 188 953 οὐκέτι
206 925 243 960 μὴ
268 924 390 960 προσθῇς
405 925 452 952 τοῦ
472 925 677 961 προφητεῦσαι,
696 928 737 954 ὅτι
757 927 878 963 ἁγιασμα

95 971 231 1005 βασιλέως
245 972 313 1003 ἐστὶ,
330 971 375 998 καὶ
389 969 462 1003 οἶκος
476 971 607 1006 βασιλέως
618 972 676 999 ἐστι
703 973 751 1000 καὶ
764 973 879 1009 ἀπεκρί-

93 1016 128 1050 θη
148 1015 250 1051 Ἀμὼς,
267 1017 315 1043 καὶ
333 1014 392 1043 εἶπε
414 1017 481 1052 πρὸς
500 1017 642 1052 Ἀμασίαν,
657 1014 714 1043 Οὐκ
727 1018 798 1054 ἥμην
815 1027 879 1054 προ-

93 1062 183 1097 φήτης
193 1062 260 1096 ἐγὼ,
274 1062 336 1088 οὐδὲ
351 1063 408 1094 υἱὸς
424 1063 576 1098 προφήτου,
589 1063 646 1090 ἀλλ’
663 1064 773 1090 αἰπόλος
792 1064 877 1100 ἥμην,

89 1107 189 1138 κνίςων
206 1107 355 1142 συκάμινα,
374 1107 420 1134 καὶ
440 1107 553 1134 ἀνέλαϐε
575 1109 676 1143 Κύριος
691 1110 723 1136 ἐκ
741 1109 795 1136 τῶν
814 1118 877 1145 προ-

88 1152 188 1179 σεὶτων.
215 1153 269 1179 Καὶ
285 1150 347 1179 εἶπε
375 1154 477 1189 Κύριος
494 1153 562 1189 πρός
580 1162 624 1188 με,
637 1155 743 1187 Βάδιζε,
770 1155 877 1190 προφή-

88 1205 183 1224 τευσον
199 1198 247 1224 ἐπὶ
261 1197 307 1224 τὸν
318 1198 381 1224 λαόν
399 1207 451 1233 μου
468 1199 514 1225 τὸν
532 1199 649 1234 Ἰσραήλ.
671 1208 681 1224 ι
703 1199 824 1234 Εἴληπτο
841 1200 875 1235 δὴ

930 936 1020 956 meum
1036 928 1118 956 Israel
1130 928 1164 954 θ’.
1184 937 1193 953 ι
1209 928 1370 962 Assumptus
1387 933 1428 954 est
1443 928 1524 962 igitur
1537 929 1568 954 de
1584 928 1714 963 gregibus

929 974 1030 1005 ovium,
1049 978 1076 1000 et
1096 974 1267 1008 prophetavit
1288 974 1314 1000 in
1335 973 1437 1006 B‘ethel,
1465 973 1509 1000 ubi
1533 973 1658 1007 deposuit
1678 974 1714 1000 vi-

930 1019 1014 1046 tulum
1042 1026 1154 1046 aureum
1174 1019 1277 1053 primus
1297 1018 1451 1050 Jeroboam,
1480 1019 1550 1045 ﬁlius
1570 1018 1656 1045 Nabal.
1678 1019 1712 1046 ⁸³³.

929 1065 998 1092 Puto
1013 1065 1065 1092 hoc
1081 1065 1163 1092 etiam
1180 1072 1268 1098 operai
1287 1065 1400 1098 pretium
1422 1064 1503 1094 scire,
1518 1064 1600 1090 alium
1629 1063 1713 1090 fuisse

929 1110 1024 1141 Amos.
1038 1115 1141 1144 patrem
1162 1110 1248 1137 Isaiae.
1266 1110 1336 1143 Quid
1356 1114 1445 1136 autem
1471 1114 1498 1136 ct
1519 1116 1599 1143 super
1614 1109 1713 1143 quibus

930 1160 987 1183 toto
1003 1156 1072 1183 libro
1084 1157 1262 1190 prophetarit,
1277 1157 1309 1183 ad
1328 1156 1496 1190 propositum
1515 1155 1648 1190 aggressi,
1663 1162 1713 1189 pro

930 1201 1056 1229 facultate
1067 1202 1325 1230 demonstrabimus.

86 1241 132 1269 οὖν
149 1244 180 1269 ἐκ
198 1243 342 1278 ποιμνίων,
362 1243 409 1269 καὶ
427 1245 612 1279 προεφήτευεν
631 1245 661 1270 ὲν
682 1244 795 1279 Βαιοὴλ,
810 1245 838 1272 ἐν
858 1243 875 1282 ᾖ
892 1246 940 1272 καὶ
972 1246 1089 1282 δάμαλιν
1116 1247 1232 1273 ἀπέθετο
1252 1249 1355 1283 χρυσῆν
1378 1248 1392 1274 ὁ
1410 1247 1519 1283 πρῶτος
1538 1245 1680 1281 Ἱεροόοὰμ
1698 1246 1713 1272 ὁ

88 1289 181 1315 mea:
199 1290 268 1320 υἱός.
291 1290 529 1326 Ἐπιοημήνασοαι
560 1291 588 1317 δὲ
610 1292 720 1319 κάκεῖνο
743 1289 820 1327 οἶμαι
838 1301 891 1319 που
928 1294 1071 1330 χρήσιμον,
1095 1295 1132 1326 ὼς
1155 1295 1249 1330 ἔτερος
1271 1294 1305 1329 ἦν
1331 1295 1422 1329 Ἀμὼς
1440 1296 1454 1321 ὁ
1477 1294 1587 1321 Ἡσαΐου
1608 1294 1712 1328 πατὴρ.

87 1336 165 1366 Τίνες
183 1344 216 1369 γε
235 1336 289 1371 μὴν
304 1336 352 1362 καὶ
368 1337 413 1363 ἐπὶ
428 1336 499 1363 τίσιν
531 1336 599 1367 ὅλως
614 1337 638 1363 οἱ
671 1336 737 1372 παρ’
756 1337 838 1364 αὑτοῦ
876 1339 1002 1373 γεγόνασι
1022 1339 1106 1374 λόγοι,
1119 1340 1172 1366 τῶν
1209 1340 1398 1375 προκειμένων
1420 1340 1554 1375 ἁψάμενοι
1572 1339 1712 1374 σαφηνιοῦ-

87 1391 136 1418 μεν
155 1382 194 1413 ὠς
213 1382 263 1408 ἔνι.

246 1445 437 1487 ΤΟΜΟΣ
475 1445 710 1490 ΠΡΩΤΟΣ.

392 1522 517 1549 ΚΕΦΑΛ.
532 1524 571 1550 A’.

117 1580 209 1613 Λόγοι
240 1579 348 1613 Ἀμὼς,
376 1579 404 1605 οἳ
429 1579 569 1613 ἐγένοντο
592 1580 626 1606 ἐν
656 1580 808 1614 Ἀκκαρεὶμ
838 1579 872 1606 ἐκ

85 1624 205 1656 Θεκουὲ,
218 1624 273 1657 οὓς
288 1624 352 1650 ἴδεν
366 1624 441 1658 ὑπὲρ
473 1625 675 1659 Ἰερουσαλὴμ,
696 1625 730 1652 ἐν
750 1625 872 1660 ἡμέραις

89 1669 184 1699 ὀζῖου
193 1669 350 1702 ,βασιλέως
362 1670 465 1702 Ἰούδα,
476 1671 524 1696 καὶ
534 1671 569 1697 ἑν
578 1671 701 1705 ἡμέραις
717 1671 871 1705 Ἰεροϐοὰμ,

82 1714 148 1742 υιοῦ
168 1715 250 1748 Ὶωὰς
258 1715 410 1748 βασιλέως
421 1715 473 1742 τοῦ
491 1715 624 1749 Ἰσραὴλ,
647 1716 705 1750 πρὸ
724 1716 778 1743 δύο
797 1715 872 1743 ἐτῶν

83 1760 133 1787 τοῦ
149 1761 293 1795 σεισμοῦ.

116 1806 154 1833 Bt.
174 1815 183 1832 ι
198 1806 283 1840 Λόγοι
315 1807 413 1842 Ἀμώς,
431 1808 454 1833 οἳ
472 1807 595 1841 ἐγένοντο
611 1808 639 1834 ὲν
664 1808 817 1843 Ἀκκαρεὶμ
839 1808 872 1834 ὲκ

82 1853 195 1885 Θεκουὲ,
212 1853 261 1885 οὒς
279 1851 347 1880 εἶδεν
372 1854 444 1887 ὑπὲρ
463 1853 651 1889 Ἰερουσαλήμ.
665 1854 768 1888 toﬁ-ret,
783 1855 875 1890 φησὶν,

88 1898 178 1933 ’Λμὼς
192 1898 241 1925 τοῦ
256 1899 290 1925 ὲκ
311 1899 412 1925 Θεκουὲ
437 1899 487 1933 τῆς
504 1899 672 1934 προφητείας
694 1899 720 1925 οἱ
736 1899 808 1933 λόγοι
821 1918 827 1929 ,
845 1899 870 1924 οἳ

82 1943 210 1977 γεγόνασι
225 1944 256 1971 ὲν
278 1944 438 1980 Ἀκκαρείμ.
465 1944 561 1971 Ἰστέον
581 1945 619 1975 δὲ,
634 1945 675 1971 ὅτι
703 1944 752 1979 τὴν
767 1945 870 1971 τοιάνδε

81 1988 163 2021 λέξιν,
187 1989 250 2024 ἦτοι
264 1989 295 2015 τὸ
311 1998 320 2014 ι
335 1990 363 2016 ὲν
379 1989 540 2024 Ἀκκαρεὶμ,
551 1999 560 2015 ι
580 1989 630 2016 οὐκ
646 1987 716 2016 οἶδεν
732 1990 800 2021 ὅλως
818 1989 871 2016 τῶν

87 2032 221 2069 Ἐὅραίων
234 2035 251 2069 ἡ
264 2034 379 2065 ἕκδοσις.
393 2034 480 2061 Μόνον
491 2035 546 2070 γὰρ
566 2035 694 2070 εἰρήκασι
710 2035 751 2067 τὸ,
775 2044 784 2061 ‹
795 2035 870 2070 λόγοι

87 2079 178 2114 Ἀμὼς
191 2080 224 2105 ὲκ
237 2079 348 2106 Θεκουέ.
362 2089 371 2105 ι
383 2080 415 2106 Οἵ
422 2088 453 2113 γε
468 2079 521 2114 μὴν
536 2080 623 2114 ἕτεροι
643 2081 696 2106 τῶν
708 2081 871 2115 έρμηνευόν-

81 2133 134 2152 των
157 2125 220 2152 ἀντὶ
244 2125 299 2152 τῶν
315 2126 362 2151 (ἐν
383 2126 535 2161 Ἀκκαρεὶμ
547 2135 556 2152 ι
572 2126 725 2153 τεθείκασιν
736 2147 743 2159 ,
759 2127 794 2153 ἐν
808 2127 869 2160 τοῖς

80 2169 414 2206 κτηνοτροφεὼιςῶῦτοι
422 2171 510 2197 τοίνυν
515 2172 539 2197 οἱ
545 2171 617 2205 λόγοι
625 2172 653 2199 Ἀ
659 2171 716 2206 μὼς
723 2172 754 2198 ὲκ
759 2171 868 2205 Θεκουὲ,

1075 1448 1277 1493 TOMUS
1320 1448 1564 1492 PRIMUS.

1261 1523 1337 1550 CAP.
1359 1523 1377 1550 I.

963 1579 1042 1607 Vsus.
1059 1579 1086 1606 1.
1103 1579 1238 1606 Sermones
1254 1581 1344 1612 Amos,
1360 1581 1403 1614 qui
1419 1580 1483 1612 facti
1502 1584 1560 1606 sunt
1587 1587 1612 1605 tu
1626 1580 1710 1606 Acca-

926 1625 974 1651 rim
988 1633 1020 1652 ex
1035 1624 1144 1657 Tlmcue,
1159 1633 1222 1660 quos
1236 1626 1298 1652 vidit
1314 1633 1391 1660 super
1398 1625 1544 1652 Jerusalem
1569 1625 1596 1651 in
1621 1625 1711 1652 diebus

927 1669 999 1697 Oziw
1015 1671 1080 1706 regis
1090 1669 1173 1703 Iuda,
1185 1676 1209 1697 et
1223 1672 1249 1697 in
1266 1671 1357 1697 diebus
1372 1670 1511 1697 Jeroboam
1522 1671 1570 1705 ﬁlii
1584 1671 1649 1698 Joas
1671 1679 1711 1698 re-

925 1717 963 1750 gis
983 1715 1076 1748 Israel,
1095 1721 1155 1743 ante
1168 1718 1232 1743 duos
1247 1725 1328 1743 annos
1340 1722 1415 1743 terra:
1433 1720 1527 1744 motus.

960 1805 990 1832 II.
1008 1815 1017 1830 ι
1030 1804 1175 1832 Sermones
1188 1806 1281 1838 Amos,
1291 1805 1335 1839 qui
1349 1804 1412 1832 facti
1428 1809 1489 1832 sunt
1501 1805 1527 1831 in
1540 1805 1663 1832 Accarim
1677 1811 1708 1831 ex

925 1850 1042 1882 rI‘heeue,
1061 1857 1127 1884 quos
1153 1848 1218 1876 vidit
1232 1856 1312 1883 super
1324 1848 1484 1876 Jerusalem.
1504 1858 1513 1874 ι
1528 1848 1560 1875 Ili
1574 1853 1646 1881 sunt,
1668 1849 1709 1874 in-

924 1895 993 1929 quit,
1009 1902 1148 1923 sermones
1175 1895 1323 1930 prophetici
1347 1895 1428 1922 Amos
1461 1893 1637 1925 Thecuensis,
1662 1893 1709 1927 qui

925 1941 987 1968 lacti
1011 1945 1073 1968 sunt
1098 1942 1123 1968 in
1151 1942 1285 1968 Acearim.
1316 1940 1461 1968 Sciendum
1484 1944 1525 1966 est
1555 1937 1708 1973 Itujusmodi

924 1994 1026 2017 vocem,
1046 1995 1055 2012 ι
1077 1987 1103 2013 in
1130 1987 1264 2019 Accarim,
1299 1995 1308 2012 )
1329 1986 1363 2013 ab
1393 1985 1564 2013 Hebraeorum
1591 1985 1709 2011 editione

924 2039 1035 2068 prorsus
1048 2033 1152 2066 abesse,
1174 2033 1199 2059 in
1210 2037 1374 2067 quatantum
1389 2035 1430 2059 est
1450 2031 1491 2058 his
1509 2030 1609 2062 verbis,
1623 2039 1632 2056 ‹
1650 2037 1709 2057 ser-

925 2085 1017 2106 mones
1032 2079 1114 2106 Amos
1135 2085 1169 2106 ex
1188 2077 1308 2106 'l‘becue.
1322 2087 1331 2104 »
1349 2077 1574 2111 Aliiinterpretes
1586 2083 1660 2110 pro,«
1682 2075 1708 2101 in

924 2125 1058 2158 Accarim,
1078 2134 1087 2151 ι
1118 2129 1275 2160 posuerunt,
1305 2124 1334 2151 ἐν
1359 2121 1588 2158 κτηνοτροφείοις,
1613 2121 1639 2148 id
1655 2126 1708 2152 est,

924 2170 991 2198 locis
1020 2170 1065 2198 ubi
1091 2173 1212 2197 armenta
1237 2176 1290 2207 seu‘
1308 2168 1431 2203 jumenta
1459 2171 1616 2202 pascuntur.
1641 2166 1709 2193 Sunt

81 2216 191 2248 οἵτινες
204 2216 350 2250 γεγόνασιν
367 2217 395 2242 ὲν
412 2215 501 2252 καιρῷ
516 2215 563 2243 τοῦ
578 2216 745 2252 ποιμαίνειν,
764 2217 811 2243 ἐπὶ
823 2217 871 2244 καὶ

928 2216 1006 2251 igitur
1016 2217 1042 2243 hi
1056 2223 1196 2244 sermones
1215 2216 1299 2242 Amos
1315 2222 1348 2242 ex
1363 2215 1480 2247 Thecue,
1497 2220 1544 2240 seu
1566 2211 1708 2239 Theeuen-

81 2262 176 2293 αὑταῖς
187 2262 243 2289 τῶν
267 2261 413 2297 προϐάτων
433 2262 538 2294 αὐλαῖς.
560 2262 645 2298 ’Υπὲρ
667 2263 697 2288 δὲ
717 2263 801 2298 αὐτῆς
821 2263 871 2298 τῆς

86 2308 267 2345 Ἰερουσαλὴμ
276 2309 326 2335 οὐκ
342 2307 457 2335 ἀκοῦσαι
474 2308 564 2343 μόνον,
576 2308 633 2336 ἀλλ’
643 2309 793 2344 ἑωρακέναι
804 2310 871 2344 φησὶ

80 2355 142 2386 τοὺς
151 2354 259 2388 λόγους.
272 2354 395 2390 Ἐμφανῆ
406 2354 460 2390 γὰρ
471 2355 526 2386 τοῖς
539 2355 693 2390 προφήταις
703 2355 870 2390 κατέστησεν

80 2401 94 2427 ὁ
107 2401 174 2432 Θεὸς
190 2400 260 2435 ὁμοῦ
277 2401 338 2432 ταῖς
362 2400 549 2435 ἀποκαλύψεσι
577 2401 718 2435 μονονουχὶ
739 2401 786 2427 καὶ
799 2400 870 2427 αὐτὰ

79 2447 200 2482 παρόντα
211 2446 247 2473 τὰ
261 2446 422 2482 πράγματα,
438 2445 508 2472 ὥστε
524 2446 611 2472 δοκεῖν
627 2446 674 2472 καὶ
688 2447 753 2481 ὀρᾷν
761 2446 794 2472 αὖ
805 2446 868 2478 τοὺς

80 2491 126 2526 ήδη
141 2492 207 2527 πρὶν
218 2491 346 2525 γενέσθαι
361 2490 425 2522 τοὺς
433 2490 538 2524 λόγους,
552 2489 715 2526 συνθεούσης
732 2490 804 2526 τάχα
815 2498 867 2516 που

80 2538 127 2572 τῆς
142 2537 197 2564 τῶν
216 2536 412 2572 ὲκὸησομένων
426 2536 500 2568 θέας,
517 2536 557 2568 οἷς
573 2536 606 2563 ἂν
622 2536 688 2572 λέγῃ
704 2535 780 2568 Θεός.
794 2536 868 2572 Πλὴν

81 2583 165 2610 ἐκεῖνο
179 2583 323 2618 ζητήσεως
339 2581 423 2615 ἄξιον,
440 2582 497 2614 πῶς
509 2582 563 2617 γὰρ
573 2581 606 2608 ἄν
618 2590 659 2613 τις
674 2581 776 2617 οἰηθείη
789 2582 866 2616 γενέ-

81 2631 138 2655 σθαι
154 2630 218 2660 τοὺς
233 2629 332 2662 λόγους
347 2629 417 2663 ὑπέρ
435 2637 466 2662 γε
491 2628 542 2663 τῆς
566 2628 741 2664 Ἰερουσαλὴμ
766 2628 846 2663 μόνον
858 2647 866 2660 ,

80 2676 163 2701 xxi-.0:
182 2676 227 2702 διὰ
242 2675 293 2710 τῆς
310 2673 393 2701 αὐτοῦ
409 2674 454 2700 τοῦ
473 2674 611 2710 προφήτου
621 2674 714 2708 φωνῆς
724 2675 866 2701 καταιτιᾶ-

78 2730 120 2748 τει
135 2722 200 2753 Θεὸς
216 2722 264 2748 τόν
276 2729 308 2747 τε
330 2720 431 2746 Ἰούδαν
444 2721 490 2746 καὶ
504 2720 549 2747 τὸν
578 2720 701 2755 Ἰσραήλ;
729 2719 801 2755 Ἔφη
812 2719 866 2755 γὰρ

80 2768 171 2799 πιῖἓινί
196 2768 238 2794 ὅτι
265 2777 274 2792 ο
297 2766 369 2793 Τάδε
385 2766 458 2800 λέγει
488 2765 599 2801 Κύριος·
620 2766 680 2792 Ἐπὶ
695 2766 754 2797 ταῖς
777 2766 866 2800 τρισὶν

109 2851 128 2865 ⁹¹
144 2858 226 2886 Amos
240 2865 290 2890 vn,
313 2857 341 2884 9.

919 2263 969 2295 sis,
981 2262 1026 2297 qui
1041 2262 1104 2289 facti
1121 2266 1194 2294 sunt,
1204 2268 1257 2297 quo
1270 2265 1390 2295 tempore
1400 2260 1486 2287 adhuc
1498 2264 1633 2293 pastorem
1648 2264 1709 2292 age-

918 2309 975 2341 bat,
991 2312 1018 2335 et
1033 2308 1062 2335 in
1079 2308 1146 2342 ipsis
1167 2307 1258 2334 ovium
1277 2307 1389 2335 stabulis
1412 2306 1468 2333 sive
1496 2305 1591 2339 septis.
1621 2303 1708 2338 Super

919 2355 978 2389 ipsa
996 2358 1087 2381 autem
1101 2352 1251 2381 Jerusalem
1266 2360 1318 2380 non
1348 2351 1455 2379 audisse
1472 2355 1574 2378 tantum
1601 2356 1706 2376 sermo-

919 2407 977 2433 nes,
990 2400 1037 2427 sed
1047 2398 1130 2434 248
1139 2403 1167 2426 et
1175 2398 1274 2425 vidisse
1288 2404 1318 2424 se
1332 2396 1407 2424 dicit.
1435 2396 1505 2424 Deus
1529 2395 1628 2430 quippe
1643 2400 1706 2429 pro-

924 2445 1012 2481 phetis
1025 2452 1078 2472 una
1099 2452 1160 2472 cum
1183 2443 1394 2472 revelationibus
1417 2449 1461 2470 res
1486 2442 1655 2473 manifestas,
1679 2443 1707 2467 et

921 2495 1025 2518 tantum
1038 2497 1090 2518 non
1107 2493 1253 2525 praesentes
1264 2488 1339 2522 facit,
1355 2492 1384 2515 ut
1395 2488 1488 2515 videre
1500 2487 1551 2515 sibi
1565 2487 1706 2514 videantur

920 2543 1069 2569 sermones,
1099 2539 1242 2569 antequam
1269 2533 1345 2566 fiant,
1372 2526 1551 2560 concurrente
1582 2530 1706 2560 fortassis

921 2586 1064 2610 eventuum
1084 2581 1235 2608 futurorum
1249 2579 1307 2605 visu
1327 2585 1388 2605 cum
1408 2578 1451 2605 his
1468 2583 1528 2611 quae
1544 2576 1614 2604 Deus
1627 2576 1704 2603 dixe-

920 2628 967 2655 rit.
981 2627 1114 2655 Czeterum
1125 2626 1190 2654 Illud
1201 2624 1475 2661 quazstionedignum,
1488 2621 1623 2657 quomodo
1647 2621 1706 2648 exi—

921 2674 1083 2701 stimandum
1102 2673 1186 2700 factos
1215 2678 1276 2699 esse
1290 2677 1427 2699 sermones
1443 2675 1523 2703 super
1556 2666 1703 2694 Jerusalem

921 2720 1020 2753 solum,
1035 2727 1096 2747 eum
1113 2724 1203 2746 tamen
1212 2725 1279 2746 voce
1295 2717 1380 2752 ipsius
1402 2714 1539 2750 prophetat
1560 2712 1654 2740 ludam
1676 2715 1704 2738 et

921 2765 1002 2794 Israel
1038 2766 1108 2794 Deus
1135 2764 1259 2794 accuset?
1288 2764 1333 2791 Ait
1349 2763 1419 2792 enim
1439 2759 1603 2793 infrazQuia
1622 2768 1630 2785 ι
1648 2758 1706 2786 luco

396 2857 418 2872 “
435 2856 501 2884 Ibid.
520 2855 608 2884 IO-IS.
647 2855 670 2871 °'
697 2855 727 2882 III
745 2855 808 2891 Reg.
826 2864 873 2890 xu,
894 2855 938 2885 29.
