  <div class='ocr_page' id='page_1' title='image "/cluster/home/n/w/nwhite01/storage/ocr_20150623/71/njp.32101077772745/240.png"; bbox 0 0 1919 3041; ppageno 0'>
   <div class='ocr_carea' id='block_1_1' title="bbox 83 139 135 174">
    <p class='ocr_par' dir='ltr' id='par_1_1' title="bbox 83 139 135 174">
     <span class='ocr_line' id='line_1_1' title="bbox 83 139 135 174; baseline -0.019 0"><span class='ocrx_word' id='word_1_1' title='bbox 83 139 135 174; x_wconf 67' lang='grc'><strong>415</strong></span> 
     </span>
    </p>
   </div>
   <div class='ocr_carea' id='block_1_2' title="bbox 563 140 1241 171">
    <p class='ocr_par' dir='ltr' id='par_1_2' title="bbox 563 140 1241 171">
     <span class='ocr_line' id='line_1_2' title="bbox 563 140 1241 171; baseline -0.001 -1"><span class='ocrx_word' id='word_1_2' title='bbox 563 140 836 171; x_wconf 68' lang='lat' dir='ltr'><strong>COMMENTARIUS</strong></span> <span class='ocrx_word' id='word_1_3' title='bbox 855 140 888 168; x_wconf 78' lang='lat' dir='ltr'><strong>IN</strong></span> <span class='ocrx_word' id='word_1_4' title='bbox 908 140 1000 169; x_wconf 84' lang='lat' dir='ltr'><strong>AMOS</strong></span> <span class='ocrx_word' id='word_1_5' title='bbox 1018 140 1241 169; x_wconf 71' lang='lat' dir='ltr'><strong>PROI’HETAM.</strong></span> 
     </span>
    </p>
   </div>
   <div class='ocr_carea' id='block_1_3' title="bbox 1667 146 1719 173">
    <p class='ocr_par' dir='ltr' id='par_1_3' title="bbox 1667 146 1719 173">
     <span class='ocr_line' id='line_1_3' title="bbox 1667 146 1719 173; baseline 0.019 -1"><span class='ocrx_word' id='word_1_6' title='bbox 1667 146 1719 173; x_wconf 69' lang='grc'><strong>414</strong></span> 
     </span>
    </p>
   </div>
   <div class='ocr_carea' id='block_1_4' title="bbox 85 197 871 238">
    <p class='ocr_par' dir='ltr' id='par_1_4' title="bbox 85 197 871 238">
     <span class='ocr_line' id='line_1_4' title="bbox 85 197 871 238; baseline -0.006 -10"><span class='ocrx_word' id='word_1_7' title='bbox 85 199 215 238; x_wconf 78' lang='grc' dir='ltr'>βασιλέως</span> <span class='ocrx_word' id='word_1_8' title='bbox 225 198 352 235; x_wconf 78' lang='grc' dir='ltr'>Ἰσραὴλ,</span> <span class='ocrx_word' id='word_1_9' title='bbox 363 197 414 236; x_wconf 70' lang='grc' dir='ltr'><strong>πρὸ</strong></span> <span class='ocrx_word' id='word_1_10' title='bbox 428 198 472 226; x_wconf 82' lang='grc' dir='ltr'><strong>δύο</strong></span> <span class='ocrx_word' id='word_1_11' title='bbox 486 198 554 225; x_wconf 82' lang='grc' dir='ltr'><strong>ὲτῶν</strong></span> <span class='ocrx_word' id='word_1_12' title='bbox 570 198 616 224; x_wconf 75' lang='grc' dir='ltr'><strong>τοῦ</strong></span> <span class='ocrx_word' id='word_1_13' title='bbox 631 197 752 232; x_wconf 80' lang='grc' dir='ltr'>σεισμοῦ.</span> <span class='ocrx_word' id='word_1_14' title='bbox 773 207 781 223; x_wconf 76' lang='grc' dir='ltr'><strong>ι</strong></span> <span class='ocrx_word' id='word_1_15' title='bbox 794 197 871 227; x_wconf 71' lang='grc' dir='ltr'>Ἀλλ’,</span> 
     </span>
    </p>
   </div>
   <div class='ocr_carea' id='block_1_5' title="bbox 923 197 1719 238">
    <p class='ocr_par' dir='ltr' id='par_1_5' title="bbox 924 197 1719 234">
     <span class='ocr_line' id='line_1_5' title="bbox 924 197 1719 234; baseline 0.008 -11"><span class='ocrx_word' id='word_1_16' title='bbox 924 199 982 234; x_wconf 89' lang='lat' dir='ltr'><strong>jam</strong></span> <span class='ocrx_word' id='word_1_17' title='bbox 995 197 1210 226; x_wconf 89' lang='lat' dir='ltr'><strong>nominatorum‘</strong></span> <span class='ocrx_word' id='word_1_18' title='bbox 1226 202 1348 233; x_wconf 84' lang='lat' dir='ltr'><strong>tempora</strong></span> <span class='ocrx_word' id='word_1_19' title='bbox 1375 197 1575 233; x_wconf 81' lang='lat' dir='ltr'><strong>indagaverint,</strong></span> <span class='ocrx_word' id='word_1_20' title='bbox 1589 199 1662 228; x_wconf 67' lang='lat' dir='ltr'><strong>Ozias</strong></span> <span class='ocrx_word' id='word_1_21' title='bbox 1678 203 1719 229; x_wconf 91' lang='lat' dir='ltr'><strong>vi-</strong></span> 
     </span>
    </p>
   </div>
   <div class='ocr_carea' id='block_1_6' title="bbox 83 242 876 282">
    <p class='ocr_par' dir='ltr' id='par_1_6' title="bbox 83 242 876 282">
     <span class='ocr_line' id='line_1_6' title="bbox 83 242 876 282; baseline -0.009 -8"><span class='ocrx_word' id='word_1_22' title='bbox 83 245 172 282; x_wconf 77' lang='grc' dir='ltr'>οἶμαι,</span> <span class='ocrx_word' id='word_1_23' title='bbox 185 245 224 276; x_wconf 60' lang='lat' dir='ltr'><strong>1k</strong></span> <span class='ocrx_word' id='word_1_24' title='bbox 250 245 322 280; x_wconf 77' lang='grc' dir='ltr'>ἐρεῖ,</span> <span class='ocrx_word' id='word_1_25' title='bbox 338 245 394 271; x_wconf 74' lang='grc' dir='ltr'><strong>Καὶ</strong></span> <span class='ocrx_word' id='word_1_26' title='bbox 409 243 436 270; x_wconf 87' lang='grc' dir='ltr'><strong>τί</strong></span> <span class='ocrx_word' id='word_1_27' title='bbox 454 243 485 270; x_wconf 84' lang='grc' dir='ltr'>τὸ</span> <span class='ocrx_word' id='word_1_28' title='bbox 499 243 592 270; x_wconf 80' lang='grc' dir='ltr'>τελοῦν</span> <span class='ocrx_word' id='word_1_29' title='bbox 606 243 646 274; x_wconf 87' lang='grc' dir='ltr'><strong>είς</strong></span> <span class='ocrx_word' id='word_1_30' title='bbox 663 242 755 278; x_wconf 76' lang='grc' dir='ltr'>δνησιν</span> <span class='ocrx_word' id='word_1_31' title='bbox 769 242 824 273; x_wconf 85' lang='grc' dir='ltr'>τοῖς</span> <span class='ocrx_word' id='word_1_32' title='bbox 832 242 876 267; x_wconf 85' lang='grc' dir='ltr'><strong>ὲν-</strong></span> 
     </span>
    </p>
   </div>
   <div class='ocr_carea' id='block_1_7' title="bbox 83 287 877 327">
    <p class='ocr_par' dir='ltr' id='par_1_7' title="bbox 83 287 877 327">
     <span class='ocr_line' id='line_1_7' title="bbox 83 287 877 327; baseline -0.009 -7"><span class='ocrx_word' id='word_1_33' title='bbox 83 291 255 327; x_wconf 75' lang='grc' dir='ltr'>τευξομένοις</span> <span class='ocrx_word' id='word_1_34' title='bbox 265 290 297 317; x_wconf 83' lang='grc' dir='ltr'>τὺ</span> <span class='ocrx_word' id='word_1_35' title='bbox 314 290 415 327; x_wconf 78' lang='grc' dir='ltr'>χρῆναι</span> <span class='ocrx_word' id='word_1_36' title='bbox 433 288 672 326; x_wconf 78' lang='grc' dir='ltr'>περιεργάζεσθαι.</span> <span class='ocrx_word' id='word_1_37' title='bbox 699 288 746 315; x_wconf 80' lang='grc' dir='ltr'>καὶ</span> <span class='ocrx_word' id='word_1_38' title='bbox 773 287 877 323; x_wconf 78' lang='grc' dir='ltr'>σφόδρα</span> 
     </span>
    </p>
   </div>
   <div class='ocr_carea' id='block_1_8' title="bbox 84 334 877 373">
    <p class='ocr_par' dir='ltr' id='par_1_8' title="bbox 84 334 877 373">
     <span class='ocr_line' id='line_1_8' title="bbox 84 334 877 373; baseline -0.008 -7"><span class='ocrx_word' id='word_1_39' title='bbox 84 338 191 370; x_wconf 79' lang='grc' dir='ltr'>λεπτῶς</span> <span class='ocrx_word' id='word_1_40' title='bbox 200 338 250 373; x_wconf 78' lang='grc' dir='ltr'>τῆς</span> <span class='ocrx_word' id='word_1_41' title='bbox 266 337 404 373; x_wconf 75' lang='grc' dir='ltr'>βασιλείας</span> <span class='ocrx_word' id='word_1_42' title='bbox 420 337 481 368; x_wconf 77' lang='grc' dir='ltr'>τοὺς</span> <span class='ocrx_word' id='word_1_43' title='bbox 492 336 604 371; x_wconf 77' lang='grc' dir='ltr'>χρόνους</span> <span class='ocrx_word' id='word_1_44' title='bbox 621 335 676 362; x_wconf 86' lang='grc' dir='ltr'>τῶν</span> <span class='ocrx_word' id='word_1_45' title='bbox 692 334 793 370; x_wconf 78' lang='grc' dir='ltr'><strong>ἀρτίως</strong></span> <span class='ocrx_word' id='word_1_46' title='bbox 809 334 877 361; x_wconf 85' lang='grc' dir='ltr'>ὠνο-</span> 
     </span>
    </p>
   </div>
   <div class='ocr_carea' id='block_1_9' title="bbox 85 380 876 423">
    <p class='ocr_par' dir='ltr' id='par_1_9' title="bbox 85 380 876 423">
     <span class='ocr_line' id='line_1_9' title="bbox 85 380 876 423; baseline -0.006 -11"><span class='ocrx_word' id='word_1_47' title='bbox 85 384 245 423; x_wconf 79' lang='grc' dir='ltr'>μασμένων,</span> <span class='ocrx_word' id='word_1_48' title='bbox 266 383 358 416; x_wconf 79' lang='grc' dir='ltr'>Ὀζίου</span> <span class='ocrx_word' id='word_1_49' title='bbox 386 392 427 416; x_wconf 85' lang='grc' dir='ltr'><strong>τε,</strong></span> <span class='ocrx_word' id='word_1_50' title='bbox 453 383 534 417; x_wconf 72' lang='grc' dir='ltr'>φημὶ,</span> <span class='ocrx_word' id='word_1_51' title='bbox 561 381 608 408; x_wconf 75' lang='grc' dir='ltr'>καὶ</span> <span class='ocrx_word' id='word_1_52' title='bbox 624 381 713 416; x_wconf 79' lang='grc' dir='ltr'>μέντοι</span> <span class='ocrx_word' id='word_1_53' title='bbox 729 380 775 407; x_wconf 78' lang='grc' dir='ltr'>καὶ</span> <span class='ocrx_word' id='word_1_54' title='bbox 795 380 876 414; x_wconf 84' lang='grc' dir='ltr'>Ἰερο-</span> 
     </span>
    </p>
   </div>
   <div class='ocr_carea' id='block_1_10' title="bbox 84 425 877 467">
    <p class='ocr_par' dir='ltr' id='par_1_10' title="bbox 84 425 877 467">
     <span class='ocr_line' id='line_1_10' title="bbox 84 425 877 467; baseline 0.008 -12"><span class='ocrx_word' id='word_1_55' title='bbox 84 431 156 466; x_wconf 75' lang='grc' dir='ltr'><strong>Βοάμ</strong></span> <span class='ocrx_word' id='word_1_56' title='bbox 168 439 175 463; x_wconf 88' lang='grc'>;</span> <span class='ocrx_word' id='word_1_57' title='bbox 189 431 245 457; x_wconf 74' lang='grc' dir='ltr'><strong>Καὶ</strong></span> <span class='ocrx_word' id='word_1_58' title='bbox 257 429 327 466; x_wconf 80' lang='grc' dir='ltr'>πρός</span> <span class='ocrx_word' id='word_1_59' title='bbox 345 437 378 464; x_wconf 84' lang='grc' dir='ltr'><strong>γε</strong></span> <span class='ocrx_word' id='word_1_60' title='bbox 401 429 433 467; x_wconf 80' lang='grc' dir='ltr'>δὴ</span> <span class='ocrx_word' id='word_1_61' title='bbox 455 427 533 456; x_wconf 74' lang='grc' dir='ltr'>τοῦτό</span> <span class='ocrx_word' id='word_1_62' title='bbox 556 435 655 462; x_wconf 80' lang='grc' dir='ltr'>φαμεν.</span> <span class='ocrx_word' id='word_1_63' title='bbox 673 426 714 452; x_wconf 81' lang='grc' dir='ltr'><strong>δτι</strong></span> <span class='ocrx_word' id='word_1_64' title='bbox 727 425 756 451; x_wconf 72' lang='grc' dir='ltr'>τὸ</span> <span class='ocrx_word' id='word_1_65' title='bbox 781 425 877 460; x_wconf 78' lang='grc' dir='ltr'>χρῆμά</span> 
     </span>
    </p>
   </div>
   <div class='ocr_carea' id='block_1_11' title="bbox 85 471 876 510">
    <p class='ocr_par' dir='ltr' id='par_1_11' title="bbox 85 471 876 510">
     <span class='ocr_line' id='line_1_11' title="bbox 85 471 876 510; baseline -0.008 -7"><span class='ocrx_word' id='word_1_66' title='bbox 85 478 159 503; x_wconf 82' lang='grc' dir='ltr'>ἐστιν</span> <span class='ocrx_word' id='word_1_67' title='bbox 181 477 343 510; x_wconf 80' lang='grc' dir='ltr'>ἀναγκαῖον,</span> <span class='ocrx_word' id='word_1_68' title='bbox 360 475 422 510; x_wconf 82' lang='grc' dir='ltr'>ὅλην</span> <span class='ocrx_word' id='word_1_69' title='bbox 442 474 536 509; x_wconf 85' lang='grc' dir='ltr'>ὥσπερ</span> <span class='ocrx_word' id='word_1_70' title='bbox 550 473 645 500; x_wconf 83' lang='grc' dir='ltr'>ὠδῖνον</span> <span class='ocrx_word' id='word_1_71' title='bbox 663 472 705 507; x_wconf 71' lang='grc' dir='ltr'><strong>ἐφ’</strong></span> <span class='ocrx_word' id='word_1_72' title='bbox 724 471 813 506; x_wconf 81' lang='grc' dir='ltr'>ἑαυτῷ</span> <span class='ocrx_word' id='word_1_73' title='bbox 826 472 876 506; x_wconf 86' lang='grc' dir='ltr'>τῆς</span> 
     </span>
    </p>
   </div>
   <div class='ocr_carea' id='block_1_12' title="bbox 83 516 876 558">
    <p class='ocr_par' dir='ltr' id='par_1_12' title="bbox 83 516 876 558">
     <span class='ocr_line' id='line_1_12' title="bbox 83 516 876 558; baseline -0.008 -9"><span class='ocrx_word' id='word_1_74' title='bbox 83 522 256 558; x_wconf 69' lang='grc' dir='ltr'><strong>προφητείας</strong></span> <span class='ocrx_word' id='word_1_75' title='bbox 272 521 354 548; x_wconf 80' lang='grc' dir='ltr'>οἱονεὶ</span> <span class='ocrx_word' id='word_1_76' title='bbox 364 520 413 556; x_wconf 80' lang='grc' dir='ltr'>τὴν</span> <span class='ocrx_word' id='word_1_77' title='bbox 432 520 600 556; x_wconf 86' lang='grc' dir='ltr'>περίστασιν.</span> <span class='ocrx_word' id='word_1_78' title='bbox 612 517 698 553; x_wconf 80' lang='grc' dir='ltr'>Συρίᾳ</span> <span class='ocrx_word' id='word_1_79' title='bbox 707 526 736 544; x_wconf 89' lang='grc' dir='ltr'>τε</span> <span class='ocrx_word' id='word_1_80' title='bbox 747 518 812 554; x_wconf 85' lang='grc' dir='ltr'>γὰρ,</span> <span class='ocrx_word' id='word_1_81' title='bbox 830 516 876 550; x_wconf 79' lang='grc' dir='ltr'>καὶ</span> 
     </span>
    </p>
   </div>
   <div class='ocr_carea' id='block_1_13' title="bbox 82 563 876 603">
    <p class='ocr_par' dir='ltr' id='par_1_13' title="bbox 82 563 876 603">
     <span class='ocr_line' id='line_1_13' title="bbox 82 563 876 603; baseline -0.008 -8"><span class='ocrx_word' id='word_1_82' title='bbox 82 567 233 603; x_wconf 80' lang='grc' dir='ltr'>Δαμασκῷ,</span> <span class='ocrx_word' id='word_1_83' title='bbox 249 567 296 594; x_wconf 79' lang='grc' dir='ltr'>καὶ</span> <span class='ocrx_word' id='word_1_84' title='bbox 319 568 376 598; x_wconf 83' lang='grc' dir='ltr'>τοῖς</span> <span class='ocrx_word' id='word_1_85' title='bbox 397 565 574 603; x_wconf 78' lang='grc' dir='ltr'>προσοικοῦσι</span> <span class='ocrx_word' id='word_1_86' title='bbox 595 564 644 600; x_wconf 83' lang='grc' dir='ltr'>τὴν</span> <span class='ocrx_word' id='word_1_87' title='bbox 662 563 791 591; x_wconf 80' lang='grc' dir='ltr'><strong>Ἰουδαίαν</strong></span> <span class='ocrx_word' id='word_1_88' title='bbox 803 563 876 598; x_wconf 85' lang='grc' dir='ltr'>Βαρ-</span> 
     </span>
    </p>
   </div>
   <div class='ocr_carea' id='block_1_14' title="bbox 83 609 875 648">
    <p class='ocr_par' dir='ltr' id='par_1_14' title="bbox 83 609 875 648">
     <span class='ocr_line' id='line_1_14' title="bbox 83 609 875 648; baseline -0.006 -9"><span class='ocrx_word' id='word_1_89' title='bbox 83 613 178 648; x_wconf 57' lang='lat' dir='ltr'><strong>Sipus;</strong></span> <span class='ocrx_word' id='word_1_90' title='bbox 193 612 305 647; x_wconf 79' lang='grc' dir='ltr'>δλεϐρον</span> <span class='ocrx_word' id='word_1_91' title='bbox 332 611 448 642; x_wconf 81' lang='grc' dir='ltr'>ἀπειλεῖ,</span> <span class='ocrx_word' id='word_1_92' title='bbox 464 611 511 638; x_wconf 77' lang='grc' dir='ltr'><strong>καὶ</strong></span> <span class='ocrx_word' id='word_1_93' title='bbox 525 609 734 641; x_wconf 78' lang='grc' dir='ltr'>ἐπαναστάσεις,</span> <span class='ocrx_word' id='word_1_94' title='bbox 754 609 802 635; x_wconf 71' lang='grc' dir='ltr'>καὶ</span> <span class='ocrx_word' id='word_1_95' title='bbox 823 609 875 643; x_wconf 83' lang='grc' dir='ltr'><strong>ὲμ-</strong></span> 
     </span>
    </p>
   </div>
   <div class='ocr_carea' id='block_1_15' title="bbox 82 653 876 693">
    <p class='ocr_par' dir='ltr' id='par_1_15' title="bbox 82 653 876 693">
     <span class='ocr_line' id='line_1_15' title="bbox 82 653 876 693; baseline -0.005 -9"><span class='ocrx_word' id='word_1_96' title='bbox 82 658 239 693; x_wconf 70' lang='grc' dir='ltr'>πρησμοὺς,</span> <span class='ocrx_word' id='word_1_97' title='bbox 252 658 299 683; x_wconf 76' lang='grc' dir='ltr'><strong>καὶ</strong></span> <span class='ocrx_word' id='word_1_98' title='bbox 314 656 369 683; x_wconf 82' lang='grc' dir='ltr'>τῶν</span> <span class='ocrx_word' id='word_1_99' title='bbox 384 655 464 682; x_wconf 85' lang='grc' dir='ltr'>ὁσίων</span> <span class='ocrx_word' id='word_1_100' title='bbox 487 654 732 692; x_wconf 83' lang='grc' dir='ltr'>χρησμῳδημάτων</span> <span class='ocrx_word' id='word_1_101' title='bbox 752 653 876 680; x_wconf 71' lang='grc' dir='ltr'>ἐντεῦθεν</span> 
     </span>
    </p>
   </div>
   <div class='ocr_carea' id='block_1_16' title="bbox 82 698 875 739">
    <p class='ocr_par' dir='ltr' id='par_1_16' title="bbox 82 698 875 739">
     <span class='ocr_line' id='line_1_16' title="bbox 82 698 875 739; baseline -0.006 -9"><span class='ocrx_word' id='word_1_102' title='bbox 82 703 158 739; x_wconf 77' lang='grc' dir='ltr'>αὑτῴ</span> <span class='ocrx_word' id='word_1_103' title='bbox 181 703 295 737; x_wconf 75' lang='grc' dir='ltr'>γέγονεν</span> <span class='ocrx_word' id='word_1_104' title='bbox 321 703 338 738; x_wconf 85' lang='grc' dir='ltr'>ὴ</span> <span class='ocrx_word' id='word_1_105' title='bbox 369 702 449 738; x_wconf 85' lang='grc' dir='ltr'><strong>ἀρχή.</strong></span> <span class='ocrx_word' id='word_1_106' title='bbox 469 702 515 728; x_wconf 86' lang='grc' dir='ltr'><strong>Δεῖ</strong></span> <span class='ocrx_word' id='word_1_107' title='bbox 529 701 561 737; x_wconf 82' lang='grc' dir='ltr'>δὴ</span> <span class='ocrx_word' id='word_1_108' title='bbox 586 698 632 727; x_wconf 83' lang='grc' dir='ltr'>οὖν</span> <span class='ocrx_word' id='word_1_109' title='bbox 647 700 701 736; x_wconf 81' lang='grc' dir='ltr'><strong>ἄρα</strong></span> <span class='ocrx_word' id='word_1_110' title='bbox 721 699 772 731; x_wconf 77' lang='grc' dir='ltr'>τὰς</span> <span class='ocrx_word' id='word_1_111' title='bbox 785 700 875 734; x_wconf 76' lang='grc' dir='ltr'>αἰτίας</span> 
     </span>
    </p>
   </div>
   <div class='ocr_carea' id='block_1_17' title="bbox 81 746 876 785">
    <p class='ocr_par' dir='ltr' id='par_1_17' title="bbox 81 746 876 785">
     <span class='ocr_line' id='line_1_17' title="bbox 81 746 876 785; baseline -0.006 -9"><span class='ocrx_word' id='word_1_112' title='bbox 81 749 234 785; x_wconf 81' lang='grc' dir='ltr'>ἁναμαθεῖν</span> <span class='ocrx_word' id='word_1_113' title='bbox 265 748 312 776; x_wconf 77' lang='grc' dir='ltr'>τοῦ</span> <span class='ocrx_word' id='word_1_114' title='bbox 340 747 546 784; x_wconf 60' lang='grc' dir='ltr'><strong>¹περοσυιιεθείίιιθαι</strong></span> <span class='ocrx_word' id='word_1_115' title='bbox 575 747 625 782; x_wconf 83' lang='grc' dir='ltr'><strong>τῆς</strong></span> <span class='ocrx_word' id='word_1_116' title='bbox 654 746 792 782; x_wconf 82' lang='grc' dir='ltr'><strong>βασιλείας</strong></span> <span class='ocrx_word' id='word_1_117' title='bbox 813 746 876 777; x_wconf 81' lang='grc' dir='ltr'>τοὺς</span> 
     </span>
    </p>
   </div>
   <div class='ocr_carea' id='block_1_18' title="bbox 81 792 875 833">
    <p class='ocr_par' dir='ltr' id='par_1_18' title="bbox 81 792 875 833">
     <span class='ocr_line' id='line_1_18' title="bbox 81 792 875 833; baseline -0.006 -11"><span class='ocrx_word' id='word_1_118' title='bbox 81 796 205 833; x_wconf 76' lang='grc' dir='ltr'>χρόνους,</span> <span class='ocrx_word' id='word_1_119' title='bbox 222 795 282 822; x_wconf 81' lang='grc' dir='ltr'>τίνα</span> <span class='ocrx_word' id='word_1_120' title='bbox 294 803 335 828; x_wconf 88' lang='grc' dir='ltr'><strong>τε,</strong></span> <span class='ocrx_word' id='word_1_121' title='bbox 351 795 397 821; x_wconf 79' lang='grc' dir='ltr'>καὶ</span> <span class='ocrx_word' id='word_1_122' title='bbox 411 795 460 822; x_wconf 84' lang='grc' dir='ltr'>ὅσα</span> <span class='ocrx_word' id='word_1_123' title='bbox 469 794 504 820; x_wconf 81' lang='grc' dir='ltr'><strong>τὰ</strong></span> <span class='ocrx_word' id='word_1_124' title='bbox 514 793 637 829; x_wconf 77' lang='grc' dir='ltr'>ἐκατέρῳ</span> <span class='ocrx_word' id='word_1_125' title='bbox 650 792 855 828; x_wconf 77' lang='grc' dir='ltr'><strong>κατωρθωμένα</strong></span> <span class='ocrx_word' id='word_1_126' title='bbox 867 811 875 825; x_wconf 86' lang='grc'><strong>,</strong></span> 
     </span>
    </p>
   </div>
   <div class='ocr_carea' id='block_1_19' title="bbox 80 839 870 876">
    <p class='ocr_par' dir='ltr' id='par_1_19' title="bbox 80 839 870 876">
     <span class='ocr_line' id='line_1_19' title="bbox 80 839 870 876; baseline -0.005 -7"><span class='ocrx_word' id='word_1_127' title='bbox 80 842 174 869; x_wconf 76' lang='grc' dir='ltr'>διεϐίω</span> <span class='ocrx_word' id='word_1_128' title='bbox 182 851 213 869; x_wconf 80' lang='grc' dir='ltr'>τε</span> <span class='ocrx_word' id='word_1_129' title='bbox 227 843 312 874; x_wconf 81' lang='grc' dir='ltr'>ὅπως,</span> <span class='ocrx_word' id='word_1_130' title='bbox 324 841 371 869; x_wconf 71' lang='grc' dir='ltr'>καὶ</span> <span class='ocrx_word' id='word_1_131' title='bbox 381 841 407 869; x_wconf 86' lang='grc' dir='ltr'><strong>τί</strong></span> <span class='ocrx_word' id='word_1_132' title='bbox 419 841 450 868; x_wconf 87' lang='grc' dir='ltr'><strong>τὺ</strong></span> <span class='ocrx_word' id='word_1_133' title='bbox 465 842 494 868; x_wconf 80' lang='grc' dir='ltr'>ὲν</span> <span class='ocrx_word' id='word_1_134' title='bbox 509 841 610 876; x_wconf 85' lang='grc' dir='ltr'><strong>ἀμφοῖν</strong></span> <span class='ocrx_word' id='word_1_135' title='bbox 622 839 870 873; x_wconf 79' lang='grc' dir='ltr'>ἀξιὰκουστον.Έκ-</span> 
     </span>
    </p>
   </div>
   <div class='ocr_carea' id='block_1_20' title="bbox 927 243 1719 279">
    <p class='ocr_par' dir='ltr' id='par_1_20' title="bbox 927 243 1719 279">
     <span class='ocr_line' id='line_1_20' title="bbox 927 243 1719 279; baseline 0.006 -9"><span class='ocrx_word' id='word_1_136' title='bbox 927 243 1023 270; x_wconf 85' lang='lat' dir='ltr'><strong>delicet</strong></span> <span class='ocrx_word' id='word_1_137' title='bbox 1038 248 1067 271; x_wconf 88' lang='lat' dir='ltr'><strong>et-</strong></span> <span class='ocrx_word' id='word_1_138' title='bbox 1075 243 1218 271; x_wconf 86' lang='lat' dir='ltr'><strong>Jeroboam</strong></span> <span class='ocrx_word' id='word_1_139' title='bbox 1229 243 1241 270; x_wconf 83' lang='lat'><strong>?</strong></span> <span class='ocrx_word' id='word_1_140' title='bbox 1254 244 1458 279; x_wconf 77' lang='lat' dir='ltr'><strong>Respondemus</strong></span> <span class='ocrx_word' id='word_1_141' title='bbox 1472 254 1479 273; x_wconf 93' lang='lat'><strong><em>:</em></strong></span> <span class='ocrx_word' id='word_1_142' title='bbox 1496 245 1569 273; x_wconf 87' lang='lat' dir='ltr'><strong>Istud</strong></span> <span class='ocrx_word' id='word_1_143' title='bbox 1595 253 1719 275; x_wconf 85' lang='lat' dir='ltr'><strong>necessa-</strong></span> 
     </span>
    </p>
   </div>
   <div class='ocr_carea' id='block_1_21' title="bbox 927 288 1720 325">
    <p class='ocr_par' dir='ltr' id='par_1_21' title="bbox 927 288 1720 325">
     <span class='ocr_line' id='line_1_21' title="bbox 927 288 1720 325; baseline 0.006 -10"><span class='ocrx_word' id='word_1_144' title='bbox 927 288 997 316; x_wconf 85' lang='lat' dir='ltr'><strong>rium</strong></span> <span class='ocrx_word' id='word_1_145' title='bbox 1010 296 1080 321; x_wconf 86' lang='lat' dir='ltr'><strong>esse,</strong></span> <span class='ocrx_word' id='word_1_146' title='bbox 1097 294 1125 317; x_wconf 88' lang='lat' dir='ltr'><strong>et</strong></span> <span class='ocrx_word' id='word_1_147' title='bbox 1141 290 1216 324; x_wconf 84' lang='lat' dir='ltr'><strong>quasi</strong></span> <span class='ocrx_word' id='word_1_148' title='bbox 1231 291 1321 318; x_wconf 86' lang='lat' dir='ltr'><strong>omnia</strong></span> <span class='ocrx_word' id='word_1_149' title='bbox 1337 291 1526 325; x_wconf 82' lang='lat' dir='ltr'><strong>adjuncta,seu</strong></span> <span class='ocrx_word' id='word_1_150' title='bbox 1539 293 1720 320; x_wconf 86' lang='lat' dir='ltr'><strong>circumstan-</strong></span> 
     </span>
    </p>
   </div>
   <div class='ocr_carea' id='block_1_22' title="bbox 928 333 1714 372">
    <p class='ocr_par' dir='ltr' id='par_1_22' title="bbox 928 333 1714 372">
     <span class='ocr_line' id='line_1_22' title="bbox 928 333 1714 372; baseline 0.008 -11"><span class='ocrx_word' id='word_1_151' title='bbox 928 333 980 361; x_wconf 82' lang='lat' dir='ltr'><strong>tias</strong></span> <span class='ocrx_word' id='word_1_152' title='bbox 991 335 1139 369; x_wconf 72' lang='lat' dir='ltr'><strong>prophetia:</strong></span> <span class='ocrx_word' id='word_1_153' title='bbox 1149 336 1298 363; x_wconf 87' lang='lat' dir='ltr'><strong>continere.</strong></span> <span class='ocrx_word' id='word_1_154' title='bbox 1313 336 1397 372; x_wconf 72' lang='lat' dir='ltr'><strong>Syria:</strong></span> <span class='ocrx_word' id='word_1_155' title='bbox 1408 337 1493 370; x_wconf 86' lang='lat' dir='ltr'><strong>enim,</strong></span> <span class='ocrx_word' id='word_1_156' title='bbox 1519 342 1548 365; x_wconf 89' lang='lat' dir='ltr'><strong>et</strong></span> <span class='ocrx_word' id='word_1_157' title='bbox 1569 339 1714 372; x_wconf 86' lang='lat' dir='ltr'><strong>Damasco,</strong></span> 
     </span>
    </p>
   </div>
   <div class='ocr_carea' id='block_1_23' title="bbox 927 382 1721 419">
    <p class='ocr_par' dir='ltr' id='par_1_23' title="bbox 927 382 1721 419">
     <span class='ocr_line' id='line_1_23' title="bbox 927 382 1721 419; baseline 0.004 -9"><span class='ocrx_word' id='word_1_158' title='bbox 927 386 954 410; x_wconf 90' lang='lat' dir='ltr'><strong>et</strong></span> <span class='ocrx_word' id='word_1_159' title='bbox 968 382 1148 417; x_wconf 87' lang='lat' dir='ltr'><strong>circumjectis</strong></span> <span class='ocrx_word' id='word_1_160' title='bbox 1159 382 1257 411; x_wconf 59' lang='lat' dir='ltr'><strong>Iudaee</strong></span> <span class='ocrx_word' id='word_1_161' title='bbox 1278 383 1401 412; x_wconf 85' lang='lat' dir='ltr'><strong>barbaris</strong></span> <span class='ocrx_word' id='word_1_162' title='bbox 1422 385 1582 419; x_wconf 84' lang='lat' dir='ltr'><strong>perniciem,</strong></span> <span class='ocrx_word' id='word_1_163' title='bbox 1599 391 1626 413; x_wconf 83' lang='lat' dir='ltr'><strong>et</strong></span> <span class='ocrx_word' id='word_1_164' title='bbox 1647 386 1721 414; x_wconf 79' lang='lat' dir='ltr'><strong>iuva-</strong></span> 
     </span>
    </p>
   </div>
   <div class='ocr_carea' id='block_1_24' title="bbox 927 427 1719 466">
    <p class='ocr_par' dir='ltr' id='par_1_24' title="bbox 927 427 1719 466">
     <span class='ocr_line' id='line_1_24' title="bbox 927 427 1719 466; baseline 0.006 -11"><span class='ocrx_word' id='word_1_165' title='bbox 927 427 1026 460; x_wconf 88' lang='lat' dir='ltr'><strong>siones,</strong></span> <span class='ocrx_word' id='word_1_166' title='bbox 1041 433 1067 456; x_wconf 91' lang='lat' dir='ltr'><strong>et</strong></span> <span class='ocrx_word' id='word_1_167' title='bbox 1082 429 1239 458; x_wconf 88' lang='lat' dir='ltr'><strong>exustioncs</strong></span> <span class='ocrx_word' id='word_1_168' title='bbox 1263 429 1393 462; x_wconf 88' lang='lat' dir='ltr'><strong>minatur,</strong></span> <span class='ocrx_word' id='word_1_169' title='bbox 1415 436 1625 466; x_wconf 85' lang='lat' dir='ltr'><strong>sanctorumque</strong></span> <span class='ocrx_word' id='word_1_170' title='bbox 1651 433 1719 460; x_wconf 85' lang='lat' dir='ltr'><strong>vati-</strong></span> 
     </span>
    </p>
   </div>
   <div class='ocr_carea' id='block_1_25' title="bbox 927 474 1717 511">
    <p class='ocr_par' dir='ltr' id='par_1_25' title="bbox 927 474 1717 511">
     <span class='ocr_line' id='line_1_25' title="bbox 927 474 1717 511; baseline 0.006 -10"><span class='ocrx_word' id='word_1_171' title='bbox 927 474 1059 502; x_wconf 89' lang='lat' dir='ltr'><strong>ciniorum</strong></span> <span class='ocrx_word' id='word_1_172' title='bbox 1070 474 1130 501; x_wconf 88' lang='lat' dir='ltr'><strong>inde</strong></span> <span class='ocrx_word' id='word_1_173' title='bbox 1147 474 1309 510; x_wconf 87' lang='lat' dir='ltr'><strong>principium</strong></span> <span class='ocrx_word' id='word_1_174' title='bbox 1327 476 1419 503; x_wconf 90' lang='lat' dir='ltr'><strong>sumit.</strong></span> <span class='ocrx_word' id='word_1_175' title='bbox 1433 476 1635 511; x_wconf 66' lang='lat' dir='ltr'><strong>Cognoscendre</strong></span> <span class='ocrx_word' id='word_1_176' title='bbox 1651 484 1717 506; x_wconf 77' lang='lat' dir='ltr'><strong>Sunt</strong></span> 
     </span>
    </p>
   </div>
   <div class='ocr_carea' id='block_1_26' title="bbox 927 519 1717 559">
    <p class='ocr_par' dir='ltr' id='par_1_26' title="bbox 927 519 1717 559">
     <span class='ocr_line' id='line_1_26' title="bbox 927 519 1717 559; baseline 0.005 -12"><span class='ocrx_word' id='word_1_177' title='bbox 927 519 1013 554; x_wconf 79' lang='lat' dir='ltr'><strong>igitur</strong></span> <span class='ocrx_word' id='word_1_178' title='bbox 1027 526 1126 553; x_wconf 60' lang='lat' dir='ltr'><strong>causae,</strong></span> <span class='ocrx_word' id='word_1_179' title='bbox 1138 527 1190 548; x_wconf 88' lang='lat' dir='ltr'><strong>cur</strong></span> <span class='ocrx_word' id='word_1_180' title='bbox 1203 521 1278 555; x_wconf 81' lang='lat' dir='ltr'><strong>regni</strong></span> <span class='ocrx_word' id='word_1_181' title='bbox 1292 525 1412 555; x_wconf 87' lang='lat' dir='ltr'><strong>tempora</strong></span> <span class='ocrx_word' id='word_1_182' title='bbox 1425 524 1590 556; x_wconf 87' lang='lat' dir='ltr'><strong>apposuerit,</strong></span> <span class='ocrx_word' id='word_1_183' title='bbox 1607 529 1635 551; x_wconf 89' lang='lat' dir='ltr'><strong>et</strong></span> <span class='ocrx_word' id='word_1_184' title='bbox 1645 532 1717 559; x_wconf 79' lang='lat' dir='ltr'><strong>qua:-</strong></span> 
     </span>
    </p>
   </div>
   <div class='ocr_carea' id='block_1_27' title="bbox 926 565 1716 603">
    <p class='ocr_par' dir='ltr' id='par_1_27' title="bbox 926 565 1716 603">
     <span class='ocr_line' id='line_1_27' title="bbox 926 565 1716 603; baseline 0.008 -12"><span class='ocrx_word' id='word_1_185' title='bbox 926 572 989 591; x_wconf 89' lang='lat' dir='ltr'><strong>nam</strong></span> <span class='ocrx_word' id='word_1_186' title='bbox 1016 569 1043 592; x_wconf 90' lang='lat' dir='ltr'><strong>et</strong></span> <span class='ocrx_word' id='word_1_187' title='bbox 1055 569 1120 600; x_wconf 88' lang='lat' dir='ltr'><strong>quot</strong></span> <span class='ocrx_word' id='word_1_188' title='bbox 1137 565 1245 600; x_wconf 84' lang='lat' dir='ltr'><strong>utrique</strong></span> <span class='ocrx_word' id='word_1_189' title='bbox 1265 571 1338 594; x_wconf 90' lang='lat' dir='ltr'><strong>recte</strong></span> <span class='ocrx_word' id='word_1_190' title='bbox 1353 567 1434 599; x_wconf 81' lang='lat' dir='ltr'><strong>facta,</strong></span> <span class='ocrx_word' id='word_1_191' title='bbox 1449 573 1475 595; x_wconf 93' lang='lat' dir='ltr'><strong>et</strong></span> <span class='ocrx_word' id='word_1_192' title='bbox 1487 570 1620 603; x_wconf 84' lang='lat' dir='ltr'><strong>quomodo</strong></span> <span class='ocrx_word' id='word_1_193' title='bbox 1635 571 1716 598; x_wconf 86' lang='lat' dir='ltr'><strong>vitam</strong></span> 
     </span>
    </p>
   </div>
   <div class='ocr_carea' id='block_1_28' title="bbox 926 610 1714 646">
    <p class='ocr_par' dir='ltr' id='par_1_28' title="bbox 926 610 1714 646">
     <span class='ocr_line' id='line_1_28' title="bbox 926 610 1714 646; baseline 0.006 -8"><span class='ocrx_word' id='word_1_194' title='bbox 926 610 1076 643; x_wconf 81' lang='lat' dir='ltr'><strong>exegerint,</strong></span> <span class='ocrx_word' id='word_1_195' title='bbox 1085 611 1141 638; x_wconf 88' lang='lat' dir='ltr'><strong>etsi</strong></span> <span class='ocrx_word' id='word_1_196' title='bbox 1151 612 1214 646; x_wconf 86' lang='lat' dir='ltr'><strong>quid</strong></span> <span class='ocrx_word' id='word_1_197' title='bbox 1222 611 1253 638; x_wconf 87' lang='lat' dir='ltr'><strong>de</strong></span> <span class='ocrx_word' id='word_1_198' title='bbox 1265 613 1396 640; x_wconf 84' lang='lat' dir='ltr'><strong>ambobus</strong></span> <span class='ocrx_word' id='word_1_199' title='bbox 1407 613 1571 640; x_wconf 85' lang='lat' dir='ltr'><strong>auditionem</strong></span> <span class='ocrx_word' id='word_1_200' title='bbox 1586 621 1714 643; x_wconf 87' lang='lat' dir='ltr'><strong>meretur.</strong></span> 
     </span>
    </p>
   </div>
   <div class='ocr_carea' id='block_1_29' title="bbox 927 655 1715 692">
    <p class='ocr_par' dir='ltr' id='par_1_29' title="bbox 927 655 1715 692">
     <span class='ocr_line' id='line_1_29' title="bbox 927 655 1715 692; baseline 0.008 -9"><span class='ocrx_word' id='word_1_201' title='bbox 927 655 1071 692; x_wconf 82' lang='lat' dir='ltr'><strong>Postquam</strong></span> <span class='ocrx_word' id='word_1_202' title='bbox 1091 657 1173 691; x_wconf 81' lang='lat' dir='ltr'><strong>igitur</strong></span> <span class='ocrx_word' id='word_1_203' title='bbox 1183 657 1216 684; x_wconf 85' lang='lat' dir='ltr'><strong>ad</strong></span> <span class='ocrx_word' id='word_1_204' title='bbox 1227 658 1391 691; x_wconf 82' lang='lat' dir='ltr'><strong>apostasiam</strong></span> <span class='ocrx_word' id='word_1_205' title='bbox 1409 658 1579 687; x_wconf 84' lang='lat' dir='ltr'><strong>deﬂuxerunt</strong></span> <span class='ocrx_word' id='word_1_206' title='bbox 1591 660 1671 688; x_wconf 89' lang='lat' dir='ltr'><strong>Israel</strong></span> <span class='ocrx_word' id='word_1_207' title='bbox 1687 667 1715 689; x_wconf 87' lang='lat' dir='ltr'><strong>ct</strong></span> 
     </span>
    </p>
   </div>
   <div class='ocr_carea' id='block_1_30' title="bbox 926 699 1716 734">
    <p class='ocr_par' dir='ltr' id='par_1_30' title="bbox 926 699 1716 734">
     <span class='ocr_line' id='line_1_30' title="bbox 926 699 1716 734; baseline 0.006 -6"><span class='ocrx_word' id='word_1_208' title='bbox 926 699 1017 734; x_wconf 82' lang='lat' dir='ltr'><strong>Judas,</strong></span> <span class='ocrx_word' id='word_1_209' title='bbox 1034 702 1125 729; x_wconf 87' lang='lat' dir='ltr'><strong>multis</strong></span> <span class='ocrx_word' id='word_1_210' title='bbox 1139 703 1226 730; x_wconf 83' lang='lat' dir='ltr'><strong>modis</strong></span> <span class='ocrx_word' id='word_1_211' title='bbox 1244 703 1270 730; x_wconf 93' lang='lat' dir='ltr'><strong>in</strong></span> <span class='ocrx_word' id='word_1_212' title='bbox 1288 709 1336 731; x_wconf 90' lang='lat' dir='ltr'><strong>eos</strong></span> <span class='ocrx_word' id='word_1_213' title='bbox 1361 704 1577 732; x_wconf 86' lang='lat' dir='ltr'><strong>animadversum</strong></span> <span class='ocrx_word' id='word_1_214' title='bbox 1596 710 1647 733; x_wconf 86' lang='lat' dir='ltr'><strong>est.</strong></span> <span class='ocrx_word' id='word_1_215' title='bbox 1661 707 1716 733; x_wconf 87' lang='lat' dir='ltr'><strong>Ali-</strong></span> 
     </span>
    </p>
   </div>
   <div class='ocr_carea' id='block_1_31' title="bbox 927 746 1718 785">
    <p class='ocr_par' dir='ltr' id='par_1_31' title="bbox 927 746 1718 785">
     <span class='ocr_line' id='line_1_31' title="bbox 927 746 1718 785; baseline 0.008 -12"><span class='ocrx_word' id='word_1_216' title='bbox 927 746 1034 781; x_wconf 85' lang='lat' dir='ltr'><strong>quando</strong></span> <span class='ocrx_word' id='word_1_217' title='bbox 1046 748 1118 775; x_wconf 89' lang='lat' dir='ltr'><strong>enim</strong></span> <span class='ocrx_word' id='word_1_218' title='bbox 1133 748 1259 776; x_wconf 85' lang='lat' dir='ltr'><strong>Damasci</strong></span> <span class='ocrx_word' id='word_1_219' title='bbox 1269 753 1296 776; x_wconf 93' lang='lat' dir='ltr'><strong>et</strong></span> <span class='ocrx_word' id='word_1_220' title='bbox 1317 748 1403 785; x_wconf 83' lang='lat' dir='ltr'><strong>Syriae</strong></span> <span class='ocrx_word' id='word_1_221' title='bbox 1425 750 1562 784; x_wconf 88' lang='lat' dir='ltr'><strong>principes</strong></span> <span class='ocrx_word' id='word_1_222' title='bbox 1586 751 1644 779; x_wconf 86' lang='lat' dir='ltr'><strong>illos</strong></span> <span class='ocrx_word' id='word_1_223' title='bbox 1678 753 1718 779; x_wconf 83' lang='lat' dir='ltr'><strong>in-</strong></span> 
     </span>
    </p>
   </div>
   <div class='ocr_carea' id='block_1_32' title="bbox 926 795 1719 833">
    <p class='ocr_par' dir='ltr' id='par_1_32' title="bbox 926 795 1719 833">
     <span class='ocr_line' id='line_1_32' title="bbox 926 795 1719 833; baseline 0.008 -14"><span class='ocrx_word' id='word_1_224' title='bbox 926 797 1241 829; x_wconf 84' lang='lat' dir='ltr'><strong>cursarunt,eorumque</strong></span> <span class='ocrx_word' id='word_1_225' title='bbox 1265 795 1348 822; x_wconf 85' lang='lat' dir='ltr'><strong>urbes</strong></span> <span class='ocrx_word' id='word_1_226' title='bbox 1372 795 1536 823; x_wconf 88' lang='lat' dir='ltr'><strong>obsederunt</strong></span> <span class='ocrx_word' id='word_1_227' title='bbox 1563 801 1590 824; x_wconf 90' lang='lat' dir='ltr'><strong>et</strong></span> <span class='ocrx_word' id='word_1_228' title='bbox 1613 798 1719 833; x_wconf 62' lang='lat' dir='ltr'><strong>praedas</strong></span> 
     </span>
    </p>
   </div>
   <div class='ocr_carea' id='block_1_33' title="bbox 926 838 1717 874">
    <p class='ocr_par' dir='ltr' id='par_1_33' title="bbox 926 838 1717 874">
     <span class='ocr_line' id='line_1_33' title="bbox 926 838 1717 874; baseline 0.008 -10"><span class='ocrx_word' id='word_1_229' title='bbox 926 842 1047 872; x_wconf 81' lang='lat' dir='ltr'><strong>egerunt.</strong></span> <span class='ocrx_word' id='word_1_230' title='bbox 1075 838 1226 874; x_wconf 81' lang='lat' dir='ltr'><strong>Aliquando</strong></span> <span class='ocrx_word' id='word_1_231' title='bbox 1251 839 1385 872; x_wconf 62' lang='lat' dir='ltr'><strong>Moabitae,</strong></span> <span class='ocrx_word' id='word_1_232' title='bbox 1420 844 1448 868; x_wconf 92' lang='lat' dir='ltr'><strong>et</strong></span> <span class='ocrx_word' id='word_1_233' title='bbox 1480 840 1602 873; x_wconf 71' lang='lat' dir='ltr'><strong>Idumaei,</strong></span> <span class='ocrx_word' id='word_1_234' title='bbox 1643 842 1717 870; x_wconf 85' lang='lat' dir='ltr'><strong>Ger-</strong></span> 
     </span>
    </p>
   </div>
   <div class='ocr_carea' id='block_1_34' title="bbox 81 881 871 922">
    <p class='ocr_par' dir='ltr' id='par_1_34' title="bbox 81 884 871 922">
     <span class='ocr_line' id='line_1_34' title="bbox 81 884 871 922; baseline -0.004 -8"><span class='ocrx_word' id='word_1_235' title='bbox 81 886 242 918; x_wconf 76' lang='grc' dir='ltr'>κεκλικότες</span> <span class='ocrx_word' id='word_1_236' title='bbox 262 887 293 922; x_wconf 86' lang='grc' dir='ltr'>δὴ</span> <span class='ocrx_word' id='word_1_237' title='bbox 316 884 363 914; x_wconf 78' lang='grc' dir='ltr'>οὖν</span> <span class='ocrx_word' id='word_1_238' title='bbox 386 887 426 918; x_wconf 86' lang='grc' dir='ltr'><strong>είς</strong></span> <span class='ocrx_word' id='word_1_239' title='bbox 451 886 600 913; x_wconf 85' lang='grc' dir='ltr'>ἀπόστασιν</span> <span class='ocrx_word' id='word_1_240' title='bbox 619 886 633 912; x_wconf 81' lang='grc' dir='ltr'>ὅ</span> <span class='ocrx_word' id='word_1_241' title='bbox 650 894 679 912; x_wconf 87' lang='grc' dir='ltr'><strong>τε</strong></span> <span class='ocrx_word' id='word_1_242' title='bbox 702 885 809 921; x_wconf 81' lang='grc' dir='ltr'>Ἰσραὴλ</span> <span class='ocrx_word' id='word_1_243' title='bbox 824 884 871 911; x_wconf 74' lang='grc' dir='ltr'>καὶ</span> 
     </span>
    </p>
   </div>
   <div class='ocr_carea' id='block_1_35' title="bbox 923 881 1717 922">
    <p class='ocr_par' dir='ltr' id='par_1_35' title="bbox 923 883 1717 918">
     <span class='ocr_line' id='line_1_35' title="bbox 923 883 1717 918; baseline 0.006 -8"><span class='ocrx_word' id='word_1_244' title='bbox 923 884 1013 918; x_wconf 85' lang='lat' dir='ltr'><strong>geseni</strong></span> <span class='ocrx_word' id='word_1_245' title='bbox 1024 888 1051 911; x_wconf 90' lang='lat' dir='ltr'><strong>et</strong></span> <span class='ocrx_word' id='word_1_246' title='bbox 1076 883 1207 916; x_wconf 67' lang='lat' dir='ltr'><strong>Elamitze,</strong></span> <span class='ocrx_word' id='word_1_247' title='bbox 1246 885 1336 912; x_wconf 85' lang='lat' dir='ltr'><strong>Azotii</strong></span> <span class='ocrx_word' id='word_1_248' title='bbox 1361 890 1389 913; x_wconf 90' lang='lat' dir='ltr'><strong>et</strong></span> <span class='ocrx_word' id='word_1_249' title='bbox 1420 887 1594 914; x_wconf 63' lang='lat' dir='ltr'><strong>Accaronilee</strong></span> <span class='ocrx_word' id='word_1_250' title='bbox 1619 887 1717 915; x_wconf 85' lang='lat' dir='ltr'><strong>Sama-</strong></span> 
     </span>
    </p>
   </div>
   <div class='ocr_carea' id='block_1_36' title="bbox 86 929 873 967">
    <p class='ocr_par' dir='ltr' id='par_1_36' title="bbox 86 929 873 967">
     <span class='ocr_line' id='line_1_36' title="bbox 86 929 873 967; baseline -0.004 -8"><span class='ocrx_word' id='word_1_251' title='bbox 86 932 188 964; x_wconf 78' lang='grc' dir='ltr'>Ἰούδας</span> <span class='ocrx_word' id='word_1_252' title='bbox 205 932 277 960; x_wconf 78' lang='grc' dir='ltr'>κατὰ</span> <span class='ocrx_word' id='word_1_253' title='bbox 287 931 401 964; x_wconf 82' lang='grc' dir='ltr'>πολλοὺς</span> <span class='ocrx_word' id='word_1_254' title='bbox 411 931 584 958; x_wconf 80' lang='grc' dir='ltr'><strong>ἐπαιδεύοντο</strong></span> <span class='ocrx_word' id='word_1_255' title='bbox 599 931 726 967; x_wconf 83' lang='grc' dir='ltr'>τρόπους.</span> <span class='ocrx_word' id='word_1_256' title='bbox 737 930 806 957; x_wconf 77' lang='grc' dir='ltr'>Ποτὲ</span> <span class='ocrx_word' id='word_1_257' title='bbox 823 929 873 965; x_wconf 83' lang='grc' dir='ltr'>μὲν</span> 
     </span>
    </p>
   </div>
   <div class='ocr_carea' id='block_1_37' title="bbox 79 976 870 1014">
    <p class='ocr_par' dir='ltr' id='par_1_37' title="bbox 79 976 870 1014">
     <span class='ocr_line' id='line_1_37' title="bbox 79 976 870 1014; baseline -0.004 -10"><span class='ocrx_word' id='word_1_258' title='bbox 79 977 134 1014; x_wconf 78' lang='grc' dir='ltr'>γὰρ</span> <span class='ocrx_word' id='word_1_259' title='bbox 145 978 170 1004; x_wconf 88' lang='grc' dir='ltr'>οἱ</span> <span class='ocrx_word' id='word_1_260' title='bbox 184 976 344 1013; x_wconf 73' lang='grc' dir='ltr'><strong>Δαμασκοῦ,</strong></span> <span class='ocrx_word' id='word_1_261' title='bbox 357 977 404 1004; x_wconf 75' lang='grc' dir='ltr'>καὶ</span> <span class='ocrx_word' id='word_1_262' title='bbox 419 976 512 1012; x_wconf 87' lang='grc' dir='ltr'>Σύρων</span> <span class='ocrx_word' id='word_1_263' title='bbox 524 976 683 1012; x_wconf 83' lang='grc' dir='ltr'>ἡγούμενοι,</span> <span class='ocrx_word' id='word_1_264' title='bbox 695 976 870 1011; x_wconf 76' lang='grc' dir='ltr'><strong>κατέτρεχον,</strong></span> 
     </span>
    </p>
   </div>
   <div class='ocr_carea' id='block_1_38' title="bbox 79 1020 873 1060">
    <p class='ocr_par' dir='ltr' id='par_1_38' title="bbox 79 1020 873 1060">
     <span class='ocr_line' id='line_1_38' title="bbox 79 1020 873 1060; baseline -0.005 -9"><span class='ocrx_word' id='word_1_265' title='bbox 79 1024 126 1054; x_wconf 74' lang='grc' dir='ltr'><strong>καὶ</strong></span> <span class='ocrx_word' id='word_1_266' title='bbox 141 1024 319 1060; x_wconf 79' lang='grc' dir='ltr'>ἐπολιόρκουν</span> <span class='ocrx_word' id='word_1_267' title='bbox 338 1021 476 1059; x_wconf 84' lang='grc' dir='ltr'>τὰς’παρ“</span> <span class='ocrx_word' id='word_1_268' title='bbox 491 1023 581 1055; x_wconf 79' lang='grc' dir='ltr'>αὐτοῖς</span> <span class='ocrx_word' id='word_1_269' title='bbox 591 1043 599 1056; x_wconf 86' lang='grc'><strong>,</strong></span> <span class='ocrx_word' id='word_1_270' title='bbox 616 1023 663 1049; x_wconf 71' lang='grc' dir='ltr'>καὶ</span> <span class='ocrx_word' id='word_1_271' title='bbox 682 1020 873 1057; x_wconf 75' lang='grc' dir='ltr'>κατεληῖζοντο</span> 
     </span>
    </p>
   </div>
   <div class='ocr_carea' id='block_1_39' title="bbox 79 1066 870 1106">
    <p class='ocr_par' dir='ltr' id='par_1_39' title="bbox 79 1066 870 1106">
     <span class='ocr_line' id='line_1_39' title="bbox 79 1066 870 1106; baseline -0.004 -10"><span class='ocrx_word' id='word_1_272' title='bbox 79 1069 191 1106; x_wconf 50' lang='grc' dir='ltr'>χώρας</span> <span class='ocrx_word' id='word_1_273' title='bbox 222 1069 290 1096; x_wconf 75' lang='grc' dir='ltr'>ποτὲ</span> <span class='ocrx_word' id='word_1_274' title='bbox 319 1069 349 1101; x_wconf 68' lang='grc' dir='ltr'>δὲ</span> <span class='ocrx_word' id='word_1_275' title='bbox 377 1066 410 1096; x_wconf 84' lang='grc' dir='ltr'>αὗ</span> <span class='ocrx_word' id='word_1_276' title='bbox 437 1069 597 1101; x_wconf 78' lang='grc' dir='ltr'>Μωαϐῖται,</span> <span class='ocrx_word' id='word_1_277' title='bbox 629 1068 676 1095; x_wconf 72' lang='grc' dir='ltr'>καὶ</span> <span class='ocrx_word' id='word_1_278' title='bbox 709 1068 870 1102; x_wconf 79' lang='grc' dir='ltr'>Ἰδουμαῖοι,</span> 
     </span>
    </p>
   </div>
   <div class='ocr_carea' id='block_1_40' title="bbox 79 1112 871 1150">
    <p class='ocr_par' dir='ltr' id='par_1_40' title="bbox 79 1112 871 1150">
     <span class='ocr_line' id='line_1_40' title="bbox 79 1112 871 1150; baseline -0.003 -9"><span class='ocrx_word' id='word_1_279' title='bbox 79 1115 247 1150; x_wconf 75' lang='grc' dir='ltr'>Γεργὲοηνοί</span> <span class='ocrx_word' id='word_1_280' title='bbox 265 1123 295 1141; x_wconf 93' lang='grc' dir='ltr'><strong>τε</strong></span> <span class='ocrx_word' id='word_1_281' title='bbox 322 1115 370 1142; x_wconf 79' lang='grc' dir='ltr'>καὶ</span> <span class='ocrx_word' id='word_1_282' title='bbox 403 1114 554 1150; x_wconf 87' lang='grc' dir='ltr'>Ἐλαμῖται.</span> <span class='ocrx_word' id='word_1_283' title='bbox 580 1113 704 1146; x_wconf 81' lang='grc' dir='ltr'>Ἀζώτιοι</span> <span class='ocrx_word' id='word_1_284' title='bbox 723 1122 754 1140; x_wconf 87' lang='grc' dir='ltr'><strong>τε</strong></span> <span class='ocrx_word' id='word_1_285' title='bbox 771 1113 819 1140; x_wconf 78' lang='grc' dir='ltr'>καὶ</span> <span class='ocrx_word' id='word_1_286' title='bbox 846 1112 871 1139; x_wconf 91' lang='grc' dir='ltr'>οἱ</span> 
     </span>
    </p>
   </div>
   <div class='ocr_carea' id='block_1_41' title="bbox 79 1160 871 1198">
    <p class='ocr_par' dir='ltr' id='par_1_41' title="bbox 79 1160 871 1198">
     <span class='ocr_line' id='line_1_41' title="bbox 79 1160 871 1198; baseline -0.005 -8"><span class='ocrx_word' id='word_1_287' title='bbox 79 1162 127 1196; x_wconf 71' lang='grc' dir='ltr'>τῆς</span> <span class='ocrx_word' id='word_1_288' title='bbox 150 1161 275 1198; x_wconf 79' lang='grc' dir='ltr'>’Δκαρὼν</span> <span class='ocrx_word' id='word_1_289' title='bbox 286 1162 428 1198; x_wconf 75' lang='grc' dir='ltr'>οἰκήτορες</span> <span class='ocrx_word' id='word_1_290' title='bbox 442 1161 619 1198; x_wconf 81' lang='grc' dir='ltr'>κατῃκίζοντο</span> <span class='ocrx_word' id='word_1_291' title='bbox 631 1160 680 1196; x_wconf 83' lang='grc' dir='ltr'>τὴν</span> <span class='ocrx_word' id='word_1_292' title='bbox 694 1160 850 1196; x_wconf 85' lang='grc' dir='ltr'>Σαμάρειαν</span> <span class='ocrx_word' id='word_1_293' title='bbox 861 1178 871 1193; x_wconf 87' lang='lat'><strong>,</strong></span> 
     </span>
    </p>
   </div>
   <div class='ocr_carea' id='block_1_42' title="bbox 80 1206 871 1244">
    <p class='ocr_par' dir='ltr' id='par_1_42' title="bbox 80 1206 871 1244">
     <span class='ocr_line' id='line_1_42' title="bbox 80 1206 871 1244; baseline -0.001 -9"><span class='ocrx_word' id='word_1_294' title='bbox 80 1209 126 1235; x_wconf 73' lang='grc' dir='ltr'>καὶ</span> <span class='ocrx_word' id='word_1_295' title='bbox 143 1208 194 1244; x_wconf 78' lang='grc' dir='ltr'>μὲν</span> <span class='ocrx_word' id='word_1_296' title='bbox 219 1217 262 1235; x_wconf 82' lang='grc' dir='ltr'><strong>τοι</strong></span> <span class='ocrx_word' id='word_1_297' title='bbox 289 1209 337 1236; x_wconf 79' lang='grc' dir='ltr'>καὶ</span> <span class='ocrx_word' id='word_1_298' title='bbox 362 1208 410 1244; x_wconf 77' lang='grc' dir='ltr'><strong>τὴν</strong></span> <span class='ocrx_word' id='word_1_299' title='bbox 433 1208 518 1235; x_wconf 82' lang='grc' dir='ltr'>Ἰούδα</span> <span class='ocrx_word' id='word_1_300' title='bbox 547 1207 702 1243; x_wconf 79' lang='grc' dir='ltr'>βασιλείαν,</span> <span class='ocrx_word' id='word_1_301' title='bbox 733 1206 871 1242; x_wconf 86' lang='grc' dir='ltr'>ἁχαλίνοις</span> 
     </span>
    </p>
   </div>
   <div class='ocr_carea' id='block_1_43' title="bbox 80 1253 870 1291">
    <p class='ocr_par' dir='ltr' id='par_1_43' title="bbox 80 1253 870 1291">
     <span class='ocr_line' id='line_1_43' title="bbox 80 1253 870 1291; baseline -0.003 -10"><span class='ocrx_word' id='word_1_302' title='bbox 80 1256 190 1290; x_wconf 70' lang='grc' dir='ltr'>ὁρμαῖς,</span> <span class='ocrx_word' id='word_1_303' title='bbox 221 1255 268 1282; x_wconf 83' lang='grc' dir='ltr'>καὶ</span> <span class='ocrx_word' id='word_1_304' title='bbox 296 1254 428 1291; x_wconf 79' lang='grc' dir='ltr'>ἀπλήστῳ</span> <span class='ocrx_word' id='word_1_305' title='bbox 451 1254 546 1290; x_wconf 88' lang='grc' dir='ltr'>γνώμῃ</span> <span class='ocrx_word' id='word_1_306' title='bbox 573 1254 728 1290; x_wconf 81' lang='grc' dir='ltr'>χρώμενοι,</span> <span class='ocrx_word' id='word_1_307' title='bbox 759 1253 806 1280; x_wconf 79' lang='grc' dir='ltr'>καὶ</span> <span class='ocrx_word' id='word_1_308' title='bbox 829 1253 870 1286; x_wconf 85' lang='grc' dir='ltr'><strong>είς</strong></span> 
     </span>
    </p>
   </div>
   <div class='ocr_carea' id='block_1_44' title="bbox 79 1299 870 1336">
    <p class='ocr_par' dir='ltr' id='par_1_44' title="bbox 79 1299 870 1336">
     <span class='ocr_line' id='line_1_44' title="bbox 79 1299 870 1336; baseline -0.003 -9"><span class='ocrx_word' id='word_1_309' title='bbox 79 1300 198 1335; x_wconf 70' lang='grc' dir='ltr'>ἐσχάτας</span> <span class='ocrx_word' id='word_1_310' title='bbox 221 1300 306 1335; x_wconf 79' lang='grc' dir='ltr'>ὀργὰς</span> <span class='ocrx_word' id='word_1_311' title='bbox 321 1300 565 1336; x_wconf 82' lang='grc' dir='ltr'>ἀποταυρούμενοι.</span> <span class='ocrx_word' id='word_1_312' title='bbox 578 1300 633 1328; x_wconf 75' lang='grc' dir='ltr'><strong>Καὶ</strong></span> <span class='ocrx_word' id='word_1_313' title='bbox 647 1299 712 1334; x_wconf 82' lang='grc' dir='ltr'>γοῦν</span> <span class='ocrx_word' id='word_1_314' title='bbox 723 1299 794 1326; x_wconf 83' lang='grc' dir='ltr'>κατὰ</span> <span class='ocrx_word' id='word_1_315' title='bbox 809 1299 870 1326; x_wconf 84' lang='grc' dir='ltr'>δια-</span> 
     </span>
    </p>
   </div>
   <div class='ocr_carea' id='block_1_45' title="bbox 79 1342 870 1382">
    <p class='ocr_par' dir='ltr' id='par_1_45' title="bbox 79 1342 870 1382">
     <span class='ocr_line' id='line_1_45' title="bbox 79 1342 870 1382; baseline -0.001 -9"><span class='ocrx_word' id='word_1_316' title='bbox 79 1347 180 1381; x_wconf 74' lang='grc' dir='ltr'>φόρους</span> <span class='ocrx_word' id='word_1_317' title='bbox 207 1347 309 1378; x_wconf 85' lang='grc' dir='ltr'>τόπους</span> <span class='ocrx_word' id='word_1_318' title='bbox 326 1347 405 1373; x_wconf 84' lang='grc' dir='ltr'>τοῦτο</span> <span class='ocrx_word' id='word_1_319' title='bbox 430 1346 594 1382; x_wconf 79' lang='grc' dir='ltr'>δεδρακότας</span> <span class='ocrx_word' id='word_1_320' title='bbox 619 1346 790 1382; x_wconf 75' lang='grc' dir='ltr'>εὑρήσομεν·</span> <span class='ocrx_word' id='word_1_321' title='bbox 814 1342 870 1372; x_wconf 77' lang='grc' dir='ltr'>οἷον</span> 
     </span>
    </p>
   </div>
   <div class='ocr_carea' id='block_1_46' title="bbox 81 1391 870 1428">
    <p class='ocr_par' dir='ltr' id='par_1_46' title="bbox 81 1391 870 1428">
     <span class='ocr_line' id='line_1_46' title="bbox 81 1391 870 1428; baseline -0.001 -9"><span class='ocrx_word' id='word_1_322' title='bbox 81 1392 271 1427; x_wconf 81' lang='grc' dir='ltr'>βασιλεύοντος</span> <span class='ocrx_word' id='word_1_323' title='bbox 291 1393 391 1428; x_wconf 76' lang='grc' dir='ltr'><strong>Ἀχαὰό</strong></span> <span class='ocrx_word' id='word_1_324' title='bbox 414 1393 465 1428; x_wconf 84' lang='grc' dir='ltr'>τῆς</span> <span class='ocrx_word' id='word_1_325' title='bbox 481 1392 649 1428; x_wconf 82' lang='grc' dir='ltr'>Σαμαρείας,</span> <span class='ocrx_word' id='word_1_326' title='bbox 679 1392 727 1419; x_wconf 75' lang='grc' dir='ltr'><strong>καὶ</strong></span> <span class='ocrx_word' id='word_1_327' title='bbox 751 1391 799 1418; x_wconf 76' lang='grc' dir='ltr'><strong>ἐπὶ</strong></span> <span class='ocrx_word' id='word_1_328' title='bbox 824 1391 870 1418; x_wconf 80' lang='grc' dir='ltr'><strong>τδν</strong></span> 
     </span>
    </p>
   </div>
   <div class='ocr_carea' id='block_1_47' title="bbox 85 1437 871 1476">
    <p class='ocr_par' dir='ltr' id='par_1_47' title="bbox 85 1437 871 1476">
     <span class='ocr_line' id='line_1_47' title="bbox 85 1437 871 1476; baseline 0 -11"><span class='ocrx_word' id='word_1_329' title='bbox 85 1439 205 1474; x_wconf 83' lang='grc' dir='ltr'>Ἰσραήλ.</span> <span class='ocrx_word' id='word_1_330' title='bbox 238 1439 395 1475; x_wconf 81' lang='grc' dir='ltr'>Γέγραπται</span> <span class='ocrx_word' id='word_1_331' title='bbox 417 1439 504 1472; x_wconf 78' lang='grc' dir='ltr'>οὕτως</span> <span class='ocrx_word' id='word_1_332' title='bbox 528 1440 556 1466; x_wconf 79' lang='grc' dir='ltr'>ὲν</span> <span class='ocrx_word' id='word_1_333' title='bbox 569 1441 601 1475; x_wconf 84' lang='grc' dir='ltr'><strong>τῇ</strong></span> <span class='ocrx_word' id='word_1_334' title='bbox 619 1439 699 1476; x_wconf 77' lang='grc' dir='ltr'>τρίτῃ</span> <span class='ocrx_word' id='word_1_335' title='bbox 712 1437 766 1467; x_wconf 84' lang='grc' dir='ltr'><strong>τῶν</strong></span> <span class='ocrx_word' id='word_1_336' title='bbox 788 1439 871 1466; x_wconf 87' lang='grc' dir='ltr'>Βασι-</span> 
     </span>
    </p>
   </div>
   <div class='ocr_carea' id='block_1_48' title="bbox 78 1484 870 1522">
    <p class='ocr_par' dir='ltr' id='par_1_48' title="bbox 78 1484 870 1522">
     <span class='ocr_line' id='line_1_48' title="bbox 78 1484 870 1522; baseline -0.001 -10"><span class='ocrx_word' id='word_1_337' title='bbox 78 1485 167 1512; x_wconf 83' lang='grc' dir='ltr'>λειῶν·</span> <span class='ocrx_word' id='word_1_338' title='bbox 192 1495 201 1512; x_wconf 77' lang='grc' dir='ltr'><strong>ι</strong></span> <span class='ocrx_word' id='word_1_339' title='bbox 218 1485 276 1512; x_wconf 81' lang='grc' dir='ltr'>Καὶ</span> <span class='ocrx_word' id='word_1_340' title='bbox 305 1485 480 1522; x_wconf 80' lang='grc' dir='ltr'>συνήθροισεν</span> <span class='ocrx_word' id='word_1_341' title='bbox 508 1485 566 1517; x_wconf 73' lang='grc' dir='ltr'>υίὸς</span> <span class='ocrx_word' id='word_1_342' title='bbox 600 1484 676 1519; x_wconf 84' lang='grc' dir='ltr'>Ἀδὲρ</span> <span class='ocrx_word' id='word_1_343' title='bbox 705 1485 794 1511; x_wconf 82' lang='grc' dir='ltr'>πᾶσαν</span> <span class='ocrx_word' id='word_1_344' title='bbox 819 1484 870 1520; x_wconf 85' lang='grc' dir='ltr'><strong>τὴν</strong></span> 
     </span>
    </p>
   </div>
   <div class='ocr_carea' id='block_1_49' title="bbox 78 1530 868 1567">
    <p class='ocr_par' dir='ltr' id='par_1_49' title="bbox 78 1530 868 1567">
     <span class='ocr_line' id='line_1_49' title="bbox 78 1530 868 1567; baseline -0.005 -8"><span class='ocrx_word' id='word_1_345' title='bbox 78 1532 194 1567; x_wconf 81' lang='grc' dir='ltr'>δύναμιν</span> <span class='ocrx_word' id='word_1_346' title='bbox 201 1531 298 1565; x_wconf 76' lang='grc' dir='ltr'>αὐτοῦ,</span> <span class='ocrx_word' id='word_1_347' title='bbox 306 1531 451 1566; x_wconf 62' lang='lat' dir='ltr'><strong>auidi/€61],</strong></span> <span class='ocrx_word' id='word_1_348' title='bbox 460 1532 508 1558; x_wconf 81' lang='grc' dir='ltr'>καὶ</span> <span class='ocrx_word' id='word_1_349' title='bbox 516 1530 692 1566; x_wconf 83' lang='grc' dir='ltr'>περιεκάθισε</span> <span class='ocrx_word' id='word_1_350' title='bbox 701 1530 868 1566; x_wconf 80' lang='grc' dir='ltr'>Σαμάρειαν,</span> 
     </span>
    </p>
   </div>
   <div class='ocr_carea' id='block_1_50' title="bbox 79 1576 871 1614">
    <p class='ocr_par' dir='ltr' id='par_1_50' title="bbox 79 1576 871 1614">
     <span class='ocr_line' id='line_1_50' title="bbox 79 1576 871 1614; baseline -0.004 -9"><span class='ocrx_word' id='word_1_351' title='bbox 79 1578 126 1605; x_wconf 73' lang='grc' dir='ltr'>καὶ</span> <span class='ocrx_word' id='word_1_352' title='bbox 141 1578 294 1614; x_wconf 81' lang='grc' dir='ltr'>τριάκοντα</span> <span class='ocrx_word' id='word_1_353' title='bbox 307 1577 356 1604; x_wconf 70' lang='grc' dir='ltr'><strong>καὶ</strong></span> <span class='ocrx_word' id='word_1_354' title='bbox 369 1577 416 1604; x_wconf 84' lang='grc' dir='ltr'><strong>δύο</strong></span> <span class='ocrx_word' id='word_1_355' title='bbox 430 1577 549 1612; x_wconf 82' lang='grc' dir='ltr'>βασιλεῖς</span> <span class='ocrx_word' id='word_1_356' title='bbox 566 1577 624 1612; x_wconf 78' lang='grc' dir='ltr'>μετ’</span> <span class='ocrx_word' id='word_1_357' title='bbox 641 1576 734 1603; x_wconf 81' lang='grc' dir='ltr'>αὑτοῦ.</span> <span class='ocrx_word' id='word_1_358' title='bbox 749 1585 759 1602; x_wconf 76' lang='grc' dir='ltr'><strong>ι</strong></span> <span class='ocrx_word' id='word_1_359' title='bbox 775 1576 871 1611; x_wconf 79' lang='grc' dir='ltr'>Ἀθρει</span> 
     </span>
    </p>
   </div>
   <div class='ocr_carea' id='block_1_51' title="bbox 78 1621 871 1659">
    <p class='ocr_par' dir='ltr' id='par_1_51' title="bbox 78 1621 871 1659">
     <span class='ocr_line' id='line_1_51' title="bbox 78 1621 871 1659; baseline -0.004 -8"><span class='ocrx_word' id='word_1_360' title='bbox 78 1623 108 1659; x_wconf 74' lang='grc' dir='ltr'>δὴ</span> <span class='ocrx_word' id='word_1_361' title='bbox 127 1622 188 1658; x_wconf 74' lang='grc' dir='ltr'>οὖν,</span> <span class='ocrx_word' id='word_1_362' title='bbox 202 1625 246 1651; x_wconf 82' lang='grc' dir='ltr'><strong>ὅτι</strong></span> <span class='ocrx_word' id='word_1_363' title='bbox 260 1623 447 1655; x_wconf 86' lang='grc' dir='ltr'>συνασπιστὰς</span> <span class='ocrx_word' id='word_1_364' title='bbox 462 1623 579 1650; x_wconf 74' lang='grc' dir='ltr'>ἐποιεῖτο</span> <span class='ocrx_word' id='word_1_365' title='bbox 592 1622 663 1649; x_wconf 82' lang='grc' dir='ltr'>κατὰ</span> <span class='ocrx_word' id='word_1_366' title='bbox 676 1621 723 1649; x_wconf 82' lang='grc' dir='ltr'>τοῦ</span> <span class='ocrx_word' id='word_1_367' title='bbox 741 1621 848 1658; x_wconf 83' lang='grc' dir='ltr'>Ἰσραὴλ</span> <span class='ocrx_word' id='word_1_368' title='bbox 857 1622 871 1648; x_wconf 84' lang='grc' dir='ltr'><strong><em>ὁ</em></strong></span> 
     </span>
    </p>
   </div>
   <div class='ocr_carea' id='block_1_52' title="bbox 76 1668 872 1705">
    <p class='ocr_par' dir='ltr' id='par_1_52' title="bbox 76 1668 872 1705">
     <span class='ocr_line' id='line_1_52' title="bbox 76 1668 872 1705; baseline -0.001 -8"><span class='ocrx_word' id='word_1_369' title='bbox 76 1670 126 1705; x_wconf 72' lang='grc' dir='ltr'><strong>τῆς</strong></span> <span class='ocrx_word' id='word_1_370' title='bbox 141 1669 294 1705; x_wconf 74' lang='grc' dir='ltr'>Δαμασκοῦ</span> <span class='ocrx_word' id='word_1_371' title='bbox 309 1669 444 1704; x_wconf 83' lang='grc' dir='ltr'>βασιλεὺς,</span> <span class='ocrx_word' id='word_1_372' title='bbox 460 1669 609 1701; x_wconf 82' lang='grc' dir='ltr'>τουτέστιν,</span> <span class='ocrx_word' id='word_1_373' title='bbox 622 1669 636 1695; x_wconf 83' lang='grc' dir='ltr'>ὁ</span> <span class='ocrx_word' id='word_1_374' title='bbox 656 1668 743 1704; x_wconf 73' lang='grc' dir='ltr'>Ἄδερ,</span> <span class='ocrx_word' id='word_1_375' title='bbox 761 1668 872 1704; x_wconf 74' lang='grc' dir='ltr'>ἑτέρους</span> 
     </span>
    </p>
   </div>
   <div class='ocr_carea' id='block_1_53' title="bbox 76 1713 870 1750">
    <p class='ocr_par' dir='ltr' id='par_1_53' title="bbox 76 1713 870 1750">
     <span class='ocr_line' id='line_1_53' title="bbox 76 1713 870 1750; baseline -0.001 -9"><span class='ocrx_word' id='word_1_376' title='bbox 76 1715 231 1750; x_wconf 75' lang='grc' dir='ltr'>τριάκοντα</span> <span class='ocrx_word' id='word_1_377' title='bbox 246 1713 293 1741; x_wconf 86' lang='grc' dir='ltr'><strong>δύο</strong></span> <span class='ocrx_word' id='word_1_378' title='bbox 322 1714 376 1741; x_wconf 84' lang='grc' dir='ltr'>τῶν</span> <span class='ocrx_word' id='word_1_379' title='bbox 402 1714 557 1750; x_wconf 77' lang='grc' dir='ltr'>προσοίκων</span> <span class='ocrx_word' id='word_1_380' title='bbox 576 1713 661 1741; x_wconf 77' lang='grc' dir='ltr'>ἐθνῶν</span> <span class='ocrx_word' id='word_1_381' title='bbox 683 1714 870 1749; x_wconf 77' lang='grc' dir='ltr'>ἡγουμένους,</span> 
     </span>
    </p>
   </div>
   <div class='ocr_carea' id='block_1_54' title="bbox 77 1759 871 1795">
    <p class='ocr_par' dir='ltr' id='par_1_54' title="bbox 77 1759 871 1795">
     <span class='ocr_line' id='line_1_54' title="bbox 77 1759 871 1795; baseline -0.003 -7"><span class='ocrx_word' id='word_1_382' title='bbox 77 1760 308 1795; x_wconf 69' lang='grc' dir='ltr'>κεπολεμηκότας</span> <span class='ocrx_word' id='word_1_383' title='bbox 326 1759 397 1787; x_wconf 79' lang='grc' dir='ltr'>οὕτω</span> <span class='ocrx_word' id='word_1_384' title='bbox 418 1760 469 1795; x_wconf 85' lang='grc' dir='ltr'>τὴν</span> <span class='ocrx_word' id='word_1_385' title='bbox 484 1760 546 1795; x_wconf 87' lang='grc' dir='ltr'><strong>γῆν.</strong></span> <span class='ocrx_word' id='word_1_386' title='bbox 566 1759 648 1786; x_wconf 79' lang='grc' dir='ltr'>Ἀλλὰ</span> <span class='ocrx_word' id='word_1_387' title='bbox 668 1759 716 1786; x_wconf 81' lang='grc' dir='ltr'>καὶ</span> <span class='ocrx_word' id='word_1_388' title='bbox 730 1760 759 1786; x_wconf 85' lang='grc' dir='ltr'>ὲν</span> <span class='ocrx_word' id='word_1_389' title='bbox 782 1759 871 1794; x_wconf 82' lang='grc' dir='ltr'>χρόνῳ</span> 
     </span>
    </p>
   </div>
   <div class='ocr_carea' id='block_1_55' title="bbox 86 1805 871 1841">
    <p class='ocr_par' dir='ltr' id='par_1_55' title="bbox 86 1805 871 1841">
     <span class='ocr_line' id='line_1_55' title="bbox 86 1805 871 1841; baseline 0 -9"><span class='ocrx_word' id='word_1_390' title='bbox 86 1805 164 1837; x_wconf 83' lang='grc' dir='ltr'>Ἰωὰς</span> <span class='ocrx_word' id='word_1_391' title='bbox 179 1805 314 1841; x_wconf 83' lang='grc' dir='ltr'>βασιλέως</span> <span class='ocrx_word' id='word_1_392' title='bbox 330 1805 416 1832; x_wconf 83' lang='grc' dir='ltr'>’ἰούδα</span> <span class='ocrx_word' id='word_1_393' title='bbox 435 1805 609 1841; x_wconf 81' lang='grc' dir='ltr'>πεπολέμηκε</span> <span class='ocrx_word' id='word_1_394' title='bbox 623 1805 674 1841; x_wconf 78' lang='grc' dir='ltr'>τὴν</span> <span class='ocrx_word' id='word_1_395' title='bbox 694 1805 871 1841; x_wconf 83' lang='grc' dir='ltr'>Ἰερουσαλὴμ</span> 
     </span>
    </p>
   </div>
   <div class='ocr_carea' id='block_1_56' title="bbox 84 1850 870 1887">
    <p class='ocr_par' dir='ltr' id='par_1_56' title="bbox 84 1850 870 1887">
     <span class='ocr_line' id='line_1_56' title="bbox 84 1850 870 1887; baseline -0.003 -8"><span class='ocrx_word' id='word_1_396' title='bbox 84 1852 187 1887; x_wconf 76' lang='grc' dir='ltr'><strong>’Δζαὴλ</strong></span> <span class='ocrx_word' id='word_1_397' title='bbox 209 1852 226 1877; x_wconf 86' lang='grc' dir='ltr'><strong>ό</strong></span> <span class='ocrx_word' id='word_1_398' title='bbox 244 1850 339 1886; x_wconf 85' lang='grc' dir='ltr'>Σύρος,</span> <span class='ocrx_word' id='word_1_399' title='bbox 362 1851 399 1884; x_wconf 82' lang='grc' dir='ltr'>ὡς</span> <span class='ocrx_word' id='word_1_400' title='bbox 422 1852 451 1878; x_wconf 86' lang='grc' dir='ltr'>ὲν</span> <span class='ocrx_word' id='word_1_401' title='bbox 470 1852 503 1887; x_wconf 82' lang='grc' dir='ltr'>τῇ</span> <span class='ocrx_word' id='word_1_402' title='bbox 517 1851 635 1887; x_wconf 85' lang='grc' dir='ltr'>τετάρτῃ</span> <span class='ocrx_word' id='word_1_403' title='bbox 650 1850 704 1877; x_wconf 83' lang='grc' dir='ltr'><strong>τῶν</strong></span> <span class='ocrx_word' id='word_1_404' title='bbox 721 1850 870 1877; x_wconf 85' lang='grc' dir='ltr'>Βασιλειῶν</span> 
     </span>
    </p>
   </div>
   <div class='ocr_carea' id='block_1_57' title="bbox 77 1896 869 1933">
    <p class='ocr_par' dir='ltr' id='par_1_57' title="bbox 77 1896 869 1933">
     <span class='ocr_line' id='line_1_57' title="bbox 77 1896 869 1933; baseline 0 -9"><span class='ocrx_word' id='word_1_405' title='bbox 77 1898 248 1933; x_wconf 64' lang='grc' dir='ltr'>γέγραπται,</span> <span class='ocrx_word' id='word_1_406' title='bbox 265 1906 276 1923; x_wconf 75' lang='grc' dir='ltr'><strong>ι</strong></span> <span class='ocrx_word' id='word_1_407' title='bbox 291 1898 335 1924; x_wconf 79' lang='grc' dir='ltr'>ὅτε</span> <span class='ocrx_word' id='word_1_408' title='bbox 346 1897 394 1924; x_wconf 71' lang='grc' dir='ltr'>καὶ</span> <span class='ocrx_word' id='word_1_409' title='bbox 408 1896 502 1923; x_wconf 74' lang='grc' dir='ltr'>ἐλαϐεν</span> <span class='ocrx_word' id='word_1_410' title='bbox 519 1897 533 1923; x_wconf 88' lang='grc' dir='ltr'>ὁ</span> <span class='ocrx_word' id='word_1_411' title='bbox 554 1896 630 1928; x_wconf 76' lang='grc' dir='ltr'>Ἰωὰς</span> <span class='ocrx_word' id='word_1_412' title='bbox 649 1896 779 1925; x_wconf 76' lang='grc' dir='ltr'>πάντατὰ</span> <span class='ocrx_word' id='word_1_413' title='bbox 793 1897 869 1930; x_wconf 74' lang='grc' dir='ltr'>ἅγια,</span> 
     </span>
    </p>
   </div>
   <div class='ocr_carea' id='block_1_58' title="bbox 77 1942 869 1978">
    <p class='ocr_par' dir='ltr' id='par_1_58' title="bbox 77 1942 869 1978">
     <span class='ocr_line' id='line_1_58' title="bbox 77 1942 869 1978; baseline -0.001 -8"><span class='ocrx_word' id='word_1_414' title='bbox 77 1945 125 1973; x_wconf 58' lang='lat' dir='ltr'><strong>ui.</strong></span> <span class='ocrx_word' id='word_1_415' title='bbox 138 1944 194 1970; x_wconf 79' lang='grc' dir='ltr'>πᾶν</span> <span class='ocrx_word' id='word_1_416' title='bbox 208 1943 239 1969; x_wconf 77' lang='grc' dir='ltr'><strong>τὺ</strong></span> <span class='ocrx_word' id='word_1_417' title='bbox 249 1943 279 1969; x_wconf 80' lang='grc' dir='ltr'>ὲν</span> <span class='ocrx_word' id='word_1_418' title='bbox 292 1944 348 1974; x_wconf 85' lang='grc' dir='ltr'>τοῖς</span> <span class='ocrx_word' id='word_1_419' title='bbox 367 1942 513 1978; x_wconf 82' lang='grc' dir='ltr'>θησαυροῖς</span> <span class='ocrx_word' id='word_1_420' title='bbox 528 1942 648 1978; x_wconf 88' lang='grc' dir='ltr'>χρυσίον,</span> <span class='ocrx_word' id='word_1_421' title='bbox 663 1943 709 1970; x_wconf 72' lang='grc' dir='ltr'>καὶ</span> <span class='ocrx_word' id='word_1_422' title='bbox 726 1942 869 1970; x_wconf 84' lang='grc' dir='ltr'>ἀπέστειλε</span> 
     </span>
    </p>
   </div>
   <div class='ocr_carea' id='block_1_59' title="bbox 78 1988 869 2025">
    <p class='ocr_par' dir='ltr' id='par_1_59' title="bbox 78 1988 869 2025">
     <span class='ocr_line' id='line_1_59' title="bbox 78 1988 869 2025; baseline -0.001 -8"><span class='ocrx_word' id='word_1_423' title='bbox 78 1990 116 2025; x_wconf 78' lang='grc' dir='ltr'>τῷ</span> <span class='ocrx_word' id='word_1_424' title='bbox 136 1989 250 2025; x_wconf 80' lang='grc' dir='ltr'>Ἀζαὴλ,</span> <span class='ocrx_word' id='word_1_425' title='bbox 272 1988 319 2016; x_wconf 79' lang='grc' dir='ltr'>καὶ</span> <span class='ocrx_word' id='word_1_426' title='bbox 342 1989 431 2023; x_wconf 79' lang='grc' dir='ltr'>ἀπέϐη</span> <span class='ocrx_word' id='word_1_427' title='bbox 457 1989 511 2015; x_wconf 77' lang='grc' dir='ltr'><strong>ἀπὸ</strong></span> <span class='ocrx_word' id='word_1_428' title='bbox 537 1989 723 2025; x_wconf 81' lang='grc' dir='ltr'>Ἰερουσαλήμ.</span> <span class='ocrx_word' id='word_1_429' title='bbox 739 1998 748 2015; x_wconf 84' lang='grc'><strong>›</strong></span> <span class='ocrx_word' id='word_1_430' title='bbox 765 1989 869 2024; x_wconf 86' lang='grc' dir='ltr'>Ἔδρων</span> 
     </span>
    </p>
   </div>
   <div class='ocr_carea' id='block_1_60' title="bbox 79 2034 870 2071">
    <p class='ocr_par' dir='ltr' id='par_1_60' title="bbox 79 2034 870 2071">
     <span class='ocr_line' id='line_1_60' title="bbox 79 2034 870 2071; baseline -0.001 -9"><span class='ocrx_word' id='word_1_431' title='bbox 79 2036 128 2070; x_wconf 77' lang='grc' dir='ltr'>μὲν</span> <span class='ocrx_word' id='word_1_432' title='bbox 141 2035 197 2070; x_wconf 74' lang='grc' dir='ltr'><strong>γὰρ</strong></span> <span class='ocrx_word' id='word_1_433' title='bbox 207 2035 242 2062; x_wconf 82' lang='grc' dir='ltr'><strong>τὰ</strong></span> <span class='ocrx_word' id='word_1_434' title='bbox 257 2035 346 2062; x_wconf 77' lang='grc' dir='ltr'>τοιάδε</span> <span class='ocrx_word' id='word_1_435' title='bbox 362 2035 432 2062; x_wconf 80' lang='grc' dir='ltr'>κατὰ</span> <span class='ocrx_word' id='word_1_436' title='bbox 449 2034 523 2061; x_wconf 86' lang='grc' dir='ltr'>θείαν</span> <span class='ocrx_word' id='word_1_437' title='bbox 536 2035 630 2071; x_wconf 84' lang='grc' dir='ltr'>ὀργὴν,</span> <span class='ocrx_word' id='word_1_438' title='bbox 651 2034 870 2071; x_wconf 78' lang='grc' dir='ltr'>προσκεκρουκό-</span> 
     </span>
    </p>
   </div>
   <div class='ocr_carea' id='block_1_61' title="bbox 76 2081 869 2117">
    <p class='ocr_par' dir='ltr' id='par_1_61' title="bbox 76 2081 869 2117">
     <span class='ocr_line' id='line_1_61' title="bbox 76 2081 869 2117; baseline 0 -9"><span class='ocrx_word' id='word_1_439' title='bbox 76 2090 122 2114; x_wconf 73' lang='grc' dir='ltr'>ςος</span> <span class='ocrx_word' id='word_1_440' title='bbox 143 2082 192 2108; x_wconf 79' lang='grc' dir='ltr'>τοῦ</span> <span class='ocrx_word' id='word_1_441' title='bbox 225 2081 344 2117; x_wconf 84' lang='grc' dir='ltr'>Ἰσραὴλ,</span> <span class='ocrx_word' id='word_1_442' title='bbox 368 2081 413 2109; x_wconf 80' lang='grc' dir='ltr'>διά</span> <span class='ocrx_word' id='word_1_443' title='bbox 437 2090 476 2109; x_wconf 87' lang='grc' dir='ltr'><strong>τοι</strong></span> <span class='ocrx_word' id='word_1_444' title='bbox 504 2081 534 2108; x_wconf 80' lang='grc' dir='ltr'>τὸ</span> <span class='ocrx_word' id='word_1_445' title='bbox 557 2081 704 2108; x_wconf 80' lang='grc' dir='ltr'>ἀπονεῦσαι</span> <span class='ocrx_word' id='word_1_446' title='bbox 732 2081 803 2112; x_wconf 84' lang='grc' dir='ltr'>λίαν,</span> <span class='ocrx_word' id='word_1_447' title='bbox 821 2081 869 2108; x_wconf 82' lang='grc' dir='ltr'>καὶ</span> 
     </span>
    </p>
   </div>
   <div class='ocr_carea' id='block_1_62' title="bbox 78 2127 867 2164">
    <p class='ocr_par' dir='ltr' id='par_1_62' title="bbox 78 2127 867 2164">
     <span class='ocr_line' id='line_1_62' title="bbox 78 2127 867 2164; baseline 0.001 -10"><span class='ocrx_word' id='word_1_448' title='bbox 78 2127 263 2163; x_wconf 66' lang='grc' dir='ltr'>ἀνετποῆσθαι</span> <span class='ocrx_word' id='word_1_449' title='bbox 289 2127 383 2159; x_wconf 85' lang='grc' dir='ltr'>δεινῶς</span> <span class='ocrx_word' id='word_1_450' title='bbox 402 2128 441 2160; x_wconf 82' lang='grc' dir='ltr'><strong>είς</strong></span> <span class='ocrx_word' id='word_1_451' title='bbox 458 2128 506 2160; x_wconf 83' lang='grc' dir='ltr'>τὰς</span> <span class='ocrx_word' id='word_1_452' title='bbox 525 2128 579 2155; x_wconf 82' lang='grc' dir='ltr'>τῶν</span> <span class='ocrx_word' id='word_1_453' title='bbox 593 2128 709 2155; x_wconf 76' lang='grc' dir='ltr'>εἰδώλων</span> <span class='ocrx_word' id='word_1_454' title='bbox 729 2128 867 2164; x_wconf 85' lang='grc' dir='ltr'>λατρείας.</span> 
     </span>
    </p>
   </div>
   <div class='ocr_carea' id='block_1_63' title="bbox 78 2173 869 2212">
    <p class='ocr_par' dir='ltr' id='par_1_63' title="bbox 78 2173 869 2212">
     <span class='ocr_line' id='line_1_63' title="bbox 78 2173 869 2212; baseline 0.001 -12"><span class='ocrx_word' id='word_1_455' title='bbox 78 2174 152 2208; x_wconf 74' lang='grc' dir='ltr'>Πλὴν</span> <span class='ocrx_word' id='word_1_456' title='bbox 169 2173 299 2205; x_wconf 80' lang='grc' dir='ltr'>νικῶντες</span> <span class='ocrx_word' id='word_1_457' title='bbox 317 2174 341 2200; x_wconf 88' lang='grc' dir='ltr'>οἱ</span> <span class='ocrx_word' id='word_1_458' title='bbox 353 2173 495 2208; x_wconf 81' lang='grc' dir='ltr'>ἀλλόφυλοι</span> <span class='ocrx_word' id='word_1_459' title='bbox 509 2175 542 2210; x_wconf 81' lang='grc' dir='ltr'>τῇ</span> <span class='ocrx_word' id='word_1_460' title='bbox 562 2174 609 2201; x_wconf 78' lang='grc' dir='ltr'><strong>τοῦ</strong></span> <span class='ocrx_word' id='word_1_461' title='bbox 619 2174 687 2201; x_wconf 84' lang='grc' dir='ltr'>Θεοῦ</span> <span class='ocrx_word' id='word_1_462' title='bbox 704 2174 767 2212; x_wconf 78' lang='grc' dir='ltr'>δόξῃ</span> <span class='ocrx_word' id='word_1_463' title='bbox 782 2174 869 2201; x_wconf 82' lang='grc' dir='ltr'>διελυ-</span> 
     </span>
    </p>
   </div>
   <div class='ocr_carea' id='block_1_64' title="bbox 884 1559 906 1589">
    <p class='ocr_par' dir='ltr' id='par_1_64' title="bbox 884 1559 906 1589">
     <span class='ocr_line' id='line_1_64' title="bbox 884 1559 906 1589; baseline 0 0"><span class='ocrx_word' id='word_1_464' title='bbox 884 1559 906 1589; x_wconf 87' lang='lat' dir='ltr'><strong><em>C</em></strong></span> 
     </span>
    </p>
   </div>
   <div class='ocr_carea' id='block_1_65' title="bbox 927 928 1719 965">
    <p class='ocr_par' dir='ltr' id='par_1_65' title="bbox 927 928 1719 965">
     <span class='ocr_line' id='line_1_65' title="bbox 927 928 1719 965; baseline 0.008 -10"><span class='ocrx_word' id='word_1_465' title='bbox 927 928 1005 960; x_wconf 86' lang='lat' dir='ltr'><strong>riam,</strong></span> <span class='ocrx_word' id='word_1_466' title='bbox 1039 929 1187 964; x_wconf 86' lang='lat' dir='ltr'><strong>quinetiam</strong></span> <span class='ocrx_word' id='word_1_467' title='bbox 1223 938 1337 965; x_wconf 80' lang='lat' dir='ltr'><strong>regnum</strong></span> <span class='ocrx_word' id='word_1_468' title='bbox 1379 931 1461 965; x_wconf 84' lang='lat' dir='ltr'><strong>Juda,</strong></span> <span class='ocrx_word' id='word_1_469' title='bbox 1510 932 1640 961; x_wconf 80' lang='lat' dir='ltr'><strong>elirenato</strong></span> <span class='ocrx_word' id='word_1_470' title='bbox 1668 933 1719 960; x_wconf 83' lang='lat' dir='ltr'><strong>im-</strong></span> 
     </span>
    </p>
   </div>
   <div class='ocr_carea' id='block_1_66' title="bbox 926 975 1717 1010">
    <p class='ocr_par' dir='ltr' id='par_1_66' title="bbox 926 975 1717 1010">
     <span class='ocr_line' id='line_1_66' title="bbox 926 975 1717 1010; baseline 0.006 -9"><span class='ocrx_word' id='word_1_471' title='bbox 926 978 988 1009; x_wconf 86' lang='lat' dir='ltr'><strong>petu</strong></span> <span class='ocrx_word' id='word_1_472' title='bbox 1001 975 1179 1002; x_wconf 86' lang='lat' dir='ltr'><strong>etinsatiabili</strong></span> <span class='ocrx_word' id='word_1_473' title='bbox 1194 976 1353 1010; x_wconf 83' lang='lat' dir='ltr'><strong>cupiditate,</strong></span> <span class='ocrx_word' id='word_1_474' title='bbox 1366 981 1488 1004; x_wconf 90' lang='lat' dir='ltr'><strong>extrema</strong></span> <span class='ocrx_word' id='word_1_475' title='bbox 1514 977 1654 1006; x_wconf 84' lang='lat' dir='ltr'><strong>iracundia</strong></span> <span class='ocrx_word' id='word_1_476' title='bbox 1689 979 1717 1006; x_wconf 92' lang='lat' dir='ltr'><strong>in</strong></span> 
     </span>
    </p>
   </div>
   <div class='ocr_carea' id='block_1_67' title="bbox 925 1022 1717 1055">
    <p class='ocr_par' dir='ltr' id='par_1_67' title="bbox 925 1022 1717 1055">
     <span class='ocr_line' id='line_1_67' title="bbox 925 1022 1717 1055; baseline 0.005 -7"><span class='ocrx_word' id='word_1_477' title='bbox 925 1028 1028 1049; x_wconf 89' lang='lat' dir='ltr'><strong>morem</strong></span> <span class='ocrx_word' id='word_1_478' title='bbox 1047 1024 1185 1049; x_wconf 86' lang='lat' dir='ltr'><strong>taurorum</strong></span> <span class='ocrx_word' id='word_1_479' title='bbox 1208 1022 1322 1055; x_wconf 76' lang='lat' dir='ltr'><strong>efferati,</strong></span> <span class='ocrx_word' id='word_1_480' title='bbox 1339 1022 1410 1050; x_wconf 74' lang='lat' dir='ltr'><strong>{cede</strong></span> <span class='ocrx_word' id='word_1_481' title='bbox 1433 1023 1599 1052; x_wconf 83' lang='lat' dir='ltr'><strong>lacerarunt.</strong></span> <span class='ocrx_word' id='word_1_482' title='bbox 1630 1025 1717 1053; x_wconf 81' lang='lat' dir='ltr'><strong>Variis</strong></span> 
     </span>
    </p>
   </div>
   <div class='ocr_carea' id='block_1_68' title="bbox 925 1066 1719 1104">
    <p class='ocr_par' dir='ltr' id='par_1_68' title="bbox 925 1066 1719 1104">
     <span class='ocr_line' id='line_1_68' title="bbox 925 1066 1719 1104; baseline 0.005 -10"><span class='ocrx_word' id='word_1_483' title='bbox 925 1066 1008 1102; x_wconf 78' lang='lat' dir='ltr'><strong>igitur</strong></span> <span class='ocrx_word' id='word_1_484' title='bbox 1032 1067 1099 1095; x_wconf 87' lang='lat' dir='ltr'><strong>locis</strong></span> <span class='ocrx_word' id='word_1_485' title='bbox 1121 1074 1168 1095; x_wconf 81' lang='lat' dir='ltr'><strong>eos</strong></span> <span class='ocrx_word' id='word_1_486' title='bbox 1198 1068 1308 1096; x_wconf 74' lang='lat' dir='ltr'><strong>saevisse</strong></span> <span class='ocrx_word' id='word_1_487' title='bbox 1333 1073 1438 1096; x_wconf 90' lang='lat' dir='ltr'><strong>certum</strong></span> <span class='ocrx_word' id='word_1_488' title='bbox 1455 1074 1519 1097; x_wconf 86' lang='lat' dir='ltr'><strong>est:</strong></span> <span class='ocrx_word' id='word_1_489' title='bbox 1543 1074 1573 1097; x_wconf 87' lang='lat' dir='ltr'><strong>ut</strong></span> <span class='ocrx_word' id='word_1_490' title='bbox 1587 1076 1719 1104; x_wconf 79' lang='lat' dir='ltr'><strong>regnante</strong></span> 
     </span>
    </p>
   </div>
   <div class='ocr_carea' id='block_1_69' title="bbox 924 1113 1715 1148">
    <p class='ocr_par' dir='ltr' id='par_1_69' title="bbox 924 1113 1715 1148">
     <span class='ocr_line' id='line_1_69' title="bbox 924 1113 1715 1148; baseline 0.006 -7"><span class='ocrx_word' id='word_1_491' title='bbox 924 1113 1018 1141; x_wconf 87' lang='lat' dir='ltr'><strong>Achab</strong></span> <span class='ocrx_word' id='word_1_492' title='bbox 1032 1120 1112 1148; x_wconf 86' lang='lat' dir='ltr'><strong>super</strong></span> <span class='ocrx_word' id='word_1_493' title='bbox 1132 1114 1257 1142; x_wconf 81' lang='lat' dir='ltr'><strong>Samaria</strong></span> <span class='ocrx_word' id='word_1_494' title='bbox 1273 1120 1301 1142; x_wconf 90' lang='lat' dir='ltr'><strong>et</strong></span> <span class='ocrx_word' id='word_1_495' title='bbox 1315 1115 1408 1143; x_wconf 81' lang='lat' dir='ltr'><strong>Israel.</strong></span> <span class='ocrx_word' id='word_1_496' title='bbox 1424 1116 1559 1144; x_wconf 87' lang='lat' dir='ltr'><strong>Scribitur</strong></span> <span class='ocrx_word' id='word_1_497' title='bbox 1586 1117 1658 1146; x_wconf 88' lang='lat' dir='ltr'><strong>enim</strong></span> <span class='ocrx_word' id='word_1_498' title='bbox 1683 1118 1715 1145; x_wconf 91' lang='lat' dir='ltr'><strong>li-</strong></span> 
     </span>
    </p>
   </div>
   <div class='ocr_carea' id='block_1_70' title="bbox 924 1158 1715 1197">
    <p class='ocr_par' dir='ltr' id='par_1_70' title="bbox 924 1158 1715 1197">
     <span class='ocr_line' id='line_1_70' title="bbox 924 1158 1715 1197; baseline 0.006 -11"><span class='ocrx_word' id='word_1_499' title='bbox 924 1159 974 1186; x_wconf 87' lang='lat' dir='ltr'><strong>bro</strong></span> <span class='ocrx_word' id='word_1_500' title='bbox 990 1158 1093 1194; x_wconf 80' lang='lat' dir='ltr'><strong>Regum</strong></span> <span class='ocrx_word' id='word_1_501' title='bbox 1110 1160 1190 1188; x_wconf 90' lang='lat' dir='ltr'><strong>tertio</strong></span> <span class='ocrx_word' id='word_1_502' title='bbox 1207 1169 1215 1187; x_wconf 91' lang='lat'>:</span> <span class='ocrx_word' id='word_1_503' title='bbox 1235 1169 1244 1186; x_wconf 79' lang='grc' dir='ltr'><strong>ι</strong></span> <span class='ocrx_word' id='word_1_504' title='bbox 1265 1160 1297 1187; x_wconf 84' lang='grc' dir='ltr'>Ει</span> <span class='ocrx_word' id='word_1_505' title='bbox 1312 1162 1484 1197; x_wconf 78' lang='lat' dir='ltr'><strong>congregavit</strong></span> <span class='ocrx_word' id='word_1_506' title='bbox 1499 1161 1570 1190; x_wconf 85' lang='lat' dir='ltr'><strong>ﬁlius</strong></span> <span class='ocrx_word' id='word_1_507' title='bbox 1580 1163 1652 1190; x_wconf 86' lang='lat' dir='ltr'><strong>Ader</strong></span> <span class='ocrx_word' id='word_1_508' title='bbox 1668 1171 1715 1193; x_wconf 78' lang='lat' dir='ltr'><strong>rex</strong></span> 
     </span>
    </p>
   </div>
   <div class='ocr_carea' id='block_1_71' title="bbox 924 1202 1715 1241">
    <p class='ocr_par' dir='ltr' id='par_1_71' title="bbox 924 1202 1715 1241">
     <span class='ocr_line' id='line_1_71' title="bbox 924 1202 1715 1241; baseline 0.006 -11"><span class='ocrx_word' id='word_1_509' title='bbox 924 1202 1010 1239; x_wconf 78' lang='lat' dir='ltr'><strong>Syriae</strong></span> <span class='ocrx_word' id='word_1_510' title='bbox 1023 1211 1130 1232; x_wconf 89' lang='lat' dir='ltr'><strong>omnem</strong></span> <span class='ocrx_word' id='word_1_511' title='bbox 1145 1205 1307 1236; x_wconf 84' lang='lat' dir='ltr'><strong>exercitum.</strong></span> <span class='ocrx_word' id='word_1_512' title='bbox 1324 1205 1406 1241; x_wconf 75' lang='lat'><strong>250</strong></span> <span class='ocrx_word' id='word_1_513' title='bbox 1421 1211 1449 1234; x_wconf 88' lang='lat' dir='ltr'><strong>et</strong></span> <span class='ocrx_word' id='word_1_514' title='bbox 1471 1207 1604 1238; x_wconf 85' lang='lat' dir='ltr'><strong>ascendit.</strong></span> <span class='ocrx_word' id='word_1_515' title='bbox 1624 1212 1651 1235; x_wconf 89' lang='lat' dir='ltr'><strong>et</strong></span> <span class='ocrx_word' id='word_1_516' title='bbox 1668 1208 1715 1235; x_wconf 91' lang='lat' dir='ltr'><strong>ob-</strong></span> 
     </span>
    </p>
   </div>
   <div class='ocr_carea' id='block_1_72' title="bbox 924 1249 1712 1288">
    <p class='ocr_par' dir='ltr' id='par_1_72' title="bbox 924 1249 1712 1288">
     <span class='ocr_line' id='line_1_72' title="bbox 924 1249 1712 1288; baseline 0.005 -11"><span class='ocrx_word' id='word_1_517' title='bbox 924 1249 994 1277; x_wconf 86' lang='lat' dir='ltr'><strong>sedit</strong></span> <span class='ocrx_word' id='word_1_518' title='bbox 1006 1249 1167 1279; x_wconf 86' lang='lat' dir='ltr'><strong>Samariam.</strong></span> <span class='ocrx_word' id='word_1_519' title='bbox 1181 1250 1215 1279; x_wconf 88' lang='lat' dir='ltr'><strong>Et</strong></span> <span class='ocrx_word' id='word_1_520' title='bbox 1225 1251 1332 1286; x_wconf 89' lang='lat' dir='ltr'><strong>triginta</strong></span> <span class='ocrx_word' id='word_1_521' title='bbox 1345 1252 1397 1279; x_wconf 95' lang='lat' dir='ltr'><strong>duo</strong></span> <span class='ocrx_word' id='word_1_522' title='bbox 1414 1259 1490 1288; x_wconf 86' lang='lat' dir='ltr'><strong>reges</strong></span> <span class='ocrx_word' id='word_1_523' title='bbox 1501 1260 1561 1281; x_wconf 79' lang='lat' dir='ltr'><strong>cunt</strong></span> <span class='ocrx_word' id='word_1_524' title='bbox 1579 1253 1636 1288; x_wconf 89' lang='lat' dir='ltr'><strong>ipso</strong></span> <span class='ocrx_word' id='word_1_525' title='bbox 1648 1254 1682 1282; x_wconf 62' lang='grc' dir='ltr'><strong>νε.</strong></span> <span class='ocrx_word' id='word_1_526' title='bbox 1701 1263 1712 1281; x_wconf 78' lang='grc' dir='ltr'><strong>ι</strong></span> 
     </span>
    </p>
   </div>
   <div class='ocr_carea' id='block_1_73' title="bbox 923 1295 1714 1333">
    <p class='ocr_par' dir='ltr' id='par_1_73' title="bbox 923 1295 1714 1333">
     <span class='ocr_line' id='line_1_73' title="bbox 923 1295 1714 1333; baseline 0.005 -9"><span class='ocrx_word' id='word_1_527' title='bbox 923 1295 1070 1324; x_wconf 86' lang='lat' dir='ltr'><strong>Considera</strong></span> <span class='ocrx_word' id='word_1_528' title='bbox 1085 1303 1150 1332; x_wconf 83' lang='lat' dir='ltr'><strong>ergo</strong></span> <span class='ocrx_word' id='word_1_529' title='bbox 1165 1301 1194 1324; x_wconf 94' lang='lat' dir='ltr'><strong>ut</strong></span> <span class='ocrx_word' id='word_1_530' title='bbox 1207 1297 1329 1326; x_wconf 87' lang='lat' dir='ltr'><strong>Damasci</strong></span> <span class='ocrx_word' id='word_1_531' title='bbox 1345 1306 1392 1326; x_wconf 88' lang='lat' dir='ltr'><strong>rex</strong></span> <span class='ocrx_word' id='word_1_532' title='bbox 1418 1298 1506 1326; x_wconf 85' lang='lat' dir='ltr'><strong>socios</strong></span> <span class='ocrx_word' id='word_1_533' title='bbox 1535 1300 1714 1333; x_wconf 72' lang='lat' dir='ltr'><strong>expeditioni!</strong></span> 
     </span>
    </p>
   </div>
   <div class='ocr_carea' id='block_1_74' title="bbox 923 1342 1715 1377">
    <p class='ocr_par' dir='ltr' id='par_1_74' title="bbox 923 1342 1715 1377">
     <span class='ocr_line' id='line_1_74' title="bbox 923 1342 1715 1377; baseline 0.006 -9"><span class='ocrx_word' id='word_1_534' title='bbox 923 1345 1019 1369; x_wconf 89' lang='lat' dir='ltr'><strong>contra</strong></span> <span class='ocrx_word' id='word_1_535' title='bbox 1032 1342 1114 1370; x_wconf 85' lang='lat' dir='ltr'><strong>Israel</strong></span> <span class='ocrx_word' id='word_1_536' title='bbox 1125 1343 1175 1370; x_wconf 86' lang='lat' dir='ltr'><strong>sibi</strong></span> <span class='ocrx_word' id='word_1_537' title='bbox 1188 1342 1327 1376; x_wconf 89' lang='lat' dir='ltr'><strong>asciverit,</strong></span> <span class='ocrx_word' id='word_1_538' title='bbox 1340 1343 1392 1371; x_wconf 86' lang='lat' dir='ltr'><strong>hoc</strong></span> <span class='ocrx_word' id='word_1_539' title='bbox 1408 1348 1460 1377; x_wconf 85' lang='lat' dir='ltr'><strong>est,</strong></span> <span class='ocrx_word' id='word_1_540' title='bbox 1482 1344 1552 1373; x_wconf 86' lang='lat' dir='ltr'><strong>ﬁlius</strong></span> <span class='ocrx_word' id='word_1_541' title='bbox 1564 1345 1635 1373; x_wconf 88' lang='lat' dir='ltr'><strong>Ader</strong></span> <span class='ocrx_word' id='word_1_542' title='bbox 1649 1345 1715 1373; x_wconf 86' lang='lat' dir='ltr'><strong>alios</strong></span> 
     </span>
    </p>
   </div>
   <div class='ocr_carea' id='block_1_75' title="bbox 923 1386 1715 1426">
    <p class='ocr_par' dir='ltr' id='par_1_75' title="bbox 923 1386 1715 1426">
     <span class='ocr_line' id='line_1_75' title="bbox 923 1386 1715 1426; baseline 0.008 -13"><span class='ocrx_word' id='word_1_543' title='bbox 923 1386 1034 1422; x_wconf 79' lang='lat' dir='ltr'><strong>triginta</strong></span> <span class='ocrx_word' id='word_1_544' title='bbox 1048 1387 1115 1415; x_wconf 89' lang='lat' dir='ltr'><strong>duos</strong></span> <span class='ocrx_word' id='word_1_545' title='bbox 1134 1388 1309 1415; x_wconf 82' lang='lat' dir='ltr'><strong>ﬁnitimarum</strong></span> <span class='ocrx_word' id='word_1_546' title='bbox 1336 1390 1454 1423; x_wconf 80' lang='lat' dir='ltr'><strong>gentium</strong></span> <span class='ocrx_word' id='word_1_547' title='bbox 1470 1390 1563 1423; x_wconf 87' lang='lat' dir='ltr'><strong>duces,</strong></span> <span class='ocrx_word' id='word_1_548' title='bbox 1596 1391 1642 1426; x_wconf 85' lang='lat' dir='ltr'><strong>qui</strong></span> <span class='ocrx_word' id='word_1_549' title='bbox 1676 1392 1715 1419; x_wconf 77' lang='lat' dir='ltr'><strong>sic</strong></span> 
     </span>
    </p>
   </div>
   <div class='ocr_carea' id='block_1_76' title="bbox 923 1433 1715 1470">
    <p class='ocr_par' dir='ltr' id='par_1_76' title="bbox 923 1433 1715 1470">
     <span class='ocr_line' id='line_1_76' title="bbox 923 1433 1715 1470; baseline 0.004 -10"><span class='ocrx_word' id='word_1_550' title='bbox 923 1433 1060 1468; x_wconf 76' lang='lat' dir='ltr'><strong>regionem</strong></span> <span class='ocrx_word' id='word_1_551' title='bbox 1073 1438 1216 1462; x_wconf 86' lang='lat' dir='ltr'><strong>vexarunt.</strong></span> <span class='ocrx_word' id='word_1_552' title='bbox 1227 1434 1298 1468; x_wconf 81' lang='lat' dir='ltr'><strong>Quin</strong></span> <span class='ocrx_word' id='word_1_553' title='bbox 1312 1438 1338 1462; x_wconf 91' lang='lat' dir='ltr'><strong>et</strong></span> <span class='ocrx_word' id='word_1_554' title='bbox 1352 1434 1417 1463; x_wconf 85' lang='lat' dir='ltr'><strong>Joas</strong></span> <span class='ocrx_word' id='word_1_555' title='bbox 1443 1442 1510 1470; x_wconf 83' lang='lat' dir='ltr'><strong>rege</strong></span> <span class='ocrx_word' id='word_1_556' title='bbox 1536 1435 1615 1469; x_wconf 86' lang='lat' dir='ltr'><strong>Juda,</strong></span> <span class='ocrx_word' id='word_1_557' title='bbox 1635 1437 1715 1464; x_wconf 78' lang='lat' dir='ltr'><strong>Azael</strong></span> 
     </span>
    </p>
   </div>
   <div class='ocr_carea' id='block_1_77' title="bbox 923 1478 1716 1519">
    <p class='ocr_par' dir='ltr' id='par_1_77' title="bbox 923 1478 1716 1519">
     <span class='ocr_line' id='line_1_77' title="bbox 923 1478 1716 1519; baseline 0.005 -13"><span class='ocrx_word' id='word_1_558' title='bbox 923 1478 1008 1514; x_wconf 81' lang='lat' dir='ltr'><strong>Syrus</strong></span> <span class='ocrx_word' id='word_1_559' title='bbox 1020 1478 1169 1507; x_wconf 83' lang='lat' dir='ltr'><strong>Jerusalem</strong></span> <span class='ocrx_word' id='word_1_560' title='bbox 1187 1480 1324 1509; x_wconf 85' lang='lat' dir='ltr'><strong>hostiliter</strong></span> <span class='ocrx_word' id='word_1_561' title='bbox 1338 1481 1450 1509; x_wconf 89' lang='lat' dir='ltr'><strong>adortus</strong></span> <span class='ocrx_word' id='word_1_562' title='bbox 1463 1487 1514 1514; x_wconf 87' lang='lat' dir='ltr'><strong>est,</strong></span> <span class='ocrx_word' id='word_1_563' title='bbox 1534 1487 1564 1510; x_wconf 93' lang='lat' dir='ltr'><strong>ut</strong></span> <span class='ocrx_word' id='word_1_564' title='bbox 1579 1483 1605 1510; x_wconf 93' lang='lat' dir='ltr'><strong>in</strong></span> <span class='ocrx_word' id='word_1_565' title='bbox 1619 1487 1716 1519; x_wconf 81' lang='lat' dir='ltr'><strong>quarto</strong></span> 
     </span>
    </p>
   </div>
   <div class='ocr_carea' id='block_1_78' title="bbox 922 1525 1716 1561">
    <p class='ocr_par' dir='ltr' id='par_1_78' title="bbox 922 1525 1716 1561">
     <span class='ocr_line' id='line_1_78' title="bbox 922 1525 1716 1561; baseline 0.003 -8"><span class='ocrx_word' id='word_1_566' title='bbox 922 1525 1026 1561; x_wconf 83' lang='lat' dir='ltr'><strong>Regum</strong></span> <span class='ocrx_word' id='word_1_567' title='bbox 1038 1529 1080 1553; x_wconf 88' lang='lat' dir='ltr'><strong>est</strong></span> <span class='ocrx_word' id='word_1_568' title='bbox 1095 1525 1195 1554; x_wconf 83' lang='lat' dir='ltr'><strong>litteris</strong></span> <span class='ocrx_word' id='word_1_569' title='bbox 1209 1526 1344 1561; x_wconf 87' lang='lat' dir='ltr'><strong>proditum</strong></span> <span class='ocrx_word' id='word_1_570' title='bbox 1360 1535 1368 1554; x_wconf 85' lang='lat'><strong>:</strong></span> <span class='ocrx_word' id='word_1_571' title='bbox 1383 1536 1393 1553; x_wconf 87' lang='grc'><strong><em>‹</em></strong></span> <span class='ocrx_word' id='word_1_572' title='bbox 1415 1527 1529 1561; x_wconf 85' lang='lat' dir='ltr'><strong>Quando</strong></span> <span class='ocrx_word' id='word_1_573' title='bbox 1554 1527 1615 1555; x_wconf 90' lang='lat' dir='ltr'><strong>tulit</strong></span> <span class='ocrx_word' id='word_1_574' title='bbox 1653 1527 1716 1555; x_wconf 77' lang='lat' dir='ltr'><strong>.Ioas</strong></span> 
     </span>
    </p>
   </div>
   <div class='ocr_carea' id='block_1_79' title="bbox 922 1572 1714 1603">
    <p class='ocr_par' dir='ltr' id='par_1_79' title="bbox 922 1572 1714 1603">
     <span class='ocr_line' id='line_1_79' title="bbox 922 1572 1714 1603; baseline 0.001 -3"><span class='ocrx_word' id='word_1_575' title='bbox 922 1572 1013 1600; x_wconf 88' lang='lat' dir='ltr'><strong>omnia</strong></span> <span class='ocrx_word' id='word_1_576' title='bbox 1031 1572 1249 1603; x_wconf 75' lang='lat' dir='ltr'><strong>sanctiﬁcata.et</strong></span> <span class='ocrx_word' id='word_1_577' title='bbox 1261 1579 1342 1600; x_wconf 90' lang='lat' dir='ltr'><strong>omne</strong></span> <span class='ocrx_word' id='word_1_578' title='bbox 1355 1579 1450 1600; x_wconf 91' lang='lat' dir='ltr'><strong>aurum</strong></span> <span class='ocrx_word' id='word_1_579' title='bbox 1464 1573 1490 1600; x_wconf 92' lang='lat' dir='ltr'><strong>in</strong></span> <span class='ocrx_word' id='word_1_580' title='bbox 1519 1573 1653 1601; x_wconf 88' lang='lat' dir='ltr'><strong>thesauris</strong></span> <span class='ocrx_word' id='word_1_581' title='bbox 1674 1573 1714 1601; x_wconf 91' lang='lat' dir='ltr'><strong>in-</strong></span> 
     </span>
    </p>
   </div>
   <div class='ocr_carea' id='block_1_80' title="bbox 901 1617 1713 1650">
    <p class='ocr_par' dir='ltr' id='par_1_80' title="bbox 901 1617 1713 1650">
     <span class='ocr_line' id='line_1_80' title="bbox 901 1617 1713 1650; baseline -0.001 -6"><span class='ocrx_word' id='word_1_582' title='bbox 901 1618 905 1622; x_wconf 77' lang='lat'><strong>&#39;</strong></span> <span class='ocrx_word' id='word_1_583' title='bbox 922 1621 1045 1650; x_wconf 89' lang='lat' dir='ltr'><strong>ventum,</strong></span> <span class='ocrx_word' id='word_1_584' title='bbox 1060 1617 1172 1645; x_wconf 80' lang='lat' dir='ltr'><strong>etmisit</strong></span> <span class='ocrx_word' id='word_1_585' title='bbox 1184 1617 1293 1650; x_wconf 84' lang='lat' dir='ltr'><strong>Azaeli,</strong></span> <span class='ocrx_word' id='word_1_586' title='bbox 1307 1621 1335 1645; x_wconf 89' lang='lat' dir='ltr'><strong>et</strong></span> <span class='ocrx_word' id='word_1_587' title='bbox 1350 1618 1485 1645; x_wconf 87' lang='lat' dir='ltr'><strong>recessita</strong></span> <span class='ocrx_word' id='word_1_588' title='bbox 1498 1617 1648 1646; x_wconf 82' lang='lat' dir='ltr'><strong>Jerusalem</strong></span> <span class='ocrx_word' id='word_1_589' title='bbox 1662 1617 1713 1646; x_wconf 57' lang='lat'><strong>&quot;.1</strong></span> 
     </span>
    </p>
   </div>
   <div class='ocr_carea' id='block_1_81' title="bbox 922 1662 1710 1699">
    <p class='ocr_par' dir='ltr' id='par_1_81' title="bbox 922 1662 1710 1699">
     <span class='ocr_line' id='line_1_81' title="bbox 922 1662 1710 1699; baseline 0 -7"><span class='ocrx_word' id='word_1_590' title='bbox 922 1662 1071 1693; x_wconf 87' lang='lat' dir='ltr'><strong>Faciebant</strong></span> <span class='ocrx_word' id='word_1_591' title='bbox 1084 1663 1155 1691; x_wconf 90' lang='lat' dir='ltr'><strong>enim</strong></span> <span class='ocrx_word' id='word_1_592' title='bbox 1169 1663 1228 1691; x_wconf 82' lang='lat' dir='ltr'><strong>haec</strong></span> <span class='ocrx_word' id='word_1_593' title='bbox 1250 1664 1398 1692; x_wconf 86' lang='lat' dir='ltr'><strong>secundum</strong></span> <span class='ocrx_word' id='word_1_594' title='bbox 1415 1663 1534 1691; x_wconf 80' lang='lat' dir='ltr'><strong>divinam</strong></span> <span class='ocrx_word' id='word_1_595' title='bbox 1550 1664 1629 1698; x_wconf 86' lang='lat' dir='ltr'><strong>iram,</strong></span> <span class='ocrx_word' id='word_1_596' title='bbox 1643 1663 1710 1699; x_wconf 82' lang='lat' dir='ltr'><strong>quod</strong></span> 
     </span>
    </p>
   </div>
   <div class='ocr_carea' id='block_1_82' title="bbox 921 1708 1714 1745">
    <p class='ocr_par' dir='ltr' id='par_1_82' title="bbox 921 1708 1714 1745">
     <span class='ocr_line' id='line_1_82' title="bbox 921 1708 1714 1745; baseline 0.003 -9"><span class='ocrx_word' id='word_1_597' title='bbox 921 1708 1003 1736; x_wconf 82' lang='lat' dir='ltr'><strong>Israel</strong></span> <span class='ocrx_word' id='word_1_598' title='bbox 1014 1708 1097 1736; x_wconf 90' lang='lat' dir='ltr'><strong>Deum</strong></span> <span class='ocrx_word' id='word_1_599' title='bbox 1113 1708 1292 1742; x_wconf 75' lang='lat' dir='ltr'><strong>oll‘endisset;</strong></span> <span class='ocrx_word' id='word_1_600' title='bbox 1322 1716 1486 1745; x_wconf 81' lang='lat' dir='ltr'><strong>magnopere</strong></span> <span class='ocrx_word' id='word_1_601' title='bbox 1498 1709 1570 1738; x_wconf 92' lang='lat' dir='ltr'><strong>enim</strong></span> <span class='ocrx_word' id='word_1_602' title='bbox 1600 1717 1615 1736; x_wconf 91' lang='lat' dir='ltr'><strong>a</strong></span> <span class='ocrx_word' id='word_1_603' title='bbox 1638 1715 1714 1738; x_wconf 87' lang='lat' dir='ltr'><strong>recto</strong></span> 
     </span>
    </p>
   </div>
   <div class='ocr_carea' id='block_1_83' title="bbox 922 1754 1711 1792">
    <p class='ocr_par' dir='ltr' id='par_1_83' title="bbox 922 1754 1711 1792">
     <span class='ocr_line' id='line_1_83' title="bbox 922 1754 1711 1792; baseline 0.003 -10"><span class='ocrx_word' id='word_1_604' title='bbox 922 1755 1116 1788; x_wconf 83' lang='lat' dir='ltr'><strong>declinaverat,</strong></span> <span class='ocrx_word' id='word_1_605' title='bbox 1127 1759 1155 1782; x_wconf 92' lang='lat' dir='ltr'><strong>et</strong></span> <span class='ocrx_word' id='word_1_606' title='bbox 1174 1754 1247 1782; x_wconf 91' lang='lat' dir='ltr'><strong>cultu</strong></span> <span class='ocrx_word' id='word_1_607' title='bbox 1266 1755 1400 1782; x_wconf 91' lang='lat' dir='ltr'><strong>idolorum</strong></span> <span class='ocrx_word' id='word_1_608' title='bbox 1417 1755 1486 1783; x_wconf 90' lang='lat' dir='ltr'><strong>mira</strong></span> <span class='ocrx_word' id='word_1_609' title='bbox 1503 1755 1636 1791; x_wconf 86' lang='lat' dir='ltr'><strong>religione</strong></span> <span class='ocrx_word' id='word_1_610' title='bbox 1647 1763 1711 1792; x_wconf 91' lang='lat' dir='ltr'><strong>per-</strong></span> 
     </span>
    </p>
   </div>
   <div class='ocr_carea' id='block_1_84' title="bbox 921 1799 1714 1830">
    <p class='ocr_par' dir='ltr' id='par_1_84' title="bbox 921 1799 1714 1830">
     <span class='ocr_line' id='line_1_84' title="bbox 921 1799 1714 1830; baseline 0.001 -2"><span class='ocrx_word' id='word_1_611' title='bbox 921 1800 1012 1828; x_wconf 88' lang='lat' dir='ltr'><strong>culsus</strong></span> <span class='ocrx_word' id='word_1_612' title='bbox 1028 1808 1058 1828; x_wconf 89' lang='lat' dir='ltr'><strong>se</strong></span> <span class='ocrx_word' id='word_1_613' title='bbox 1071 1800 1232 1828; x_wconf 85' lang='lat' dir='ltr'><strong>involverat.</strong></span> <span class='ocrx_word' id='word_1_614' title='bbox 1245 1799 1444 1828; x_wconf 83' lang='lat' dir='ltr'><strong>Verumtamen</strong></span> <span class='ocrx_word' id='word_1_615' title='bbox 1469 1801 1587 1829; x_wconf 85' lang='lat' dir='ltr'><strong>victores</strong></span> <span class='ocrx_word' id='word_1_616' title='bbox 1617 1802 1714 1830; x_wconf 88' lang='lat' dir='ltr'><strong>alieni-</strong></span> 
     </span>
    </p>
   </div>
   <div class='ocr_carea' id='block_1_85' title="bbox 920 1846 1713 1882">
    <p class='ocr_par' dir='ltr' id='par_1_85' title="bbox 920 1846 1713 1882">
     <span class='ocr_line' id='line_1_85' title="bbox 920 1846 1713 1882; baseline 0.004 -9"><span class='ocrx_word' id='word_1_617' title='bbox 920 1854 997 1881; x_wconf 71' lang='lat' dir='ltr'><strong>gena:</strong></span> <span class='ocrx_word' id='word_1_618' title='bbox 1017 1847 1050 1874; x_wconf 89' lang='lat' dir='ltr'><strong>de</strong></span> <span class='ocrx_word' id='word_1_619' title='bbox 1076 1846 1167 1874; x_wconf 88' lang='lat' dir='ltr'><strong>divina</strong></span> <span class='ocrx_word' id='word_1_620' title='bbox 1206 1847 1292 1882; x_wconf 83' lang='lat' dir='ltr'><strong>gloria</strong></span> <span class='ocrx_word' id='word_1_621' title='bbox 1322 1846 1513 1875; x_wconf 86' lang='lat' dir='ltr'><strong>detrahebant.</strong></span> <span class='ocrx_word' id='word_1_622' title='bbox 1548 1847 1713 1876; x_wconf 76' lang='lat' dir='ltr'><strong>Statuebant</strong></span> 
     </span>
    </p>
   </div>
   <div class='ocr_carea' id='block_1_86' title="bbox 921 1892 1712 1927">
    <p class='ocr_par' dir='ltr' id='par_1_86' title="bbox 921 1892 1712 1927">
     <span class='ocr_line' id='line_1_86' title="bbox 921 1892 1712 1927; baseline 0.003 -8"><span class='ocrx_word' id='word_1_623' title='bbox 921 1892 991 1919; x_wconf 91' lang='lat' dir='ltr'><strong>enim</strong></span> <span class='ocrx_word' id='word_1_624' title='bbox 1004 1892 1094 1919; x_wconf 91' lang='lat' dir='ltr'><strong>miseri</strong></span> <span class='ocrx_word' id='word_1_625' title='bbox 1109 1900 1213 1927; x_wconf 88' lang='lat' dir='ltr'><strong>secum,</strong></span> <span class='ocrx_word' id='word_1_626' title='bbox 1230 1892 1406 1920; x_wconf 88' lang='lat' dir='ltr'><strong>auxiliantem</strong></span> <span class='ocrx_word' id='word_1_627' title='bbox 1422 1892 1489 1927; x_wconf 87' lang='lat' dir='ltr'><strong>ipsis</strong></span> <span class='ocrx_word' id='word_1_628' title='bbox 1503 1900 1610 1920; x_wconf 90' lang='lat' dir='ltr'><strong>manum</strong></span> <span class='ocrx_word' id='word_1_629' title='bbox 1636 1893 1712 1921; x_wconf 85' lang='lat' dir='ltr'><strong>inva-</strong></span> 
     </span>
    </p>
   </div>
   <div class='ocr_carea' id='block_1_87' title="bbox 920 1937 1712 1974">
    <p class='ocr_par' dir='ltr' id='par_1_87' title="bbox 920 1937 1712 1974">
     <span class='ocr_line' id='line_1_87' title="bbox 920 1937 1712 1974; baseline 0.001 -9"><span class='ocrx_word' id='word_1_630' title='bbox 920 1937 1000 1965; x_wconf 86' lang='lat' dir='ltr'><strong>lidam</strong></span> <span class='ocrx_word' id='word_1_631' title='bbox 1010 1938 1215 1974; x_wconf 78' lang='lat' dir='ltr'><strong>factam,etejus</strong></span> <span class='ocrx_word' id='word_1_632' title='bbox 1222 1939 1317 1967; x_wconf 89' lang='lat' dir='ltr'><strong>honori</strong></span> <span class='ocrx_word' id='word_1_633' title='bbox 1325 1939 1483 1967; x_wconf 86' lang='lat' dir='ltr'><strong>insolentius</strong></span> <span class='ocrx_word' id='word_1_634' title='bbox 1493 1939 1624 1967; x_wconf 87' lang='lat' dir='ltr'><strong>insultare</strong></span> <span class='ocrx_word' id='word_1_635' title='bbox 1632 1939 1712 1966; x_wconf 84' lang='lat' dir='ltr'><strong>aude-</strong></span> 
     </span>
    </p>
   </div>
   <div class='ocr_carea' id='block_1_88' title="bbox 919 1984 1711 2021">
    <p class='ocr_par' dir='ltr' id='par_1_88' title="bbox 919 1984 1711 2021">
     <span class='ocr_line' id='line_1_88' title="bbox 919 1984 1711 2021; baseline 0.003 -10"><span class='ocrx_word' id='word_1_636' title='bbox 919 1984 994 2012; x_wconf 86' lang='lat' dir='ltr'><strong>bant.</strong></span> <span class='ocrx_word' id='word_1_637' title='bbox 1011 1984 1100 2012; x_wconf 85' lang='lat' dir='ltr'><strong>Fracti</strong></span> <span class='ocrx_word' id='word_1_638' title='bbox 1111 1985 1193 2019; x_wconf 77' lang='lat' dir='ltr'><strong>igitur</strong></span> <span class='ocrx_word' id='word_1_639' title='bbox 1205 1985 1277 2021; x_wconf 83' lang='lat' dir='ltr'><strong>Syri,</strong></span> <span class='ocrx_word' id='word_1_640' title='bbox 1300 1987 1453 2021; x_wconf 83' lang='lat' dir='ltr'><strong>postquam</strong></span> <span class='ocrx_word' id='word_1_641' title='bbox 1467 1985 1616 2013; x_wconf 85' lang='lat' dir='ltr'><strong>Samariam</strong></span> <span class='ocrx_word' id='word_1_642' title='bbox 1637 1986 1711 2013; x_wconf 85' lang='lat' dir='ltr'><strong>obsi-</strong></span> 
     </span>
    </p>
   </div>
   <div class='ocr_carea' id='block_1_89' title="bbox 920 2031 1710 2066">
    <p class='ocr_par' dir='ltr' id='par_1_89' title="bbox 920 2031 1710 2066">
     <span class='ocr_line' id='line_1_89' title="bbox 920 2031 1710 2066; baseline 0 -8"><span class='ocrx_word' id='word_1_643' title='bbox 920 2031 1000 2058; x_wconf 87' lang='lat' dir='ltr'><strong>dione</strong></span> <span class='ocrx_word' id='word_1_644' title='bbox 1013 2038 1075 2060; x_wconf 86' lang='lat' dir='ltr'><strong>mox</strong></span> <span class='ocrx_word' id='word_1_645' title='bbox 1086 2031 1172 2060; x_wconf 90' lang='lat' dir='ltr'><strong>soluta</strong></span> <span class='ocrx_word' id='word_1_646' title='bbox 1188 2032 1258 2059; x_wconf 81' lang='lat' dir='ltr'><strong>[ilius</strong></span> <span class='ocrx_word' id='word_1_647' title='bbox 1265 2031 1338 2059; x_wconf 79' lang='lat' dir='ltr'><strong>Ader</strong></span> <span class='ocrx_word' id='word_1_648' title='bbox 1344 2032 1477 2064; x_wconf 83' lang='lat' dir='ltr'><strong>cinxerat,</strong></span> <span class='ocrx_word' id='word_1_649' title='bbox 1491 2031 1624 2066; x_wconf 82' lang='lat' dir='ltr'><strong>ignaviam</strong></span> <span class='ocrx_word' id='word_1_650' title='bbox 1633 2039 1710 2059; x_wconf 87' lang='lat' dir='ltr'><strong>suam</strong></span> 
     </span>
    </p>
   </div>
   <div class='ocr_carea' id='block_1_90' title="bbox 920 2075 1712 2110">
    <p class='ocr_par' dir='ltr' id='par_1_90' title="bbox 920 2075 1712 2110">
     <span class='ocr_line' id='line_1_90' title="bbox 920 2075 1712 2110; baseline 0.004 -8"><span class='ocrx_word' id='word_1_651' title='bbox 920 2075 990 2103; x_wconf 89' lang='lat' dir='ltr'><strong>male</strong></span> <span class='ocrx_word' id='word_1_652' title='bbox 1007 2081 1183 2110; x_wconf 80' lang='lat' dir='ltr'><strong>excusarunt,</strong></span> <span class='ocrx_word' id='word_1_653' title='bbox 1209 2076 1352 2105; x_wconf 89' lang='lat' dir='ltr'><strong>dicentes:</strong></span> <span class='ocrx_word' id='word_1_654' title='bbox 1374 2087 1383 2103; x_wconf 84' lang='grc' dir='ltr'><strong>ι</strong></span> <span class='ocrx_word' id='word_1_655' title='bbox 1403 2077 1473 2104; x_wconf 80' lang='lat' dir='ltr'><strong>Deus</strong></span> <span class='ocrx_word' id='word_1_656' title='bbox 1491 2078 1622 2104; x_wconf 90' lang='lat' dir='ltr'><strong>montium</strong></span> <span class='ocrx_word' id='word_1_657' title='bbox 1641 2077 1712 2105; x_wconf 86' lang='lat' dir='ltr'><strong>Deus</strong></span> 
     </span>
    </p>
   </div>
   <div class='ocr_carea' id='block_1_91' title="bbox 920 2120 1712 2158">
    <p class='ocr_par' dir='ltr' id='par_1_91' title="bbox 920 2120 1712 2158">
     <span class='ocr_line' id='line_1_91' title="bbox 920 2120 1712 2158; baseline 0.003 -10"><span class='ocrx_word' id='word_1_658' title='bbox 920 2120 1012 2155; x_wconf 84' lang='lat' dir='ltr'><strong>Israel,</strong></span> <span class='ocrx_word' id='word_1_659' title='bbox 1025 2126 1052 2150; x_wconf 91' lang='lat' dir='ltr'><strong>et</strong></span> <span class='ocrx_word' id='word_1_660' title='bbox 1067 2129 1119 2150; x_wconf 92' lang='lat' dir='ltr'><strong>non</strong></span> <span class='ocrx_word' id='word_1_661' title='bbox 1133 2122 1203 2150; x_wconf 84' lang='lat' dir='ltr'><strong>Deus</strong></span> <span class='ocrx_word' id='word_1_662' title='bbox 1220 2123 1330 2151; x_wconf 82' lang='lat' dir='ltr'><strong>vallium</strong></span> <span class='ocrx_word' id='word_1_663' title='bbox 1345 2122 1366 2150; x_wconf 91' lang='grc'><strong>¹.</strong></span> <span class='ocrx_word' id='word_1_664' title='bbox 1381 2132 1391 2150; x_wconf 73' lang='grc' dir='ltr'><strong>ι</strong></span> <span class='ocrx_word' id='word_1_665' title='bbox 1411 2122 1564 2151; x_wconf 89' lang='lat' dir='ltr'><strong>Credebant</strong></span> <span class='ocrx_word' id='word_1_666' title='bbox 1579 2123 1712 2158; x_wconf 89' lang='lat' dir='ltr'><strong>siquidem</strong></span> 
     </span>
    </p>
   </div>
   <div class='ocr_carea' id='block_1_92' title="bbox 919 2166 1713 2204">
    <p class='ocr_par' dir='ltr' id='par_1_92' title="bbox 919 2166 1713 2204">
     <span class='ocr_line' id='line_1_92' title="bbox 919 2166 1713 2204; baseline 0.001 -9"><span class='ocrx_word' id='word_1_667' title='bbox 919 2166 1054 2196; x_wconf 84' lang='lat' dir='ltr'><strong>Israelitas</strong></span> <span class='ocrx_word' id='word_1_668' title='bbox 1068 2168 1175 2202; x_wconf 90' lang='lat' dir='ltr'><strong>vicisse,</strong></span> <span class='ocrx_word' id='word_1_669' title='bbox 1190 2168 1252 2204; x_wconf 89' lang='lat' dir='ltr'><strong>quia</strong></span> <span class='ocrx_word' id='word_1_670' title='bbox 1267 2168 1337 2198; x_wconf 89' lang='lat' dir='ltr'><strong>Deus</strong></span> <span class='ocrx_word' id='word_1_671' title='bbox 1344 2176 1437 2196; x_wconf 90' lang='lat' dir='ltr'><strong>eorum</strong></span> <span class='ocrx_word' id='word_1_672' title='bbox 1454 2169 1480 2196; x_wconf 93' lang='lat' dir='ltr'><strong>in</strong></span> <span class='ocrx_word' id='word_1_673' title='bbox 1495 2169 1630 2197; x_wconf 89' lang='lat' dir='ltr'><strong>montibus</strong></span> <span class='ocrx_word' id='word_1_674' title='bbox 1644 2169 1713 2197; x_wconf 84' lang='lat' dir='ltr'><strong>dun—</strong></span> 
     </span>
    </p>
   </div>
   <div class='ocr_carea' id='block_1_93' title="bbox 80 2215 871 2258">
    <p class='ocr_par' dir='ltr' id='par_1_93' title="bbox 80 2218 866 2257">
     <span class='ocr_line' id='line_1_93' title="bbox 80 2218 866 2257; baseline 0.005 -13"><span class='ocrx_word' id='word_1_675' title='bbox 80 2219 217 2254; x_wconf 77' lang='grc' dir='ltr'>μαίνοντο.</span> <span class='ocrx_word' id='word_1_676' title='bbox 245 2218 341 2254; x_wconf 75' lang='grc' dir='ltr'><strong>Ιᾩονιιιο</strong></span> <span class='ocrx_word' id='word_1_677' title='bbox 366 2219 420 2257; x_wconf 61' lang='grc' dir='ltr'>γὰρ</span> <span class='ocrx_word' id='word_1_678' title='bbox 444 2219 516 2246; x_wconf 78' lang='grc' dir='ltr'>κατὰ</span> <span class='ocrx_word' id='word_1_679' title='bbox 532 2220 604 2255; x_wconf 67' lang='grc' dir='ltr'>σφᾶς</span> <span class='ocrx_word' id='word_1_680' title='bbox 624 2221 649 2246; x_wconf 80' lang='grc' dir='ltr'>οἱ</span> <span class='ocrx_word' id='word_1_681' title='bbox 674 2220 795 2253; x_wconf 85' lang='grc' dir='ltr'>δείλαιοι,</span> <span class='ocrx_word' id='word_1_682' title='bbox 816 2221 866 2257; x_wconf 79' lang='grc' dir='ltr'>τὴν</span> 
     </span>
    </p>
   </div>
   <div class='ocr_carea' id='block_1_94' title="bbox 923 2215 1711 2258">
    <p class='ocr_par' dir='ltr' id='par_1_94' title="bbox 923 2215 1711 2251">
     <span class='ocr_line' id='line_1_94' title="bbox 923 2215 1711 2251; baseline 0.001 -10"><span class='ocrx_word' id='word_1_683' title='bbox 923 2217 995 2242; x_wconf 73' lang='lat' dir='ltr'><strong>taxat</strong></span> <span class='ocrx_word' id='word_1_684' title='bbox 1014 2220 1059 2243; x_wconf 82' lang='lat' dir='ltr'><strong>aut</strong></span> <span class='ocrx_word' id='word_1_685' title='bbox 1073 2215 1188 2244; x_wconf 81' lang='lat' dir='ltr'><strong>collibus</strong></span> <span class='ocrx_word' id='word_1_686' title='bbox 1202 2215 1310 2244; x_wconf 87' lang='lat' dir='ltr'><strong>salvare</strong></span> <span class='ocrx_word' id='word_1_687' title='bbox 1322 2215 1499 2251; x_wconf 73' lang='lat' dir='ltr'><strong>posset.Victi</strong></span> <span class='ocrx_word' id='word_1_688' title='bbox 1515 2216 1598 2251; x_wconf 84' lang='lat' dir='ltr'><strong>igitur</strong></span> <span class='ocrx_word' id='word_1_689' title='bbox 1608 2223 1711 2248; x_wconf 87' lang='lat' dir='ltr'><strong>sumus,</strong></span> 
     </span>
    </p>
   </div>
   <div class='ocr_carea' id='block_1_95' title="bbox 78 2263 868 2302">
    <p class='ocr_par' dir='ltr' id='par_1_95' title="bbox 78 2263 868 2302">
     <span class='ocr_line' id='line_1_95' title="bbox 78 2263 868 2302; baseline 0.005 -12"><span class='ocrx_word' id='word_1_690' title='bbox 78 2263 274 2299; x_wconf 77' lang='grc' dir='ltr'>ἑπαμύνουσαν</span> <span class='ocrx_word' id='word_1_691' title='bbox 294 2264 384 2296; x_wconf 82' lang='grc' dir='ltr'>αὐτοῖς</span> <span class='ocrx_word' id='word_1_692' title='bbox 409 2265 540 2300; x_wconf 82' lang='grc' dir='ltr'>ἀτονῆσαι</span> <span class='ocrx_word' id='word_1_693' title='bbox 569 2267 658 2301; x_wconf 83' lang='grc' dir='ltr'>χεῖρα,</span> <span class='ocrx_word' id='word_1_694' title='bbox 682 2266 729 2293; x_wconf 75' lang='grc' dir='ltr'>καὶ</span> <span class='ocrx_word' id='word_1_695' title='bbox 756 2267 806 2302; x_wconf 84' lang='grc' dir='ltr'>τῆς</span> <span class='ocrx_word' id='word_1_696' title='bbox 821 2267 868 2294; x_wconf 79' lang='grc' dir='ltr'>τοῦ</span> 
     </span>
    </p>
   </div>
   <div class='ocr_carea' id='block_1_96' title="bbox 79 2308 870 2347">
    <p class='ocr_par' dir='ltr' id='par_1_96' title="bbox 79 2308 870 2347">
     <span class='ocr_line' id='line_1_96' title="bbox 79 2308 870 2347; baseline 0.006 -13"><span class='ocrx_word' id='word_1_697' title='bbox 79 2308 147 2335; x_wconf 79' lang='grc' dir='ltr'>Θεοῦ</span> <span class='ocrx_word' id='word_1_698' title='bbox 160 2308 240 2344; x_wconf 77' lang='grc' dir='ltr'>δόξης</span> <span class='ocrx_word' id='word_1_699' title='bbox 256 2309 512 2336; x_wconf 82' lang='grc' dir='ltr'>κατανεανιεύεσοαι</span> <span class='ocrx_word' id='word_1_700' title='bbox 526 2310 721 2347; x_wconf 76' lang='grc' dir='ltr'>τεθαρσήκασι.</span> <span class='ocrx_word' id='word_1_701' title='bbox 736 2312 791 2338; x_wconf 83' lang='grc' dir='ltr'><strong>Καὶ</strong></span> <span class='ocrx_word' id='word_1_702' title='bbox 805 2313 870 2347; x_wconf 87' lang='grc' dir='ltr'>γοῦν</span> 
     </span>
    </p>
   </div>
   <div class='ocr_carea' id='block_1_97' title="bbox 77 2354 870 2394">
    <p class='ocr_par' dir='ltr' id='par_1_97' title="bbox 77 2354 870 2394">
     <span class='ocr_line' id='line_1_97' title="bbox 77 2354 870 2394; baseline 0.006 -14"><span class='ocrx_word' id='word_1_703' title='bbox 77 2355 260 2389; x_wconf 71' lang='grc' dir='ltr'>ὴσθενηκότες</span> <span class='ocrx_word' id='word_1_704' title='bbox 268 2355 292 2381; x_wconf 89' lang='grc' dir='ltr'><strong>οί</strong></span> <span class='ocrx_word' id='word_1_705' title='bbox 300 2354 391 2390; x_wconf 86' lang='grc' dir='ltr'>Σύροι,</span> <span class='ocrx_word' id='word_1_706' title='bbox 398 2355 484 2391; x_wconf 84' lang='grc' dir='ltr'>βραχὺ</span> <span class='ocrx_word' id='word_1_707' title='bbox 500 2356 706 2392; x_wconf 71' lang='grc' dir='ltr'>πολιορκοῦντος</span> <span class='ocrx_word' id='word_1_708' title='bbox 713 2358 870 2394; x_wconf 80' lang='grc' dir='ltr'>Σαμάρειαν</span> 
     </span>
    </p>
   </div>
   <div class='ocr_carea' id='block_1_98' title="bbox 77 2399 869 2438">
    <p class='ocr_par' dir='ltr' id='par_1_98' title="bbox 77 2399 869 2438">
     <span class='ocr_line' id='line_1_98' title="bbox 77 2399 869 2438; baseline 0.006 -13"><span class='ocrx_word' id='word_1_709' title='bbox 77 2399 124 2426; x_wconf 87' lang='grc' dir='ltr'>τοῦ</span> <span class='ocrx_word' id='word_1_710' title='bbox 149 2399 237 2435; x_wconf 72' lang='grc' dir='ltr'>Ἄδερ,</span> <span class='ocrx_word' id='word_1_711' title='bbox 254 2400 391 2436; x_wconf 82' lang='grc' dir='ltr'>πρόφασιν</span> <span class='ocrx_word' id='word_1_712' title='bbox 413 2400 552 2428; x_wconf 73' lang='grc' dir='ltr'>ἐποιοῦντο</span> <span class='ocrx_word' id='word_1_713' title='bbox 571 2401 622 2437; x_wconf 87' lang='grc' dir='ltr'>τῆς</span> <span class='ocrx_word' id='word_1_714' title='bbox 635 2403 803 2438; x_wconf 79' lang='grc' dir='ltr'>κακανδρίας</span> <span class='ocrx_word' id='word_1_715' title='bbox 818 2403 869 2430; x_wconf 83' lang='grc' dir='ltr'>οὐκ</span> 
     </span>
    </p>
   </div>
   <div class='ocr_carea' id='block_1_99' title="bbox 78 2445 870 2484">
    <p class='ocr_par' dir='ltr' id='par_1_99' title="bbox 78 2445 870 2484">
     <span class='ocr_line' id='line_1_99' title="bbox 78 2445 870 2484; baseline 0.004 -13"><span class='ocrx_word' id='word_1_716' title='bbox 78 2445 176 2481; x_wconf 73' lang='grc' dir='ltr'>ἀληθῆ,</span> <span class='ocrx_word' id='word_1_717' title='bbox 191 2445 328 2479; x_wconf 83' lang='grc' dir='ltr'>λέγοντες,</span> <span class='ocrx_word' id='word_1_718' title='bbox 343 2455 352 2472; x_wconf 80' lang='grc' dir='ltr'><strong>ι</strong></span> <span class='ocrx_word' id='word_1_719' title='bbox 365 2445 430 2478; x_wconf 78' lang='grc' dir='ltr'>Θεὸς</span> <span class='ocrx_word' id='word_1_720' title='bbox 441 2446 526 2482; x_wconf 79' lang='grc' dir='ltr'>ὁρέων</span> <span class='ocrx_word' id='word_1_721' title='bbox 537 2446 603 2481; x_wconf 79' lang='grc' dir='ltr'>Θεὸς</span> <span class='ocrx_word' id='word_1_722' title='bbox 617 2447 734 2483; x_wconf 81' lang='grc' dir='ltr'>Ἰσραὴλ,</span> <span class='ocrx_word' id='word_1_723' title='bbox 751 2448 797 2474; x_wconf 82' lang='grc' dir='ltr'>καὶ</span> <span class='ocrx_word' id='word_1_724' title='bbox 809 2448 870 2484; x_wconf 74' lang='grc' dir='ltr'><strong>οὐχὶ</strong></span> 
     </span>
    </p>
   </div>
   <div class='ocr_carea' id='block_1_100' title="bbox 79 2491 869 2529">
    <p class='ocr_par' dir='ltr' id='par_1_100' title="bbox 79 2491 869 2529">
     <span class='ocr_line' id='line_1_100' title="bbox 79 2491 869 2529; baseline 0.005 -12"><span class='ocrx_word' id='word_1_725' title='bbox 79 2491 145 2523; x_wconf 79' lang='grc' dir='ltr'>Θεὸς</span> <span class='ocrx_word' id='word_1_726' title='bbox 166 2491 311 2519; x_wconf 62' lang='lat' dir='ltr'><strong>mactem.</strong></span> <span class='ocrx_word' id='word_1_727' title='bbox 331 2500 341 2517; x_wconf 72' lang='grc' dir='ltr'><strong>ι</strong></span> <span class='ocrx_word' id='word_1_728' title='bbox 362 2492 456 2528; x_wconf 75' lang='grc' dir='ltr'>’ᾩοντο</span> <span class='ocrx_word' id='word_1_729' title='bbox 484 2492 538 2528; x_wconf 83' lang='grc' dir='ltr'>γὰρ</span> <span class='ocrx_word' id='word_1_730' title='bbox 563 2493 604 2519; x_wconf 81' lang='grc' dir='ltr'>ὅτι</span> <span class='ocrx_word' id='word_1_731' title='bbox 632 2493 764 2529; x_wconf 78' lang='grc' dir='ltr'>ἐνίκησαν</span> <span class='ocrx_word' id='word_1_732' title='bbox 790 2495 815 2521; x_wconf 74' lang='lat' dir='ltr'><strong>ei</strong></span> <span class='ocrx_word' id='word_1_733' title='bbox 839 2494 869 2527; x_wconf 69' lang='grc' dir='ltr'><strong>ἐξ</strong></span> 
     </span>
    </p>
   </div>
   <div class='ocr_carea' id='block_1_101' title="bbox 85 2536 871 2575">
    <p class='ocr_par' dir='ltr' id='par_1_101' title="bbox 85 2536 871 2575">
     <span class='ocr_line' id='line_1_101' title="bbox 85 2536 871 2575; baseline 0.004 -12"><span class='ocrx_word' id='word_1_734' title='bbox 85 2536 204 2573; x_wconf 78' lang='grc' dir='ltr'>Ἰσραὴλ,</span> <span class='ocrx_word' id='word_1_735' title='bbox 225 2538 256 2564; x_wconf 73' lang='grc' dir='ltr'>ὲν</span> <span class='ocrx_word' id='word_1_736' title='bbox 277 2536 370 2572; x_wconf 83' lang='grc' dir='ltr'>μόνοις</span> <span class='ocrx_word' id='word_1_737' title='bbox 399 2538 455 2570; x_wconf 84' lang='grc' dir='ltr'>τοῖς</span> <span class='ocrx_word' id='word_1_738' title='bbox 474 2537 574 2573; x_wconf 74' lang='grc' dir='ltr'>ὄρεσιν,</span> <span class='ocrx_word' id='word_1_739' title='bbox 594 2538 611 2573; x_wconf 81' lang='grc' dir='ltr'>ἢ</span> <span class='ocrx_word' id='word_1_740' title='bbox 638 2539 668 2565; x_wconf 86' lang='grc' dir='ltr'>ὲν</span> <span class='ocrx_word' id='word_1_741' title='bbox 681 2540 736 2571; x_wconf 85' lang='grc' dir='ltr'>τοῖς</span> <span class='ocrx_word' id='word_1_742' title='bbox 766 2539 871 2575; x_wconf 83' lang='grc' dir='ltr'>βουνοῖς</span> 
     </span>
    </p>
   </div>
   <div class='ocr_carea' id='block_1_102' title="bbox 79 2581 870 2619">
    <p class='ocr_par' dir='ltr' id='par_1_102' title="bbox 79 2581 870 2619">
     <span class='ocr_line' id='line_1_102' title="bbox 79 2581 870 2619; baseline 0.004 -11"><span class='ocrx_word' id='word_1_743' title='bbox 79 2581 228 2617; x_wconf 76' lang='grc' dir='ltr'>δυναμένου</span> <span class='ocrx_word' id='word_1_744' title='bbox 253 2581 350 2614; x_wconf 81' lang='grc' dir='ltr'>σώζειν</span> <span class='ocrx_word' id='word_1_745' title='bbox 367 2582 444 2610; x_wconf 79' lang='grc' dir='ltr'>Θεοῦ.</span> <span class='ocrx_word' id='word_1_746' title='bbox 471 2582 628 2618; x_wconf 68' lang='grc' dir='ltr'>Ἡττήμεθα</span> <span class='ocrx_word' id='word_1_747' title='bbox 641 2583 672 2619; x_wconf 86' lang='grc' dir='ltr'>δὴ</span> <span class='ocrx_word' id='word_1_748' title='bbox 687 2581 746 2616; x_wconf 83' lang='grc' dir='ltr'>οὖν,</span> <span class='ocrx_word' id='word_1_749' title='bbox 768 2585 851 2619; x_wconf 77' lang='grc' dir='ltr'>φασὶν</span> <span class='ocrx_word' id='word_1_750' title='bbox 862 2604 870 2616; x_wconf 87' lang='grc'><strong>,</strong></span> 
     </span>
    </p>
   </div>
   <div class='ocr_carea' id='block_1_103' title="bbox 82 2627 872 2666">
    <p class='ocr_par' dir='ltr' id='par_1_103' title="bbox 82 2627 872 2666">
     <span class='ocr_line' id='line_1_103' title="bbox 82 2627 872 2666; baseline 0.005 -13"><span class='ocrx_word' id='word_1_751' title='bbox 82 2636 92 2653; x_wconf 73' lang='grc' dir='ltr'><strong>ι</strong></span> <span class='ocrx_word' id='word_1_752' title='bbox 105 2628 145 2654; x_wconf 75' lang='grc' dir='ltr'>ὅτι</span> <span class='ocrx_word' id='word_1_753' title='bbox 162 2627 195 2663; x_wconf 74' lang='grc' dir='ltr'>δὴ</span> <span class='ocrx_word' id='word_1_754' title='bbox 209 2627 279 2659; x_wconf 76' lang='grc' dir='ltr'>Θεὸς</span> <span class='ocrx_word' id='word_1_755' title='bbox 297 2627 384 2663; x_wconf 77' lang='grc' dir='ltr'>ὀρέων</span> <span class='ocrx_word' id='word_1_756' title='bbox 402 2628 416 2654; x_wconf 85' lang='grc' dir='ltr'><strong>ό</strong></span> <span class='ocrx_word' id='word_1_757' title='bbox 432 2627 497 2660; x_wconf 82' lang='grc' dir='ltr'>Θεὸς</span> <span class='ocrx_word' id='word_1_758' title='bbox 519 2629 635 2665; x_wconf 86' lang='grc' dir='ltr'>Ἰσραήλ.</span> <span class='ocrx_word' id='word_1_759' title='bbox 655 2639 664 2655; x_wconf 74' lang='grc' dir='ltr'><strong>ι</strong></span> <span class='ocrx_word' id='word_1_760' title='bbox 683 2629 714 2656; x_wconf 85' lang='grc' dir='ltr'>Εἰ</span> <span class='ocrx_word' id='word_1_761' title='bbox 729 2629 757 2656; x_wconf 81' lang='grc' dir='ltr'>δὲ</span> <span class='ocrx_word' id='word_1_762' title='bbox 782 2630 814 2666; x_wconf 84' lang='grc' dir='ltr'>δὴ</span> <span class='ocrx_word' id='word_1_763' title='bbox 826 2630 872 2665; x_wconf 83' lang='grc' dir='ltr'><strong>γέ-</strong></span> 
     </span>
    </p>
   </div>
   <div class='ocr_carea' id='block_1_104' title="bbox 80 2672 870 2710">
    <p class='ocr_par' dir='ltr' id='par_1_104' title="bbox 80 2672 870 2710">
     <span class='ocr_line' id='line_1_104' title="bbox 80 2672 870 2710; baseline 0.005 -12"><span class='ocrx_word' id='word_1_764' title='bbox 80 2681 148 2699; x_wconf 84' lang='grc' dir='ltr'>νοιτο</span> <span class='ocrx_word' id='word_1_765' title='bbox 172 2672 313 2700; x_wconf 85' lang='grc' dir='ltr'>συνελθεῖν</span> <span class='ocrx_word' id='word_1_766' title='bbox 337 2673 378 2704; x_wconf 81' lang='grc' dir='ltr'><strong>είς</strong></span> <span class='ocrx_word' id='word_1_767' title='bbox 400 2673 490 2708; x_wconf 84' lang='grc' dir='ltr'>μάχην</span> <span class='ocrx_word' id='word_1_768' title='bbox 505 2674 534 2700; x_wconf 74' lang='grc' dir='ltr'>ὲν</span> <span class='ocrx_word' id='word_1_769' title='bbox 549 2673 651 2705; x_wconf 80' lang='grc' dir='ltr'>πεδίοις</span> <span class='ocrx_word' id='word_1_770' title='bbox 675 2674 870 2710; x_wconf 84' lang='grc' dir='ltr'>ὲψιλωμένοις,</span> 
     </span>
    </p>
   </div>
   <div class='ocr_carea' id='block_1_105' title="bbox 80 2717 870 2754">
    <p class='ocr_par' dir='ltr' id='par_1_105' title="bbox 80 2717 870 2754">
     <span class='ocr_line' id='line_1_105' title="bbox 80 2717 870 2754; baseline 0.003 -10"><span class='ocrx_word' id='word_1_771' title='bbox 80 2718 274 2754; x_wconf 82' lang='grc' dir='ltr'>περιεσόμεθα,</span> <span class='ocrx_word' id='word_1_772' title='bbox 291 2717 401 2750; x_wconf 82' lang='grc' dir='ltr'>πάντως</span> <span class='ocrx_word' id='word_1_773' title='bbox 417 2718 575 2751; x_wconf 78' lang='grc' dir='ltr'>ὰτονοῦντος</span> <span class='ocrx_word' id='word_1_774' title='bbox 587 2719 615 2746; x_wconf 79' lang='grc' dir='ltr'>ὲν</span> <span class='ocrx_word' id='word_1_775' title='bbox 629 2718 734 2746; x_wconf 78' lang='grc' dir='ltr'>κοιλάσι</span> <span class='ocrx_word' id='word_1_776' title='bbox 749 2719 795 2746; x_wconf 85' lang='grc' dir='ltr'>τοῦ</span> <span class='ocrx_word' id='word_1_777' title='bbox 804 2720 870 2747; x_wconf 82' lang='grc' dir='ltr'>Θεοῦ</span> 
     </span>
    </p>
   </div>
   <div class='ocr_carea' id='block_1_106' title="bbox 86 2763 872 2801">
    <p class='ocr_par' dir='ltr' id='par_1_106' title="bbox 86 2763 872 2801">
     <span class='ocr_line' id='line_1_106' title="bbox 86 2763 872 2801; baseline 0.001 -11"><span class='ocrx_word' id='word_1_778' title='bbox 86 2764 202 2800; x_wconf 79' lang='grc' dir='ltr'>Ἰσραήλ.</span> <span class='ocrx_word' id='word_1_779' title='bbox 230 2763 392 2800; x_wconf 83' lang='grc' dir='ltr'>Ἑλληνικῆς</span> <span class='ocrx_word' id='word_1_780' title='bbox 409 2764 438 2790; x_wconf 72' lang='grc' dir='ltr'>δὲ</span> <span class='ocrx_word' id='word_1_781' title='bbox 449 2764 533 2791; x_wconf 77' lang='grc' dir='ltr'>ταῦτα</span> <span class='ocrx_word' id='word_1_782' title='bbox 549 2764 762 2801; x_wconf 78' lang='grc' dir='ltr'>φρενοϐλαϐείας</span> <span class='ocrx_word' id='word_1_783' title='bbox 773 2765 872 2801; x_wconf 80' lang='grc' dir='ltr'><strong>ἐγκλή-</strong></span> 
     </span>
    </p>
   </div>
   <div class='ocr_carea' id='block_1_107' title="bbox 920 2261 1715 2296">
    <p class='ocr_par' dir='ltr' id='par_1_107' title="bbox 920 2261 1715 2296">
     <span class='ocr_line' id='line_1_107' title="bbox 920 2261 1715 2296; baseline 0.001 -8"><span class='ocrx_word' id='word_1_784' title='bbox 920 2261 1006 2293; x_wconf 86' lang='lat' dir='ltr'><strong>aiunt,</strong></span> <span class='ocrx_word' id='word_1_785' title='bbox 1026 2271 1036 2288; x_wconf 86' lang='grc'><strong><em>‹</em></strong></span> <span class='ocrx_word' id='word_1_786' title='bbox 1054 2262 1117 2296; x_wconf 89' lang='lat' dir='ltr'><strong>quia</strong></span> <span class='ocrx_word' id='word_1_787' title='bbox 1133 2261 1203 2289; x_wconf 91' lang='lat' dir='ltr'><strong>Deus</strong></span> <span class='ocrx_word' id='word_1_788' title='bbox 1218 2262 1350 2290; x_wconf 87' lang='lat' dir='ltr'><strong>montium</strong></span> <span class='ocrx_word' id='word_1_789' title='bbox 1365 2262 1435 2290; x_wconf 87' lang='lat' dir='ltr'><strong>Deus</strong></span> <span class='ocrx_word' id='word_1_790' title='bbox 1446 2261 1539 2289; x_wconf 90' lang='lat' dir='ltr'><strong>Israel.</strong></span> <span class='ocrx_word' id='word_1_791' title='bbox 1556 2271 1565 2288; x_wconf 74' lang='grc' dir='ltr'><strong>ι</strong></span> <span class='ocrx_word' id='word_1_792' title='bbox 1584 2261 1612 2289; x_wconf 89' lang='lat' dir='ltr'><strong>Si</strong></span> <span class='ocrx_word' id='word_1_793' title='bbox 1622 2265 1715 2292; x_wconf 85' lang='lat' dir='ltr'><strong>autem</strong></span> 
     </span>
    </p>
   </div>
   <div class='ocr_carea' id='block_1_108' title="bbox 919 2307 1714 2342">
    <p class='ocr_par' dir='ltr' id='par_1_108' title="bbox 919 2307 1714 2342">
     <span class='ocr_line' id='line_1_108' title="bbox 919 2307 1714 2342; baseline 0.001 -9"><span class='ocrx_word' id='word_1_794' title='bbox 919 2314 1068 2342; x_wconf 82' lang='lat' dir='ltr'><strong>pugnemus</strong></span> <span class='ocrx_word' id='word_1_795' title='bbox 1080 2315 1141 2334; x_wconf 88' lang='lat' dir='ltr'><strong>cum</strong></span> <span class='ocrx_word' id='word_1_796' title='bbox 1158 2307 1190 2335; x_wconf 86' lang='lat' dir='ltr'><strong>iis</strong></span> <span class='ocrx_word' id='word_1_797' title='bbox 1202 2307 1228 2335; x_wconf 90' lang='lat' dir='ltr'><strong>in</strong></span> <span class='ocrx_word' id='word_1_798' title='bbox 1244 2308 1452 2342; x_wconf 87' lang='lat' dir='ltr'><strong>campestribus,</strong></span> <span class='ocrx_word' id='word_1_799' title='bbox 1462 2311 1487 2335; x_wconf 92' lang='lat' dir='ltr'><strong>et</strong></span> <span class='ocrx_word' id='word_1_800' title='bbox 1522 2307 1642 2342; x_wconf 80' lang='lat' dir='ltr'><strong>profecto</strong></span> <span class='ocrx_word' id='word_1_801' title='bbox 1664 2315 1714 2335; x_wconf 63' lang='lat' dir='ltr'><strong>su-,</strong></span> 
     </span>
    </p>
   </div>
   <div class='ocr_carea' id='block_1_109' title="bbox 919 2351 1715 2387">
    <p class='ocr_par' dir='ltr' id='par_1_109' title="bbox 919 2351 1715 2387">
     <span class='ocr_line' id='line_1_109' title="bbox 919 2351 1715 2387; baseline 0.005 -9"><span class='ocrx_word' id='word_1_802' title='bbox 919 2351 1085 2387; x_wconf 86' lang='lat' dir='ltr'><strong>perabimus,</strong></span> <span class='ocrx_word' id='word_1_803' title='bbox 1103 2360 1163 2379; x_wconf 91' lang='lat' dir='ltr'><strong>cum</strong></span> <span class='ocrx_word' id='word_1_804' title='bbox 1180 2352 1206 2380; x_wconf 94' lang='lat' dir='ltr'><strong>in</strong></span> <span class='ocrx_word' id='word_1_805' title='bbox 1226 2353 1341 2381; x_wconf 87' lang='lat' dir='ltr'><strong>vallibus</strong></span> <span class='ocrx_word' id='word_1_806' title='bbox 1355 2353 1498 2381; x_wconf 88' lang='lat' dir='ltr'><strong>imbecillis</strong></span> <span class='ocrx_word' id='word_1_807' title='bbox 1527 2354 1562 2381; x_wconf 85' lang='lat' dir='ltr'><strong>sit</strong></span> <span class='ocrx_word' id='word_1_808' title='bbox 1590 2354 1660 2381; x_wconf 87' lang='lat' dir='ltr'><strong>Deus</strong></span> <span class='ocrx_word' id='word_1_809' title='bbox 1674 2353 1715 2382; x_wconf 89' lang='lat' dir='ltr'><strong>Is-.</strong></span> 
     </span>
    </p>
   </div>
   <div class='ocr_carea' id='block_1_110' title="bbox 919 2397 1714 2437">
    <p class='ocr_par' dir='ltr' id='par_1_110' title="bbox 919 2397 1714 2437">
     <span class='ocr_line' id='line_1_110' title="bbox 919 2397 1714 2437; baseline 0.001 -12"><span class='ocrx_word' id='word_1_810' title='bbox 919 2398 985 2426; x_wconf 84' lang='lat' dir='ltr'><strong>rael.</strong></span> <span class='ocrx_word' id='word_1_811' title='bbox 1003 2398 1056 2425; x_wconf 87' lang='lat' dir='ltr'><strong>Sed</strong></span> <span class='ocrx_word' id='word_1_812' title='bbox 1070 2399 1109 2425; x_wconf 78' lang='lat' dir='ltr'><strong>ha:</strong></span> <span class='ocrx_word' id='word_1_813' title='bbox 1119 2397 1219 2426; x_wconf 72' lang='lat' dir='ltr'><strong>Graecae</strong></span> <span class='ocrx_word' id='word_1_814' title='bbox 1231 2398 1373 2426; x_wconf 80' lang='lat' dir='ltr'><strong>dementiae</strong></span> <span class='ocrx_word' id='word_1_815' title='bbox 1406 2398 1612 2426; x_wconf 85' lang='lat' dir='ltr'><strong>criminationes</strong></span> <span class='ocrx_word' id='word_1_816' title='bbox 1635 2403 1714 2437; x_wconf 76' lang='lat' dir='ltr'><strong>sunt,_</strong></span> 
     </span>
    </p>
   </div>
   <div class='ocr_carea' id='block_1_111' title="bbox 919 2445 1710 2481">
    <p class='ocr_par' dir='ltr' id='par_1_111' title="bbox 919 2445 1710 2481">
     <span class='ocr_line' id='line_1_111' title="bbox 919 2445 1710 2481; baseline 0.001 -10"><span class='ocrx_word' id='word_1_817' title='bbox 919 2449 946 2472; x_wconf 87' lang='lat' dir='ltr'><strong>et</strong></span> <span class='ocrx_word' id='word_1_818' title='bbox 962 2452 1053 2472; x_wconf 81' lang='lat' dir='ltr'><strong>verum</strong></span> <span class='ocrx_word' id='word_1_819' title='bbox 1068 2451 1101 2472; x_wconf 92' lang='lat' dir='ltr'><strong>ae</strong></span> <span class='ocrx_word' id='word_1_820' title='bbox 1114 2449 1211 2472; x_wconf 87' lang='lat' dir='ltr'><strong>natura</strong></span> <span class='ocrx_word' id='word_1_821' title='bbox 1227 2445 1310 2472; x_wconf 90' lang='lat' dir='ltr'><strong>Deum</strong></span> <span class='ocrx_word' id='word_1_822' title='bbox 1328 2445 1506 2473; x_wconf 86' lang='lat' dir='ltr'><strong>nescientium</strong></span> <span class='ocrx_word' id='word_1_823' title='bbox 1520 2445 1621 2481; x_wconf 67' lang='lat' dir='ltr'><strong>lingute</strong></span> <span class='ocrx_word' id='word_1_824' title='bbox 1646 2453 1710 2480; x_wconf 89' lang='lat' dir='ltr'><strong>pro-</strong></span> 
     </span>
    </p>
   </div>
   <div class='ocr_carea' id='block_1_112' title="bbox 923 2490 1709 2527">
    <p class='ocr_par' dir='ltr' id='par_1_112' title="bbox 923 2490 1709 2527">
     <span class='ocr_line' id='line_1_112' title="bbox 923 2490 1709 2527; baseline 0.001 -8"><span class='ocrx_word' id='word_1_825' title='bbox 923 2490 1043 2522; x_wconf 80' lang='lat' dir='ltr'><strong>tervitas.</strong></span> <span class='ocrx_word' id='word_1_826' title='bbox 1063 2490 1197 2523; x_wconf 82' lang='lat' dir='ltr'><strong>Quocirca</strong></span> <span class='ocrx_word' id='word_1_827' title='bbox 1213 2490 1405 2527; x_wconf 83' lang='lat' dir='ltr'><strong>indignabatur</strong></span> <span class='ocrx_word' id='word_1_828' title='bbox 1419 2493 1563 2520; x_wconf 85' lang='lat' dir='ltr'><strong>adversum</strong></span> <span class='ocrx_word' id='word_1_829' title='bbox 1578 2492 1709 2527; x_wconf 78' lang='lat' dir='ltr'><strong>alienige-</strong></span> 
     </span>
    </p>
   </div>
   <div class='ocr_carea' id='block_1_113' title="bbox 923 2536 1709 2573">
    <p class='ocr_par' dir='ltr' id='par_1_113' title="bbox 923 2536 1709 2573">
     <span class='ocr_line' id='line_1_113' title="bbox 923 2536 1709 2573; baseline 0.003 -9"><span class='ocrx_word' id='word_1_830' title='bbox 923 2543 973 2564; x_wconf 87' lang='lat' dir='ltr'><strong>nas</strong></span> <span class='ocrx_word' id='word_1_831' title='bbox 983 2536 1154 2571; x_wconf 82' lang='lat' dir='ltr'><strong>omnipotens</strong></span> <span class='ocrx_word' id='word_1_832' title='bbox 1169 2536 1251 2570; x_wconf 82' lang='lat' dir='ltr'><strong>Deus,</strong></span> <span class='ocrx_word' id='word_1_833' title='bbox 1264 2538 1486 2571; x_wconf 78' lang='lat' dir='ltr'><strong>etmeritiSsimo.</strong></span> <span class='ocrx_word' id='word_1_834' title='bbox 1503 2538 1642 2573; x_wconf 82' lang='lat' dir='ltr'><strong>quoniam.</strong></span> <span class='ocrx_word' id='word_1_835' title='bbox 1661 2539 1709 2566; x_wconf 91' lang='lat' dir='ltr'><strong>de-</strong></span> 
     </span>
    </p>
   </div>
   <div class='ocr_carea' id='block_1_114' title="bbox 923 2582 1708 2618">
    <p class='ocr_par' dir='ltr' id='par_1_114' title="bbox 923 2582 1708 2618">
     <span class='ocr_line' id='line_1_114' title="bbox 923 2582 1708 2618; baseline 0.005 -10"><span class='ocrx_word' id='word_1_836' title='bbox 923 2582 995 2610; x_wconf 86' lang='lat' dir='ltr'><strong>victo</strong></span> <span class='ocrx_word' id='word_1_837' title='bbox 1006 2582 1039 2610; x_wconf 87' lang='lat' dir='ltr'><strong>ab</strong></span> <span class='ocrx_word' id='word_1_838' title='bbox 1054 2589 1084 2609; x_wconf 89' lang='lat' dir='ltr'><strong>se</strong></span> <span class='ocrx_word' id='word_1_839' title='bbox 1094 2582 1202 2615; x_wconf 88' lang='lat' dir='ltr'><strong>Israele,</strong></span> <span class='ocrx_word' id='word_1_840' title='bbox 1217 2586 1247 2611; x_wconf 86' lang='lat' dir='ltr'><strong>ut</strong></span> <span class='ocrx_word' id='word_1_841' title='bbox 1255 2583 1321 2615; x_wconf 84' lang='lat' dir='ltr'><strong>dixi,</strong></span> <span class='ocrx_word' id='word_1_842' title='bbox 1335 2583 1387 2611; x_wconf 86' lang='lat' dir='ltr'><strong>diis</strong></span> <span class='ocrx_word' id='word_1_843' title='bbox 1400 2584 1458 2611; x_wconf 81' lang='lat' dir='ltr'><strong>suis</strong></span> <span class='ocrx_word' id='word_1_844' title='bbox 1472 2585 1576 2618; x_wconf 77' lang='lat' dir='ltr'><strong>gratias</strong></span> <span class='ocrx_word' id='word_1_845' title='bbox 1606 2584 1708 2612; x_wconf 82' lang='lat' dir='ltr'><strong>refere-</strong></span> 
     </span>
    </p>
   </div>
   <div class='ocr_carea' id='block_1_115' title="bbox 920 2627 1713 2664">
    <p class='ocr_par' dir='ltr' id='par_1_115' title="bbox 920 2627 1713 2664">
     <span class='ocr_line' id='line_1_115' title="bbox 920 2627 1713 2664; baseline 0.001 -9"><span class='ocrx_word' id='word_1_846' title='bbox 920 2627 995 2661; x_wconf 87' lang='lat' dir='ltr'><strong>bant,</strong></span> <span class='ocrx_word' id='word_1_847' title='bbox 1017 2628 1214 2664; x_wconf 85' lang='lat' dir='ltr'><strong>delirantesquc</strong></span> <span class='ocrx_word' id='word_1_848' title='bbox 1233 2629 1314 2657; x_wconf 87' lang='lat' dir='ltr'><strong>etiam</strong></span> <span class='ocrx_word' id='word_1_849' title='bbox 1342 2629 1426 2657; x_wconf 85' lang='lat' dir='ltr'><strong>Deum</strong></span> <span class='ocrx_word' id='word_1_850' title='bbox 1453 2629 1542 2664; x_wconf 89' lang='lat' dir='ltr'><strong>ipsum</strong></span> <span class='ocrx_word' id='word_1_851' title='bbox 1567 2636 1596 2657; x_wconf 92' lang='lat' dir='ltr'><strong>se</strong></span> <span class='ocrx_word' id='word_1_852' title='bbox 1611 2629 1713 2656; x_wconf 81' lang='lat' dir='ltr'><strong>vicisse</strong></span> 
     </span>
    </p>
   </div>
   <div class='ocr_carea' id='block_1_116' title="bbox 920 2673 1708 2710">
    <p class='ocr_par' dir='ltr' id='par_1_116' title="bbox 920 2673 1708 2710">
     <span class='ocr_line' id='line_1_116' title="bbox 920 2673 1708 2710; baseline 0.003 -10"><span class='ocrx_word' id='word_1_853' title='bbox 920 2673 1129 2702; x_wconf 86' lang='lat' dir='ltr'><strong>arbitrabantur.</strong></span> <span class='ocrx_word' id='word_1_854' title='bbox 1138 2674 1202 2702; x_wconf 88' lang='lat' dir='ltr'><strong>Post</strong></span> <span class='ocrx_word' id='word_1_855' title='bbox 1218 2674 1373 2703; x_wconf 79' lang='lat' dir='ltr'><strong>defunctum</strong></span> <span class='ocrx_word' id='word_1_856' title='bbox 1387 2675 1529 2707; x_wconf 88' lang='lat' dir='ltr'><strong>Achab,et</strong></span> <span class='ocrx_word' id='word_1_857' title='bbox 1545 2682 1624 2710; x_wconf 88' lang='lat' dir='ltr'><strong>reges</strong></span> <span class='ocrx_word' id='word_1_858' title='bbox 1636 2675 1708 2703; x_wconf 91' lang='lat' dir='ltr'><strong>dein-</strong></span> 
     </span>
    </p>
   </div>
   <div class='ocr_carea' id='block_1_117' title="bbox 919 2720 1710 2756">
    <p class='ocr_par' dir='ltr' id='par_1_117' title="bbox 919 2720 1710 2756">
     <span class='ocr_line' id='line_1_117' title="bbox 919 2720 1710 2756; baseline 0.001 -9"><span class='ocrx_word' id='word_1_859' title='bbox 919 2727 983 2755; x_wconf 86' lang='lat' dir='ltr'><strong>ceps</strong></span> <span class='ocrx_word' id='word_1_860' title='bbox 997 2720 1074 2754; x_wconf 87' lang='lat' dir='ltr'><strong>alios,</strong></span> <span class='ocrx_word' id='word_1_861' title='bbox 1086 2721 1146 2756; x_wconf 86' lang='lat' dir='ltr'><strong>ejus</strong></span> <span class='ocrx_word' id='word_1_862' title='bbox 1157 2728 1340 2754; x_wconf 82' lang='lat' dir='ltr'><strong>successores,</strong></span> <span class='ocrx_word' id='word_1_863' title='bbox 1358 2728 1406 2748; x_wconf 87' lang='lat' dir='ltr'><strong>rex</strong></span> <span class='ocrx_word' id='word_1_864' title='bbox 1420 2720 1501 2748; x_wconf 87' lang='lat' dir='ltr'><strong>Israel</strong></span> <span class='ocrx_word' id='word_1_865' title='bbox 1525 2721 1552 2748; x_wconf 91' lang='lat' dir='ltr'><strong>in</strong></span> <span class='ocrx_word' id='word_1_866' title='bbox 1583 2720 1710 2753; x_wconf 74' lang='lat' dir='ltr'><strong>Samaria</strong></span> 
     </span>
    </p>
   </div>
   <div class='ocr_carea' id='block_1_118' title="bbox 919 2765 1709 2806">
    <p class='ocr_par' dir='ltr' id='par_1_118' title="bbox 919 2765 1709 2806">
     <span class='ocr_line' id='line_1_118' title="bbox 919 2765 1709 2806; baseline 0.005 -14"><span class='ocrx_word' id='word_1_867' title='bbox 919 2769 1028 2793; x_wconf 82' lang='lat' dir='ltr'><strong>creatur</strong></span> <span class='ocrx_word' id='word_1_868' title='bbox 1043 2765 1185 2795; x_wconf 79' lang='lat' dir='ltr'><strong>Jeroboam</strong></span> <span class='ocrx_word' id='word_1_869' title='bbox 1199 2766 1269 2795; x_wconf 80' lang='lat' dir='ltr'><strong>[ilius</strong></span> <span class='ocrx_word' id='word_1_870' title='bbox 1280 2765 1354 2801; x_wconf 82' lang='lat' dir='ltr'><strong>Joas,</strong></span> <span class='ocrx_word' id='word_1_871' title='bbox 1375 2766 1444 2794; x_wconf 87' lang='lat' dir='ltr'><strong>alius</strong></span> <span class='ocrx_word' id='word_1_872' title='bbox 1456 2773 1471 2793; x_wconf 89' lang='lat' dir='ltr'><strong>a</strong></span> <span class='ocrx_word' id='word_1_873' title='bbox 1485 2765 1572 2800; x_wconf 89' lang='lat' dir='ltr'><strong>primo</strong></span> <span class='ocrx_word' id='word_1_874' title='bbox 1585 2765 1631 2806; x_wconf 83' lang='lat' dir='ltr'><strong>qui</strong></span> <span class='ocrx_word' id='word_1_875' title='bbox 1657 2765 1709 2799; x_wconf 70' lang='lat' dir='ltr'><strong>fuit</strong></span> 
     </span>
    </p>
   </div>
   <div class='ocr_carea' id='block_1_119' title="bbox 109 2849 1020 2891">
    <p class='ocr_par' dir='ltr' id='par_1_119' title="bbox 109 2849 1020 2891">
     <span class='ocr_line' id='line_1_119' title="bbox 109 2849 1020 2891; baseline 0 -11"><span class='ocrx_word' id='word_1_876' title='bbox 109 2853 131 2868; x_wconf 82' lang='grc'><strong>’⁸</strong></span> <span class='ocrx_word' id='word_1_877' title='bbox 147 2852 179 2887; x_wconf 72' lang='lat' dir='ltr'><strong>III</strong></span> <span class='ocrx_word' id='word_1_878' title='bbox 198 2852 267 2888; x_wconf 68' lang='lat' dir='ltr'><strong>Reg.</strong></span> <span class='ocrx_word' id='word_1_879' title='bbox 291 2860 336 2886; x_wconf 85' lang='lat' dir='ltr'><strong>xx,</strong></span> <span class='ocrx_word' id='word_1_880' title='bbox 355 2853 367 2882; x_wconf 77' lang='lat' dir='ltr'><strong>I</strong></span> <span class='ocrx_word' id='word_1_881' title='bbox 419 2853 441 2869; x_wconf 70' lang='grc' dir='ltr'><strong>’τ’</strong></span> <span class='ocrx_word' id='word_1_882' title='bbox 459 2851 491 2879; x_wconf 89' lang='lat' dir='ltr'><strong>IV</strong></span> <span class='ocrx_word' id='word_1_883' title='bbox 513 2851 578 2887; x_wconf 77' lang='lat' dir='ltr'><strong>Reg.</strong></span> <span class='ocrx_word' id='word_1_884' title='bbox 601 2860 648 2882; x_wconf 69' lang='lat' dir='ltr'><strong>tu.</strong></span> <span class='ocrx_word' id='word_1_885' title='bbox 675 2852 716 2880; x_wconf 77' lang='grc'><strong>18.</strong></span> <span class='ocrx_word' id='word_1_886' title='bbox 759 2849 815 2879; x_wconf 70' lang='lat' dir='ltr'><strong>‘III</strong></span> <span class='ocrx_word' id='word_1_887' title='bbox 832 2849 900 2891; x_wconf 76' lang='lat' dir='ltr'><strong>Reg.</strong></span> <span class='ocrx_word' id='word_1_888' title='bbox 918 2851 1020 2885; x_wconf 52' lang='lat'><strong>33,28.</strong></span> 
     </span>
    </p>
   </div>
  </div>
