1919 3041
67 156 106 188 ιιι

66 215 104 242 τοῦ
114 213 177 241 υιοΰ.
189 221 199 239 ι
216 212 278 245 Πῶς
292 211 347 248 γὰρ
365 211 404 239 ἔτι
419 211 606 248 μακρόθυμος,
623 210 670 237 καὶ
690 209 833 241 πολυέλεος
847 210 871 239 Α

65 259 133 288 ὁτῶν
145 257 211 285 ὅλων
232 257 383 292 Δεσπότης,
402 257 427 283 εί
448 256 485 292 μὴ
502 256 608 291 ἀνίησιν
624 254 773 290 ἁμαρτίας,
790 254 839 281 καὶ

66 302 188 338 καθαρίζει
199 302 245 329 τὸν
261 301 363 337 ἔνοχον,
375 301 534 336 παρατείνει
545 300 574 327 δὲ
593 299 693 335 μᾶλλον
704 299 753 334 τὴν
773 299 838 333 ἀγα-

65 350 177 384 νάκτησιν
195 347 240 374 ἐπὶ
254 347 360 382 τρίτην,
375 347 422 373 καὶ
436 346 571 382 τετάρτην
587 345 698 380 γενεάν;
722 344 769 376 Τίς
789 341 837 371 οὖν

62 395 167 429 ὸλόγος;
186 393 265 420 Ἔστι
288 393 337 428 μὲν
361 390 408 419 οὖν
430 391 609 424 ἀνεξίκακος,
631 391 670 423 ὡς
692 390 772 425 ἔφην,
789 389 837 417 καὶ

63 438 217 474 ἀσυγκρίτως
228 436 341 470 ἀγαθὸς,
355 437 402 464 καὶ
420 437 470 463 οὒκ
481 436 561 467 εὐθὺς
577 437 634 467 τοῖς
649 435 837 471 ἡμαρτηκόσιν

63 485 145 519 ἐπάγει
155 484 203 519 τὴν
219 483 342 510 κόλασιν.
356 480 529 509 ’Υποτίθεται
542 481 581 514 δὲ,
594 481 642 509 καὶ
658 482 698 512 είς
709 480 838 516 δευτέραν

64 530 153 566 γενεὰν,
164 530 188 555 εί
203 529 276 564 τάχα
298 537 340 560 τις
355 527 575 563 παρεισὸαλοῦσα
593 527 761 563 μετάγνωσις
779 527 841 554 ἀνα-

64 577 141 610 κόψειε
159 575 208 609 τήν
224 574 321 609 ὀργήν,
342 573 412 600 ’Δλλ¹
430 574 454 600 εί
470 573 507 609 μὴ
527 571 606 599 τοῦτο
622 571 729 606 γένοιτο
748 571 840 605 τυχὸν,

62 621 112 649 οίδὲ
122 622 151 647 ἐκ
161 619 207 646 τοῦ
219 619 330 655 πρώτου
340 619 426 654 τρίτοι
440 628 469 645 τε
497 619 544 645 καὶ
557 618 682 654 τέταρτοι
695 618 752 649 τοῖς
763 617 840 650 ἴσοις,

62 668 76 702 ἥ
90 668 130 694 καὶ
147 667 200 697 τοῖς
213 665 254 692 ἔτι
271 665 391 700 χείροσιν
411 665 531 692 ὲναλοίεν
550 666 657 696 κακοῖς,
674 664 722 690 καὶ
738 670 841 700 προγο-

62 713 129 747 νικῆς
145 710 304 742 δυσσεϐείας
320 710 487 745 εὑρίσκοιντο
504 710 632 746 μιμηταὶ,
653 709 714 736 τότε
733 709 765 744 δὴ
781 709 842 735 τότε

62 756 139 784 λοιπὸν
148 755 246 789 ἐπάγει
257 755 307 787 τὰς
317 755 404 788 δίκας,
418 756 584 791 ἀποχρῶσαν
597 755 637 790 τῷ
650 755 723 789 γένει
733 755 783 789 τήν
796 754 842 781 ἐπὶ

62 804 109 834 τοῖς
126 802 173 837 ήδη
195 801 393 837 παρῳχηκόσιν
416 802 593 835 ἀνεξικακίαν
608 801 751 833 ἐπιδιδοὺς,
764 809 843 827 τουτ-

63 849 118 882 έστι,
132 849 159 876 τὸ
169 848 313 884 ἐπιφέρειν
323 848 461 884 ἁμαρτίας
477 849 603 884 πατέρων
617 848 663 875 ἐπὶ
674 847 779 884 τρίτην,
795 848 842 874 καὶ

63 895 180 930 τετάρτην
196 894 308 929 γενεάν.
321 893 452 931 ⁷Αρ¹οὗν,
470 895 554 931 φησὶ,
578 895 794 931 μακροθυμήσας
811 895 843 930 τῇ

64 941 184 977 Δαμασκῷ
197 942 372 974 πλειστάκις,
383 942 433 968 οὐκ
446 941 667 977 ἀγανακτήσαιμι
682 940 783 972 λοιπὸν,
798 939 845 966 καὶ

65 989 152 1023 σφόδρα
164 988 291 1021 είκότως,
305 989 351 1015 ἐπὶ
365 988 438 1023 τρισὶ
450 987 497 1014 καὶ
514 987 662 1022 τέσσαρσιν
677 986 843 1022 ἁμαρτίαιςς

64 1036 90 1062 Τί
108 1035 157 1071 γὰρ
170 1034 337 1070 δεδράκασις
357 1034 446 1061 Πολλὰ
465 1034 513 1069 μὲν
528 1033 577 1061 καὶ
597 1033 687 1069 ἕτερα.
705 1032 778 1068 Πλὴν
796 1032 845 1067 τῆς

64 1082 121 1116 ἄγαν
138 1081 278 1116 ὠμότητος
294 1079 435 1106 ἀποτιοῦσι
453 1079 531 1111 δίκας
542 1086 548 1094 ·
568 1087 578 1106 ι
593 1079 651 1105 Οὐκ
669 1076 847 1112 ἀποστραφή·

66 1136 134 1163 caput
145 1126 196 1162 γὰρ
217 1126 335 1158 αὐτοὺς,
352 1126 411 1153 ἀνθ’
428 1122 466 1153 ὧν
479 1124 591 1161 ἐπριζον
615 1124 707 1159 πρίοσι
726 1123 846 1158 σιδηροῖς

64 1174 105 1206 τὰς
116 1175 142 1200 ὲν
158 1173 258 1209 γαστρὶ
283 1172 398 1208 ἐχούσας
418 1172 472 1199 τῶν
493 1172 523 1198 ὲν
545 1170 683 1197 Γαλαάδ.ι
701 1170 779 1196 Ἐστι
798 1169 846 1204 μὲν

65 1218 102 1248 οὖν
112 1221 127 1255 ὴ
138 1218 243 1246 Γαλαὰδ
260 1219 377 1254 πολίχνη
394 1218 443 1253 τῆς
462 1217 604 1248 Ἰουδαίας,
617 1216 646 1242 ἐν
666 1215 782 1250 μεθορίῳ
796 1214 846 1249 τῆς

66 1266 236 1293 Halms-rwth
253 1265 381 1301 κειμένη.
400 1264 508 1299 Ταύτην
528 1263 553 1290 οἱ
575 1263 655 1298 Σύροι
677 1260 846 1297 προκατελά-

66 1310 139 1342 6οντο,
153 1311 198 1336 καὶ
213 1309 389 1345 πανωλεθρίᾳ
409 1309 576 1343 διέφθειραν,
593 1307 685 1343 πρίοσι
703 1306 847 1341 τέμνοντες

68 1356 170 1391 σιδηροῖς
192 1356 242 1387 τὰς
264 1357 295 1382 ὲν
309 1355 410 1390 γαστρὶ
431 1355 561 1390 ἐχούσας,
583 1353 630 1380 καὶ
646 1351 713 1388 ὀμοῦ
738 1352 846 1387 νηπίοις

65 1402 119 1436 ὠμὰ
131 1401 267 1435 γυναικῶν
288 1401 437 1432 κτείνοντες
460 1400 575 1436 ἔμϐρυα,
600 1398 718 1434 Πρίονας
734 1398 761 1425 δὲ
777 1397 848 1433 σιδη-

68 1448 120 1482 ροῦς
138 1448 197 1479 τοὺς
217 1447 275 1474 τῶν
290 1446 402 1483 ἁμαξῶν
417 1446 545 1482 ὀνομάζει
561 1445 689 1480 τροχοὺς,
705 1441 746 1475 οἷς
765 1451 848 1470 κατα-

67 1493 192 1520 λεπτύνειν
203 1493 267 1526 ἔθος
277 1493 326 1528 τὴν
342 1493 398 1520 ᾶλω
411 1494 467 1524 τοῖς
479 1491 586 1527 Σύροις.
601 1491 656 1517 Καὶ
666 1490 732 1524 γοῦν
746 1489 792 1516 καὶ
804 1489 848 1516 διὰ

68 1541 145 1575 φωνῆς
157 1540 271 1567 Ἡσαΐου
285 1540 351 1575 φησί
364 1548 416 1566 που
427 1538 492 1570 Θεὸς
507 1538 576 1573 πρὸς
587 1537 636 1572 τὴν
647 1536 700 1563 τῶν
714 1535 848 1563 Ἰουδαίων
861 1549 883 1578 G

68 1587 227 1620 Συναγωγήν·
244 1595 254 1612 ι
278 1585 343 1612 Ὶδοίι
358 1585 474 1620 ἐποίησά
492 1592 521 1610 σε
542 1584 581 1616 ὡς
595 1582 709 1619 τροχοὺς
730 1580 847 1617 ἁμάξης,

67 1632 199 1664 ἀλοῶντας,
223 1632 338 1664 καινοὺς
348 1652 355 1664 ,
383 1629 608 1667 πριστηροειδεϊς.
619 1639 629 1656 ι
645 1630 756 1664 Ὅμοιον
770 1628 807 1660 ὡς
824 1627 849 1654 εί

68 1677 130 1711 λέγοι
142 1678 220 1713 τυχὸν
233 1678 305 1714 πρὸς
320 1677 369 1713 τὴν
384 1676 542 1712 Δαμασκόν·
555 1675 724 1710 Καταλοήσω
739 1682 786 1700 σου
799 1673 850 1708 τὴν

68 1723 143 1758 δίκην,
156 1723 222 1751 καθὸ
236 1723 423 1759 κατηλόησας,
437 1723 484 1749 καὶ
501 1721 662 1756 συνέτριψας
677 1720 741 1751 τοὺς
755 1720 783 1745 ὲν
797 1719 850 1745 Γα-

69 1767 138 1801 λαὰδ,
156 1770 192 1802 ὼς
213 1770 283 1805 μηδὲ
301 1769 390 1796 αὐτῶν
409 1767 553 1804 φείσασθαι
575 1767 628 1793 τῶν
648 1766 688 1793 ἔτι
704 1765 777 1792 κατὰ
799 1772 850 1799 γα-

70 1815 148 1850 στρὸς,
160 1813 199 1848 οἷς
213 1817 227 1843 ὁ
246 1815 325 1851 παρὰ
340 1815 447 1842 πάντων
463 1814 537 1846 ἔλεος
549 1812 701 1844 ἀκολουθεῖ,
716 1812 763 1838 καὶ
776 1811 851 1846 ὀφεί-

70 1859 142 1887 λεται.
155 1862 214 1888 Ὀτι
234 1861 268 1888 ,δὲ
292 1860 393 1895 ὠμῶς,
415 1859 463 1886 καὶ
481 1859 584 1894 ἀγρίως
599 1858 654 1888 τοῖς
675 1855 705 1888 ἐξ
727 1854 850 1890 Ἰσραὴλ,

70 1907 260 1942 κατεχρήσαντο
273 1906 329 1932 τῶν
346 1906 378 1932 ἐκ
393 1903 540 1940 Δαμασκοῦ
557 1911 637 1935 τινες.
655 1900 805 1936 ἀναμάθοις
819 1900 851 1926 ἂν

70 1952 161 1979 ἀκονιτὶ
188 1953 245 1983 τοῖς
262 1950 400 1978 Ἑλισσαιὲ
422 1950 469 1977 τοῦ
491 1950 630 1984 προφήτου
656 1947 744 1981 λόγοις
770 1953 853 1981 προσ-

70 1998 190 2034 εσχηκώς.
204 1998 333 2033 ’Δφίκετο
347 1996 396 2032 μὲν
407 1995 461 2031 γὰρ
472 1995 511 2027 είς
522 1994 567 2021 τὸν
578 1992 731 2028 Δαμασκόν.
745 1989 852 2025 Ἐπειδὴ

70 2044 94 2070 δὲ
104 2045 246 2079 συνήντησε
257 2043 299 2079 τῷ
313 2041 422 2078 ’Δζαὴλ,
436 2038 641 2077 ἁῤῥωστοῦντος
653 2039 693 2065 ἔτι
705 2037 752 2064 τοῦ
765 2036 852 2071 Ἀδὲρ,

70 2098 81 2115 ι
94 2090 232 2122 Ἐκλαυσε,
254 2089 349 2124 φησὶν,
368 2089 382 2115 ὸ
396 2087 538 2123 ἄνθρωπος
553 2085 600 2112 τοῦ
616 2083 697 2111 Θεοῦ.
707 2083 762 2110 Καὶ
779 2080 854 2108 εἶπεν

76 2135 173 2170 Ἀζαήλ,
187 2136 219 2162 Τί
232 2136 275 2162 ὃτι
291 2136 304 2161 ὁ
319 2133 412 2169 κύριός
429 2141 479 2168 μου
494 2131 601 2164 κλαίει;
616 2130 671 2157 Καὶ
685 2127 772 2161 εἶπεν,
789 2125 854 2154 Οἶδα

70 2179 113 2206 ida
124 2181 244 2215 ποιήσεις
260 2180 319 2210 τοῖς
333 2179 403 2210 υίοῖς
419 2176 528 2212 Ἰσραὴλ
540 2175 622 2202 κακά.
635 2174 675 2201 Τὰ
690 2173 855 2208 ὀχυρώματα

524 148 801 181 COMMENTARIUS
820 148 853 176 IN
873 149 966 177 ΑΜοὸ
985 145 1205 178 ΡΒΟΡΠΕΊἊΜ.

860 881 881 909 Β

1625 150 1676 180 422

886 209 997 236 multum
1013 209 1168 237 misericors
1182 209 1369 237 universorum
1383 209 1522 241 Dominus,
1534 209 1556 236 si
1569 216 1677 244 peccata

890 262 945 282 non
960 253 1082 287 dimittit.
1099 262 1149 282 nec
1169 262 1246 283 reum
1265 260 1378 291 purgat;
1402 256 1448 283 scd
1466 254 1678 290 indignationem

890 299 980 335 potius
998 300 1024 326 in
1041 300 1148 327 tertiam
1168 305 1194 328 et
1223 305 1347 335 quartam
1365 301 1568 335 generationem
1585 302 1680 327 exten-

890 345 951 374 dit?
964 345 1030 380 Quae
1055 347 1124 374 ratio
1146 352 1187 374 est
1209 347 1310 381 igitur?
1323 346 1432 374 Patiens
1445 351 1499 379 est,
1515 351 1546 374 ut
1569 346 1636 378 diri,
1652 350 1679 374 et

892 391 978 419 bonus
991 392 1112 420 bonitate
1126 393 1340 427 incomparabili,
1357 400 1406 420 nec
1419 397 1563 427 peccantes
1587 392 1679 419 statim

891 438 987 473 punit;
1011 439 1100 466 dilfert
1124 443 1213 466 autem
1238 439 1318 466 etiam
1346 440 1373 466 in
1398 438 1509 466 alteram
1526 438 1679 474 generatio-

892 490 964 515 nem,
981 483 1004 511 si
1021 491 1074 518 qua
1099 483 1169 511 forte
1192 484 1381 519 resipiscentia
1396 485 1584 519 'subingressa.
1607 484 1677 511 irant

892 529 1010 557 divinam
1021 529 1177 557 inltilmerit.
1195 529 1222 556 Id
1233 530 1254 556 si
1269 537 1322 557 non
1334 530 1488 564 contigerit,
1500 531 1546 557 sed
1558 538 1573 557 a
1586 531 1679 565 primis

891 575 965 602 tertii
987 580 1014 602 et
1039 575 1129 610 quarti
1155 576 1266 610 paribus
1291 580 1337 602 aut
1374 575 1457 602 etiam
1483 574 1629 609 majoribus
1652 576 1678 602 in

892 620 1038 648 sceleribus
1055 619 1227 655 deprehensi,
1251 625 1278 647 et
1296 621 1376 647 avitae
1398 620 1544 655 impietatis
1562 620 1680 647 imitatr»

892 674 936 694 res
950 666 1061 698 fuerint,
1077 671 1140 694 tunc
1151 666 1277 693 nimirum
1288 666 1344 701 jam
1358 673 1452 699 poenas
1467 665 1558 698 infert,
1573 671 1680 700 postea-

893 720 972 748 quam
988 712 1079 746 generi
1101 711 1278 739 suﬂicientem
1300 717 1411 746 propter
1425 711 1561 746 praeterita
1576 710 1680 746 patien-

894 759 956 786 tiam
976 758 1096 799 indulsit.
1115 756 1171 785 lioc
1190 762 1231 785 est
1255 758 1384 785 inducere
1400 762 1511 792 peccata
1526 761 1633 792 patrum
1654 757 1681 784 in

895 805 1002 832 tertiam
1023 808 1050 831 et
1066 809 1190 838 quartam
1215 803 1427 837 generationem.
1448 803 1494 829 Ait
1513 802 1603 836 igitur,
1620 809 1680 829 cum

897 848 1054 875 Damascum
1069 851 1226 882 peccantem
1243 846 1428 881 saepenumero
1445 846 1498 874 leni
1513 847 1604 874 animo
1620 854 1682 881 pas-

896 900 942 921 sus
963 893 1026 924 sim,
1052 899 1144 920 nonne
1162 892 1313 927 justissime
1335 892 1362 919 in
1391 897 1529 926 pasterum
1558 891 1684 927 indigner

895 947 976 974 super
991 938 1081 966 tribus
1094 943 1121 966 et
1146 943 1262 972 quatuor
1276 937 1414 973 peccatis?
1429 937 1497 971 Quid
1517 945 1598 972 porro
1611 937 1684 965 fece-

895 985 977 1013 runt?
999 985 1080 1012 Multa
1099 985 1206 1019 quidem
1231 988 1258 1011 et.
1280 984 1348 1018 alia;
1373 989 1558 1011 verumtamen
1579 990 1683 1018 magna!

895 1030 1034 1065 cujusdam
1054 1030 1166 1058 suvitiae
1189 1036 1284 1064 pinnas
1300 1029 1482 1056 sustinebunt.
1501 1037 1511 1054 ι
1530 1027 1588 1055 Non
1610 1029 1683 1055 enim

895 1081 1051 1104 convertam
1077 1083 1135 1108 eos,
1160 1075 1287 1109 quoniam
1311 1078 1458 1101 secuerunt
1482 1073 1565 1100 serris
1587 1072 1684 1100 ferreis

896 1125 1065 1157 praegnantes
1089 1121 1201 1148 Galaad.
1220 1129 1229 1146 ι
1260 1118 1420 1154 Oppidulum
1449 1123 1490 1146 est
1522 1117 1623 1146 Galaad
1653 1118 1682 1145 in

895 1168 1046 1196 confinibus
1071 1167 1219 1194 Palaestinae
1248 1166 1339 1194 situm.
1356 1165 1411 1193 Hoc
1440 1165 1499 1201 Syri
1527 1171 1683 1200 occupave-

897 1219 968 1245 rant,
983 1213 1157 1248 funditusque
1171 1211 1356 1247 perdiderant,
1375 1211 1447 1245 ipsas
1460 1211 1541 1238 etiam
1559 1210 1685 1245 gravidas

897 1259 1022 1286 mulieres
1037 1259 1120 1286 serris
1133 1257 1310 1289 dissecantes,
1325 1261 1352 1283 et
1364 1263 1424 1282 cum
1439 1255 1589 1282 infantibus
1602 1254 1684 1281 etiam

896 1304 967 1332 fetus
987 1304 1074 1332 adhuc
1096 1303 1269 1338 imperfectos
1287 1302 1484 1330 interimcntes.
1512 1301 1607 1328 Serras
1628 1300 1684 1326 l'er-

897 1358 957 1377 reas
972 1357 1097 1377 curruum
1120 1353 1193 1376 rotas
1215 1347 1347 1380 nominat,
1369 1347 1468 1381 quibus
1485 1353 1577 1372 aream
1598 1349 1685 1372 terere

898 1395 973 1432 Syris
996 1403 1055 1423 mus
1077 1399 1129 1422 est.
1154 1394 1248 1428 Itaque
1275 1398 1302 1421 et
1327 1400 1374 1419 ore
1394 1391 1469 1418 Isaiae
1493 1390 1591 1417 alicubi
1615 1390 1686 1417 Deus

897 1441 1049 1469 Iudaeorum
1064 1440 1236 1476 Synagogam
1250 1439 1289 1466 sic
1303 1436 1469 1472 alloquitur:
1485 1434 1566 1470 255
1584 1443 1594 1460 ι
1615 1434 1685 1461 Ecce

899 1487 950 1515 feci
974 1492 1001 1515 te
1021 1486 1099 1522 quasi
1126 1489 1201 1512 rotas
1228 1483 1340 1519 plaustri
1364 1483 1523 1509 triturantes
1543 1487 1637 1513 novas,
1658 1481 1685 1507 in

899 1540 1036 1562 serrarum
1052 1532 1159 1559 modum
1172 1532 1207 1558 ¹².
1227 1540 1237 1557 ι
1261 1529 1343 1563 Quasi
1368 1529 1527 1555 Damascum
1551 1526 1587 1553 ita
1611 1533 1686 1553 com-

900 1576 1152 1612 pellet:Triturabo
1166 1581 1276 1610 pmnam
1293 1580 1366 1601 tuam
1382 1573 1452 1599 sicut
1465 1576 1494 1598 tu
1512 1569 1643 1598 triturasti
1659 1573 1688 1598 et

899 1621 1051 1650 contrivisti
1075 1620 1177 1648 incolas
1202 1618 1312 1651 Galaad,
1339 1622 1367 1644 ut
1392 1623 1444 1644 nec
1460 1617 1486 1643 in
1506 1621 1584 1643 utero
1601 1614 1688 1642 adhuc

899 1668 1045 1696 latentibus
1060 1673 1197 1702 parceres,
1220 1665 1319 1700 quibus
1339 1664 1373 1691 ab
1386 1662 1513 1691 omnibus
1529 1661 1684 1688 misericor-

900 1715 942 1743 dia
968 1714 1094 1741 tribuitur
1117 1716 1144 1740 et
1164 1712 1285 1739 debetur.
1309 1709 1464 1737 Crudeliter
1487 1712 1576 1734 autem
1591 1710 1619 1734 et
1635 1706 1688 1733 im-

901 1761 1018 1788 maniter
1041 1767 1056 1786 a
1087 1757 1262 1786 Damascenis
1286 1755 1446 1790 quibusdam
1473 1758 1603 1781 tractatos
1627 1759 1688 1779 esse

901 1806 1037 1833 lsraelitas
1062 1804 1141 1832 facile
1164 1804 1264 1836 disras,
1290 1802 1312 1829 si
1342 1801 1421 1828 Elisei
1440 1800 1578 1835 prophetae
1599 1797 1690 1825 verbis

901 1850 1035 1877 attendas.
1055 1849 1133 1876 Venit
1144 1850 1215 1876 enim
1228 1846 1401 1873 Damascum.
1416 1845 1449 1873 Ut
1466 1849 1555 1872 autem
1568 1842 1686 1870 occurrit

902 1895 1006 1927 Azaeli,
1023 1895 1110 1922 adhuc
1118 1896 1267 1927 aegrotante
1283 1892 1338 1919 lilio
1351 1891 1423 1918 Ader
1435 1889 1594 1925 (Bcnadab),
1610 1897 1620 1914 ι
1632 1887 1690 1914 Fle-

903 1941 940 1968 vit
969 1941 1049 1968 homo
1078 1940 1132 1972 dei,
1149 1948 1159 1964 ι
1190 1943 1219 1965 ιιι
1246 1938 1386 1972 Scriptura
1417 1935 1514 1970 inquit.
1539 1934 1596 1960 «Et
1623 1933 1689 1960 dixit

902 1986 1005 2018 Azael,
1032 1991 1115 2019 quare
1137 1984 1266 2011 Dominus
1286 1989 1362 2009 meus
1385 1980 1446 2008 ﬂet?
1470 1980 1503 2007 Et
1528 1979 1687 2014 respondit,

904 2032 973 2066 Quia
996 2032 1053 2059 scio
1068 2036 1236 2065 quaecunque
1253 2029 1375 2056 facturus
1388 2035 1419 2054 es
1435 2026 1497 2054 ﬁliis
1511 2026 1592 2053 Israel
1607 2024 1688 2052 mala.

904 2080 945 2107 Tu
973 2079 1098 2106 civitates
1126 2083 1219 2104 eorum
1249 2075 1367 2102 munitas
1395 2073 1544 2101 succcndes
1566 2072 1637 2107 igne.-
1662 2072 1690 2098 et

904 2125 1006 2153 electos
1018 2131 1113 2152 eorum
1129 2121 1278 2150 interticies
1292 2120 1392 2155 gladio,
1409 2123 1435 2146 ct
1449 2118 1576 2153 parvulos
1596 2124 1689 2144 eorum

906 2171 1012 2202 allides,
1027 2176 1055 2197 et
1079 2172 1248 2204 pmgnantes
1262 2174 1356 2194 eortnn
1371 2165 1473 2192 divides
1483 2164 1515 2190 ".
1530 2172 1539 2189 ι
1558 2163 1691 2196 Quoniam

72 2225 149 2252 αὐτῶν
165 2224 354 2256 ὲξαποστελεῖς
369 2222 398 2249 ὲν
414 2221 492 2257 πυρὶ,
507 2220 555 2246 καὶ
568 2220 632 2250 τοὺς
646 2217 790 2248 ἐκλεκτοὺς
805 2217 848 2242 αὐ-

906 2218 988 2253 igitur
1013 2215 1114 2244 Gaiaad
1140 2215 1211 2242 hunc
1237 2214 1263 2240 in
1294 2212 1403 2240 modum
1427 2209 1516 2238 aﬂ'ecil
1534 2209 1691 2240 Damascus,

73 2270 118 2296 τῶν
130 2271 157 2298 ἐν
174 2270 300 2306 ῥομφαίᾳ
312 2268 481 2299 ἀποκτενεῖς,
498 2265 546 2292 καὶ
560 2264 595 2291 τὰ
609 2265 693 2299 νήπια
708 2261 797 2290 αὐτῶν
811 2261 855 2287 ὲν-

74 2317 173 2349 σείσεις,
191 2317 241 2344 καὶ
255 2316 306 2347 τὰς
327 2315 355 2341 ὲν
372 2313 471 2349 γαστρὶ
492 2310 607 2347 ἐχούσας
627 2309 715 2336 αὐτῶν
734 2307 856 2343 ἀναρρή-

74 2361 129 2393 ξεις.
141 2372 150 2387 ι
167 2362 279 2398 Ἐπειδὴ
292 2361 321 2387 δὲ
334 2360 419 2387 ταῦτα
434 2358 546 2394 δέδρακε
557 2355 628 2383 κατὰ
647 2355 697 2390 τῆς
717 2353 823 2381 Γαλαὰδ
838 2353 855 2388 ἡ

75 2408 216 2442 Δαμασκὸς,
236 2406 337 2442 μᾶλλον
351 2405 380 2431 δὲ
394 2403 526 2431 καὶκατὰ
542 2402 632 2437 πάσης
652 2400 700 2435 τῆς
719 2399 773 2426 τῶν
793 2399 858 2425 Ἰου-

74 2452 147 2479 δαίων
162 2453 267 2488 χώρας,
280 2450 457 2485 καταφλέξειν
471 2448 579 2476 ἀπειλεῖ
591 2447 637 2474 τὸν
653 2443 727 2472 οἷκον
746 2444 855 2480 ’Δζαὴλ,

76 2499 118 2524 καὶ
134 2499 219 2534 Ἀὀὲρ,
237 2497 286 2524 καὶ
311 2496 464 2532 συντρίψειν
489 2493 604 2529 μοχλοὺς
632 2491 788 2527 Δαμασκοῦ.
803 2489 856 2517 Πέ-

77 2552 188 2580 πρακται
215 2544 267 2579 μὲν
289 2542 375 2570 ταῦτα
395 2540 440 2568 διὰ
461 2541 511 2576 μὲν
531 2539 630 2571 Ὀζίου,
653 2538 701 2564 καὶ
717 2535 858 2572 Ὶεροὸοὰμ

79 2590 214 2626 ἀναμίρος,
228 2590 277 2617 καὶ
290 2588 361 2616 κατὰ
375 2587 487 2623 καιρούς
500 2595 507 2603 ο
523 2583 594 2613 εἷλόν
607 2593 637 2610 τε
652 2583 705 2618 γὰρ
720 2583 768 2610 καὶ
783 2582 860 2609 αὐτοὶ

79 2636 120 2671 τὴν
139 2637 251 2671 Συρίαν,
273 2635 320 2662 καὶ
338 2634 493 2668 νενικήκασι
507 2630 694 2666 κατακράτος·
720 2628 816 2664 χρόνου
831 2627 860 2654 δὲ

81 2683 221 2717 προῖόντος,
234 2681 282 2708 καὶ
295 2679 371 2715 παρὰ
382 2678 513 2713 βασιλέως
525 2675 685 2710 Ἀσσυρίων.
700 2671 766 2717 Elui
782 2681 858 2717 φησι,

83 2735 94 2753 ι
107 2727 156 2754 Καὶ
168 2725 350 2761 ὲξολοθρεὺσω
364 2722 555 2753 κατοικοῦντας
572 2722 604 2747 ὲκ
619 2719 709 2745 πεδίου
726 2716 785 2744 Ὧν.
798 2713 861 2743 »Ὧν

84 2772 105 2798 οἱ
124 2760 326 2808 προφῆταιγτὴν
340 2769 441 2804 Βαιοὴλ
461 2767 647 2803 ὀνομάζουσιν,
668 2765 696 2791 ὲν
751 2763 798 2798 τὴν
815 2762 861 2790 δά-

118 2862 138 2877 “
151 2861 200 2889 lsa.
216 2859 330 2895 “1,15.
369 2859 391 2876 ”
407 2858 436 2885 lV'
459 2857 524 2892 Rrg.
539 2862 598 2888 ml,
614 2853 656 2880 ιε.

907 2271 954 2291 seu
980 2267 1063 2290 totam
1080 2261 1233 2289 .ladacorum
1254 2259 1390 2294 regionem
1414 2257 1515 2292 potius,
1532 2259 1689 2283 exusturum

907 2309 1026 2336 minatur
1056 2307 1165 2334 domum
1185 2305 1268 2332 Azael
1289 2309 1317 2331 et
1337 2303 1429 2335 Ader,
1458 2306 1485 2329 et
1510 2300 1689 2329 contriturtnn

907 2359 998 2383 vectes
1018 2352 1140 2381 Damasci
1154 2361 1161 2379 :
1175 2358 1236 2385 quae
1255 2349 1324 2376 facta
1347 2353 1411 2376 sunt
1432 2354 1479 2382 per
1495 2345 1588 2374 Oziam
1603 2349 1631 2371 et
1646 2343 1691 2371 Je-

908 2399 1018 2426 roboam
1043 2404 1164 2425 seorsum
1189 2400 1215 2422 et
1238 2394 1353 2421 diversis
1381 2391 1556 2426 temporibus.
1578 2389 1645 2416 Nam
1665 2392 1692 2415 et

908 2443 960 2478 ipsi
983 2441 1088 2477 Syriam
1107 2440 1274 2470 invaserunt,
1290 2443 1317 2465 et
1333 2437 1416 2464 armis
1438 2436 1604 2465 devicerunt,
1620 2433 1692 2468 quod

908 2493 936 2518 et
951 2494 1094 2523 progressu
1110 2486 1240 2520 temporis
1252 2483 1425 2519 Assyriorum
1443 2489 1489 2509 rex
1507 2481 1578 2507 fecit.
1593 2479 1693 2506 Deinde

910 2536 967 2562 ait:
988 2542 997 2559 ι
1012 2533 1046 2560 Et
1073 2531 1226 2566 disperdam
1250 2529 1408 2557 habitantes
1438 2534 1471 2554 ex
1503 2532 1598 2560 campo
1616 2524 1664 2552 ὧν.
1680 2533 1690 2550 ι

909 2579 1051 2614 Prophetze
1067 2578 1120 2605 hoc
1141 2575 1249 2604 nomine
1264 2573 1357 2602 Bethel
1372 2571 1536 2607 signiﬁcant,
1554 2571 1598 2598 ubi
1615 2577 1692 2597 exse-

910 2626 1026 2653 crandus
1049 2623 1192 2652 Jeroboam
1218 2621 1328 2648 vitulum
1352 2625 1462 2646 aureum
1485 2615 1618 2650 deposuit.
1640 2614 1693 2642 Sed

911 2672 972 2706 quia
988 2678 1021 2698 ex
1036 2677 1068 2697 eo
1086 2674 1139 2696 tota
1159 2667 1231 2702 regio
1245 2667 1371 2700 deinceps
1383 2663 1452 2690 idola
1466 2662 1559 2692 coluit.
1575 2661 1615 2687 sic
1632 2667 1692 2687 eam

911 2705 1051 2743 nominare
1072 2716 1281 2742 consueverunt.
1301 2709 1459 2738 llabitantcs
1476 2707 1557 2742 igitur
1578 2705 1604 2732 in
1622 2709 1692 2732 terra

911 2767 937 2790 et
950 2768 1044 2796 campo
1061 2760 1108 2794 ὥν,
1120 2759 1177 2788 sive
1191 2757 1323 2794 ματαίων,
1344 2760 1485 2785 vanorum,
1505 2752 1556 2780 hoc
1570 2754 1623 2782 est,
1640 2749 1694 2776 ido-
