1917 3038
175 170 224 197 99!

673 170 702 198 S.
723 169 862 198 CYRILLI
882 169 1117 199 ALEXANDRINI
1138 172 1301 200 ARCHIEP.

1757 173 1811 202 992

174 227 256 263 607
269 227 325 255 Hoc
339 232 429 256 autem
442 228 550 262 quidam
573 228 708 263 principes
729 229 754 255 iii
775 228 858 255 lsrael
880 229 961 255 facie-

1023 230 1080 260 ιεῖν,
1097 229 1144 256 καὶ
1158 228 1214 256 οἷόν
1228 239 1253 257 τι
1277 230 1408 262 σικάλοις⁴
1427 230 1633 266 ὲνεσφιτμὲνον,
1649 231 1809 267 περιμένειν

177 275 252 306 bant,
271 279 384 302 mortem
402 275 460 310 lege
477 275 723 310 transgressoribus
738 275 876 302 delinitani
903 282 968 302 non-

177 327 315 354 nunquam
331 321 413 346 etiam
433 321 553 348 innoxiis
576 321 706 349 allaturos
732 322 898 354 minitantes,
915 321 966 349 nisi

176 373 236 399 qua:
253 365 316 400 ipsis
332 365 530 398 collibuissent,
553 371 682 401 praestare
695 367 804 400 vellent,
821 372 849 395 et
867 375 966 395 conce-

176 413 275 438 debant
289 414 480 441 accusantibus
496 414 568 446 aliis,
586 415 640 442 iiuo
651 415 725 450 ipsos
738 415 889 450 litigatores
905 423 968 449 pos-

176 458 344 486 sessionibus
370 466 464 486 eorum
497 461 688 488 dcturbabant.
724 461 828 490 Etenim
857 468 884 490 et
919 471 967 498 per

177 503 258 529 :iliuiii
289 505 449 539 prophetam
477 506 628 540 liujusmodi
654 507 757 534 scelera
784 508 836 536 illis
862 508 965 543 objicit,

176 548 316 576 lllicliaaain
340 558 435 585 nempe
453 560 459 578 :
479 551 572 578 «Facti
594 557 657 579 sunt
676 554 827 587 cogitantes
847 555 964 589 labores,

176 599 204 621 et
217 600 361 629 operaiites
385 597 453 623 mala
476 597 503 624 in
518 598 654 625 cubilibus
669 600 738 632 suis,
754 605 782 627 et
801 601 881 627 simul
904 608 965 628 cum

178 640 220 667 die
233 643 459 670 consummabant
472 651 514 676 ea,
528 645 591 679 quia
607 653 660 672 non
680 647 838 674 levaverunt
859 647 892 674 ad
910 647 965 674 Do-

178 687 281 713 minum
295 695 392 715 manus
405 697 478 716 snas.
494 689 526 716 Et
541 690 732 718 desiderabant
747 700 837 726 agros,
853 697 881 720 et
899 693 966 720 diri-

177 732 287 767 piebant
308 734 432 768 pupillos,
449 741 476 761 et
491 736 586 762 domos
598 737 796 771 opprimebant,
814 743 841 765 et
855 739 966 773 diripie-

177 779 242 805 bant
259 779 346 805 viriiiu
361 785 387 806 et
402 781 510 808 domum
527 782 596 817 ejus,
612 783 698 810 virum
727 788 753 810 et
779 784 963 812 litereditatem

176 822 236 856 ejus
248 824 291 851 ⁵³.»
310 851 314 854 ,

212 949 333 985 Rugiuut
350 955 439 979 autem
459 958 487 980 et
501 953 638 981 liaercsum
676 957 822 985 arcnitecti
839 959 967 992 quodam-

179 997 260 1023 modo
272 1001 367 1024 contra
383 1005 439 1031 eos,
454 999 498 1033 qui
514 1000 540 1026 in
557 1000 609 1028 fide
623 1001 738 1036 simplici
751 1003 835 1038 vitam
849 1004 966 1040 degunt;

178 1049 211 1070 ac
230 1042 284 1070 Deo
301 1043 419 1071 invisum
437 1053 468 1073 os
482 1048 649 1082 aperientes,
677 1049 785 1083 ignaros
802 1050 873 1078 velut
889 1052 967 1079 devo-

179 1093 252 1121 rant,
269 1089 332 1116 dum
349 1097 395 1118 eos
412 1091 594 1126 imperitiores
614 1095 747 1129 reddunt,
768 1101 795 1124 et
815 1097 920 1131 ineptas
935 1106 968 1126 ac

178 1142 322 1169 perversas
345 1137 489 1171 opiniones
509 1139 562 1166 illis
582 1139 715 1173 inserunt,
741 1141 893 1171 fabulantes
917 1144 965 1177 ita,

177 1186 204 1208 et
220 1182 291 1215 quod
316 1183 367 1209 sibi
389 1184 531 1217 probatur.
548 1185 581 1212 ad
610 1185 680 1213 idem
701 1187 872 1220 probandum
896 1188 965 1216 alios

178 1226 359 1260 iuipellentes,
377 1233 406 1254 ut
421 1227 542 1261 ipsorum
563 1229 667 1264 laqueis
679 1231 762 1265 capti,
777 1234 855 1266 quasi
878 1239 965 1261 morte

177 1273 315 1305 exstincti,
329 1278 356 1301 et
373 1275 511 1309 paululum
533 1283 546 1302 a
559 1275 694 1310 lapidibus
709 1278 837 1306 inanimis
850 1279 965 1308 dilferi-e

178 1318 331 1345 videantur.
345 1319 449 1352 Quibus
466 1321 600 1356 quispiam
615 1325 861 1358 congruentissime
875 1326 966 1353 accla-

179 1368 233 1391 n:et
247 1363 310 1391 illud
326 1373 334 1392 :
353 1374 362 1391 ι
375 1365 472 1400 Surge,
491 1367 535 1401 qui
555 1367 668 1398 dormis.
684 1373 712 1395 et
727 1376 841 1404 exsurge
862 1377 877 1397 a
894 1379 966 1398 inor-

179 1409 242 1442 tuis,
257 1415 285 1437 et
314 1411 479 1439 illuminabit
503 1417 528 1440 te
554 1412 680 1440 Christus
695 1414 729 1440 ⁶’⁶.
747 1424 757 1440 ι
776 1415 966 1444 Verumtamen

177 1457 325 1483 secundum
343 1457 453 1485 beatum
466 1458 606 1492 Davidem,
621 1469 630 1485 ‹
645 1459 715 1487 Deus
730 1466 853 1489 conteret
870 1463 966 1491 dentes

176 1508 271 1528 eorum
288 1503 314 1529 iii
329 1510 377 1530 ore
388 1503 520 1538 ipsorum,
539 1506 625 1534 molas
642 1507 753 1535 leonum
769 1509 902 1544 confregit
917 1509 967 1536 Do-

178 1548 268 1576 minus
286 1549 320 1575 “.
341 1558 352 1576 ι

211 1637 320 1666 Iudice:
332 1638 388 1674 ejus
401 1639 466 1667 sicut
481 1640 537 1675 lupi
558 1640 674 1675 Arabiaz,
697 1650 749 1669 non
766 1642 966 1670 dimittebautnr

176 1684 203 1711 in
219 1693 305 1711 "mue.

217 1728 300 1758 ΧΧΧ.
318 1731 402 1758 Aiunt
415 1731 492 1767 lupos
517 1732 544 1759 in
562 1733 661 1760 Arabia
681 1733 745 1762 feris
767 1737 894 1764 omnibus
916 1737 967 1765 iiii-

177 1775 314 1803 inauiores
329 1783 399 1809 esse,
417 1777 566 1811 vexarique
586 1778 657 1805 faine
674 1779 839 1815 inexplebili,
853 1783 886 1809 ad
905 1789 966 1809 cur-

176 1829 236 1848 sum
253 1826 343 1848 autem
371 1823 439 1849 adeo
457 1823 570 1856 celeres,
599 1829 627 1851 ut
648 1825 727 1853 facile
751 1828 874 1858 quemvis
896 1828 967 1858 inse-

177 1873 306 1900 quentem
321 1873 505 1896 antevertaut.
522 1870 568 1897 Ait
582 1875 609 1897 et
622 1871 719 1899 alicubi
745 1880 793 1908 per
806 1874 888 1903 alium
901 1884 965 1912 pro-

177 1915 286 1948 phetam
304 1915 336 1942 de
356 1916 433 1950 equis
448 1915 644 1951 Babylonicis:
671 1928 681 1945 ί
706 1919 863 1949 Vel‘ociores
884 1931 966 1958 super

177 1959 253 1994 lupos
262 1960 370 1988 Arabiae
383 1962 415 1989 ⁵⁸.
430 1971 439 1987 ι
456 1963 579 1991 Assuniit
595 1964 676 1999 igitur
689 1965 715 1992 in
728 1969 872 2001 prwsentia
888 1969 966 2004 lupo-

177 2013 236 2033 rum
273 2007 504 2036 iiisatiabilitatem
530 2011 563 2037 ad
590 2010 800 2046 descriptionem
823 2013 965 2049 judicum,

177 2052 250 2079 velut
269 2053 332 2080 totis
348 2053 474 2082 faucibus
497 2060 524 2082 et
542 2056 669 2085 dentibus
694 2058 838 2094 inexpletis
856 2060 966 2096 litigan-

178 2103 218 2125 tcs
237 2100 472 2134 consumentium,
491 2102 553 2136 quia
580 2102 659 2138 longe
682 2103 797 2138 plurima
822 2100 860 2134 ὀι
884 2115 965 2142 supra

178 2145 334 2172 facultatem
351 2152 475 2180 poscunt,
503 2153 532 2174 ut
556 2156 571 2176 a
592 2149 697 2183 jiistitia
719 2151 872 2187 declinent,
889 2159 915 2181 et
939 2160 968 2182 ut

179 2191 250 2224 quod
281 2192 377 2218 dii-inm
404 2192 455 2226 legi
482 2201 694 2222 consentaneum
712 2203 764 2231 est,
791 2201 823 2225 ad
851 2200 966 2228 aliorum

1018 274 1063 300 τὸν
1077 275 1234 310 δαιτυμόνα.
1251 275 1336 302 Τοῦτο
1350 276 1380 302 δέ
1398 284 1469 308 τινες
1482 276 1566 311 ἔδρων
1579 274 1634 303 τῶν
1650 277 1811 312 ἡγουμένων

1018 321 1046 346 ὲν
1065 321 1181 356 Ἰσραὴλ,
1199 321 1243 347 τὸν
1256 322 1287 348 ὲκ
1297 322 1379 357 νόμου
1396 322 1511 350 θάνατον
1524 324 1579 354 τοῖς
1593 323 1812 358 παραϐαίνουσιν

1017 365 1179 400 ὡρισμένον,
1193 366 1333 402 ἐπιφέρειν
1347 366 1402 392 ἔσθ’
1414 367 1458 393 ὅτε
1473 366 1522 393 καὶ
1535 368 1590 398 τοῖς
1605 367 1813 402 πλημμελοῦσιν

1017 411 1094 438 οὐδὲν
1106 412 1293 445 ἀπειλοῦντες,
1308 413 1333 439 εἰ
1349 413 1385 447 μὴ
1400 412 1464 447 δρᾷν
1483 412 1586 439 ἕλοιντο
1599 413 1634 440 τὰ
1653 414 1747 444 αὐτοῖς
1766 413 1813 439 θυ-

1019 457 1094 492 μήρη
1111 466 1141 484 τε
1163 457 1211 484 καὶ
1230 457 1305 491 φίλα,
1327 458 1375 484 καὶ
1396 457 1627 494 παραχωροῦντες
1649 458 1812 493 ἐγκαλοῦσιν

1017 504 1131 539 ἑτέροις,
1147 505 1230 540 ἤγουν
1245 505 1343 537 αὐτοὺς
1357 506 1420 537 τοὺς
1432 505 1591 537 δικάζοντας
1602 506 1727 540 κτήσεων
1740 506 1813 532 ἰδίων

1017 549 1198 586 ἐξιστάμενοι.
1219 551 1398 586 Καταγράφει
1414 551 1467 586 γὰρ
1488 551 1578 579 αὐτῶν
1597 552 1631 578 τὰ
1649 552 1739 579 τοιάδε
1759 552 1813 580 τῶν

1017 596 1119 630 κακῶν,
1133 598 1180 623 καὶ
1199 597 1232 623 δι’
1251 597 1344 632 ἐτέρου
1360 598 1513 633 προφήτου,
1532 598 1630 632 λέγων,
1646 598 1766 633 Μιχαίας
1785 598 1813 625 δὲ

1016 639 1107 674 οὗτος·
1128 652 1137 668 ‹
1157 643 1297 677 Ἐγένοντο
1309 643 1479 678 λογιζόμενοι
1500 643 1611 675 κόπους,
1631 642 1813 679 ἐργαζόμενοι

1016 687 1090 714 κακὰ
1103 688 1131 714 ἐν
1146 689 1205 720 ταῖς
1219 688 1324 720 κοίταις
1337 688 1436 717 αὐτῶν.
1452 688 1498 715 καὶ
1514 688 1572 723 ἅμα
1588 690 1620 724 τῇ
1639 689 1733 725 ἡμέρᾳ
1751 698 1814 716 συν-

1016 733 1124 760 ετέλουν
1139 733 1220 765 αὐτὰ,
1243 733 1310 760 διότι
1331 734 1381 760 οὐκ
1401 731 1471 770 ᾗραν
1489 734 1557 770 πρὸς
1579 734 1624 761 τὸν
1637 735 1704 761 Θεὸν
1718 737 1813 770 χεῖρας

1016 779 1115 806 αὐτῶν.
1129 780 1183 806 Καὶ
1200 779 1354 815 ἐπεθύμουν
1367 779 1477 815 ἀγροὺς,
1494 780 1541 806 καὶ
1561 780 1710 815 διήρπαζον
1729 781 1812 816 ὀρφας

1017 827 1088 857 νοῦς,
1099 826 1146 851 καὶ
1161 825 1256 856 οἴκους
1274 825 1515 858 κατεδυνάστευον,
1535 826 1582 853 καὶ
1597 826 1747 861 διήρπαζον
1771 827 1814 854 ἄν-

1016 870 1077 906 δρα,
1092 871 1140 897 καὶ
1154 871 1200 897 τὸν
1213 869 1286 898 οἷκον
1300 871 1393 905 αὐτοῦ,
1405 871 1490 907 ἄνδρα
1503 872 1550 898 καὶ
1565 872 1614 908 τὴν
1629 871 1813 908 κληρονομίαν

982 907 1004 936 Β
1018 916 1112 944 αὑτοῦ.
1127 926 1136 942 ι

1053 963 1288 999 Καταόρυχῶνται
1315 964 1343 991 δὲ
1368 963 1462 1000 ὥσπερ
1488 964 1542 992 τῶν
1570 965 1599 992 ἐν
1622 965 1694 1001 ἁπλῇ
1721 965 1812 993 πίστει

1020 1008 1093 1044 βιοῦν
1110 1009 1255 1044 ᾑρημένων
1275 1009 1322 1035 καὶ
1342 1009 1367 1035 οἱ
1387 1009 1441 1036 τῶν
1462 1010 1596 1045 αἱρέσεων
1620 1010 1743 1046 εὑρεταὶ,
1766 1011 1814 1037 καὶ

1018 1054 1164 1089 θεοστυγὲς
1182 1054 1335 1089 ἀνοίγοντες
1350 1055 1448 1090 στόμα,
1463 1056 1526 1087 τοὺς
1543 1055 1618 1082 οὐδὲν
1636 1057 1743 1088 εἰδότας
1767 1065 1814 1092 μο-

1018 1101 1124 1135 νονουχὶ
1149 1100 1338 1128 κατεσθίουσιν
1366 1102 1571 1137 ἀμαθεστέρους
1598 1102 1813 1135 ἀποτελοῦντες,

1017 1147 1064 1173 καὶ
1079 1147 1186 1182 ψυχρὰς
1207 1147 1315 1179 αὐτοῖς,
1332 1147 1379 1174 καὶ
1398 1147 1617 1183 διεστραμμένας
1636 1148 1756 1180 ἐνιέντες
1771 1149 1815 1174 ὲν-

1017 1193 1102 1226 νοίας,
1117 1193 1401 1228 καταμυθολογοῦντες
1415 1194 1444 1220 δὲ
1455 1194 1551 1226 οὕτως,
1566 1194 1614 1221 καὶ
1629 1194 1660 1221 τό
1676 1194 1709 1228 γέ
1723 1202 1814 1229 σφισιν

1017 1240 1109 1271 αὺτοῖς
1133 1237 1162 1266 εὖ
1190 1239 1263 1274 ἐχειν
1284 1239 1498 1275 ὑπειλημμένον,
1523 1241 1632 1275 φρονεῖν
1654 1239 1814 1266 ἀναπείθον-

1017 1294 1071 1318 τες,
1085 1285 1122 1317 ὡς
1144 1285 1195 1321 ’ήδη
1211 1284 1298 1311 δοκεῖν
1316 1286 1380 1317 τοὺς
1399 1286 1455 1316 τοῖς
1475 1285 1542 1321 παρ’
1557 1285 1647 1312 αὐτῶν
1669 1284 1813 1316 ἐναλόντας

1018 1332 1135 1368 βρόχοις,
1151 1332 1223 1367 τάχα
1240 1340 1291 1358 που
1308 1332 1356 1358 καὶ
1377 1331 1551 1365 ἐκτεθνάναι,
1571 1332 1618 1358 καὶ
1632 1331 1718 1363 λίθοις
1734 1331 1814 1366 ὀλίγα

1016 1379 1072 1408 τοῖς
1093 1376 1267 1412 ἀναισθήτοις
1290 1377 1476 1412 παραχωρεῖν,
1499 1374 1539 1408 οἷς
1561 1377 1594 1404 ἄν
1610 1385 1653 1408 τις
1671 1377 1814 1411 ἐπιφωνή-

1018 1431 1085 1455 σειε,
1101 1423 1148 1449 καὶ
1166 1423 1238 1458 μάλα
1254 1422 1377 1454 εἰκότωςο
1398 1423 1554 1457 ι”Εγειραι,
1568 1423 1582 1448 ὁ
1598 1422 1749 1454 καθεύδων,
1766 1423 1813 1448 καὶ

1017 1470 1121 1496 ἀνάστα
1143 1470 1175 1496 ἐκ
1196 1469 1250 1495 τῶν
1274 1468 1390 1504 νεκρῶν,
1412 1468 1460 1496 καὶ
1483 1468 1628 1503 ἐπιφαύσει
1653 1470 1724 1495 σοιὸ
1748 1469 1814 1504 Χρι-

1018 1516 1087 1547 στός.
1102 1525 1110 1540 ι
1129 1515 1211 1551 Πλὴν,
1233 1515 1270 1547 ὥς
1286 1523 1369 1550 φησιν
1383 1515 1397 1542 ὁ
1413 1515 1547 1550 μακάριος
1558 1514 1648 1547 Δαὸὶδ,
1668 1525 1677 1540 ι
1697 1515 1727 1541 Ὀ
1749 1514 1814 1545 Θεὸς

1019 1561 1157 1596 συντρίψει
1172 1561 1234 1593 τοὺς
1250 1561 1358 1592 ὀδόντας
1373 1561 1462 1588 αὐτῶν
1478 1562 1507 1587 ὲν
1524 1561 1563 1596 τῷ
1578 1561 1693 1596 στόματι
1712 1560 1813 1593 αὐτῶν,

1018 1608 1068 1639 τὰς
1082 1608 1167 1643 μύλας
1181 1607 1234 1634 τῶν
1250 1607 1363 1634 λέοντων
1381 1607 1543 1634 συνέθλασεν
1557 1609 1571 1635 ὁ
1585 1607 1696 1644 Κύριος.
1709 1617 1720 1634 ι

1056 1655 1090 1680 οι
1105 1653 1199 1688 κριταὶ
1223 1653 1318 1688 αὐτῆς
1340 1654 1380 1687 ὡς
1402 1654 1492 1681 λύκοι
1515 1654 1572 1689 τῆς
1590 1655 1737 1689 Ἀραϐίας,
1758 1658 1813 1692 οὐχ

1018 1701 1202 1728 ὑπελίποντο
1217 1701 1261 1733 εἰς
1276 1700 1310 1727 τὸ
1329 1701 1413 1734 πρωΐ.

1052 1748 1093 1774 A'.
1113 1747 1181 1773 Φασὶ
1195 1747 1258 1778 τοὺς
1269 1747 1298 1774 ὲν
1316 1747 1431 1782 Ἀραϐίᾳ
1448 1747 1548 1780 λύκους
1565 1749 1668 1782 παντὸς
1683 1750 1813 1777 ἐπέκεινα

1018 1790 1100 1827 θηρὸς
1126 1791 1193 1818 ἱέναι
1218 1791 1287 1826 πρὸς
1313 1791 1479 1827 ἀγριότητα,
1502 1794 1767 1830 κατηῤῥωστηκέναι
1783 1804 1813 1822 τε

1017 1837 1076 1864 λίαν
1090 1837 1121 1864 τὸ
1135 1837 1284 1873 ἀκόρεστον
1308 1838 1349 1869 εἰς
1371 1838 1492 1873 τροφὰς,
1518 1838 1588 1871 ὀξεῖς
1609 1839 1638 1866 δὲ
1662 1840 1751 1873 οὕτως
1774 1842 1813 1874 εἰς

1017 1884 1127 1919 δρόμον,
1142 1884 1180 1916 ὡς
1194 1884 1344 1919 ὰποφοιτᾷν
1369 1884 1490 1916 εὐκόλως
1506 1886 1608 1918 παντὸς
1625 1886 1673 1913 τοῦ
1700 1887 1812 1915 διώκον-

1017 1939 1072 1962 τος.
1088 1930 1160 1965 Ἔφη
1177 1930 1233 1966 γάρ
1246 1938 1297 1956 που
1314 1930 1362 1957 καὶ
1372 1930 1406 1956 δι’
1420 1931 1514 1966 ἐτέρου
1528 1932 1669 1968 προφήτου
1683 1934 1747 1969 περὶ
1760 1934 1814 1961 τῶν

1018 1977 1050 2003 ἐκ
1064 1975 1221 2007 Βιΰυλῶνος
1238 1975 1329 2003 ἵππων
1339 1984 1346 1991 ’
1365 1986 1374 2002 t
1395 1975 1531 2013 Ὀξύτεροι
1547 1978 1617 2014 ὑπὲρ
1631 1979 1695 2011 τοὺς
1715 1979 1814 2012 λύκους

1017 2023 1066 2058 τῆς
1083 2021 1223 2057 Ἀραϐίας.
1237 2031 1247 2047 ι
1265 2021 1377 2064 Δέχεται
1391 2022 1480 2049 τοίνυν
1493 2023 1534 2055 είς
1553 2023 1583 2050 τὸ
1599 2025 1687 2060 παρὸν
1698 2025 1748 2061 τὴν
1760 2026 1810 2052 τῶι

1016 2068 1107 2095 λύκων
1126 2067 1280 2104 ἀπληστίαν
1298 2069 1339 2099 είς
1359 2068 1535 2096 ὑποτύπωσιν
1557 2070 1612 2097 τῶν
1627 2072 1742 2106 κριτῶν,
1758 2069 1813 2099 οἷον

1017 2113 1069 2148 ὅλῳ
1084 2114 1198 2148 στόματι
1223 2113 1270 2139 καὶ
1284 2113 1444 2148 ἀκορέστοις
1456 2114 1546 2141 όδοῦσι
1559 2117 1814 2145 καταδαπανώντων

1017 2160 1080 2191 τοὺς
1101 2158 1292 2194 κρινομένους,
1315 2158 1359 2185 διὰ
1380 2159 1428 2186 τοῦ
1452 2161 1567 2189 πλεῖστά
1591 2171 1620 2189 τε
1638 2163 1688 2190 ὅσα
1710 2164 1759 2190 καὶ
1780 2165 1813 2192 τὰ

1018 2205 1089 2240 ὑπὲρ
1111 2204 1226 2240 δύναμιν
1255 2205 1372 2239 ἐξαιτεῖν
1395 2206 1441 2232 ἐπὶ
1466 2207 1499 2242 τῇ
1522 2207 1570 2234 τοῦ
1593 2208 1698 2236 δικαίου
1723 2219 1812 2246 παρα-

179 2238 358 2271 quorumdam
387 2238 525 2265 libidinem
557 2240 639 2274 impie
669 2243 857 2277 detorqueant.
884 2245 965 2281 Atqui

181 2289 218 2292 ,μ
239 2281 344 2292 ,ηηιη
539 2291 559 2292 η
585 2285 600 2292 ..
735 2286 775 2292 .η
866 2289 871 2292 -

1023 2238 1117 2286 τροπῇ,
1131 2238 1232 2277 καὶ-ἵνα
1247 2251 1276 2277 τὸ
1289 2251 1327 2286 τῷ
1343 2250 1407 2286 θείῳ
1423 2238 1499 2288 νόμω
1509 2253 1604 2281 δοκοῦν
1614 2256 1653 2287 εἰς
1666 2256 1697 2282 τὸ
1709 2238 1814 2292 ἑτέροις

177 2281 346 2309 conducebat
361 2283 447 2317 magis
464 2289 511 2310 eos
531 2285 652 2318 cogitare
676 2285 740 2313 illud
757 2286 941 2318 Parteiniasta:
956 2301 963 2319 :

180 2337 189 2353 ι
211 2328 376 2362 Accipientis
390 2336 503 2356 munera
526 2328 552 2356 in
574 2330 675 2363 sinum,
689 2339 741 2359 non
765 2337 966 2369 prosperabiiu-

179 2378 222 2400 tur
239 2374 299 2402 viae.
314 2375 386 2401 Dona
404 2374 476 2401 enim
493 2382 630 2404 exczeeant
644 2378 736 2405 oeulos
752 2380 917 2416 sapientum,
938 2388 966 2411 et

177 2423 337 2454 pervertunt
356 2421 437 2447 verba
456 2420 527 2455 jiista
544 2422 578 2455 ⁵⁷,
605 2432 614 2448 ι
630 2423 713 2459 608
727 2425 798 2459 quod
823 2433 912 2454 exstat
938 2429 964 2456 in

177 2465 278 2492 sanctis
294 2463 413 2493 Litteris.
423 2466 490 2494 Nam
504 2468 568 2502 quid
586 2469 694 2496 tandem
709 2471 868 2505 prieclarum
886 2474 965 2502 all‘ert

177 2510 301 2544 accipere
328 2512 461 2538 munera!
480 2513 560 2546 Quid,
578 2521 678 2548 quaeso,
694 2520 770 2551 turpe
783 2517 908 2546 lucellum
923 2520 965 2547 sui

176 2556 290 2590 cupidos
304 2556 430 2590 juvabit?
448 2558 576 2592 Quiiiiino
598 2561 671 2595 quod
696 2562 749 2590 illis
773 2564 964 2593 detrimentum

176 2611 230 2630 non
247 2603 339 2630 dabit?
363 2603 469 2631 Etenim
490 2613 582 2633 verum
609 2612 652 2634 est
675 2608 741 2635 illud
767 2609 839 2637 beati
861 2609 963 2638 Pauli:

179 2658 188 2674 ι
207 2648 258 2681 Qui
279 2654 369 2677 autent
390 2651 482 2678 volunt
503 2652 599 2680 divites
622 2654 690 2687 lieri,
714 2655 837 2683 incidunt
853 2657 880 2684 in
904 2662 965 2685 ten-

177 2694 318 2728 tationem,
334 2701 361 2724 et
375 2696 511 2731 laqueum,
525 2702 552 2724 et
567 2698 699 2726 desideria
715 2700 797 2727 multa
820 2701 926 2730 inutilia
940 2709 967 2732 et

176 2741 351 2776 nociva,qnaa
363 2747 489 2777 mergunt
503 2743 626 2772 homines
641 2745 666 2772 in
681 2745 819 2774 interitum
832 2752 858 2775 et
870 2744 962 2783 perdi-

178 2787 279 2814 tionem
292 2787 342 2814 ⁵⁸.»
358 2803 392 2810 -
409 2788 518 2817 ille-lius
534 2789 616 2825 igitur
630 2798 728 2819 nomen
752 2793 864 2825 bonum,
880 2803 962 2830 quam

1015 2297 1085 2323 τισὶν
1099 2296 1212 2323 ἁνδάνον
1227 2297 1343 2328 ἀνοσίως
1359 2299 1583 2332 παρευθύνοιντο.
1604 2301 1675 2328 Ἀλλ’
1686 2300 1721 2338 ἦν
1738 2303 1815 2338 ἄμει-

1016 2350 1061 2369 νον
1074 2342 1174 2369 ἐννοεῖν
1188 2342 1296 2373 αὐτοὺς.
1310 2343 1351 2369 ὅτι
1373 2342 1446 2370 καθά
1462 2352 1544 2379 φησιν
1559 2346 1573 2371 ό
1586 2345 1811 2384 Παροιμιαστής·

1019 2397 1028 2414 ι
1045 2388 1237 2424 Λαμϐάνοντος
1262 2388 1339 2424 δῶρα
1364 2389 1393 2416 ἐν
1412 2390 1524 2422 κόλποις
1547 2391 1578 2418 ού
1604 2394 1812 2421 κατευοδοῦνται

1016 2434 1080 2461 ὁδοί.
1101 2434 1141 2461 Τὰ
1164 2435 1218 2470 γὰρ
1233 2435 1307 2470 δῶρα
1329 2435 1460 2470 ἐκτυφλοῖ
1474 2437 1631 2473 ὀφθαλμοὺς
1648 2439 1749 2474 σοφῶν,
1768 2441 1814 2467 καὶ

1019 2479 1180 2515 λυμαίνεται
1195 2481 1304 2516 ῥήματα
1323 2481 1424 2514 δίκαια,
1437 2491 1446 2509 ›
1470 2482 1541 2510 κατὰ
1555 2484 1586 2510 τὸ
1607 2486 1811 2522 γεγραμμένον.

1019 2525 1052 2552 Τί
1073 2524 1128 2560 γὰρ
1147 2525 1216 2557 ὅλως
1230 2525 1260 2552 τὸ
1277 2526 1406 2562 περιττὸν
1427 2528 1460 2554 ἐκ
1478 2528 1656 2564 δωροδοκίας;
1676 2531 1708 2557 Τί
1731 2531 1760 2558 δὲ
1783 2532 1813 2558 τι

1021 2571 1133 2606 αἰσχρὸν
1148 2571 1243 2606 ὀνήσει
1267 2571 1422 2607 λημμάτιον
1444 2574 1508 2606 τοὺς
1533 2575 1702 2610 ἀγαπῶντας
1727 2578 1811 2612 alitis;

1015 2617 1124 2644 Μᾶλλον
1139 2618 1168 2645 δὲ
1182 2618 1262 2645 ποίαν
1277 2619 1310 2645 ἂν
1326 2619 1418 2651 αὐτοῖς
1433 2617 1537 2655 ζημίαν
1551 2622 1601 2648 οὐκ
1615 2622 1815 2658 ὲνεργάσαιτο;

1017 2663 1071 2690 Καὶ
1084 2663 1139 2699 γὰρ
1158 2665 1232 2691 ἐστὶν
1256 2664 1360 2701 ἀληθὴς
1374 2665 1388 2691 ὁ
1405 2666 1539 2702 μακάριος
1562 2667 1684 2701 Παῦλος,
1708 2669 1811 2705 λέγων·

1020 2717 1030 2734 ι
1044 2710 1075 2736 Οί
1098 2709 1126 2736 δὲ
1145 2709 1302 2746 βουλόμενοι
1319 2711 1457 2743 πλουτεῖν,
1480 2713 1668 2747 ἐμπίπτουσιν
1689 2717 1731 2748 εἰς
1754 2725 1813 2743 πει-

1018 2755 1133 2791 ρασμὸν,
1155 2756 1202 2782 καὶ
1224 2756 1340 2791 παγίδας
1356 2757 1404 2784 καὶ
1421 2758 1571 2793 ἐπιθυμίας
1593 2761 1696 2794 πολλὰς
1716 2762 1812 2799 ἀνονή-

1016 2808 1089 2832 τους,
1105 2800 1152 2828 καὶ
1174 2801 1319 2837 βλαϐερὰς,
1344 2802 1449 2836 αἵτινες
1477 2804 1615 2840 βυθίζουσι
1629 2808 1692 2840 τοὺς
1707 2808 1813 2844 ἀνθρώ-

215 2855 362 2908 ςειιιςιιιςιιηιι
375 2856 422 2908 ἲὶ1,
438 2855 464 2882 2.
503 2855 525 2871 εδ
537 2857 635 2892 Eplics.
657 2866 683 2891 v,
700 2858 743 2886 Μ.
783 2859 805 2875 ⁵⁵
816 2859 889 2889 Psal.
905 2870 959 2890 Li’ii

1058 2867 1080 2883 ⁶⁶
1092 2867 1193 2897 llabac.
1209 2876 1228 2904 ι,
1245 2871 1272 2896 δ.
1312 2868 1334 2885 ⁸⁷
1352 2867 1428 2899 Prov.
1445 2878 1511 2906 xvii,
1526 2872 1581 2907 25;
1595 2872 1672 2901 Deut.
1692 2883 1744 2908 xvi,
1764 2875 1808 2903 l9.

178 2890 221 2918 "‘1
237 2890 307 2919 Titii.
326 2898 361 2925 v1,
377 2892 402 2918 9.
