1917 3038
112 159 167 189 993

522 156 800 186 COMMENTARIUS
819 157 854 186 IN
874 157 1076 187 SOPIIONIAM
1096 157 1325 187 PROPIIETAM.

1693 163 1748 194 996

112 225 182 249 πους
189 217 228 248 εἰς
234 215 294 243 ὖλεθ
298 224 344 252 ρον
357 214 405 242 καὶ
416 214 565 243 ἀπώλειαν.
572 225 582 242 ι
588 231 620 236 -
627 226 635 242 ι
641 216 755 252 Αίρετὺν
762 214 808 244 οὖν
818 217 897 252 δνομα

956 218 1056 245 divitiae
1070 218 1161 245 multae
1173 218 1206 251 ⁸³,
1223 228 1232 244 ι
1249 225 1315 246 sane
1331 217 1468 252 sapienter
1481 219 1624 247 admodum
1642 224 1669 248 et
1684 228 1745 249 Cum

111 263 194 290 καλὸν
212 263 228 298 ἢ
247 262 360 293 πλοῦτος
374 261 468 294 πολὺς,
485 271 494 288 ι
511 261 557 289 καὶ
573 261 646 289 ἔστιν
658 261 765 297 ἀληθῶς
778 263 858 297 σοφὸς
873 263 906 299 δὴ

110 309 170 336 λίαν
185 309 234 336 καὶ
253 307 370 344 ἀτρεκὴς
384 307 398 334 6
414 307 503 342 λόγος.

147 356 180 382 οι
211 353 360 388 προφῆται
390 353 486 388 αὐτῆς
513 354 773 389 Πνευματοφόροι,
798 353 905 388 ἄνδρες

110 400 344 436 καταφρονηταί.

143 447 209 473 AA'.
231 443 303 480 Εὖγε
319 445 350 472 τὸ
366 445 452 480 αὐτῆς
466 445 512 472 ἐπὶ
527 446 675 481 προφητῶν
689 446 793 478 ἐνθάδε,
806 446 846 473 ὅτι
866 446 904 482 μὴ

109 493 240 527 γεγόνασι
254 492 333 525 Θεοῦ,
347 492 492 524 λαλοῦντες
506 492 676 526 ἐπισφαλῶς,
689 492 724 519 τὰ
743 502 752 518 ι
767 491 822 519 ἀπὸ
837 501 906 528 καρ-

108 539 169 572 δίας
187 539 288 571 αὺτῶν,
301 539 348 566 καὶ
370 538 420 565 οὐκ
440 539 495 566 ἀπὸ
519 539 652 574 στόματος
673 539 786 574 Κυρίου,
800 548 809 565 ι
834 539 905 566 κατὰ

108 586 139 612 τδ
153 584 358 621 γεγραμμένον.
370 583 606 619 Κατειρωνεύεται
625 584 654 610 δέ
670 584 684 610 6
699 584 788 618 λόγος,
810 585 904 611 Πνευ-

107 633 298 667 ματοφόρους
314 629 473 662 ἀποκαλῶν,
489 630 538 665 οὺχ
555 630 593 662 ὡς
614 630 643 656 ἐν
664 629 772 665 μεθέξει
793 631 903 665 γεγονό-

107 686 163 706 των
179 677 294 704 ἐκείνων
307 676 354 703 τοῦ
369 676 449 710 ἁγίου
470 675 629 712 Πνεύματος
653 675 770 711 ἀληθῶς,
794 676 852 704 ἀλλ’
865 676 903 710 ὡς

107 723 276 752 πλάττεσθαι
290 722 452 759 τολμώντων
465 722 496 749 τὸ
513 722 564 757 τῆς
581 722 750 758 προφητείας
764 723 901 759 χάρισμα,

107 771 156 799 καὶ
169 770 212 798 ὃτι
234 769 423 806 μεμέστωνται
443 767 491 795 τοῦ
513 769 591 803 ἁγίου
614 767 772 803 Πνεύματος
786 769 816 795 οὐ
835 778 902 797 κατ-

106 817 261 844 οκνούντων
270 816 369 843 εἰπεῖν.
389 815 543 847 Ἔθέλοντες
558 815 648 842 τοίνυν
661 813 742 848 εἶναι,
757 816 834 851 φησὶ,
855 816 902 843 καὶ

108 862 260 899 προφῆται,
275 862 323 889 καὶ
338 861 562 896 Πνευματοφόροι
574 880 580 892 ,
596 860 643 888 καὶ
656 860 687 888 τὸ
702 861 800 895 σεμνὸν
815 861 902 894 οὕτως

957 265 1071 292 veritate
1087 265 1188 292 dictum
1205 269 1257 292 est.

993 356 1074 383 Vens.
1088 355 1115 382 4.
1136 355 1272 390 Prophetw
1293 364 1350 390 ejus
1371 361 1504 389 portantes
1533 355 1677 391 Spiritum,
1695 357 1744 384 viri

956 406 1155 434 contemptores.

992 446 1090 474 XXXI.
1112 447 1196 475 Recte
1211 448 1255 475 hic
1271 456 1354 482 super
1371 448 1509 482 prophetis
1531 449 1599 482 ejus,
1618 457 1669 476 non
1684 456 1744 476 esse

955 493 1015 526 Dei,
1036 494 1176 528 loquentes
1199 494 1312 528 incerta,
1331 497 1383 522 (de
1399 496 1526 523 cordibus
1546 496 1621 527 suis,
1641 501 1668 522 et
1690 503 1742 522 non

955 547 987 567 ex
1005 547 1053 571 ore
1073 539 1191 572 Domini,
1211 549 1220 566 ι
1240 544 1269 567 ut
1285 540 1414 575 scriptum
1429 545 1470 568 est
1490 541 1523 568 '°.
1546 541 1630 569 Vocat
1651 547 1740 568 autem

955 584 1083 620 Spiritum
1100 589 1235 620 portantes
1250 605 1257 618 ,
1278 589 1308 612 ut
1331 586 1533 613 dissimulanter
1554 586 1658 613 illudat.
1680 585 1738 613 Non

954 632 1026 666 quod
1040 631 1172 659 donorum
1193 631 1300 658 illorum
1321 631 1439 666 Spiritus
1457 633 1544 660 sancti
1566 641 1658 660 revera
1679 641 1742 665 par-

955 677 1053 713 ticipes
1066 677 1189 710 fuerint;
1211 677 1258 705 sed
1276 678 1339 712 quia
1354 678 1501 712 prophetiae
1524 679 1622 706 donum
1641 679 1741 713 [iugi-re

954 723 1013 751 ausi
1030 727 1104 753 sunt.
1122 730 1173 751 nec
1186 723 1267 751 veriti
1285 723 1377 751 dicere
1401 731 1431 751 se
1445 729 1540 751 sancto
1559 723 1660 758 Spiritu
1683 725 1740 758 ple-

953 776 1004 797 nos
1020 776 1092 797 esse.
1115 768 1245 797 Volentes
1262 769 1344 804 igitur
1357 777 1418 796 esse
1435 769 1581 803 prophetae,
1600 769 1697 804 inquit,
1715 774 1742 796 et

953 814 1086 849 Spiritum
1106 819 1256 849 portantes,
1274 819 1302 842 et
1327 820 1380 842 tam
1402 820 1545 849 augustum
1570 822 1667 842 nomen
1689 815 1740 842 sibi

953 861 1022 890 falso
1045 861 1194 894 ascribere,
1216 861 1284 889 tales
1305 861 1370 889 facti
1395 866 1458 889 sunt
1483 866 1696 896 contemptores,
1713 866 1742 888 ut

73 942 80 946 Α
105 909 193 945 δνομα
199 910 260 940 ταῖς
268 908 344 944 σφῶν
356 907 446 935 αὐτῶν
452 915 486 934 πε
491 907 680 942 ριπλάττοντες
688 907 827 942 κεφαλαῖς,
841 916 897 936 τοσ-

954 915 1043 942 neque
1056 908 1159 935 scirent
1174 908 1238 944 quid
1251 908 1358 935 tandem
1371 912 1444 936 esset
1457 908 1575 941 bonitas,
1587 908 1619 936 et
1636 907 1668 936 iis
1681 916 1741 943 qua:

108 954 189 983 οὖτον
210 955 340 990 γεγόνασι
353 952 572 989 καταφρονηταίζ
581 953 620 985 ὡς
631 953 698 989 μηδὲ
710 955 757 981 ὅτι
771 954 830 981 ποτ’
841 955 900 982 ἐστὶ

106 1002 138 1029 τὸ
152 1001 274 1032 ἐπιεικὲς
290 1000 401 1032 εἰδέναι,
423 999 647 1036 προσαπολλὼθαι
670 999 699 1027 δὲ
714 1001 761 1027 καὶ
777 1001 898 1036 ἐτέρους,

105 1045 147 1080 οἷς
161 1047 273 1074 ἐλάλουν
286 1047 321 1074 τὰ
333 1047 387 1074 ἀπὸ
402 1046 528 1082 καρδίας,
542 1047 593 1073 καὶ
603 1045 692 1079 τοῦτο,
711 1046 757 1073 ἐπὶ
773 1047 899 1082 σμικροῖς

105 1095 154 1122 καὶ
177 1093 382 1125 εὐτελεστάτοις
400 1092 567 1128 λημματίοις
587 1093 612 1119 oi.
627 1091 758 1125 τάλανες,
773 1092 819 1119 καὶ
833 1092 871 1124 ὡς
886 1093 900 1119 6

105 1140 251 1175 προφήτης
268 1134 350 1174 φησὶν
367 1137 512 1173 Ἱεζεχιήλ·
533 1148 542 1163 ι
557 1137 669 1165 Ἕνεκεν
680 1137 779 1174 δρακὸς
790 1138 898 1174 κριθῆς,

105 1186 154 1213 m1
171 1185 329 1220 κλάσματος
355 1184 449 1220 ἄρτου.
465 1193 476 1210 r
501 1183 556 1210 Καὶ
584 1183 757 1218 ἀποπληξίας
779 1183 808 1210 δέ
830 1183 898 1218 πρὸς

104 1231 184 1258 τοῦτο
199 1229 378 1263 κατὼλισθον,
399 1230 437 1261 ὡς
452 1230 502 1265 τῆς
526 1230 684 1265 ἀπορρήτου
705 1229 784 1264 δόξης
800 1229 899 1265 βουλὰς

104 1274 174 1303 ιῐναι
190 1275 281 1310 λέγειν
303 1275 352 1307 τὰς
373 1275 490 1308 ἑαυτῶν,
507 1275 554 1302 καὶ
575 1274 610 1301 τὰ
623 1275 677 1302 ἀπὸ
697 1274 810 1310 γνώμης
830 1275 899 1308 ιδίας

103 1321 337 1358 ἀποπραττόμενα
353 1321 474 1358 ῥήματα,
492 1321 581 1352 θείους
600 1319 670 1348 εἶναι
687 1321 782 1356 λόγους
796 1321 900 1357 διῖσχυ-

107 1367 239 1402 ρίζεσθαι.
256 1368 311 1394 Καὶ
330 1367 397 1402 γοῦν
418 1367 520 1402 ἔφασκε
537 1368 602 1403 περὶ
619 1367 710 1394 αὐτῶν
724 1367 767 1394 διὰ
785 1369 835 1403 τῆς
852 1368 900 1395 Ἱε-

107 1413 203 1450 ρεμίου
228 1414 336 1450 φωνῆς·
362 1422 372 1439 ι
388 1413 444 1440 Οὐκ
465 1413 631 1441 ἀπέστελλον
654 1414 717 1446 τοὺς
739 1413 897 1449 προφήτας,

103 1460 151 1487 καὶ
166 1460 243 1487 αὐτοὶ
257 1459 385 1495 ἔτρεχον·
406 1459 467 1486 οὐδέ
488 1459 608 1494 ἐλάλησα
628 1459 696 1495 πρὸς
718 1460 826 1493 αὐτοὺς,
852 1460 899 1487 καὶ

103 1507 181 1533 αὐτοὶ
196 1507 394 1542 προεφήτευον.
409 1515 419 1532 ι
439 1506 527 1533 Αὐτοῦ
547 1506 575 1533 δὲ
593 1505 638 1533 τοῦ
656 1507 794 1542 προφήτου
811 1506 899 1533 διακε-

103 1553 239 1589 κραγότος
256 1552 395 1588 ἐναργῶς,
415 1553 462 1580 καὶ
479 1552 620 1587 λέγοντος·
637 1561 646 1578 ι
668 1553 696 1579 '0
713 1552 761 1585 ὢν,
774 1552 896 1579 Δέσποτα

103 1598 206 1634 Κύριε,
233 1598 287 1626 ἰδοὺ
310 1599 335 1624 οι
353 1598 491 1634 προφῆται
513 1598 602 1626 αὐτῶν
626 1599 829 1634 προφητεύουσι
851 1599 898 1626 καὶ

102 1644 243 1678 λέγουσιν·
256 1644 313 1670 οὐκ
327 1643 424 1678 ὄψεσθε
440 1644 589 1680 μάχαιραν,
604 1644 651 1671 καὶ
665 1644 744 1680 λιμὸς
757 1645 808 1671 οὐκ
823 1643 899 1670 ἔσται

102 1691 132 1718 ἐν
151 1691 228 1727 ἡμῖν,
242 1690 283 1716 ὅτι
295 1689 425 1725 ἀλήθειαν
440 1690 488 1717 καὶ
499 1691 610 1726 είρήνην
626 1689 703 1716 δώσω
715 1690 761 1716 ἐπὶ
772 1691 822 1724 τῆς
835 1690 897 1725 γῆς,

102 1736 150 1763 καὶ
161 1737 190 1763 ἐν
205 1736 245 1772 τῷ
258 1737 334 1772 τόπῳ
344 1736 442 1771 τούτῳ
456 1745 466 1761 ι
484 1736 627 1772 μονονουχὶ
640 1736 689 1762 καὶ
702 1736 898 1772 ἁντεκεκρὰγει

101 1782 190 1818 λέγων
203 1785 217 1810 6
234 1783 290 1810 τῶν
307 1783 375 1810 ὅλων
392 1782 458 1814 Θεός
469 1791 475 1797 ·
496 1791 505 1808 ι
520 1782 614 1817 Ψευδῆ
634 1783 659 1808 οἱ
676 1782 813 1817 προφῆται
829 1791 897 1818 προ-

103 1829 266 1864 φητεύουσιν
283 1828 329 1855 ἐπὶ
346 1828 384 1864 τῷ
399 1828 510 1864 ὀνόματί
532 1837 594 1863 μου.
614 1828 670 1854 Οὐκ
685 1828 833 1854 ἀπέστειλα
848 1828 897 1855 αὑ-

102 1876 176 1908 τοὺς,
194 1875 242 1902 καὶ
259 1875 309 1901 οὐκ
326 1874 503 1910 ἐνετειλάμην
518 1874 619 1906 αὐτοῖς,
637 1874 685 1901 καὶ
705 1874 754 1900 οὐκ
776 1873 896 1908 ἐλάλησα

105 1920 174 1955 πρὸς
190 1920 289 1951 αὐτούς
300 1929 306 1936 ·
326 1919 366 1946 ὃτι
379 1920 488 1956 ὁράσεις
501 1919 618 1954 ψευδεῖς,
633 1920 679 1945 καὶ
695 1918 832 1954 μαντείας,
845 1919 892 1946 καὶ

101 1966 284 2001 οἱωνίσματα,
303 1967 349 1992 καὶ
376 1966 550 2002 προαιρέσεις
571 1966 683 2001 καρδίας
710 1965 800 1992 αὐτῶν
817 1965 894 1992 αὐτοὶ

101 2012 322 2048 προφητεύουσιν
341 2013 416 2047 ὑμῖν.
432 2012 463 2038 Εί
481 2012 624 2047 προφῆταί,
639 2012 702 2043 εἱσι,
720 2013 767 2039 καὶ
789 2013 813 2038 εί
837 2011 894 2038 ἔστι

100 2057 181 2091 λόγος
204 2057 307 2093 Κυρίου
324 2057 352 2083 ἐν
373 2057 475 2091 αὐτοῖς,
491 2056 727 2092 ἀπαντησάτωσάν
743 2065 798 2092 μοι.
813 2057 845 2083 Τί
865 2057 894 2083 τὸ

100 2103 204 2139 ἄχυρον
222 2102 290 2138 πρὸς
314 2103 360 2129 τὸν
377 2104 466 2135 σῖτον;
489 2102 575 2134 οὕτως
595 2103 619 2129 οἱ
640 2102 714 2137 λόγοι
739 2111 801 2138 μου,
822 2102 895 2136 λέγει

102 2148 215 2184 Κύριος.
232 2149 288 2183 Οὐχ
304 2149 329 2174 οι
348 2147 422 2182 λόγοι
443 2156 494 2183 μου
512 2147 607 2182 ὥσπερ
626 2147 680 2182 πῦρ
695 2147 803 2182 φλέγον,
822 2147 896 2181 λέγει

911 1582 932 1611 C

951 955 985 982 de
1013 954 1141 982 cordibus
1160 954 1218 982 suis
1237 953 1427 989 loquebantur,
1448 955 1517 982 alios
1535 962 1628 982 secum
1648 955 1742 990 perde«

951 1005 1014 1028 rent
1038 1001 1142 1033 miseri,
1175 1001 1256 1036 idque
1286 1005 1395 1035 propter
1417 1008 1516 1036 parvos
1542 1006 1570 1028 et
1594 1001 1741 1028 vilissimos

951 1048 1135 1083 qumsticulos,
1152 1052 1245 1082 atque,
1263 1053 1293 1075 ut
1309 1048 1439 1083 propheta
1456 1047 1580 1075 Ezechiel
1595 1048 1643 1079 ait,
1660 1047 1741 1076 «Pro-

951 1100 1012 1129 pter
1026 1094 1154 1130 pugillum
1172 1094 1265 1122 hordei
1291 1099 1317 1122 et
1332 1094 1512 1128 fragmentum
1526 1095 1602 1129 panis
1618 1094 1652 1121 '“.
1671 1104 1681 1120 ι
1700 1093 1738 1122 lta

951 1145 1033 1172 porro
1050 1138 1251 1171 insaniverunt,
1265 1144 1294 1166 ut
1317 1138 1432 1173 cogitata
1449 1146 1498 1166 sua
1514 1138 1660 1167 ineii'abilis
1683 1147 1741 1166 ina-

949 1183 1056 1218 jestatis
1070 1191 1132 1211 esse
1148 1184 1280 1217 dicerent,
1296 1189 1323 1212 et
1341 1192 1374 1212 ex
1396 1190 1486 1212 mente
1500 1193 1548 1212 sua
1561 1185 1665 1213 eliutita
1681 1193 1741 1213 ver-

951 1230 996 1262 ba,
1013 1230 1120 1258 divinos
1140 1237 1280 1258 sermones
1306 1238 1367 1258 esse
1390 1232 1598 1258 conﬁrmarent.
1623 1231 1740 1260 Proinde

951 1283 1000 1311 per
1024 1274 1171 1303 Jeremiam
1192 1276 1227 1304 de
1248 1277 1314 1312 ipsis
1335 1277 1464 1304 dicebat:
1488 1286 1497 1302 ι
1517 1276 1574 1304 Νοιι
1599 1277 1738 1305 mittebant

951 1323 1113 1357 prophetas,
1133 1327 1159 1350 et
1177 1323 1227 1358 ipsi
1248 1323 1409 1355 currebant;
1445 1331 1534 1358 neque
1557 1323 1686 1358 loquebar
1705 1323 1739 1350 ad

951 1376 1008 1400 eos,
1023 1374 1049 1396 et
1068 1369 1119 1404 ipsi
1138 1369 1338 1404 prophetabant
1350 1369 1373 1385 "'
1389 1379 1399 1395 ›
1416 1369 1556 1397 Clamaute
1573 1374 1662 1396 autem
1677 1376 1740 1404 pro-

951 1415 1032 1449 pheta
1051 1414 1110 1448 ipso
1123 1414 1280 1449 ntattifeste,
1296 1419 1323 1442 ct
1337 1415 1462 1442 dicente:
1484 1424 1493 1440 ι
1516 1414 1565 1448 Qui
1589 1423 1628 1447 es,
1646 1414 1739 1441 Domi-

952 1467 985 1487 ne
1003 1459 1172 1493 dominator,
1196 1467 1260 1487 ecce
1285 1461 1424 1495 prophetae
1445 1460 1619 1496 prophetarit,
1647 1464 1673 1487 et
1699 1461 1740 1488 di-

952 1510 1035 1532 cunt:
1055 1504 1113 1532 Non
1130 1505 1256 1533 videbitis
1270 1505 1400 1541 gladium,
1425 1510 1452 1532 et
1469 1506 1554 1533 iantes
1571 1513 1623 1533 non
1644 1506 1696 1533 erit
1712 1506 1739 1533 in

953 1551 1040 1584 vobis,
1054 1552 1117 1586 quia
1131 1551 1272 1579 veritatem
1291 1556 1317 1579 et
1331 1560 1424 1587 pacem
1440 1552 1510 1579 dabo
1525 1552 1552 1579 in
1569 1556 1651 1585 terra,
1672 1557 1698 1580 et
1712 1553 1739 1580 in

951 1597 1009 1624 loco
1027 1598 1079 1624 isto
1094 1597 1126 1632 ⁷³,
1146 1607 1154 1622 ι
1177 1602 1280 1624 tantum
1301 1606 1354 1625 non
1376 1603 1473 1625 contra
1485 1598 1583 1625 clamat
1601 1599 1741 1626 universo-

951 1651 1010 1670 rum
1029 1644 1099 1670 Deus
1118 1644 1160 1670 his
1176 1644 1287 1670 verbis:
1305 1653 1314 1668 ι
1331 1643 1409 1670 Falsa
1426 1644 1614 1677 prophetiZaut
1627 1645 1740 1678 prophe-

951 1693 983 1716 ta:
998 1689 1023 1716 in
1038 1690 1148 1716 nomine
1162 1697 1234 1716 nico.
1263 1688 1321 1715 Non
1357 1689 1418 1716 misi
1436 1697 1493 1720 eos,
1508 1694 1535 1716 et
1555 1698 1606 1716 non
1623 1690 1739 1723 βιωθενὶ

949 1733 999 1764 eis,
1014 1738 1041 1760 et
1058 1741 1110 1760 non
1127 1741 1186 1760 sum
1200 1733 1304 1761 locutus
1317 1733 1350 1760 ad
1368 1741 1434 1766 eos;
1452 1734 1514 1768 quia
1535 1735 1650 1762 visiones
1665 1742 1739 1762 meu-

949 1780 1040 1811 daces,
1065 1783 1092 1806 et
1119 1778 1312 1812 divinationes,
1342 1783 1370 1806 et
1397 1779 1520 1814 auguria,
1544 1784 1571 1806 ct
1592 1780 1739 1807 electiones

948 1825 1038 1852 cordis
1063 1824 1103 1852 sui
1134 1825 1184 1859 ipsi
1213 1825 1408 1860 prophetizant
1431 1825 1518 1852 vobis.
1547 1824 1574 1852 Si
1598 1827 1738 1860 prophetae

947 1875 1019 1902 sunt,
1035 1875 1062 1897 et
1073 1870 1094 1897 si
1107 1875 1148 1898 cst
1161 1879 1252 1898 sermo
1270 1871 1373 1898 Domini
1392 1871 1474 1906 609
1490 1871 1517 1898 in
1531 1872 1580 1904 cis,
1593 1877 1738 1899 occurrant

947 1916 1024 1944 mihi.
1041 1916 1109 1950 Quid
1127 1916 1202 1951 palea
1228 1917 1261 1944 ad
1284 1917 1421 1944 triticum?
1435 1917 1474 1944 sic
1490 1917 1568 1944 verba
1596 1925 1656 1945 mea
1673 1918 1738 1945 dicit

949 1963 1090 1990 Dominus.
1128 1963 1222 1990 Nonne
1251 1963 1332 1990 verba
1362 1970 1445 1994 mea,
1468 1963 1538 1990 sicut
1566 1963 1636 1997 ignis
1661 1971 1736 1990 com-

949 2009 1061 2042 burens,
1076 2009 1142 2036 dicit
1170 2009 1310 2042 Dominus,
1337 2014 1364 2037 et
1389 2010 1459 2036 sicut
1484 2009 1591 2036 securis
1615 2009 1737 2037 incidens

949 2059 1052 2089 petram
1067 2055 1109 2082 7‘?
1126 2065 1135 2081 ι
1152 2055 1281 2082 Penelrnt
1292 2055 1364 2082 enim
1377 2056 1498 2082 animum
1511 2062 1601 2082 sermo
1618 2055 1735 2088 divinus,

946 2108 973 2129 et
989 2102 1071 2129 corda
1097 2102 1263 2129 audientium
1290 2107 1393 2129 tantum
1416 2110 1469 2128 non
1491 2102 1640 2136 dirumpit:
1665 2102 1737 2136 frigi-

947 2148 997 2175 dus
1013 2152 1101 2174 autem
1124 2153 1151 2175 et
1178 2148 1325 2180 invalidus,
1338 2149 1382 2182 qui
1401 2155 1435 2175 ex
1459 2148 1576 2175 humana
1598 2148 1737 2176 voluntate

101 2194 214 2230 Κύριος,
231 2194 277 2221 καὶ
294 2193 331 2226 ὡς
343 2194 427 2226 πέλυξ
443 2194 552 2221 κόπτων
569 2194 672 2230 πέτραν
684 2202 705 2227 ;r
720 2193 897 2220 Καοικνεῖται

953 2192 1142 2227 proﬁciscitur,
1156 2192 1244 2227 qualis
1260 2192 1403 2228 impiorum
1419 2193 1611 2227 prophetarum
1627 2199 1699 2220 erat.

98 2238 154 2276 γὰρ
170 2239 210 2270 είς
225 2238 271 2266 νοῦ
289 2239 370 2274 βάθος
383 2240 397 2266 6
416 2238 492 2274 παρὰ
505 2238 573 2266 Θεοῦ
588 2239 676 2273 λόγος,
693 2239 740 2266 καλ¹
757 2238 897 2274 μονονουχὶ
917 2238 1096 2274 διαρῤήγνυσι
1117 2237 1166 2274 τὴν
1184 2238 1238 2265 τῶν
1274 2239 1457 2274 ἀκροωμένων
1487 2238 1614 2274 καρδίαν’
1635 2239 1737 2275 ψυχρὸς

99 2287 128 2313 δὲ
153 2287 201 2314 καὶ
215 2286 327 2317 ἄναλκις
339 2287 352 2312 6
368 2285 398 2318 ἐξ
414 2284 559 2320 ἀνθρώπου
578 2285 687 2322 βουλῆς,
702 2286 792 2317 ὁποῖός
808 2294 849 2317 τις
862 2282 896 2319 ἦν
914 2285 929 2310 ὁ
945 2284 999 2311 τῶν
1030 2283 1145 2311 ἀνοσίων
1162 2283 1401 2320 ψευδοπροφητῶν.

137 2337 170 2362 οι
187 2334 275 2369 ἱερεῖς
298 2334 394 2368 αὐτῆς
409 2333 579 2368 βεϐηλοῦσι
598 2334 633 2361 τὰ
652 2334 736 2369 ἅγια,
754 2334 802 2362 καί
823 2334 893 2360 ἀσε-

981 2332 1136 2360 8αεενιίοιεε
1164 2333 1221 2368 ejus
1242 2333 1366 2367 polluunl
1395 2338 1504 2368 sancta,
1519 2337 1544 2360 et
1560 2334 1636 2368 impie
1656 2340 1736 2370 agunt

100 2384 188 2412 δοῦσι
210 2385 254 2416 εἷς
269 2383 324 2410 τὸν
338 2383 441 2418 νόμον.

135 2431 197 2457 AB’.
218 2430 276 2456 Οὐκ
296 2429 349 2462 ἐξω
374 2429 486 2464 μομφῆς
508 2427 569 2455 οὐδὲ
590 2427 656 2454 αὐτὸ
675 2427 838 2463 πεφώραται
863 2426 894 2454 τὸ

101 2477 250 2509 ἀπόλεκτον
267 2475 355 2510 γένος,
385 2475 523 2507 τουτέστι,
546 2474 577 2500 τὸ
600 2475 632 2500 ἐκ
651 2474 736 2509 φυλῆς
751 2474 824 2500 Λευί.
845 2473 896 2499 Βε-

102 2523 200 2556 6ηλοῦν
212 2522 239 2549 δὲ
254 2522 302 2549 καὶ
320 2521 419 2552 αὐτοὺς
438 2520 471 2548 τὰ
489 2520 555 2555 ἆγιά
571 2529 648 2556 φησι,
667 2520 714 2547 καλ⁸
733 2519 840 2546 ἀσεϐεῖν
855 2521 895 2551 εἰς

95 2570 194 2604 ¹νόμον.
211 2569 369 2605 Γέγραπται
391 2568 441 2604 μὲν
461 2567 524 2603 γὰρ,
538 2567 578 2594 ὅτι
599 2577 607 2593 ι
621 2566 705 2601 Χείλη
721 2566 815 2602 ἱερέων
844 2575 894 2600 φυ-

103 2616 213 2648 λάξεται
229 2616 330 2650 κρίσιν.
347 2615 394 2642 καί
408 2615 488 2650 νόμον
500 2613 694 2650 ἐκζητήσουσιν
713 2614 745 2640 ἐκ
762 2613 895 2648 στόματος

103 2662 201 2689 αὐτῶν.
216 2671 224 2688 ι
248 2661 318 2688 Ἀλλ’
331 2661 368 2693 ὡς
384 2661 466 2693 αὐτός
483 2668 534 2687 που
551 2659 634 2686 πάλαι
651 2659 716 2694 φησὶ
730 2659 744 2685 6
757 2659 811 2685 τῶν
826 2659 894 2685 ὅλων

104 2707 255 2742 Δεσπότης*
272 2716 281 2732 ι
295 2707 326 2733 υἱ
343 2707 425 2742 ἱερεῖς
440 2706 490 2733 οὐκ
505 2702 592 2731 εἷπον
607 2704 662 2730 Ποῦ
677 2704 734 2730 ἐστι
747 2703 864 2738 Κύριοςς
882 2711 890 2727 ι

103 2755 139 2780 Τὸ
153 2744 254 2790 μέντοι
273 2752 310 2789 μὴ
326 2752 468 2788 βούλεσθαι
481 2749 640 2787 διατρανοῦν
668 2750 713 2777 τὸν
729 2750 821 2784 νόμον,
837 2750 893 2780 τοῖς

139 2858 160 2872 ιθ
173 2856 264 2884 liecle.
281 2863 328 2886 vu,
341 2854 368 2881 ἓ.
407 2854 429 2870 ⁷ο
443 2854 542 2882 Jerem.
562 2859 639 2883 xxut,
658 2851 705 2883 16;
728 2850 826 2877 Ezerh.
846 2857 892 2876 nu

139 2901 147 2912 ι
174 2892 217 2912 ix,
255 2890 354 2912 "tum.
370 2889 463 2912 M-lti.
505 2888 655 2912 "Malach.
675 2895 706 2912 ιι.
722 2886 749 2912 Τ.
792 2885 897 2912 Tn.lerei

957 2869 1010 2912 ἱ.ο

921 2904 926 2911 .
946 2904 976 2918 ..,
996 2904 1022 2911 ν.

103 2901 158 2927 xw,
174 2892 218 2920 15,
255 2891 278 2907 ⁷⁸
289 2890 354 2919 ibid.
370 2889 463 2918 ιι-ιϋ.
505 2889 527 2904 ⁷⁵
541 2888 655 2916 Malach.
675 2895 706 2920 ll,
722 2886 749 2913 Τ.

943 2380 970 2406 in
993 2379 1083 2413 legem.

980 2423 1088 2450 XXXII.
1106 2423 1145 2450 Ne
1166 2423 1252 2458 ipsum
1274 2424 1380 2458 quidem
1393 2431 1478 2459 genus
1493 2425 1619 2458 electum,
1641 2426 1672 2453 de
1689 2426 1737 2452 tri—

944 2471 978 2498 bu
997 2470 1060 2497 Levi
1083 2470 1221 2502 nimirum,
1240 2470 1358 2498 itntnune
1376 2479 1390 2498 a
1412 2471 1489 2506 culpa
1515 2472 1736 2505 deprehenditur.

944 2517 1032 2552 Ipsum
1049 2524 1154 2551 quoque
1169 2517 1312 2550 profanare
1338 2523 1444 2550 sancta,
1456 2523 1483 2545 et
1505 2518 1585 2554 impie
1603 2527 1681 2552 agere
1710 2520 1736 2546 in

948 2564 1032 2599 legem
1058 2563 1184 2590 allirutat.
1212 2562 1347 2598 Scriptum
1374 2569 1415 2591 est
1438 2565 1531 2592 enim:
1556 2575 1564 2591 ι
1586 2565 1666 2592 Labia
1693 2573 1736 2593 sa-

948 2610 1087 2636 cerdotum
1106 2609 1413 2642 custmliuntjudicium,
1437 2614 1464 2636 et
1492 2609 1577 2644 legem
1598 2611 1736 2646 requirent

948 2664 979 2683 ex
996 2663 1042 2683 ore
1062 2655 1197 2682 eorum".
1210 2664 1220 2680 ι
1241 2654 1349 2686 Verum,
1364 2659 1393 2682 ut
1413 2655 1469 2689 ipse
1487 2656 1673 2683 universorum
1689 2657 1736 2683 Do-

948 2703 1035 2729 minus
1053 2709 1159 2728 rursum
1178 2701 1274 2729 alicubi
1291 2701 1377 2728 dixil:
1393 2711 1401 2727 ι
1415 2701 1574 2729 Sacerdotes
1593 2710 1643 2729 non
1661 2703 1735 2730 dixe-

948 2753 1009 2775 runt
1024 2757 1030 2774 :
1047 2747 1099 2776 Ubi
1119 2753 1160 2776 est
1175 2748 1303 2775 Dominus
1316 2748 1362 2775 7‘?
1382 2757 1392 2774 ι
1407 2747 1490 2775 Porro
1510 2747 1581 2775 nolle
1596 2747 1700 2775 deriara
1707 2755 1734 2774 re

1004 2849 1025 2864 ⁷¹
1039 2849 1137 2878 Ezeeh.
1152 2858 1212 2883 xui,
1231 2848 1274 2876 i9.
1294 2849 1316 2864 τ’
1329 2848 1430 2876 Jcrem.
1442 2855 1520 2881 mn,
1532 2847 1577 2876 2|.
1595 2847 1618 2864 ⁷³
1630 2846 1731 2876 Jercnt.
