1917 3038
166 173 219 204 995

661 164 690 194 S.
710 162 848 193 CYRILIJ
867 154 1105 189 ALEXANDRINI
1126 153 1287 185 ARCIIIEP.

1750 147 1803 176 996

167 233 253 267 legem
282 227 464 258 nescientibus
488 225 593 260 ipsam,
619 230 709 257 neque
738 222 892 249 incumbere
921 218 955 245 ad

1020 216 1058 242 ὡκ
1074 215 1173 242 εἰδόσιν
1195 212 1286 246 αὐτον,
1309 212 1346 248 μή
1371 219 1401 237 τε
1428 209 1480 246 μὴν
1498 207 1676 244 ἀποκομίζειν
1693 206 1803 241 ἐπείγε-

1029 263 1039 267 -
1117 263 1123 267 Α
1167 262 1174 267 α
1202 262 1209 267 ι
1264 263 1275 267 -
1326 260 1333 267 \
1376 261 1381 267 ι
1437 260 1443 267 ι
1497 258 1504 267 \
1528 258 1539 267 5,
1559 257 1587 267 μιν
1608 265 1634 267 .η
1653 255 1711 267 ΔΙ.Ῐ.»
1742 255 1787 267 __,-.

167 266 317 312 subjectum
333 273 457 309 populum
477 270 655 298 reducendum
669 268 700 295 ad
717 268 812 302 placita
827 266 883 297 Dei,
894 266 957 296 hoc,

166 311 274 357 opinor,
293 326 335 348 cst
347 319 427 353 impie
445 324 525 352 agere
538 316 563 343 in
580 315 676 350 legem.
694 314 785 348 Neque
801 312 844 339 hic
861 311 960 338 sistunt

167 356 261 396 eorum
276 366 412 393 crimina:
432 373 441 389 ι
461 362 512 390 Sed
528 362 650 397 polluuut
669 360 749 387 etiam
773 362 893 390 sancta,t
919 356 960 383 in-

167 414 235 448 quit.
251 412 306 439 Lex
324 410 395 438 enim
417 414 464 444 per
477 408 570 435 Mosen
587 408 648 434 data
666 406 798 441 plurimas
812 405 884 431 circa
915 410 960 429 sa-

167 457 269 484 crificia
291 460 319 483 ct
350 454 501 482 oblationes
535 451 710 479 catretnonlas
736 450 825 480 habet,
853 448 960 483 quando

167 501 293 538 quaelibet
314 505 340 528 et
353 507 471 534 quonam
503 498 584 525 modo
612 498 763 533 peragenda
778 495 823 522 sit.
840 494 879 521 Illi
896 500 960 520 vero

165 555 215 583 pro
232 555 265 574 eo
281 554 313 574 ac
327 545 472 577 debebant,
488 543 623 571 sacriﬁcia
647 542 791 572 faciebam,
820 545 960 567 verumta-

166 601 228 620 men
242 593 360 624 incatttc,
376 595 404 618 et
420 591 598 625 negligenter,
615 596 666 615 nec
698 592 814 620 tempus,
831 592 881 612 'tee
907 583 961 611 for-

166 646 238 666 mam
274 637 326 665 sibi
340 637 499 664 servandam
520 639 672 662 censentes.
689 633 727 660 Ac
739 639 826 666 neque
842 629 962 658 sanctifi-

166 685 219 712 cati
235 685 362 716 fortasse,
378 686 466 716 neque
488 679 654 708 indumentis
675 686 724 714 pro
743 682 813 705 statu
843 677 961 710 ipsorum

167 731 328 760 sacerdotali
348 729 479 763 cooperti,
498 733 525 755 et
542 727 661 754 debitum
676 725 702 752 in
726 724 834 751 modum
858 721 959 753 ornati,

167 784 244 804 sacra
265 775 439 810 peragebant,
458 772 533 807 quasi
550 771 644 798 inutile
681 768 818 804 quidpiam
843 772 896 793 tam
916 773 962 793 ve-

168 822 321 851 nerandum
360 826 387 848 et
419 818 579 847 admirabile
613 816 793 843 ministerium
830 813 895 840 nihil
923 812 963 839 fa-

168 870 283 897 cientes.

203 914 359 942 Cavendum
381 916 422 940 est
448 910 530 946 igitur
552 908 680 937 Ecclesia:
702 906 898 936 sacerdotibus,
927 909 962 932 ne

168 960 290 996 polluant
306 962 424 986 sancta:
461 957 556 984 modus
588 961 677 982 autem
700 953 856 988 pollutionis
892 950 962 978 haud

169 1015 249 1039 untts,
263 1006 309 1034 sed
339 1005 438 1032 multus
456 1011 488 1031 ac
516 1003 650 1031 diversus.
669 1001 734 1028 Esse
759 1000 830 1027 enim
858 1002 963 1033 oportet

169 1052 284 1079 mundos
295 1055 322 1078 et
334 1052 424 1077 anitna
441 1053 469 1076 et
484 1055 609 1083 corpore,
625 1051 653 1074 et
666 1045 796 1081 repellere
814 1051 894 1071 omne
917 1050 962 1078 ge-

170 1103 222 1124 nus
248 1095 436 1124 abominandze
455 1093 602 1128 voluptatis
619 1111 626 1125 ,
653 1097 680 1119 et
702 1090 799 1119 studiis
830 1090 962 1116 bonortnn

171 1150 283 1178 operum
299 1141 498 1176 splendescere,
515 1145 649 1166 memores
667 1137 738 1164 illius
754 1135 837 1162 divini
866 1134 941 1161 Pauli
955 1142 962 1160 :

174 1196 184 1213 ‹
205 1187 305 1222 Spiritu
326 1185 472 1230 amb‘ulate,
481 1188 508 1212 et
529 1183 663 1212 desideria
689 1181 779 1209 carnis
803 1188 857 1208 non
881 1179 964 1215 perﬁ-

171 1234 249 1262 cietis
262 1233 298 1260 ".
311 1237 321 1255 ι

207 1341 290 1370 Vsus.
307 1340 334 1368 5.
350 1339 383 1367 At
406 1338 531 1366 Dominus
543 1342 631 1371 )ttstus
647 1336 674 1362 in
700 1335 785 1362 medio
797 1333 864 1369 ejus,
879 1339 965 1361 etnon

171 1388 250 1422 faciet
267 1387 443 1421 iniquitatem.
462 1385 554 1417 Mane,
573 1382 791 1417 manejudicium
805 1388 880 1407 suum
894 1379 965 1406 dabit

171 1436 200 1462 in
219 1435 286 1460 luce.
306 1433 340 1460 Ει
355 1440 406 1460 non
432 1431 599 1458 absconditus
623 1435 670 1460 est,
683 1434 706 1454 et
729 1435 780 1454 non
796 1427 844 1453 scit
869 1427 966 1462 iniqui-

179 1485 261 1508 tatem
288 1480 316 1506 in
344 1478 499 1510 exactione,
521 1481 544 1503 et
577 1483 630 1503 non
659 1475 824 1509 iniquitatem
848 1474 874 1499 in
902 1481 966 1499 con~

173 1527 327 1554 tentionem.

1011 263 1071 290 σθαι
1084 263 1146 294 τοὺς
1163 262 1216 289 ὑπὸ
1232 263 1311 296 χεῖρα
1325 260 1406 291 λαοὺς
1420 260 1460 291 εἰς
1478 258 1509 284 τὸ
1524 257 1635 284 ἁνδάνον
1653 255 1725 290 θεῷ,
1740 255 1805 282 τοῦ-

1008 318 1049 342 το,
1072 307 1164 344 οἶμαι,
1179 308 1238 334 ἐστὶ
1252 307 1284 334 τδ
1302 307 1410 334 ἀσεὸεῖν
1430 306 1471 337 είς
1487 304 1578 339 νόμονι
1597 303 1652 330 Καὶ
1675 302 1705 329 οὐ
1723 302 1805 337 μέχρι

1009 355 1104 382 τούτου
1119 355 1153 381 τὰ
1170 354 1282 381 ἐκείνων
1300 353 1461 388 ἐγκλήματα
1471 360 1477 366 ·
1495 360 1504 377 ι
1518 350 1586 378 ἀλλὰ
1601 349 1656 385 γὰρ
1671 351 1719 376 καὶ
1737 359 1746 374 ι
1761 349 1805 383 βε-

1010 401 1123 437 6ηλοῦσι
1137 401 1171 428 τὰ
1191 400 1271 434 ἅγια,
1285 409 1294 425 ι
1320 386 1399 433 ignei.
1430 397 1459 424 '0
1477 397 1526 432 μὲν
1544 396 1599 432 γὰρ
1619 395 1664 422 διὰ
1682 395 1806 427 Μωσέως

1010 446 1092 482 νόμος
1106 445 1236 479 πλείστην
1249 445 1306 480 ἔχει
1320 443 1369 479 τὴν
1381 443 1543 478 ἐπιτήρησιν
1558 441 1622 477 περὶ
1634 440 1746 473 θυσιῶν,
1758 440 1806 466 καὶ

1011 491 1205 529 προσαγωγῆς,
1221 491 1302 526 ἡνίκα
1315 498 1346 525 γε
1359 489 1488 524 ἑκάστην,
1504 488 1550 514 καὶ
1564 487 1625 514 τίνα
1639 487 1690 522 χρὴ
1705 487 1807 522 τρόπον

1010 537 1254 573 ἀποπεραίνεσθαι.
1274 537 1304 562 Οἱ
1317 536 1355 567 δέ,
1372 535 1442 562 κατὰ
1456 534 1486 561 τὸ
1507 533 1590 566 είκὺς,
1607 532 1807 568 προσεκόμιζον

1013 585 1063 620 μὲν
1086 584 1136 616 τὰς
1152 583 1265 614 θυσίας,
1287 582 1356 617 πλὴν
1378 581 1541 616 ἀφυλάκτως
1568 579 1616 605 καὶ
1638 578 1757 614 ἀμελῶς,
1776 579 1806 605 οὗ

1011 631 1117 666 καιρὸν,
1139 631 1169 657 οὐ
1190 629 1292 660 τύπους
1316 628 1455 661 ἀξιοῦντες
1482 627 1632 661 ἐπιτηρεῖν.
1656 625 1726 652 Ἀλλ’
1746 625 1807 652 οὐδὲ

1012 675 1170 712 ήγνισμένοι
1194 675 1275 709 τάχα,
1295 673 1358 700 οὒτε
1375 673 1429 708 μὴν
1446 672 1475 698 ἐν
1497 671 1633 706 ἐσθήμασι
1652 671 1709 701 τοῖς
1731 668 1807 704 σφῶν

1013 719 1184 756 ἱεροπρεπῶς
1204 717 1374 753 ἐσταλμένοι,
1398 717 1446 744 καὶ
1466 717 1495 743 ἐν
1516 717 1612 751 κόσμῳ
1635 712 1753 750 ὁρῶντες
1774 714 1808 741 τὰ

1013 767 1092 803 ἱερὰ,
1116 765 1295 802 ἀτιμάζοντες
1313 764 1342 792 δέ
1366 763 1437 791 ὥστε
1461 763 1516 790 τῶν
1536 762 1654 798 ἀχρείων
1670 762 1721 797 τὴν
1736 760 1808 787 οὕτω

1013 813 1124 849 σεπτὴν,
1141 813 1189 840 καὶ
1206 811 1370 846 ἀξιάγαστον
1384 809 1565 845 λειτουργίαν.

976 892 999 920 Β
1048 902 1281 940 Παραφυλακτὲον
1308 899 1414 940 δὴῗοῦν
1433 901 1491 932 τοῖς
1515 900 1565 935 τῆς
1581 899 1747 935 Ἐκκλησίας
1770 899 1809 925 ἱε-

1015 939 1149 985 ρουργοῐς,
1172 948 1209 984 μὴ
1227 939 1408 984 βεδηλοῦκντά
1429 946 1508 980 ἅγια·
1526 945 1625 980 τρόπος
1645 945 1674 971 δέ
1692 944 1742 979 τῆς
1764 943 1809 978 βε-

1013 995 1158 1032 δηλώσεως
1179 996 1227 1030 οὺχ
1242 992 1292 1026 εἷς,
1308 993 1436 1028 διάφορος
1455 992 1493 1024 δὲ,
1511 992 1559 1018 καὶ
1578 990 1672 1022 πολύς.
1687 991 1734 1017 Δεῖ
1754 990 1809 1026 γὰρ

1013 1040 1082 1069 εἶναι
1099 1040 1323 1077 κεκαθαρμένους
1336 1040 1384 1067 καὶ
1401 1038 1500 1073 ψυχὴν,
1516 1037 1562 1064 καὶ
1578 1037 1669 1073 σῶμα,
1690 1037 1738 1063 καὶ
1754 1037 1809 1063 πᾶν

1014 1087 1082 1120 εἶδος
1102 1088 1316 1123 ἀποσειομένους
1333 1085 1465 1121 βδελυρᾶς
1487 1085 1593 1121 ἡδονῆς,
1608 1083 1810 1118 ήγλαῖσμένους

1013 1135 1042 1162 δὲ
1067 1134 1169 1170 μᾶλλον
1192 1134 1247 1165 τοῖς
1271 1134 1311 1164 είς
1328 1132 1512 1168 ἀγαθοεργίαν
1534 1130 1742 1165 σπουδάσμασι,
1762 1138 1812 1165 με·

1016 1180 1170 1216 μνημένους
1184 1179 1310 1213 λέγοντος
1323 1177 1370 1204 τοῦ
1392 1176 1535 1204 θεσπεσίου
1558 1175 1666 1203 Παύλου
1676 1183 1683 1190 ·
1701 1185 1710 1200 ι
1726 1174 1812 1202 Πνεῦ-

1017 1235 1082 1262 ματι
1100 1225 1288 1260 περιπατεῖτε,
1308 1224 1356 1251 καὶ
1375 1223 1525 1259 ἐπιθυμίαν
1544 1221 1645 1258 σαρκδς
1664 1221 1694 1248 οὐ
1711 1221 1749 1257 μὴ
1766 1229 1810 1247 τε.

1015 1272 1121 1308 λέσητε.
1135 1281 1144 1297 ι

1057 1329 1089 1355 ὐ
1108 1328 1142 1355 δὲ
1159 1328 1268 1363 Κύριος
1287 1327 1404 1360 δίκαιος
1424 1325 1558 1361 ἐνμέσῳ
1579 1324 1686 1359 αὐτῆς,
1707 1324 1758 1351 καὶ
1775 1324 1810 1351 οὐ

1014 1374 1057 1410 μὴ
1081 1375 1196 1409 ποιήσῃ
1209 1373 1325 1400 ἄδικον.
1340 1372 1430 1406 Πρωῖ,
1452 1371 1528 1405 πρωῒ
1545 1370 1633 1397 δώσει
1647 1370 1737 1405 κρῖμα
1759 1371 1812 1396 αὺ-

1017 1420 1070 1448 τοῦ
1086 1421 1130 1453 είς
1149 1418 1223 1454 φῶς.
1243 1417 1298 1445 Kal
1323 1418 1379 1444 vim
1407 1416 1571 1450 ἀπεκρύϐη,
1595 1415 1644 1442 καὶ
1660 1415 1716 1442 οὐκ
1736 1414 1812 1449 ἔγνω

1018 1467 1139 1495 ἀδικίαν
1159 1466 1194 1493 ἑν
1212 1464 1392 1498 ἀπαιτήσει,
1417 1463 1467 1490 καὶ
1490 1463 1545 1489 οὐκ
1569 1463 1613 1495 εἰς
1628 1461 1728 1494 νεῖκος
1750 1460 1812 1488 ἀδιιι

1019 1515 1098 1541 κίαν.
1565 1525 1567 1527 ι
1579 1530 1589 1543 ,

206 1571 330 1599 XXXIII.
349 1567 521 1604 [inplacabile
541 1566 738 1602 quodammodo
750 1565 820 1592 inter
837 1564 964 1600 iujttstum

1054 1570 1115 1597 Al".
1140 1567 1309 1604 ’Ᾱσύμϐατον
1324 1566 1353 1594 δέ
1368 1574 1426 1598 πως
1441 1565 1486 1593 ἀεὶ
1496 1564 1536 1600 τῷ
1551 1564 1636 1599 ἀδίκῳ
1650 1564 1680 1590 τὸ
1696 1563 1812 1594 δίκαιον.

171 1624 200 1647 et
213 1617 345 1652 justitiam
366 1620 408 1642 est
436 1614 590 1645 dissidium,
616 1620 666 1640 nec
699 1619 817 1646 unquam
856 1611 964 1646 puritali

170 1665 321 1702 610mm
338 1663 445 1697 impuro
467 1660 618 1688 conveniet.
642 1668 651 1685 ι
670 1659 735 1692 Quze
752 1659 824 1685 enim
849 1658 966 1684 societas

171 1712 226 1739 luci
245 1711 278 1737 ad
294 1709 420 1736 tenebras
439 1705 486 1733 ἐἳ
504 1716 513 1732 ι
532 1705 658 1740 Pugnant
673 1704 745 1731 enim
764 1712 807 1731 res
823 1703 882 1730 ista:
900 1702 968 1730 iuvi-

177 1765 250 1789 cem,
269 1760 294 1783 cl
311 1754 424 1782 ntultum
437 1753 470 1781 ab
487 1751 606 1779 amicitia
620 1756 712 1778 mutua
732 1758 779 1778 eas
799 1750 899 1777 distare
925 1749 967 1775 vi-

173 1805 238 1832 deas
257 1802 328 1829 licet.
344 1800 410 1828 Cum
426 1807 491 1834 ergo
507 1798 578 1826 Deus
592 1799 712 1825 omnium
730 1796 859 1824 Dominus
875 1795 968 1830 diligat

171 1849 316 1886 justitiam,
334 1851 362 1874 et
381 1846 553 1880 iniquitatem
580 1843 694 1876 nesciat,
711 1843 846 1877 quomodo
859 1848 967 1875 semper

173 1896 228 1922 vim
250 1893 384 1925 oblinere,
401 1899 448 1919 seu
470 1891 503 1917 ad
522 1889 600 1917 linem
628 1888 736 1924 perduci
755 1893 888 1927 poterant,
915 1895 967 1914 tton

174 1944 314 1976 amputata
333 1946 444 1974 prorsus
463 1935 655 1964 scelestissima
668 1933 823 1962 Judmornm
839 1933 969 1961 crimina?

175 1987 289 2014 Videtur
310 1985 381 2012 enim
399 1983 534 2019 quoddam
556 1989 641 2017 genus
667 1980 857 2016 improbitatis,
874 1987 969 2015 pecca-

173 2040 258 2062 torem
284 2031 417 2066 supplicio
439 2037 490 2057 non
508 2028 652 2062 subjicere,
667 2035 718 2055 nec
740 2034 834 2062 poenas
860 2027 968 2060 exigere

173 2081 208 2108 ab
222 2088 265 2112 eo,
279 2080 324 2114 qui
339 2078 420 2105 vitam
442 2084 519 2104 suam
538 2075 640 2103 nefarie
662 2079 689 2102 et
708 2070 968 2108 impie'instittteril,

172 2126 312 2161 legemque
332 2131 380 2159 pro
396 2123 478 2150 nihilo
500 2121 612 2156 putarit,
630 2121 750 2154 adeoque
768 2119 794 2147 in
815 2118 914 2154 flagitia
941 2127 970 2146 se

172 2171 304 2205 abiecerit
330 2174 360 2196 ut
380 2168 544 2204 probitatem
579 2172 606 2194 et
639 2165 821 2193 innocentiam
846 2173 895 2193 nec
923 2165 969 2200 pili

175 2217 268 2249 faciat,
282 2220 309 2242 et
322 2222 428 2242 sutntuo
446 2213 537 2241 decori
560 2212 611 2239 sibi
635 2213 725 2242 ducat,
752 2219 864 2245 quorum
889 2218 970 2238 causa

1019 1617 1066 1644 καὶ
1078 1617 1129 1643 οὐκ
1148 1613 1180 1642 ἂν
1197 1616 1230 1642 τοι
1250 1613 1321 1641 κατά
1338 1612 1437 1640 ταυτὸν
1454 1611 1493 1647 τῷ
1513 1611 1620 1647 βεϐήλῳ
1638 1610 1669 1637 τὸ
1683 1610 1812 1645 καθαρόν.

1021 1673 1030 1689 t
1044 1664 1092 1694 Τίς
1108 1663 1162 1697 γὰρ
1175 1661 1207 1688 ἂν
1227 1661 1332 1695 γένοιτο
1352 1658 1480 1686 κοινωνία
1495 1657 1565 1692 φωτὶ
1587 1656 1655 1692 πρὸς
1675 1656 1769 1688 σκότος
1781 1663 1788 1687 ;
1801 1665 1810 1682 ι

1020 1709 1135 1744 μάχεται
1154 1704 1209 1742 γὰρ
1226 1706 1259 1732 τὰ
1281 1705 1371 1731 τοιάδε
1389 1703 1444 1730 τῶν
1470 1703 1652 1739 πραγμάτων,
1677 1702 1724 1728 καὶ¹
1746 1699 1813 1728 πολὺ

1018 1755 1068 1789 τῆς
1084 1753 1206 1789 ἀλλήλων
1226 1751 1318 1786 φιλίας
1332 1748 1498 1786 διῳκισμένα
1513 1748 1615 1775 κατίδοι
1628 1757 1670 1779 τις
1686 1747 1718 1774 ἂν
1733 1746 1812 1774 ανὶτά.

1024 1799 1213 1834 ἰιγαπήκότος
1235 1797 1267 1833 δὴ
1288 1794 1334 1823 οὖν
1355 1795 1404 1831 τὴν
1429 1793 1613 1829 δικαιοσύνην,
1632 1793 1678 1820 καὶ
1702 1793 1752 1819 οὐκ
1775 1793 1814 1818 εί-

1018 1845 1092 1878 δότος
1108 1845 1214 1872 ἀδικίαν
1227 1843 1274 1870 τοῦ
1295 1843 1403 1870 πάντων
1420 1841 1585 1877 κρατοῦντος
1601 1839 1679 1873 Θεοῦ,
1697 1840 1757 1872 πῶς
1771 1839 1814 1866 ἀεὶ

1019 1892 1167 1927 κρατήσειν
1192 1890 1313 1926 ἔμελλον,
1330 1889 1413 1924 ήγουν
1430 1885 1602 1922 διεξάγεσθαι
1624 1886 1692 1922 πρὸς
1711 1886 1813 1921 πέρας,

1019 1938 1069 1964 οὐκ
1095 1937 1309 1971 ἀνακοπτόμενα
1331 1934 1470 1965 παντελῶς
1492 1933 1526 1959 τὰ
1550 1932 1740 1968 παμμόχθηρα
1761 1933 1814 1958 τῶν

1026 1983 1161 2010 Ἰουδαίων
1186 1982 1366 2017 ἐγκλήματα;
1384 1980 1462 2006 Δοκεῖ
1485 1978 1514 2005 δέ
1530 1987 1589 2010 πως
1613 1977 1723 2008 ἀδικίας
1745 1974 1815 2003 εἷναί

1019 2038 1062 2061 τις
1079 2027 1190 2064 τρόπος,
1208 2027 1238 2054 τὸ
1255 2027 1300 2062 μὴ’
1310 2026 1416 2056 ποιναῖς
1434 2023 1581 2060 ὑποφέρειν
1598 2023 1644 2049 τὸν
1663 2022 1814 2058 ἀλιτήριον,

1020 2075 1067 2102 καὶ¹
1081 2074 1111 2100 τὸ
1129 2073 1166 2109 μὴ
1179 2071 1255 2103 δίκας
1273 2071 1358 2097 αἰτεῖν
1380 2070 1424 2096 τὸν
1446 2068 1570 2102 ἀσελγῶς
1583 2076 1614 2094 τε
1635 2067 1682 2094 καὶ
1700 2067 1815 2098 ἀνοσίως

1020 2119 1140 2148 διαϐιοῦν
1156 2118 1304 2154 ᾑρημένον,
1322 2117 1369 2144 καὶ
1385 2116 1585 2151 πεφροντικότα
1603 2114 1652 2150 μὲν
1668 2114 1716 2140 τὸν
1734 2114 1816 2149 νόμον

1020 2167 1107 2198 οὐδὲν,
1126 2164 1317 2191 διανενευκότα
1330 2163 1358 2190 δὲ
1377 2161 1448 2189 οὕτω
1470 2160 1538 2197 πρὸς
1552 2160 1670 2193 ἀδικίαν,
1688 2160 1726 2191 ὡς
1740 2159 1816 2187 οὐδὲν

1021 2212 1147 2248 ἡγεῖσθαι
1161 2211 1191 2237 τὸ
1206 2211 1327 2246 ἄμεινον,
1350 2207 1464 2244 αὕχημά
1486 2216 1516 2234 τε
1538 2207 1674 2233 ποιεῖσθαι
1689 2206 1815 2242 λαμπρὸν

173 2261 334 2289 erubescere
351 2259 433 2285 videri
450 2262 660 2285 consentaneum
679 2261 748 2283 erat.
765 2256 896 2288 Quoniam
919 2256 964 2291 igi-

1023 2259 1056 2285 τὲι
1075 2259 1116 2293 ἐφ’
1138 2255 1178 2290 οἷς
1203 2255 1238 2293 ἦν
1257 2256 1329 2288 εἰκὸς
1356 2254 1539 2291 ἐρυθριῶντας
1558 2253 1682 2290 ὁρᾶσθαι.
1706 2252 1815 2288 Ἐπειδὴ

174 2312 219 2334 tur
234 2306 339 2342 «justus
357 2304 489 2331 Dominus
513 2302 539 2328 in
566 2302 654 2328 medio
671 2301 739 2335 ejus,
761 2306 788 2328 et
821 2309 872 2328 non
894 2301 961 2329 facie

1025 2305 1113 2332 τοίνυν
1133 2304 1236 2335 δίκαιος
1257 2304 1270 2330 ὁ
1287 2302 1389 2338 Κύριος
1404 2302 1433 2328 ἐν
1455 2300 1530 2336 μέσῳ
1549 2299 1644 2335 αὐτῆς,
1661 2299 1708 2326 καὶ
1729 2300 1760 2326 οὐ
1779 2299 1815 2336 μὴ

174 2353 342 2388 iniquitatem
354 2371 362 2382 ,
377 2359 386 2376 ι
405 2356 454 2376 nec
475 2348 546 2375 enim
572 2347 689 2382 patietur
711 2347 879 2382 iniquitatem
898 2355 972 2375 cont-

175 2399 282 2426 mitlcrc
301 2396 407 2425 solitos.
422 2403 431 2419 ι
450 2401 538 2425 mane,
557 2399 636 2420 mane
664 2392 742 2420 faciet
763 2393 894 2427 judicium
923 2401 970 2421 su-

175 2453 247 2476 um,»
262 2443 313 2470 hoc
329 2446 369 2469 est
395 2447 484 2472 tuane,
496 2444 523 2467 et
540 2439 694 2471 manifeste,
705 2443 733 2466 et
757 2439 830 2466 velut
842 2439 897 2473 jam
911 2439 967 2466 cla-

175 2498 206 2517 ro
231 2489 284 2521 die,
299 2496 350 2515 tton
378 2486 493 2521 amplius
516 2485 647 2513 cohibens
674 2483 836 2517 Vindictam,
859 2485 906 2512 setl
940 2485 965 2511 in

175 2535 293 2562 medium
324 2533 478 2564 adducens,
511 2531 736 2566 manifestamque
767 2531 904 2562 reddens,
941 2535 968 2558 et

175 2580 353 2616 praenuntiata
371 2584 499 2613 tanquam
521 2582 585 2604 ante
598 2577 692 2604 oculos
710 2577 890 2605 constituens.
913 2576 968 2604 Nec

175 2627 247 2654 enittt
277 2627 346 2654 siuet
373 2632 483 2652 currere
508 2624 677 2658 iniquitatem
703 2623 729 2650 in
757 2623 967 2651 contentionem.

176 2672 210 2701 In
229 2673 429 2703 contentionem,
449 2670 477 2697 in
503 2670 642 2701 ultionem,
659 2670 717 2696 sive
728 2670 853 2697 universe
869 2670 971 2705 signiti-

176 2724 229 2747 cat.
247 2717 352 2746 Punitis
367 2724 483 2752 namque
500 2715 602 2750 impiis,
628 2715 717 2742 omnis
742 2715 872 2750 iniquitas
893 2717 969 2750 quie-

176 2768 242 2792 scet.
258 2761 317 2790 Non
330 2763 401 2790 enim
416 2760 533 2797 amplius
550 2760 661 2788 habebit
678 2767 692 2786 a
707 2760 804 2795 quibus
821 2759 967 2788 factitetur.

177 2809 290 2845 Oportet
316 2809 399 2843 igitur
423 2807 521 2842 quibus
547 2814 611 2835 vere
639 2813 716 2834 mens
735 2806 838 2842 integra
853 2812 904 2840 est,
931 2807 968 2834 ita

213 2899 332 2928 "Galat.
352 2906 379 2932 v,
400 2898 443 2926 l6.
482 2899 503 2915 ⁷⁸
517 2898 537 2925 ll
554 2898 615 2925 Cor.
634 2905 669 2929 ιἰ,
685 2895 726 2923 Μ.

1026 2351 1126 2386 ποιήσῃ
1147 2350 1256 2378 ἄδικον·
1273 2349 1303 2376 οὐ
1320 2349 1374 2384 γὰρ
1392 2348 1538 2382 ἀνάσχοιτο
1553 2345 1608 2373 τῶν
1632 2346 1736 2373 ἀδικεῖν
1753 2347 1816 2372 εἰω-

1024 2396 1109 2423 θότων
1120 2404 1126 2411 ’
1142 2405 1151 2421 ι
1166 2394 1249 2430 πρωῒ,
1262 2393 1335 2430 πρωῒ
1346 2393 1453 2429 ποιήσει
1466 2391 1497 2419 τὸ
1511 2393 1597 2427 κρῖμα
1612 2391 1722 2424 αὑτοῦ,ι
1739 2400 1816 2418 τουτ-

1023 2442 1097 2469 έστιν
1122 2441 1221 2477 ὄρθρου
1234 2449 1264 2467 τε
1279 2440 1327 2467 καὶ
1341 2438 1481 2475 ἐμφανῶς,
1495 2438 1544 2465 καὶ
1558 2438 1596 2470 ὡς
1610 2438 1639 2464 ἐν
1653 2438 1747 2473 ἡμέρᾳ
1761 2438 1814 2464 λοι-

1020 2488 1080 2520 πὸν,
1096 2488 1188 2514 οὐκέτι
1207 2486 1358 2514 συστέλλων
1372 2485 1407 2512 τὰ
1426 2485 1476 2520 τῆς
1493 2484 1588 2520 ὀργῆς,
1603 2484 1660 2511 ἀλλ’
1674 2485 1714 2516 είς
1733 2484 1814 2519 μέσον

1020 2534 1104 2568 ἄγων,
1122 2534 1169 2560 καὶ
1184 2532 1294 2568 ἐμφανῆ
1312 2531 1455 2564 καθιστὰς,
1475 2531 1521 2557 καὶ
1535 2528 1590 2557 οἷον
1604 2531 1632 2557 ὲν
1647 2530 1708 2565 ὄψει
1730 2530 1814 2562 τιθεὶς

1021 2579 1055 2605 τά
1069 2578 1328 2615 προεπηγγελμένα.
1350 2578 1388 2604 Οὐ
1405 2577 1459 2612 γὰρ
1477 2577 1552 2603 ἐάσει
1573 2575 1687 2612 δραμεῖν
1707 2577 1748 2607 είς
1765 2578 1814 2602 νεί-

1022 2633 1070 2655 κος
1089 2623 1204 2650 ἀδικίαν.
1222 2623 1258 2650 Τὸ
1271 2624 1314 2656 εις
1330 2622 1499 2656 ἐκδίκησιν,
1518 2622 1600 2656 ήγουν
1616 2621 1732 2648 εἰσάπαν
1749 2621 1812 2650 ὑπο,

1017 2671 1103 2706 δηλοῖ.
1123 2669 1341 2704 Κεκολασμένων
1356 2667 1411 2704 γὰρ
1427 2667 1481 2694 τῶν
1498 2666 1685 2702 ὴσεὸηκότων,
1706 2666 1811 2693 πεπαύ-

1020 2724 1095 2743 σεται
1121 2715 1229 2746 πάντως
1255 2715 1304 2750 τῆς
1324 2713 1433 2745 ἀδικίας
1451 2714 1464 2740 6
1489 2713 1606 2748 τρόπος’
1623 2712 1654 2738 οὐ
1680 2712 1735 2749 γὰρ
1757 2712 1812 2747 ἔχει

1018 2762 1080 2793 τοὺς
1097 2761 1217 2797 δρῶντας
1238 2760 1288 2787 ἔτι.
1309 2761 1355 2786 Δεῖ
1375 2760 1464 2786 τοίνυν
1481 2758 1544 2792 τούς
1560 2767 1592 2792 γε
1610 2757 1720 2793 ἀληθῶς
1735 2758 1812 2793 ἀρτί-

1018 2816 1137 2843 φρονας,
1159 2827 1166 2833 .
1190 2829 1195 2834 .
1218 2827 1224 2834 .
1249 2827 1255 2834 .
1277 2825 1285 2833 .
1307 2803 1314 2833 ξ
1337 2827 1344 2834 .
1366 2826 1374 2834 .
1396 2825 1403 2832 .
1426 2825 1433 2834 .
1455 2826 1462 2833 .
1485 2826 1492 2833 .
1515 2823 1523 2833 .
1548 2805 1590 2832 ὅτι
1613 2804 1812 2838 φιλοδίκαιοςό
