1917 3038
120 160 173 189 997

532 161 811 191 COMMENTARIUS
831 162 865 190 ΙΝ
885 162 1084 194 SOPHUNIAM
1107 166 1330 196 PROPIIETAM.

1703 173 1758 201 098

121 216 279 253 Δεσπύτης,
297 217 345 244 καὶ
365 217 415 244 οὐκ
437 218 583 254 ἀνάσχοιτο
603 219 657 246 τῶν
683 220 905 255 πλημμελούντων

966 226 1094 256 statuere,
1111 225 1252 253 Dominum
1265 233 1326 254 esse
1345 231 1479 254 amantem
1496 226 1619 261 iustitiae.
1637 235 1686 256 nec
1701 237 1758 264 per-

120 261 231 293 ἀδίκως,
255 262 326 288 Ἀλλ’
345 263 370 288 εί
389 263 440 298 μέν
460 272 502 295 τις
519 264 554 290 ἴοι
575 264 644 300 πρὸς
664 265 846 300 μετάγνωσιν,
867 267 914 293 καὶ

118 307 151 334 τὺ
174 307 222 334 ἐπὶ
246 308 304 340 τοῖς
327 308 404 340 ἰδίοις
427 308 646 346 πλημμελήμασι
673 313 837 346 καταστὰξοι
865 313 914 340 δά-

118 361 214 389 κρυον,
229 353 399 390 ἡμερωτάτῳ
414 357 612 391 περιτεύξεται,
637 358 684 384 καὶ
705 358 842 395 ὲξαιτήσει
865 359 914 395 τὴν

117 398 282 435 ἀμνηστίαν¹
298 401 345 428 καὶ
363 401 415 434 ἔξω
437 402 581 439 δραμεῖται
600 404 715 440 βρόχων,
732 404 780 431 καὶ
797 405 845 431 τοῦ
869 414 915 432 κο-

116 444 248 477 λάζεσθαι
265 446 330 473 δεῖν.
347 447 379 474 Εἰ
401 447 431 474 δὲ
447 449 578 484 ἄτεγκτος
593 451 635 486 εἴη
646 471 653 482 ,
671 451 718 477 καὶ
744 451 913 487 δυαμετακό-

119 497 214 525 μισ-τον
235 490 306 526 ἔχων
327 491 376 528 τὴν
391 493 506 530 γνώμην
529 495 568 527 εἵς
583 504 614 530 γε
635 497 665 523 τὸ
686 496 741 523 δεῖν
758 497 865 523 ἑλέσθαι
881 497 915 524 τὰ

117 536 342 574 πρεπωδέστερα,
361 540 418 571 τοῖς
427 539 502 572 ίδίοις
515 540 633 577 ὲνιζήσει
650 542 830 577 πταίσμασιν,
848 543 915 578 μᾶλ-

115 581 162 609 λον
176 582 204 609 δὲ
219 582 266 610 καὶ
285 584 456 612 ἐναπολείται
470 585 573 619 λοιπὸν,
588 587 634 614 καὶ
648 588 699 614 ὑπὸ
713 588 821 623 κίνησιν
838 589 914 616 ἔσται

114 627 166 664 τὴν
180 629 353 666 δεσποτικὴν,
367 630 407 658 δτι
429 631 467 667 μὴ
487 632 571 669 μέχρι
593 634 694 666 παντὸς
714 634 769 662 τῶν
786 635 915 670 πλημμε-

121 673 244 702 λοῦντων
263 676 399 713 ἀνέχεται.

156 721 355 758 Ἐνδιαερθορᾷ
362 723 540 753 κατέσπασα
550 725 774 761 ὑπερηφάνους,
782 727 915 761 ἠφανίσ-

114 768 216 802 θησαν
224 770 326 804 γωνίαι
335 771 446 798 αὐτῶν.
454 772 644 807 Ἐξερημώσω
653 773 705 806 τὰς
713 773 802 808 ὀδοὺς
815 774 915 802 αὐτῶν

113 813 148 840 τὸ
155 813 307 848 παράπαν,
316 815 370 843 τοῦ
375 816 419 851 μὴ
434 816 590 845 διοδεύειν.
601 818 759 851 Ἑξέλιπον
767 821 797 846 al
807 821 913 854 πόλεις

113 859 225 894 αὐτῶν,
245 861 325 895 παρὰ
340 861 373 889 τὸ
400 862 518 898 μηδένα
545 863 699 900 ὑπάρχειν,
716 865 795 900 μηδὲ
813 875 913 894 κατοι-

113 914 189 933 κείν.

149 952 210 979 AA’.
237 951 346 990 Ἐπειδὴ
361 954 427 990 γὰρ,
447 955 485 988 ὡς
507 955 586 992 ἔφην,
601 957 625 984 oi
643 956 693 992 μὲν
713 958 796 993 ἱερεῖς
813 959 909 994 ἐϐεϐή-

111 995 177 1023 λουν
191 997 226 1024 τὰ
241 998 318 1032 ἆγια,
330 999 445 1034 ἠσέϐουν
462 1000 490 1027 δέ
505 1010 577 1034 τινες
592 1001 638 1028 καὶ
653 1004 692 1034 εἰς
707 1004 788 1030 αὑτὸν
803 1004 848 1030 τὸν
866 1004 906 1031 νό-

114 1045 210 1078 μον,ιὸ
222 1044 250 1072 δὲ
262 1045 363 1081 Κύριος
375 1047 403 1073 ὲν
416 1047 490 1082 μέσῳ
501 1047 598 1084 αὐτῆς,
613 1049 694 1084 πρωῒ,
713 1050 786 1086 πρωῒ
797 1051 908 1086 ἐποίησε

111 1088 143 1116 τὸ
158 1091 246 1126 κρῖμα
264 1091 357 1120 αὑτοῦ.
373 1101 382 1118 ι
400 1093 454 1120 Καὶ
477 1095 553 1121 ποῖον
570 1095 602 1131 δὴ
619 1095 698 1123 τοῦτό
713 1097 789 1130 ἐστι,
809 1107 818 1123 r
833 1098 908 1124 Κατ-

113 1134 234 1162 έσπασεν
251 1137 443 1172 ὑπερηφάνους
457 1139 485 1165 ἐν
496 1139 630 1176 διαφθορᾷ
641 1149 663 1174 ;›
683 1141 823 1174 Τουτέστι,
841 1151 910 1178 παρ-

113 1179 214 1208 έδωκεν
234 1182 274 1213 εἰς
289 1182 392 1218 φθορὰν
410 1184 474 1215 τοὺς
489 1183 624 1217 ἀλαζόνας
651 1187 699 1213 καὶ
718 1187 860 1223 ὑδριστάς.
874 1189 909 1215 Ἢ

113 1226 168 1262 γὰρ
185 1227 236 1254 οὐκ
251 1227 398 1262 ἀλαζόνες,
418 1230 442 1256 oi
460 1229 604 1266 θεομαχεῖν
619 1232 755 1266 εἰωθότες,
776 1235 825 1261 καὶ¹
851 1236 908 1266 τοῖς

112 1272 158 1299 διὰ
180 1273 302 1306 Μωσέως
324 1273 493 1311 Θεσπίσμασι
512 1276 544 1303 τὸ
570 1277 669 1305 οἰκεῖον
697 1278 792 1316 ὥσπερ
813 1281 909 1313 ἀντεξη

113 1318 227 1352 ἁγοντες
240 1319 347 1355 θέλημα
357 1340 364 1353 ,
378 1321 426 1348 καὶ
439 1321 517 1355 ὀλίγα
530 1322 578 1357 μὲν
591 1324 688 1360 κομιδῇ
700 1324 754 1351 τῶν
768 1325 846 1352 θείων
861 1335 910 1353 πε-

116 1364 293 1399 φροντικότες
314 1366 416 1401 νόμων,
438 1365 630 1400 ἀποκλίνοντες
655 1367 684 1396 δὲ
700 1369 768 1405 πρὸς
789 1370 820 1397 τὸ
840 1371 909 1405 ἄγαν

113 1409 231 1444 ὲξήνιον,
255 1411 302 1437 καὶ
327 1410 453 1445 λέγοντες
478 1412 518 1448 τῷ
549 1413 664 1449 Κυρίῳ·
685 1423 694 1440 ι
717 1415 836 1442 Ἀπόστα
861 1417 908 1443 ἀπ’

113 1455 191 1490 ἐμοῦ,
205 1455 281 1487 ὁδούς
297 1465 344 1483 σου
358 1457 456 1484 εἰδέναι
470 1459 500 1485 οὐ
519 1458 667 1495 βούλομαις
684 1470 693 1486 ›
711 1459 778 1488 Εἶτα
792 1462 851 1495 πῶς
867 1464 909 1490 ἐν-

114 1501 233 1528 δοιάσειέ
247 1511 289 1534 τις
306 1502 386 1538 εἴπερ
400 1503 458 1530 ἐστὶ
481 1513 490 1530 ι
511 1505 618 1540 πτωχὸς
633 1506 671 1542 τῷ
695 1507 839 1543 πνεύματι,
863 1510 909 1537 καὶ

111 1544 239 1580 ταπεινὸς
258 1549 291 1584 τῇ
314 1549 425 1586 καρδίᾳ,
439 1560 449 1576 ›
472 1552 543 1579 κατὰ
560 1552 589 1578 τὸ
606 1554 810 1589 γεγραμμένον,
824 1557 838 1583 ὁ
863 1557 906 1584 et)-
921 1571 943 1600 α

113 1594 184 1630 φυὴς
200 1595 249 1630 (Ι).
264 1595 311 1622 καὶ
331 1596 454 1631 εὐήνιος,
476 1598 524 1624 καὶ
541 1599 608 1625 πολὺ
631 1599 740 1634 βλέπων
757 1602 797 1633 εἰς
815 1602 908 1629 εὐπεί-

112 1640 199 1672 θειαν,
215 1640 244 1668 ὂν
260 1641 308 1668 καὶ
321 1642 466 1674 ἐποπτείας
481 1642 567 1677 ἀξιοῖς
583 1645 638 1671 Καὶ
654 1645 719 1678 γοῦν
734 1646 784 1682 ἔφη
802 1647 835 1673 δι’
850 1648 908 1680 ἑνὸς

111 1686 168 1713 τῶν
183 1687 270 1721 ἁγίων
290 1688 438 1724 προφητῶν
455 1689 470 1715 ὁ
489 1689 545 1717 τῶν
560 1690 629 1717 ὅλων
648 1691 715 1723 Θεός
727 1701 734 1707 ·
761 1702 769 1718 ι
785 1693 840 1720 Καὶ
861 1695 909 1721 ἐπὶ

111 1731 174 1758 τίνα
187 1731 336 1768 ἐπιδλέψω,
348 1733 406 1760 ἀλλ’
419 1733 436 1770 ἦ
449 1734 495 1761 ἐπὶ
509 1735 554 1762 τὸν
569 1737 708 1769 ταπεινὸν,
723 1737 768 1764 καὶ
784 1739 906 1774 ἡσύχιον,

111 1778 160 1805 καὶ
172 1779 308 1815 τρέμοντα
317 1780 380 1813 τοὺς
391 1781 488 1815 λόγους
502 1790 570 1817 μους
584 1792 593 1807 ι
610 1783 715 1810 Οὐκοῦν
729 1786 906 1822 κατεσπάσοη

113 1824 164 1860 μὲν
185 1825 224 1856 είς
240 1825 342 1861 φθορὰν
357 1826 386 1852 τὸ
405 1826 545 1862 ὑπέροφρυ
566 1827 655 1862 γένος.
675 1838 685 1854 ι
705 1829 908 1865 Ἡφανίσθησαν

111 1869 139 1897 δὲ
155 1871 204 1897 καὶ
229 1872 257 1898 αἱ
287 1871 385 1906 γωνίαι
410 1872 510 1900 αὐτῶν.
526 1882 535 1898 ι
562 1873 618 1900 Καὶ
638 1873 742 1908 γωνίας
761 1873 838 1910 οἶμαι
855 1885 906 1903 που

110 1915 145 1943 τὰ
164 1916 240 1953 τείχη
256 1916 384 1952 λέγεσθαι
399 1918 457 1951 νῦν,
471 1918 582 1950 καὶτὰς
601 1919 656 1945 τῶν
671 1920 774 1947 πόλεων
796 1921 907 1958 περιϐο-

110 1961 171 1994 λὰς.
191 1963 307 1998 ’Υψηλαὶ
321 1963 376 1999 γὰρ
391 1964 434 1990 ἀεί
449 1973 508 1995 πως
525 1964 554 1991 αἱ
569 1965 677 1998 γωνίαι,
694 1967 815 2001 πύργους
830 1967 907 2002 ἐχου-

111 2015 158 2034 aut
181 2007 421 2042 διαφανεστάτους.
435 2009 548 2045 Ὅμοιον
574 2007 620 2037 οὖν
635 2011 690 2046 ἄρα
710 2012 791 2046 τυχὸν
811 2013 836 2039 εί
859 2013 906 2040 καὶ

109 2053 187 2089 λέγοι
205 2054 302 2081 πάλιν·
320 2055 438 2090 Ἐρημοι
454 2056 552 2091 τειχῶν
566 2057 594 2083 αἱ
612 2058 677 2093 παρ’
690 2058 782 2090 αὐτοῖς
797 2059 905 2087 ἔσονται

109 2101 214 2133 πόλεις.
233 2101 415 2137 Ἐπηπείλησε
430 2101 458 2128 δὲ
476 2102 545 2138 πρὸς
563 2102 670 2136 τούτοις
688 2104 736 2131 καὶ
753 2104 905 2141 ἐξερημοῦν

109 2147 161 2179 τὰς
180 2147 256 2180 ὀδοὺς
275 2148 376 2181 αὐτῶν,
390 2148 467 2184 δῆλον
481 2148 510 2176 δὲ
532 2149 574 2176 ὅτι
593 2149 641 2176 τοῦ
658 2150 775 2186 Ἰσραὴλ,
799 2151 846 2178 τοῦ
867 2152 904 2188 μὴ

108 2193 239 2221 διοδεύειν
261 2194 292 2221 τὸ
312 2194 452 2230 παράπαν.
475 2195 530 2221 Καί
549 2203 593 2230 μοι
616 2195 690 2223 δοκεί
713 2196 855 2232 βούλεσθαί
877 2208 904 2225 τι

928 897 948 925 Β

964 269 1018 303 peti
1032 270 1122 304 inique
1138 271 1340 306 delinquentes:
1355 272 1401 300 sed
1411 273 1433 300 si
1447 274 1508 307 quis
1520 273 1553 301 ad
1569 274 1757 308 pmttitcntium

965 322 994 342 se
1006 317 1160 349 contulerit,
1178 322 1205 345 et
1218 322 1327 352 propter
1351 325 1462 352 peccata
1481 327 1528 346 sua
1560 319 1696 354 lacrymas
1714 320 1756 346 fu-

965 361 1046 393 derit,
1056 363 1229 391 mitissimum
1247 365 1355 397 sentiet,
1373 369 1399 391 et
1423 369 1452 392 ut
1471 366 1649 393 admissurum
1675 367 1701 393 in
1727 375 1756 393 se

965 406 1138 436 obliviscatur
1151 410 1316 444 impetrabit,
1329 417 1356 438 et
1370 411 1480 445 laqueos
1504 419 1534 439 ac
1552 412 1684 447 supplicia
1716 413 1755 439 ef-

966 450 1058 486 fugiet.
1086 452 1133 480 Sin
1157 455 1217 488 quis
1244 456 1383 482 voluntate
1411 455 1562 484 inﬂexibilis
1598 457 1694 485 adduci
1722 459 1753 484 ad

965 497 1120 526 honestiora
1145 508 1197 528 non
1230 503 1357 536 potuerit,
1384 504 1455 531 vivet
1498 504 1525 531 in
1549 504 1653 531 delictis
1679 505 1752 536 suis,

966 544 1008 571 vel
1040 545 1128 579 potius
1162 547 1260 581 peribit
1291 549 1318 576 in
1343 549 1410 581 illis,
1442 554 1470 577 et
1499 550 1639 578 Dominum
1670 551 1695 578 iu
1726 558 1754 577 se

965 591 1123 625 concitabit,
1143 592 1190 627 qui
1214 595 1388 628 peccantibus
1410 596 1482 623 haud
1520 603 1627 631 semper
1662 597 1753 624 conni-

965 640 1020 662 vet.

1003 728 1082 756 Vens.
1102 728 1128 757 6.
1157 728 1191 756 In
1206 730 1373 764 corruptione
1393 731 1498 758 detraxi
1519 733 1654 766 superbos,
1677 733 1742 760 diui

964 775 1019 810 pali
1035 779 1096 802 sunt
1117 775 1208 810 anguli
1231 784 1331 803 eorum.
1353 777 1484 805 Desolubo
1498 779 1554 806 vias
1569 788 1658 806 eorum
1684 783 1754 815 peni—

966 825 1018 853 tus,
1031 828 1062 847 ne
1079 825 1224 849 transeant.
1237 821 1390 856 Defecerunt
1407 824 1523 852 civitates
1533 833 1633 859 eorum,
1648 835 1677 854 eo
1687 827 1755 861 quod

966 866 1030 893 nihil
1044 867 1290 902 subsisterel,neqtte
1306 869 1447 897 habitaret.

996 955 1118 983 XXXIV.
1136 956 1282 992 Postquam
1299 958 1383 991 enim,
1396 963 1425 985 ut
1445 960 1512 993 dixi,
1527 961 1682 989 sacerdotes
1694 970 1756 989 sau-

960 1006 1003 1028 eta
1019 1002 1181 1036 polluerunt,
1201 1007 1226 1030 et
1242 1003 1349 1037 quidam
1366 1003 1391 1030 in
1409 1003 1493 1039 legem
1523 1005 1606 1039 impie
1632 1011 1754 1040 egerunt,

964 1046 1114 1074 «Dominus
1128 1047 1155 1074 in
1173 1047 1260 1075 medio
1283 1047 1341 1082 ejus
1355 1048 1381 1075 in
1413 1057 1492 1077 mane
1517 1049 1647 1084 judicium
1677 1059 1754 1078 suum

962 1093 1035 1120 fecit.
1056 1103 1065 1119 ι
1084 1092 1215 1126 Quidnam
1234 1093 1305 1120 istud
1317 1095 1368 1122 sibi
1388 1099 1443 1122 vult
1456 1116 1464 1128 ,
1484 1106 1493 1122 ι
1510 1096 1632 1124 Detraxit
1661 1105 1755 1131 super-

961 1138 1010 1166 bos
1039 1138 1065 1165 in
1091 1140 1286 1173 corruptione?
1305 1149 1314 1166 ›
1331 1140 1388 1168 lloc
1413 1146 1464 1174 est,
1501 1141 1613 1169 tradidit
1637 1141 1664 1169 in
1692 1150 1755 1170 cor-

962 1184 1112 1218 ruptionem
1149 1190 1307 1220 arrogantes
1349 1190 1378 1214 et
1425 1192 1575 1222 protervos.
1606 1188 1648 1216 An
1681 1190 1754 1216 enim

961 1234 1118 1264 arrogantes
1136 1237 1188 1257 non
1207 1235 1270 1258 sunt
1284 1231 1329 1266 qui
1344 1230 1398 1259 Deo
1415 1231 1513 1259 bellum
1536 1231 1625 1260 facere
1639 1241 1755 1262 consue-

961 1279 1067 1307 verunt,
1082 1279 1109 1302 et
1135 1275 1263 1303 adversus
1275 1276 1384 1304 oracula
1409 1285 1456 1312 per
1484 1277 1577 1305 Mosen
1592 1278 1672 1314 611
1690 1280 1753 1306 data

961 1321 1096 1355 propriam
1106 1319 1267 1348 voluntatem
1277 1320 1354 1356 quasi
1365 1321 1511 1355 quamdam
1523 1321 1609 1348 aciem
1623 1322 1753 1356 dirigunt,

960 1366 1166 1401 divinarumque
1182 1366 1270 1400 legum
1283 1375 1346 1394 cura
1365 1367 1457 1400 soluti,
1474 1359 1506 1395 ac
1522 1368 1589 1396 mire
1614 1374 1755 1396 contuma-

959 1420 1016 1446 ces,
1031 1413 1124 1441 dicunt
1149 1412 1204 1440 Deo
1219 1422 1226 1440 :
1240 1422 1250 1438 ε
1271 1413 1377 1441 Recede
1404 1421 1418 1440 τι
1438 1421 1490 1446 me,
1516 1413 1574 1441 vias
1600 1419 1659 1442 tuas
1683 1415 1755 1442 Scire

961 1459 1022 1487 nolo
1035 1460 1057 1476 7’
1073 1459 1084 1486 ?
1103 1469 1112 1485 ι
1130 1459 1231 1487 Deinde
1254 1459 1389 1494 quomodo
1407 1460 1468 1495 quis
1493 1460 1665 1495 dubitaverit,
1691 1470 1754 1489 num

959 1506 994 1533 sit
1009 1515 1018 1531 ι
1038 1513 1139 1541 pauper
1154 1506 1261 1541 spiritu,
1274 1511 1301 1533 ct
1319 1506 1429 1534 humilis
1446 1506 1539 1539 corde,
1551 1517 1560 1533 ι
1576 1513 1605 1534 ut
1621 1507 1751 1543 scriptum

960 1559 1001 1580 est
1011 1552 1045 1585 λθ,
1060 1553 1106 1588 qui
1122 1557 1163 1581 est
1175 1553 1251 1580 bona:
1265 1553 1374 1586 indolis,
1393 1558 1419 1580 et
1429 1554 1585 1589 modestus,
1597 1558 1623 1581 et
1641 1555 1671 1581 ad
1687 1554 1754 1582 obe-

961 1598 1089 1625 dientiam
1107 1605 1268 1632 propensus,
1286 1605 1366 1632 super
1378 1605 1457 1632 quem
1476 1603 1502 1625 et
1513 1598 1646 1634 respicere
1662 1600 1755 1636 digna-

961 1644 1022 1671 tur?
1035 1644 1074 1671 Ac
1088 1644 1201 1679 proinde
1226 1651 1274 1678 per
1286 1652 1367 1670 unum
1384 1648 1539 1672 Sanctorum
1561 1646 1752 1680 prophetarum

960 1690 1148 1717 uniVer-sorum
1164 1690 1232 1717 Deus
1245 1689 1310 1716 dicit
1328 1697 1356 1715 ει
1374 1689 1405 1716 Et
1420 1697 1502 1725 super
1512 1697 1591 1725 quem
1608 1693 1753 1726 respiciant

960 1736 1011 1763 nisi
1029 1744 1109 1770 super
1127 1735 1255 1762 humilem
1270 1740 1297 1762 et
1317 1735 1448 1770 quietura,
1466 1741 1494 1763 ct
1521 1741 1679 1764 trementem
1695 1746 1753 1766 ser-

960 1789 1054 1809 mones
1084 1789 1159 1808 mcos
1175 1780 1242 1808 ⁸¹¹2ι
1272 1781 1366 1816 itaque
1393 1782 1544 1809 detractum
1571 1787 1613 1809 cst
1641 1783 1666 1810 in
1693 1792 1753 1811 cor-

959 1827 1109 1862 ruptionem
1139 1833 1223 1861 genus
1254 1826 1391 1853 hominum
1420 1827 1601 1860 superbum.r
1623 1827 1751 1862 Dissipati

958 1879 1022 1902 sunt
1039 1874 1103 1900 item
1121 1873 1211 1908 anguli
1239 1880 1361 1899 eorum.»
1379 1871 1497 1906 Angnlos
1517 1872 1567 1899 hoc
1580 1872 1638 1900 loco
1659 1881 1752 1901 muros

958 1921 1009 1948 dici
1035 1919 1173 1950 existimo,
1197 1918 1358 1952 urbiumque
1389 1918 1503 1944 cinctus.
1534 1918 1647 1952 Semper
1677 1920 1750 1946 enim

957 1966 1088 1994 sublimes
1105 1964 1273 1999 iliquautum
1296 1963 1384 1999 anguli
1398 1967 1470 1993 sunt.
1484 1964 1529 1997 qui
1547 1969 1634 1991 turres
1651 1965 1752 1991 habent

958 2012 1074 2039 maxime
1090 2011 1260 2044 conspicuas.
1290 2009 1360 2037 idem
1390 2014 1431 2037 est
1458 2010 1538 2044 igitur
1561 2009 1640 2042 forte,
1670 2018 1701 2039 ac
1727 2012 1750 2038 si

956 2066 1064 2086 rursum
1091 2058 1184 2085 dicat:
1209 2056 1297 2084 Urbes
1320 2064 1416 2084 eorum
1449 2056 1584 2083 destitutae
1615 2058 1749 2085 mamilius

956 2103 1182 2131 erunt.Pmterea
1196 2102 1324 2135 minatur,
1333 2110 1363 2130 se
1377 2102 1559 2130 desolaturum
1577 2105 1634 2131 vias
1642 2111 1747 2136 eorum,

955 2149 1064 2177 Israelis
1089 2149 1226 2181 videlicet,
1247 2152 1276 2175 ut
1308 2148 1415 2182 penitus
1445 2156 1499 2175 non
1523 2154 1671 2177 transeant.
1696 2150 1749 2178 Ubi

956 2195 1008 2223 tale
1023 2195 1086 2229 quid
1107 2193 1272 2222 subindicari
1288 2194 1424 2221 existimo.
1437 2193 1493 2222 Lex
1509 2194 1590 2223 Mosis
1604 2195 1700 2229 jussit,
1725 2196 1747 2223 si

108 2240 230 2268 τοιοῦτον
250 2240 412 2276 ὐποδηλοῦν.
429 2241 458 2268 '0
472 2241 517 2268 διὰ
532 2241 654 2274 Μωσέως
672 2242 840 2279 προστέταχε
861 2245 904 2271 v6—

961 2241 1139 2269 celebraretur
1168 2239 1226 2267 suis
1252 2239 1418 2274 temporibus
1442 2239 1539 2267 festum
1574 2240 1749 2276 Sceuopegite

110 2295 174 2321 μος,
189 2286 213 2312 εἰ
231 2285 334 2313 τελοῖτο
356 2285 427 2314 κατὰ
443 2286 556 2322 καιροὺς
568 2287 585 2322 ὴ
599 2286 679 2323 ἑορτὴ
692 2287 743 2323 τῆς
764 2289 905 2326 Σκηνοπη-

109 2332 189 2367 γίας,
207 2333 239 2359 ὲκ
263 2333 354 2366 πάσης
374 2333 423 2368 τῆς
441 2332 576 2359 Ἰουδαίων
597 2333 689 2368 χώρας
709 2333 843 2369 ἀναϐῆναι
863 2336 904 2367 είς

115 2378 300 2414 Ἱεροσόλυμα,
322 2378 370 2405 καὶ
391 2376 513 2413 πληροῦν
540 2377 629 2404 ἐκεῖσε
654 2377 688 2404 τὰ
708 2379 901 2414 νενομισμένα,

109 2425 176 2452 Ὅτε
191 2424 280 2451 τοίνυν
298 2422 513 2458 κατεσείσθησαν
530 2422 559 2449 αἱ
577 2422 681 2455 πόλεις,
698 2423 746 2450 καὶ
765 2424 902 2451 ἀπολωλέ-

108 2478 175 2497 κασι
189 2471 214 2496 oi.
232 2471 261 2496 ὲν
280 2469 386 2502 αὑταῖς,
401 2469 461 2496 τότε
475 2468 522 2495 καὶ
546 2467 717 2504 ἡρημῶσοαί
739 2478 830 2505 φαμεν
853 2471 903 2502 τὰς

108 2515 198 2547 ὁδοὺς,
213 2515 251 2547 ὡς
263 2515 369 2547 οὐδενὸς
385 2514 424 2541 ἔτι
438 2514 471 2541 δι’
485 2513 575 2541 αὐτῶν
596 2514 756 2549 ἐρχομένου,
770 2516 816 2542 καὶ
833 2517 901 2552 πρός

108 2570 142 2596 γε
157 2561 188 2588 τὸ
202 2563 301 2597 χρῆναι
326 2560 448 2596 πληροῦν
469 2559 518 2595 τὴν
541 2559 710 2594 τεταγμένην
727 2560 819 2592 αὐτοῖς
840 2561 902 2596 ἐορ-

108 2608 170 2643 τὴν,
187 2607 258 2635 κατὰ
274 2607 321 2634 καὶ
337 2606 444 2643 πρώην,
460 2606 623 2637 διάττοντος.
644 2605 775 2633 Πέπτωκε
793 2607 848 2643 γὰρ
861 2609 902 2640 είς

108 2655 188 2682 τοῦτο
211 2655 397 2691 ταλαιπωρίας
421 2654 456 2680 τὰ
474 2652 528 2680 τῶν
547 2651 680 2678 Ἰουδαίων
703 2652 847 2688 τάγματα,
864 2653 903 2685 ὡς

110 2701 149 2736 μὴ
166 2697 236 2727 εἶναι
260 2701 322 2732 τοὺς
343 2699 520 2735 ἑορταζόντας
533 2697 583 2733 (2),
603 2697 671 2732 μήτε
689 2697 742 2734 μὴν
762 2699 792 2725 ἐν
815 2699 902 2726 εὐπα-

146 2791 169 2806 ⁷⁹
180 2790 230 2817 an
249 2799 303 2821 xu.
325 2790 366 2818 Μ.

147 2880 185 2915 (Ι)
199 2880 344 2913 Aubertus,
362 2881 476 2917 εὔφαής.
493 2881 561 2908 Eon"

414 2790 436 2806 ⁸⁸³
450 2790 543 2818 Matth.
561 2799 586 2823 v,
603 2791 630 2823 5,
645 2790 670 2816 7.
708 2790 729 2806 ⁸⁸
744 2788 793 2816 lsa.
812 2795 882 2820 th't,
900 2787 928 2815 9..

958 2287 1216 2324 (Tabernaculorum
1227 2286 1248 2320 ),
1265 2291 1294 2312 ut
1308 2293 1339 2313 ex
1354 2289 1407 2313 tota
1423 2284 1516 2312 Iudaea
1537 2285 1747 2321 Hierosolymam

957 2334 1146 2366 ascenderem,
1157 2338 1185 2361 et
1201 2333 1237 2360 ibi
1249 2333 1352 2367 legibus
1367 2333 1471 2361 saucita
1488 2333 1597 2361 obirent
1612 2333 1645 2360 ι’,
1658 2333 1749 2367 Quan-

957 2381 990 2408 do
1000 2380 1081 2416 igitur
1088 2386 1189 2408 eversae
1195 2383 1257 2406 sunt
1265 2379 1387 2412 urbes,et
1395 2386 1488 2406 earum
1495 2378 1590 2406 incolae
1598 2379 1746 2413 perierunt,

955 2430 1019 2454 tunc
1033 2425 1116 2453 etiam
1133 2423 1269 2452 desolatas
1282 2430 1342 2451 esse
1362 2423 1421 2451 vias
1434 2423 1566 2456 dicimus,
1583 2428 1675 2458 utpote
1700 2433 1748 2451 ne-

957 2471 1030 2498 mine
1044 2469 1072 2497 in
1088 2473 1226 2504 posterum
1242 2475 1290 2502 per
1304 2475 1351 2495 eas
1377 2472 1544 2500 transeunte.
1568 2472 1596 2495 et
1625 2468 1657 2495 ad
1677 2469 1746 2496 cele-

955 2517 1086 2544 brandum
1102 2514 1259 2543 festutnillis
1272 2514 1458 2543 constitutum.
1474 2513 1637 2549 sicutprius,
1651 2522 1746 2542 occur-

955 2567 1040 2590 rente.
1068 2561 1126 2588 lluc
1151 2560 1223 2587 enim
1248 2559 1418 2588 miseriarum
1446 2558 1558 2594 p0pulus
1590 2558 1742 2589 Iudaeorum

953 2608 1095 2636 devolutus
1106 2611 1156 2639 est,
1171 2611 1264 2633 utnon
1281 2611 1381 2638 essent,
1402 2605 1448 2640 qui
1475 2604 1544 2632 festa
1572 2610 1741 2640 peragerent.

954 2661 1003 2681 nec
1018 2653 1158 2688 indulgere
1173 2652 1253 2686 genio
1271 2656 1389 2687 possent,
1411 2651 1456 2686 qui
1473 2651 1518 2678 vix
1542 2652 1692 2678 evasissent
1715 2655 1742 2678 et

954 2699 1027 2727 bello
1050 2698 1258 2734 superfuissent.
1277 2698 1366 2732 Quare
1379 2697 1513 2726 Jeremias
1528 2698 1598 2725 istud
1610 2697 1743 2726 lamenta-

977 2787 999 2802 "
1012 2786 1092 2813 Deut.
1108 2793 1164 2816 xvi,
1182 2785 1215 2812 l5
1232 2792 1308 2831 seqq.

991 2878 1031 2913 (2)
1053 2876 1233 2912 Ἐργάζοντας
1249 2876 1290 2904 cd.
1305 2876 1426 2904 Aubertt.
1445 2877 1493 2905 En.
