1917 3038
45 168 119 200 ’1001

476 170 750 200 COMMENTARIUS
769 172 802 199 IN
822 171 1018 200 SOPIIONIAM
1038 172 1257 201 PROPIIETAM.

1606 175 1676 204 l002

52 232 122 268 τάχα
140 239 191 258 που
213 230 404 265 παραπέμπων
420 230 452 257 τὰ
475 231 504 264 ἐξ
520 231 614 266 ὀργῆς.
627 231 729 258 Οὐκοῦν
743 232 780 264 ὡς
796 232 839 258 ἐπ’
855 258 859 263 η

905 237 1013 260 osteros
1029 232 1130 260 cladem
1155 233 1327 260 lransmittaL
1347 233 1437 269 Itaque
1453 239 1481 261 ut
1499 234 1523 261 in
1540 242 1570 262 re
1585 242 1690 275 necesj

53 276 195 312 ἀναγκαίῳ
215 277 356 312 πράγματι
375 277 554 312 προετοίμαζε
582 278 703 309 σεαυτὸν,
726 278 774 304 καὶ
795 278 842 314 ὅρ-

53 323 130 358 θριζε
148 323 217 358 πρὸς
231 322 397 357 ἁποδρομήν.
413 323 526 357 Οίχήτει
543 323 597 357 γὰρ
609 323 649 354 εἰς
663 323 777 358 ἐχθροὺς
785 324 844 358 αἰχ.

55 369 190 403 μὰλωτος,
211 367 258 393 καὶ
271 366 320 402 τὴν
340 367 505 400 ὲνεγκοῦσαν
524 368 620 401 ἀφεὶς,
635 367 684 403 ἔσῃ
700 368 764 403 παρ’
787 368 844 394 έτέ-

55 423 122 449 ροις.
139 411 208 440 Εἶτα
223 412 263 448 τῷ
279 413 406 448 προφήτῃ
422 413 503 447 φησὶν
523 413 537 439 ὁ
553 413 608 439 τῶν
621 413 689 440 ὂλων
704 413 781 446 Θεὸς,
798 422 845 449 μο-

53 460 160 494 νονουχὶ
188 459 235 486 καὶ
258 457 463 493 ἐπιστυγνάζων
481 458 614 485 ἑαλωκόσι
626 466 632 473 ·
653 468 662 484 ε
680 458 845 494 Διέφθαρται

53 507 129 533 πᾶσα
152 507 168 541 ὴ
188 505 330 540 ὲπιφυλλὶς
352 504 474 531 αὐτῶν.»
501 505 534 530 Τί
557 504 579 531 δ’
594 504 627 531 ἂν
653 504 774 539 βούλοιτο
798 504 846 530 καὶ

52 552 133 579 τοῦτο
147 552 254 587 δηλοῦν,
269 551 385 587 ἐροῦμεν
400 551 438 583 ὡς
453 551 502 578 ἔνι.
518 551 711 587 Πεπορθήκασι
729 551 779 586 τὴν
794 552 844 578 Σα-

55 600 184 634 μάρειαν,
199 599 246 626 καὶ
261 599 357 634 ἑτέρας
374 599 405 635 δὴ
422 598 489 634 πρὸς
502 600 570 634 αὐτῇ
588 599 637 634 τῆς
653 599 781 630 Ἰουδαίας
798 599 845 625 πύ-

53 645 110 676 λεις
130 645 187 671 τῶν
207 644 385 671 Βαϐυλωνίων
407 644 432 670 οἱ
455 644 598 679 τύραννοι,
620 645 666 671 και.
685 644 773 671 Φοῦλα
798 644 846 679 μὲν

54 690 174 725 πρῶτος,
190 687 248 716 εἶτα
268 689 326 724 μετ’
343 689 425 716 αὐτὸν
445 691 459 716 ὁ
479 689 672 725 Σαλμανασὰρ,
691 690 738 716 καὶ
755 690 846 724 τρίτος

54 733 245 768 Σεναχειρείμ.
269 734 376 769 ’Ὠσπερ
406 734 434 760 δὲ
458 733 607 769 ἀμπελῶνα
643 734 846 770 τετρυγηκὸτες

54 779 250 813 ἀνεκομίζοντο
269 779 349 806 πάλιν
364 780 404 811 εἰς
423 779 472 815 τὴν
492 779 591 813 αὐτῶν,
614 782 643 807 ἐν
661 781 760 815 ὀλίγοις
778 790 845 808 παν-

54 824 140 855 τελῶς
161 824 297 859 λειψάνοις
316 825 432 859 ἀφέντες
452 825 497 852 τὸν
517 825 634 861 Ἰσραὴλ,
653 827 700 853 καὶ
715 825 771 854 οἷον
787 827 847 853 ἐπι-

55 869 171 904 φυλλίδα
195 870 280 905 μόνην
301 871 392 901 αὐτοῖς
409 871 644 904 καταλελοιπότες.
672 872 846 907 Ἐπιφυλλίδα

895 278 964 305 saria
981 286 1100 313 przepara
1117 279 1241 313 leipsum,
1256 284 1282 306 et
1300 279 1417 306 diluculo
1433 281 1465 307 ad
1481 281 1570 315 fugam
1585 288 1676 316 surge.

894 324 1019 359 Captivus
1040 324 1121 360 613
1149 325 1219 352 enim
1237 326 1270 351 ad
1299 325 1389 352 hostes
1416 325 1514 359 abibis,
1533 326 1680 360 relictaque

894 371 980 404 patria
996 373 1065 406 apud
1094 372 1161 398 alios
1175 371 1264 406 deges.
1281 371 1379 399 Deinde
1395 372 1579 399 universorum
1610 372 1680 399 Deus

896 416 1032 449 prophetae
1047 416 1120 448 dicit,
1137 417 1303 450 captivorum
1316 424 1395 444 causa
1421 422 1522 444 tantum
1539 425 1591 444 non
1614 425 1680 444 (ιοιι⁴

896 461 1039 488 tristatus:
1057 470 1066 486 ι
1084 461 1229 496 Corruptus
1249 466 1290 490 est
1307 462 1394 489 omnis
1406 470 1530 490 racemus
1545 470 1650 490 eorum.
1667 472 1675 488 ι

896 506 1016 539 Quorum
1052 506 1192 533 verborum
1219 508 1378 534 sententiam
1411 515 1461 542 pro
1482 507 1584 534 viribus
1609 508 1679 535 dice-

897 560 966 579 mus.
996 552 1203 587 Babyloniorum
1231 554 1336 589 tyranni
1367 553 1527 585 Samariam,
1560 554 1679 587 aliasque

896 601 1026 630 prmterea
1041 595 1139 624 Iudaea;
1158 596 1248 629 urbes,
1267 597 1451 630 devastarunt,
1465 598 1547 625 Phnla
1564 599 1678 633 primus,

897 647 958 677 post
982 641 1054 668 illum
1081 641 1263 674 Salmanasar,
1282 642 1376 668 tertius
1401 642 1573 670 Senacberib.
1602 643 1681 670 Velut

897 692 985 716 autem
1003 687 1072 715 facta
1085 687 1220 715 vindemia
1244 687 1269 714 in
1290 695 1400 721 regnum
1431 695 1508 714 suum
1533 689 1680 717 redierunt.

897 733 988 761 lsraeli
1003 733 1122 760 modicas
1136 733 1279 760 admodum
1296 733 1435 768 reliquias,
1451 738 1478 760 et
1493 738 1618 768 tanquam
1636 742 1680 760 ra-

898 787 1002 806 cemum
1020 787 1101 805 unum
1123 778 1313 812 relinquentes.
1336 777 1468 805 Racetnos
1487 785 1546 805 esse
1568 779 1682 806 dicimus

899 825 991 852 botros
1003 824 1130 857 minores,
1144 824 1239 858 paucis
1255 824 1339 851 acinis
1370 829 1537 857 consmntes,
1563 824 1606 858 qui
1633 825 1684 851 sub

901 870 972 897 foliis
990 869 1112 902 latentes,
1129 869 1284 904 frequenter
1303 869 1394 897 oculos
1411 870 1559 902 Iegnlurutn
1573 869 1681 897 fallunt.

53 915 81 942 δὲ
99 913 170 942 εἷναί
192 924 281 950 φαμεν
305 916 339 942 τὰ
356 916 442 951 μικρὰ
464 916 517 943 τῶν
535 917 665 953 βοτρύων,
681 919 728 945 xal
741 919 771 944 ἐν
793 918 849 944 ὀλί-

905 917 938 943 Ae
947 915 999 943 tale
1012 916 1138 950 quiddam
1154 915 1222 942 alius
1234 920 1389 942 sanctorum
1402 915 1682 950 prophetarumztlleu

54 970 119 995 ταις
140 962 205 989 ὄντα
227 962 313 997 ραξὶν,
336 962 354 989 ἃ.
373 963 420 989 καὶ
441 964 496 995 τοῖς
521 963 631 998 φύλλοις
651 965 848 999 ἐγκεχωσμένα

53 1007 227 1034 διαλανθάνει
246 1008 404 1039 πλειστάκις
425 1008 471 1035 τὸν
489 1008 535 1035 τοῦ
558 1009 732 1042 συλλέγοντος
748 1009 848 1043 ὀφθαλ-

56 1053 118 1088 μόν.
136 1053 191 1080 Καί
203 1062 228 1080 τι
243 1053 363 1080 τοιοῦτόν
378 1062 444 1089 φησι
458 1054 551 1090 ἐτερος
573 1055 627 1081 τῶν
641 1054 725 1088 ἁγίων
742 1063 849 1091 προφη-

54 1099 122 1125 τῶν·
142 1108 152 1124 η
167 1100 201 1126 Οἵ
214 1108 260 1134 μοι
279 1099 362 1135 ψυχὴ,
382 1100 423 1126 ὃτι
446 1099 578 1136 ἐγενήθην
601 1100 638 1132 ὣς
656 1100 779 1135 συνάγων
801 1110 849 1128 κα·

57 1145 150 1180 λάμην
170 1146 199 1172 ἐν
220 1144 332 1180 ἀμητῷη
357 1145 404 1172 καὶ
420 1145 457 1177 ὡς
476 1145 636 1179 ἐπιφυλλίδα
656 1147 686 1172 ἐν
710 1146 848 1182 τρυγητῷ.

57 1191 107 1226 οὐχ
122 1191 290 1225 ὑπάρχοντος
307 1190 422 1226 βότρυος
436 1190 483 1217 τοῦ
501 1192 598 1225 φαγεῖν
612 1191 646 1218 τὰ
662 1192 846 1226 πρωτόγονα.»

59 1235 165 1262 Οὐκοῦν
179 1237 364 1271 τετρυγήκασι
381 1236 429 1271 μὲν
446 1236 556 1269 ἐκεῖνοι,
575 1236 726 1272 ἀφιγμένος
743 1237 773 1264 δὲ.
791 1237 850 1272 μετ’

59 1281 161 1312 αὐτοὺς
180 1281 194 1307 ὁ
207 1280 454 1316 Ναϐουχοδονόσορ,
479 1281 526 1307 xal
543 1281 626 1316 αὐτὴν
649 1282 785 1318 διέφθειρε
800 1282 850 1318 τὴν

60 1326 232 1361 ἐπιφυλλίδα,
251 1327 342 1353 καὶτὸ
357 1326 444 1362 βραχὺ
464 1327 510 1354 τοῦ
531 1327 638 1364 Ἰσραὴλ
657 1328 850 1364 ἀποτρυγήσας

61 1372 196 1408 λείψανον.
211 1373 302 1400 οἴκαδέ
317 1382 346 1399 τε
363 1373 463 1405 meum,
478 1374 525 1400 καὶ
538 1373 649 1400 διετέλει
666 1374 851 1410 μεγαλαυχού-

61 1428 153 1453 μενος.
176 1420 231 1446 Kal
247 1420 312 1453 γοῦν
328 1420 342 1446 ὁ
357 1421 500 1456 προφήτης
516 1420 650 1456 Ἱερεμίας
669 1420 786 1448 ἁλοῦσαν
802 1421 851 1456 τὴν

67 1465 246 1501 Ἰερουσαλὴμ
270 1466 447 1501 κατεθρήνει,
470 1466 556 1500 λέγων
583 1467 648 1502 περὶ
668 1466 720 1493 τῶν
737 1468 851 1502 ἠρημω-

62 1509 159 1535 κὰτωψ
179 1519 187 1534 ι
203 1509 323 1535 Εισέλθοι
347 1510 420 1536 πᾶσα
436 1511 453 1545 ἠ
473 1511 556 1537 κακία
574 1511 663 1537 αὐτῶν
682 1511 751 1538 κατὰ
767 1511 851 1547 πρόσ-

61 1553 136 1580 ωπόν
157 1562 215 1581 σου.
236 1554 427 1590 Ἐπιφύλλισον
448 1556 557 1588 αὐτοὺς,
573 1556 602 1583 ὅν
618 1556 717 1592 τρόπον
732 1557 836 1592 ἐπεφύλ

900 961 976 991 mihi,
995 961 1094 993 anima,
1110 960 1170 995 quia
1185 960 1273 988 factus
1294 968 1352 988 sum
1371 960 1441 988 sicut
1469 961 1513 995 qui
1538 965 1684 995 congregat

899 1005 1023 1039 stipulam
1039 1005 1064 1032 in
1079 1012 1177 1037 messe,
1192 1011 1219 1032 et
1246 1005 1315 1032 sicut
1337 1013 1472 1032 racemum
1494 1006 1520 1033 in
1539 1005 1683 1035 vindemia,

899 1059 959 1079 cum
977 1059 1029 1078 non
1045 1052 1079 1078 sit
1093 1051 1186 1078 botrus
1206 1051 1238 1078 ad
1253 1051 1446 1079 comedendum
1460 1052 1594 1086 primitiva
1605 1051 1628 1067 “7
1639 1071 1645 1078 .
1672 1061 1682 1077 δ

900 1098 970 1134 Ergo
983 1097 1019 1124 illi
1035 1096 1244 1124 vindemiarum.
1259 1097 1356 1125 Postea
1382 1098 1497 1126 adventu
1522 1105 1570 1125 suo
1591 1097 1683 1124 Nabu-

900 1145 1070 1172 cbodouosor
1085 1143 1171 1178 ipsum
1183 1151 1291 1178 quoque
1308 1151 1443 1171 racemum
1456 1143 1585 1178 corrupit.
1595 1144 1686 1178 pauci-

901 1194 1037 1223 tatemque
1055 1189 1126 1216 illam
1142 1188 1316 1222 reliquiarum
1328 1188 1434 1216 Israelis
1447 1196 1506 1216 cum
1523 1188 1687 1216 vindemias-

900 1241 950 1267 set,
965 1236 1074 1263 domum
1087 1235 1211 1268 recurrit,
1230 1234 1344 1268 indeque
1366 1242 1472 1269 semper
1492 1239 1521 1261 ut
1532 1236 1564 1262 de
1581 1235 1686 1269 magnis

901 1282 1030 1317 gloriatus
1045 1286 1096 1309 est.
1117 1281 1200 1316 Igitur
1217 1281 1344 1316 propheta
1360 1280 1491 1308 Jeremias
1504 1286 1609 1315 captam
1623 1280 1687 1307 Ilic-

901 1329 1064 1365 rosolymam
1076 1328 1271 1364 depl0rans.de
1286 1327 1412 1356 desolatis
1422 1327 1456 1353 ita
1467 1327 1599 1362 loquitur:
1619 1336 1628 1352 ι
1642 1326 1687 1354 ln-

902 1375 1039 1410 grediatnr
1067 1381 1146 1402 omne
1167 1374 1265 1401 malum
1284 1382 1376 1402 eorum
1399 1377 1461 1401 ante
1489 1374 1583 1401 faciem
1602 1377 1684 1400 tuam.

905 1419 1042 1447 Vindemia
1049 1419 1335 1454 eos.quemadmodum
1342 1419 1576 1447 vindemiaverunt
1584 1426 1626 1446 me
1635 1418 1666 1446 ".
1675 1427 1684 1444 ι

902 1465 936 1493 Et
961 1473 1088 1492 rursum:
1109 1474 1118 1491 ι
1143 1464 1220 1497 Vide,
1238 1465 1358 1497 Domine,
1386 1470 1414 1493 et
1438 1465 1540 1499 respice
1568 1465 1611 1492 cui
1629 1465 1688 1491 vin-

902 1510 1063 1540 detniaveris
1078 1510 1124 1542 ita,
1134 1510 1156 1538 si
1166 1510 1306 1538 comedent
1323 1510 1449 1538 mulieres
1460 1510 1576 1538 fructum
1588 1509 1689 1538 ventris

903 1564 1008 1585 eorum.
1024 1556 1170 1583 Ilaeemum
1189 1555 1253 1583 fecit
1265 1563 1367 1591 coquus
1383 1555 1433 1582 ⁸ο.»

61 1600 138 1627 λισὰν
155 1609 200 1635 με.
216 1610 224 1626 ι
245 1601 300 1628 Kal
326 1602 423 1629 πάλιν·
441 1612 451 1628 ι
466 1603 530 1635 Ἴδε,
545 1604 643 1640 Κύριε,
661 1605 706 1632 καὶ
722 1605 866 1640 ἐπίϐλεψον
885 1605 938 1632 τίνι
956 1603 1137 1638 ἐπεφὺλλισας
1156 1603 1252 1637 οὕτως,
1269 1604 1293 1630 εί
1312 1603 1443 1638 φάγονται
1472 1605 1600 1638 γυναῖκες
1624 1611 1691 1639 καρ’

62 1646 113 1673 πδν
127 1645 232 1678 κοιλίας
249 1647 347 1674 αὐτῶν.
368 1648 541 1682 Ἐπιφυλλίδα
555 1650 666 1685 ἐποίησε
685 1651 827 1687 μάγειρος.
841 1661 850 1677 ι

98 1692 186 1719 Ὅταν
212 1693 302 1720 τοίνυν
324 1695 538 1731 παροτρύνωμεν
564 1696 610 1723 τὸν
625 1697 701 1728 Θεὸν,
725 1698 783 1724 τότε
807 1698 853 1725 καὶ
867 1699 889 1728 (l

62 1738 172 1773 ἁπάσης
180 1739 338 1774 ἐπικουρίας
354 1740 543 1776 ἐστερημένοι,
554 1742 602 1768 καὶ
626 1743 734 1776 φειδοῦς
747 1743 851 1777 ἀπογυ-

61 1784 226 1819 μνούμενοι,
250 1784 420 1820 δοθησόμεθα
435 1787 491 1818 τοῖς
508 1787 631 1822 ἐχθροῖς,
659 1788 706 1815 καὶ
722 1788 798 1815 οὐδὲν
823 1789 852 1816 ἐν

63 1832 129 1866 ἡμῖν
147 1830 249 1866 ἀρετῆς
272 1831 289 1866 ἢ
305 1832 454 1864 ἐπιεικείας
479 1832 604 1867 λείψανον
626 1833 766 1869 ἀπομενεῖ,
786 1835 853 1861 ἀπο-

62 1875 219 1910 τρυγῶντος
239 1875 286 1902 τοῦ
301 1876 408 1903 Σατανᾶ.
425 1877 479 1903 πᾶν
494 1877 556 1903 ὅσον
570 1877 642 1904 ἐστὶν
659 1878 688 1904 ἐν
703 1879 768 1913 ἡμῖν
786 1879 853 1912 ἁγα-

63 1922 120 1953 θὸν,
135 1921 183 1948 καὶ
197 1918 252 1948 οἷον
267 1922 427 1956 ὲπιφυλλίδα
444 1922 626 1957 συλλέγοντος,
641 1923 686 1950 καὶ
701 1923 786 1956 αὐτάς
801 1933 853 1951 που

63 1968 135 2002 τάχα
155 1968 204 1999 τὰς
222 1969 261 2000 εἰς
275 1968 336 1994 νοῦν
351 1968 508 2004 ἐπιθυμίας,
531 1969 580 2001 τὰς
600 1969 646 1996 ἐπί
660 1978 692 2004 γε
708 1970 738 1997 τὸ
756 1979 854 2006 κατορο

63 2012 129 2040 θοῦν
145 2012 254 2040 ἑλέσθαι
274 2013 323 2049 τὴν
338 2013 438 2049 ἀρετὴν
452 2013 642 2050 ἐπιφερούσας.

99 2058 153 2086 Διὰ
177 2059 264 2086 τοῦτο
288 2060 452 2094 {atquede
476 2069 533 2095 με,
557 2059 640 2095 λέγει
663 2061 786 2095 Κύριος,
811 2063 854 2094 εἰς

65 2104 181 2139 ἡμέραν
197 2104 392 2138 ἀναστάσεώς
407 2114 467 2140 μου
484 2107 527 2138 εὶς
540 2107 713 2141 μαρτύριον.

102 2151 163 2178 AZ'.
189 2151 300 2186 Ἐπειδὴ
320 2151 374 2186 γὰρ
388 2151 442 2178 τῶν
457 2151 538 2179 θείων
552 2152 727 2188 ἐνταλμὰτων
746 2153 855 2188 ὴφειδη-

64 2197 145 2228 κύτες
162 2196 282 2223 δέδονται
305 2198 360 2229 τοῖς
380 2197 497 2232 ἐχθροῖς,
521 2199 568 2225 καὶ
584 2200 623 2230 εἰς
639 2200 732 2235 χεῖρας
748 2199 856 2226 πεπτώ-

67 2251 132 2269 κασι
157 2241 204 2269 τοῦ
223 2243 270 2269 καὶ
292 2243 376 2278 αὐτὴν
401 2243 583 2277 ἀπολέσαντος
605 2246 653 2280 τὴν
676 2245 854 2280 ἐπιφυλλίδα.

65 2287 160 2315 λοιπὸν
188 2289 331 2322 ὑπομεῖναι
349 2290 532 2325 προστέταχε,
556 2291 602 2318 καὶ
633 2291 790 2326 τληπαθεῖν,
812 2292 856 2318 εὑ-

67 2334 170 2366 σθενῶς
187 2335 354 2365 πεπονθότας
369 2336 418 2370 τὴν
433 2337 564 2369 δουλείαν,
579 2337 658 2372 ἄχρις
674 2337 707 2364 ἂν
728 2337 854 2374 διεγερθῇ

66 2380 136 2416 πρὸς
151 2380 310 2415 ἐπικουρίαν
327 2381 428 2413 αὐτοῖς,
451 2382 484 2416 ῆν
500 2381 544 2409 διὰ
563 2382 617 2408 τῶν
641 2382 726 2417 ἁγίων
750 2392 857 2419 προφη-

67 2427 120 2452 τῶν
135 2427 275 2462 μονονουχὶ
288 2428 337 2453 καὶ
348 2427 556 2463 διεμαρτύρατο,
570 2428 617 2455 καὶ
631 2429 858 2465 προαπήγγελκεν

67 2472 200 2508 ἐναργῶς,
214 2472 252 2503 ὼς
266 2472 340 2499 ἔσται
355 2472 425 2500 κατὰ
442 2473 564 2509 καιρούς.
579 2474 701 2510 Ἦμέραν
713 2473 758 2501 οὖν
773 2485 781 2501 ι
797 2476 858 2503 ἀνα-

68 2518 191 2549 στάσεως
206 2517 256 2552 τῆς
272 2518 311 2549 εἰς
328 2519 477 2553 μαρτύριον
492 2529 500 2544 ι
517 2519 562 2545 τὸν
578 2520 626 2555 τῆς
641 2521 800 2555 ἐπικουρίας
815 2529 858 2556 ση-

69 2563 160 2598 μαίνει
177 2564 282 2598 καιρὸν,
295 2564 328 2599 ἢν
344 2564 380 2596 ὡς
396 2565 455 2599 ἥξει
470 2565 578 2597 πάντως
594 2566 855 2603 προδιεμαρτύρατο.

69 2609 122 2634 Kal
136 2609 150 2634 ὁ
167 2608 216 2643 μὲν
230 2608 278 2643 τῆς
295 2609 419 2644 ἱστορίας
436 2609 528 2636 οὑτοσὶ
544 2610 632 2644 λόγος.

109 2653 305 2689 Ἐκϐεϐηκέναι
323 2662 355 2688 γε
381 2655 434 2690 μὴν
450 2655 488 2687 εἰς
506 2655 622 2690 δήλωσιν
647 2656 796 2691 μυστηρίου
812 2656 858 2683 τοῦ

68 2700 137 2727 κατὰ
153 2700 271 2735 Χριστὸν
287 2701 334 2735 τὴν
349 2701 401 2727 τῶν
422 2702 609 2736 προκειμένων
625 2702 741 2738 Θεωρίαν
757 2703 857 2738 φαμὲν,

70 2746 214 2781 βούλεσθαί
229 2756 257 2772 τε
274 2747 443 2782 καταδηλοῦν
457 2748 505 2783 τῆς
520 2747 680 2783 λυτρὼσεως
693 2749 738 2774 τὸν
752 2749 856 2783 καιρὸν,

68 2792 117 2827 τῆς
145 2792 259 2818 καθόλου
284 2792 332 2818 και⁵
359 2793 557 2829 γενικωτατηςν
581 2795 717 2828 τουτέστι,
744 2795 794 2829 τῆς
815 2795 858 2821 διὰ

103 2878 124 2894 ⁸⁷
139 2878 218 2906 .‘lirlt.
236 2886 282 2910 vn,
302 2879 326 2904 I.
364 2879 386 2894 "
399 2879 533 2911 Tim-n.1,
548 2882 594 2909 2'2.
632 2882 654 2898 ⁸³
668 2882 767 2909 Tbren.
783 2890 813 2914 ll,
827 2883 871 2911 20.

214 2926 348 2955 Ριιτιιοῐι.
375 2926 430 2955 Gn.
459 2928 562 2956 I..\'.\'l.

939 1696 1052 1730 Quando
1071 1695 1153 1728 igitur
1175 1694 1257 1722 Deum
1286 1693 1492 1725 irritaverimus,
1520 1698 1585 1721 tunc
1615 1695 1688 1723 omni

903 1742 1003 1768 auxilio
1021 1740 1129 1776 privati,
1147 1745 1173 1768 et
1192 1740 1268 1767 venia
1283 1739 1384 1769 nudati.
1399 1739 1521 1766 hostibus
1539 1741 1688 1772 tradentur,

903 1786 1035 1820 nnllreque
1058 1785 1135 1812 nobis
1161 1785 1269 1812 virtutis
1292 1789 1339 1811 aut
1361 1784 1486 1812 bonitatis
1506 1785 1624 1820 reliquiae
1645 1792 1689 1812 re-

904 1831 1058 1864 manebunt,
1071 1831 1252 1858 vindemiante
1268 1829 1368 1857 Satana
1395 1835 1478 1858 totum
1493 1831 1563 1865 quod
1585 1831 1612 1858 in
1640 1839 1689 1858 no-

903 1879 945 1906 bis
963 1882 1006 1905 est
1035 1878 1185 1910 bonum,et
1205 1876 1285 1904 veluti
1319 1884 1456 1903 racemum
1484 1877 1638 1911 colligente,
1661 1881 1690 1904 et

905 1923 1029 1952 fortassis
1043 1924 1099 1958 ipsa
1115 1929 1221 1957 quoque
1237 1922 1386 1954 desideria,
1403 1922 1500 1956 quibus
1521 1922 1553 1949 ad
1581 1923 1689 1950 virtutis

905 1976 1016 1997 munera
1034 1968 1116 2004 probe
1132 1967 1264 2003 iungenda
1281 1967 1453 2002 impellimur.

940 2068 1022 2096 Vens.
1037 2069 1063 2096 8.
1079 2067 1222 2101 Propterea
1243 2075 1362 2102 exspecta
1389 2077 1440 2103 me,
1462 2070 1527 2097 dicit
1549 2069 1686 2104 Dentium.

906 2114 933 2140 in
949 2114 990 2140 die
1010 2115 1204 2142 resurrectionio
1228 2123 1290 2143 mete
1302 2116 1328 2143 in
1342 2116 1530 2145 testimonium.

943 2158 1073 2186 XXXVII.
1085 2159 1230 2195 Postquam
1248 2161 1398 2188 divinorum
1424 2163 1609 2190 mandatorum
1627 2171 1692 2192 con-

908 2208 1053 2238 temptores
1074 2205 1165 2232 traditi
1184 2210 1246 2233 sunt
1272 2206 1403 2240 hostibus,
1413 2211 1440 2234 et
1463 2207 1490 2235 in
1511 2215 1605 2236 manus
1619 2209 1692 2238 illius

908 2250 1069 2284 inciderunt,
1082 2251 1126 2285 qui
1140 2251 1226 2286 ipsum
1245 2259 1380 2279 racemum
1394 2253 1519 2287 perdidit,
1540 2255 1572 2282 de
1589 2260 1691 2283 caetero

907 2301 1066 2330 exspectare
1080 2296 1167 2332 jubet,
1187 2301 1214 2324 et
1231 2297 1356 2330 tolerare,
1378 2298 1461 2334 614
1482 2305 1692 2336 c0nstanterquo

909 2343 1065 2370 servitutem
1080 2342 1194 2377 perpeti,
1210 2342 1296 2370 donec
1310 2343 1342 2370 ad
1358 2343 1488 2371 auxilium
1519 2344 1584 2378 ipsis
1602 2344 1692 2372 feren-

909 2386 972 2413 dum
987 2392 1124 2422 exsurgat,
1139 2387 1209 2422 quod
1225 2395 1274 2422 per
1291 2391 1398 2414 sanctos
1412 2388 1557 2422 prophetas
1587 2393 1690 2417 tantum

911 2439 962 2457 non
979 2435 1092 2459 testatus
1104 2437 1145 2460 est
1158 2453 1164 2463 ,
1181 2437 1207 2460 et
1231 2432 1377 2468 aliquando
1402 2432 1518 2460 futurum
1547 2434 1691 2462 manifeste

909 2477 1101 2510 pronuntiavit.
1118 2477 1190 2504 Diem
1207 2478 1297 2513 itaque
1312 2487 1321 2503 ι
1335 2478 1538 2505 resurrectionis
1560 2479 1585 2506 in
1616 2479 1691 2507 testi-

910 2522 1028 2548 monium
1044 2531 1052 2547 ι
1066 2521 1176 2557 intelligi
1195 2524 1249 2550 vult
1267 2529 1371 2558 tempus
1385 2524 1486 2556 auxilii,
1498 2525 1568 2558 quod
1580 2526 1690 2552 omnino

909 2566 1016 2593 allatum
1032 2567 1062 2593 iri
1088 2572 1161 2595 tanto
1171 2573 1233 2596 ante
1255 2570 1414 2597 testificatus
1436 2576 1488 2597 est.
1511 2571 1543 2597 Et
1563 2571 1689 2598 historice

901 2613 1010 2647 quidem
1025 2613 1060 2640 ita
1080 2621 1122 2640 res
1141 2613 1231 2641 habet.

944 2657 1092 2685 Verborum
1114 2664 1202 2686 autem
1229 2661 1426 2695 propositorum
1444 2662 1690 2690 considerationem

909 2703 941 2730 ad
964 2703 1119 2738 mysterium
1133 2704 1232 2731 Christi
1248 2705 1454 2740 signiﬁcandum
1489 2708 1600 2734 tendere
1621 2708 1690 2734 dici-

910 2755 978 2779 mus,
1004 2753 1031 2776 et
1058 2749 1226 2777 liberationis
1257 2751 1407 2778 communis
1435 2752 1607 2788 maximeque
1631 2753 1690 2780 uni-

908 2796 1029 2828 versalis,
1043 2804 1089 2830 per
1108 2795 1243 2824 Christum
1265 2795 1369 2824 scilicet
1400 2798 1569 2832 peragendae,
1586 2803 1692 2833 tempus

1528 2929 1564 2961 32
