1917 3038
232 182 303 210 1005

729 178 756 205 S.
777 174 913 205 CYBILLI
932 170 1164 202 ALEXANDRINI
1185 169 1342 197 ARClllEP.

1793 163 1864 191 10οι

233 243 387 270 ostendere.
407 241 474 269 Olim
498 239 569 267 enim
594 243 654 273 post
683 238 852 273 septuaginta
869 243 955 263 annos
985 234 1013 261 ad

1071 231 1200 268 Χριστοῦ.
1225 231 1312 257 Πάλαι
1331 230 1380 265 μὲν
1402 230 1456 265 γὰρ
1477 229 1530 256 τῶν
1552 229 1739 264 ἐϐδομήκοντα
1757 227 1865 254 τετελε-

231 297 310 324 Opem
325 288 367 315 illa
385 287 549 320 patientibus
564 285 702 313 ferendam
732 285 920 312 universorum
949 282 1019 309 Deus

231 333 394 366 surrexit,in
406 333 534 361 extremis
549 338 637 360 autem
653 331 742 359 seculi
755 329 919 365 temporibus
933 328 1019 355 factus

231 385 272 407 est
290 379 370 406 homo
386 379 558 414 Unigenitus,
573 385 626 405 non
640 377 727 405 solum
743 380 772 404 ut
782 376 913 404 eximeret
925 374 1018 407 lsrael,

230 425 276 452 sed
293 430 424 453 utomncs
438 429 532 460 gentes
543 425 608 460 jttgo
625 423 722 451 diaboli
743 422 847 451 solutas
865 422 890 449 in
906 422 1018 449 liberta-

231 477 283 497 tem
301 470 460 504 vindicaret,
472 474 500 497 et
515 477 528 497 a
541 469 715 504 corruptione
731 476 762 496 ac
780 468 903 496 sordibus
915 466 1018 502 peccati

231 516 367 547 liberaret,
383 520 410 543 et
427 519 490 543 ante
504 515 556 542 alia
575 515 734 542 adoratione
763 519 894 542 creaturae
921 517 1020 547 praeter

230 561 397 589 Creatorem.
412 561 557 596 Postquam
571 566 659 588 autem
674 561 753 588 homo
768 564 848 587 natus
863 564 914 591 est,
929 567 939 584 ι
954 558 1020 584 Sus-

230 608 307 634 tinuil
326 614 451 639 crucem,
473 607 629 634 confusione
655 611 807 640 contempta
824 605 864 638 ὀ,
881 614 890 630 ι
911 608 940 631 ιιι
954 611 1018 630 san-

229 655 309 689 guine
322 660 371 680 suo
390 653 543 688 acquireret
556 653 612 680 Deo
631 658 657 680 et
675 651 745 679 Patri
778 651 898 678 viventes
922 650 1019 681 adhuc,

229 707 256 729 et
270 708 338 736 quos
347 700 404 735 jam
422 708 496 727 mors
512 701 699 731 absorbuerat,
711 700 787 734 juxta
814 699 840 726 id
853 698 923 732 quod
950 697 1020 724 scii—

231 752 304 782 ptum
323 750 384 774 est:
406 755 415 772 ι
433 745 463 772 In
478 747 528 773 hoc
541 746 611 773 enim
636 744 760 773 Christus
779 749 807 771 et
824 749 946 770 mortuus
965 748 1018 775 cst,

229 798 256 821 et
274 792 431 825 resurrexit,
446 796 473 819 ut
489 798 655 819 mortuorum
673 794 699 817 et
726 790 846 817 vivorum
865 790 1019 816 dominare-

231 845 274 866 tur
290 840 324 866 ".
339 848 348 864 ι
371 838 466 865 Merito
496 837 577 872 igitur
606 836 804 870 antiquioribus
834 835 934 863 dictum
955 839 1018 863 est:

232 895 240 911 ι
260 885 405 919 Propterea
425 888 551 918 exspecta
570 890 623 914 mc,
636 882 702 909 dicit
723 880 862 912 Dominus,
891 881 918 908 in
946 881 1018 907 diem

1071 278 1177 313 σμένων
1191 277 1259 304 ἑτῶν
1276 277 1424 312 ἐγήγερται
1437 276 1505 311 προς
1519 275 1682 310 ἐπικουρίαν
1697 274 1755 304 τοῖς
1771 273 1860 300 ἐκεῖνο

1069 323 1230 350 πεπονθόσιν
1240 324 1254 349 ὁ
1265 321 1319 349 τῶν
1331 322 1399 349 ὅλων
1413 321 1488 353 Θεὸς,
1505 322 1534 348 ὲν
1549 321 1676 356 ἐσχάτοις
1688 319 1795 354 γε’μὴν
1812 318 1860 345 τοῦ

1070 369 1167 401 αἰῶνος
1186 369 1291 404 καιροῖς
1311 368 1421 402 γέγονεν
1435 366 1579 402 ἄνθρωπος
1596 367 1610 392 6
1626 365 1796 400 Μονογενὴς,
1813 365 1864 399 οὐχ

1071 416 1114 442 ἵνα
1134 416 1214 451 μόνον
1234 415 1360 450 ἐξέληται
1384 414 1429 441 τὸν
1445 414 1568 449 Ἰσραὴλ,
1584 413 1641 439 ἀλλ’
1658 413 1701 439 ἰνα
1722 412 1812 438 πάντα
1831 411 1865 437 τά

1070 461 1134 497 ἐθνη
1148 461 1198 496 τῆς
1216 461 1268 487 ὑπὸ
1287 461 1326 496 τῷ
1342 460 1457 495 διαϐόλῳ
1476 459 1597 490 δουλείας
1609 457 1774 493 ἀπαγαγὼν,
1790 457 1864 483 ἐλευ-

1071 507 1166 542 θέρους
1184 507 1323 542 ἀποφήνῃ,
1348 507 1396 533 καὶ
1418 505 1560 541 ἀπαλλάξῃ
1584 505 1686 540 φθορᾶς
1707 505 1757 530 καὶ
1777 503 1862 538 ῥύπου

1071 553 1217 588 ἁμαρτίας,
1232 553 1279 579 καὶ
1295 553 1348 588 πρό
1363 561 1394 586 γε
1414 552 1467 578 τῶν
1483 551 1570 579 ἄλλων
1585 551 1632 578 τοῦ
1649 551 1815 586 προσκυνεῖν
1830 551 1863 584 τῇ

1071 599 1159 625 κτίσει
1177 597 1254 633 παρὰ
1276 597 1321 624 τὸν
1336 597 1479 624 κτίσαντα.
1496 597 1552 623 Καὶ
1575 596 1669 631 ἐπειδὴ
1690 595 1804 630 γέγονεν
1817 595 1865 621 ἇν-

1071 644 1188 679 θρωπος,
1209 652 1218 669 ι
1234 643 1379 678 ’Υπέμεινε
1398 642 1523 678 σταυρὸν,
1544 641 1674 676 αἰσχύνης
1693 641 1865 676 καταφρονή-

1071 697 1132 720 σας,
1143 697 1152 714 ι
1169 687 1201 714 ἶν’
1216 688 1312 722 αἵματι
1331 687 1369 722 τῷ
1390 687 1447 722 ἰδίῳ
1470 687 1676 722 κατακτίῖσηται
1692 686 1732 721 τῷ
1744 685 1805 720 Θεῷ
1819 686 1865 711 καὶ

1071 734 1160 770 Πατρὶ
1174 733 1237 765 τούς
1252 742 1282 759 τε
1299 733 1404 765 ζῶντας
1418 733 1468 765 ἑτι,
1484 733 1532 760 καὶ
1545 732 1592 765 οὓς
1609 732 1658 768 ἤδη
1673 732 1781 766 φθάσας
1804 740 1865 758 κατ-

1071 781 1149 807 έπιεν
1162 781 1175 806 ὁ
1190 779 1305 810 θάνατος
1315 800 1323 812 ,
1352 779 1422 807 κατὰ
1436 780 1466 806 τὸ
1491 779 1696 814 γεγραμμένον.
1719 779 1768 810 Εἰς
1784 778 1865 804 τοῦτο

1070 826 1126 861 γὰρ
1141 826 1155 851 ὁ
1171 825 1287 861 Χριστὸς
1305 825 1352 852 καὶ
1378 825 1513 858 ἀπέθανε,
1539 825 1587 852 καὶ
1604 824 1722 859 ἀνέστη,
1749 824 1795 850 ἵνα
1819 824 1865 849 καὶ

1071 871 1175 908 νεκρῶν
1200 871 1248 898 καὶ
1280 870 1389 903 ζώντων
1416 871 1559 907 κυριεύσῃ.
1577 881 1586 897 ι
1616 871 1736 902 Εἰκότως
1761 870 1794 905 δὴ
1818 869 1864 897 οὖν

229 929 436 957 resurrectionis
450 936 515 955 mea:
527 927 554 954 in
581 927 776 955 testimonium.
787 935 806 952 »ν
820 926 1013 954 Testimonium

1070 918 1175 953 ἐλέγετο
1187 919 1243 950 τοῖς
1257 919 1458 954 ἀρχαιοτέροις·
1478 927 1487 944 ι
1501 918 1551 944 Διὰ
1563 917 1642 944 τοῦτο
1653 917 1804 952 ὑπόμεινόν
1819 926 1862 952 με,

228 982 317 1005 autem
331 976 462 1012 quoddam
493 975 637 1001 destructas
652 973 746 1000 mortis
758 977 808 1004 est,
824 973 959 1000 Christum
976 979 1018 998 re-

228 1024 339 1056 vixisse,
354 1030 414 1049 cum
428 1029 482 1056 quo
496 1026 522 1048 et
536 1028 584 1048 nos
601 1020 650 1055 ipsi
669 1020 779 1048 excitati
798 1029 811 1046 ιι
830 1019 943 1046 tnortuis
969 1026 1016 1045 su-

229 1067 445 1102 tnus,justil‘trali
461 1074 507 1101 per
523 1065 601 1094 [idem
613 1067 682 1099 ",et
696 1073 747 1092 una
757 1074 816 1093 cum
833 1069 918 1094 morte
933 1064 1017 1100 ipsius

229 1115 324 1142 mortis
338 1118 451 1140 matrem
469 1116 612 1148 peccatum
626 1111 794 1148 effugientes.

262 1248 331 1280 Quia
343 1248 475 1283 Jndicium
499 1255 585 1273 meum
610 1246 638 1272 in
657 1244 869 1280 congregationes
889 1243 1013 1278 gentium,

226 1296 253 1318 ιιι
273 1292 414 1326 suscipiant
439 1299 523 1326 reges,
542 1295 570 1317 ut
585 1289 718 1324 effundam
742 1296 819 1322 super
853 1295 896 1314 eos
914 1295 1016 1314 contem

226 1340 294 1365 iram
319 1338 417 1372 furoris
433 1339 493 1365 mei.
510 1337 579 1370 Quia
600 1336 628 1363 in
644 1335 704 1370 igne
720 1334 768 1362 zeli
786 1335 835 1361 mei
851 1338 1017 1361 consumetnr

227 1383 310 1410 omnis
328 1388 408 1409 terra.

262 1427 408 1455 XXXVI".
432 1426 565 1454 Chaldaza‘,
593 1424 664 1460 genti
688 1424 840 1452 vastitatem
860 1431 874 1451 a
895 1424 964 1459 Cyro
989 1427 1017 1451 et

225 1473 284 1508 r-jns
298 1473 323 1499 in
345 1473 415 1499 bello
430 1471 578 1499 auxiliariis
592 1471 694 1498 illatam
706 1470 834 1502 minatur,
847 1470 891 1505 qui
907 1470 1015 1505 quidem

226 1518 434 1552 Babyloniorum
451 1518 532 1545 urbes
546 1515 731 1548 incursabant,
749 1521 777 1543 et
795 1516 821 1543 in
841 1523 936 1543 omnes
964 1516 1015 1543 im-

1068 965 1141 999 λέγει
1162 964 1273 999 Κύριος,
1294 965 1333 997 εἰς
1350 965 1456 1000 ἡμέραν
1472 964 1646 996 ἀναστάσεώς
1663 973 1714 1000 μου
1732 965 1771 996 εἰς
1796 973 1864 999 μαρ-

1067 1010 1169 1046 τύριον.
1184 1021 1192 1037 ι
1213 1011 1373 1047 Μαρτύριον
1390 1011 1418 1038 δὲ
1435 1011 1528 1047 ὥσπερ
1545 1011 1591 1037 τοῦ
1606 1010 1801 1046 κατηργῆσθαι
1819 1010 1865 1036 τὸν

1068 1057 1182 1084 θάνατον
1201 1058 1231 1084 τὸ
1252 1057 1402 1084 ἀναϐιῶναι
1426 1058 1554 1093 Χριστὸν,
1570 1054 1593 1091 ᾧ
1612 1057 1660 1084 καὶ
1680 1058 1762 1092 ἡμεῖς
1786 1057 1864 1084 αὐτοὶ

1069 1103 1304 1138 συνεγηγέρμεθα,
1329 1103 1519 1134 δικαιωθέντες
1533 1103 1577 1130 διὰ
1594 1103 1643 1138 τῆς
1662 1103 1801 1135 πίστεως,
1818 1104 1865 1129 καὶ

1067 1148 1134 1182 ὁμοῦ
1151 1148 1189 1183 τῷ
1205 1148 1312 1184 θανάτῳ
1331 1148 1381 1184 τὴν
1398 1149 1444 1175 τοῦ
1462 1148 1576 1176 θανάτου
1595 1149 1702 1184 μητέρα
1724 1149 1864 1184 διαδιδρά-

1068 1202 1190 1226 σκοντες,
1209 1195 1299 1230 ἀμαρτ
1306 1195 1359 1222 ίαν.

1102 1240 1179 1267 Διότι
1194 1240 1227 1266 τὸ
1244 1240 1334 1275 κρῖμά
1349 1249 1410 1275 μου
1429 1241 1473 1274 εἰς
1488 1241 1666 1275 συναγωγὰς
1681 1240 1789 1274 ἐθνῶν,
1811 1240 1864 1267 τοῦ

1066 1285 1259 1318 εἰσδέξασθαι
1285 1286 1442 1319 βασιλεῖς,
1466 1287 1519 1314 τοῦ
1553 1287 1656 1321 ἐκχέαι
1681 1287 1728 1314 ἐπ’
1752 1287 1866 1319 αὐτοὺς

1067 1331 1172 1359 πᾶσαν
1195 1331 1288 1367 ὀργὴν
1309 1332 1404 1366 θυμοῦ
1425 1341 1496 1367 μου.
1518 1333 1596 1360 Διότι
1616 1334 1651 1360 ἐν
1673 1333 1745 1368 πυρὶ
1773 1333 1864 1366 ζήλου

1064 1387 1124 1413 μου
1139 1379 1423 1411 καταναλωθήσεται
1440 1378 1524 1406 πᾶσα
1539 1379 1558 1413 ἡ
1574 1379 1621 1414 γῆ.

1103 1424 1169 1450 ΛΗ’.
1193 1424 1255 1455 Τοῖς
1271 1423 1415 1450 Χαλδαίων
1435 1423 1540 1450 ἔθνεσιν
1566 1424 1674 1451 ἀπειλεῖ
1687 1425 1737 1460 τὴν
1751 1425 1864 1461 δῄωσιν,

1066 1469 1115 1506 τὴν
1128 1470 1172 1497 διὰ
1185 1469 1278 1505 Κύρου
1292 1470 1492 1506 γεγενημένην,
1504 1472 1551 1497 καὶ
1565 1471 1619 1498 τῶν
1632 1472 1689 1498 ὅσοι
1705 1473 1754 1499 σὺν
1771 1473 1866 1504 ὅπλοις

1066 1525 1097 1542 τε
1122 1514 1192 1552 ἦσαν
1219 1516 1294 1551 αὐτῷ
1310 1517 1357 1543 καὶ
1381 1516 1601 1552 συμῦεὸλήκασι,
1617 1517 1667 1549 τάς
1688 1526 1718 1544 τε
1736 1517 1790 1544 τῶν
1808 1517 1864 1544 Βα-

226 1565 392 1598 pressionem
404 1563 521 1591 maxime
533 1562 688 1590 horribilem
700 1561 845 1589 faciebant.
857 1561 914 1588 Erit
924 1562 1013 1596 igitur,

1070 1563 1206 1590 ῦυλωνίων
1229 1562 1411 1598 καταθέοντες
1436 1563 1528 1595 πόλεις
1555 1563 1602 1590 καὶ
1638 1558 1865 1599 φρικωδεστάὲην

225 1609 324 1644 inquit,
336 1609 468 1643 judicium
481 1615 570 1636 meum
588 1609 615 1635 in
630 1608 866 1643 congregationem
880 1609 1013 1642 gentium,

226 1661 254 1682 ut
268 1657 351 1682 etiam
368 1654 515 1689 suscipiam
535 1661 623 1688 reges,
637 1654 696 1681 sine
710 1654 791 1681 dubio
806 1655 969 1687 nominatos,
983 1655 1016 1681 ad

225 1700 373 1734 puniendas
385 1707 433 1734 per
448 1699 520 1734 ipsos
534 1698 756 1733 congregationes
777 1698 859 1734 615
884 1700 1015 1733 gentium,

225 1745 331 1772 illorum
343 1744 428 1779 copiis
443 1748 471 1771 et
485 1744 592 1776 robore,
601 1749 628 1771 et
641 1745 715 1771 omni
728 1751 826 1780 genere
849 1745 1015 1773 crudelitatis

224 1791 353 1825 majorem
365 1791 391 1817 in
404 1791 510 1818 modum
524 1790 679 1818 humiliatos
687 1795 715 1818 et
725 1790 864 1818 aﬂlictas.t
875 1791 1014 1819 Ell‘undam

223 1837 294 1864 enim
311 1844 392 1872 super
405 1843 464 1869 eos,
480 1836 577 1871 inquit,
593 1843 701 1864 omnem
719 1837 787 1864 iram
802 1837 902 1865 furoris
919 1839 982 1865 mei.
1001 1847 1011 1863 ι

226 1884 322 1911 Verum
338 1888 379 1911 est
393 1883 475 1915 enim,
485 1890 580 1918 magna
592 1887 619 1910 et
637 1883 758 1910 enormia
769 1890 878 1918 peccata
891 1892 944 1911 non
958 1884 1015 1911 vul-

223 1928 281 1964 gari
300 1929 439 1956 iracundia
455 1928 543 1962 puniri
556 1936 570 1955 a
585 1927 660 1956 Deo:
682 1930 729 1956 sed
747 1924 884 1964 quantum
913 1937 1013 1957 unum-

223 1982 356 2010 quemque
376 1982 503 2009 pecc:isse
520 1974 667 2007 invenerit,
679 1979 779 2002 tantant
803 1975 837 2002 ab
848 1983 881 2002 eo
905 1982 1012 2010 plenam

223 2020 350 2056 reposcit.
367 2020 482 2047 Tantum
503 2025 593 2048 autem
613 2029 667 2048 non
695 2021 820 2049 incendio
842 2021 1013 2055 absumptum

223 2067 255 2094 iri
272 2074 315 2095 res
331 2066 518 2094 Chaldaeorum
532 2067 662 2100 declarat,
679 2075 740 2095 cum
753 2067 805 2095 ait:
820 2076 830 2093 ι
846 2068 874 2095 In
890 2068 950 2103 igne
961 2067 1013 2095 zeli

224 2113 277 2140 mei
293 2113 467 2141 devorabitur
480 2113 568 2141 omnis
588 2119 686 2141 terra.»
702 2114 793 2146 Qualis
820 2120 909 2141 autem
928 2114 1011 2147 zelus,

222 2164 269 2186 aut
291 2159 316 2186 in
335 2159 433 2193 quibus
447 2161 565 2193 tandem,
581 2161 713 2194 propheta
727 2160 874 2188 Zacharias
901 2161 1013 2188 demon-

222 2209 310 2231 strat:
324 2213 333 2229 ι
352 2203 414 2231 llaec
425 2204 491 2232 dicit
510 2205 637 2232 Dominus
657 2207 844 2240 omnipotens:
860 2204 949 2233 Zelari
964 2205 1010 2233 Je-

224 2249 340 2277 rusalem
355 2255 382 2278 et
406 2249 471 2278 Sion
509 2251 567 2277 zelo
588 2257 699 2284 magno,
723 2255 751 2276 et
775 2251 813 2276 ira
837 2257 932 2284 magna
962 2257 1012 2285 ego

223 2296 327 2323 irascor
341 2304 421 2331 super
431 2301 525 2331 gentes
545 2304 604 2331 quae
619 2296 833 2331 superimposita:
862 2300 935 2329 sunt,
962 2303 1011 2331 pro

222 2350 255 2370 eo
267 2343 338 2377 quod
352 2351 402 2377 ego
416 2343 523 2377 quidem
543 2343 628 2371 iratus
643 2351 702 2370 sum
721 2343 865 2375 modicntn,
884 2342 934 2377 ipsi
947 2349 1010 2370 vero

222 2387 384 2422 superpositi
405 2393 466 2415 sunt
486 2389 512 2416 in
525 2388 594 2416 tnala
610 2389 659 2416 ⁸⁸.»
674 2388 758 2416 Verba
785 2387 866 2423 igitur
884 2388 1009 2420 recitata,

223 2435 254 2461 ad
269 2435 426 2462 historicum
439 2442 546 2463 sensum
562 2436 631 2471 quod
649 2436 755 2469 attinet,
769 2436 802 2462 ad
817 2435 887 2462 hunc
901 2435 1008 2463 modum

223 2481 435 2514 explanabimus.

257 2572 371 2600 Possunt
383 2574 463 2601 ctiam
478 2574 693 2609 aliterintelligi,
717 2575 739 2602 si
759 2574 1006 2602 considerationem

222 2619 285 2652 alio,
297 2627 393 2655 nempe
405 2622 439 2648 ad
452 2620 551 2648 Cltristt
564 2622 733 2656 mysterium,
750 2621 955 2648 transferamus.
964 2622 1009 2648 Ait

220 2666 291 2693 enim
312 2667 338 2693 in
353 2666 527 2702 hisqumjam
543 2667 612 2695 lecta
628 2671 709 2694 sunt:
729 2677 738 2693 ι
757 2667 901 2702 Propterea
911 2675 1009 2702 exspe-

220 2718 262 2739 cta
279 2720 331 2744 me.
353 2712 418 2740 dicit
432 2713 573 2744 Dominus,
591 2714 617 2740 in
630 2713 700 2741 diem
718 2713 926 2741 resurrectionis
942 2721 1008 2741 mea:

221 2759 247 2784 in
262 2758 455 2790 testimonium,
467 2759 668 2794 qttiajudicium
685 2768 773 2787 ntentn
803 2760 827 2786 in
861 2767 1008 2794 congrega-

222 2804 308 2831 tiones
331 2805 461 2840 gentium,
480 2809 510 2832 ut
529 2805 673 2840 suscipiam
699 2813 788 2841 reges,
817 2811 845 2833 ut
871 2805 1007 2833 effundant

256 2892 278 2907 "’
292 2893 370 2920 llebr.
386 2902 435 2928 xtt,
450 2895 476 2922 ‘2.
515 2895 536 2910 θ’
551 2895 628 2922 Rom.
646 2903 698 2927 xiv,
716 2895 741 2922 9.
781 2896 802 2911 θ’
817 2895 894 2922 Rom.
913 2903 937 2927 ν,
959 2895 983 2921 1.

1068 1608 1173 1643 ἔχοντες
1192 1609 1243 1643 τὴν
1261 1608 1331 1635 κατὰ
1346 1609 1454 1636 πάντων
1479 1609 1584 1643 ἔφοδον.
1602 1610 1701 1636 Ἔσται
1720 1610 1812 1637 τοίνυν
1834 1610 1867 1636 τὸ

1067 1653 1169 1688 κρῖμα,
1185 1653 1267 1688 φησι,
1293 1653 1323 1679 τὸ
1348 1654 1415 1688 ἐμὸν
1432 1655 1471 1686 εἰς
1496 1655 1658 1690 συναγωγὴν
1680 1655 1777 1686 ὲθνῶν,
1792 1656 1866 1683 ὥστε

1067 1699 1114 1725 καὶ
1138 1699 1308 1731 εἰσδέξασθαι
1323 1699 1457 1734 βασιλεῖς·
1474 1700 1552 1735 δῆλον
1567 1700 1595 1726 δὲ
1619 1701 1659 1726 ὅτι
1681 1701 1743 1732 τοὺς
1763 1701 1867 1736 ὀνομα-

1067 1744 1214 1780 ζομένους·
1231 1745 1342 1772 κολάσαι
1364 1745 1398 1771 δι’
1412 1746 1502 1772 αὐτῶν
1521 1746 1568 1772 καὶ
1585 1747 1747 1780 συναγωγὰς
1764 1746 1864 1779 ἐθνῶν,

1066 1791 1133 1817 πολὺ
1148 1791 1208 1818 λίαν
1221 1792 1399 1827 ἡτιμωμένας
1415 1793 1464 1828 τῆς
1478 1792 1590 1819 ἐκείνων
1606 1793 1698 1827 χειρός
1714 1801 1744 1819 τε
1758 1794 1806 1819 καὶ
1822 1795 1866 1820 εὐ-

1067 1837 1198 1870 σθενείας,
1218 1838 1266 1864 καὶ
1284 1838 1373 1865 πάντα
1386 1839 1487 1874 τρόπον
1503 1839 1691 1874 ὑπομενούσας
1709 1839 1862 1875 ὠμότητος.

1069 1893 1078 1909 ι
1100 1884 1202 1918 Ἐκχεῶ
1219 1884 1274 1919 γὰρ
1294 1885 1336 1910 ἐπ’
1359 1884 1474 1917 αὐτοὺς,
1499 1885 1580 1919 φησι,
1599 1886 1690 1912 πᾶσαν
1710 1886 1797 1921 ὀργὴν
1815 1885 1863 1912 θυ-

1066 1929 1118 1965 μοῦ
1136 1939 1199 1966 μου.
1214 1940 1223 1956 ι
1243 1931 1298 1957 Καὶ
1317 1931 1370 1966 γάρ
1391 1932 1465 1958 ἐστιν
1491 1931 1607 1966 ἀληθὲς,
1631 1931 1669 1963 ὡς
1692 1932 1724 1958 οὐ
1742 1932 1863 1968 μετρίοις

1065 1976 1199 2012 κινήμασι
1222 1976 1256 2003 τὰ
1274 1977 1380 2012 μεγάλα
1408 1977 1455 2004 καὶ
1484 1977 1627 2014 ὑπερφερῆ
1651 1978 1708 2005 τῶν
1733 1979 1861 2014 πλημμε-

1064 2021 1194 2057 λημάτων
1213 2022 1323 2054 κολάζει
1340 2023 1422 2054 θεός·
1441 2023 1498 2049 ἀλλ’
1512 2020 1552 2054 οἷς
1571 2024 1604 2050 ἄν
1618 2032 1658 2055 τις
1681 2024 1760 2059 ἁλοίη
1777 2025 1861 2060 rit-rum

1066 2068 1164 2104 μελῶν,
1187 2069 1312 2104 ἐπιφέρει
1330 2070 1438 2102 πάντως
1458 2070 1594 2102 ἰσοπαλεῖς
1622 2071 1672 2102 τὰς
1698 2071 1788 2103 δίκας.
1802 2072 1859 2098 Ὀτι

1064 2115 1092 2141 δὲ
1106 2114 1219 2150 ἔμελλον
1241 2117 1383 2151 μονονουχὶ
1399 2117 1648 2152 καταπίμπρασθαι
1664 2117 1699 2143 τὰ
1719 2118 1858 2145 Χαλδαίων

1063 2161 1223 2196 πράγματα,
1236 2162 1358 2197 διεσάφει
1375 2163 1472 2196 λέγων,
1486 2164 1526 2190 ὅτι
1542 2173 1551 2189 ‹
1564 2164 1608 2191 Ἐν
1623 2165 1692 2199 πυρὶ
1708 2164 1791 2200 ζήλου
1809 2174 1858 2200 μου

1065 2207 1319 2243 καταναλωθήσεται
1332 2210 1405 2235 πᾶσα
1456 2209 1501 2244 γῆ.
1515 2218 1524 2235 ι
1541 2209 1597 2236 Καὶ
1617 2211 1692 2241 ποῖος
1707 2211 1721 2236 ὁ
1737 2210 1828 2244 ζῆλος,
1843 2211 1856 2246 ἣ

1029 2263 1052 2292 D
1065 2253 1111 2279 ἐπὶ
1121 2253 1191 2279 τίσιν
1199 2253 1275 2285 ὅλως,
1290 2255 1415 2289 σαφηνιεῖ
1429 2254 1514 2288 λέγων
1525 2256 1538 2281 ὁ
1551 2256 1694 2291 προφήτης
1706 2257 1855 2291 Ζαχαρίας·

1067 2308 1076 2324 ι
1092 2299 1161 2326 Τάδε
1175 2299 1250 2334 λέγει
1266 2300 1367 2336 Κύριος
1378 2302 1587 2338 παντοκράτωρ·
1601 2303 1656 2329 Καὶ
1671 2302 1799 2338 ἐζήλωκα
1813 2304 1857 2340 τὴν

1070 2345 1256 2382 Ἰερουσαλὴμ,
1271 2347 1317 2373 καὶ
1334 2347 1385 2382 τὴν
1405 2347 1485 2381 Σιὼν,
1504 2348 1585 2384 ζῆλον
1601 2349 1700 2384 μέγαν,
1716 2350 1765 2375 καὶ
1777 2350 1857 2385 ὀργὴν

1065 2393 1186 2428 μεγάλην
1200 2393 1255 2427 ἐγὼ
1275 2394 1421 2429 ὀργίζομαι
1436 2396 1482 2422 ἐπὶ
1504 2395 1539 2421 τὰ
1558 2395 1621 2430 ἔθνη
1638 2395 1672 2421 τὰ
1690 2397 1856 2422 συνεπιτιθέ-

1065 2447 1144 2474 μενα,
1159 2439 1216 2466 ἀνθ’
1228 2436 1265 2466 ὧν
1278 2439 1334 2474 ἐγὼ
1350 2441 1399 2476 μὲν
1412 2441 1550 2477 ὠργίσθην
1563 2442 1651 2476 ὀλίγα,
1668 2443 1747 2468 αὐτοὶ
1760 2443 1788 2469 δὲ
1804 2452 1856 2469 cnv-

1062 2484 1191 2511 επέθεντο
1207 2486 1246 2518 εἰς
1262 2486 1345 2513 κακά.
1359 2497 1368 2512 ι
1385 2486 1464 2514 Οὕτω
1480 2488 1528 2523 μὲν
1541 2487 1574 2523 δὴ
1593 2489 1648 2519 τοῖς
1666 2489 1855 2524 προκειμένοις

1063 2531 1251 2567 προϐαλοῦμεν
1269 2533 1419 2568 ἱστορικῶς.

1097 2577 1208 2604 Νοοῖντο
1227 2578 1249 2604 δ’
1274 2578 1306 2605 ἂν
1322 2579 1369 2605 καὶ
1393 2580 1514 2615 ἑτέρως,
1535 2581 1781 2616 μετενηνεγμένων
1804 2581 1853 2607 τῶν

1064 2623 1250 2659 θεωρημάτων
1262 2625 1301 2656 εἰς
1313 2625 1344 2651 τὸ
1357 2626 1475 2661 Χριστοῦ
1493 2627 1652 2662 μυστήριον.
1666 2628 1791 2662 Ἔφασκε
1803 2627 1851 2661 γὰρ

1061 2670 1104 2697 διά
1117 2679 1149 2704 γε
1162 2671 1216 2697 τῶν
1232 2672 1282 2706 ἤδη
1295 2673 1579 2707 προανεγνωσμένων·
1597 2682 1605 2697 ι
1627 2673 1676 2699 Διὰ
1696 2673 1776 2700 τοῦτο
1790 2673 1850 2699 ὑπό-

1062 2716 1153 2750 μεινον
1170 2725 1214 2751 με,
1228 2716 1300 2751 λέγει
1313 2717 1425 2753 Κύριος,
1439 2719 1478 2749 εἰς
1493 2718 1600 2753 ἡμέραν
1615 2718 1793 2749 ἀναστάσεὼς
1805 2727 1850 2753 μου

1060 2763 1100 2793 εἰς
1119 2762 1270 2797 μαρτύριον
1283 2783 1290 2794 ,
1314 2763 1380 2790 διότι
1405 2763 1434 2789 τὸ
1452 2764 1539 2798 κρῖμά
1561 2772 1612 2799 μου
1633 2765 1674 2796 εἰς
1694 2764 1850 2798 συναγωγὰς

1059 2807 1154 2839 ἐθνῶν,
1168 2807 1215 2834 τοῦ
1228 2808 1402 2842 εἰσδέξασθαι
1417 2809 1545 2845 βασιλεῖς,
1562 2809 1609 2836 τοῦ
1630 2810 1727 2845 ἐκχέαι
1748 2811 1790 2837 ὲπ*
1806 2810 1850 2836 αὺ-

1023 2895 1046 2912 ⁹³
1061 2896 1144 2924 Zztclt.
1162 2905 1180 2930 ι,
1201 2898 1243 2930 Η,
1262 2898 1303 2925 15.
