1917 3038
73 187 140 216 1003

495 184 769 214 COMMENTARIUS
793 183 826 212 l‘N
849 183 1046 212 SOPHONIAM
1069 183 1292 211 PROPHETAM.

1630 185 1699 214 1006

69 247 134 277 τοὺς
150 247 336 282 πᾶσανὸργὴν
359 245 444 280 θυμοῦ
466 255 526 280 μου.
543 255 551 271 ι
575 246 686 273 Ἅνεϐίω
707 246 755 281 μὲν
768 246 822 281 γὰρ
847 246 862 272 ὁ

922 253 992 280 iuch
1007 253 1052 273 eos
1073 252 1179 273 omnem
1196 244 1263 271 iram
1279 243 1378 271 furoris
1394 243 1457 270 mei.
1477 253 1487 270 ι
1507 243 1614 271 Reviin
1628 245 1700 271 enim

69 292 200 326 Χριστὸς,
214 292 363 324 σκυλεύσας
375 291 420 318 τὸν
435 291 513 327 ξιδην,
533 302 541 316 ι
560 291 652 318 καθότι
669 292 718 318 οὐκ
733 289 766 326 ἦν
781 291 862 318 δυνα-

69 337 127 369 τὸν,
143 337 215 373 ζωὴν
231 337 295 364 ὄντα
309 337 379 364 κατὰ
389 337 478 370 φύσιν,
495 338 575 364 αὐτὸν
587 336 744 372 κρατεῖσθαι
756 337 808 363 ὑπὸ
816 337 862 363 τοῦ

68 383 200 414 θανάτου,
222 394 231 409 ι
254 384 325 411 κατὰ
340 384 371 410 τὸ
387 384 590 420 γεγραμμένον.
605 383 662 411 Οὐκ
675 383 751 418 ἠφίει
767 391 798 418 γε
811 383 864 418 μὴν

70 430 125 456 ὑπὸ
139 432 233 466 χεῖρας
249 430 289 457 ἔτι
309 431 464 463 διαϐολικὰς
475 433 538 463 τοὺς
555 431 603 468 τὴν
618 433 658 464 είς
677 431 757 458 αὑτὸν
774 431 864 457 πίστιν

71 477 287 511 προσιεμένους’
315 477 372 503 ἀλλ’
398 478 470 504 ὅσιον
494 479 541 504 καὶ
565 478 715 512 θεοπρεπὲς
739 478 812 504 ποιεί
834 476 865 503 τὸ

71 521 171 554 κρῖμα,
184 520 346 554 συναγωγὰς
361 521 446 548 ἐθνῶν
460 542 467 553 ,
483 522 622 554 τουτέστι,
641 522 691 552 τὰς
706 521 759 548 τῶν
774 522 865 557 δαιμό-

70 575 126 592 νων
143 567 256 600 ἀγέλας,
275 567 321 594 καὶ
335 568 433 600 αὐτοὺς
448 569 477 595 δὲ
493 569 556 600 τοὺς
567 569 775 604 κεκρατηκότας
787 568 863 600 ποτὲ,

71 611 121 637 καὶ
137 610 192 637 τῶν
209 611 392 647 πλανωμένων
405 612 631 647 βεϐασιλευκότας
643 609 697 638 οἷον
711 611 866 646 εἰσδεχόμε-

70 666 128 689 νος,
158 658 204 684 καὶ
217 658 399 689 κατακλείων,
414 659 461 684 καὶ
477 659 517 690 εἰς
532 658 597 684 αὐτὸ
614 658 718 689 καθιεὶς
731 657 760 684 τὸ
775 657 865 684 κατώ-

70 703 316 739 τατονιβάραθρον,
335 703 485 736 τουτέστιν,
502 705 541 735 εἰς
555 703 635 739 ᾅδου,
651 704 697 730 καὶ
718 704 809 730 πᾶσαν
822 703 864 730 ἐπ’

71 751 174 782 αὐτοὺς
192 750 296 785 ἐκχέων
305 751 400 785 ὀργὴν,
417 751 464 777 καὶ
481 751 621 786 μονονουχὶ
640 750 707 786 πυρὶ
729 750 866 785 καταφλέ-

71 802 140 830 γων,
153 798 185 832 τῇ
202 797 314 832 ἀρρήτῳ
328 798 375 824 καὶ
390 797 450 832 θείᾳ
463 797 587 832 δυνάμει,
601 797 648 822 καὶ
663 796 737 831 ζήλῳ
756 796 866 832 μεγάλῳ

71 839 263 878 κεκινημένος.
286 843 416 878 Ὠργίσθη
433 843 482 878 μὲν
497 842 551 878 γὰρ
569 842 650 874 αὐτὸς
665 842 753 876 ὀλίγα,
764 842 806 869 διὰ
817 842 865 877 τὴν

71 887 101 912 ἐν
123 886 209 921 Ἀδὰμ
223 886 377 922 παράϐασιν
388 895 394 900 ·
411 887 488 913 αὐτοὶ
500 886 528 912 δὲ
540 886 717 913 συνεπέθεντο
731 887 771 918 εἰς
781 886 864 917 κακὰ,

71 931 137 966 ὃλην
157 932 275 964 εἰσάπαξ
285 932 448 966 ἀφιστάντες
462 931 529 958 Θεοῦ
546 932 595 966 τὴν
615 931 660 958 ὑπ’
676 931 807 966 οὐρανὸν,
818 931 866 958 καὶ
885 925 904 952 Β

71 979 130 1008 τοῖς
155 978 204 1012 τῆς
231 978 368 1013 ἁμαρτιας
389 977 503 1012 τέλμασι
531 977 628 1013 mm
641 977 695 1004 τῶν
711 978 763 1004 ὑπο
789 978 867 1013 χεῖρα

71 1024 287 1058 καταπνίγοντες
299 1024 371 1050 νοῦν.
387 1023 499 1059 Ἐζήλου
513 1024 602 1050 τοίνυν
614 1024 628 1049 ό
642 1023 688 1050 τοῦ
700 1023 768 1049 Θεοῦ
780 1023 867 1056 Λόγος

71 1069 123 1105 τὴν
143 1069 243 1105 νοητὴν
258 1070 337 1101 Σιὼν,
353 1069 487 1102 τουτέστι,
505 1069 554 1104 τὴν
585 1068 759 1104 Ἐκκλησίαν,
780 1069 866 1102 Ἑξεί-

71 1115 136 1142 λετο
149 1116 202 1151 γὰρ
220 1115 315 1151 αὐτὴν,
333 1115 379 1142 καὶ
390 1114 472 1146 αὐτὸς
487 1114 576 1150 ἑαυτῷ
598 1115 781 1150 παρέστησεν,
798 1114 836 1146 ὡς
853 1115 867 1141 ὁ

73 1162 211 1198 μακάριος
233 1162 335 1198 γράφει
357 1161 464 1193 Παῦλος
477 1161 515 1194 ,”ι
533 1161 570 1197 μὴ
591 1161 705 1196 ἔχουσαν
728 1160 832 1194 σπῖλον,
849 1161 865 1196 ἢ

72 1208 180 1242 ῥυτίδα,
202 1208 220 1242 ἡ
233 1216 259 1234 τι
273 1207 328 1234 τῶν
343 1207 482 1239 τοιούτων,
499 1216 508 1232 ι
535 1206 615 1241 ἁγίαν
639 1206 667 1233 δὲ
693 1206 793 1242 μᾶλλον
819 1206 866 1233 καὶ

72 1253 90 1280 ἄ
94 1262 138 1288 μω
142 1262 202 1287 μον.

111 1299 174 1326 Ὅτι
185 1300 251 1326 τότε
264 1299 461 1334 μεταστρέψω
478 1299 527 1326 ἐπὶ
543 1299 638 1332 λαοὺς
658 1299 803 1334 γλῶσσαν
825 1299 867 1330 εὶς

72 1345 293 1380 γενεὰναὺτῆς,
307 1346 360 1372 τοῦ
371 1346 579 1373 ἐπικαλεῖσθαι
598 1346 714 1377 πάντας
726 1345 759 1372 τὸ
774 1345 868 1379 ὄνομα

73 1391 196 1425 lt'vplov,
211 1391 264 1418 τοῦ
281 1391 438 1418 δουλεύειν
447 1391 527 1424 αὐτῷ
541 1391 600 1420 ὑπὸ
618 1391 706 1426 (uror
726 1391 790 1419 ἕνα.
817 1392 874 1418 Ἐκ·

73 1435 212 1469 περάτων
226 1435 366 1470 ποταμῶν
382 1436 534 1469 Αἰθιοπίας
552 1436 764 1471 προσδέξομαι,
777 1436 812 1463 ἐν
823 1436 867 1462 δι-

72 1480 276 1515 εσπαρμένοις
288 1490 357 1515 μου,
371 1481 492 1508 οῐσουσι
507 1482 616 1515 θυσίας
629 1491 691 1516 μοι.

110 1526 173 1552 ΛΘ’.
185 1527 254 1562 Φησὶ
269 1527 328 1562 μὲν,
342 1527 383 1553 ὅτι
395 1527 606 1563 πεπορθημένης
615 1528 663 1564 τῆς
678 1527 866 1561 Βαϐυλωνίων,

73 1572 124 1599 καὶ
137 1572 371 1607 κατεσπασμένων
393 1573 422 1599 ἐν
444 1573 578 1609 διαφθορᾷ
596 1572 650 1600 τῶν
673 1573 866 1610 ὑπερηφάνων,

75 1617 273 1652 ἑπιγνώσονται
295 1619 330 1645 τὰ
352 1618 415 1655 ἔθνη
429 1619 478 1655 τὴν
494 1619 691 1647 κατασείουσαν
716 1621 784 1656 αὐτῇ
799 1620 867 1647 Θεοῦ

76 1660 201 1696 δύναμιν.
219 1662 275 1688 Καὶ
296 1664 320 1689 οἱ
334 1663 467 1697 γελῶντές
482 1673 546 1691 ποτε
562 1665 696 1692 πίπτοντα
716 1665 764 1692 καὶ
782 1666 867 1693 ἀπολ-

75 1708 192 1743 λύμενον
208 1708 253 1735 τὸν
282 1709 389 1746 Ἰσραὴλ
401 1729 408 1742 ,
429 1711 494 1736 ὅταν
511 1710 602 1737 ἴδωσιν
615 1711 706 1738 οἴκαδε
724 1711 772 1747 μὲν
786 1711 867 1738 αὐτὸν

77 1754 152 1781 ἰόντα
169 1754 304 1790 λαμπρὸν,
320 1757 366 1782 καὶ
375 1757 573 1784 ὑπονοστοῦντα
582 1757 662 1785 πάλιν
673 1759 713 1790 είς
728 1759 779 1794 τὴν
788 1759 868 1792 ἁγίαν

76 1800 166 1832 πόλιν,
187 1801 361 1833 ἀπολωλότας
383 1802 412 1829 δὲ
429 1803 546 1829 εἱσάπαν
560 1803 624 1835 τοὺς
648 1804 866 1840 πεπορθηκότας,

75 1847 137 1873 τότε
156 1847 338 1881 μεταῦαλοῦσι
353 1848 402 1884 τὴν
417 1848 541 1883 γλῶτταν
555 1850 602 1876 καὶ
617 1852 676 1882 ταῖς
691 1851 730 1882 είς
745 1850 810 1877 Θεδν
824 1851 854 1877 εὑ

77 1893 196 1927 φημίαις
215 1893 380 1929 ἀναθήσουσι
403 1895 508 1926 λοιπὸν,
534 1895 621 1922 καίτοι
641 1895 723 1923 πάλαι
750 1896 867 1928 σείοντες

76 1939 126 1970 τὰς
141 1939 277 1972 κεφαλὰς,
296 1939 414 1975 οἰόμενοί
434 1949 463 1966 τε
486 1941 531 1968 καὶ
551 1941 677 1976 λέγοντες
699 1942 800 1969 ἁλῶναι
818 1943 867 1978 τὴν

83 1983 214 2010 Ἰουδαίαν
227 2003 234 2014 ,
249 1984 293 2010 διά
305 1993 345 2010 τοι
357 1984 388 2010 τὸ
412 1985 465 2012 τῶν
479 1986 656 2013 Βαϐυλωνίων
669 1986 714 2014 τὸν
736 1987 868 2023 τύραννον

77 2028 194 2062 κατισχύ
200 2036 244 2054 σαι
257 2029 327 2064 τάχα
338 2038 390 2056 που
399 2029 446 2056 τοῦ
460 2030 621 2066 βοηθοῦντος
633 2033 734 2065 αὐτοῖς,
746 2033 868 2060 τουτέστι

77 2074 159 2100 Θεοῦ.
177 2074 259 2101 Ὅταν
271 2074 360 2101 τοίνυν
379 2075 454 2102 ἴδωσι
468 2077 518 2112 τὴν
532 2077 587 2103 τῶν
603 2079 773 2114 πραγμάτων
788 2089 868 2115 μετα-

78 2119 199 2155 στροφὴν
227 2121 268 2151 εἰς
291 2121 321 2147 τὸ
351 2122 485 2155 ἐναντίον,
506 2123 566 2150 τότε
595 2126 793 2160 μεταστήσουσι
819 2128 868 2158 τὰς

77 2165 205 2199 γλώσσας
222 2166 293 2193 κατὰ
306 2167 402 2201 γενεὰς
420 2168 520 2200 αὐτῶν,
547 2169 630 2204 ἤγουν
652 2171 721 2198 κατὰ
739 2173 824 2206 φυλάς
837 2182 868 2199 τε

78 2210 126 2237 καὶ
141 2210 218 2245 γένη,
236 2211 283 2237 καὶ
303 2213 343 2245 εἰς
361 2213 515 2248 δοξολογίας
531 2215 581 2246 τὰς
596 2216 642 2242 ἐπὶ
661 2216 729 2252 Θεῷ.
747 2218 869 2245 Ἔλοιντο

76 2257 100 2283 δ’
111 2256 156 2289 ἂν,
170 2254 247 2292 οἶμαί
266 2266 328 2292 που,
342 2259 388 2286 καὶ
406 2260 542 2288 δουλεύειν
557 2262 609 2288 ὑπὸ
629 2262 710 2296 ζυγὸν
732 2264 779 2290 ἕνα
790 2285 796 2296 ,
823 2266 870 2292 καὶ

79 2302 176 2334 θυσίας
194 2304 353 2339 προσάγειν,
376 2306 399 2332 εί
413 2306 459 2333 καὶ
477 2307 571 2342 πόρρω
593 2316 643 2334 που
668 2309 819 2338 διακέοιντο
835 2314 869 2347 τῇ

78 2348 134 2374 τῶν
147 2349 243 2384 χωρῶν
255 2349 340 2383 Θέσει,
355 2351 403 2377 καὶ
416 2352 465 2383 τὰς
479 2351 615 2380 Αἰθιόπων
629 2354 750 2389 νέμοιντο
766 2355 867 2391 χώρας.

80 2395 137 2421 Καὶ
153 2396 233 2422 ταυτὶ
250 2396 299 2431 μὲν
313 2394 361 2423 οὖν
385 2398 425 2429 εἰς
451 2398 481 2425 τὸ
502 2399 620 2434 γράμμα
649 2400 729 2427 πάλιν
751 2402 870 2437 εἰρήσθω

81 2440 160 2471 τέως.

123 2485 318 2521 Ἐκϐεὸηκέναι
331 2495 362 2521 γε
381 2488 434 2523 μήν
448 2497 537 2524 φαμεν
553 2490 598 2516 τὸν
612 2490 688 2525 λόγον
699 2493 738 2523 εἰς
749 2492 811 2524 τοὺς
822 2493 872 2529 τῆς

81 2531 227 2567 ἐπιδημίας
241 2534 364 2569 καιροὺς,
378 2535 424 2560 καὶ
442 2537 553 2570 σημεῖον
569 2537 674 2572 τίθησιν
693 2539 807 2574 ἐναργὲς
820 2540 871 2574 τῆς

81 2578 136 2603 τῶν
157 2577 289 2612 γλωσσῶν
319 2579 479 2614 μεταϐολῆς.
509 2580 666 2616 Γέγραπται
683 2582 737 2618 γὰρ
762 2585 790 2610 ἐν
812 2585 872 2615 ταῖς

82 2622 202 2659 Πράξεσι
217 2624 270 2650 τῶν
285 2625 370 2658 ἁγίων
383 2626 550 2658 ἀποστόλων,
562 2627 603 2653 ὃτι
621 2629 690 2654 κατά
705 2628 754 2660 τὰς
766 2630 872 2665 ἡμέρας

81 2668 131 2702 τῆς
146 2668 226 2702 ἁγίας
238 2670 427 2706 Πεντηκοστῆς
437 2669 508 2706 ἦσαν
519 2672 618 2704 πάντες
634 2674 798 2708 συνηγμένοι
810 2676 872 2703 ἐπι..

82 2713 190 2740 τοαυτό.
211 2723 220 2739 ι
241 2714 296 2741 Καὶ
321 2716 376 2742 ίδοὺ
398 2717 506 2750 ἐγένετο
530 2719 562 2744 ἐκ
574 2718 621 2744 τοῦ
647 2720 761 2755 οὐρανοῦ
784 2719 850 2756 ἦχος
863 2743 870 2755 ,

118 2791 140 2808 ⁸⁸
156 2793 216 2820 Act.
233 2801 264 2826 ll,
282 2794 327 2822 Μ.
366 2795 388 2811 ’⁸⁵
402 2795 498 2831 Ephcs.
516 2805 541 2830 ν,
562 2797 608 2827 27,

887 2281 908 2309 D

913 291 1039 319 Christus
1064 291 1178 326 spoliato
1191 290 1308 322 inferno,
1327 299 1336 314 ι
1355 289 1431 324 juxta
1447 289 1517 324 quod
1535 290 1702 324 impossibile

914 341 981 368 crat,
997 344 1056 363 cum
1075 341 1169 363 natura
1185 336 1219 363 sit
1230 337 1293 368 vita,
1311 335 1398 370 ipsum
1417 335 1528 362 detineri
1545 343 1558 362 υ
1574 341 1672 369 morte,
1689 344 1700 360 ι

915 382 985 410 sicut
995 383 1124 417 scriptum
1137 387 1179 409 est
1193 382 1227 409 ".
1241 382 1295 409 Nec
1309 389 1356 409 eos
1379 381 1424 416 qui
1449 381 1529 409 iidem
1557 382 1584 408 in
1613 381 1701 416 ipsum

915 427 1131 461 complexisunt,
1150 427 1201 454 sub
1225 435 1306 454 manu
1335 427 1466 454 diabolica
1488 427 1632 454 deseruit:
1654 427 1702 454 sed

915 480 1037 501 sanctum
1051 473 1142 500 etDco
1161 473 1269 508 dignum
1288 473 1351 500 facit
1363 473 1503 508 judicium,
1518 473 1704 508 congregatio-

917 526 964 546 ncs
981 519 1109 554 gentium,
1125 519 1175 546 hoc
1191 524 1244 551 est,
1258 519 1410 546 daimonum
1436 526 1542 554 greges,
1566 524 1593 546 et
1631 519 1704 553 ipsos

917 565 962 600 qui
977 564 1121 600 aliquando
1133 565 1299 596 vicerant,et
1314 565 1341 591 in
1363 570 1486 593 errantes
1512 570 1701 600 regnaverunt,

917 611 989 638 velut
1006 610 1156 645 suscipiens
1168 615 1195 637 et
1211 610 1384 644 concludens,
1400 616 1427 638 et
1443 612 1469 638 in
1484 612 1571 646 ipsum
1593 612 1703 646 profun—

917 657 1058 684 dissiutnm
1075 656 1243 687 barathrum,
1259 657 1311 684 hoc
1330 662 1369 684 est
1386 657 1413 683 in
1438 657 1572 684 infernum
1605 657 1703 684 dentil-

919 708 988 734 tens,
1001 709 1164 736 omnemque
1176 709 1259 736 super
1279 709 1326 730 eos
1338 703 1404 728 iram
1417 701 1569 734 effundens,
1604 707 1631 739 et
1643 707 1703 729 tau-

919 756 974 778 ttnn
992 758 1043 778 non
1060 750 1120 786 igne
1133 758 1260 783 exurens,
1274 750 1402 777 incll‘ahili
1414 755 1440 777 et
1450 749 1541 776 divina
1558 750 1655 777 virtute
1677 754 1706 777 et

918 798 976 825 zelo
991 805 1088 832 magno
1105 797 1265 824 concitatus.
1280 796 1325 823 Est
1341 796 1413 824 enim
1428 795 1486 830 ipse
1499 795 1583 822 iratus
1598 795 1704 822 modico

919 849 1027 878 propter
1046 843 1288 878 transgressionem
1320 842 1345 869 in
1366 842 1470 868 Adam:
1489 841 1525 868 illi
1547 845 1638 869 autent
1661 849 1708 868 su-

919 890 1156 925 perimposuerunt
1174 889 1200 916 in
1237 889 1318 922 mala,
1347 888 1428 916 simul
1461 892 1545 914 totum
1571 888 1621 915 sub
1649 886 1707 914 sole

918 936 1045 963 mundum
1063 943 1078 962 a
1096 935 1149 962 Deo
1160 939 1317 966 avocanles,
1327 939 1353 961 et
1365 933 1468 965 peccati
1478 940 1556 961 emno
1572 933 1707 968 subjecto-

919 989 977 1008 rum
991 981 1042 1008 sibi
1053 986 1168 1008 mentem
1183 980 1357 1008 sull‘ocantes.
1377 976 1625 1014 Zelavitigitu‘rDei
1638 979 1707 1007 Ver-

918 1028 980 1055 bum
995 1027 1162 1062 spiritualem
1191 1027 1268 1060 Sion,
1288 1027 1339 1054 hoc
1353 1031 1395 1053 est
1422 1025 1579 1053 Ecclesiam.
1602 1025 1707 1060 Eripuit

918 1073 990 1100 enim
1005 1080 1076 1105 cam,
1089 1074 1197 1109 ct‘ipse
1215 1072 1277 1104 sibi,
1294 1078 1323 1100 ut
1348 1072 1444 1100 beatus
1469 1071 1568 1100 Paulus
1600 1071 1706 1103 scribit,

923 1129 932 1143 ‹
953 1127 1006 1146 non
1021 1118 1164 1146 habentem
1182 1117 1327 1149 maculam,
1344 1122 1391 1145 aut
1418 1125 1521 1152 rugam,
1539 1122 1585 1145 aut
1618 1118 1707 1145 simile

918 1165 1053 1200 quidpiam
1069 1165 1092 1180 ”
1105 1185 1112 1197 ,
1133 1174 1142 1190 ι
1166 1165 1212 1192 sed
1228 1169 1350 1192 sanctam
1363 1166 1452 1200 potius
1466 1170 1494 1191 et
1508 1164 1706 1191 immaculatum

919 1211 1052 1237 exhibuit.

952 1299 1036 1336 616
1051 1298 1132 1326 Vens.
1145 1299 1172 1332 9,
1193 1299 1235 1326 l0.
1252 1298 1321 1332 Quia
1336 1304 1398 1326 tunc
1410 1304 1558 1327 convertam
1572 1308 1649 1334 ευμεν·
1657 1309 1705 1334 po-

917 1347 992 1379 pula;
1007 1345 1124 1379 linguam
1140 1345 1166 1371 in
1184 1344 1377 1379 generationem
1391 1343 1459 1378 ejus,
1472 1349 1500 1371 nt
1520 1344 1635 1371 iuvarent
1651 1352 1707 1371 om-

919 1399 964 1418 nes
978 1398 1072 1417 nomen
1087 1390 1201 1423 Domini,
1213 1394 1240 1417 ut
1253 1391 1366 1417 serviant
1379 1390 1403 1417 ei
1426 1389 1473 1417 sub
1501 1389 1565 1425 iugo
1577 1398 1640 1417 uno.
1669 1389 1707 1417 De

917 1436 1014 1471 ﬁnibus
1029 1436 1168 1470 ﬂuminum
1182 1435 1326 1470 .Ethiopite
1347 1435 1488 1470 suscipiam
1517 1435 1546 1462 in
1581 1436 1707 1470 disperii:

919 1484 993 1514 meis,
1015 1482 1124 1524 σίζει-ειη
1138 1483 1258 1509 victimas
1273 1482 1347 1508 milii.

955 1528 1075 1556 XXXIX.
1101 1528 1247 1564 Babylonia
1271 1532 1437 1564 expugnata,
1468 1527 1652 1563 detractisque
1679 1527 1706 1555 in

919 1575 1121 1610 corruptionem
1136 1575 1271 1610 superbis,
1299 1579 1395 1609 gentes
1425 1573 1547 1602 ultricem
1577 1575 1708 1602 adversus

921 1628 981 1648 eam
994 1621 1039 1648 Dei
1052 1620 1198 1655 potentiam
1211 1619 1367 1655 cogniturus
1384 1620 1459 1647 dicit.
1472 1620 1505 1647 Et
1523 1620 1570 1654 qui
1585 1620 1709 1655 aliquan-

921 1667 956 1695 do
969 1667 1107 1694 cadentem
1131 1673 1163 1693 ac
1186 1671 1340 1701 pereuntem
1358 1665 1482 1693 Israelem
1496 1665 1631 1698 ridebant,
1646 1674 1708 1693 cum

921 1713 1041 1741 viderint
1053 1713 1161 1740 domum
1178 1713 1335 1739 redeuntem
1360 1712 1510 1746 insigniter,
1528 1716 1556 1739 et
1581 1713 1670 1739 denuo
1681 1713 1707 1740 in

922 1763 1046 1786 sanctam
1061 1759 1200 1786 civitatem
1228 1763 1424 1789 revertentem,
1443 1762 1593 1785 vastatores
1618 1763 1708 1785 autem

922 1805 992 1832 illius
1008 1804 1087 1839 plane
1099 1804 1228 1839 perditos,
1246 1804 1364 1839 linguam
1379 1808 1542 1836 mutaturos,
1553 1809 1579 1831 et
1607 1804 1640 1831 de
1657 1811 1709 1832 C(0-

923 1855 980 1878 tero
991 1850 1088 1877 divinis
1099 1857 1159 1876 eam
1193 1848 1316 1876 laudibus
1344 1853 1560 1881 consecraturos,
1586 1849 1710 1883 quamvis

921 1896 984 1924 olim
1002 1895 1433 1930 moverentcapita,putarentque
1448 1894 1567 1922 Judaeum
1585 1896 1708 1930 periisse,

921 1942 993 1976 quod
1015 1941 1224 1976 Babyloniorum
1249 1946 1382 1977 tyrannus
1402 1942 1456 1969 Deo
1477 1940 1614 1969 lsraclitas
1632 1942 1709 1977 adju-

921 1988 996 2015 νωιιί
1013 1988 1211 2021 quodammodo
1235 1987 1408 2023 prazvaluisse
1425 1989 1574 2016 videretur.
1593 1988 1642 2016 Ubi
1655 1989 1707 2024 igi-

923 2039 966 2062 tur
977 2042 1066 2061 rerum
1080 2034 1283 2062 conversionem
1298 2035 1325 2061 in
1345 2035 1510 2062 contrarium
1535 2035 1707 2062 animadver-

924 2081 1016 2114 terint,
1028 2085 1091 2107 tunc
1108 2082 1250 2108 mutabunt
1272 2081 1377 2116 linguas
1393 2081 1541 2108 secundum
1555 2081 1708 2116 generatio-

923 2134 972 2154 nes
984 2127 1114 2161 ipsorum,
1126 2127 1182 2154 sive
1192 2127 1339 2154 secundum
1349 2127 1434 2154 tribus
1444 2132 1471 2154 et
1481 2134 1577 2162 genus,
1587 2131 1614 2154 et
1626 2127 1708 2154 Deum

923 2173 1048 2199 laudibus
1060 2173 1245 2200 celebrabunt‘.
1258 2172 1354 2200 Volent
1367 2173 1458 2205 etiam,
1474 2174 1582 2208 opinor,
1607 2173 1711 2200 servire

922 2218 973 2245 sub
988 2226 1041 2245 uno
1052 2218 1126 2253 jugo,
1142 2222 1170 2246 et
1181 2218 1279 2246 oll‘erre
1297 2219 1442 2251 sacriﬁcia,
1452 2219 1575 2254 quamvis
1589 2218 1709 2246 locorum

924 2264 1184 2299 iutervallolongius
1205 2265 1317 2297 distent,
1345 2269 1373 2292 et
1399 2255 1525 2300 regiones
1551 2265 1709 2299 [Ethiopqu

924 2311 1057 2338 habitent.
1081 2309 1114 2337 Et
1125 2311 1182 2338 huic
1198 2311 1318 2347 quidem,
1332 2311 1404 2346 quod
1421 2311 1453 2338 ad
1469 2311 1587 2338 litteram
1599 2311 1707 2343 attinet,

915 2357 993 2383 “dicta
1011 2357 1065 2383 sint
1076 2357 1216 2384 hactenus.

960 2493 1108 2521 l’rocedere
1123 2498 1213 2521 autent
1228 2500 1380 2521 sermonem
1402 2493 1517 2521 dicimus
1541 2493 1575 2520 ad
1607 2498 1712 2527 tempus

924 2538 1025 2566 Christi
1045 2538 1188 2571 adventus,
1205 2537 1366 2572 signumque
1391 2539 1563 2565 manifestum
1584 2538 1713 2573 proponi—

924 2589 968 2611 tur
981 2585 1136 2618 linguarum
1157 2584 1282 2611 mutatio.
1305 2583 1441 2618 Scriptum
1457 2588 1498 2611 est
1509 2583 1581 2610 enim
1596 2583 1623 2610 in
1636 2583 1713 2610 Acti-

922 2631 974 2659 bus
987 2631 1184 2666 apostolorum,
1198 2630 1293 2658 diebus
1312 2636 1412 2658 sanctae
1437 2630 1610 2658 Pentecostes
1628 2629 1713 2656 fuisa-e

923 2685 1018 2705 omnes
1032 2682 1211 2713 congregatos
1223 2678 1250 2705 in
1268 2678 1361 2706 eodem
1376 2676 1444 2704 loco.
1467 2685 1476 2701 ι
1498 2674 1531 2702 Et
1550 2681 1614 2702 ecce
1626 2674 1713 2701 factus

923 2726 965 2749 est
978 2724 1011 2749 de
1029 2723 1098 2750 coelo
1112 2724 1228 2757 sonitus,
1247 2729 1374 2758 tauquam
1401 2720 1570 2749 advenientis
1600 2719 1712 2755 spiritus

120 2870 158 2905 (l)
170 2870 261 2914 ¹εἰσ-ξιτ
279 2873 362 2914 Arpos
394 2882 467 2902 num.
483 2875 525 2908 49,
539 2877 594 2908 τοῖς
610 2876 638 2902 ἐν
667 2875 760 2911 λάκκῳ
775 2875 866 2912 τέλμα

925 2878 1086 2913 ἀποπνίγειν
1111 2880 1216 2914 ἤθελεν.
1239 2881 1375 2909 Aubertus
1402 2880 1519 2908 habebat
1543 2879 1710 2914 τελέσμασιν

86 2906 291 2941 operationibus.
311 2907 390 2935 Eutr.
