1917 3038
227 174 295 203 1007

710 173 737 201 S.
755 172 901 201 CYRllLI'
912 171 1150 199 ALEXANDRINI
1171 172 1330 201 ARCHIEP.

1782 171 1852 199 1008

226 235 404 267 vehementis.
428 239 455 262 et
482 233 594 269 replevit
621 239 704 262 lotam
732 235 849 267 domum,
875 234 918 261 ubi
933 238 1003 262 erant

1061 234 1154 270 ὥσπερ
1169 235 1323 270 φερομένης
1335 235 1418 270 πνοῆς
1438 233 1538 268 βιαίας,
1557 232 1603 259 καὶ
1615 231 1682 267 ὲπλή
1689 239 1776 267 ρωσεν
1791 231 1851 257 ὅλον

226 283 360 309 sedentes.
369 281 401 307 Et
413 287 476 308 ecce
490 286 673 315 apparuerunt
686 281 738 308 illis
753 280 902 315 dispertita:
911 280 1009 314 lingua:

226 330 355 360 tanquam
371 325 450 360 ignis,
461 328 488 352 et
506 325 635 352 sederunt
650 333 729 360 supra
764 325 885 360 singulos
904 332 1008 358 eorum,

225 376 253 398 et
261 370 353 404 repleti
374 375 437 397 sunt
470 377 565 398 omnes
580 370 681 404 Spiritu
709 375 814 403 sancto,
829 376 856 398 et
870 375 1010 405 coeperunt

226 416 296 450 loqui
316 415 375 442 aliis
393 415 501 451 linguis,
516 416 586 443 sicut
598 416 716 451 Spiritus
725 421 833 443 sanctus
860 415 941 443 dabat
957 416 1010 442 elo-

224 461 270 495 qui
290 461 342 488 illis
353 461 388 488 ’⁸.
410 470 419 486 ι
447 461 495 488 illo
526 461 606 495 igitur
633 466 764 496 temporc,
791 461 888 496 inquit.
902 461 1010 488 mutabo

225 506 344 541 linguam
356 513 437 540 super
445 505 559 540 populis.
571 515 580 531 ι
593 505 745 533 Audiebant
772 506 843 533 enim
863 505 1009 539 unusquis-

223 552 378 586 quelingna
397 559 446 579 sua
456 551 514 579 illos
527 551 677 586 loquentes,
694 551 795 584 Parthi,
822 556 848 578 et
875 551 956 584 Medi,
982 554 1010 578 et

223 597 346 624 Elamitze
357 597 391 630 ³⁷,
407 606 416 623 ι
431 601 458 624 et
472 600 566 631 gentes
579 596 647 624 alite.
662 597 852 624 Verumtamen
874 596 1009 631 perpende

222 642 451 670 observationem.
463 642 627 669 Mutaturum
641 649 670 669 se
686 641 751 669 dicit
768 642 883 676 linguam
895 643 920 669 in
929 649 1009 676 geneo

224 688 356 715 rationem
373 687 443 722 ejus,
459 687 510 715 hoc
519 693 572 720 est,
589 687 624 715 ita
641 692 793 715 manentem
806 688 831 714 in
861 688 895 714 iis
905 687 950 721 qui
963 694 1007 715 se-

223 734 275 761 mel
287 738 377 761 essent
403 733 494 766 locuti,
521 740 607 767 usque
624 734 657 760 ad
674 733 776 761 exitum
800 733 861 760 vitae
876 733 1005 767 ipsorum,

222 781 279 808 sive
290 780 481 815 generationis.
495 779 523 806 In
550 779 584 807 iis
605 779 678 806 enim
701 780 841 809 duntaxat.
862 786 914 805 non
925 778 1007 805 etiam

223 826 250 852 in
278 825 393 860 posteris
421 832 514 852 eorum
555 825 654 852 factum
685 829 727 852 est
759 824 884 859 signum;
923 824 1005 859 617

221 870 319 906 quibus
333 875 360 897 et
372 870 507 897 insedisse
524 869 628 904 linguas
644 876 722 896 sacra
753 869 894 904 Scriptura
923 875 1007 896 testa-

1059 281 1104 307 τὸν
1120 279 1193 307 οἷκον
1212 277 1242 307 οὗ
1261 279 1332 316 ἦσαν
1345 281 1504 315 καθήμενοι.
1517 279 1570 305 Καὶ
1585 278 1638 305 ἰδοὺ
1656 277 1789 312 ὤφθησαν
1800 277 1849 303 αὺ-

1058 327 1114 358 τοῖς
1130 325 1355 361 διαμεριζόμεναι
1370 325 1490 360 γλῶσσαι
1504 325 1570 351 ὡσεὶ
1584 324 1677 360 πυρος,
1693 324 1740 350 καὶ
1757 323 1850 350 ἐκάθι-

1060 379 1108 397 σαν
1124 371 1167 405 ἐφ’
1181 371 1228 396 ἕνα
1243 370 1356 396 ἕκαστον
1367 369 1465 401 αὐτῶν,
1480 369 1527 395 καὶ
1538 368 1713 404 ἐπλήσθησαν
1729 369 1850 399 ἅπαντες

1059 416 1218 452 Πνεύματος
1231 416 1320 449 ἁγίου,
1339 415 1385 442 καὶ
1400 415 1516 450 ἤρξαντο
1531 415 1619 441 λαλεῖν
1638 415 1746 450 ἑτέραις
1762 413 1850 448 γλώσ-

1060 471 1129 493 σαις,
1139 461 1230 492 καθὼς
1240 461 1269 488 τὸ
1280 461 1390 495 Πνεῦμα
1399 461 1482 487 ἐδίδου
1492 461 1714 495 ἀποφθέγγεσθαι
1727 462 1829 492 αὐτοῖς.
1838 470 1846 486 ι

1059 506 1126 533 Κατ’
1142 507 1228 533 έκεῖνο
1238 505 1269 541 δὴ
1282 504 1328 532 οὖν
1339 505 1385 532 τοῦ
1399 506 1506 541 καιροῦ,
1520 506 1596 541 φησι,
1608 506 1753 541 μεταϐαλῶ
1764 505 1849 539 γλῶσ-

1060 561 1109 579 σαν
1121 552 1166 578 ἐπὶ
1181 552 1273 583 λαούς.
1290 553 1424 578 «Ἤκουον
1441 552 1494 585 γὰρ
1510 552 1610 583 πάντες
1626 553 1659 586 τῇ
1687 552 1740 587 ἰδίᾳ
1758 552 1847 578 διαλέ-

1058 606 1115 633 κτῳ
1131 597 1282 625 λαλούντων
1306 597 1395 623 αὐτῶν
1409 617 1417 629 ,
1433 595 1537 631 Πάρθοι
1560 604 1589 622 τε
1614 596 1661 623 καὶ
1687 597 1785 631 Μῆδοι,
1801 596 1848 623 καὶ

1065 644 1218 679 Ἐλαμῖται,
1240 653 1249 669 ι
1268 643 1314 670 καὶ
1336 643 1370 669 τὰ
1393 642 1474 677 ἔτερα
1490 642 1544 669 τῶν
1561 642 1656 669 ὲθνῶν.
1681 642 1753 678 Πλὴν
1768 642 1847 677 ἄθρει

1057 690 1106 725 τὴν
1123 690 1295 725 ὲπιτήρησιν.
1321 688 1492 716 Μεταϐαλεῖν
1513 689 1566 724 γὰρ
1585 688 1636 724 ἔφη
1656 688 1704 724 τὴν
1719 688 1847 723 γλῶσσαν

1057 737 1097 767 εἰς
1114 735 1210 770 γενεὰν
1221 735 1315 770 αὐτῆς,
1335 734 1484 766 τουτέστιν,
1505 734 1576 761 οὕτω
1599 734 1730 768 μένουσαν
1747 735 1776 760 ἐν
1790 736 1847 766 τοῖς

1058 780 1132 812 ἅπαξ
1145 780 1268 815 εἰρηκόσι
1286 779 1366 815 μέχρι
1381 779 1473 810 τέλους
1488 779 1539 814 τῆς
1565 778 1655 805 αὐτῶν
1679 778 1762 814 ζωῆς,
1787 779 1847 814 ἦτοι

1057 828 1163 861 γενεᾶς.
1182 827 1262 862 ’Λχρι
1284 825 1337 861 γὰρ
1358 825 1469 852 ἐκείνων
1494 826 1588 859 γέγονε
1609 825 1639 851 τὸ
1654 827 1766 861 σημεῖον
1778 846 1787 858 ,
1806 823 1847 856 οἷς

1059 874 1104 900 καὶ
1121 873 1248 907 ἐφιζῆσαι
1264 872 1314 903 τὰς
1327 871 1451 905 γλώσσας
1468 871 1519 906 ἔφη
1538 872 1568 898 τὸ
1581 871 1699 906 Γράμμα
1712 872 1742 898 τὸ
1763 871 1845 906 ἱερόν.

222 921 276 942 tur.
292 916 393 943 Idcirco
405 915 488 943 dicit:
508 924 517 941 ι
532 914 639 942 Mulabo
660 915 777 949 linguam
805 915 831 942 in
849 915 1003 950 generatio.

1057 919 1105 945 Διά
1120 917 1199 944 τοῦτό
1210 926 1302 953 φησιν,
1315 917 1355 943 ὅτι
1369 926 1378 942 ι
1396 916 1548 943 Μεταϐαλῶ
1561 916 1685 949 γλῶσσαν
1699 916 1738 947 εις
1750 917 1847 950 γενεὰν

221 970 282 989 nem
296 963 365 997 ejus.
383 971 393 989 i
404 962 461 990 Non
480 962 552 989 enim
584 962 654 990 idem
669 963 703 990 iis
718 963 763 998 qui
775 967 835 997 post
856 963 915 990 illos
929 963 1006 990 vixe-

222 1012 293 1040 runt,
309 1008 431 1042 contigit.
442 1007 563 1041 Quanam
575 1008 607 1035 de
618 1015 714 1041 causa,
727 1009 836 1043 sapiens
848 1007 947 1036 Paulus
957 1017 1007 1037 nos

220 1052 325 1080 doceat.
346 1053 392 1080 Ait
413 1053 496 1085 enim,
516 1063 526 1079 ι
546 1053 651 1087 linguas
683 1054 710 1081 in
738 1054 842 1088 signum
864 1061 924 1081 esse
953 1062 1007 1089 non

221 1097 574 1129 lidelibus,sediniidelibus
591 1099 625 1127 ⁸⁸.
650 1108 658 1124 ι
691 1098 826 1134 Scriptum
854 1103 896 1126 est
922 1099 1004 1133 enim,

223 1152 234 1169 ι
254 1143 285 1170 ln
311 1143 370 1171 aliis
383 1143 481 1178 linguis
496 1148 524 1170 et
540 1143 599 1170 aliis
617 1143 695 1172 labiis
713 1144 805 1179 loquar
819 1145 916 1180 popqu
933 1145 1005 1178 huic,

220 1193 247 1216 et
261 1196 348 1222 neque
371 1189 410 1216 sic
422 1189 603 1216 credent".i
638 1189 769 1218 Prodesse
801 1190 881 1226 igitur
916 1191 1005 1225 aliquo

220 1235 299 1262 modo
312 1235 409 1261 mutari
430 1234 550 1268 linguam
577 1235 604 1262 in
624 1236 828 1270 generationem
854 1237 921 1272 ejus,
949 1237 1005 1271 ipse

220 1287 314 1307 rursus
343 1279 422 1307 nobis
447 1279 575 1314 declarat,
603 1288 664 1308 cum
692 1281 748 1309 ait:
776 1292 788 1308 1
819 1281 854 1309 Ut
879 1282 1006 1310 invocent

219 1334 314 1354 omnes
325 1334 421 1354 nomen
452 1326 568 1357 Domini,
583 1332 614 1354 ut
638 1328 757 1355 serviant
784 1328 837 1355 illi-
857 1329 907 1356 sub
940 1329 1005 1364 jugo

220 1380 283 1405 uno,
295 1373 328 1400 de
341 1374 438 1401 ﬁnibus
447 1373 588 1401 ﬂuminum
597 1374 742 1409 Etltiopia:
753 1374 868 1402 oﬂ'erent
882 1375 1005 1402 victimas

219 1420 297 1446 mihi.
317 1429 327 1445 ›
346 1419 460 1447 Utenim
478 1420 614 1454 apostolos
651 1420 712 1448 aliis
742 1419 841 1455 linguis
865 1420 1005 1455 loquentes

221 1466 420 1498 viderunl,rem
433 1467 599 1500 inopinatam
617 1474 668 1494 non
687 1467 1003 1500 mediocriteradmirati,

220 1512 265 1539 int
278 1511 414 1539 Christum
434 1512 618 1542 crediderunt,
638 1512 780 1546 multique,
797 1512 838 1539 vel
853 1512 944 1546 potius
962 1512 1004 1539 in-

219 1558 484 1590 numerabiles,tunc
501 1565 595 1585 nomen
608 1562 702 1585 natura
716 1563 744 1585 et
755 1565 817 1585 vere
829 1558 875 1585 Dei
893 1558 1004 1586 invoca-
1017 1577 1038 1606 ο

220 1608 293 1635 runt,
328 1603 489 1638 evangelicis
505 1603 622 1631 oraculis
664 1603 795 1631 cervicem
817 1603 1000 1637 subjcceruntI

218 1649 327 1678 Christo
340 1649 503 1680 servierunt,
518 1653 545 1675 et
563 1656 577 1675 a
593 1648 690 1677 ﬁnibus
704 1649 843 1676 ﬂuminum
856 1649 1002 1685 Etltiopia:

218 1695 342 1723 victimas
370 1693 496 1722 offerunt.
531 1694 670 1722 Pertinent
705 1703 768 1723 vero
799 1695 941 1731 Ethiopes
968 1696 1003 1723 ab

216 1740 322 1768 oriente
346 1747 431 1774 usque
466 1740 499 1767 ad
527 1741 706 1774 occidentem,
731 1746 758 1769 et
781 1741 877 1769 bibunt
903 1741 1001 1769 Geon:

220 1794 231 1811 ι
251 1785 310 1820 ipse
324 1785 394 1813 enim
408 1790 460 1820 est,
477 1786 521 1820 qui
537 1785 633 1814 circuit
646 1794 753 1814 omnem
779 1792 876 1815 terram
893 1788 1001 1816 Ethio-

217 1831 268 1866 βίω
282 1831 301 1857 ³.
322 1840 332 1858 ι
347 1831 449 1858 Desinit
464 1831 545 1866 igitur
565 1832 590 1859 in
602 1833 742 1861 veritatem
755 1840 845 1861 sermo
865 1834 1003 1868 propheti-

218 1886 274 1906 cus.
286 1877 344 1906 Non
361 1878 446 1906 solum
460 1878 531 1905 enim
546 1885 593 1912 per
613 1878 754 1918 imperium
766 1877 917 1906 Romanum
932 1887 1002 1914 pra:-

217 1925 335 1952 dicatum
350 1929 392 1952 est
405 1924 590 1958 Evangelium,
603 1925 650 1952 sed
662 1925 791 1953 barbaras
806 1925 887 1953 etiam
908 1931 1002 1961 gentes

217 1970 347 2005 pervasit.
366 1969 482 1998 Proinde
494 1969 622 1997 Ecclesiae
631 1969 742 2004 ubique,
754 1975 877 2005 pastores
896 1976 923 1998 et
938 1979 997 1998 ma-

215 2015 485 2052 gistri,institutores
498 2020 526 2042 et
555 2016 715 2051 mystagogi,
741 2021 767 2043 et
793 2023 870 2044 sacra
893 2016 1000 2049 altaria,

217 2066 403 2096 mactaturque
418 2061 566 2089 secundum
592 2062 797 2095 intelligentiam
824 2070 909 2097 agnus
925 2070 940 2090 a
956 2070 1001 2090 sa-

216 2106 270 2134 cris
284 2107 469 2134 sacerdotibus
485 2107 566 2134 etiam
578 2107 647 2141 apud
662 2107 742 2135 indos
754 2112 782 2135 et
797 2107 953 2143 .‘Elhiopas.
966 2107 1001 2135 Et

216 2154 265 2180 hoc
277 2158 328 2184 est,
341 2153 411 2187 quod
431 2153 500 2180 alius
511 2153 641 2188 propheta
654 2154 795 2188 perspicue
805 2154 890 2181 dixit:
905 2164 914 2180 ι
932 2154 999 2187 Quia

216 2206 262 2225 rex
279 2206 392 2232 magnus
404 2206 463 2226 sum
491 2205 552 2233 ego,
573 2199 639 2226 dicit
661 2199 789 2227 Dominus
813 2209 820 2227 :
848 2204 876 2227 et
901 2208 997 2228 nomen

1056 964 1149 999 αὐτῆς,
1170 973 1179 989 ι
1197 963 1235 989 Οὐ
1258 962 1313 997 γὰρ
1332 961 1506 997 συμϐέϐηκεν
1526 961 1567 987 ἔτι
1582 962 1638 992 τοῖς
1651 961 1709 996 μετ’
1725 962 1847 993 ἐκείνους

1055 1009 1087 1036 τὸ
1099 1009 1203 1045 χρῆμα.
1214 1007 1264 1034 Διὰ
1273 1007 1352 1034 ποίαν
1366 1007 1466 1038 αἰτίαν,
1476 1007 1490 1032 ὁ
1508 1005 1589 1040 σοφὸς
1604 1007 1678 1041 ἡμᾶς
1696 1006 1847 1032 διδασκέτω

1055 1055 1170 1086 Παῦλος.
1194 1054 1266 1088 Ἔφη
1286 1053 1349 1088 γὰρ,
1368 1053 1438 1079 ὥστε
1454 1062 1463 1078 ι
1486 1052 1520 1079 Al
1537 1051 1658 1086 γλῶσσαι
1674 1053 1714 1083 εἰς
1731 1052 1846 1086 σημεῖόν

1055 1101 1124 1128 εἰσιν
1134 1100 1164 1126 οὐ
1178 1100 1233 1130 τοῖς
1251 1098 1433 1130 πιστεύουσιν,
1456 1097 1524 1124 ἀλλὰ
1544 1099 1600 1129 τοῖς
1620 1097 1756 1129 ἀπίστοις.
1769 1107 1778 1123 ι
1798 1097 1848 1123 Γέ-

1056 1153 1176 1181 γραπται
1190 1144 1254 1180 γὰρ,
1273 1145 1313 1171 ὅτι
1328 1153 1337 1169 ι
1366 1144 1410 1170 Ἐν
1427 1142 1641 1179 ἑτερογλώσσαις
1657 1143 1704 1169 καὶ
1719 1144 1748 1169 ὲν
1760 1143 1846 1177 χείλε-

1057 1200 1097 1218 σιν
1113 1191 1215 1226 ἑτέροις
1231 1190 1339 1225 λαλήσω
1354 1189 1392 1224 τῷ
1412 1189 1468 1224 λαῷ
1487 1188 1584 1224 τούτῳ,
1607 1189 1655 1215 καὶ
1677 1189 1731 1215 οὐδ’
1759 1188 1846 1218 οὕτως

1056 1236 1255 1263 πιστεύσουσιν.
1273 1244 1281 1261 ι
1303 1232 1493 1270 Ὀνίνησινοῦν
1507 1234 1561 1269 ἄρα
1579 1235 1648 1261 κατά
1659 1242 1720 1260 τινα
1733 1235 1844 1270 τρόπον,

1054 1283 1085 1310 τδ
1103 1282 1322 1318 μεταϐεϐλῆσθαι
1348 1281 1397 1315 τὴν
1419 1281 1544 1315 γλῶσσαν
1562 1281 1601 1312 εις
1625 1280 1722 1314 γενεὰν
1748 1281 1844 1316 αὐτῆς,

1055 1328 1211 1363 αὺτὺςήμῖν
1223 1327 1304 1353 πάλιν
1325 1325 1506 1352 διαλευκαίνει
1522 1325 1609 1358 λέγων
1621 1333 1628 1339 ·
1644 1333 1653 1351 ι
1674 1325 1728 1351 Τοῦ
1749 1326 1846 1351 ἐπικα-

1051 1374 1160 1401 λεῖσθαι
1171 1373 1273 1404 πάντας
1286 1372 1316 1399 τὸ
1334 1371 1419 1406 ὄνομα
1433 1371 1546 1406 Κυρίου.
1562 1371 1606 1397 τοῦ
1618 1370 1757 1397 δουλεύειν
1771 1370 1846 1405 αὐτῷ

1055 1420 1107 1447 ὑπὸ
1126 1419 1207 1453 ζυγὸν
1217 1419 1276 1451 ἕνα,
1295 1419 1326 1444 ὲκ
1345 1417 1471 1452 περάτων
1493 1417 1622 1451 ποταμῶν
1645 1416 1791 1448 Αἰθιοπίας
1806 1417 1842 1442 οῖ’-

1055 1474 1132 1493 σουσι
1147 1464 1239 1496 θυσίας
1252 1472 1307 1499 μοι.
1326 1473 1335 1489 ι
1356 1463 1463 1499 Ἐπειδὴ
1475 1464 1528 1498 γὰρ
1541 1463 1682 1489 τεθὲανται
1698 1462 1761 1493 τοὺς
1775 1462 1845 1488 ἁπο-

1056 1512 1165 1543 στόλους
1177 1511 1314 1545 γλώσσαις
1325 1510 1471 1541 λαλοῦντας
1485 1510 1603 1545 ἑτέραις,
1617 1510 1666 1536 οὐκ
1683 1509 1712 1535 ἐν
1723 1509 1846 1544 μετρίοις

1055 1557 1175 1593 θαύμασι
1189 1555 1346 1591 ποιούμενοι
1356 1556 1385 1582 τὸ
1400 1556 1559 1590 παράδοξον,
1577 1554 1791 1582 πεπιστεύκασιν
1804 1556 1846 1586 εἰς

1054 1603 1172 1639 Χριστὸν
1184 1624 1191 1636 ,
1213 1603 1304 1630 πολλοί
1326 1610 1355 1628 τε
1374 1603 1420 1628 καὶ
1449 1602 1629 1638 ἀναρίθμητοι
1645 1601 1699 1627 τῶν
1714 1600 1844 1635 τηνικάδε

1055 1650 1254 1677 ἐπεκαλέσαντο
1281 1649 1312 1676 τὸ
1336 1649 1421 1684 ὄνομα
1449 1648 1496 1674 τοῦ
1514 1648 1594 1682 φύσει
1610 1656 1640 1674 τε
1669 1647 1716 1673 καὶ
1734 1646 1845 1682 ἀληθῶς

1053 1697 1129 1728 ὄντος
1142 1695 1208 1722 Θεοῦ
1219 1704 1226 1711 ·
1244 1696 1385 1730 ὑπήγαγον
1401 1695 1455 1726 τοῖς
1469 1694 1656 1728 εὐαγγελικοῖς
1675 1693 1845 1727 θεσπίσμασι

1052 1742 1098 1770 τὸν
1113 1742 1229 1777 αὐχένα-
1249 1740 1438 1767 δεδουλεύκασι
1461 1739 1500 1775 τῷ
1515 1739 1640 1775 Χριστῷ·
1667 1739 1715 1765 καὶ
1740 1739 1844 1773 ἀναφέ-

1053 1797 1129 1824 ρουσι
1140 1788 1234 1820 θυσίας
1252 1789 1283 1814 ἐκ
1296 1787 1421 1821 περάτων
1435 1786 1566 1822 ποταμῶν
1581 1785 1734 1817 Αἰθιοπίας.
1749 1786 1846 1820 Παρα-

1052 1835 1134 1861 τείνει
1146 1835 1175 1861 δὲ
1189 1835 1219 1861 τὸ
1235 1834 1289 1860 τῶν
1307 1833 1442 1860 Αἰθιόπων
1459 1833 1536 1867 γένος
1551 1832 1581 1864 ἐξ
1603 1832 1668 1867 ἠοῦς
1689 1832 1729 1863 εἰς
1753 1831 1840 1863 δύσιν,

1054 1881 1160 1908 πίνουσι
1174 1880 1203 1907 δὲ
1228 1880 1273 1907 τὸν
1299 1879 1393 1915 Γηών·
1414 1888 1423 1904 ι
1443 1879 1527 1910 Αὐτὸς
1539 1879 1593 1914 γάρ
1616 1879 1690 1904 ὲστιν
1703 1878 1717 1903 ὁ
1735 1877 1842 1916 κυκλῶν

1052 1927 1142 1954 πᾶσαν
1168 1926 1219 1960 γῆν
1234 1925 1383 1957 Αἰθιοπίας.
1409 1934 1418 1950 ι
1450 1924 1610 1959 Ἑκτελευτᾴ
1635 1923 1663 1949 δὲ
1688 1923 1782 1949 λοιπὸν
1801 1924 1841 1954 εἰς

1052 1972 1180 2007 ἀλήθειαν
1205 1972 1254 2006 τῆς
1280 1971 1447 2006 προφητείας
1463 1971 1478 1996 ὁ
1494 1970 1583 2004 λόγος.
1611 1970 1648 1996 Οὐ
1677 1969 1731 2005 γὰρ
1761 1969 1840 2004 μόνον

1052 2019 1122 2046 κατὰ
1137 2020 1186 2056 τὴν
1206 2019 1349 2054 Ῥωμαίων
1362 2019 1412 2053 γῆν
1432 2018 1599 2053 κεκήρυκται
1615 2017 1646 2043 τὸ
1663 2016 1839 2050 Εὑαγγέλιον·

1052 2066 1197 2102 περιφοιτᾷ
1209 2065 1238 2091 δὲ
1249 2064 1341 2091 λοιπὸν
1353 2064 1398 2091 καὶ
1415 2063 1448 2091 τὰ
1462 2063 1587 2099 βάρὸιιρα
1603 2062 1659 2089 τῶν
1673 2062 1770 2088 ἐθνῶν.
1785 2062 1840 2087 Καὶ

1051 2111 1116 2146 γοῦν
1132 2111 1290 2145 Ἐκκλησίαι
1309 2109 1456 2144 πανταχοῦ,
1469 2109 1595 2144 ποιμένες
1610 2109 1657 2134 καὶ
1671 2107 1838 2139 διδάσκαλοι,

1051 2156 1205 2191 καθηγηταὶ
1221 2156 1268 2183 καὶ
1283 2156 1473 2191 μυσταγωγοὶ,
1490 2155 1536 2181 καὶ
1562 2154 1621 2181 θεῖα
1642 2154 1836 2188 θυσιαστήρια,

1052 2203 1179 2230 θύεταιδὲ
1190 2202 1312 2237 νοητῶςὸ
1328 2203 1413 2237 ἀμνὸς
1426 2201 1500 2237 παρὰ
1516 2201 1569 2228 τῶν
1586 2200 1671 2234 ἁγίων
1688 2199 1837 2234 ἱερουργῶν

216 2251 304 2271 meum
320 2244 498 2278 gloriﬁcatum
514 2249 556 2271 est
571 2245 597 2271 in
609 2246 733 2279 gentibus
749 2254 756 2272 :
770 2251 798 2272 et
812 2245 838 2272 in
852 2246 925 2273 omni
939 2246 997 2274 loco

1055 2249 1096 2276 sal.
1120 2249 1184 2283 παρ’
1211 2248 1301 2279 Ἰνδοῖς
1321 2249 1368 2274 καὶ
1384 2247 1502 2282 Αἰθίοψι.
1520 2246 1577 2273 Καὶ
1593 2245 1672 2272 τοῦτο
1688 2243 1722 2279 ἦν
1742 2246 1796 2279 ἄρα
1809 2243 1836 2270 τὸ

214 2289 355 2317 incensum
383 2289 496 2316 oﬂ'ertur
520 2289 622 2316 nomini
652 2297 712 2317 meo
735 2295 761 2317 et
785 2291 893 2317 victima
921 2299 998 2318 mun—

214 2335 246 2361 da
257 2335 301 2362 ’.νι

1050 2294 1093 2320 διὰ
1107 2295 1198 2329 φωνῆς
1208 2294 1301 2330 ἑτέρου
1313 2294 1452 2329 προφήτου
1468 2293 1560 2327 σαφῶς
1573 2292 1716 2327 εἰρημένον
1727 2299 1733 2306 ·
1747 2301 1756 2316 α
1768 2291 1836 2316 Διὸτι

1052 2340 1178 2375 βασιλεὺς
1202 2341 1288 2374 μέγας
1304 2339 1357 2374 ἐγώ
1372 2340 1439 2374 εἰμι,
1462 2339 1535 2373 λέγει
1550 2338 1667 2374 Κύριος·
1682 2338 1730 2365 καὶ
1749 2338 1790 2364 ὅτι
1809 2337 1837 2362 τὸ

212 2379 298 2414 ὖνομά
312 2388 361 2414 μου
376 2380 530 2412 δεδόξασται
549 2382 578 2407 ὲν
597 2382 653 2413 τοῖς
669 2380 773 2408 ἔθνεσι·
800 2383 847 2409 καὶ
866 2383 894 2409 ἐν
915 2385 997 2411 παντὶ
1016 2386 1089 2420 τόπῳ
1118 2386 1242 2422 θυμίαμα
1259 2387 1442 2421 προσφέρεται
1469 2384 1507 2420 τῷ
1523 2384 1633 2419 ὀνόματί
1653 2393 1704 2418 μου
1729 2384 1777 2410 καὶ
1792 2383 1835 2410 θυ-

213 2426 256 2451 σία
272 2425 390 2461 καθαρὰ.
406 2435 416 2452 ι

248 2471 328 2498 Vens.
346 2472 388 2498 ll.
405 2471 438 2498 In
454 2472 496 2499 die
509 2472 556 2500 illa
570 2481 620 2501 non
635 2474 804 2508 confunderis
816 2483 848 2503 ea:
874 2476 995 2503 omnibus

210 2517 441 2544 ndim-entionibus
475 2519 538 2551 tuis,
563 2521 656 2554 quibus
687 2521 764 2555 impie
788 2522 861 2556 egisti
890 2522 917 2548 in
944 2530 994 2548 me.

211 2562 279 2594 Quia
298 2568 358 2589 Iunc
378 2563 497 2597 auferant
523 2573 538 2590 α
560 2570 584 2591 le
607 2568 807 2601 contemptione:
830 2569 994 2595 contumelia:

210 2613 271 2640 (uae,
288 2613 310 2634 et
326 2609 393 2635 ultra
413 2618 463 2636 non
478 2610 585 2645 ndjicies
607 2616 634 2638 ut
648 2612 767 2646 glorieris
784 2622 862 2648 super
881 2619 993 2641 utentem

207 2658 326 2681 sanciunt
339 2663 433 2682 nterim.

241 2699 295 2726 XL.
314 2700 422 2728 Duabus
434 2702 513 2729 simul
531 2704 656 2738 personis
672 2713 779 2732 rursum
797 2705 915 2740 loquitur
930 2707 991 2734 uni-

206 2753 345 2773 versorum
370 2747 449 2775 Deus.
473 2749 525 2776 Sed
553 2750 624 2777 dicta
650 2752 757 2785 penitus
798 2753 991 2780 consideranda

244 2843 267 2860 "
280 2843 340 2871 Act.
354 2852 384 2875 ιι,
399 2845 460 2872 2-4.

205 2878 215 2893 ¹
354 2852 384 2893 ιι,
397 2847 460 2893 βῑὶι.
517 2847 538 2862 ⁸⁷
554 2848 618 2876 ibid.
637 2849 665 2881 8,
680 2849 706 2876 9.

226 2878 339 2907 Malach.
360 2887 378 2912 t,
397 2880 437 2907 ll.

763 2849 786 2864 ’⁸
803 2848 887 2877 lCor.
909 2857 964 2883 xw,
979 2849 1024 2878 2'2.
1062 2851 1085 2867 °°
1100 2851 1150 2879 lsa.
1168 2860 1261 2886 xxvtn,
1284 2853 1331 2884 ll‘.
1368 2853 1374 2879 l
1389 2853 1450 2881 Cor.
1475 2861 1530 2885 xw,
1542 2853 1586 2881 2i.

1084 2477 1133 2502 Ἐν
1147 2476 1184 2511 τῇ
1206 2476 1299 2510 ἡμέρᾳ
1320 2477 1420 2510 ἐκείνῃ
1448 2477 1484 2503 οὺ
1497 2475 1540 2510 μὴ
1563 2476 1791 2510 κιιταισχυνθῇς
1803 2477 1834 2502 ἐκ

1050 2522 1169 2549 πάντων
1193 2523 1252 2549 τῶν
1267 2523 1507 2557 ἐπιτηδευμάτων
1523 2530 1592 2553 σου,
1615 2519 1658 2548 ὧν
1681 2521 1834 2555 ἠσέϐησας

1048 2568 1091 2600 εἰς
1106 2567 1168 2602 ἐμέ.
1186 2568 1246 2594 ’Ότι
1272 2569 1339 2594 τότε
1358 2566 1485 2601 περιελῶ
1508 2567 1566 2594 ἀπὸ
1584 2567 1643 2593 σοῦ
1662 2567 1699 2593 τὰ
1727 2568 1832 2601 φαυλί-

1046 2621 1146 2647 σματα
1160 2613 1215 2647 τῆς
1225 2613 1335 2647 ὕϐρεώς
1348 2622 1416 2645 σου,
1437 2613 1487 2640 καὶ
1505 2614 1560 2640 οὐκ
1580 2613 1623 2640 ἐτι
1638 2613 1681 2647 μὴ
1700 2613 1833 2648 προσθῇς

1045 2658 1098 2686 τοῦ
1109 2659 1341 2694 ⁶ιιηςγ-αλαυχῆσαι
1352 2659 1401 2686 ἐπὶ
1414 2659 1445 2686 τὸ
1457 2659 1525 2692 ὄρος
1538 2659 1570 2685 τὸ
1589 2659 1676 2693 ἅγιόν
1693 2668 1765 2693 μου.

1081 2705 1126 2732 Μ’.
1140 2706 1220 2732 Δυσὶν
1249 2706 1277 2732 ὲν
1299 2706 1389 2741 ταυτῷ
1408 2704 1562 2739 προσώποις
1580 2705 1736 2739 διαλέγεται
1754 2706 1832 2732 πάλιν

1044 2753 1058 2778 ὁ
1075 2752 1128 2778 τῶν
1143 2752 1210 2779 ὅλων
1221 2752 1296 2784 Θεύς.
1315 2754 1361 2779 Δεῖ
1371 2752 1409 2785 δὲ,
1425 2752 1514 2788 οἶμαι,
1536 2752 1634 2779 λεπτὸν
1651 2754 1706 2784 τοῖς
1722 2751 1832 2788 λεγομὲο

1628 2855 1634 2870 ¹
1653 2854 1724 2882 Gen.
1739 2861 1769 2886 ιι,
1785 2854 1826 2882 15.
