1917 3038
67 152 137 181 1000

495 158 771 186 COMMENTARIUS
791 159 825 187 ΓΝ
846 159 1043 190 SOPIIONIAM
1064 162 1283 194 PROPHETAM.

1621 170 1689 197 1010

60 217 116 241 νοις
133 211 231 238 ἐνιέναι
250 212 295 239 τὸν
311 213 377 240 νοίν
405 214 556 255 ἀσύγχυτον
573 214 628 251 γὰρ
649 214 736 247 οὕτως
752 215 800 251 τὴν
821 217 850 243 ὲν

902 219 1028 248 existimo
1043 229 1050 247 :
1063 220 1102 248 sic
1127 222 1198 249 enim
1213 222 1380 250 inconfusam
1402 223 1427 250 in
1438 224 1470 251 iis
1487 223 1688 259 intelligentiam

59 256 152 288 αὐτοῖς
162 257 278 292 Θεωρίαν
296 259 456 295 εὑρήσομεν.
481 262 584 288 Οὐκοῦν
606 261 849 296 πλημμελημάτων

61 302 112 337 μὲν
127 304 288 339 ἀμνηστίαν,
310 307 356 332 καὶ
380 307 433 333 τῶν
458 307 542 334 πάλαι
571 308 786 343 διεπταισμένων
800 309 850 344 τὴν

60 346 158 381 ἄφεσιν
170 350 225 380 τοῖς
239 349 269 382 ἐξ
281 350 457 386 Ἰερουσαλὴμ
465 352 671 386 ἐπαγγέλλεται,
680 353 849 380 διασεὸαιού-

61 394 141 428 μενὸς
155 403 183 421 τε
198 395 244 422 καὶ
254 396 350 430 λέγων,
364 397 401 429 ὡς
414 398 463 424 οὐκ
477 398 509 424 ἂν
522 398 563 424 ἔτι
576 398 793 433 καταισχυνθῶσι
806 399 850 426 διὰ

58 439 93 465 τὰ
106 441 308 477 ἐπιτηδεύματα
319 444 417 476 αὐτῶν,
438 445 485 471 καὶ
504 444 553 476 τὰς
566 445 650 471 πάλαι
664 445 850 480 γεγενημένας

58 485 98 516 εἰς
112 485 178 512 Θεὸν
192 486 359 520 δυσσεϐείας.
385 489 503 516 Ἀπειλεῖ
517 489 545 516 δὲ
561 490 655 525 ὥσπερ
668 490 707 526 τῷ
720 490 849 517 Βαϐυλω-

58 531 119 565 νίῳ,
134 531 180 558 καί
193 541 268 568 φησι,
286 534 324 565 ὡς
345 536 394 561 οὐχ
408 535 440 562 ἂν
467 535 508 563 ἔτι
535 537 678 572 φρονήσειε
700 537 781 572 μέγα,
799 537 849 572 τὴν

57 576 139 610 ἁγίαν
155 578 201 604 καὶ
219 579 400 615 ἀνακειμένην
417 581 491 616 αὐτῷ
509 582 689 617 καταδῃώσας
715 582 802 615 πόλιν,
815 583 849 618 ἡν

57 622 105 648 καὶ
121 623 182 658 ὗρος
197 625 283 651 καλεῖ.
300 626 376 652 Μετὰ
391 626 443 662 γάρ
460 635 500 653 τοι
515 627 563 662 τὴν
574 627 713 658 ἐπάνοδον,
729 628 779 663 τὴν
795 628 849 654 ἀπό

56 675 89 701 γε
104 668 154 702 τῆς
177 670 365 705 αἰχμαλωσίας
388 673 468 707 φημὶ.
484 673 637 707 μεμένηκεν
665 672 846 708 ἀπόρθητοςή

62 713 250 750 Ἰερουσαλὴμ,
267 716 314 742 καὶ
325 716 417 746 λοιπὸν
430 718 594 754 ἀπείραστος
607 718 656 753 τῆς
669 717 847 744 Βαϐυλωνίων

56 758 266 794 ἀπανθρωπίας.

95 805 157 831 Ὅτι
169 805 197 832 δὲ
210 806 281 846 κατὰ
301 807 346 834 τὸν
364 809 412 843 τῆς
435 809 581 844 ἐπιδημίας
598 809 692 844 καιρὸν
712 809 847 844 ἀμνηστία

56 850 103 876 καὶ
120 850 217 884 ἄφεσις
233 852 344 887 γέγονεν
357 854 404 880 ἐπὶ
418 854 524 886 πάντας
536 855 599 886 τοὺς
619 855 845 886 πεπιστευκότας,

902 267 1079 300 reperiemus.
1098 267 1190 303 Itaque
1215 274 1386 303 peccatorum
1416 270 1500 306 618
1514 271 1687 304 oblivionem,

901 313 928 335 et
956 309 1020 336 olim
1046 312 1225 339 admissormn
1256 314 1442 342 remissionem
1475 316 1689 351 Hierosolymitis

902 356 1052 390 pollicetur,
1069 364 1096 385 et
1107 358 1164 385 fore
1181 364 1314 392 autumat,
1330 364 1360 386 ut
1383 366 1492 395 propter
1519 362 1689 390 adinvcntio-

901 409 962 433 nos,
976 408 1002 428 et
1016 403 1103 430 studia
1116 411 1175 435 sua,
1188 410 1215 431 et
1230 406 1365 439 anndam
1378 412 1546 441 perpetratas
1560 408 1586 434 in
1604 407 1687 434 Deum

903 447 1064 481 itnpietatcs,
1080 457 1132 475 non
1146 450 1262 484 amplius
1277 452 1447 479 erubescant.
1457 452 1571 479 Minatur
1581 460 1687 487 quoque

900 492 990 526 aliquo
1004 494 1082 520 modo
1093 494 1248 530 Babylonio,
1263 501 1289 524 et
1305 497 1351 531 ait,
1368 506 1419 525 non
1445 498 1622 533 gloriaturutn
1652 500 1687 527 de

900 543 998 565 cmtero
1020 540 1053 566 de
1076 545 1168 567 sancta
1184 545 1211 567 et
1232 542 1284 568 sibi
1314 548 1472 570 consecrata
1487 544 1553 571 urbe
1580 552 1686 578 eversa,

900 590 980 616 quam
995 588 1023 610 et
1037 589 1156 611 montem
1171 587 1302 613 nominat.
1319 586 1382 614 Post
1411 589 1527 615 reditttm
1558 597 1685 624 namque,

900 636 915 655 a
931 629 1087 662 captivitate
1100 630 1220 664 inquam,
1240 630 1392 659 Jerusalem
1413 634 1497 665 salva,
1516 639 1542 660 et
1559 634 1685 669 deinceps

900 674 1106 710 Babyloniorum
1120 676 1283 711 humanitati
1305 677 1437 705 intentata
1454 680 1614 712 permansit.

935 810 1069 845 Τιθωνοῖο
1083 810 1216 837 adventus
1227 813 1316 837 autem
1334 809 1533 845 ἀμνηστίαν,ει
1547 808 1686 836 remissio-

899 863 961 883 nem
971 855 1097 883 omnibus
1110 855 1282 882 credentibus
1296 854 1453 889 contigisse,
1469 862 1548 882 nemo
1564 853 1686 880 dubitare

56 895 220 924 ἐνδοιάσειεν
244 898 276 924 ἂν
294 899 391 930 οὐδείς.
418 899 621 935 Δεδικαιώμεθα
643 901 698 936 γὰρ
720 911 729 927 ι
750 901 799 927 οὐκ
815 900 844 933 ἐξ

899 905 994 936 potest.
1007 900 1148 929 Justilicati
1177 901 1249 928 enim
1280 907 1375 928 sumus
1407 909 1416 926 ι
1433 907 1485 927 non
1500 907 1533 926 ex
1560 899 1687 933 operibus

56 940 144 976 Εργων
160 942 332 979 δικαιοσύνης
352 944 370 971 ἃ
387 945 555 980 ἐποιήσαμεν
571 947 667 981 ἡμεῖς,
693 946 762 973 ἀλλὰ
775 946 847 972 κατὰ

55 987 85 1013 τὸ
101 988 168 1015 πολύ
181 989 264 1016 αὐτοῦ
279 990 362 1022 ἔλεος.
378 1000 387 1016 ι
410 991 622 1026 Ἀπηλλάγμεθα
639 992 668 1018 δὲ
688 993 736 1018 καὶ
749 991 846 1027 αἰσχύ-

56 1042 114 1068 νης.
134 1035 206 1069 Ἔφη
224 1036 277 1071 γάρ
296 1045 346 1063 που
369 1037 435 1072 πρὸς
454 1038 527 1072 ἡμᾶς
542 1039 556 1064 ὁ
571 1039 603 1073 τῇ
620 1038 710 1064 πίστει
734 1046 847 1073 τετιμη-

56 1079 112 1111 κώς
124 1088 130 1094 ·
152 1089 161 1105 ι
177 1081 223 1113 Μὴ
240 1081 334 1115 φοϐοῦ,
353 1082 392 1108 ὅτι
403 1082 601 1118 κατῃσχύνθης·
614 1083 681 1118 μηδὲ
696 1084 844 1118 ὲντραπῇς,

55 1125 95 1150 Est
110 1125 278 1160 ὼνειδίσθης.
295 1136 304 1152 ι
331 1127 490 1163 ’Δνεκὸμισε
506 1128 561 1164 γὰρ
579 1129 652 1164 ἡμᾶς
670 1130 710 1160 εἰς
737 1130 847 1164 παρρη-

56 1172 128 1203 σίαν,
144 1171 201 1199 όδι“
211 1173 284 1208 ἡμᾶς
296 1173 328 1200 ἐκ
339 1174 454 1210 νεκρῶν,
472 1174 518 1201 καὶ
533 1174 602 1209 ὑπὲρ
617 1174 695 1210 ἡμῶν
708 1174 748 1206 εἰς
765 1175 847 1210 οὐρα-

54 1217 110 1248 νὸν,
139 1218 169 1243 ὲν
183 1218 243 1252 ὄψει
270 1219 386 1255 Πατρός.
410 1220 567 1256 Πρόδρομος
594 1220 649 1255 γὰρ
671 1220 741 1256 ὑπὲρ
767 1220 846 1255 ἡμῶν

54 1263 140 1298 ἀνέϐη
157 1264 291 1297 Χριστὸς,
315 1275 324 1290 ί
351 1265 397 1292 νῦν
423 1266 624 1301 ἐμφανισθῆναι
644 1265 684 1301 τῷ
707 1267 846 1301 προσώπῳ

53 1309 101 1335 τοῦ
111 1309 190 1336 Θεοῦ.
209 1319 218 1336 ›
232 1310 335 1337 Οὐκοῦν
346 1311 464 1347 περιεῖλε
482 1312 532 1347 μὲν
539 1312 589 1343 τας
605 1312 732 1339 ἁπάντων
747 1312 845 1345 αἰτίας,

55 1356 102 1381 xz‘t
113 1356 293 1391 πταισμάτων
306 1357 459 1392 ἀπήλλαξεν
470 1357 600 1393 αἰσχύνης
610 1366 640 1384 τε
651 1358 698 1384 καὶ
711 1357 847 1393 εὐτροπῆς

54 1402 117 1433 τοὺς
135 1403 360 1435 πεπιστευκότας.
380 1403 493 1439 Εἴρηται
514 1404 542 1430 δὲ
557 1405 621 1439 παρ’
641 1403 724 1430 αὐτοῦ
744 1404 791 1430 καὶ
806 1404 846 1440 τῷ

55 1448 315 1476 χαταδυναστεύοντι
331 1451 446 1486 Σατανᾷ,
459 1451 500 1477 ὃτι
519 1459 528 1476 ι
548 1449 668 1485 Περιελῶ
681 1450 736 1476 ἀπὸ
750 1449 797 1476 σοῦ
812 1449 847 1477 τὰ

55 1494 232 1530 φαυλίσματα
246 1496 292 1531 τῆς
310 1495 415 1531 ὕϐρεώς
427 1505 485 1528 σου,
505 1496 552 1523 καὶ
565 1496 656 1523 οὐκέτι
672 1495 710 1531 μὴ
726 1496 846 1532 προσθῇς

54 1539 102 1566 τοῦ
117 1541 323 1577 μεγαλαυχῆσαι
346 1542 392 1568 ἐπὶ
414 1542 444 1568 τὸ
456 1541 517 1576 ὅρος
535 1542 566 1568 τὺ
580 1542 657 1576 ἆγιόν
673 1550 734 1576 μου.
748 1551 758 1567 ›
781 1541 846 1576 Ἑμ-

55 1586 165 1620 (prolis?
173 1587 227 1622 γὰρ
239 1587 331 1614 οὐκέτι
342 1588 405 1619 τοὺς
419 1588 465 1614 ἐπὶ
475 1587 525 1622 τῆς
538 1588 600 1622 γῆς,
612 1588 649 1619 ὠς
661 1587 727 1614 πολὺ
738 1586 846 1615 νοσοῦν·
859 1582 881 1611 (ἶ

54 1641 104 1664 τας
118 1632 150 1658 τὸ
169 1633 276 1665 ἄναλκι,
300 1633 360 1659 οὐδὲ
377 1633 467 1669 ὑΰριεῐ
477 1634 539 1665 τοὺς
549 1634 744 1669 ἡγιασμένους,
762 1643 848 1661 κατα-

56 1678 136 1704 σείων
149 1678 268 1710 εὐκόλως
280 1679 320 1710 εῖς
334 1688 365 1713 γε
381 1679 411 1706 τὸ
422 1679 496 1715 αὐτῷ
507 1679 613 1707 δοκοῦν.
630 1680 782 1715 Παρῴχηκε
793 1680 846 1715 γὰρ

54 1724 88 1750 τὰ
103 1725 206 1760 ἀρχαῖα
219 1744 226 1757 ,
248 1726 295 1752 καὶ⁴
321 1725 549 1761 μετακεχώρηκεν
564 1727 603 1757 εἰς
622 1726 772 1761 καινότητα
791 1726 846 1753 τῶν

55 1770 228 1805 πραγμάτων
240 1772 256 1806 ἡ
272 1771 361 1805 φύσις,
375 1771 623 1807 ἀναστοιχειοῦντος
636 1773 676 1803 εἰς
687 1771 766 1798 τοῦτο
777 1772 846 1798 αὐτὰ

55 1816 102 1842 τοῦ
120 1816 249 1852 Χριστοῦ,
265 1817 312 1843 καὶ
327 1818 451 1849 εὐσθενὲς
464 1819 511 1853 μὲν
522 1818 716 1850 ἀποτελοῦντος
730 1816 759 1845 εὖ
775 1818 846 1853 μάλα

54 1863 85 1889 τὸ
98 1863 248 1899 ἄρρωστον,
265 1864 444 1899 κρατύνοντος
459 1864 487 1891 δὲ
501 1864 569 1900 πρὸς
582 1864 724 1891 εὐσέϐειαν
741 1865 771 1891 τὺ
786 1866 847 1896 ταῖς

56 1909 206 1944 ἁμαρτίαις
230 1909 374 1943 εὐάλωτον,
406 1911 453 1937 καὶ
479 1911 584 1946 ἑδραῖον
607 1910 801 1943 ἀπωελοῦντος
816 1911 847 1938 τὸ

57 1956 265 1991 σεσαλευμένον.
280 1957 385 1983 Οὐκοῦν
396 1957 561 1993 περιῄρηται
571 1957 606 1984 τὰ
615 1958 787 1993 φαυλίσματα
796 1958 846 1993 τῆς

57 2001 173 2037 ὕϐρεως,
187 2002 308 2038 δηλονότι
318 2004 366 2038 τῆς
380 2003 545 2038 διαϐολικῆς,
561 2004 607 2030 καὶ
622 2004 672 2031 οὐκ
683 2003 715 2031 ἂν
730 2004 770 2030 ἔτι
781 2012 847 2040 φρο-

56 2049 148 2083 νήσειε
167 2049 238 2083 μέγα
246 2049 316 2075 κατὰ
331 2049 377 2076 τοῦ
394 2049 473 2085 ὅρους
488 2050 534 2076 τοῦ
551 2050 640 2084 ἁγίου,
652 2050 786 2083 τουτέστι,
797 2050 846 2085 τῆς

56 2093 155 2128 νοητῆς
183 2092 269 2125 Σιὼν,
292 2093 352 2128 ἥτις
375 2093 449 2119 ἐστὶν
478 2093 624 2128 Ἐκκλησία
650 2093 717 2119 Θεοῦ
734 2092 846 2125 ζῶντος.

56 2138 258 2174 Τεθεμελίωται
273 2139 327 2174 γὰρ
340 2139 386 2165 ἐπὶ
401 2139 450 2174 τὴν
461 2139 580 2174 πέτραν·
596 2148 605 2164 ι
619 2139 674 2165 Καὶ
688 2138 771 2165 πύλαι
783 2138 846 2174 ᾷδου

55 2184 85 2210 οὐ
99 2184 308 2219 κατισχύσουσιν
330 2183 425 2218 αὐτῆς.
440 2194 448 2210 ι
467 2184 549 2219 Ὅρος
571 2184 599 2210 δὲ
615 2185 664 2219 τὴν
685 2183 847 2219 Ἐκκλησίαν

56 2230 102 2255 καὶ
117 2230 132 2256 ὁ
145 2230 288 2266 προφήτης
296 2231 361 2265 ἡμῖν
378 2229 490 2262 Ἡσαΐας
501 2229 636 2265 ὠνόμαζε,
646 2230 732 2264 λέγων
742 2237 749 2244 α
762 2239 771 2255 ι
785 2230 846 2256 Ὅτι

55 2275 133 2302 ἔσται
150 2276 179 2301 ὲν
189 2276 249 2307 ταῖς
259 2275 387 2310 ἐσχάταις
396 2276 515 2311 ἡμέραις
532 2275 651 2310 ἐμφανὲς
663 2275 693 2302 τὸ
713 2275 775 2311 ὅρος
787 2275 844 2302 Κυ-
861 2267 884 2296 υ

57 2321 127 2356 ρίου,
144 2322 192 2348 καὶ
206 2322 221 2347 ὁ
235 2319 308 2353 οἶκος
322 2321 369 2348 τοῦ
382 2321 449 2348 θεοῦ
462 2321 505 2348 ἐπ’
520 2321 605 2356 ἄκρου
619 2321 673 2347 τῶν
686 2321 782 2356 ὀρέων,
798 2321 846 2348 καὶ

56 2366 233 2402 ὑψωθήσεται.
256 2360 385 2403 ὑπεράνω
399 2367 455 2394 τῶν
473 2366 573 2402 βουνῶν
584 2387 591 2399 ,
615 2367 662 2394 καὶ
675 2366 786 2402 ἥξουσιν
802 2367 845 2393 ἐπ’

55 2414 89 2438 αὐ
97 2413 122 2439 τὸ
145 2413 233 2440 πάντα
249 2414 282 2440 τὰ
311 2413 384 2449 ἔθνη,
403 2414 450 2440 καὶ
467 2414 644 2449 πορεύσονται
660 2413 724 2448 ἔθνη
749 2413 843 2446 πολλὰ,

55 2460 103 2485 καὶ
118 2459 211 2494 ἐροῦσι
223 2469 230 2475 ·
248 2460 344 2492 Δεῦτε,
363 2461 410 2486 καὶ
430 2459 575 2494 ἀναδῶμεν
597 2461 636 2491 εἰς
651 2460 681 2486 τὸ
704 2459 766 2495 ὅρος
786 2461 843 2486 Κυ-

57 2505 127 2540 ρίου,
149 2506 194 2532 καὶ
206 2507 246 2537 εἰς
261 2506 306 2532 τὸν
314 2503 386 2532 οἷκον
399 2505 445 2532 τοῦ
459 2506 526 2532 Θεοῦ
545 2505 652 2536 Ἰαχὼὸ,
671 2506 717 2532 καὶ
730 2506 846 2539 ἀναγγε-

56 2552 97 2576 λεῖ
111 2552 179 2586 ἡμῖν
188 2552 236 2586 τὴν
247 2552 305 2578 ὁδὸν
323 2551 415 2584 αὑτοῦ,
425 2551 472 2577 καὶ⁹
487 2550 677 2586 πορευσόμεθα
691 2551 720 2577 ὲν
734 2550 814 2585 αὐτῇ.
833 2558 842 2575 ι

93 2597 151 2624 Καὶ
171 2598 373 2632 ὑπολείψομαι
397 2598 433 2624 ἐν
449 2597 498 2624 σοὶ
514 2597 591 2624 λαὸν
607 2597 703 2632 πρᾶον
731 2597 779 2623 καὶ
794 2605 846 2623 τα-

57 2644 174 2670 πεινόν.
199 2644 254 2670 Καὶ
280 2644 539 2678 εὑλαϐηθήσονται
553 2643 612 2670 ἀπὸ
633 2642 684 2669 τοῦ
701 2638 865 2677 ὀνόματος-⁸

57 2689 170 2730 Κιτίου
181 2689 208 2714 οἱ
227 2687 403 2714 κατάλοιποι
418 2688 470 2714 τοῦ
496 2687 631 2721 Ἰσραὴλ,
648 2687 697 2713 καὶ
713 2688 747 2713 οὺ
762 2687 848 2720 ποιή-

57 2729 171 2760 σοὺσιν
183 2733 313 2764 ἀδικίαν,
331 2733 394 2760 οὐδ’
411 2729 450 2762 αὖ
465 2733 508 2768 μὴ
531 2732 706 2767 λαλήσουσι
726 2733 846 2767 μάταια,

58 2779 107 2805 καὶ
122 2779 157 2805 οὐ
171 2779 214 2813 μὴ
229 2778 335 2813 εὑρεθῇ
351 2779 385 2805 ἐν
402 2779 441 2812 τῷ
461 2780 585 2814 στόματι
602 2778 701 2806 αὐτῶν
722 2778 848 2813 γλῶσσα

59 2825 156 2852 δολία.

897 955 955 982 qua:
966 947 1078 975 fecimus
1093 954 1152 978 nos.
1172 947 1219 975 sed
1232 946 1379 974 secundum
1397 953 1522 981 magnam
1536 945 1687 972 misericor-

897 995 968 1021 diam
980 994 1064 1027 ipsius
1074 994 1094 1021 ³.
1116 1003 1125 1019 ι
1143 992 1262 1020 Liberali
1280 1000 1374 1020 sumus
1385 992 1468 1019 etiam
1487 999 1502 1018 a
1516 991 1685 1019 confusione.

895 1038 942 1065 Ait
961 1038 1037 1065 enim
1056 1038 1157 1065 alicubi
1184 1037 1271 1069 nobis,
1300 1036 1346 1071 qui
1368 1043 1417 1063 nos
1441 1035 1493 1062 ﬁde
1520 1034 1684 1062 honoravit:

900 1083 961 1111 «Ne
977 1085 1041 1112 time
1060 1084 1122 1119 quia
1141 1084 1272 1112 confusus
1287 1091 1317 1111 es
1334 1092 1343 1110 -.
1357 1089 1408 1110 nec
1422 1081 1525 1117 pudore
1551 1079 1686 1107 suffunda-

896 1130 946 1163 ris,
959 1131 1021 1165 quia
1040 1131 1138 1165 probra
1166 1130 1216 1157 tibi
1243 1129 1414 1164 ingeruntur.
1431 1137 1442 1154 ι
1472 1126 1590 1154 Reduxit
1612 1125 1684 1153 enim

897 1184 946 1204 nos
955 1175 982 1203 in
998 1175 1161 1207 libertatem,
1175 1175 1222 1209 qui
1236 1179 1345 1209 propter
1355 1180 1405 1201 nos
1422 1181 1454 1201 ex
1474 1172 1587 1200 mortuis
1599 1179 1686 1198 resuh

896 1222 982 1254 rexit,
994 1226 1022 1250 et
1050 1229 1100 1257 pro
1113 1221 1191 1249 nobis
1204 1221 1230 1248 in
1248 1221 1357 1252 caelum,
1385 1219 1418 1246 ad
1439 1223 1612 1253 conspectum
1637 1216 1685 1245 Dei

895 1268 996 1299 Patris.
1013 1267 1145 1296 ascendit.
1162 1266 1270 1294 Praaivit
1289 1266 1362 1292 enim
1390 1265 1468 1293 nobis
1494 1271 1607 1291 ascensu
1635 1270 1685 1291 suo

896 1314 1041 1346 Christus,
1065 1323 1074 1339 I
1095 1317 1126 1340 ut
1153 1320 1225 1340 nunc
1243 1312 1329 1340 vultui
1360 1312 1406 1339 Dei
1427 1318 1476 1345 pro
1501 1309 1579 1337 nobis
1603 1315 1686 1343 appa-

897 1365 954 1387 reat
973 1361 994 1387 ⁵.
1011 1368 1021 1385 ι
1041 1358 1134 1394 Itaque
1147 1358 1267 1385 omnium
1283 1357 1378 1393 culpas
1396 1356 1518 1388 abstulit,
1537 1359 1565 1381 et
1583 1353 1686 1388 pudore

896 1413 929 1433 ac
943 1405 1106 1433 verecundia
1123 1409 1233 1440 propter
1259 1403 1364 1438 piacula
1389 1402 1530 1430 credentes
1548 1399 1683 1427 liberavit.

897 1449 1002 1478 Dictum
1015 1457 1055 1478 est
1065 1451 1146 1478 etiam
1159 1450 1193 1477 ab
1209 1450 1303 1477 eodem
1317 1447 1467 1476 dominanti
1483 1446 1509 1474 in
1540 1445 1589 1473 nos
1610 1444 1686 1472 Sata-

896 1504 960 1525 nae:
985 1507 993 1523 ι
1013 1498 1140 1524 Auferam
1172 1504 1186 1523 a
1217 1501 1242 1523 te
1271 1494 1486 1529 contemptiones
1514 1490 1686 1520 contumeIiae

897 1547 960 1576 tute,
977 1548 1003 1570 et
1014 1550 1066 1571 non
1081 1542 1150 1570 ultra
1166 1542 1275 1576 adjicies
1288 1545 1316 1569 ut
1330 1539 1454 1576 glorieris
1468 1545 1548 1572 super
1567 1542 1684 1564 montem

897 1593 1019 1617 sanctum
1047 1596 1147 1616 meum.
1167 1598 1178 1615 ι
1198 1587 1257 1614 Non
1294 1586 1365 1614 enim
1391 1589 1485 1620 perget
1513 1589 1687 1611 contemnere

898 1636 1022 1663 homines
1047 1639 1076 1662 ut
1102 1633 1325 1669 perimbeeillos:
1357 1639 1407 1659 nec
1437 1633 1558 1662 insolens
1583 1635 1636 1662 erit
1658 1634 1684 1660 in

897 1681 1091 1712 sanctiﬁcatos.
1101 1680 1179 1708 facile
1190 1688 1239 1715 pro
1249 1680 1382 1707 arbitratu
1399 1686 1449 1706 suo
1459 1679 1518 1706 illos
1531 1680 1684 1714 exagitans.

897 1727 1171 1754 Prmterieruntenim
1184 1730 1285 1758 vetera,
1296 1730 1323 1752 et
1335 1732 1425 1752 rerum
1443 1730 1545 1753 natura
1565 1726 1592 1752 in
1609 1726 1686 1752 novi-

899 1777 981 1800 tatem
992 1771 1126 1799 concessit
1140 1771 1162 1804 ⁸,
1177 1771 1285 1798 Christo
1300 1778 1347 1799 eas
1360 1771 1537 1804 refortnante,
1560 1776 1588 1797 et
1613 1770 1685 1805 quod

899 1818 1033 1845 inﬁrmum
1051 1821 1110 1845 erat
1125 1817 1151 1844 in
1170 1817 1405 1853 germanissimam
1425 1816 1580 1844 ﬁrmitatem
1613 1813 1685 1843 redi-

897 1870 986 1900 gente,
1003 1869 1030 1891 et
1041 1864 1074 1891 ad
1083 1864 1211 1898 pietatem
1225 1864 1296 1899 quod
1311 1864 1430 1897 peccatis
1449 1871 1543 1898 parum
1574 1863 1686 1890 resiste-

898 1911 1158 1944 lmt,conlirmante,
1184 1914 1213 1938 et
1237 1911 1307 1945 quod
1341 1909 1489 1937 ﬂuctuabat
1517 1909 1683 1937 stabilicnte.

897 1958 966 1992 Ergo
975 1958 1070 1985 ablata:
1078 1958 1357 1992 suntcontemptiones
1363 1955 1684 1988 contumelitepliabolica:

897 2009 971 2039 pnta,
988 2011 1039 2031 nec
1059 2004 1085 2030 in
1104 2009 1242 2038 posterum
1254 2008 1348 2031 contra
1364 2007 1482 2030 montem
1500 2006 1624 2029 sanctum
1640 2009 1685 2028 su-

898 2051 990 2086 perbia
1005 2050 1142 2082 efferetur,
1156 2051 1181 2078 id
1194 2055 1245 2083 est,
1264 2056 1357 2078 contra
1372 2051 1448 2084 Sion,
1477 2057 1557 2085 quam
1579 2048 1685 2075 animus

897 2098 994 2129 cernit,
1008 2104 1067 2132 quae
1084 2101 1124 2125 est
1143 2096 1262 2124 Ecclesia
1279 2096 1325 2124 Dei
1352 2096 1477 2124 viventis.
1499 2095 1622 2123 Fundata
1643 2097 1685 2121 est

897 2144 969 2171 enim
985 2151 1066 2178 super
1083 2147 1187 2178 petram
1198 2142 1218 2170 ⁸.
1237 2151 1246 2168 ι
1267 2143 1300 2170 Et
1309 2148 1394 2177 portat
1409 2142 1488 2170 inferi
1502 2149 1562 2169 non»
1581 2148 1685 2176 praeva-

898 2189 990 2216 lebunt
1003 2189 1132 2216 adversus
1147 2196 1207 2216 eam
1218 2189 1240 2215 ⁷.
1254 2197 1264 2214 ›
1284 2188 1399 2216 Montem
1425 2195 1507 2223 porro
1535 2187 1685 2214 Ecclesiam

898 2234 982 2262 Isaias
997 2242 1104 2269 quoque
1115 2235 1243 2269 propheta
1271 2233 1420 2261 nominavit
1436 2241 1444 2260 :
1463 2243 1472 2259 ι
1488 2233 1555 2266 Quia
1572 2233 1624 2260 erit
1657 2232 1687 2263 iu

899 2279 1053 2306 novissimis
1074 2279 1169 2306 diebus
1186 2278 1347 2306 manifestus
1362 2286 1439 2306 mons
1458 2278 1574 2309 Domini,
1591 2282 1618 2305 et
1634 2277 1684 2304 do-

899 2334 958 2352 mus
974 2325 1021 2352 Dei
1035 2326 1062 2352 in
1075 2325 1233 2354 summitate
1243 2325 1386 2358 montium,
1402 2324 1485 2360 619
1499 2328 1525 2351 ot.
1536 2322 1686 2350 elevabitur

898 2379 979 2406 super
989 2372 1082 2404 colles,
1096 2377 1123 2399 et
1135 2372 1244 2399 venient
1261 2371 1295 2399 ad
1323 2379 1384 2399 eum
1410 2376 1502 2405 gentes
1517 2376 1631 2402 omnes,
1659 2373 1687 2395 et

898 2417 974 2443 ibuttt
989 2421 1083 2451 gentes
1099 2417 1199 2449 multae,
1214 2418 1360 2445 etdiccnt:
1381 2416 1486 2448 Vertite,
1515 2421 1542 2443 et
1559 2414 1687 2442 ascenda-

899 2471 958 2490 mus
974 2464 1007 2489 ad
1025 2467 1140 2490 montem
1163 2464 1318 2498 Domini,et
1337 2467 1370 2493 ad
1390 2465 1498 2492 domum
1521 2462 1566 2490 Dei
1592 2462 1684 2495 ἕκτοι),

899 2514 924 2536 et
942 2508 1113 2536 annuntiabit
1127 2509 1204 2537 nobis
1220 2510 1290 2538 viam
1303 2519 1390 2544 suam,
1405 2517 1430 2539 et
1451 2510 1647 2538 ambulabimus
1659 2509 1686 2536 in

898 2562 929 2582 ea
942 2555 962 2581 ³.
982 2563 992 2580 ι

935 2602 1018 2629 Vens.
1041 2602 1083 2634 12,
1104 2602 1147 2629 15.
1164 2601 1197 2628 Ει
1214 2601 1360 2636 relinquam
1375 2602 1401 2628 in
1421 2607 1445 2628 le
1466 2601 1589 2635 populum
1612 2607 1688 2626 matt-

899 2652 1003 2674 snelum
1018 2652 1042 2674 et
1057 2647 1189 2673 humilem.
1203 2646 1237 2672 Et
1250 2646 1378 2672 timebunt
1408 2654 1423 2672 a
1448 2646 1552 2672 nomine
1581 2644 1688 2672 Domini

900 2693 992 2727 reliqui
1009 2691 1103 2724 Israel,
1119 2696 1142 2718 et
1160 2699 1210 2718 non
1230 2690 1330 2724 facient
1348 2690 1524 2724 iniquitatem,
1538 2697 1619 2724 neque
1648 2688 1687 2714 lo-

899 2743 1011 2774 quentur
1022 2747 1097 2771 rana,
1113 2742 1136 2765 et
1149 2745 1201 2764 non
1213 2737 1359 2764 inuenietur
1375 2736 1402 2762 in
1423 2743 1466 2762 ore
1489 2743 1579 2762 eorum
1597 2735 1688 2769 lingua

900 2785 1003 2811 dolosa.

95 2881 105 2898 ³
117 2882 170 2910 Tit.
183 2890 223 2917 tit,
240 2883 266 2916 ὕ,
285 2882 310 2910 'l.
349 2887 358 2902 δ
373 2882 454 2911 Ichr.
468 2891 506 2917 ix,
523 2883 566 2910 2i.
605 2883 614 2899 '
630 2883 651 2911 II
668 2882 731 2910 Cor.
748 2889 772 2916 ν,
791 2882 832 2909 17.

899 2881 987 2910 llattli.
1005 2888 1054 2916 νη,
1070 2880 1115 2908 25.
1155 2881 1164 2897 ⁷
1179 2879 1274 2908 Matth.
1291 2878 1402 2915 xw,18.
1440 2879 1450 2894 ⁸
1469 2877 1520 2906 lsa.
1535 2885 1565 2912 ti,
1582 2878 1610 2912 2,
1625 2877 1651 2904 5.
