  <div class='ocr_page' id='page_1' title='image "/cluster/home/n/w/nwhite01/storage/ocr_20150623/71/njp.32101077772745/597.png"; bbox 0 0 1917 3038; ppageno 0'>
   <div class='ocr_carea' id='block_1_1' title="bbox 237 145 301 172">
    <p class='ocr_par' dir='ltr' id='par_1_1' title="bbox 237 145 301 172">
     <span class='ocr_line' id='line_1_1' title="bbox 237 145 301 172; baseline 0.016 -1"><span class='ocrx_word' id='word_1_1' title='bbox 237 145 301 172; x_wconf 90' lang='grc'><strong>1011</strong></span> 
     </span>
    </p>
   </div>
   <div class='ocr_carea' id='block_1_2' title="bbox 271 205 1057 238">
    <p class='ocr_par' dir='ltr' id='par_1_2' title="bbox 271 205 1057 238">
     <span class='ocr_line' id='line_1_2' title="bbox 271 205 1057 238; baseline 0.005 -7"><span class='ocrx_word' id='word_1_2' title='bbox 271 205 338 232; x_wconf 76' lang='lat' dir='ltr'><strong>XLI.</strong></span> <span class='ocrx_word' id='word_1_3' title='bbox 358 205 461 233; x_wconf 78' lang='lat' dir='ltr'><strong>Rursus</strong></span> <span class='ocrx_word' id='word_1_4' title='bbox 477 206 554 237; x_wconf 85' lang='lat' dir='ltr'><strong>Sion.</strong></span> <span class='ocrx_word' id='word_1_5' title='bbox 572 206 629 234; x_wconf 80' lang='lat' dir='ltr'><strong>sive</strong></span> <span class='ocrx_word' id='word_1_6' title='bbox 646 211 768 234; x_wconf 81' lang='lat' dir='ltr'><strong>sanctam</strong></span> <span class='ocrx_word' id='word_1_7' title='bbox 782 207 918 234; x_wconf 86' lang='lat' dir='ltr'><strong>civitatem</strong></span> <span class='ocrx_word' id='word_1_8' title='bbox 943 215 1019 235; x_wconf 91' lang='lat' dir='ltr'><strong>com-</strong></span> <span class='ocrx_word' id='word_1_9' title='bbox 1035 212 1057 238; x_wconf 80' lang='grc' dir='ltr'>Α</span> 
     </span>
    </p>
   </div>
   <div class='ocr_carea' id='block_1_3' title="bbox 199 251 1020 287">
    <p class='ocr_par' dir='ltr' id='par_1_3' title="bbox 199 251 1020 287">
     <span class='ocr_line' id='line_1_3' title="bbox 199 251 1020 287; baseline 0.005 -9"><span class='ocrx_word' id='word_1_10' title='bbox 199 259 203 261; x_wconf 92' lang='grc'>·</span> <span class='ocrx_word' id='word_1_11' title='bbox 235 252 326 286; x_wconf 70' lang='lat' dir='ltr'><strong>pellat.</strong></span> <span class='ocrx_word' id='word_1_12' title='bbox 345 251 505 284; x_wconf 81' lang='lat' dir='ltr'><strong>Jerusalem,</strong></span> <span class='ocrx_word' id='word_1_13' title='bbox 522 252 640 286; x_wconf 89' lang='lat' dir='ltr'><strong>iuquatu,</strong></span> <span class='ocrx_word' id='word_1_14' title='bbox 656 252 682 279; x_wconf 91' lang='lat' dir='ltr'><strong>in</strong></span> <span class='ocrx_word' id='word_1_15' title='bbox 695 260 748 287; x_wconf 85' lang='lat' dir='ltr'><strong>qua</strong></span> <span class='ocrx_word' id='word_1_16' title='bbox 764 252 845 280; x_wconf 83' lang='lat' dir='ltr'><strong>etiam</strong></span> <span class='ocrx_word' id='word_1_17' title='bbox 857 254 1020 282; x_wconf 84' lang='lat' dir='ltr'><strong>mansuetis-</strong></span> 
     </span>
    </p>
   </div>
   <div class='ocr_carea' id='block_1_4' title="bbox 235 297 1021 334">
    <p class='ocr_par' dir='ltr' id='par_1_4' title="bbox 235 297 1021 334">
     <span class='ocr_line' id='line_1_4' title="bbox 235 297 1021 334; baseline 0.004 -11"><span class='ocrx_word' id='word_1_18' title='bbox 235 298 332 324; x_wconf 85' lang='lat' dir='ltr'><strong>situutu</strong></span> <span class='ocrx_word' id='word_1_19' title='bbox 348 302 374 324; x_wconf 90' lang='lat' dir='ltr'><strong>et</strong></span> <span class='ocrx_word' id='word_1_20' title='bbox 394 297 522 324; x_wconf 80' lang='lat' dir='ltr'><strong>humilem</strong></span> <span class='ocrx_word' id='word_1_21' title='bbox 546 298 672 332; x_wconf 87' lang='lat' dir='ltr'><strong>populum</strong></span> <span class='ocrx_word' id='word_1_22' title='bbox 692 305 721 325; x_wconf 87' lang='lat' dir='ltr'><strong>se</strong></span> <span class='ocrx_word' id='word_1_23' title='bbox 747 299 903 326; x_wconf 86' lang='lat' dir='ltr'><strong>relicturum</strong></span> <span class='ocrx_word' id='word_1_24' title='bbox 923 307 1021 334; x_wconf 84' lang='lat' dir='ltr'><strong>appro-</strong></span> 
     </span>
    </p>
   </div>
   <div class='ocr_carea' id='block_1_5' title="bbox 235 343 1020 374">
    <p class='ocr_par' dir='ltr' id='par_1_5' title="bbox 235 343 1020 374">
     <span class='ocr_line' id='line_1_5' title="bbox 235 343 1020 374; baseline 0.006 -5"><span class='ocrx_word' id='word_1_25' title='bbox 235 343 326 370; x_wconf 86' lang='lat' dir='ltr'><strong>tnittit.</strong></span> <span class='ocrx_word' id='word_1_26' title='bbox 340 343 402 370; x_wconf 86' lang='lat' dir='ltr'><strong>Dire</strong></span> <span class='ocrx_word' id='word_1_27' title='bbox 423 343 494 370; x_wconf 90' lang='lat' dir='ltr'><strong>enim</strong></span> <span class='ocrx_word' id='word_1_28' title='bbox 508 344 613 371; x_wconf 74' lang='lat' dir='ltr'><strong>vexavit</strong></span> <span class='ocrx_word' id='word_1_29' title='bbox 624 345 744 372; x_wconf 87' lang='lat' dir='ltr'><strong>omnium</strong></span> <span class='ocrx_word' id='word_1_30' title='bbox 762 344 928 373; x_wconf 84' lang='lat' dir='ltr'><strong>Salvatorent</strong></span> <span class='ocrx_word' id='word_1_31' title='bbox 941 346 1020 374; x_wconf 84' lang='lat' dir='ltr'><strong>Chri-</strong></span> 
     </span>
    </p>
   </div>
   <div class='ocr_carea' id='block_1_6' title="bbox 236 387 1020 426">
    <p class='ocr_par' dir='ltr' id='par_1_6' title="bbox 236 387 1020 426">
     <span class='ocr_line' id='line_1_6' title="bbox 236 387 1020 426; baseline 0.006 -11"><span class='ocrx_word' id='word_1_32' title='bbox 236 394 306 416; x_wconf 87' lang='lat' dir='ltr'><strong>stum</strong></span> <span class='ocrx_word' id='word_1_33' title='bbox 336 387 489 416; x_wconf 71' lang='lat' dir='ltr'><strong>Judteorum</strong></span> <span class='ocrx_word' id='word_1_34' title='bbox 524 390 676 426; x_wconf 78' lang='lat' dir='ltr'><strong>Synagogu,</strong></span> <span class='ocrx_word' id='word_1_35' title='bbox 701 395 729 417; x_wconf 88' lang='lat' dir='ltr'><strong>et</strong></span> <span class='ocrx_word' id='word_1_36' title='bbox 764 391 906 419; x_wconf 88' lang='lat' dir='ltr'><strong>Dominqu</strong></span> <span class='ocrx_word' id='word_1_37' title='bbox 942 400 1020 420; x_wconf 89' lang='lat' dir='ltr'><strong>suum</strong></span> 
     </span>
    </p>
   </div>
   <div class='ocr_carea' id='block_1_7' title="bbox 235 435 1019 472">
    <p class='ocr_par' dir='ltr' id='par_1_7' title="bbox 235 435 1019 472">
     <span class='ocr_line' id='line_1_7' title="bbox 235 435 1019 472; baseline 0.006 -11"><span class='ocrx_word' id='word_1_38' title='bbox 235 440 322 462; x_wconf 90' lang='lat' dir='ltr'><strong>morte</strong></span> <span class='ocrx_word' id='word_1_39' title='bbox 342 435 475 467; x_wconf 82' lang='lat' dir='ltr'><strong>multavit,</strong></span> <span class='ocrx_word' id='word_1_40' title='bbox 504 435 616 471; x_wconf 84' lang='lat' dir='ltr'><strong>ejusque</strong></span> <span class='ocrx_word' id='word_1_41' title='bbox 643 436 753 464; x_wconf 88' lang='lat' dir='ltr'><strong>sceleris</strong></span> <span class='ocrx_word' id='word_1_42' title='bbox 776 445 870 472; x_wconf 61' lang='lat' dir='ltr'><strong>poenas</strong></span> <span class='ocrx_word' id='word_1_43' title='bbox 894 438 1019 466; x_wconf 79' lang='lat' dir='ltr'><strong>exsolvit.</strong></span> 
     </span>
    </p>
   </div>
   <div class='ocr_carea' id='block_1_8' title="bbox 234 479 1023 515">
    <p class='ocr_par' dir='ltr' id='par_1_8' title="bbox 234 479 1023 515">
     <span class='ocr_line' id='line_1_8' title="bbox 234 479 1023 515; baseline 0.008 -9"><span class='ocrx_word' id='word_1_44' title='bbox 234 479 289 507; x_wconf 87' lang='lat' dir='ltr'><strong>Nec</strong></span> <span class='ocrx_word' id='word_1_45' title='bbox 304 485 393 507; x_wconf 89' lang='lat' dir='ltr'><strong>tatncn</strong></span> <span class='ocrx_word' id='word_1_46' title='bbox 410 486 463 508; x_wconf 84' lang='lat' dir='ltr'><strong>tota</strong></span> <span class='ocrx_word' id='word_1_47' title='bbox 477 482 557 515; x_wconf 90' lang='lat' dir='ltr'><strong>periit</strong></span> <span class='ocrx_word' id='word_1_48' title='bbox 573 490 579 508; x_wconf 72' lang='grc' dir='ltr'>ε</span> <span class='ocrx_word' id='word_1_49' title='bbox 599 487 768 510; x_wconf 73' lang='lat' dir='ltr'><strong>conservata:</strong></span> <span class='ocrx_word' id='word_1_50' title='bbox 798 487 863 510; x_wconf 86' lang='lat' dir='ltr'><strong>sunt</strong></span> <span class='ocrx_word' id='word_1_51' title='bbox 875 485 946 511; x_wconf 88' lang='lat' dir='ltr'><strong>enim</strong></span> <span class='ocrx_word' id='word_1_52' title='bbox 965 485 1023 512; x_wconf 88' lang='lat' dir='ltr'><strong>reli-</strong></span> 
     </span>
    </p>
   </div>
   <div class='ocr_carea' id='block_1_9' title="bbox 235 528 1021 562">
    <p class='ocr_par' dir='ltr' id='par_1_9' title="bbox 235 528 1021 562">
     <span class='ocr_line' id='line_1_9' title="bbox 235 528 1021 562; baseline 0.008 -9"><span class='ocrx_word' id='word_1_53' title='bbox 235 528 306 561; x_wconf 64' lang='lat' dir='ltr'><strong>quiae</strong></span> <span class='ocrx_word' id='word_1_54' title='bbox 322 528 342 558; x_wconf 85' lang='lat'><strong>&#39;,</strong></span> <span class='ocrx_word' id='word_1_55' title='bbox 357 532 383 554; x_wconf 89' lang='lat' dir='ltr'><strong>et</strong></span> <span class='ocrx_word' id='word_1_56' title='bbox 397 528 470 562; x_wconf 87' lang='lat' dir='ltr'><strong>quod</strong></span> <span class='ocrx_word' id='word_1_57' title='bbox 486 528 614 559; x_wconf 85' lang='lat' dir='ltr'><strong>restabat,</strong></span> <span class='ocrx_word' id='word_1_58' title='bbox 633 529 746 556; x_wconf 86' lang='lat' dir='ltr'><strong>salutem</strong></span> <span class='ocrx_word' id='word_1_59' title='bbox 772 535 814 558; x_wconf 91' lang='lat' dir='ltr'><strong>est</strong></span> <span class='ocrx_word' id='word_1_60' title='bbox 834 536 1021 558; x_wconf 84' lang='lat' dir='ltr'><strong>consecutum.</strong></span> 
     </span>
    </p>
   </div>
   <div class='ocr_carea' id='block_1_10' title="bbox 234 574 1023 612">
    <p class='ocr_par' dir='ltr' id='par_1_10' title="bbox 234 574 1023 612">
     <span class='ocr_line' id='line_1_10' title="bbox 234 574 1023 612; baseline 0.005 -12"><span class='ocrx_word' id='word_1_61' title='bbox 234 574 356 602; x_wconf 87' lang='lat' dir='ltr'><strong>Credidit</strong></span> <span class='ocrx_word' id='word_1_62' title='bbox 368 575 441 601; x_wconf 87' lang='lat' dir='ltr'><strong>enim</strong></span> <span class='ocrx_word' id='word_1_63' title='bbox 461 582 495 602; x_wconf 78' lang='lat' dir='ltr'><strong>ex</strong></span> <span class='ocrx_word' id='word_1_64' title='bbox 512 574 565 601; x_wconf 88' lang='lat' dir='ltr'><strong>illis</strong></span> <span class='ocrx_word' id='word_1_65' title='bbox 586 575 728 602; x_wconf 86' lang='lat' dir='ltr'><strong>multitudo</strong></span> <span class='ocrx_word' id='word_1_66' title='bbox 743 584 794 603; x_wconf 91' lang='lat' dir='ltr'><strong>non</strong></span> <span class='ocrx_word' id='word_1_67' title='bbox 812 578 921 612; x_wconf 79' lang='lat' dir='ltr'><strong>exigua.</strong></span> <span class='ocrx_word' id='word_1_68' title='bbox 936 577 1023 611; x_wconf 84' lang='lat' dir='ltr'><strong>Atque</strong></span> 
     </span>
    </p>
   </div>
   <div class='ocr_carea' id='block_1_11' title="bbox 234 620 1022 654">
    <p class='ocr_par' dir='ltr' id='par_1_11' title="bbox 234 620 1022 654">
     <span class='ocr_line' id='line_1_11' title="bbox 234 620 1022 654; baseline 0.003 -8"><span class='ocrx_word' id='word_1_69' title='bbox 234 620 272 646; x_wconf 93' lang='lat' dir='ltr'><strong>illi</strong></span> <span class='ocrx_word' id='word_1_70' title='bbox 283 625 359 647; x_wconf 88' lang='lat' dir='ltr'><strong>erant</strong></span> <span class='ocrx_word' id='word_1_71' title='bbox 370 620 413 647; x_wconf 87' lang='lat' dir='ltr'><strong>isti</strong></span> <span class='ocrx_word' id='word_1_72' title='bbox 434 621 578 652; x_wconf 84' lang='lat' dir='ltr'><strong>mansueti,</strong></span> <span class='ocrx_word' id='word_1_73' title='bbox 597 621 640 654; x_wconf 95' lang='lat' dir='ltr'><strong>qui</strong></span> <span class='ocrx_word' id='word_1_74' title='bbox 654 629 706 648; x_wconf 94' lang='lat' dir='ltr'><strong>non</strong></span> <span class='ocrx_word' id='word_1_75' title='bbox 717 627 853 649; x_wconf 85' lang='lat' dir='ltr'><strong>taurorum</strong></span> <span class='ocrx_word' id='word_1_76' title='bbox 866 622 892 649; x_wconf 91' lang='lat' dir='ltr'><strong>in</strong></span> <span class='ocrx_word' id='word_1_77' title='bbox 921 629 1022 649; x_wconf 90' lang='lat' dir='ltr'><strong>morem</strong></span> 
     </span>
    </p>
   </div>
   <div class='ocr_carea' id='block_1_12' title="bbox 235 665 1020 702">
    <p class='ocr_par' dir='ltr' id='par_1_12' title="bbox 235 665 1020 702">
     <span class='ocr_line' id='line_1_12' title="bbox 235 665 1020 702; baseline 0.001 -10"><span class='ocrx_word' id='word_1_78' title='bbox 235 666 264 693; x_wconf 91' lang='lat' dir='ltr'><strong>in</strong></span> <span class='ocrx_word' id='word_1_79' title='bbox 283 665 420 693; x_wconf 84' lang='lat' dir='ltr'><strong>Christum</strong></span> <span class='ocrx_word' id='word_1_80' title='bbox 434 665 535 694; x_wconf 65' lang='lat' dir='ltr'><strong>efferati</strong></span> <span class='ocrx_word' id='word_1_81' title='bbox 554 672 616 693; x_wconf 89' lang='lat' dir='ltr'><strong>sunt</strong></span> <span class='ocrx_word' id='word_1_82' title='bbox 631 667 662 700; x_wconf 67' lang='grc' dir='ltr'><strong>η,</strong></span> <span class='ocrx_word' id='word_1_83' title='bbox 677 668 904 702; x_wconf 84' lang='lat' dir='ltr'><strong>quemadmodum</strong></span> <span class='ocrx_word' id='word_1_84' title='bbox 916 667 960 702; x_wconf 90' lang='lat' dir='ltr'><strong>qui</strong></span> <span class='ocrx_word' id='word_1_85' title='bbox 978 667 1020 693; x_wconf 79' lang='lat' dir='ltr'><strong>Pi-</strong></span> 
     </span>
    </p>
   </div>
   <div class='ocr_carea' id='block_1_13' title="bbox 235 711 1022 744">
    <p class='ocr_par' dir='ltr' id='par_1_13' title="bbox 235 711 1022 744">
     <span class='ocr_line' id='line_1_13' title="bbox 235 711 1022 744; baseline 0 -5"><span class='ocrx_word' id='word_1_86' title='bbox 235 711 291 739; x_wconf 83' lang='lat' dir='ltr'><strong>lato</strong></span> <span class='ocrx_word' id='word_1_87' title='bbox 302 719 362 739; x_wconf 88' lang='lat' dir='ltr'><strong>eutn</strong></span> <span class='ocrx_word' id='word_1_88' title='bbox 378 717 440 740; x_wconf 87' lang='lat' dir='ltr'><strong>tunc</strong></span> <span class='ocrx_word' id='word_1_89' title='bbox 455 712 622 744; x_wconf 81' lang='lat' dir='ltr'><strong>obtulerunt,</strong></span> <span class='ocrx_word' id='word_1_90' title='bbox 650 713 809 744; x_wconf 79' lang='lat' dir='ltr'><strong>clamantes,</strong></span> <span class='ocrx_word' id='word_1_91' title='bbox 827 717 854 739; x_wconf 87' lang='lat' dir='ltr'><strong>et</strong></span> <span class='ocrx_word' id='word_1_92' title='bbox 883 713 1001 740; x_wconf 85' lang='lat' dir='ltr'><strong>dicentes</strong></span> <span class='ocrx_word' id='word_1_93' title='bbox 1016 722 1022 740; x_wconf 91' lang='lat'><strong>:</strong></span> 
     </span>
    </p>
   </div>
   <div class='ocr_carea' id='block_1_14' title="bbox 238 758 1024 793">
    <p class='ocr_par' dir='ltr' id='par_1_14' title="bbox 238 758 1024 793">
     <span class='ocr_line' id='line_1_14' title="bbox 238 758 1024 793; baseline 0.001 -8"><span class='ocrx_word' id='word_1_94' title='bbox 238 767 248 784; x_wconf 85' lang='grc'><em>‹</em></span> <span class='ocrx_word' id='word_1_95' title='bbox 262 758 348 791; x_wconf 82' lang='lat' dir='ltr'><strong>Tolle,</strong></span> <span class='ocrx_word' id='word_1_96' title='bbox 362 758 434 790; x_wconf 85' lang='lat' dir='ltr'><strong>tolle,</strong></span> <span class='ocrx_word' id='word_1_97' title='bbox 445 758 572 793; x_wconf 77' lang='lat' dir='ltr'><strong>cruciﬁge</strong></span> <span class='ocrx_word' id='word_1_98' title='bbox 586 766 647 786; x_wconf 90' lang='lat' dir='ltr'><strong>eum</strong></span> <span class='ocrx_word' id='word_1_99' title='bbox 661 759 708 784; x_wconf 72' lang='grc' dir='ltr'><strong>η.»</strong></span> <span class='ocrx_word' id='word_1_100' title='bbox 724 758 956 792; x_wconf 71' lang='grc' dir='ltr'><strong>Αι1ι11ι1ετυιιιιιιιεε</strong></span> <span class='ocrx_word' id='word_1_101' title='bbox 973 769 982 784; x_wconf 86' lang='grc'><strong><em>‹</em></strong></span> <span class='ocrx_word' id='word_1_102' title='bbox 996 758 1024 786; x_wconf 91' lang='lat' dir='ltr'><strong>Si</strong></span> 
     </span>
    </p>
   </div>
   <div class='ocr_carea' id='block_1_15' title="bbox 237 804 1025 837">
    <p class='ocr_par' dir='ltr' id='par_1_15' title="bbox 237 804 1025 837">
     <span class='ocr_line' id='line_1_15' title="bbox 237 804 1025 837; baseline 0.001 -7"><span class='ocrx_word' id='word_1_103' title='bbox 237 804 309 831; x_wconf 89' lang='lat' dir='ltr'><strong>hune</strong></span> <span class='ocrx_word' id='word_1_104' title='bbox 323 804 446 837; x_wconf 80' lang='lat' dir='ltr'><strong>dimittis,</strong></span> <span class='ocrx_word' id='word_1_105' title='bbox 461 812 512 831; x_wconf 93' lang='lat' dir='ltr'><strong>non</strong></span> <span class='ocrx_word' id='word_1_106' title='bbox 529 812 558 831; x_wconf 82' lang='lat' dir='ltr'><strong>cs</strong></span> <span class='ocrx_word' id='word_1_107' title='bbox 571 805 674 831; x_wconf 82' lang='lat' dir='ltr'><strong>amicus</strong></span> <span class='ocrx_word' id='word_1_108' title='bbox 703 804 827 832; x_wconf 69' lang='lat' dir='ltr'><strong>Caesaris.</strong></span> <span class='ocrx_word' id='word_1_109' title='bbox 848 812 859 829; x_wconf 71' lang='grc' dir='ltr'>ι</span> <span class='ocrx_word' id='word_1_110' title='bbox 889 804 957 837; x_wconf 79' lang='lat' dir='ltr'><strong>Quid</strong></span> <span class='ocrx_word' id='word_1_111' title='bbox 984 804 1025 831; x_wconf 88' lang='lat' dir='ltr'><strong>his</strong></span> 
     </span>
    </p>
   </div>
   <div class='ocr_carea' id='block_1_16' title="bbox 237 849 1024 884">
    <p class='ocr_par' dir='ltr' id='par_1_16' title="bbox 237 849 1024 884">
     <span class='ocr_line' id='line_1_16' title="bbox 237 849 1024 884; baseline 0 -9"><span class='ocrx_word' id='word_1_112' title='bbox 237 849 373 877; x_wconf 81' lang='lat' dir='ltr'><strong>crudelius</strong></span> <span class='ocrx_word' id='word_1_113' title='bbox 384 849 441 876; x_wconf 84' lang='lat' dir='ltr'><strong>fieri</strong></span> <span class='ocrx_word' id='word_1_114' title='bbox 462 849 568 884; x_wconf 79' lang='lat' dir='ltr'><strong>potuit?</strong></span> <span class='ocrx_word' id='word_1_115' title='bbox 581 849 630 882; x_wconf 84' lang='lat' dir='ltr'><strong>Qui</strong></span> <span class='ocrx_word' id='word_1_116' title='bbox 642 855 668 876; x_wconf 92' lang='lat' dir='ltr'><strong>et</strong></span> <span class='ocrx_word' id='word_1_117' title='bbox 678 849 781 884; x_wconf 82' lang='lat' dir='ltr'><strong>justum</strong></span> <span class='ocrx_word' id='word_1_118' title='bbox 808 849 968 884; x_wconf 80' lang='lat' dir='ltr'><strong>sanguinem</strong></span> <span class='ocrx_word' id='word_1_119' title='bbox 979 856 1024 876; x_wconf 91' lang='lat' dir='ltr'><strong>su-</strong></span> 
     </span>
    </p>
   </div>
   <div class='ocr_carea' id='block_1_17' title="bbox 238 894 1023 929">
    <p class='ocr_par' dir='ltr' id='par_1_17' title="bbox 238 894 1023 929">
     <span class='ocr_line' id='line_1_17' title="bbox 238 894 1023 929; baseline 0.003 -7"><span class='ocrx_word' id='word_1_120' title='bbox 238 903 287 929; x_wconf 85' lang='lat' dir='ltr'><strong>per</strong></span> <span class='ocrx_word' id='word_1_121' title='bbox 299 894 387 929; x_wconf 81' lang='lat' dir='ltr'><strong>capita</strong></span> <span class='ocrx_word' id='word_1_122' title='bbox 411 902 459 922; x_wconf 86' lang='lat' dir='ltr'><strong>sua</strong></span> <span class='ocrx_word' id='word_1_123' title='bbox 476 895 641 927; x_wconf 81' lang='lat' dir='ltr'><strong>haurientes,</strong></span> <span class='ocrx_word' id='word_1_124' title='bbox 662 900 764 923; x_wconf 87' lang='lat' dir='ltr'><strong>temere</strong></span> <span class='ocrx_word' id='word_1_125' title='bbox 779 900 807 923; x_wconf 86' lang='lat' dir='ltr'><strong>et</strong></span> <span class='ocrx_word' id='word_1_126' title='bbox 825 895 1023 924; x_wconf 80' lang='lat' dir='ltr'><strong>inconsiderate</strong></span> 
     </span>
    </p>
   </div>
   <div class='ocr_carea' id='block_1_18' title="bbox 237 939 1024 977">
    <p class='ocr_par' dir='ltr' id='par_1_18' title="bbox 237 939 1024 977">
     <span class='ocr_line' id='line_1_18' title="bbox 237 939 1024 977; baseline 0 -9"><span class='ocrx_word' id='word_1_127' title='bbox 237 940 456 968; x_wconf 86' lang='lat' dir='ltr'><strong>succlamabaut:</strong></span> <span class='ocrx_word' id='word_1_128' title='bbox 471 950 481 966; x_wconf 78' lang='grc' dir='ltr'>ι</span> <span class='ocrx_word' id='word_1_129' title='bbox 497 939 612 975; x_wconf 80' lang='lat' dir='ltr'><strong>Sanguis</strong></span> <span class='ocrx_word' id='word_1_130' title='bbox 625 941 684 976; x_wconf 87' lang='lat' dir='ltr'><strong>ejus</strong></span> <span class='ocrx_word' id='word_1_131' title='bbox 708 949 791 977; x_wconf 79' lang='lat' dir='ltr'><strong>super</strong></span> <span class='ocrx_word' id='word_1_132' title='bbox 817 949 867 970; x_wconf 92' lang='lat' dir='ltr'><strong>nos</strong></span> <span class='ocrx_word' id='word_1_133' title='bbox 890 946 918 969; x_wconf 90' lang='lat' dir='ltr'><strong>et</strong></span> <span class='ocrx_word' id='word_1_134' title='bbox 944 949 1024 976; x_wconf 90' lang='lat' dir='ltr'><strong>super</strong></span> 
     </span>
    </p>
   </div>
   <div class='ocr_carea' id='block_1_19' title="bbox 237 986 1023 1023">
    <p class='ocr_par' dir='ltr' id='par_1_19' title="bbox 237 986 1023 1023">
     <span class='ocr_line' id='line_1_19' title="bbox 237 986 1023 1023; baseline 0.001 -10"><span class='ocrx_word' id='word_1_135' title='bbox 237 986 306 1014; x_wconf 81' lang='lat' dir='ltr'><strong>ﬁlios</strong></span> <span class='ocrx_word' id='word_1_136' title='bbox 320 991 426 1014; x_wconf 83' lang='lat' dir='ltr'><strong>nostros</strong></span> <span class='ocrx_word' id='word_1_137' title='bbox 449 987 482 1013; x_wconf 84' lang='lat'><strong>&quot;.</strong></span> <span class='ocrx_word' id='word_1_138' title='bbox 504 996 514 1012; x_wconf 76' lang='grc' dir='ltr'>ι</span> <span class='ocrx_word' id='word_1_139' title='bbox 534 986 692 1014; x_wconf 83' lang='lat' dir='ltr'><strong>Mansuetus</strong></span> <span class='ocrx_word' id='word_1_140' title='bbox 725 987 808 1022; x_wconf 78' lang='lat' dir='ltr'><strong>igitur</strong></span> <span class='ocrx_word' id='word_1_141' title='bbox 840 987 965 1022; x_wconf 85' lang='lat' dir='ltr'><strong>populus,</strong></span> <span class='ocrx_word' id='word_1_142' title='bbox 978 989 1023 1023; x_wconf 87' lang='lat' dir='ltr'><strong>qui</strong></span> 
     </span>
    </p>
   </div>
   <div class='ocr_carea' id='block_1_20' title="bbox 236 1031 1023 1068">
    <p class='ocr_par' dir='ltr' id='par_1_20' title="bbox 236 1031 1023 1068">
     <span class='ocr_line' id='line_1_20' title="bbox 236 1031 1023 1068; baseline 0.003 -10"><span class='ocrx_word' id='word_1_143' title='bbox 236 1031 413 1059; x_wconf 82' lang='lat' dir='ltr'><strong>immanitatis</strong></span> <span class='ocrx_word' id='word_1_144' title='bbox 428 1032 522 1059; x_wconf 91' lang='lat' dir='ltr'><strong>horum</strong></span> <span class='ocrx_word' id='word_1_145' title='bbox 532 1033 666 1068; x_wconf 83' lang='lat' dir='ltr'><strong>particeps</strong></span> <span class='ocrx_word' id='word_1_146' title='bbox 677 1041 729 1061; x_wconf 90' lang='lat' dir='ltr'><strong>non</strong></span> <span class='ocrx_word' id='word_1_147' title='bbox 745 1033 812 1066; x_wconf 85' lang='lat' dir='ltr'><strong>fuit;</strong></span> <span class='ocrx_word' id='word_1_148' title='bbox 823 1034 931 1061; x_wconf 86' lang='lat' dir='ltr'><strong>humilis</strong></span> <span class='ocrx_word' id='word_1_149' title='bbox 947 1034 1023 1066; x_wconf 81' lang='lat' dir='ltr'><strong>item,</strong></span> 
     </span>
    </p>
   </div>
   <div class='ocr_carea' id='block_1_21' title="bbox 236 1076 1023 1113">
    <p class='ocr_par' dir='ltr' id='par_1_21' title="bbox 236 1076 1023 1113">
     <span class='ocr_line' id='line_1_21' title="bbox 236 1076 1023 1113; baseline 0.004 -10"><span class='ocrx_word' id='word_1_150' title='bbox 236 1079 371 1111; x_wconf 81' lang='lat' dir='ltr'><strong>quatenus</strong></span> <span class='ocrx_word' id='word_1_151' title='bbox 386 1077 412 1104; x_wconf 92' lang='lat' dir='ltr'><strong>in</strong></span> <span class='ocrx_word' id='word_1_152' title='bbox 430 1076 540 1105; x_wconf 81' lang='lat' dir='ltr'><strong>Christo</strong></span> <span class='ocrx_word' id='word_1_153' title='bbox 553 1085 583 1105; x_wconf 86' lang='lat' dir='ltr'><strong>se</strong></span> <span class='ocrx_word' id='word_1_154' title='bbox 607 1078 734 1113; x_wconf 79' lang='lat' dir='ltr'><strong>subjecit,</strong></span> <span class='ocrx_word' id='word_1_155' title='bbox 763 1084 791 1106; x_wconf 87' lang='lat' dir='ltr'><strong>et</strong></span> <span class='ocrx_word' id='word_1_156' title='bbox 820 1079 934 1107; x_wconf 81' lang='lat' dir='ltr'><strong>habenis</strong></span> <span class='ocrx_word' id='word_1_157' title='bbox 966 1079 1023 1113; x_wconf 79' lang='lat' dir='ltr'><strong>eius</strong></span> 
     </span>
    </p>
   </div>
   <div class='ocr_carea' id='block_1_22' title="bbox 236 1123 1025 1160">
    <p class='ocr_par' dir='ltr' id='par_1_22' title="bbox 236 1123 1025 1160">
     <span class='ocr_line' id='line_1_22' title="bbox 236 1123 1025 1160; baseline 0.003 -10"><span class='ocrx_word' id='word_1_158' title='bbox 236 1123 370 1150; x_wconf 82' lang='lat' dir='ltr'><strong>cervicem</strong></span> <span class='ocrx_word' id='word_1_159' title='bbox 388 1124 484 1150; x_wconf 85' lang='lat' dir='ltr'><strong>utentis</strong></span> <span class='ocrx_word' id='word_1_160' title='bbox 502 1123 631 1155; x_wconf 87' lang='lat' dir='ltr'><strong>subdidit,</strong></span> <span class='ocrx_word' id='word_1_161' title='bbox 649 1124 879 1160; x_wconf 82' lang='lat' dir='ltr'><strong>libentissimeth</strong></span> <span class='ocrx_word' id='word_1_162' title='bbox 905 1125 1025 1153; x_wconf 85' lang='lat' dir='ltr'><strong>obedivit</strong></span> 
     </span>
    </p>
   </div>
   <div class='ocr_carea' id='block_1_23' title="bbox 237 1168 1023 1206">
    <p class='ocr_par' dir='ltr' id='par_1_23' title="bbox 237 1168 1023 1206">
     <span class='ocr_line' id='line_1_23' title="bbox 237 1168 1023 1206; baseline 0.003 -10"><span class='ocrx_word' id='word_1_163' title='bbox 237 1176 269 1196; x_wconf 82' lang='lat' dir='ltr'><strong>ex</strong></span> <span class='ocrx_word' id='word_1_164' title='bbox 287 1168 420 1196; x_wconf 86' lang='lat' dir='ltr'><strong>charitale</strong></span> <span class='ocrx_word' id='word_1_165' title='bbox 434 1169 557 1196; x_wconf 80' lang='lat' dir='ltr'><strong>dicenti:</strong></span> <span class='ocrx_word' id='word_1_166' title='bbox 579 1179 588 1195; x_wconf 80' lang='grc' dir='ltr'>ι</span> <span class='ocrx_word' id='word_1_167' title='bbox 608 1169 704 1197; x_wconf 85' lang='lat' dir='ltr'><strong>Venite</strong></span> <span class='ocrx_word' id='word_1_168' title='bbox 737 1171 770 1198; x_wconf 85' lang='lat' dir='ltr'><strong>ad</strong></span> <span class='ocrx_word' id='word_1_169' title='bbox 796 1179 849 1203; x_wconf 84' lang='lat' dir='ltr'><strong>tne,</strong></span> <span class='ocrx_word' id='word_1_170' title='bbox 875 1179 970 1198; x_wconf 80' lang='lat' dir='ltr'><strong>omnes</strong></span> <span class='ocrx_word' id='word_1_171' title='bbox 979 1171 1023 1206; x_wconf 86' lang='lat' dir='ltr'><strong>qui</strong></span> 
     </span>
    </p>
   </div>
   <div class='ocr_carea' id='block_1_24' title="bbox 238 1215 1026 1251">
    <p class='ocr_par' dir='ltr' id='par_1_24' title="bbox 238 1215 1026 1251">
     <span class='ocr_line' id='line_1_24' title="bbox 238 1215 1026 1251; baseline 0.004 -9"><span class='ocrx_word' id='word_1_172' title='bbox 238 1215 366 1243; x_wconf 79' lang='lat' dir='ltr'><strong>laboratis</strong></span> <span class='ocrx_word' id='word_1_173' title='bbox 375 1220 402 1243; x_wconf 87' lang='lat' dir='ltr'><strong>et</strong></span> <span class='ocrx_word' id='word_1_174' title='bbox 415 1216 520 1243; x_wconf 86' lang='lat' dir='ltr'><strong>onerati</strong></span> <span class='ocrx_word' id='word_1_175' title='bbox 530 1216 606 1249; x_wconf 89' lang='lat' dir='ltr'><strong>estis,</strong></span> <span class='ocrx_word' id='word_1_176' title='bbox 620 1221 646 1244; x_wconf 90' lang='lat' dir='ltr'><strong>et</strong></span> <span class='ocrx_word' id='word_1_177' title='bbox 659 1224 709 1251; x_wconf 85' lang='lat' dir='ltr'><strong>ego</strong></span> <span class='ocrx_word' id='word_1_178' title='bbox 724 1216 843 1244; x_wconf 75' lang='lat' dir='ltr'><strong>reficiam</strong></span> <span class='ocrx_word' id='word_1_179' title='bbox 855 1224 912 1245; x_wconf 83' lang='lat' dir='ltr'><strong>vos.</strong></span> <span class='ocrx_word' id='word_1_180' title='bbox 928 1217 1026 1245; x_wconf 84' lang='lat' dir='ltr'><strong>Tollite</strong></span> 
     </span>
    </p>
   </div>
   <div class='ocr_carea' id='block_1_25' title="bbox 236 1261 1026 1297">
    <p class='ocr_par' dir='ltr' id='par_1_25' title="bbox 236 1261 1026 1297">
     <span class='ocr_line' id='line_1_25' title="bbox 236 1261 1026 1297; baseline 0.004 -10"><span class='ocrx_word' id='word_1_181' title='bbox 236 1261 329 1296; x_wconf 69' lang='lat' dir='ltr'><strong>iugum</strong></span> <span class='ocrx_word' id='word_1_182' title='bbox 341 1269 428 1289; x_wconf 90' lang='lat' dir='ltr'><strong>meum</strong></span> <span class='ocrx_word' id='word_1_183' title='bbox 449 1269 531 1297; x_wconf 90' lang='lat' dir='ltr'><strong>super</strong></span> <span class='ocrx_word' id='word_1_184' title='bbox 543 1270 602 1294; x_wconf 85' lang='lat' dir='ltr'><strong>vos,</strong></span> <span class='ocrx_word' id='word_1_185' title='bbox 617 1266 643 1289; x_wconf 89' lang='lat' dir='ltr'><strong>ct</strong></span> <span class='ocrx_word' id='word_1_186' title='bbox 657 1262 754 1290; x_wconf 88' lang='lat' dir='ltr'><strong>discite</strong></span> <span class='ocrx_word' id='word_1_187' title='bbox 767 1270 780 1289; x_wconf 91' lang='lat' dir='ltr'><strong>a</strong></span> <span class='ocrx_word' id='word_1_188' title='bbox 797 1270 851 1296; x_wconf 88' lang='lat' dir='ltr'><strong>me,</strong></span> <span class='ocrx_word' id='word_1_189' title='bbox 876 1265 938 1297; x_wconf 87' lang='lat' dir='ltr'><strong>quia</strong></span> <span class='ocrx_word' id='word_1_190' title='bbox 953 1263 1026 1291; x_wconf 87' lang='lat' dir='ltr'><strong>mitis</strong></span> 
     </span>
    </p>
   </div>
   <div class='ocr_carea' id='block_1_26' title="bbox 237 1308 1026 1344">
    <p class='ocr_par' dir='ltr' id='par_1_26' title="bbox 237 1308 1026 1344">
     <span class='ocr_line' id='line_1_26' title="bbox 237 1308 1026 1344; baseline 0.001 -9"><span class='ocrx_word' id='word_1_191' title='bbox 237 1315 295 1335; x_wconf 86' lang='lat' dir='ltr'><strong>sum</strong></span> <span class='ocrx_word' id='word_1_192' title='bbox 311 1314 338 1336; x_wconf 89' lang='lat' dir='ltr'><strong>et</strong></span> <span class='ocrx_word' id='word_1_193' title='bbox 356 1308 464 1336; x_wconf 88' lang='lat' dir='ltr'><strong>humilis</strong></span> <span class='ocrx_word' id='word_1_194' title='bbox 481 1309 571 1341; x_wconf 88' lang='lat' dir='ltr'><strong>corde,</strong></span> <span class='ocrx_word' id='word_1_195' title='bbox 596 1313 624 1336; x_wconf 91' lang='lat' dir='ltr'><strong>et</strong></span> <span class='ocrx_word' id='word_1_196' title='bbox 641 1308 784 1336; x_wconf 89' lang='lat' dir='ltr'><strong>invenietis</strong></span> <span class='ocrx_word' id='word_1_197' title='bbox 819 1310 939 1344; x_wconf 82' lang='lat' dir='ltr'><strong>requiem</strong></span> <span class='ocrx_word' id='word_1_198' title='bbox 966 1310 1026 1336; x_wconf 88' lang='lat' dir='ltr'><strong>ani-</strong></span> 
     </span>
    </p>
   </div>
   <div class='ocr_carea' id='block_1_27' title="bbox 240 1353 1025 1389">
    <p class='ocr_par' dir='ltr' id='par_1_27' title="bbox 240 1353 1025 1389">
     <span class='ocr_line' id='line_1_27' title="bbox 240 1353 1025 1389; baseline 0.003 -9"><span class='ocrx_word' id='word_1_199' title='bbox 240 1354 334 1381; x_wconf 82' lang='lat' dir='ltr'><strong>mabus</strong></span> <span class='ocrx_word' id='word_1_200' title='bbox 347 1354 444 1382; x_wconf 87' lang='lat' dir='ltr'><strong>vestris</strong></span> <span class='ocrx_word' id='word_1_201' title='bbox 458 1353 490 1382; x_wconf 81' lang='grc'><strong>¹³.</strong></span> <span class='ocrx_word' id='word_1_202' title='bbox 509 1362 519 1380; x_wconf 88' lang='grc'><strong>›</strong></span> <span class='ocrx_word' id='word_1_203' title='bbox 533 1353 561 1381; x_wconf 84' lang='grc' dir='ltr'><strong>1η</strong></span> <span class='ocrx_word' id='word_1_204' title='bbox 576 1361 630 1389; x_wconf 90' lang='lat' dir='ltr'><strong>quo</strong></span> <span class='ocrx_word' id='word_1_205' title='bbox 644 1355 727 1381; x_wconf 88' lang='lat' dir='ltr'><strong>etiam</strong></span> <span class='ocrx_word' id='word_1_206' title='bbox 741 1354 852 1383; x_wconf 81' lang='lat' dir='ltr'><strong>Christo</strong></span> <span class='ocrx_word' id='word_1_207' title='bbox 865 1363 894 1382; x_wconf 89' lang='lat' dir='ltr'><strong>se</strong></span> <span class='ocrx_word' id='word_1_208' title='bbox 913 1356 1025 1383; x_wconf 88' lang='lat' dir='ltr'><strong>confor-</strong></span> 
     </span>
    </p>
   </div>
   <div class='ocr_carea' id='block_1_28' title="bbox 239 1399 1027 1435">
    <p class='ocr_par' dir='ltr' id='par_1_28' title="bbox 239 1399 1027 1435">
     <span class='ocr_line' id='line_1_28' title="bbox 239 1399 1027 1435; baseline 0.001 -9"><span class='ocrx_word' id='word_1_209' title='bbox 239 1404 359 1432; x_wconf 86' lang='lat' dir='ltr'><strong>maruut,</strong></span> <span class='ocrx_word' id='word_1_210' title='bbox 390 1399 437 1434; x_wconf 92' lang='lat' dir='ltr'><strong>qui</strong></span> <span class='ocrx_word' id='word_1_211' title='bbox 463 1404 575 1434; x_wconf 90' lang='lat' dir='ltr'><strong>propter</strong></span> <span class='ocrx_word' id='word_1_212' title='bbox 606 1407 656 1427; x_wconf 90' lang='lat' dir='ltr'><strong>nos</strong></span> <span class='ocrx_word' id='word_1_213' title='bbox 672 1400 757 1427; x_wconf 83' lang='lat' dir='ltr'><strong>factus</strong></span> <span class='ocrx_word' id='word_1_214' title='bbox 771 1404 811 1428; x_wconf 87' lang='lat' dir='ltr'><strong>est</strong></span> <span class='ocrx_word' id='word_1_215' title='bbox 838 1408 939 1435; x_wconf 89' lang='lat' dir='ltr'><strong>pauper</strong></span> <span class='ocrx_word' id='word_1_216' title='bbox 953 1401 985 1432; x_wconf 78' lang='grc'><strong>³⁸,</strong></span> <span class='ocrx_word' id='word_1_217' title='bbox 1000 1405 1027 1428; x_wconf 88' lang='lat' dir='ltr'><strong>et</strong></span> 
     </span>
    </p>
   </div>
   <div class='ocr_carea' id='block_1_29' title="bbox 239 1446 1026 1482">
    <p class='ocr_par' dir='ltr' id='par_1_29' title="bbox 239 1446 1026 1482">
     <span class='ocr_line' id='line_1_29' title="bbox 239 1446 1026 1482; baseline 0.004 -11"><span class='ocrx_word' id='word_1_218' title='bbox 239 1446 432 1480; x_wconf 88' lang='lat' dir='ltr'><strong>propemodum</strong></span> <span class='ocrx_word' id='word_1_219' title='bbox 449 1446 567 1473; x_wconf 84' lang='lat' dir='ltr'><strong>divinam</strong></span> <span class='ocrx_word' id='word_1_220' title='bbox 585 1446 699 1481; x_wconf 80' lang='lat' dir='ltr'><strong>gloriam</strong></span> <span class='ocrx_word' id='word_1_221' title='bbox 726 1453 804 1473; x_wconf 87' lang='lat' dir='ltr'><strong>suam</strong></span> <span class='ocrx_word' id='word_1_222' title='bbox 820 1447 1026 1482; x_wconf 88' lang='lat' dir='ltr'><strong>naturalemque</strong></span> 
     </span>
    </p>
   </div>
   <div class='ocr_carea' id='block_1_30' title="bbox 238 1491 1025 1528">
    <p class='ocr_par' dir='ltr' id='par_1_30' title="bbox 238 1491 1025 1528">
     <span class='ocr_line' id='line_1_30' title="bbox 238 1491 1025 1528; baseline 0.001 -8"><span class='ocrx_word' id='word_1_223' title='bbox 238 1491 424 1520; x_wconf 76' lang='lat' dir='ltr'><strong>excellentiam</strong></span> <span class='ocrx_word' id='word_1_224' title='bbox 434 1492 561 1528; x_wconf 74' lang='lat' dir='ltr'><strong>neglexit,</strong></span> <span class='ocrx_word' id='word_1_225' title='bbox 577 1493 738 1520; x_wconf 88' lang='lat' dir='ltr'><strong>utservilem</strong></span> <span class='ocrx_word' id='word_1_226' title='bbox 756 1493 938 1520; x_wconf 83' lang='lat' dir='ltr'><strong>conditionem</strong></span> <span class='ocrx_word' id='word_1_227' title='bbox 952 1500 1025 1521; x_wconf 72' lang='lat' dir='ltr'><strong>(nco-</strong></span> 
     </span>
    </p>
   </div>
   <div class='ocr_carea' id='block_1_31' title="bbox 239 1538 1060 1582">
    <p class='ocr_par' dir='ltr' id='par_1_31' title="bbox 239 1538 1060 1582">
     <span class='ocr_line' id='line_1_31' title="bbox 239 1538 1060 1582; baseline 0 -16"><span class='ocrx_word' id='word_1_228' title='bbox 239 1538 346 1566; x_wconf 88' lang='lat' dir='ltr'><strong>nomice</strong></span> <span class='ocrx_word' id='word_1_229' title='bbox 358 1538 470 1567; x_wconf 86' lang='lat' dir='ltr'><strong>subiret.</strong></span> <span class='ocrx_word' id='word_1_230' title='bbox 485 1538 577 1573; x_wconf 86' lang='lat' dir='ltr'><strong>itaque</strong></span> <span class='ocrx_word' id='word_1_231' title='bbox 594 1540 718 1566; x_wconf 85' lang='lat' dir='ltr'><strong>modeste</strong></span> <span class='ocrx_word' id='word_1_232' title='bbox 732 1539 765 1566; x_wconf 88' lang='lat' dir='ltr'><strong>de</strong></span> <span class='ocrx_word' id='word_1_233' title='bbox 780 1545 809 1566; x_wconf 87' lang='lat' dir='ltr'><strong>se</strong></span> <span class='ocrx_word' id='word_1_234' title='bbox 839 1539 923 1573; x_wconf 80' lang='lat' dir='ltr'><strong>ipsius</strong></span> <span class='ocrx_word' id='word_1_235' title='bbox 935 1546 1026 1566; x_wconf 83' lang='lat' dir='ltr'><strong>exem-</strong></span> <span class='ocrx_word' id='word_1_236' title='bbox 1040 1553 1060 1582; x_wconf 67' lang='grc' dir='ltr'>ο</span> 
     </span>
    </p>
   </div>
   <div class='ocr_carea' id='block_1_32' title="bbox 240 1582 1024 1618">
    <p class='ocr_par' dir='ltr' id='par_1_32' title="bbox 240 1582 1024 1618">
     <span class='ocr_line' id='line_1_32' title="bbox 240 1582 1024 1618; baseline 0.003 -10"><span class='ocrx_word' id='word_1_237' title='bbox 240 1583 284 1618; x_wconf 86' lang='lat' dir='ltr'><strong>plo</strong></span> <span class='ocrx_word' id='word_1_238' title='bbox 295 1583 427 1615; x_wconf 87' lang='lat' dir='ltr'><strong>sentiunt,</strong></span> <span class='ocrx_word' id='word_1_239' title='bbox 439 1583 486 1618; x_wconf 93' lang='lat' dir='ltr'><strong>qui</strong></span> <span class='ocrx_word' id='word_1_240' title='bbox 502 1583 561 1617; x_wconf 88' lang='lat' dir='ltr'><strong>ejus</strong></span> <span class='ocrx_word' id='word_1_241' title='bbox 577 1582 679 1616; x_wconf 85' lang='lat' dir='ltr'><strong>legibus</strong></span> <span class='ocrx_word' id='word_1_242' title='bbox 695 1583 881 1610; x_wconf 88' lang='lat' dir='ltr'><strong>instituuntur.</strong></span> <span class='ocrx_word' id='word_1_243' title='bbox 896 1583 928 1610; x_wconf 92' lang='lat' dir='ltr'><strong>lli</strong></span> <span class='ocrx_word' id='word_1_244' title='bbox 943 1583 1024 1610; x_wconf 90' lang='lat' dir='ltr'><strong>etiam</strong></span> 
     </span>
    </p>
   </div>
   <div class='ocr_carea' id='block_1_33' title="bbox 240 1628 1026 1657">
    <p class='ocr_par' dir='ltr' id='par_1_33' title="bbox 240 1628 1026 1657">
     <span class='ocr_line' id='line_1_33' title="bbox 240 1628 1026 1657; baseline 0.001 -1"><span class='ocrx_word' id='word_1_245' title='bbox 240 1629 372 1656; x_wconf 84' lang='lat' dir='ltr'><strong>timebunt</strong></span> <span class='ocrx_word' id='word_1_246' title='bbox 392 1636 488 1656; x_wconf 90' lang='lat' dir='ltr'><strong>nomen</strong></span> <span class='ocrx_word' id='word_1_247' title='bbox 511 1629 627 1656; x_wconf 86' lang='lat' dir='ltr'><strong>Domini.</strong></span> <span class='ocrx_word' id='word_1_248' title='bbox 657 1628 725 1656; x_wconf 90' lang='lat' dir='ltr'><strong>Sunt</strong></span> <span class='ocrx_word' id='word_1_249' title='bbox 750 1628 821 1656; x_wconf 85' lang='lat' dir='ltr'><strong>enim</strong></span> <span class='ocrx_word' id='word_1_250' title='bbox 852 1629 898 1656; x_wconf 89' lang='lat' dir='ltr'><strong>Dei</strong></span> <span class='ocrx_word' id='word_1_251' title='bbox 942 1629 1026 1657; x_wconf 84' lang='lat' dir='ltr'><strong>multo</strong></span> 
     </span>
    </p>
   </div>
   <div class='ocr_carea' id='block_1_34' title="bbox 239 1673 1025 1708">
    <p class='ocr_par' dir='ltr' id='par_1_34' title="bbox 239 1673 1025 1708">
     <span class='ocr_line' id='line_1_34' title="bbox 239 1673 1025 1708; baseline 0.001 -8"><span class='ocrx_word' id='word_1_252' title='bbox 239 1673 430 1706; x_wconf 86' lang='lat' dir='ltr'><strong>amantissimi,</strong></span> <span class='ocrx_word' id='word_1_253' title='bbox 445 1679 473 1701; x_wconf 89' lang='lat' dir='ltr'><strong>et</strong></span> <span class='ocrx_word' id='word_1_254' title='bbox 488 1679 551 1701; x_wconf 85' lang='lat' dir='ltr'><strong>ante</strong></span> <span class='ocrx_word' id='word_1_255' title='bbox 575 1673 642 1702; x_wconf 87' lang='lat' dir='ltr'><strong>alios</strong></span> <span class='ocrx_word' id='word_1_256' title='bbox 667 1675 776 1708; x_wconf 87' lang='lat' dir='ltr'><strong>quidem</strong></span> <span class='ocrx_word' id='word_1_257' title='bbox 791 1673 875 1701; x_wconf 91' lang='lat' dir='ltr'><strong>divini</strong></span> <span class='ocrx_word' id='word_1_258' title='bbox 891 1674 1025 1708; x_wconf 88' lang='lat' dir='ltr'><strong>discipuli,</strong></span> 
     </span>
    </p>
   </div>
   <div class='ocr_carea' id='block_1_35' title="bbox 238 1719 1025 1754">
    <p class='ocr_par' dir='ltr' id='par_1_35' title="bbox 238 1719 1025 1754">
     <span class='ocr_line' id='line_1_35' title="bbox 238 1719 1025 1754; baseline 0.001 -8"><span class='ocrx_word' id='word_1_259' title='bbox 238 1719 328 1754; x_wconf 86' lang='lat' dir='ltr'><strong>quiet</strong></span> <span class='ocrx_word' id='word_1_260' title='bbox 362 1719 406 1746; x_wconf 81' lang='lat' dir='ltr'><strong>lux</strong></span> <span class='ocrx_word' id='word_1_261' title='bbox 435 1720 526 1747; x_wconf 90' lang='lat' dir='ltr'><strong>mundi</strong></span> <span class='ocrx_word' id='word_1_262' title='bbox 553 1724 615 1746; x_wconf 88' lang='lat' dir='ltr'><strong>sunt</strong></span> <span class='ocrx_word' id='word_1_263' title='bbox 636 1719 658 1735; x_wconf 85' lang='grc'><strong>¹⁵</strong></span> <span class='ocrx_word' id='word_1_264' title='bbox 687 1719 837 1747; x_wconf 83' lang='lat' dir='ltr'><strong>constituti.</strong></span> <span class='ocrx_word' id='word_1_265' title='bbox 867 1720 913 1747; x_wconf 91' lang='lat' dir='ltr'><strong>Dei</strong></span> <span class='ocrx_word' id='word_1_266' title='bbox 936 1725 1025 1747; x_wconf 88' lang='lat' dir='ltr'><strong>autem</strong></span> 
     </span>
    </p>
   </div>
   <div class='ocr_carea' id='block_1_36' title="bbox 239 1765 1026 1801">
    <p class='ocr_par' dir='ltr' id='par_1_36' title="bbox 239 1765 1026 1801">
     <span class='ocr_line' id='line_1_36' title="bbox 239 1765 1026 1801; baseline 0.001 -10"><span class='ocrx_word' id='word_1_267' title='bbox 239 1769 363 1792; x_wconf 88' lang='lat' dir='ltr'><strong>amantes</strong></span> <span class='ocrx_word' id='word_1_268' title='bbox 383 1769 411 1792; x_wconf 90' lang='lat' dir='ltr'><strong>et</strong></span> <span class='ocrx_word' id='word_1_269' title='bbox 425 1765 489 1792; x_wconf 88' lang='lat' dir='ltr'><strong>boni</strong></span> <span class='ocrx_word' id='word_1_270' title='bbox 508 1765 591 1801; x_wconf 73' lang='lat'><strong>620</strong></span> <span class='ocrx_word' id='word_1_271' title='bbox 606 1765 791 1800; x_wconf 87' lang='lat' dir='ltr'><strong>iniquitatem,</strong></span> <span class='ocrx_word' id='word_1_272' title='bbox 808 1765 908 1800; x_wconf 89' lang='lat' dir='ltr'><strong>inquit,</strong></span> <span class='ocrx_word' id='word_1_273' title='bbox 927 1770 954 1793; x_wconf 91' lang='lat' dir='ltr'><strong>et</strong></span> <span class='ocrx_word' id='word_1_274' title='bbox 968 1773 1026 1792; x_wconf 90' lang='lat' dir='ltr'><strong>ser-</strong></span> 
     </span>
    </p>
   </div>
   <div class='ocr_carea' id='block_1_37' title="bbox 240 1810 1027 1846">
    <p class='ocr_par' dir='ltr' id='par_1_37' title="bbox 240 1810 1027 1846">
     <span class='ocr_line' id='line_1_37' title="bbox 240 1810 1027 1846; baseline 0.001 -8"><span class='ocrx_word' id='word_1_275' title='bbox 240 1818 347 1838; x_wconf 82' lang='lat' dir='ltr'><strong>monem</strong></span> <span class='ocrx_word' id='word_1_276' title='bbox 362 1811 469 1838; x_wconf 84' lang='lat' dir='ltr'><strong>inanem</strong></span> <span class='ocrx_word' id='word_1_277' title='bbox 486 1811 682 1846; x_wconf 88' lang='lat' dir='ltr'><strong>repudiabunt:</strong></span> <span class='ocrx_word' id='word_1_278' title='bbox 699 1820 709 1837; x_wconf 80' lang='grc' dir='ltr'>ι</span> <span class='ocrx_word' id='word_1_279' title='bbox 726 1810 784 1838; x_wconf 79' lang='lat' dir='ltr'><strong>Non</strong></span> <span class='ocrx_word' id='word_1_280' title='bbox 796 1813 868 1838; x_wconf 86' lang='lat' dir='ltr'><strong>enim</strong></span> <span class='ocrx_word' id='word_1_281' title='bbox 897 1819 966 1838; x_wconf 89' lang='lat' dir='ltr'><strong>vana</strong></span> <span class='ocrx_word' id='word_1_282' title='bbox 987 1813 1027 1839; x_wconf 87' lang='lat' dir='ltr'><strong>lo-</strong></span> 
     </span>
    </p>
   </div>
   <div class='ocr_carea' id='block_1_38' title="bbox 240 1846 1025 1892">
    <p class='ocr_par' dir='ltr' id='par_1_38' title="bbox 240 1846 1025 1892">
     <span class='ocr_line' id='line_1_38' title="bbox 240 1846 1025 1892; baseline 0 -8"><span class='ocrx_word' id='word_1_283' title='bbox 240 1863 368 1891; x_wconf 89' lang='lat' dir='ltr'><strong>quetttur,</strong></span> <span class='ocrx_word' id='word_1_284' title='bbox 381 1866 390 1882; x_wconf 77' lang='grc' dir='ltr'>ι</span> <span class='ocrx_word' id='word_1_285' title='bbox 410 1857 508 1892; x_wconf 84' lang='lat' dir='ltr'><strong>inquit.</strong></span> <span class='ocrx_word' id='word_1_286' title='bbox 522 1862 547 1884; x_wconf 91' lang='lat' dir='ltr'><strong>et</strong></span> <span class='ocrx_word' id='word_1_287' title='bbox 564 1846 684 1892; x_wconf 71' lang='lat' dir='ltr'><strong>linguam</strong></span> <span class='ocrx_word' id='word_1_288' title='bbox 701 1865 754 1884; x_wconf 88' lang='lat' dir='ltr'><strong>tton</strong></span> <span class='ocrx_word' id='word_1_289' title='bbox 768 1864 870 1889; x_wconf 84' lang='lat' dir='ltr'><strong>veram,</strong></span> <span class='ocrx_word' id='word_1_290' title='bbox 889 1858 941 1885; x_wconf 90' lang='lat' dir='ltr'><strong>hoc</strong></span> <span class='ocrx_word' id='word_1_291' title='bbox 955 1857 1025 1885; x_wconf 86' lang='lat' dir='ltr'><strong>enim</strong></span> 
     </span>
    </p>
   </div>
   <div class='ocr_carea' id='block_1_39' title="bbox 241 1903 1028 1938">
    <p class='ocr_par' dir='ltr' id='par_1_39' title="bbox 241 1903 1028 1938">
     <span class='ocr_line' id='line_1_39' title="bbox 241 1903 1028 1938; baseline 0.001 -9"><span class='ocrx_word' id='word_1_292' title='bbox 241 1903 307 1935; x_wconf 85' lang='lat' dir='ltr'><strong>vult,</strong></span> <span class='ocrx_word' id='word_1_293' title='bbox 320 1903 423 1930; x_wconf 86' lang='lat' dir='ltr'><strong>dolosa.</strong></span> <span class='ocrx_word' id='word_1_294' title='bbox 438 1903 578 1930; x_wconf 86' lang='lat' dir='ltr'><strong>Estautem</strong></span> <span class='ocrx_word' id='word_1_295' title='bbox 589 1903 633 1930; x_wconf 89' lang='lat' dir='ltr'><strong>hic</strong></span> <span class='ocrx_word' id='word_1_296' title='bbox 645 1903 925 1938; x_wconf 85' lang='lat' dir='ltr'><strong>ornatus-spiritualis,</strong></span> <span class='ocrx_word' id='word_1_297' title='bbox 935 1908 962 1931; x_wconf 90' lang='lat' dir='ltr'><strong>et</strong></span> <span class='ocrx_word' id='word_1_298' title='bbox 972 1903 1028 1930; x_wconf 83' lang='lat' dir='ltr'><strong>vel-</strong></span> 
     </span>
    </p>
   </div>
   <div class='ocr_carea' id='block_1_40' title="bbox 240 1949 1026 1984">
    <p class='ocr_par' dir='ltr' id='par_1_40' title="bbox 240 1949 1026 1984">
     <span class='ocr_line' id='line_1_40' title="bbox 240 1949 1026 1984; baseline 0.001 -9"><span class='ocrx_word' id='word_1_299' title='bbox 240 1953 270 1976; x_wconf 92' lang='lat' dir='ltr'><strong>ut</strong></span> <span class='ocrx_word' id='word_1_300' title='bbox 281 1956 379 1976; x_wconf 85' lang='lat' dir='ltr'><strong>corona</strong></span> <span class='ocrx_word' id='word_1_301' title='bbox 395 1956 428 1977; x_wconf 82' lang='lat' dir='ltr'><strong>ex</strong></span> <span class='ocrx_word' id='word_1_302' title='bbox 449 1949 582 1977; x_wconf 88' lang='lat' dir='ltr'><strong>virtutum.</strong></span> <span class='ocrx_word' id='word_1_303' title='bbox 603 1949 771 1977; x_wconf 85' lang='lat' dir='ltr'><strong>ornamentis</strong></span> <span class='ocrx_word' id='word_1_304' title='bbox 792 1950 1026 1984; x_wconf 68' lang='lat' dir='ltr'><strong>praestantissima.</strong></span> 
     </span>
    </p>
   </div>
   <div class='ocr_carea' id='block_1_41' title="bbox 243 1994 1027 2030">
    <p class='ocr_par' dir='ltr' id='par_1_41' title="bbox 243 1994 1027 2030">
     <span class='ocr_line' id='line_1_41' title="bbox 243 1994 1027 2030; baseline 0 -6"><span class='ocrx_word' id='word_1_305' title='bbox 243 1994 294 2024; x_wconf 88' lang='lat' dir='ltr'><strong>Ubi</strong></span> <span class='ocrx_word' id='word_1_306' title='bbox 310 1996 381 2023; x_wconf 89' lang='lat' dir='ltr'><strong>enim</strong></span> <span class='ocrx_word' id='word_1_307' title='bbox 397 1997 584 2029; x_wconf 85' lang='lat' dir='ltr'><strong>mansuetudo,</strong></span> <span class='ocrx_word' id='word_1_308' title='bbox 595 2001 622 2024; x_wconf 88' lang='lat' dir='ltr'><strong>et</strong></span> <span class='ocrx_word' id='word_1_309' title='bbox 645 1996 796 2030; x_wconf 86' lang='lat' dir='ltr'><strong>humilitas,</strong></span> <span class='ocrx_word' id='word_1_310' title='bbox 821 2000 848 2023; x_wconf 80' lang='lat' dir='ltr'><strong>et</strong></span> <span class='ocrx_word' id='word_1_311' title='bbox 865 1996 1027 2024; x_wconf 87' lang='lat' dir='ltr'><strong>desiderium</strong></span> 
     </span>
    </p>
   </div>
   <div class='ocr_carea' id='block_1_42' title="bbox 239 2041 1027 2077">
    <p class='ocr_par' dir='ltr' id='par_1_42' title="bbox 239 2041 1027 2077">
     <span class='ocr_line' id='line_1_42' title="bbox 239 2041 1027 2077; baseline 0 -9"><span class='ocrx_word' id='word_1_312' title='bbox 239 2041 360 2076; x_wconf 60' lang='lat' dir='ltr'><strong>iustitia),</strong></span> <span class='ocrx_word' id='word_1_313' title='bbox 379 2047 406 2069; x_wconf 90' lang='lat' dir='ltr'><strong>et</strong></span> <span class='ocrx_word' id='word_1_314' title='bbox 421 2042 511 2077; x_wconf 80' lang='lat' dir='ltr'><strong>lingua</strong></span> <span class='ocrx_word' id='word_1_315' title='bbox 526 2050 585 2077; x_wconf 74' lang='lat' dir='ltr'><strong>qua:</strong></span> <span class='ocrx_word' id='word_1_316' title='bbox 603 2043 708 2077; x_wconf 88' lang='lat' dir='ltr'><strong>ineptos</strong></span> <span class='ocrx_word' id='word_1_317' title='bbox 729 2049 870 2070; x_wconf 87' lang='lat' dir='ltr'><strong>sermones</strong></span> <span class='ocrx_word' id='word_1_318' title='bbox 887 2041 1027 2075; x_wconf 82' lang='lat' dir='ltr'><strong>dedidicit,</strong></span> 
     </span>
    </p>
   </div>
   <div class='ocr_carea' id='block_1_43' title="bbox 243 2088 1029 2128">
    <p class='ocr_par' dir='ltr' id='par_1_43' title="bbox 243 2088 1029 2128">
     <span class='ocr_line' id='line_1_43' title="bbox 243 2088 1029 2128; baseline 0 -13"><span class='ocrx_word' id='word_1_319' title='bbox 243 2089 408 2124; x_wconf 88' lang='lat' dir='ltr'><strong>mininteque</strong></span> <span class='ocrx_word' id='word_1_320' title='bbox 421 2093 514 2124; x_wconf 86' lang='lat' dir='ltr'><strong>peccat</strong></span> <span class='ocrx_word' id='word_1_321' title='bbox 529 2089 556 2116; x_wconf 94' lang='lat' dir='ltr'><strong>in</strong></span> <span class='ocrx_word' id='word_1_322' title='bbox 579 2088 678 2121; x_wconf 87' lang='lat' dir='ltr'><strong>verbis,</strong></span> <span class='ocrx_word' id='word_1_323' title='bbox 693 2088 741 2116; x_wconf 82' lang='lat' dir='ltr'><strong>sed</strong></span> <span class='ocrx_word' id='word_1_324' title='bbox 755 2093 828 2128; x_wconf 84' lang='lat' dir='ltr'><strong>recta</strong></span> <span class='ocrx_word' id='word_1_325' title='bbox 842 2093 883 2116; x_wconf 90' lang='lat' dir='ltr'><strong>cst</strong></span> <span class='ocrx_word' id='word_1_326' title='bbox 897 2088 986 2123; x_wconf 87' lang='lat' dir='ltr'><strong>potius</strong></span> <span class='ocrx_word' id='word_1_327' title='bbox 1001 2092 1029 2115; x_wconf 84' lang='lat' dir='ltr'><strong>et</strong></span> 
     </span>
    </p>
   </div>
   <div class='ocr_carea' id='block_1_44' title="bbox 242 2134 1029 2170">
    <p class='ocr_par' dir='ltr' id='par_1_44' title="bbox 242 2134 1029 2170">
     <span class='ocr_line' id='line_1_44' title="bbox 242 2134 1029 2170; baseline 0 -9"><span class='ocrx_word' id='word_1_328' title='bbox 242 2135 365 2162; x_wconf 82' lang='lat' dir='ltr'><strong>veritatis</strong></span> <span class='ocrx_word' id='word_1_329' title='bbox 378 2135 525 2169; x_wconf 81' lang='lat' dir='ltr'><strong>operatrix,</strong></span> <span class='ocrx_word' id='word_1_330' title='bbox 538 2135 573 2162; x_wconf 95' lang='lat' dir='ltr'><strong>ibi</strong></span> <span class='ocrx_word' id='word_1_331' title='bbox 588 2135 724 2169; x_wconf 87' lang='lat' dir='ltr'><strong>splendida</strong></span> <span class='ocrx_word' id='word_1_332' title='bbox 742 2135 820 2170; x_wconf 87' lang='lat' dir='ltr'><strong>plane</strong></span> <span class='ocrx_word' id='word_1_333' title='bbox 836 2139 863 2161; x_wconf 90' lang='lat' dir='ltr'><strong>et</strong></span> <span class='ocrx_word' id='word_1_334' title='bbox 884 2134 1029 2162; x_wconf 87' lang='lat' dir='ltr'><strong>absolutis-</strong></span> 
     </span>
    </p>
   </div>
   <div class='ocr_carea' id='block_1_45' title="bbox 242 2180 1027 2214">
    <p class='ocr_par' dir='ltr' id='par_1_45' title="bbox 242 2180 1027 2214">
     <span class='ocr_line' id='line_1_45' title="bbox 242 2180 1027 2214; baseline 0 -7"><span class='ocrx_word' id='word_1_335' title='bbox 242 2181 311 2208; x_wconf 88' lang='lat' dir='ltr'><strong>sima</strong></span> <span class='ocrx_word' id='word_1_336' title='bbox 340 2181 427 2208; x_wconf 87' lang='lat' dir='ltr'><strong>virtus</strong></span> <span class='ocrx_word' id='word_1_337' title='bbox 454 2180 630 2214; x_wconf 82' lang='lat' dir='ltr'><strong>conspicitur.</strong></span> <span class='ocrx_word' id='word_1_338' title='bbox 655 2181 688 2208; x_wconf 82' lang='lat' dir='ltr'><strong>Et</strong></span> <span class='ocrx_word' id='word_1_339' title='bbox 725 2181 785 2208; x_wconf 89' lang='lat' dir='ltr'><strong>talis</strong></span> <span class='ocrx_word' id='word_1_340' title='bbox 806 2181 885 2208; x_wconf 86' lang='lat' dir='ltr'><strong>decet</strong></span> <span class='ocrx_word' id='word_1_341' title='bbox 914 2189 962 2208; x_wconf 88' lang='lat' dir='ltr'><strong>eos</strong></span> <span class='ocrx_word' id='word_1_342' title='bbox 983 2180 1027 2214; x_wconf 86' lang='lat' dir='ltr'><strong>qui</strong></span> 
     </span>
    </p>
   </div>
   <div class='ocr_carea' id='block_1_46' title="bbox 241 2224 1066 2262">
    <p class='ocr_par' dir='ltr' id='par_1_46' title="bbox 241 2224 1066 2262">
     <span class='ocr_line' id='line_1_46' title="bbox 241 2224 1066 2262; baseline 0 -10"><span class='ocrx_word' id='word_1_343' title='bbox 241 2229 305 2252; x_wconf 83' lang='lat' dir='ltr'><strong>sunt</strong></span> <span class='ocrx_word' id='word_1_344' title='bbox 325 2225 351 2252; x_wconf 87' lang='lat' dir='ltr'><strong>in</strong></span> <span class='ocrx_word' id='word_1_345' title='bbox 367 2224 485 2258; x_wconf 86' lang='lat' dir='ltr'><strong>Christo,</strong></span> <span class='ocrx_word' id='word_1_346' title='bbox 500 2225 629 2259; x_wconf 86' lang='lat' dir='ltr'><strong>quoniam</strong></span> <span class='ocrx_word' id='word_1_347' title='bbox 653 2225 825 2259; x_wconf 79' lang='lat' dir='ltr'><strong>pulchritudo</strong></span> <span class='ocrx_word' id='word_1_348' title='bbox 848 2226 956 2260; x_wconf 86' lang='lat' dir='ltr'><strong>pietatis</strong></span> <span class='ocrx_word' id='word_1_349' title='bbox 976 2234 1027 2253; x_wconf 87' lang='lat' dir='ltr'><strong>nun</strong></span> <span class='ocrx_word' id='word_1_350' title='bbox 1046 2236 1066 2262; x_wconf 84' lang='grc' dir='ltr'><strong>υ</strong></span> 
     </span>
    </p>
   </div>
   <div class='ocr_carea' id='block_1_47' title="bbox 243 2270 1028 2306">
    <p class='ocr_par' dir='ltr' id='par_1_47' title="bbox 243 2270 1028 2306">
     <span class='ocr_line' id='line_1_47' title="bbox 243 2270 1028 2306; baseline 0.001 -9"><span class='ocrx_word' id='word_1_351' title='bbox 243 2270 269 2296; x_wconf 90' lang='lat' dir='ltr'><strong>in</strong></span> <span class='ocrx_word' id='word_1_352' title='bbox 289 2270 348 2305; x_wconf 81' lang='lat' dir='ltr'><strong>lege</strong></span> <span class='ocrx_word' id='word_1_353' title='bbox 361 2270 500 2303; x_wconf 85' lang='lat' dir='ltr'><strong>cernitur,</strong></span> <span class='ocrx_word' id='word_1_354' title='bbox 515 2270 563 2296; x_wconf 83' lang='lat' dir='ltr'><strong>sed</strong></span> <span class='ocrx_word' id='word_1_355' title='bbox 578 2270 604 2296; x_wconf 88' lang='lat' dir='ltr'><strong>itt</strong></span> <span class='ocrx_word' id='word_1_356' title='bbox 635 2270 733 2297; x_wconf 88' lang='lat' dir='ltr'><strong>virtute</strong></span> <span class='ocrx_word' id='word_1_357' title='bbox 750 2271 879 2298; x_wconf 70' lang='lat' dir='ltr'><strong>doctrinae</strong></span> <span class='ocrx_word' id='word_1_358' title='bbox 912 2278 1028 2306; x_wconf 73' lang='lat' dir='ltr'><strong>evange—</strong></span> 
     </span>
    </p>
   </div>
   <div class='ocr_carea' id='block_1_48' title="bbox 244 2315 547 2350">
    <p class='ocr_par' dir='ltr' id='par_1_48' title="bbox 244 2315 547 2350">
     <span class='ocr_line' id='line_1_48' title="bbox 244 2315 547 2350; baseline 0 -7"><span class='ocrx_word' id='word_1_359' title='bbox 244 2317 302 2344; x_wconf 75' lang='lat' dir='ltr'><strong>lica:</strong></span> <span class='ocrx_word' id='word_1_360' title='bbox 322 2316 413 2350; x_wconf 86' lang='lat' dir='ltr'><strong>potius</strong></span> <span class='ocrx_word' id='word_1_361' title='bbox 425 2315 547 2350; x_wconf 76' lang='lat' dir='ltr'><strong>refulget.</strong></span> 
     </span>
    </p>
   </div>
   <div class='ocr_carea' id='block_1_49' title="bbox 281 2447 1027 2484">
    <p class='ocr_par' dir='ltr' id='par_1_49' title="bbox 281 2447 1027 2484">
     <span class='ocr_line' id='line_1_49' title="bbox 281 2447 1027 2484; baseline 0.007 -11"><span class='ocrx_word' id='word_1_362' title='bbox 281 2447 412 2480; x_wconf 83' lang='lat' dir='ltr'><strong>Quoniam</strong></span> <span class='ocrx_word' id='word_1_363' title='bbox 432 2449 639 2484; x_wconf 77' lang='lat' dir='ltr'><strong>ipsipasccnlur,</strong></span> <span class='ocrx_word' id='word_1_364' title='bbox 650 2454 674 2477; x_wconf 81' lang='lat' dir='ltr'><strong>et</strong></span> <span class='ocrx_word' id='word_1_365' title='bbox 689 2451 864 2484; x_wconf 73' lang='lat' dir='ltr'><strong>accubabant,</strong></span> <span class='ocrx_word' id='word_1_366' title='bbox 878 2456 902 2478; x_wconf 79' lang='lat' dir='ltr'><strong>et</strong></span> <span class='ocrx_word' id='word_1_367' title='bbox 920 2459 971 2478; x_wconf 85' lang='lat' dir='ltr'><strong>non</strong></span> <span class='ocrx_word' id='word_1_368' title='bbox 981 2452 1027 2479; x_wconf 81' lang='lat' dir='ltr'><strong>erit</strong></span> 
     </span>
    </p>
   </div>
   <div class='ocr_carea' id='block_1_50' title="bbox 244 2499 499 2528">
    <p class='ocr_par' dir='ltr' id='par_1_50' title="bbox 244 2499 499 2528">
     <span class='ocr_line' id='line_1_50' title="bbox 244 2499 499 2528; baseline 0.012 -9"><span class='ocrx_word' id='word_1_369' title='bbox 244 2501 289 2528; x_wconf 74' lang='lat' dir='ltr'><strong>qlll</strong></span> <span class='ocrx_word' id='word_1_370' title='bbox 306 2499 436 2521; x_wconf 71' lang='grc' dir='ltr'><strong>ιπιιννεαι</strong></span> <span class='ocrx_word' id='word_1_371' title='bbox 445 2503 499 2522; x_wconf 66' lang='grc'><strong>608.</strong></span> 
     </span>
    </p>
   </div>
   <div class='ocr_carea' id='block_1_51' title="bbox 280 2537 1030 2578">
    <p class='ocr_par' dir='ltr' id='par_1_51' title="bbox 280 2537 1030 2578">
     <span class='ocr_line' id='line_1_51' title="bbox 280 2537 1030 2578; baseline 0.007 -14"><span class='ocrx_word' id='word_1_372' title='bbox 280 2537 358 2565; x_wconf 79' lang='lat' dir='ltr'><strong>XLII.</strong></span> <span class='ocrx_word' id='word_1_373' title='bbox 374 2538 443 2566; x_wconf 89' lang='lat' dir='ltr'><strong>Olim</strong></span> <span class='ocrx_word' id='word_1_374' title='bbox 458 2540 528 2567; x_wconf 89' lang='lat' dir='ltr'><strong>enim</strong></span> <span class='ocrx_word' id='word_1_375' title='bbox 551 2540 704 2568; x_wconf 80' lang='lat' dir='ltr'><strong>Judaeorum</strong></span> <span class='ocrx_word' id='word_1_376' title='bbox 727 2549 822 2576; x_wconf 80' lang='lat' dir='ltr'><strong>greges</strong></span> <span class='ocrx_word' id='word_1_377' title='bbox 839 2542 970 2577; x_wconf 78' lang='lat' dir='ltr'><strong>ignaviter</strong></span> <span class='ocrx_word' id='word_1_378' title='bbox 983 2550 1030 2578; x_wconf 86' lang='lat' dir='ltr'><strong>pa-</strong></span> 
     </span>
    </p>
   </div>
   <div class='ocr_carea' id='block_1_52' title="bbox 244 2584 1030 2623">
    <p class='ocr_par' dir='ltr' id='par_1_52' title="bbox 244 2584 1030 2623">
     <span class='ocr_line' id='line_1_52' title="bbox 244 2584 1030 2623; baseline 0.005 -12"><span class='ocrx_word' id='word_1_379' title='bbox 244 2584 357 2612; x_wconf 86' lang='lat' dir='ltr'><strong>scebant</strong></span> <span class='ocrx_word' id='word_1_380' title='bbox 368 2584 469 2613; x_wconf 73' lang='lat' dir='ltr'><strong>Scriba:</strong></span> <span class='ocrx_word' id='word_1_381' title='bbox 486 2592 513 2613; x_wconf 89' lang='lat' dir='ltr'><strong>et</strong></span> <span class='ocrx_word' id='word_1_382' title='bbox 532 2586 671 2619; x_wconf 59' lang='lat' dir='ltr'><strong>Pharisaei,</strong></span> <span class='ocrx_word' id='word_1_383' title='bbox 697 2588 756 2622; x_wconf 75' lang='lat' dir='ltr'><strong>lege</strong></span> <span class='ocrx_word' id='word_1_384' title='bbox 784 2587 918 2622; x_wconf 85' lang='lat' dir='ltr'><strong>siquidem</strong></span> <span class='ocrx_word' id='word_1_385' title='bbox 933 2589 1030 2623; x_wconf 80' lang='lat' dir='ltr'><strong>populo</strong></span> 
     </span>
    </p>
   </div>
   <div class='ocr_carea' id='block_1_53' title="bbox 246 2629 1030 2665">
    <p class='ocr_par' dir='ltr' id='par_1_53' title="bbox 246 2629 1030 2665">
     <span class='ocr_line' id='line_1_53' title="bbox 246 2629 1030 2665; baseline 0.005 -8"><span class='ocrx_word' id='word_1_386' title='bbox 246 2629 363 2664; x_wconf 71' lang='lat' dir='ltr'><strong>praefecti</strong></span> <span class='ocrx_word' id='word_1_387' title='bbox 378 2636 466 2665; x_wconf 85' lang='lat' dir='ltr'><strong>erant,</strong></span> <span class='ocrx_word' id='word_1_388' title='bbox 482 2636 511 2658; x_wconf 92' lang='lat' dir='ltr'><strong>ut</strong></span> <span class='ocrx_word' id='word_1_389' title='bbox 541 2632 701 2660; x_wconf 85' lang='lat' dir='ltr'><strong>auctoritate</strong></span> <span class='ocrx_word' id='word_1_390' title='bbox 720 2634 865 2661; x_wconf 88' lang='lat' dir='ltr'><strong>sacerdotii</strong></span> <span class='ocrx_word' id='word_1_391' title='bbox 895 2634 1030 2662; x_wconf 89' lang='lat' dir='ltr'><strong>honorati.</strong></span> 
     </span>
    </p>
   </div>
   <div class='ocr_carea' id='block_1_54' title="bbox 245 2675 1030 2715">
    <p class='ocr_par' dir='ltr' id='par_1_54' title="bbox 245 2675 1030 2715">
     <span class='ocr_line' id='line_1_54' title="bbox 245 2675 1030 2715; baseline 0.004 -11"><span class='ocrx_word' id='word_1_392' title='bbox 245 2675 336 2711; x_wconf 87' lang='lat' dir='ltr'><strong>Itaque</strong></span> <span class='ocrx_word' id='word_1_393' title='bbox 347 2682 424 2705; x_wconf 89' lang='lat' dir='ltr'><strong>erant</strong></span> <span class='ocrx_word' id='word_1_394' title='bbox 441 2682 570 2712; x_wconf 81' lang='lat' dir='ltr'><strong>pastores,</strong></span> <span class='ocrx_word' id='word_1_395' title='bbox 584 2680 744 2706; x_wconf 86' lang='lat' dir='ltr'><strong>mercenarii</strong></span> <span class='ocrx_word' id='word_1_396' title='bbox 755 2684 856 2712; x_wconf 84' lang='lat' dir='ltr'><strong>tamen,</strong></span> <span class='ocrx_word' id='word_1_397' title='bbox 867 2685 893 2707; x_wconf 90' lang='lat' dir='ltr'><strong>et</strong></span> <span class='ocrx_word' id='word_1_398' title='bbox 905 2686 1030 2715; x_wconf 87' lang='lat' dir='ltr'><strong>tanquatu</strong></span> 
     </span>
    </p>
   </div>
   <div class='ocr_carea' id='block_1_55' title="bbox 245 2723 1031 2762">
    <p class='ocr_par' dir='ltr' id='par_1_55' title="bbox 245 2723 1031 2762">
     <span class='ocr_line' id='line_1_55' title="bbox 245 2723 1031 2762; baseline 0.006 -13"><span class='ocrx_word' id='word_1_399' title='bbox 245 2723 340 2750; x_wconf 87' lang='lat' dir='ltr'><strong>alienis</strong></span> <span class='ocrx_word' id='word_1_400' title='bbox 358 2723 484 2758; x_wconf 74' lang='lat' dir='ltr'><strong>gregibus</strong></span> <span class='ocrx_word' id='word_1_401' title='bbox 497 2724 643 2759; x_wconf 64' lang='lat' dir='ltr'><strong>praepositi,</strong></span> <span class='ocrx_word' id='word_1_402' title='bbox 656 2735 665 2751; x_wconf 84' lang='grc' dir='ltr'>ι</span> <span class='ocrx_word' id='word_1_403' title='bbox 682 2725 807 2754; x_wconf 86' lang='lat' dir='ltr'><strong>videbant</strong></span> <span class='ocrx_word' id='word_1_404' title='bbox 817 2726 907 2762; x_wconf 85' lang='lat' dir='ltr'><strong>lupum</strong></span> <span class='ocrx_word' id='word_1_405' title='bbox 926 2727 1031 2754; x_wconf 81' lang='lat' dir='ltr'><strong>venien-</strong></span> 
     </span>
    </p>
   </div>
   <div class='ocr_carea' id='block_1_56' title="bbox 280 2823 868 2859">
    <p class='ocr_par' dir='ltr' id='par_1_56' title="bbox 280 2823 868 2859">
     <span class='ocr_line' id='line_1_56' title="bbox 280 2823 868 2859; baseline 0.003 -9"><span class='ocrx_word' id='word_1_406' title='bbox 280 2823 354 2850; x_wconf 82' lang='lat' dir='ltr'><strong>&#39;lsa.</strong></span> <span class='ocrx_word' id='word_1_407' title='bbox 371 2832 396 2856; x_wconf 74' lang='grc' dir='ltr'><strong>ιι,</strong></span> <span class='ocrx_word' id='word_1_408' title='bbox 416 2825 468 2856; x_wconf 70' lang='lat'><strong>22;</strong></span> <span class='ocrx_word' id='word_1_409' title='bbox 487 2833 523 2857; x_wconf 82' lang='lat' dir='ltr'><strong>tx,</strong></span> <span class='ocrx_word' id='word_1_410' title='bbox 541 2825 584 2852; x_wconf 74' lang='lat'><strong>‘27.</strong></span> <span class='ocrx_word' id='word_1_411' title='bbox 634 2824 736 2852; x_wconf 81' lang='lat' dir='ltr'><strong>“Psal.</strong></span> <span class='ocrx_word' id='word_1_412' title='bbox 751 2833 808 2859; x_wconf 70' lang='lat' dir='ltr'><strong>3i“,</strong></span> <span class='ocrx_word' id='word_1_413' title='bbox 827 2826 868 2854; x_wconf 79' lang='grc'><strong>15.</strong></span> 
     </span>
    </p>
   </div>
   <div class='ocr_carea' id='block_1_57' title="bbox 249 2859 786 2892">
    <p class='ocr_par' dir='ltr' id='par_1_57' title="bbox 249 2859 786 2892">
     <span class='ocr_line' id='line_1_57' title="bbox 249 2859 786 2892; baseline 0.004 -6"><span class='ocrx_word' id='word_1_414' title='bbox 249 2859 270 2875; x_wconf 68' lang='grc'><strong>⁵⁸</strong></span> <span class='ocrx_word' id='word_1_415' title='bbox 285 2859 307 2886; x_wconf 92' lang='grc'><strong>11</strong></span> <span class='ocrx_word' id='word_1_416' title='bbox 318 2859 379 2887; x_wconf 66' lang='lat' dir='ltr'><strong>(lor.</strong></span> <span class='ocrx_word' id='word_1_417' title='bbox 399 2868 456 2892; x_wconf 80' lang='lat' dir='ltr'><strong>\lll,</strong></span> <span class='ocrx_word' id='word_1_418' title='bbox 473 2862 498 2888; x_wconf 73' lang='grc' dir='ltr'>υ.</span> <span class='ocrx_word' id='word_1_419' title='bbox 554 2862 574 2876; x_wconf 77' lang='grc'><strong>¹⁸</strong></span> <span class='ocrx_word' id='word_1_420' title='bbox 593 2860 687 2888; x_wconf 76' lang='lat' dir='ltr'><strong>Matth.</strong></span> <span class='ocrx_word' id='word_1_421' title='bbox 707 2869 730 2891; x_wconf 78' lang='grc' dir='ltr'>ν.</span> <span class='ocrx_word' id='word_1_422' title='bbox 746 2861 786 2888; x_wconf 72' lang='grc'><strong>14.</strong></span> 
     </span>
    </p>
   </div>
   <div class='ocr_carea' id='block_1_58' title="bbox 738 149 1351 181">
    <p class='ocr_par' dir='ltr' id='par_1_58' title="bbox 738 149 1351 181">
     <span class='ocr_line' id='line_1_58' title="bbox 738 149 1351 181; baseline 0.011 -7"><span class='ocrx_word' id='word_1_423' title='bbox 738 149 765 175; x_wconf 88' lang='lat' dir='ltr'><strong>S.</strong></span> <span class='ocrx_word' id='word_1_424' title='bbox 786 149 921 176; x_wconf 69' lang='lat' dir='ltr'><strong>()YBILLI</strong></span> <span class='ocrx_word' id='word_1_425' title='bbox 940 150 1174 179; x_wconf 77' lang='lat' dir='ltr'><strong>ALEXANDRINl</strong></span> <span class='ocrx_word' id='word_1_426' title='bbox 1193 153 1351 181; x_wconf 82' lang='lat' dir='ltr'><strong>ARClllEP.</strong></span> 
     </span>
    </p>
   </div>
   <div class='ocr_carea' id='block_1_59' title="bbox 922 2825 1161 2860">
    <p class='ocr_par' dir='ltr' id='par_1_59' title="bbox 922 2825 1161 2860">
     <span class='ocr_line' id='line_1_59' title="bbox 922 2825 1161 2860; baseline -0.013 -5"><span class='ocrx_word' id='word_1_427' title='bbox 922 2827 940 2843; x_wconf 84' lang='lat'>”</span> <span class='ocrx_word' id='word_1_428' title='bbox 955 2825 1033 2855; x_wconf 76' lang='lat' dir='ltr'><strong>Joan.</strong></span> <span class='ocrx_word' id='word_1_429' title='bbox 1051 2834 1105 2860; x_wconf 61' lang='grc' dir='ltr'>ιιι,</span> <span class='ocrx_word' id='word_1_430' title='bbox 1120 2826 1161 2854; x_wconf 77' lang='grc'><strong>15.</strong></span> 
     </span>
    </p>
   </div>
   <div class='ocr_carea' id='block_1_60' title="bbox 1801 156 1874 184">
    <p class='ocr_par' dir='ltr' id='par_1_60' title="bbox 1801 156 1874 184">
     <span class='ocr_line' id='line_1_60' title="bbox 1801 156 1874 184; baseline -0.014 0"><span class='ocrx_word' id='word_1_431' title='bbox 1801 156 1874 184; x_wconf 72' lang='grc'><strong>1012</strong></span> 
     </span>
    </p>
   </div>
   <div class='ocr_carea' id='block_1_61' title="bbox 1109 210 1871 250">
    <p class='ocr_par' dir='ltr' id='par_1_61' title="bbox 1109 210 1871 250">
     <span class='ocr_line' id='line_1_61' title="bbox 1109 210 1871 250; baseline 0.004 -14"><span class='ocrx_word' id='word_1_432' title='bbox 1109 210 1176 238; x_wconf 73' lang='lat' dir='ltr'><strong>MA‘.</strong></span> <span class='ocrx_word' id='word_1_433' title='bbox 1198 211 1356 246; x_wconf 80' lang='grc' dir='ltr'><strong>Διαλέγεται</strong></span> <span class='ocrx_word' id='word_1_434' title='bbox 1382 213 1462 239; x_wconf 69' lang='grc' dir='ltr'>πάλιν</span> <span class='ocrx_word' id='word_1_435' title='bbox 1486 214 1554 249; x_wconf 56' lang='grc' dir='ltr'>προς</span> <span class='ocrx_word' id='word_1_436' title='bbox 1574 215 1624 249; x_wconf 74' lang='grc' dir='ltr'>τὴν</span> <span class='ocrx_word' id='word_1_437' title='bbox 1639 214 1723 246; x_wconf 79' lang='grc' dir='ltr'><strong>Σιὼν.</strong></span> <span class='ocrx_word' id='word_1_438' title='bbox 1740 215 1801 249; x_wconf 71' lang='grc' dir='ltr'>ἦτοι</span> <span class='ocrx_word' id='word_1_439' title='bbox 1817 215 1871 250; x_wconf 64' lang='grc' dir='ltr'><strong>τὴ]</strong></span> 
     </span>
    </p>
   </div>
   <div class='ocr_carea' id='block_1_62' title="bbox 1071 255 1873 296">
    <p class='ocr_par' dir='ltr' id='par_1_62' title="bbox 1071 255 1873 296">
     <span class='ocr_line' id='line_1_62' title="bbox 1071 255 1873 296; baseline 0.006 -15"><span class='ocrx_word' id='word_1_440' title='bbox 1071 255 1152 289; x_wconf 83' lang='grc' dir='ltr'>ἁγίαν</span> <span class='ocrx_word' id='word_1_441' title='bbox 1176 255 1271 287; x_wconf 84' lang='grc' dir='ltr'>πόλιν,</span> <span class='ocrx_word' id='word_1_442' title='bbox 1293 257 1364 292; x_wconf 72' lang='grc' dir='ltr'><strong>φημὶ</strong></span> <span class='ocrx_word' id='word_1_443' title='bbox 1389 257 1421 293; x_wconf 80' lang='grc' dir='ltr'>δὴ</span> <span class='ocrx_word' id='word_1_444' title='bbox 1447 259 1496 293; x_wconf 82' lang='grc' dir='ltr'><strong>τὴν</strong></span> <span class='ocrx_word' id='word_1_445' title='bbox 1520 259 1716 295; x_wconf 78' lang='grc' dir='ltr'>Ἰερουσαλὴμ,</span> <span class='ocrx_word' id='word_1_446' title='bbox 1741 261 1770 286; x_wconf 78' lang='grc' dir='ltr'>ἐν</span> <span class='ocrx_word' id='word_1_447' title='bbox 1821 260 1873 286; x_wconf 67' lang='grc' dir='ltr'><strong>καὶ</strong></span> 
     </span>
    </p>
   </div>
   <div class='ocr_carea' id='block_1_63' title="bbox 1072 301 1871 338">
    <p class='ocr_par' dir='ltr' id='par_1_63' title="bbox 1072 301 1871 338">
     <span class='ocr_line' id='line_1_63' title="bbox 1072 301 1871 338; baseline 0.005 -12"><span class='ocrx_word' id='word_1_448' title='bbox 1072 301 1271 335; x_wconf 81' lang='grc' dir='ltr'>ἐπαγγέλλεται</span> <span class='ocrx_word' id='word_1_449' title='bbox 1283 302 1329 328; x_wconf 71' lang='grc' dir='ltr'><strong>τὸν</strong></span> <span class='ocrx_word' id='word_1_450' title='bbox 1346 303 1500 338; x_wconf 80' lang='grc' dir='ltr'>πραότατόν</span> <span class='ocrx_word' id='word_1_451' title='bbox 1512 313 1541 331; x_wconf 86' lang='grc' dir='ltr'><strong>τε</strong></span> <span class='ocrx_word' id='word_1_452' title='bbox 1555 305 1602 331; x_wconf 75' lang='grc' dir='ltr'><strong>καὶ</strong></span> <span class='ocrx_word' id='word_1_453' title='bbox 1614 305 1742 332; x_wconf 79' lang='grc' dir='ltr'>ταπεινὸν</span> <span class='ocrx_word' id='word_1_454' title='bbox 1758 304 1871 331; x_wconf 78' lang='grc' dir='ltr'>ὑπολει-</span> 
     </span>
    </p>
   </div>
   <div class='ocr_carea' id='block_1_64' title="bbox 1073 348 1871 386">
    <p class='ocr_par' dir='ltr' id='par_1_64' title="bbox 1073 348 1871 386">
     <span class='ocr_line' id='line_1_64' title="bbox 1073 348 1871 386; baseline 0.004 -12"><span class='ocrx_word' id='word_1_455' title='bbox 1073 348 1224 384; x_wconf 82' lang='grc' dir='ltr'><strong>φθήσεσθαι</strong></span> <span class='ocrx_word' id='word_1_456' title='bbox 1251 348 1325 375; x_wconf 87' lang='grc' dir='ltr'>λαόν.</span> <span class='ocrx_word' id='word_1_457' title='bbox 1343 349 1528 384; x_wconf 77' lang='grc' dir='ltr'>Πεπαρῴνηκε</span> <span class='ocrx_word' id='word_1_458' title='bbox 1551 351 1600 386; x_wconf 82' lang='grc' dir='ltr'><strong>μὲν</strong></span> <span class='ocrx_word' id='word_1_459' title='bbox 1625 351 1680 386; x_wconf 75' lang='grc' dir='ltr'>γὰρ</span> <span class='ocrx_word' id='word_1_460' title='bbox 1695 352 1736 382; x_wconf 85' lang='grc' dir='ltr'>είς</span> <span class='ocrx_word' id='word_1_461' title='bbox 1748 351 1797 377; x_wconf 72' lang='grc' dir='ltr'><strong>τὸν</strong></span> <span class='ocrx_word' id='word_1_462' title='bbox 1813 350 1871 377; x_wconf 80' lang='grc' dir='ltr'>τῶν</span> 
     </span>
    </p>
   </div>
   <div class='ocr_carea' id='block_1_65' title="bbox 1071 394 1866 431">
    <p class='ocr_par' dir='ltr' id='par_1_65' title="bbox 1071 394 1866 431">
     <span class='ocr_line' id='line_1_65' title="bbox 1071 394 1866 431; baseline 0.003 -10"><span class='ocrx_word' id='word_1_463' title='bbox 1071 395 1139 421; x_wconf 78' lang='grc' dir='ltr'><strong>ὅλων</strong></span> <span class='ocrx_word' id='word_1_464' title='bbox 1153 394 1268 430; x_wconf 83' lang='grc' dir='ltr'><strong>Σωτῆρα</strong></span> <span class='ocrx_word' id='word_1_465' title='bbox 1286 395 1402 430; x_wconf 74' lang='grc' dir='ltr'>Χριστὸν</span> <span class='ocrx_word' id='word_1_466' title='bbox 1420 397 1436 430; x_wconf 83' lang='grc' dir='ltr'>ἡ</span> <span class='ocrx_word' id='word_1_467' title='bbox 1460 396 1515 423; x_wconf 84' lang='grc' dir='ltr'>τῶν</span> <span class='ocrx_word' id='word_1_468' title='bbox 1544 397 1679 423; x_wconf 76' lang='grc' dir='ltr'><strong>Ἰουδαίων</strong></span> <span class='ocrx_word' id='word_1_469' title='bbox 1702 397 1866 431; x_wconf 77' lang='grc' dir='ltr'>Συναγωγὴ,</span> 
     </span>
    </p>
   </div>
   <div class='ocr_carea' id='block_1_66' title="bbox 1073 440 1870 477">
    <p class='ocr_par' dir='ltr' id='par_1_66' title="bbox 1073 440 1870 477">
     <span class='ocr_line' id='line_1_66' title="bbox 1073 440 1870 477; baseline 0.001 -11"><span class='ocrx_word' id='word_1_470' title='bbox 1073 441 1119 467; x_wconf 83' lang='grc' dir='ltr'>καὶ</span> <span class='ocrx_word' id='word_1_471' title='bbox 1135 440 1278 475; x_wconf 75' lang='grc' dir='ltr'><strong>ἀπεφάνθη</strong></span> <span class='ocrx_word' id='word_1_472' title='bbox 1301 441 1494 476; x_wconf 80' lang='grc' dir='ltr'>κυριοκτόνος,</span> <span class='ocrx_word' id='word_1_473' title='bbox 1516 442 1564 468; x_wconf 78' lang='grc' dir='ltr'>καὶ</span> <span class='ocrx_word' id='word_1_474' title='bbox 1580 442 1726 474; x_wconf 80' lang='grc' dir='ltr'>ὲξαιτεῖται</span> <span class='ocrx_word' id='word_1_475' title='bbox 1749 442 1800 477; x_wconf 82' lang='grc' dir='ltr'><strong>μὲν</strong></span> <span class='ocrx_word' id='word_1_476' title='bbox 1819 443 1870 472; x_wconf 77' lang='grc' dir='ltr'>τὰς</span> 
     </span>
    </p>
   </div>
   <div class='ocr_carea' id='block_1_67' title="bbox 1073 486 1869 523">
    <p class='ocr_par' dir='ltr' id='par_1_67' title="bbox 1073 486 1869 523">
     <span class='ocr_line' id='line_1_67' title="bbox 1073 486 1869 523; baseline 0.001 -11"><span class='ocrx_word' id='word_1_477' title='bbox 1073 487 1119 513; x_wconf 75' lang='grc' dir='ltr'><strong>ἐπὶ</strong></span> <span class='ocrx_word' id='word_1_478' title='bbox 1131 486 1198 522; x_wconf 82' lang='grc' dir='ltr'>τῷδε</span> <span class='ocrx_word' id='word_1_479' title='bbox 1210 486 1297 518; x_wconf 80' lang='grc' dir='ltr'>δίκας.</span> <span class='ocrx_word' id='word_1_480' title='bbox 1309 487 1423 513; x_wconf 78' lang='grc' dir='ltr'><strong>Διὸλωλε</strong></span> <span class='ocrx_word' id='word_1_481' title='bbox 1439 487 1467 513; x_wconf 85' lang='grc' dir='ltr'>δὲ</span> <span class='ocrx_word' id='word_1_482' title='bbox 1481 487 1510 514; x_wconf 73' lang='grc' dir='ltr'><strong>οὐ</strong></span> <span class='ocrx_word' id='word_1_483' title='bbox 1529 487 1614 514; x_wconf 78' lang='grc' dir='ltr'>πᾶσα-</span> <span class='ocrx_word' id='word_1_484' title='bbox 1638 488 1788 523; x_wconf 71' lang='grc' dir='ltr'><strong>τετήρηται</strong></span> <span class='ocrx_word' id='word_1_485' title='bbox 1813 487 1869 522; x_wconf 65' lang='grc' dir='ltr'><strong>γὰρ</strong></span> 
     </span>
    </p>
   </div>
   <div class='ocr_carea' id='block_1_68' title="bbox 1072 531 1870 567">
    <p class='ocr_par' dir='ltr' id='par_1_68' title="bbox 1072 531 1870 567">
     <span class='ocr_line' id='line_1_68' title="bbox 1072 531 1870 567; baseline -0.001 -9"><span class='ocrx_word' id='word_1_486' title='bbox 1072 531 1104 558; x_wconf 77' lang='grc' dir='ltr'>τὺ</span> <span class='ocrx_word' id='word_1_487' title='bbox 1118 531 1292 567; x_wconf 76' lang='grc' dir='ltr'>κατάλειμμα</span> <span class='ocrx_word' id='word_1_488' title='bbox 1305 552 1313 563; x_wconf 86' lang='grc'><strong>.</strong></span> <span class='ocrx_word' id='word_1_489' title='bbox 1337 531 1385 558; x_wconf 75' lang='grc' dir='ltr'><strong>καὶ</strong></span> <span class='ocrx_word' id='word_1_490' title='bbox 1399 532 1532 559; x_wconf 80' lang='grc' dir='ltr'><strong>σέσωσται</strong></span> <span class='ocrx_word' id='word_1_491' title='bbox 1548 533 1577 559; x_wconf 75' lang='grc' dir='ltr'><strong>τὸ</strong></span> <span class='ocrx_word' id='word_1_492' title='bbox 1601 533 1760 559; x_wconf 83' lang='grc' dir='ltr'>ὑπόλοιπον.</span> <span class='ocrx_word' id='word_1_493' title='bbox 1781 533 1870 558; x_wconf 73' lang='lat' dir='ltr'><strong>[Ism-</strong></span> 
     </span>
    </p>
   </div>
   <div class='ocr_carea' id='block_1_69' title="bbox 1074 574 1868 614">
    <p class='ocr_par' dir='ltr' id='par_1_69' title="bbox 1074 574 1868 614">
     <span class='ocr_line' id='line_1_69' title="bbox 1074 574 1868 614; baseline 0 -10"><span class='ocrx_word' id='word_1_494' title='bbox 1074 577 1204 605; x_wconf 81' lang='grc' dir='ltr'>στεύκασι</span> <span class='ocrx_word' id='word_1_495' title='bbox 1217 578 1271 613; x_wconf 74' lang='grc' dir='ltr'>γὰρ</span> <span class='ocrx_word' id='word_1_496' title='bbox 1286 577 1315 610; x_wconf 77' lang='grc' dir='ltr'><strong>ἐξ</strong></span> <span class='ocrx_word' id='word_1_497' title='bbox 1325 578 1415 604; x_wconf 81' lang='grc' dir='ltr'>αὐτῶν</span> <span class='ocrx_word' id='word_1_498' title='bbox 1431 578 1462 604; x_wconf 80' lang='grc' dir='ltr'><strong>οὐ</strong></span> <span class='ocrx_word' id='word_1_499' title='bbox 1482 579 1581 613; x_wconf 78' lang='grc' dir='ltr'>μετρία</span> <span class='ocrx_word' id='word_1_500' title='bbox 1599 577 1718 614; x_wconf 83' lang='grc' dir='ltr'><strong>πληθύς.</strong></span> <span class='ocrx_word' id='word_1_501' title='bbox 1741 574 1822 606; x_wconf 69' lang='grc' dir='ltr'>Οὗτοι</span> <span class='ocrx_word' id='word_1_502' title='bbox 1838 578 1868 604; x_wconf 76' lang='grc' dir='ltr'>δὲ</span> 
     </span>
    </p>
   </div>
   <div class='ocr_carea' id='block_1_70' title="bbox 1073 621 1870 659">
    <p class='ocr_par' dir='ltr' id='par_1_70' title="bbox 1073 621 1870 659">
     <span class='ocr_line' id='line_1_70' title="bbox 1073 621 1870 659; baseline -0.001 -9"><span class='ocrx_word' id='word_1_503' title='bbox 1073 621 1142 659; x_wconf 79' lang='grc' dir='ltr'>ἦσαν</span> <span class='ocrx_word' id='word_1_504' title='bbox 1155 625 1180 650; x_wconf 80' lang='grc' dir='ltr'>οἱ</span> <span class='ocrx_word' id='word_1_505' title='bbox 1200 625 1308 658; x_wconf 79' lang='grc' dir='ltr'>πραεῖς,</span> <span class='ocrx_word' id='word_1_506' title='bbox 1321 623 1371 649; x_wconf 80' lang='grc' dir='ltr'>οὐκ</span> <span class='ocrx_word' id='word_1_507' title='bbox 1387 623 1622 658; x_wconf 81' lang='grc' dir='ltr'>ἁποταυρούμενοι</span> <span class='ocrx_word' id='word_1_508' title='bbox 1645 624 1694 655; x_wconf 83' lang='grc' dir='ltr'>τὰς</span> <span class='ocrx_word' id='word_1_509' title='bbox 1716 623 1804 658; x_wconf 77' lang='grc' dir='ltr'>ὀργὰς</span> <span class='ocrx_word' id='word_1_510' title='bbox 1817 623 1870 654; x_wconf 72' lang='grc' dir='ltr'>τὰς</span> 
     </span>
    </p>
   </div>
   <div class='ocr_carea' id='block_1_71' title="bbox 1075 667 1868 703">
    <p class='ocr_par' dir='ltr' id='par_1_71' title="bbox 1075 667 1868 703">
     <span class='ocr_line' id='line_1_71' title="bbox 1075 667 1868 703; baseline -0.001 -9"><span class='ocrx_word' id='word_1_511' title='bbox 1075 669 1122 694; x_wconf 75' lang='grc' dir='ltr'><strong>ἐπὶ</strong></span> <span class='ocrx_word' id='word_1_512' title='bbox 1137 668 1256 703; x_wconf 79' lang='grc' dir='ltr'><strong>Χριστῷ,</strong></span> <span class='ocrx_word' id='word_1_513' title='bbox 1286 668 1412 701; x_wconf 73' lang='grc' dir='ltr'>καθάπερ</span> <span class='ocrx_word' id='word_1_514' title='bbox 1429 667 1524 702; x_wconf 78' lang='grc' dir='ltr'><strong>ἀμέλει</strong></span> <span class='ocrx_word' id='word_1_515' title='bbox 1551 667 1598 693; x_wconf 70' lang='grc' dir='ltr'><strong>καὶ</strong></span> <span class='ocrx_word' id='word_1_516' title='bbox 1621 668 1645 694; x_wconf 82' lang='grc' dir='ltr'><strong>οἱ</strong></span> <span class='ocrx_word' id='word_1_517' title='bbox 1673 667 1781 702; x_wconf 74' lang='grc' dir='ltr'>[Ιιλὰτῳ</span> <span class='ocrx_word' id='word_1_518' title='bbox 1807 667 1868 693; x_wconf 74' lang='grc' dir='ltr'>τότε</span> 
     </span>
    </p>
   </div>
   <div class='ocr_carea' id='block_1_72' title="bbox 1075 713 1868 749">
    <p class='ocr_par' dir='ltr' id='par_1_72' title="bbox 1075 713 1868 749">
     <span class='ocr_line' id='line_1_72' title="bbox 1075 713 1868 749; baseline -0.001 -10"><span class='ocrx_word' id='word_1_519' title='bbox 1075 713 1322 749; x_wconf 81' lang='grc' dir='ltr'>προσκεκομικότες</span> <span class='ocrx_word' id='word_1_520' title='bbox 1340 713 1431 744; x_wconf 75' lang='grc' dir='ltr'>αὑτὸν,</span> <span class='ocrx_word' id='word_1_521' title='bbox 1451 714 1698 748; x_wconf 81' lang='grc' dir='ltr'>κατακεκραγότες,</span> <span class='ocrx_word' id='word_1_522' title='bbox 1713 714 1761 740; x_wconf 69' lang='grc' dir='ltr'><strong>καὶ</strong></span> <span class='ocrx_word' id='word_1_523' title='bbox 1775 713 1868 747; x_wconf 76' lang='grc' dir='ltr'>λέγον‹</span> 
     </span>
    </p>
   </div>
   <div class='ocr_carea' id='block_1_73' title="bbox 1075 757 1868 795">
    <p class='ocr_par' dir='ltr' id='par_1_73' title="bbox 1075 757 1868 795">
     <span class='ocr_line' id='line_1_73' title="bbox 1075 757 1868 795; baseline -0.003 -9"><span class='ocrx_word' id='word_1_524' title='bbox 1075 768 1135 791; x_wconf 82' lang='grc' dir='ltr'>τες·</span> <span class='ocrx_word' id='word_1_525' title='bbox 1154 769 1162 784; x_wconf 83' lang='grc' dir='ltr'>ι</span> <span class='ocrx_word' id='word_1_526' title='bbox 1183 757 1259 795; x_wconf 79' lang='grc' dir='ltr'>Αἶρε,</span> <span class='ocrx_word' id='word_1_527' title='bbox 1285 757 1356 794; x_wconf 74' lang='grc' dir='ltr'>αἶρε,</span> <span class='ocrx_word' id='word_1_528' title='bbox 1371 759 1490 794; x_wconf 74' lang='grc' dir='ltr'>σταύρου</span> <span class='ocrx_word' id='word_1_529' title='bbox 1505 759 1595 792; x_wconf 72' lang='grc' dir='ltr'>αὐτὸν,</span> <span class='ocrx_word' id='word_1_530' title='bbox 1611 770 1620 784; x_wconf 84' lang='grc'><strong>›</strong></span> <span class='ocrx_word' id='word_1_531' title='bbox 1641 759 1868 795; x_wconf 69' lang='grc' dir='ltr'>προσ-τεθεικότες</span> 
     </span>
    </p>
   </div>
   <div class='ocr_carea' id='block_1_74' title="bbox 1075 803 1870 840">
    <p class='ocr_par' dir='ltr' id='par_1_74' title="bbox 1075 803 1870 840">
     <span class='ocr_line' id='line_1_74' title="bbox 1075 803 1870 840; baseline 0 -9"><span class='ocrx_word' id='word_1_532' title='bbox 1075 805 1102 831; x_wconf 81' lang='grc' dir='ltr'><strong>δὲ</strong></span> <span class='ocrx_word' id='word_1_533' title='bbox 1114 804 1216 836; x_wconf 82' lang='grc' dir='ltr'><strong>τούτοις</strong></span> <span class='ocrx_word' id='word_1_534' title='bbox 1228 804 1268 835; x_wconf 78' lang='grc' dir='ltr'><strong>τὸ,</strong></span> <span class='ocrx_word' id='word_1_535' title='bbox 1288 814 1296 829; x_wconf 86' lang='grc' dir='ltr'>ι</span> <span class='ocrx_word' id='word_1_536' title='bbox 1323 805 1384 831; x_wconf 73' lang='grc' dir='ltr'><strong>Ἐὰν</strong></span> <span class='ocrx_word' id='word_1_537' title='bbox 1404 805 1440 840; x_wconf 80' lang='grc' dir='ltr'>μὴ</span> <span class='ocrx_word' id='word_1_538' title='bbox 1456 804 1550 831; x_wconf 77' lang='grc' dir='ltr'>τοῦτον</span> <span class='ocrx_word' id='word_1_539' title='bbox 1574 805 1748 840; x_wconf 68' lang='grc' dir='ltr'>ἀποκτείνῃς,</span> <span class='ocrx_word' id='word_1_540' title='bbox 1764 804 1816 831; x_wconf 82' lang='grc' dir='ltr'><strong>οὐκ</strong></span> <span class='ocrx_word' id='word_1_541' title='bbox 1843 803 1870 831; x_wconf 78' lang='grc' dir='ltr'>εἴ</span> 
     </span>
    </p>
   </div>
   <div class='ocr_carea' id='block_1_75' title="bbox 1077 845 1869 886">
    <p class='ocr_par' dir='ltr' id='par_1_75' title="bbox 1077 845 1869 886">
     <span class='ocr_line' id='line_1_75' title="bbox 1077 845 1869 886; baseline 0 -10"><span class='ocrx_word' id='word_1_542' title='bbox 1077 850 1152 884; x_wconf 82' lang='grc' dir='ltr'>φίλος</span> <span class='ocrx_word' id='word_1_543' title='bbox 1171 849 1218 876; x_wconf 82' lang='grc' dir='ltr'>τοῦ</span> <span class='ocrx_word' id='word_1_544' title='bbox 1233 850 1380 886; x_wconf 77' lang='grc' dir='ltr'>Καίσαρος.</span> <span class='ocrx_word' id='word_1_545' title='bbox 1399 859 1408 877; x_wconf 66' lang='grc' dir='ltr'>ι</span> <span class='ocrx_word' id='word_1_546' title='bbox 1426 850 1458 876; x_wconf 88' lang='grc' dir='ltr'><strong>Τί</strong></span> <span class='ocrx_word' id='word_1_547' title='bbox 1468 850 1522 886; x_wconf 79' lang='grc' dir='ltr'>γὰρ</span> <span class='ocrx_word' id='word_1_548' title='bbox 1539 850 1572 877; x_wconf 81' lang='grc' dir='ltr'><strong>ἂν</strong></span> <span class='ocrx_word' id='word_1_549' title='bbox 1591 851 1696 884; x_wconf 77' lang='grc' dir='ltr'>γένοιτο</span> <span class='ocrx_word' id='word_1_550' title='bbox 1707 850 1763 877; x_wconf 83' lang='grc' dir='ltr'><strong>τῶν</strong></span> <span class='ocrx_word' id='word_1_551' title='bbox 1777 845 1869 877; x_wconf 78' lang='grc' dir='ltr'>τοιού-</span> 
     </span>
    </p>
   </div>
   <div class='ocr_carea' id='block_1_76' title="bbox 1076 895 1870 932">
    <p class='ocr_par' dir='ltr' id='par_1_76' title="bbox 1076 895 1870 932">
     <span class='ocr_line' id='line_1_76' title="bbox 1076 895 1870 932; baseline 0.001 -10"><span class='ocrx_word' id='word_1_552' title='bbox 1076 905 1128 923; x_wconf 87' lang='grc' dir='ltr'>των</span> <span class='ocrx_word' id='word_1_553' title='bbox 1143 896 1173 923; x_wconf 78' lang='grc' dir='ltr'>τὸ</span> <span class='ocrx_word' id='word_1_554' title='bbox 1183 896 1382 931; x_wconf 77' lang='grc' dir='ltr'>ἀπηνέστερον;</span> <span class='ocrx_word' id='word_1_555' title='bbox 1400 896 1433 922; x_wconf 73' lang='lat' dir='ltr'><strong>Oi</strong></span> <span class='ocrx_word' id='word_1_556' title='bbox 1447 904 1478 928; x_wconf 87' lang='grc' dir='ltr'><strong>γε</strong></span> <span class='ocrx_word' id='word_1_557' title='bbox 1495 896 1541 922; x_wconf 78' lang='grc' dir='ltr'>καὶ</span> <span class='ocrx_word' id='word_1_558' title='bbox 1552 896 1617 922; x_wconf 76' lang='grc' dir='ltr'>αὐτὸ</span> <span class='ocrx_word' id='word_1_559' title='bbox 1633 896 1662 922; x_wconf 86' lang='grc' dir='ltr'><strong>τὸ</strong></span> <span class='ocrx_word' id='word_1_560' title='bbox 1679 896 1784 922; x_wconf 87' lang='grc' dir='ltr'>δίκαιον</span> <span class='ocrx_word' id='word_1_561' title='bbox 1797 895 1870 932; x_wconf 73' lang='grc' dir='ltr'>αἷμα</span> 
     </span>
    </p>
   </div>
   <div class='ocr_carea' id='block_1_77' title="bbox 1074 941 1869 977">
    <p class='ocr_par' dir='ltr' id='par_1_77' title="bbox 1074 941 1869 977">
     <span class='ocr_line' id='line_1_77' title="bbox 1074 941 1869 977; baseline 0 -9"><span class='ocrx_word' id='word_1_562' title='bbox 1074 943 1135 973; x_wconf 79' lang='grc' dir='ltr'>ταῖς</span> <span class='ocrx_word' id='word_1_563' title='bbox 1153 941 1228 976; x_wconf 74' lang='grc' dir='ltr'>σφῶν</span> <span class='ocrx_word' id='word_1_564' title='bbox 1241 942 1330 968; x_wconf 79' lang='grc' dir='ltr'>αὐτῶν</span> <span class='ocrx_word' id='word_1_565' title='bbox 1344 941 1562 977; x_wconf 80' lang='grc' dir='ltr'>ὲτιαντλήσαντες</span> <span class='ocrx_word' id='word_1_566' title='bbox 1576 942 1718 976; x_wconf 81' lang='grc' dir='ltr'>κεφαλαῖς,</span> <span class='ocrx_word' id='word_1_567' title='bbox 1731 942 1869 977; x_wconf 77' lang='grc' dir='ltr'>ἀπεριμε-</span> 
     </span>
    </p>
   </div>
   <div class='ocr_carea' id='block_1_78' title="bbox 1077 985 1868 1022">
    <p class='ocr_par' dir='ltr' id='par_1_78' title="bbox 1077 985 1868 1022">
     <span class='ocr_line' id='line_1_78' title="bbox 1077 985 1868 1022; baseline 0.001 -9"><span class='ocrx_word' id='word_1_568' title='bbox 1077 987 1179 1022; x_wconf 80' lang='grc' dir='ltr'>ρίμνως</span> <span class='ocrx_word' id='word_1_569' title='bbox 1193 987 1311 1021; x_wconf 70' lang='grc' dir='ltr'>ἔφασκον</span> <span class='ocrx_word' id='word_1_570' title='bbox 1327 987 1368 1018; x_wconf 74' lang='grc' dir='ltr'><strong>τὸ,</strong></span> <span class='ocrx_word' id='word_1_571' title='bbox 1388 997 1398 1012; x_wconf 80' lang='grc' dir='ltr'>ι</span> <span class='ocrx_word' id='word_1_572' title='bbox 1414 985 1489 1022; x_wconf 74' lang='grc' dir='ltr'><strong>Αἷμα</strong></span> <span class='ocrx_word' id='word_1_573' title='bbox 1508 987 1590 1013; x_wconf 76' lang='grc' dir='ltr'>αὐτοῦ</span> <span class='ocrx_word' id='word_1_574' title='bbox 1607 987 1649 1022; x_wconf 79' lang='grc' dir='ltr'><strong>ἐφ’</strong></span> <span class='ocrx_word' id='word_1_575' title='bbox 1662 987 1736 1022; x_wconf 83' lang='grc' dir='ltr'><strong>ἡμᾶς</strong></span> <span class='ocrx_word' id='word_1_576' title='bbox 1756 988 1804 1014; x_wconf 74' lang='grc' dir='ltr'><strong>καὶ</strong></span> <span class='ocrx_word' id='word_1_577' title='bbox 1821 988 1868 1014; x_wconf 72' lang='grc' dir='ltr'>ἐπὶ</span> 
     </span>
    </p>
   </div>
   <div class='ocr_carea' id='block_1_79' title="bbox 1075 1030 1894 1068">
    <p class='ocr_par' dir='ltr' id='par_1_79' title="bbox 1075 1030 1894 1068">
     <span class='ocr_line' id='line_1_79' title="bbox 1075 1030 1894 1068; baseline 0.001 -10"><span class='ocrx_word' id='word_1_578' title='bbox 1075 1033 1109 1059; x_wconf 81' lang='grc' dir='ltr'>τὰ</span> <span class='ocrx_word' id='word_1_579' title='bbox 1120 1032 1202 1059; x_wconf 83' lang='grc' dir='ltr'>τέκνα</span> <span class='ocrx_word' id='word_1_580' title='bbox 1215 1032 1303 1066; x_wconf 81' lang='grc' dir='ltr'>ἡμῶν.</span> <span class='ocrx_word' id='word_1_581' title='bbox 1320 1041 1329 1057; x_wconf 77' lang='grc' dir='ltr'>ι</span> <span class='ocrx_word' id='word_1_582' title='bbox 1347 1032 1438 1067; x_wconf 83' lang='grc' dir='ltr'>Πρᾶος</span> <span class='ocrx_word' id='word_1_583' title='bbox 1452 1032 1483 1068; x_wconf 84' lang='grc' dir='ltr'>δὴ</span> <span class='ocrx_word' id='word_1_584' title='bbox 1494 1030 1540 1059; x_wconf 82' lang='grc' dir='ltr'><strong>οὖν</strong></span> <span class='ocrx_word' id='word_1_585' title='bbox 1555 1033 1568 1058; x_wconf 78' lang='grc' dir='ltr'><strong>ὁ</strong></span> <span class='ocrx_word' id='word_1_586' title='bbox 1581 1033 1654 1065; x_wconf 81' lang='grc' dir='ltr'>λαὸς,</span> <span class='ocrx_word' id='word_1_587' title='bbox 1667 1033 1681 1058; x_wconf 82' lang='grc' dir='ltr'>ὁ</span> <span class='ocrx_word' id='word_1_588' title='bbox 1694 1033 1745 1067; x_wconf 82' lang='grc' dir='ltr'>τῆς</span> <span class='ocrx_word' id='word_1_589' title='bbox 1763 1032 1868 1059; x_wconf 85' lang='grc' dir='ltr'>τούτων</span> <span class='ocrx_word' id='word_1_590' title='bbox 1887 1053 1894 1059; x_wconf 93' lang='grc'>.</span> 
     </span>
    </p>
   </div>
   <div class='ocr_carea' id='block_1_80' title="bbox 1075 1077 1869 1114">
    <p class='ocr_par' dir='ltr' id='par_1_80' title="bbox 1075 1077 1869 1114">
     <span class='ocr_line' id='line_1_80' title="bbox 1075 1077 1869 1114; baseline 0.001 -10"><span class='ocrx_word' id='word_1_591' title='bbox 1075 1077 1236 1114; x_wconf 82' lang='grc' dir='ltr'>ἀγριότητος</span> <span class='ocrx_word' id='word_1_592' title='bbox 1252 1079 1282 1104; x_wconf 72' lang='grc' dir='ltr'>οὗ</span> <span class='ocrx_word' id='word_1_593' title='bbox 1302 1078 1488 1114; x_wconf 84' lang='grc' dir='ltr'>μετεσχηκώς.</span> <span class='ocrx_word' id='word_1_594' title='bbox 1505 1079 1635 1105; x_wconf 72' lang='grc' dir='ltr'>Ταπεινοὶ</span> <span class='ocrx_word' id='word_1_595' title='bbox 1650 1078 1678 1105; x_wconf 81' lang='grc' dir='ltr'>δὲ</span> <span class='ocrx_word' id='word_1_596' title='bbox 1695 1078 1786 1111; x_wconf 78' lang='grc' dir='ltr'>πάλιν,</span> <span class='ocrx_word' id='word_1_597' title='bbox 1797 1079 1869 1105; x_wconf 73' lang='grc' dir='ltr'>κατα</span> 
     </span>
    </p>
   </div>
   <div class='ocr_carea' id='block_1_81' title="bbox 1076 1123 1869 1159">
    <p class='ocr_par' dir='ltr' id='par_1_81' title="bbox 1076 1123 1869 1159">
     <span class='ocr_line' id='line_1_81' title="bbox 1076 1123 1869 1159; baseline 0.001 -9"><span class='ocrx_word' id='word_1_598' title='bbox 1076 1131 1107 1157; x_wconf 87' lang='grc' dir='ltr'><strong>γε</strong></span> <span class='ocrx_word' id='word_1_599' title='bbox 1122 1123 1152 1150; x_wconf 86' lang='grc' dir='ltr'><strong>τὸ</strong></span> <span class='ocrx_word' id='word_1_600' title='bbox 1167 1123 1347 1159; x_wconf 80' lang='grc' dir='ltr'><strong>ὑποτετάχθαι</strong></span> <span class='ocrx_word' id='word_1_601' title='bbox 1367 1124 1487 1159; x_wconf 84' lang='grc' dir='ltr'>Χριστῷ,</span> <span class='ocrx_word' id='word_1_602' title='bbox 1504 1125 1552 1151; x_wconf 67' lang='grc' dir='ltr'>καὶ</span> <span class='ocrx_word' id='word_1_603' title='bbox 1565 1126 1625 1156; x_wconf 76' lang='grc' dir='ltr'>ταῖς</span> <span class='ocrx_word' id='word_1_604' title='bbox 1647 1125 1691 1151; x_wconf 66' lang='grc' dir='ltr'><strong>ὑπ’</strong></span> <span class='ocrx_word' id='word_1_605' title='bbox 1708 1125 1790 1152; x_wconf 71' lang='grc' dir='ltr'>αὐτὸν</span> <span class='ocrx_word' id='word_1_606' title='bbox 1805 1125 1869 1156; x_wconf 71' lang='grc' dir='ltr'>ζεύ-</span> 
     </span>
    </p>
   </div>
   <div class='ocr_carea' id='block_1_82' title="bbox 1075 1169 1868 1204">
    <p class='ocr_par' dir='ltr' id='par_1_82' title="bbox 1075 1169 1868 1204">
     <span class='ocr_line' id='line_1_82' title="bbox 1075 1169 1868 1204; baseline -0.001 -8"><span class='ocrx_word' id='word_1_607' title='bbox 1075 1169 1153 1203; x_wconf 80' lang='grc' dir='ltr'>γλαις</span> <span class='ocrx_word' id='word_1_608' title='bbox 1166 1170 1228 1200; x_wconf 79' lang='grc' dir='ltr'>τοὺς</span> <span class='ocrx_word' id='word_1_609' title='bbox 1242 1169 1291 1204; x_wconf 79' lang='grc' dir='ltr'><strong>τῆς</strong></span> <span class='ocrx_word' id='word_1_610' title='bbox 1304 1169 1422 1201; x_wconf 74' lang='grc' dir='ltr'><strong>διανοίας</strong></span> <span class='ocrx_word' id='word_1_611' title='bbox 1434 1169 1549 1204; x_wconf 71' lang='grc' dir='ltr'>αὐχένας</span> <span class='ocrx_word' id='word_1_612' title='bbox 1561 1170 1728 1204; x_wconf 79' lang='grc' dir='ltr'><strong>ὑπενεγκεῖν,</strong></span> <span class='ocrx_word' id='word_1_613' title='bbox 1744 1169 1868 1196; x_wconf 69' lang='grc' dir='ltr'><strong>ὑπακοῦ-</strong></span> 
     </span>
    </p>
   </div>
   <div class='ocr_carea' id='block_1_83' title="bbox 1077 1214 1869 1250">
    <p class='ocr_par' dir='ltr' id='par_1_83' title="bbox 1077 1214 1869 1250">
     <span class='ocr_line' id='line_1_83' title="bbox 1077 1214 1869 1250; baseline 0.001 -10"><span class='ocrx_word' id='word_1_614' title='bbox 1077 1215 1121 1241; x_wconf 83' lang='grc' dir='ltr'>σαί</span> <span class='ocrx_word' id='word_1_615' title='bbox 1135 1223 1164 1241; x_wconf 83' lang='grc' dir='ltr'><strong>τε</strong></span> <span class='ocrx_word' id='word_1_616' title='bbox 1181 1215 1226 1241; x_wconf 70' lang='grc' dir='ltr'>καὶ</span> <span class='ocrx_word' id='word_1_617' title='bbox 1245 1215 1317 1250; x_wconf 87' lang='grc' dir='ltr'><strong>μάλα</strong></span> <span class='ocrx_word' id='word_1_618' title='bbox 1331 1215 1457 1250; x_wconf 76' lang='grc' dir='ltr'>ἀσμένως</span> <span class='ocrx_word' id='word_1_619' title='bbox 1468 1215 1496 1248; x_wconf 71' lang='grc' dir='ltr'>ἐξ</span> <span class='ocrx_word' id='word_1_620' title='bbox 1505 1215 1616 1250; x_wconf 78' lang='grc' dir='ltr'><strong>ἀγάπης</strong></span> <span class='ocrx_word' id='word_1_621' title='bbox 1627 1215 1747 1249; x_wconf 81' lang='grc' dir='ltr'><strong>λέγοντι·</strong></span> <span class='ocrx_word' id='word_1_622' title='bbox 1763 1225 1772 1240; x_wconf 80' lang='grc' dir='ltr'>ι</span> <span class='ocrx_word' id='word_1_623' title='bbox 1783 1214 1869 1241; x_wconf 78' lang='grc' dir='ltr'>Δεῦτε</span> 
     </span>
    </p>
   </div>
   <div class='ocr_carea' id='block_1_84' title="bbox 1076 1260 1869 1298">
    <p class='ocr_par' dir='ltr' id='par_1_84' title="bbox 1076 1260 1869 1298">
     <span class='ocr_line' id='line_1_84' title="bbox 1076 1260 1869 1298; baseline -0.003 -9"><span class='ocrx_word' id='word_1_624' title='bbox 1076 1261 1145 1298; x_wconf 74' lang='grc' dir='ltr'>πρὸς</span> <span class='ocrx_word' id='word_1_625' title='bbox 1163 1262 1208 1298; x_wconf 81' lang='grc' dir='ltr'><strong>μὲ,</strong></span> <span class='ocrx_word' id='word_1_626' title='bbox 1233 1262 1335 1293; x_wconf 80' lang='grc' dir='ltr'>πάντες</span> <span class='ocrx_word' id='word_1_627' title='bbox 1355 1262 1379 1288; x_wconf 70' lang='lat' dir='ltr'><strong>oi</strong></span> <span class='ocrx_word' id='word_1_628' title='bbox 1403 1261 1552 1292; x_wconf 86' lang='grc' dir='ltr'>κοπιῶντες</span> <span class='ocrx_word' id='word_1_629' title='bbox 1575 1261 1620 1287; x_wconf 75' lang='grc' dir='ltr'>καὶ</span> <span class='ocrx_word' id='word_1_630' title='bbox 1643 1260 1869 1296; x_wconf 72' lang='grc' dir='ltr'>πεφορτισμένοι.</span> 
     </span>
    </p>
   </div>
   <div class='ocr_carea' id='block_1_85' title="bbox 1077 1307 1870 1343">
    <p class='ocr_par' dir='ltr' id='par_1_85' title="bbox 1077 1307 1870 1343">
     <span class='ocr_line' id='line_1_85' title="bbox 1077 1307 1870 1343; baseline -0.004 -7"><span class='ocrx_word' id='word_1_631' title='bbox 1077 1310 1154 1343; x_wconf 77' lang='grc' dir='ltr'><strong>κάγὼ</strong></span> <span class='ocrx_word' id='word_1_632' title='bbox 1179 1308 1331 1336; x_wconf 76' lang='grc' dir='ltr'><strong>ἀναπαύσω</strong></span> <span class='ocrx_word' id='word_1_633' title='bbox 1357 1308 1439 1342; x_wconf 75' lang='grc' dir='ltr'>ὑμᾶς.</span> <span class='ocrx_word' id='word_1_634' title='bbox 1459 1308 1561 1343; x_wconf 77' lang='grc' dir='ltr'>Ἄρατε</span> <span class='ocrx_word' id='word_1_635' title='bbox 1577 1307 1624 1334; x_wconf 76' lang='grc' dir='ltr'>τὸν</span> <span class='ocrx_word' id='word_1_636' title='bbox 1650 1307 1733 1341; x_wconf 79' lang='grc' dir='ltr'>ζυγόν</span> <span class='ocrx_word' id='word_1_637' title='bbox 1748 1315 1800 1342; x_wconf 80' lang='grc' dir='ltr'><strong>μου</strong></span> <span class='ocrx_word' id='word_1_638' title='bbox 1825 1307 1870 1340; x_wconf 70' lang='grc' dir='ltr'><strong>ἐφ’</strong></span> 
     </span>
    </p>
   </div>
   <div class='ocr_carea' id='block_1_86' title="bbox 1077 1348 1870 1389">
    <p class='ocr_par' dir='ltr' id='par_1_86' title="bbox 1077 1348 1870 1389">
     <span class='ocr_line' id='line_1_86' title="bbox 1077 1348 1870 1389; baseline -0.004 -8"><span class='ocrx_word' id='word_1_639' title='bbox 1077 1355 1158 1389; x_wconf 82' lang='grc' dir='ltr'>ὑμᾶς,</span> <span class='ocrx_word' id='word_1_640' title='bbox 1175 1354 1222 1380; x_wconf 80' lang='grc' dir='ltr'><strong>καὶ</strong></span> <span class='ocrx_word' id='word_1_641' title='bbox 1238 1353 1337 1389; x_wconf 77' lang='grc' dir='ltr'>μάθετε</span> <span class='ocrx_word' id='word_1_642' title='bbox 1354 1353 1401 1380; x_wconf 82' lang='grc' dir='ltr'><strong>ἀπ’</strong></span> <span class='ocrx_word' id='word_1_643' title='bbox 1419 1353 1498 1388; x_wconf 71' lang='grc' dir='ltr'><strong>ἐμοῦ,</strong></span> <span class='ocrx_word' id='word_1_644' title='bbox 1515 1348 1556 1380; x_wconf 68' lang='grc' dir='ltr'>ὅτι</span> <span class='ocrx_word' id='word_1_645' title='bbox 1572 1352 1658 1387; x_wconf 76' lang='grc' dir='ltr'>πρᾶός</span> <span class='ocrx_word' id='word_1_646' title='bbox 1675 1353 1734 1387; x_wconf 73' lang='grc' dir='ltr'><strong>εἰμι</strong></span> <span class='ocrx_word' id='word_1_647' title='bbox 1754 1352 1802 1378; x_wconf 75' lang='grc' dir='ltr'><strong>καὶ</strong></span> <span class='ocrx_word' id='word_1_648' title='bbox 1820 1360 1870 1378; x_wconf 89' lang='grc' dir='ltr'>τα-</span> 
     </span>
    </p>
   </div>
   <div class='ocr_carea' id='block_1_87' title="bbox 1077 1397 1871 1435">
    <p class='ocr_par' dir='ltr' id='par_1_87' title="bbox 1077 1397 1871 1435">
     <span class='ocr_line' id='line_1_87' title="bbox 1077 1397 1871 1435; baseline -0.003 -9"><span class='ocrx_word' id='word_1_649' title='bbox 1077 1400 1169 1432; x_wconf 82' lang='grc' dir='ltr'>πεινὸς</span> <span class='ocrx_word' id='word_1_650' title='bbox 1177 1401 1211 1435; x_wconf 86' lang='grc' dir='ltr'>τῇ</span> <span class='ocrx_word' id='word_1_651' title='bbox 1230 1399 1339 1435; x_wconf 78' lang='grc' dir='ltr'>καρδίᾳ,</span> <span class='ocrx_word' id='word_1_652' title='bbox 1351 1398 1398 1426; x_wconf 72' lang='grc' dir='ltr'>καὶ</span> <span class='ocrx_word' id='word_1_653' title='bbox 1415 1399 1547 1434; x_wconf 78' lang='grc' dir='ltr'>εὑρήσετε</span> <span class='ocrx_word' id='word_1_654' title='bbox 1564 1398 1715 1425; x_wconf 77' lang='grc' dir='ltr'><strong>ἀνάπαυσιν</strong></span> <span class='ocrx_word' id='word_1_655' title='bbox 1736 1399 1799 1429; x_wconf 80' lang='grc' dir='ltr'>ταῖς</span> <span class='ocrx_word' id='word_1_656' title='bbox 1816 1397 1871 1432; x_wconf 69' lang='grc' dir='ltr'>ψυ-</span> 
     </span>
    </p>
   </div>
   <div class='ocr_carea' id='block_1_88' title="bbox 1076 1441 1871 1480">
    <p class='ocr_par' dir='ltr' id='par_1_88' title="bbox 1076 1441 1871 1480">
     <span class='ocr_line' id='line_1_88' title="bbox 1076 1441 1871 1480; baseline -0.006 -8"><span class='ocrx_word' id='word_1_657' title='bbox 1076 1446 1136 1480; x_wconf 84' lang='grc' dir='ltr'>χαῖς</span> <span class='ocrx_word' id='word_1_658' title='bbox 1159 1444 1246 1480; x_wconf 83' lang='grc' dir='ltr'>ὑμῶν’</span> <span class='ocrx_word' id='word_1_659' title='bbox 1268 1454 1277 1470; x_wconf 74' lang='grc' dir='ltr'>ι</span> <span class='ocrx_word' id='word_1_660' title='bbox 1294 1444 1451 1480; x_wconf 83' lang='grc' dir='ltr'>σύμμορφοι</span> <span class='ocrx_word' id='word_1_661' title='bbox 1472 1443 1504 1479; x_wconf 84' lang='grc' dir='ltr'>δὴ</span> <span class='ocrx_word' id='word_1_662' title='bbox 1521 1441 1567 1470; x_wconf 86' lang='grc' dir='ltr'><strong>οὖν</strong></span> <span class='ocrx_word' id='word_1_663' title='bbox 1582 1443 1628 1470; x_wconf 74' lang='grc' dir='ltr'>καὶ</span> <span class='ocrx_word' id='word_1_664' title='bbox 1643 1442 1715 1470; x_wconf 80' lang='grc' dir='ltr'>κατὰ</span> <span class='ocrx_word' id='word_1_665' title='bbox 1730 1442 1810 1469; x_wconf 78' lang='grc' dir='ltr'>τοῦτο</span> <span class='ocrx_word' id='word_1_666' title='bbox 1829 1442 1871 1476; x_wconf 84' lang='grc' dir='ltr'>τῷ</span> 
     </span>
    </p>
   </div>
   <div class='ocr_carea' id='block_1_89' title="bbox 1076 1487 1871 1526">
    <p class='ocr_par' dir='ltr' id='par_1_89' title="bbox 1076 1487 1871 1526">
     <span class='ocr_line' id='line_1_89' title="bbox 1076 1487 1871 1526; baseline -0.003 -10"><span class='ocrx_word' id='word_1_667' title='bbox 1076 1489 1186 1525; x_wconf 81' lang='grc' dir='ltr'>Χριστῷ</span> <span class='ocrx_word' id='word_1_668' title='bbox 1200 1488 1238 1524; x_wconf 86' lang='grc' dir='ltr'>τῷ</span> <span class='ocrx_word' id='word_1_669' title='bbox 1258 1489 1290 1516; x_wconf 84' lang='grc' dir='ltr'><strong>δι’</strong></span> <span class='ocrx_word' id='word_1_670' title='bbox 1300 1489 1374 1524; x_wconf 80' lang='grc' dir='ltr'>ἡμᾶς</span> <span class='ocrx_word' id='word_1_671' title='bbox 1386 1488 1583 1526; x_wconf 82' lang='grc' dir='ltr'>πτωχεύσαντι,</span> <span class='ocrx_word' id='word_1_672' title='bbox 1602 1488 1649 1514; x_wconf 73' lang='grc' dir='ltr'><strong>καὶ</strong></span> <span class='ocrx_word' id='word_1_673' title='bbox 1663 1487 1807 1523; x_wconf 71' lang='grc' dir='ltr'>μονονουχὶ</span> <span class='ocrx_word' id='word_1_674' title='bbox 1821 1488 1871 1514; x_wconf 74' lang='grc' dir='ltr'>καὶ</span> 
     </span>
    </p>
   </div>
   <div class='ocr_carea' id='block_1_90' title="bbox 1077 1533 1872 1571">
    <p class='ocr_par' dir='ltr' id='par_1_90' title="bbox 1077 1533 1872 1571">
     <span class='ocr_line' id='line_1_90' title="bbox 1077 1533 1872 1571; baseline -0.004 -9"><span class='ocrx_word' id='word_1_675' title='bbox 1077 1534 1246 1571; x_wconf 77' lang='grc' dir='ltr'>θεοπρεποῦς</span> <span class='ocrx_word' id='word_1_676' title='bbox 1269 1535 1348 1569; x_wconf 78' lang='grc' dir='ltr'>δόξης</span> <span class='ocrx_word' id='word_1_677' title='bbox 1369 1534 1519 1569; x_wconf 73' lang='grc' dir='ltr'><strong>ἡμεληκότι</strong></span> <span class='ocrx_word' id='word_1_678' title='bbox 1542 1535 1589 1561; x_wconf 78' lang='grc' dir='ltr'><strong>καὶ</strong></span> <span class='ocrx_word' id='word_1_679' title='bbox 1611 1534 1661 1567; x_wconf 82' lang='grc' dir='ltr'>τῆς</span> <span class='ocrx_word' id='word_1_680' title='bbox 1687 1534 1760 1560; x_wconf 78' lang='grc' dir='ltr'>κατὰ</span> <span class='ocrx_word' id='word_1_681' title='bbox 1787 1533 1872 1568; x_wconf 74' lang='grc' dir='ltr'>φύσιν</span> 
     </span>
    </p>
   </div>
   <div class='ocr_carea' id='block_1_91' title="bbox 1079 1580 1873 1618">
    <p class='ocr_par' dir='ltr' id='par_1_91' title="bbox 1079 1580 1873 1618">
     <span class='ocr_line' id='line_1_91' title="bbox 1079 1580 1873 1618; baseline -0.004 -9"><span class='ocrx_word' id='word_1_682' title='bbox 1079 1583 1225 1618; x_wconf 76' lang='grc' dir='ltr'>ὑπεροχῆς,</span> <span class='ocrx_word' id='word_1_683' title='bbox 1243 1581 1287 1608; x_wconf 82' lang='grc' dir='ltr'>ἴνα</span> <span class='ocrx_word' id='word_1_684' title='bbox 1301 1581 1332 1607; x_wconf 80' lang='grc' dir='ltr'><strong>τὸ</strong></span> <span class='ocrx_word' id='word_1_685' title='bbox 1347 1580 1530 1616; x_wconf 82' lang='grc' dir='ltr'>δουλοπρεπὲς</span> <span class='ocrx_word' id='word_1_686' title='bbox 1554 1581 1663 1607; x_wconf 80' lang='grc' dir='ltr'><strong>ὑπέλθοι</strong></span> <span class='ocrx_word' id='word_1_687' title='bbox 1679 1580 1778 1615; x_wconf 79' lang='grc' dir='ltr'>μέτρον</span> <span class='ocrx_word' id='word_1_688' title='bbox 1797 1580 1873 1606; x_wconf 66' lang='grc' dir='ltr'>οίκοσ</span> 
     </span>
    </p>
   </div>
   <div class='ocr_carea' id='block_1_92' title="bbox 1079 1626 1873 1663">
    <p class='ocr_par' dir='ltr' id='par_1_92' title="bbox 1079 1626 1873 1663">
     <span class='ocr_line' id='line_1_92' title="bbox 1079 1626 1873 1663; baseline -0.004 -8"><span class='ocrx_word' id='word_1_689' title='bbox 1079 1628 1207 1663; x_wconf 84' lang='grc' dir='ltr'>νομικῶς.</span> <span class='ocrx_word' id='word_1_690' title='bbox 1237 1627 1342 1654; x_wconf 75' lang='grc' dir='ltr'>Οὐκοῦν</span> <span class='ocrx_word' id='word_1_691' title='bbox 1358 1626 1550 1662; x_wconf 81' lang='grc' dir='ltr'>μετριόφρονες</span> <span class='ocrx_word' id='word_1_692' title='bbox 1564 1627 1625 1652; x_wconf 88' lang='grc' dir='ltr'>κατ’</span> <span class='ocrx_word' id='word_1_693' title='bbox 1649 1626 1743 1658; x_wconf 76' lang='grc' dir='ltr'>αὐτὸν,</span> <span class='ocrx_word' id='word_1_694' title='bbox 1770 1627 1794 1652; x_wconf 75' lang='grc' dir='ltr'><strong>οἱ</strong></span> <span class='ocrx_word' id='word_1_695' title='bbox 1814 1626 1873 1656; x_wconf 76' lang='grc' dir='ltr'>τοῖς</span> 
     </span>
    </p>
   </div>
   <div class='ocr_carea' id='block_1_93' title="bbox 1080 1668 1873 1708">
    <p class='ocr_par' dir='ltr' id='par_1_93' title="bbox 1080 1668 1873 1708">
     <span class='ocr_line' id='line_1_93' title="bbox 1080 1668 1873 1708; baseline -0.004 -8"><span class='ocrx_word' id='word_1_696' title='bbox 1080 1673 1162 1701; x_wconf 77' lang='grc' dir='ltr'>αὑτοῦ</span> <span class='ocrx_word' id='word_1_697' title='bbox 1179 1673 1271 1708; x_wconf 85' lang='grc' dir='ltr'>νόμοις</span> <span class='ocrx_word' id='word_1_698' title='bbox 1289 1671 1548 1706; x_wconf 77' lang='grc' dir='ltr'>παιδαγωγούμενοι.</span> <span class='ocrx_word' id='word_1_699' title='bbox 1562 1668 1642 1698; x_wconf 74' lang='grc' dir='ltr'>Οὗτοι</span> <span class='ocrx_word' id='word_1_700' title='bbox 1656 1671 1704 1698; x_wconf 75' lang='grc' dir='ltr'><strong>καὶ</strong></span> <span class='ocrx_word' id='word_1_701' title='bbox 1715 1671 1873 1706; x_wconf 74' lang='grc' dir='ltr'><strong>εὐλαϐηθή-</strong></span> 
     </span>
    </p>
   </div>
   <div class='ocr_carea' id='block_1_94' title="bbox 1081 1716 1874 1753">
    <p class='ocr_par' dir='ltr' id='par_1_94' title="bbox 1081 1716 1874 1753">
     <span class='ocr_line' id='line_1_94' title="bbox 1081 1716 1874 1753; baseline -0.004 -7"><span class='ocrx_word' id='word_1_702' title='bbox 1081 1727 1172 1746; x_wconf 83' lang='grc' dir='ltr'>σονται</span> <span class='ocrx_word' id='word_1_703' title='bbox 1190 1718 1244 1745; x_wconf 83' lang='grc' dir='ltr'><strong>ἀπὸ</strong></span> <span class='ocrx_word' id='word_1_704' title='bbox 1255 1717 1301 1745; x_wconf 80' lang='grc' dir='ltr'><strong>τοῦ</strong></span> <span class='ocrx_word' id='word_1_705' title='bbox 1320 1718 1450 1753; x_wconf 79' lang='grc' dir='ltr'>ὀνόματος</span> <span class='ocrx_word' id='word_1_706' title='bbox 1465 1717 1576 1752; x_wconf 80' lang='grc' dir='ltr'><strong>Κυρίου.</strong></span> <span class='ocrx_word' id='word_1_707' title='bbox 1599 1717 1730 1751; x_wconf 82' lang='grc' dir='ltr'><strong>Γεγόνασι</strong></span> <span class='ocrx_word' id='word_1_708' title='bbox 1750 1717 1804 1752; x_wconf 80' lang='grc' dir='ltr'>γὰρ</span> <span class='ocrx_word' id='word_1_709' title='bbox 1816 1716 1874 1744; x_wconf 85' lang='grc' dir='ltr'>τῶν</span> 
     </span>
    </p>
   </div>
   <div class='ocr_carea' id='block_1_95' title="bbox 1080 1763 1872 1801">
    <p class='ocr_par' dir='ltr' id='par_1_95' title="bbox 1080 1763 1872 1801">
     <span class='ocr_line' id='line_1_95' title="bbox 1080 1763 1872 1801; baseline -0.004 -9"><span class='ocrx_word' id='word_1_710' title='bbox 1080 1766 1121 1792; x_wconf 75' lang='grc' dir='ltr'><strong>ὅτι</strong></span> <span class='ocrx_word' id='word_1_711' title='bbox 1140 1765 1258 1801; x_wconf 80' lang='grc' dir='ltr'>μάλιστα</span> <span class='ocrx_word' id='word_1_712' title='bbox 1269 1764 1484 1799; x_wconf 82' lang='grc' dir='ltr'><strong>φιλοθεωτάτων,</strong></span> <span class='ocrx_word' id='word_1_713' title='bbox 1502 1764 1549 1790; x_wconf 73' lang='grc' dir='ltr'>καὶ</span> <span class='ocrx_word' id='word_1_714' title='bbox 1562 1763 1616 1799; x_wconf 85' lang='grc' dir='ltr'><strong>πρό</strong></span> <span class='ocrx_word' id='word_1_715' title='bbox 1629 1771 1661 1797; x_wconf 91' lang='grc' dir='ltr'><strong>γε</strong></span> <span class='ocrx_word' id='word_1_716' title='bbox 1676 1763 1730 1790; x_wconf 90' lang='grc' dir='ltr'>τῶν</span> <span class='ocrx_word' id='word_1_717' title='bbox 1742 1763 1831 1790; x_wconf 73' lang='grc' dir='ltr'>ἄλλων</span> <span class='ocrx_word' id='word_1_718' title='bbox 1846 1764 1872 1789; x_wconf 76' lang='lat' dir='ltr'><strong>oi</strong></span> 
     </span>
    </p>
   </div>
   <div class='ocr_carea' id='block_1_96' title="bbox 1080 1809 1871 1846">
    <p class='ocr_par' dir='ltr' id='par_1_96' title="bbox 1080 1809 1871 1846">
     <span class='ocr_line' id='line_1_96' title="bbox 1080 1809 1871 1846; baseline 0 -8"><span class='ocrx_word' id='word_1_719' title='bbox 1080 1812 1220 1839; x_wconf 78' lang='grc' dir='ltr'>θεσπέσιοι</span> <span class='ocrx_word' id='word_1_720' title='bbox 1232 1811 1362 1846; x_wconf 68' lang='grc' dir='ltr'>μαθηταὶ,</span> <span class='ocrx_word' id='word_1_721' title='bbox 1382 1810 1406 1837; x_wconf 84' lang='grc' dir='ltr'>οἳ</span> <span class='ocrx_word' id='word_1_722' title='bbox 1418 1811 1465 1837; x_wconf 72' lang='grc' dir='ltr'>καὶ</span> <span class='ocrx_word' id='word_1_723' title='bbox 1476 1810 1523 1837; x_wconf 81' lang='grc' dir='ltr'>τοῦ</span> <span class='ocrx_word' id='word_1_724' title='bbox 1536 1811 1639 1845; x_wconf 79' lang='grc' dir='ltr'><strong>κόσμου</strong></span> <span class='ocrx_word' id='word_1_725' title='bbox 1653 1809 1789 1836; x_wconf 80' lang='grc' dir='ltr'><strong>τέθεινται</strong></span> <span class='ocrx_word' id='word_1_726' title='bbox 1801 1811 1871 1845; x_wconf 73' lang='grc' dir='ltr'><strong>φῶς.</strong></span> 
     </span>
    </p>
   </div>
   <div class='ocr_carea' id='block_1_97' title="bbox 1081 1855 1870 1892">
    <p class='ocr_par' dir='ltr' id='par_1_97' title="bbox 1081 1855 1870 1892">
     <span class='ocr_line' id='line_1_97' title="bbox 1081 1855 1870 1892; baseline -0.003 -8"><span class='ocrx_word' id='word_1_727' title='bbox 1081 1856 1113 1884; x_wconf 86' lang='grc' dir='ltr'><strong>Οί</strong></span> <span class='ocrx_word' id='word_1_728' title='bbox 1130 1857 1159 1884; x_wconf 83' lang='grc' dir='ltr'><strong>δὲ</strong></span> <span class='ocrx_word' id='word_1_729' title='bbox 1182 1857 1213 1892; x_wconf 85' lang='grc' dir='ltr'>δὴ</span> <span class='ocrx_word' id='word_1_730' title='bbox 1241 1856 1376 1891; x_wconf 82' lang='grc' dir='ltr'>θεοφιλεῖς</span> <span class='ocrx_word' id='word_1_731' title='bbox 1391 1865 1421 1883; x_wconf 85' lang='grc' dir='ltr'><strong>τε</strong></span> <span class='ocrx_word' id='word_1_732' title='bbox 1448 1856 1496 1882; x_wconf 62' lang='grc' dir='ltr'><strong>καὶ⁵</strong></span> <span class='ocrx_word' id='word_1_733' title='bbox 1517 1855 1616 1890; x_wconf 76' lang='grc' dir='ltr'>ἀγαθοὶ</span> <span class='ocrx_word' id='word_1_734' title='bbox 1642 1857 1870 1891; x_wconf 79' lang='grc' dir='ltr'>παραιτήσονται,</span> 
     </span>
    </p>
   </div>
   <div class='ocr_carea' id='block_1_98' title="bbox 1081 1900 1871 1937">
    <p class='ocr_par' dir='ltr' id='par_1_98' title="bbox 1081 1900 1871 1937">
     <span class='ocr_line' id='line_1_98' title="bbox 1081 1900 1871 1937; baseline -0.001 -9"><span class='ocrx_word' id='word_1_735' title='bbox 1081 1902 1159 1937; x_wconf 76' lang='grc' dir='ltr'>φησὶ,</span> <span class='ocrx_word' id='word_1_736' title='bbox 1176 1901 1224 1936; x_wconf 84' lang='grc' dir='ltr'>τὴν</span> <span class='ocrx_word' id='word_1_737' title='bbox 1249 1901 1355 1928; x_wconf 82' lang='grc' dir='ltr'>ἀδικίαν</span> <span class='ocrx_word' id='word_1_738' title='bbox 1378 1901 1425 1927; x_wconf 80' lang='grc' dir='ltr'><strong>καὶ</strong></span> <span class='ocrx_word' id='word_1_739' title='bbox 1441 1900 1520 1935; x_wconf 86' lang='grc' dir='ltr'>λόγον</span> <span class='ocrx_word' id='word_1_740' title='bbox 1542 1901 1654 1926; x_wconf 75' lang='grc' dir='ltr'>εἰκαῖον·</span> <span class='ocrx_word' id='word_1_741' title='bbox 1671 1910 1679 1925; x_wconf 83' lang='grc' dir='ltr'>ι</span> <span class='ocrx_word' id='word_1_742' title='bbox 1695 1900 1732 1926; x_wconf 82' lang='grc' dir='ltr'><strong>ϋὺ</strong></span> <span class='ocrx_word' id='word_1_743' title='bbox 1747 1901 1802 1935; x_wconf 79' lang='grc' dir='ltr'>γὰρ</span> <span class='ocrx_word' id='word_1_744' title='bbox 1821 1900 1871 1927; x_wconf 81' lang='grc' dir='ltr'><strong>λα-</strong></span> 
     </span>
    </p>
   </div>
   <div class='ocr_carea' id='block_1_99' title="bbox 1081 1945 1870 1983">
    <p class='ocr_par' dir='ltr' id='par_1_99' title="bbox 1081 1945 1870 1983">
     <span class='ocr_line' id='line_1_99' title="bbox 1081 1945 1870 1983; baseline -0.003 -9"><span class='ocrx_word' id='word_1_745' title='bbox 1081 1947 1192 1983; x_wconf 81' lang='grc' dir='ltr'>λήσουσι</span> <span class='ocrx_word' id='word_1_746' title='bbox 1208 1947 1319 1982; x_wconf 82' lang='grc' dir='ltr'>μάταια,</span> <span class='ocrx_word' id='word_1_747' title='bbox 1337 1957 1346 1972; x_wconf 71' lang='grc' dir='ltr'>ι</span> <span class='ocrx_word' id='word_1_748' title='bbox 1368 1946 1445 1981; x_wconf 69' lang='grc' dir='ltr'>φησι,</span> <span class='ocrx_word' id='word_1_749' title='bbox 1472 1947 1518 1973; x_wconf 81' lang='grc' dir='ltr'>καὶ</span> <span class='ocrx_word' id='word_1_750' title='bbox 1534 1945 1658 1979; x_wconf 79' lang='grc' dir='ltr'>γλῶσσαν</span> <span class='ocrx_word' id='word_1_751' title='bbox 1682 1946 1733 1972; x_wconf 73' lang='grc' dir='ltr'>οὐκ</span> <span class='ocrx_word' id='word_1_752' title='bbox 1755 1946 1870 1981; x_wconf 79' lang='grc' dir='ltr'><strong>ἀτρεκῆ,</strong></span> 
     </span>
    </p>
   </div>
   <div class='ocr_carea' id='block_1_100' title="bbox 1081 1988 1871 2027">
    <p class='ocr_par' dir='ltr' id='par_1_100' title="bbox 1081 1988 1871 2027">
     <span class='ocr_line' id='line_1_100' title="bbox 1081 1988 1871 2027; baseline -0.001 -9"><span class='ocrx_word' id='word_1_753' title='bbox 1081 1992 1160 2019; x_wconf 81' lang='grc' dir='ltr'>τοῦτο</span> <span class='ocrx_word' id='word_1_754' title='bbox 1172 1991 1226 2027; x_wconf 81' lang='grc' dir='ltr'><strong>γὰρ</strong></span> <span class='ocrx_word' id='word_1_755' title='bbox 1241 1993 1257 2027; x_wconf 81' lang='grc' dir='ltr'>ὴ</span> <span class='ocrx_word' id='word_1_756' title='bbox 1268 1991 1349 2018; x_wconf 77' lang='grc' dir='ltr'>δολία.</span> <span class='ocrx_word' id='word_1_757' title='bbox 1363 1992 1473 2026; x_wconf 77' lang='grc' dir='ltr'>Κόσμος</span> <span class='ocrx_word' id='word_1_758' title='bbox 1482 1991 1510 2018; x_wconf 84' lang='grc' dir='ltr'>δὲ</span> <span class='ocrx_word' id='word_1_759' title='bbox 1526 1988 1602 2023; x_wconf 74' lang='grc' dir='ltr'>οὗτος</span> <span class='ocrx_word' id='word_1_760' title='bbox 1617 1992 1814 2026; x_wconf 74' lang='grc' dir='ltr'>πνευματικὸς,</span> <span class='ocrx_word' id='word_1_761' title='bbox 1825 1991 1871 2017; x_wconf 79' lang='grc' dir='ltr'><strong>καὶ</strong></span> 
     </span>
    </p>
   </div>
   <div class='ocr_carea' id='block_1_101' title="bbox 1082 2035 1870 2072">
    <p class='ocr_par' dir='ltr' id='par_1_101' title="bbox 1082 2035 1870 2072">
     <span class='ocr_line' id='line_1_101' title="bbox 1082 2035 1870 2072; baseline -0.004 -7"><span class='ocrx_word' id='word_1_762' title='bbox 1082 2036 1125 2066; x_wconf 69' lang='grc' dir='ltr'><strong>οἶά</strong></span> <span class='ocrx_word' id='word_1_763' title='bbox 1137 2047 1178 2070; x_wconf 85' lang='grc' dir='ltr'><strong>τις</strong></span> <span class='ocrx_word' id='word_1_764' title='bbox 1196 2038 1329 2072; x_wconf 82' lang='grc' dir='ltr'>στέφανος</span> <span class='ocrx_word' id='word_1_765' title='bbox 1340 2039 1396 2070; x_wconf 86' lang='grc' dir='ltr'>τοῖς</span> <span class='ocrx_word' id='word_1_766' title='bbox 1407 2037 1437 2070; x_wconf 80' lang='grc' dir='ltr'><strong>ἐξ</strong></span> <span class='ocrx_word' id='word_1_767' title='bbox 1449 2037 1554 2072; x_wconf 82' lang='grc' dir='ltr'>ἀρετῶν</span> <span class='ocrx_word' id='word_1_768' title='bbox 1571 2037 1728 2072; x_wconf 79' lang='grc' dir='ltr'>αὐχήμασιν</span> <span class='ocrx_word' id='word_1_769' title='bbox 1754 2035 1783 2063; x_wconf 73' lang='grc' dir='ltr'>εὖ</span> <span class='ocrx_word' id='word_1_770' title='bbox 1800 2037 1870 2072; x_wconf 75' lang='grc' dir='ltr'>μάλα</span> 
     </span>
    </p>
   </div>
   <div class='ocr_carea' id='block_1_102' title="bbox 1081 2082 1875 2121">
    <p class='ocr_par' dir='ltr' id='par_1_102' title="bbox 1081 2082 1875 2121">
     <span class='ocr_line' id='line_1_102' title="bbox 1081 2082 1875 2121; baseline -0.004 -10"><span class='ocrx_word' id='word_1_771' title='bbox 1081 2084 1246 2120; x_wconf 75' lang='grc' dir='ltr'>διαπρεπής.</span> <span class='ocrx_word' id='word_1_772' title='bbox 1271 2083 1355 2110; x_wconf 84' lang='grc' dir='ltr'>Ἔνθα</span> <span class='ocrx_word' id='word_1_773' title='bbox 1381 2083 1435 2117; x_wconf 76' lang='grc' dir='ltr'><strong>γὰρ</strong></span> <span class='ocrx_word' id='word_1_774' title='bbox 1459 2083 1581 2118; x_wconf 78' lang='grc' dir='ltr'>πραότης</span> <span class='ocrx_word' id='word_1_775' title='bbox 1613 2083 1662 2109; x_wconf 78' lang='grc' dir='ltr'><strong>καὶ</strong></span> <span class='ocrx_word' id='word_1_776' title='bbox 1693 2082 1875 2121; x_wconf 41' lang='grc' dir='ltr'>ταπείνωσιςη</span> 
     </span>
    </p>
   </div>
   <div class='ocr_carea' id='block_1_103' title="bbox 1083 2126 1868 2164">
    <p class='ocr_par' dir='ltr' id='par_1_103' title="bbox 1083 2126 1868 2164">
     <span class='ocr_line' id='line_1_103' title="bbox 1083 2126 1868 2164; baseline -0.005 -8"><span class='ocrx_word' id='word_1_777' title='bbox 1083 2130 1129 2156; x_wconf 73' lang='grc' dir='ltr'>καὶ</span> <span class='ocrx_word' id='word_1_778' title='bbox 1155 2130 1208 2164; x_wconf 85' lang='grc' dir='ltr'><strong>μὴν</strong></span> <span class='ocrx_word' id='word_1_779' title='bbox 1227 2129 1273 2156; x_wconf 70' lang='grc' dir='ltr'><strong>καὶ</strong></span> <span class='ocrx_word' id='word_1_780' title='bbox 1296 2128 1468 2163; x_wconf 76' lang='grc' dir='ltr'><strong>δικαιοσύνης</strong></span> <span class='ocrx_word' id='word_1_781' title='bbox 1492 2127 1584 2162; x_wconf 71' lang='grc' dir='ltr'>ἔφεσις</span> <span class='ocrx_word' id='word_1_782' title='bbox 1599 2147 1606 2158; x_wconf 83' lang='grc'>,</span> <span class='ocrx_word' id='word_1_783' title='bbox 1632 2126 1817 2163; x_wconf 74' lang='grc' dir='ltr'><strong>ἀπομαοοῦσά</strong></span> <span class='ocrx_word' id='word_1_784' title='bbox 1841 2135 1868 2152; x_wconf 82' lang='grc' dir='ltr'><strong>τε</strong></span> 
     </span>
    </p>
   </div>
   <div class='ocr_carea' id='block_1_104' title="bbox 1083 2173 1868 2209">
    <p class='ocr_par' dir='ltr' id='par_1_104' title="bbox 1083 2173 1868 2209">
     <span class='ocr_line' id='line_1_104' title="bbox 1083 2173 1868 2209; baseline -0.005 -7"><span class='ocrx_word' id='word_1_785' title='bbox 1083 2175 1193 2209; x_wconf 85' lang='grc' dir='ltr'>γλῶσσα</span> <span class='ocrx_word' id='word_1_786' title='bbox 1205 2175 1238 2203; x_wconf 81' lang='grc' dir='ltr'>τὰ</span> <span class='ocrx_word' id='word_1_787' title='bbox 1255 2174 1428 2209; x_wconf 80' lang='grc' dir='ltr'>είκαιόμυοα,</span> <span class='ocrx_word' id='word_1_788' title='bbox 1447 2174 1493 2200; x_wconf 80' lang='grc' dir='ltr'><strong>καὶ</strong></span> <span class='ocrx_word' id='word_1_789' title='bbox 1508 2174 1608 2208; x_wconf 81' lang='grc' dir='ltr'>ἥκιστα</span> <span class='ocrx_word' id='word_1_790' title='bbox 1621 2173 1671 2208; x_wconf 87' lang='grc' dir='ltr'><strong>μὲν</strong></span> <span class='ocrx_word' id='word_1_791' title='bbox 1683 2173 1868 2208; x_wconf 79' lang='grc' dir='ltr'>ἁμαρτοεπὴς,</span> 
     </span>
    </p>
   </div>
   <div class='ocr_carea' id='block_1_105' title="bbox 1082 2218 1869 2257">
    <p class='ocr_par' dir='ltr' id='par_1_105' title="bbox 1082 2218 1869 2257">
     <span class='ocr_line' id='line_1_105' title="bbox 1082 2218 1869 2257; baseline -0.005 -9"><span class='ocrx_word' id='word_1_792' title='bbox 1082 2221 1149 2257; x_wconf 81' lang='grc' dir='ltr'>ὀρθὴ</span> <span class='ocrx_word' id='word_1_793' title='bbox 1160 2221 1188 2248; x_wconf 85' lang='grc' dir='ltr'><strong>δὲ</strong></span> <span class='ocrx_word' id='word_1_794' title='bbox 1204 2220 1314 2256; x_wconf 84' lang='grc' dir='ltr'><strong>μᾶλλον,</strong></span> <span class='ocrx_word' id='word_1_795' title='bbox 1331 2221 1377 2247; x_wconf 74' lang='grc' dir='ltr'><strong>καὶ</strong></span> <span class='ocrx_word' id='word_1_796' title='bbox 1391 2220 1520 2256; x_wconf 84' lang='grc' dir='ltr'>ἀτρεκίας</span> <span class='ocrx_word' id='word_1_797' title='bbox 1531 2219 1652 2254; x_wconf 78' lang='grc' dir='ltr'>ἐργάτις,</span> <span class='ocrx_word' id='word_1_798' title='bbox 1667 2219 1727 2245; x_wconf 81' lang='grc' dir='ltr'><strong>ἐκεῖ</strong></span> <span class='ocrx_word' id='word_1_799' title='bbox 1742 2227 1793 2245; x_wconf 83' lang='grc' dir='ltr'>που</span> <span class='ocrx_word' id='word_1_800' title='bbox 1805 2218 1869 2245; x_wconf 71' lang='grc' dir='ltr'>πᾶν·</span> 
     </span>
    </p>
   </div>
   <div class='ocr_carea' id='block_1_106' title="bbox 1081 2265 1870 2303">
    <p class='ocr_par' dir='ltr' id='par_1_106' title="bbox 1081 2265 1870 2303">
     <span class='ocr_line' id='line_1_106' title="bbox 1081 2265 1870 2303; baseline -0.006 -8"><span class='ocrx_word' id='word_1_801' title='bbox 1081 2277 1134 2300; x_wconf 85' lang='grc' dir='ltr'>τως</span> <span class='ocrx_word' id='word_1_802' title='bbox 1150 2267 1262 2303; x_wconf 75' lang='grc' dir='ltr'>λαμπρὰ</span> <span class='ocrx_word' id='word_1_803' title='bbox 1289 2267 1335 2294; x_wconf 77' lang='grc' dir='ltr'>καὶ</span> <span class='ocrx_word' id='word_1_804' title='bbox 1345 2267 1500 2302; x_wconf 75' lang='grc' dir='ltr'>τελειοτάτη</span> <span class='ocrx_word' id='word_1_805' title='bbox 1519 2267 1640 2301; x_wconf 81' lang='grc' dir='ltr'><strong>πέφηνεν</strong></span> <span class='ocrx_word' id='word_1_806' title='bbox 1658 2266 1754 2300; x_wconf 83' lang='grc' dir='ltr'>ἀρετή.</span> <span class='ocrx_word' id='word_1_807' title='bbox 1770 2265 1870 2300; x_wconf 72' lang='grc' dir='ltr'>Πρέποι</span> 
     </span>
    </p>
   </div>
   <div class='ocr_carea' id='block_1_107' title="bbox 1080 2311 1870 2350">
    <p class='ocr_par' dir='ltr' id='par_1_107' title="bbox 1080 2311 1870 2350">
     <span class='ocr_line' id='line_1_107' title="bbox 1080 2311 1870 2350; baseline -0.006 -9"><span class='ocrx_word' id='word_1_808' title='bbox 1080 2314 1103 2341; x_wconf 82' lang='grc' dir='ltr'>δ’</span> <span class='ocrx_word' id='word_1_809' title='bbox 1123 2315 1155 2341; x_wconf 73' lang='grc' dir='ltr'><strong>ἂν</strong></span> <span class='ocrx_word' id='word_1_810' title='bbox 1168 2315 1185 2350; x_wconf 84' lang='grc' dir='ltr'><strong>ή</strong></span> <span class='ocrx_word' id='word_1_811' title='bbox 1200 2314 1289 2340; x_wconf 77' lang='grc' dir='ltr'>τοιάδε</span> <span class='ocrx_word' id='word_1_812' title='bbox 1312 2315 1368 2345; x_wconf 84' lang='grc' dir='ltr'>τοῖς</span> <span class='ocrx_word' id='word_1_813' title='bbox 1385 2314 1413 2339; x_wconf 83' lang='grc' dir='ltr'>ὲν</span> <span class='ocrx_word' id='word_1_814' title='bbox 1430 2312 1544 2347; x_wconf 80' lang='grc' dir='ltr'>Χριστῷ</span> <span class='ocrx_word' id='word_1_815' title='bbox 1556 2332 1563 2344; x_wconf 89' lang='grc'>,</span> <span class='ocrx_word' id='word_1_816' title='bbox 1585 2313 1626 2338; x_wconf 75' lang='grc' dir='ltr'>ὅτι</span> <span class='ocrx_word' id='word_1_817' title='bbox 1643 2311 1680 2347; x_wconf 79' lang='grc' dir='ltr'><strong>μὴ</strong></span> <span class='ocrx_word' id='word_1_818' title='bbox 1695 2312 1724 2338; x_wconf 75' lang='grc' dir='ltr'><strong>ὲν</strong></span> <span class='ocrx_word' id='word_1_819' title='bbox 1737 2311 1813 2346; x_wconf 84' lang='grc' dir='ltr'>νόμῳ</span> <span class='ocrx_word' id='word_1_820' title='bbox 1823 2313 1870 2346; x_wconf 82' lang='grc' dir='ltr'><strong>τῆς</strong></span> 
     </span>
    </p>
   </div>
   <div class='ocr_carea' id='block_1_108' title="bbox 1080 2357 1870 2394">
    <p class='ocr_par' dir='ltr' id='par_1_108' title="bbox 1080 2357 1870 2394">
     <span class='ocr_line' id='line_1_108' title="bbox 1080 2357 1870 2394; baseline -0.006 -7"><span class='ocrx_word' id='word_1_821' title='bbox 1080 2360 1221 2392; x_wconf 71' lang='grc' dir='ltr'>εὐσεϐείας</span> <span class='ocrx_word' id='word_1_822' title='bbox 1235 2360 1332 2394; x_wconf 72' lang='grc' dir='ltr'>ὁρᾶται</span> <span class='ocrx_word' id='word_1_823' title='bbox 1343 2359 1373 2385; x_wconf 80' lang='grc' dir='ltr'><strong>τὸ</strong></span> <span class='ocrx_word' id='word_1_824' title='bbox 1386 2358 1495 2390; x_wconf 72' lang='grc' dir='ltr'>κάλλος,</span> <span class='ocrx_word' id='word_1_825' title='bbox 1514 2358 1709 2393; x_wconf 74' lang='grc' dir='ltr'>ἀπαστράπτει</span> <span class='ocrx_word' id='word_1_826' title='bbox 1724 2357 1753 2383; x_wconf 79' lang='grc' dir='ltr'><strong>δὲ</strong></span> <span class='ocrx_word' id='word_1_827' title='bbox 1772 2357 1870 2392; x_wconf 81' lang='grc' dir='ltr'>μᾶλλον</span> 
     </span>
    </p>
   </div>
   <div class='ocr_carea' id='block_1_109' title="bbox 1081 2403 1674 2440">
    <p class='ocr_par' dir='ltr' id='par_1_109' title="bbox 1081 2403 1674 2440">
     <span class='ocr_line' id='line_1_109' title="bbox 1081 2403 1674 2440; baseline -0.007 -7"><span class='ocrx_word' id='word_1_828' title='bbox 1081 2406 1118 2436; x_wconf 79' lang='grc' dir='ltr'>ὡς</span> <span class='ocrx_word' id='word_1_829' title='bbox 1133 2407 1162 2432; x_wconf 87' lang='grc' dir='ltr'><strong>ὲν</strong></span> <span class='ocrx_word' id='word_1_830' title='bbox 1175 2406 1287 2440; x_wconf 83' lang='grc' dir='ltr'>δυνάμει</span> <span class='ocrx_word' id='word_1_831' title='bbox 1302 2404 1469 2436; x_wconf 76' lang='grc' dir='ltr'>παιδεύσεως</span> <span class='ocrx_word' id='word_1_832' title='bbox 1483 2403 1674 2438; x_wconf 83' lang='grc' dir='ltr'>εὐαγγελικῆς.</span> 
     </span>
    </p>
   </div>
   <div class='ocr_carea' id='block_1_110' title="bbox 1116 2450 1870 2486">
    <p class='ocr_par' dir='ltr' id='par_1_110' title="bbox 1116 2450 1870 2486">
     <span class='ocr_line' id='line_1_110' title="bbox 1116 2450 1870 2486; baseline -0.003 -8"><span class='ocrx_word' id='word_1_833' title='bbox 1116 2453 1194 2479; x_wconf 77' lang='grc' dir='ltr'>Διότι</span> <span class='ocrx_word' id='word_1_834' title='bbox 1211 2451 1295 2478; x_wconf 80' lang='grc' dir='ltr'>αὐτοὶ</span> <span class='ocrx_word' id='word_1_835' title='bbox 1316 2450 1509 2485; x_wconf 78' lang='grc' dir='ltr'><strong>νεμήσονται,</strong></span> <span class='ocrx_word' id='word_1_836' title='bbox 1531 2451 1582 2477; x_wconf 75' lang='grc' dir='ltr'>καὶ</span> <span class='ocrx_word' id='word_1_837' title='bbox 1599 2450 1870 2486; x_wconf 72' lang='grc' dir='ltr'>κοιτασθήσονται,</span> 
     </span>
    </p>
   </div>
   <div class='ocr_carea' id='block_1_111' title="bbox 1084 2497 1626 2532">
    <p class='ocr_par' dir='ltr' id='par_1_111' title="bbox 1084 2497 1626 2532">
     <span class='ocr_line' id='line_1_111' title="bbox 1084 2497 1626 2532; baseline 0 -8"><span class='ocrx_word' id='word_1_838' title='bbox 1084 2498 1131 2524; x_wconf 78' lang='grc' dir='ltr'><strong>καὶ</strong></span> <span class='ocrx_word' id='word_1_839' title='bbox 1148 2499 1203 2524; x_wconf 79' lang='grc' dir='ltr'><strong>οὐκ</strong></span> <span class='ocrx_word' id='word_1_840' title='bbox 1218 2498 1302 2524; x_wconf 76' lang='grc' dir='ltr'>ἕσται</span> <span class='ocrx_word' id='word_1_841' title='bbox 1322 2499 1338 2524; x_wconf 85' lang='grc' dir='ltr'><em>ὀ</em></span> <span class='ocrx_word' id='word_1_842' title='bbox 1353 2497 1489 2532; x_wconf 63' lang='grc' dir='ltr'><strong>ἐκφοϐῶν</strong></span> <span class='ocrx_word' id='word_1_843' title='bbox 1505 2498 1626 2530; x_wconf 79' lang='grc' dir='ltr'>αὐτούς.</span> 
     </span>
    </p>
   </div>
   <div class='ocr_carea' id='block_1_112' title="bbox 1117 2542 1871 2579">
    <p class='ocr_par' dir='ltr' id='par_1_112' title="bbox 1117 2542 1871 2579">
     <span class='ocr_line' id='line_1_112' title="bbox 1117 2542 1871 2579; baseline -0.004 -9"><span class='ocrx_word' id='word_1_844' title='bbox 1117 2544 1184 2571; x_wconf 84' lang='lat' dir='ltr'><strong>MB’.</strong></span> <span class='ocrx_word' id='word_1_845' title='bbox 1198 2544 1286 2570; x_wconf 76' lang='grc' dir='ltr'>Πάλαι</span> <span class='ocrx_word' id='word_1_846' title='bbox 1300 2544 1349 2579; x_wconf 77' lang='grc' dir='ltr'>μὲν</span> <span class='ocrx_word' id='word_1_847' title='bbox 1364 2544 1419 2579; x_wconf 73' lang='grc' dir='ltr'><strong>γὰρ</strong></span> <span class='ocrx_word' id='word_1_848' title='bbox 1434 2543 1483 2575; x_wconf 78' lang='grc' dir='ltr'>τὰς</span> <span class='ocrx_word' id='word_1_849' title='bbox 1497 2543 1550 2570; x_wconf 87' lang='grc' dir='ltr'><strong>τῶν</strong></span> <span class='ocrx_word' id='word_1_850' title='bbox 1569 2543 1704 2569; x_wconf 73' lang='grc' dir='ltr'><strong>Ἰουδαίων</strong></span> <span class='ocrx_word' id='word_1_851' title='bbox 1721 2542 1824 2576; x_wconf 80' lang='grc' dir='ltr'><strong>ἀγέλας</strong></span> <span class='ocrx_word' id='word_1_852' title='bbox 1837 2542 1871 2567; x_wconf 87' lang='grc' dir='ltr'><strong>δι-</strong></span> 
     </span>
    </p>
   </div>
   <div class='ocr_carea' id='block_1_113' title="bbox 1082 2587 1870 2624">
    <p class='ocr_par' dir='ltr' id='par_1_113' title="bbox 1082 2587 1870 2624">
     <span class='ocr_line' id='line_1_113' title="bbox 1082 2587 1870 2624; baseline -0.005 -9"><span class='ocrx_word' id='word_1_853' title='bbox 1082 2589 1240 2624; x_wconf 80' lang='grc' dir='ltr'>εποίμαινον</span> <span class='ocrx_word' id='word_1_854' title='bbox 1250 2589 1372 2624; x_wconf 82' lang='grc' dir='ltr'>ἀδρανώς</span> <span class='ocrx_word' id='word_1_855' title='bbox 1386 2589 1411 2615; x_wconf 84' lang='grc' dir='ltr'><strong>οἱ</strong></span> <span class='ocrx_word' id='word_1_856' title='bbox 1427 2589 1602 2624; x_wconf 83' lang='grc' dir='ltr'>Γραμματείς</span> <span class='ocrx_word' id='word_1_857' title='bbox 1612 2596 1642 2613; x_wconf 86' lang='grc' dir='ltr'><strong>τε</strong></span> <span class='ocrx_word' id='word_1_858' title='bbox 1657 2587 1703 2613; x_wconf 75' lang='grc' dir='ltr'>καὶ</span> <span class='ocrx_word' id='word_1_859' title='bbox 1720 2587 1870 2621; x_wconf 78' lang='grc' dir='ltr'>Φαρισαῖοι.</span> 
     </span>
    </p>
   </div>
   <div class='ocr_carea' id='block_1_114' title="bbox 1084 2632 1871 2672">
    <p class='ocr_par' dir='ltr' id='par_1_114' title="bbox 1084 2632 1871 2672">
     <span class='ocr_line' id='line_1_114' title="bbox 1084 2632 1871 2672; baseline -0.008 -9"><span class='ocrx_word' id='word_1_860' title='bbox 1084 2637 1236 2672; x_wconf 77' lang='grc' dir='ltr'>Τετάχαται</span> <span class='ocrx_word' id='word_1_861' title='bbox 1250 2636 1304 2670; x_wconf 74' lang='grc' dir='ltr'><strong>γὰρ</strong></span> <span class='ocrx_word' id='word_1_862' title='bbox 1317 2637 1348 2662; x_wconf 76' lang='grc' dir='ltr'>ἐκ</span> <span class='ocrx_word' id='word_1_863' title='bbox 1363 2636 1444 2670; x_wconf 73' lang='grc' dir='ltr'>νόμον</span> <span class='ocrx_word' id='word_1_864' title='bbox 1464 2634 1643 2670; x_wconf 82' lang='grc' dir='ltr'>καθηγεῖσθαι</span> <span class='ocrx_word' id='word_1_865' title='bbox 1664 2633 1738 2659; x_wconf 84' lang='grc' dir='ltr'>λαῶν</span> <span class='ocrx_word' id='word_1_866' title='bbox 1753 2653 1760 2664; x_wconf 86' lang='grc'>,</span> <span class='ocrx_word' id='word_1_867' title='bbox 1776 2632 1820 2659; x_wconf 70' lang='grc' dir='ltr'><strong>διὰ</strong></span> <span class='ocrx_word' id='word_1_868' title='bbox 1835 2639 1871 2657; x_wconf 76' lang='grc' dir='ltr'>τοι</span> 
     </span>
    </p>
   </div>
   <div class='ocr_carea' id='block_1_115' title="bbox 1084 2675 1871 2719">
    <p class='ocr_par' dir='ltr' id='par_1_115' title="bbox 1084 2675 1871 2719">
     <span class='ocr_line' id='line_1_115' title="bbox 1084 2675 1871 2719; baseline -0.011 -10"><span class='ocrx_word' id='word_1_869' title='bbox 1084 2682 1115 2708; x_wconf 84' lang='grc' dir='ltr'>τὺ</span> <span class='ocrx_word' id='word_1_870' title='bbox 1141 2681 1304 2717; x_wconf 76' lang='grc' dir='ltr'>τετιμῆσθαι</span> <span class='ocrx_word' id='word_1_871' title='bbox 1336 2682 1393 2712; x_wconf 83' lang='grc' dir='ltr'>τοῖς</span> <span class='ocrx_word' id='word_1_872' title='bbox 1424 2679 1574 2719; x_wconf 74' lang='grc' dir='ltr'>ἱερωσύνης</span> <span class='ocrx_word' id='word_1_873' title='bbox 1607 2677 1774 2713; x_wconf 76' lang='grc' dir='ltr'>πρεσϐείοις.</span> <span class='ocrx_word' id='word_1_874' title='bbox 1808 2675 1871 2719; x_wconf 50' lang='grc' dir='ltr'><strong>ρξκ-</strong></span> 
     </span>
    </p>
   </div>
   <div class='ocr_carea' id='block_1_116' title="bbox 1086 2718 1870 2764">
    <p class='ocr_par' dir='ltr' id='par_1_116' title="bbox 1086 2718 1870 2764">
     <span class='ocr_line' id='line_1_116' title="bbox 1086 2718 1870 2764; baseline -0.011 -8"><span class='ocrx_word' id='word_1_875' title='bbox 1086 2729 1133 2756; x_wconf 78' lang='grc' dir='ltr'><strong>οὖν</strong></span> <span class='ocrx_word' id='word_1_876' title='bbox 1159 2727 1231 2764; x_wconf 75' lang='grc' dir='ltr'>ἦσαν</span> <span class='ocrx_word' id='word_1_877' title='bbox 1256 2727 1406 2764; x_wconf 71' lang='grc' dir='ltr'>ποιμένες,</span> <span class='ocrx_word' id='word_1_878' title='bbox 1428 2726 1557 2763; x_wconf 66' lang='grc' dir='ltr'><strong>μισθωτοὶ</strong></span> <span class='ocrx_word' id='word_1_879' title='bbox 1583 2725 1611 2752; x_wconf 74' lang='grc' dir='ltr'>δὲ</span> <span class='ocrx_word' id='word_1_880' title='bbox 1634 2725 1720 2759; x_wconf 81' lang='grc' dir='ltr'><strong>ὅμως,</strong></span> <span class='ocrx_word' id='word_1_881' title='bbox 1750 2723 1798 2749; x_wconf 72' lang='grc' dir='ltr'>καὶ</span> <span class='ocrx_word' id='word_1_882' title='bbox 1821 2718 1870 2747; x_wconf 69' lang='grc' dir='ltr'>οἷον</span> 
     </span>
    </p>
   </div>
   <div class='ocr_carea' id='block_1_117' title="bbox 1215 2819 1870 2858">
    <p class='ocr_par' dir='ltr' id='par_1_117' title="bbox 1215 2819 1870 2858">
     <span class='ocr_line' id='line_1_117' title="bbox 1215 2819 1870 2858; baseline -0.011 -5"><span class='ocrx_word' id='word_1_883' title='bbox 1215 2825 1236 2841; x_wconf 86' lang='grc'>¹²</span> <span class='ocrx_word' id='word_1_884' title='bbox 1252 2825 1347 2853; x_wconf 81' lang='lat' dir='ltr'><strong>Matth.</strong></span> <span class='ocrx_word' id='word_1_885' title='bbox 1368 2832 1452 2858; x_wconf 69' lang='lat' dir='ltr'><strong>xxvii,</strong></span> <span class='ocrx_word' id='word_1_886' title='bbox 1465 2824 1510 2851; x_wconf 75' lang='lat'><strong>25.</strong></span> <span class='ocrx_word' id='word_1_887' title='bbox 1565 2823 1586 2839; x_wconf 82' lang='grc'>¹³</span> <span class='ocrx_word' id='word_1_888' title='bbox 1604 2822 1700 2849; x_wconf 75' lang='lat' dir='ltr'><strong>Matth.</strong></span> <span class='ocrx_word' id='word_1_889' title='bbox 1724 2829 1763 2854; x_wconf 79' lang='lat' dir='ltr'><strong>xi,</strong></span> <span class='ocrx_word' id='word_1_890' title='bbox 1781 2819 1870 2848; x_wconf 75' lang='lat'><strong>28-50.</strong></span> 
     </span>
    </p>
   </div>
  </div>
