1917 3038
57 169 125 198 Ilii?)

484 169 760 197 COMMENTARIUS
779 169 813 198 IN
838 170 1036 199 SOPIIONIAM
1056 171 1277 199 PROPIIE'I'AM.

1618 173 1680 201 IOM

56 226 205 262 ἀλλοτρίοις
225 226 404 261 ἐφεστηκότες
422 226 593 262 Ορέμμασιν,
616 236 625 252 ι
643 227 776 263 ἐθεώρουν
796 228 842 255 τὸν

904 236 957 261 eiu,
974 230 1145 257 dimittebant
1170 237 1235 256 Oves
1251 229 1282 261 ",
1304 227 1398 262 iiuna
1423 230 1531 256 verbum
1558 230 1682 258 Salvato-

56 272 136 299 λύκον
156 272 314 307 ἐρχόμενον,
337 272 383 298 καὶ
395 272 511 307 ἠφίεσαν
528 273 562 298 τὰ
584 273 708 308 πρόϐατα
721 294 727 306 ,
745 283 754 299 ι
773 274 842 300 κατὰ

53 319 103 353 τὴν
115 317 164 344 τοῦ
181 319 307 354 Σωτῆρος
332 318 434 354 φωνήν.
460 317 521 346 ’Ότι
547 319 575 345 δὲ
592 319 652 346 λίαν
667 319 844 354 ἡφειδηκότες

54 363 108 390 τῶν
125 363 241 397 λογικῶν
257 363 422 399 θρεμμάτων
433 363 521 390 ἁλοῖεν
536 364 578 396 ἂν,
597 365 643 391 καὶ
659 364 755 400 θηρσὶν
768 364 844 391 άνὲν-

54 418 99 440 τες
111 409 193 442 astat,
213 409 313 444 μᾶλλον
324 409 401 436 αὐτοὶ
417 410 558 444 γεγονότες
571 410 658 442 λύκοι,
684 411 786 437 κατίδοι
803 419 844 442 τις

55 453 87 481 ἂν
106 454 226 486 εὐκόλως
242 454 294 481 ἀπό
316 463 348 488 γε
368 454 422 480 τῶν
442 455 594 490 εἰρημένων
608 454 651 482 διὰ
668 455 760 490 φωνῆς
779 463 845 490 προ-

55 498 160 534 φητῶν.
183 499 212 526 ’0
235 499 284 534 μὲν
309 498 362 536 γὰρ
385 498 515 534 ἔφασκεν,
535 500 573 532 ὡς
590 501 621 527 ἐκ
636 500 782 536 προσώπου
797 499 844 526 τοῦ

54 545 122 572 Θεοῦ
133 554 140 561 ’
159 555 168 572 ι
183 546 214 572 Ὢ
229 546 253 573 οἱ
266 546 394 580 ποιμένες
404 567 411 579 ,
425 546 448 572 οῑ
460 546 698 582 διασκορπίζοντες
710 547 757 573 καὶ
768 546 848 573 ἀπολ-

54 592 148 624 λύντες
158 592 192 619 τὰ
200 592 324 628 πρόϐατα
338 593 387 627 τῆς
399 593 484 627 νομῆς
503 592 603 619 αὐτῶν·
621 603 629 618 ι
648 593 739 628 ἕτερος
755 593 784 619 δὲ
801 590 844 619 αὖ·

58 647 68 663 ι
78 638 149 664 Τάδε
165 637 239 672 λέγει
251 638 367 673 Κύριος·
383 639 416 665 Ὢ
427 639 450 664 οἱ
469 639 597 674 ποιμένες
620 638 738 675 Ἰσραὴλ,
755 638 791 674 μὴ
803 639 847 674 βό-

61 692 172 710 σκουσιν
184 685 208 710 οἱ
229 684 356 719 ποιμένες
378 684 505 716 ἐαυτούςς
525 684 592 719 Οὐχὶ
610 685 645 711 τὰ
663 684 786 720 πρόϐατα
804 684 847 720 βό-

62 736 173 754 σκουσιν
193 729 218 755 οἱ
237 729 381 764 ποιμένες,
403 729 468 755 Ἰδοὺ
494 729 525 755 τὸ
541 729 610 763 γάλα
627 729 792 756 κατεσθίετε.
811 729 847 755 Τὸ

60 773 210 808 ἠσθενηκὸς
221 774 271 800 οὐκ
286 774 455 809 ἐνισχύσατε,
472 775 519 801 καὶ
536 775 566 801 τὺ
577 776 807 810 συντετριμμένον
816 775 846 801 οὐ

62 820 240 855 κατεδήσατε,
257 821 303 847 καὶ¹
316 821 345 847 τδ
359 821 534 856 πλανώμενον
546 821 595 848 οὐκ
611 821 790 856 ἐπετρέψατε,
802 822 848 848 καὶ

58 866 88 892 τὸ
105 866 246 898 ἀπολωλὸς
261 867 310 894 οὐκ
324 866 486 903 ἐζητήσατε,
503 868 551 894 καὶ
570 867 600 894 τὺ
613 868 721 903 ἰσχυρὸν
738 876 849 904 κατειρ-

55 913 178 946 visaet):
193 912 301 948 μόχθῳ·
319 913 365 939 καὶ
390 913 525 948 διεσπάρη
539 913 572 940 τὰ
587 913 711 949 πρόϐατά
725 923 787 949 μου,
800 914 844 941 διὰ
863 908 882 934 Β

54 957 85 984 τὸ
101 958 138 993 μὴ
154 955 224 985 εἶναι
240 958 381 994 ποιμένας,
408 959 454 985 καὶ
474 958 590 995 ἐγενήθη
608 960 648 991 εἰς
672 960 843 995 κατάϐρωμα

55 1005 123 1030 πᾶσι
137 1005 193 1036 τοῖς
210 1004 314 1040 θηρίοις
326 1005 373 1031 τοῦ
388 1003 474 1040 ἀγροῦ
487 1025 494 1037 ,
514 1005 561 1032 καὶ
579 1006 635 1037 τοῖς
650 1007 781 1038 πετεινοῖς
796 1007 843 1033 τοῦ

54 1049 179 1085 οὐρανοῦ.
198 1059 206 1075 ι
224 1051 279 1077 Καὶ
290 1050 358 1086 πρὸς
373 1050 471 1082 αὐτοὺς
482 1051 509 1078 δέ
529 1051 579 1078 πού
596 1060 660 1086 φησι
675 1052 737 1084 τοὺς
751 1053 844 1088 ποιμέ-

54 1104 102 1125 νας
112 1105 119 1111 ·
137 1105 147 1122 ι
161 1095 321 1131 Ποιμαίνετε
335 1096 368 1123 τὰ
383 1097 508 1132 πρόϐατα
518 1097 567 1133 τῆς
583 1097 727 1133 σφαγῆς,ἃ
742 1099 766 1125 οἱ
781 1108 845 1134 κτη-

55 1143 168 1177 σάμενοι
187 1143 366 1177 κατέσφαζον,
391 1143 438 1170 καὶ
465 1144 496 1169 οὑ
524 1144 721 1179 μετεμέλοντοο
748 1145 794 1172 καὶ
815 1147 840 1172 οἱ

55 1192 294 1228 πεπλουτήκαμεν.
316 1201 325 1217 ι

96 1238 250 1265 Ἀπώλλυον
276 1239 300 1265 οἱ
317 1239 445 1274 ποιμένες
463 1239 656 1273 τῶνλογικῶν
679 1239 844 1276 θρεμμάτων

54 1285 103 1315 τὰς
119 1284 232 1318 ἀγέλας,
250 1284 336 1319 θῆρας
352 1285 383 1311 οὐ
396 1285 585 1320 δεδιττόμενοι,
605 1285 704 1320 μᾶλλον
723 1286 752 1312 δέ
767 1286 845 1313 αὐτοὶ

54 1331 87 1357 τὶ
101 1330 194 1366 θηρῶν
221 1331 393 1366 μιμούμενοι.
420 1331 529 1367 Ἐπειδὴ
541 1331 568 1358 δὲ
583 1331 676 1359 λοιπὸν
688 1332 845 1368 ἐπέλαμψεν

53 1377 206 1412 ὀῦριστὺς,
224 1377 238 1403 ὁ
256 1377 358 1412 ποιμὴν
377 1378 390 1403 ὁ
405 1376 497 1410 καλὸς,
518 1386 527 1403 ι
544 1378 558 1404 ὁ
577 1377 663 1410 τιθεὶς
684 1378 735 1413 τὴν
755 1378 845 1414 ψυχὴν

54 1423 126 1458 ὑπὲρ
140 1422 194 1450 τῶν
206 1423 358 1458 προϐάτων,
377 1432 387 1449 ι
405 1423 544 1459 νεμόμεθα
556 1424 605 1460 μὲν
619 1425 648 1450 ἐν
658 1424 763 1457 κόποις,
781 1433 846 1451 κατ-

53 1468 261 1504 εποιμάνθημεν
273 1469 302 1496 δὲ
316 1470 363 1496 καὶ
375 1470 404 1495 ἐν
421 1470 546 1505 κρήναις,
562 1470 633 1497 κατὰ
643 1470 673 1496 τὸ
687 1471 847 1506 γεγραμμέ-

53 1523 109 1546 νον,
139 1514 338 1550 ἐκοιτάσθημεν
359 1515 386 1541 δέ
407 1515 453 1542 καὶ
478 1516 506 1541 ἐν
533 1516 626 1551 σηκοῖς
640 1524 646 1531 ·
664 1516 846 1551 ἐνηυλίσμεθα

895 275 942 302 ris.
957 275 1008 303 Eos
1022 281 1111 303 autem
1138 276 1243 302 ratione
1264 275 1437 311 praeditaer
1466 277 1600 310 pecudum
1622 285 1682 311 per-

894 328 974 355 quam
991 323 1141 350 incuriosos
1183 322 1275 354 fuisse,
1299 329 1400 356 easque
1425 322 1487 349 feris
1515 323 1682 350 dilaniandas

896 367 1056 401 destituisse,
1073 368 1115 395 vel
1131 370 1220 402 potius
1236 369 1365 403 ipsosmet
1378 369 1455 402 lupos
1469 369 1618 401 exstitisse,
1630 377 1680 396 non

896 411 1000 440 difﬁcile
1015 420 1047 440 ex
1065 414 1256 448 prophetarum
1289 414 1400 441 vocibus
1423 414 1579 448 perspicias.
1613 414 1679 441 Nam

896 466 964 485 unus
980 459 1099 493 quidem,
1113 465 1142 487 ut
1156 467 1187 487 cx
1203 467 1317 494 persona
1330 459 1386 492 Dei,
1401 460 1439 486 sic
1457 459 1494 486 ait
1508 467 1515 486 :
1534 469 1542 485 ι
1564 460 1585 486 0
1596 464 1683 494 pastn-
1726 460 1733 467 '

897 511 941 531 res
954 503 1140 538 disperdcntes
1165 512 1229 533 oves
1259 512 1365 540 pascua:
1393 512 1485 531 earum
1509 505 1552 531 "l
1576 514 1585 530 ›
1610 505 1683 531 Alitis

897 557 983 577 vero:
1004 559 1013 576 ι
1029 549 1091 577 Ilaec
1114 551 1178 578 dicit
1200 551 1350 578 Dominus:
1382 550 1403 578 0
1428 555 1549 585 pastores
1590 550 1681 581 Israel.

898 596 1027 630 numquid
1047 600 1159 631 pascunt
1174 602 1296 630 pastores
1308 596 1486 631 semetipsos?
1508 595 1602 624 Nonne
1615 604 1680 624 ovns

898 641 1166 676 pascuutpastores?
1182 640 1251 669 Ecce
1274 642 1314 669 lue
1340 642 1502 668 comeditis:
1517 641 1588 675 quod
1608 641 1684 667 IIIIIl'-

899 693 971 713 mum
990 686 1040 713 fuit
1059 693 1111 713 non
1150 685 1335 718 confortastis,
1356 691 1383 713 et
1419 686 1490 720 quod
1515 685 1682 712 confractum

898 741 951 760 non
969 732 1110 767 alligastis,
1125 737 1152 760 et
1178 733 1249 767 quod
1276 733 1378 760 erravit
1404 740 1459 759 neu
1486 731 1642 763 reduxistis,
1657 736 1683 758 et

899 779 969 813 quod
993 779 1082 813 periit,
1098 787 1149 806 non
1170 779 1344 814 qttmsivistis,
1376 783 1403 806 et
1425 778 1495 813 quod
1509 778 1577 804 forte
1589 777 1684 804 afﬂixi-

899 825 948 852 stis
964 825 1056 852 labore
1071 833 1077 850 :
1091 829 1117 851 et
1132 825 1261 860 dispersa:
1279 829 1342 852 sunt
1365 832 1430 852 oves
1466 831 1543 855 mea},
1559 831 1590 850 eo
1611 823 1683 857 quod

900 878 952 898 non
968 874 1045 896 erant
1069 876 1200 905 pastores,
1215 875 1242 897 et
1269 870 1347 896 iactae
1366 875 1428 897 sunt
1441 870 1466 896 in
1482 868 1684 897 dcvorationem

897 917 1023 944 omnibus
1040 916 1132 944 bestiis
1154 916 1222 951 agri,
1240 921 1267 943 et
1296 917 1449 944 volatilibus
1487 915 1551 943 cmli
1569 915 1600 941 ιθ.
1621 924 1629 939 ι
1655 914 1685 941 Et

899 963 960 990 alibi
973 964 1005 990 ad
1018 967 1162 998 pastores:
1182 973 1191 989 ι
1213 963 1318 991 Pascite
1339 971 1403 991 oves
1430 962 1593 994 occisionis,
1620 968 1687 995 quas

897 1009 942 1044 qui
973 1009 1157 1044 possederunt,
1193 1009 1402 1041 interliciehant,
1435 1013 1460 1035 et
1491 1016 1543 1034 non
1571 1006 1687 1041 agebant

897 1055 1103 1090 paenitentiam:
1133 1058 1159 1081 et
1180 1054 1225 1089 qui
1267 1055 1417 1081 vendebant
1453 1062 1508 1085 eas,
1542 1052 1683 1080 diccllaut:

898 1101 1057 1128 Benedictus
1070 1101 1247 1133 Dominus,et
1259 1101 1356 1128 divites
1378 1101 1438 1127 facti
1454 1107 1546 1127 sumus
1562 1100 1592 1125 ι’.
1622 1107 1631 1124 ι

879 1147 1032 1180 πωλοῦντες
1069 1147 1156 1181 αὐτὰ,
1185 1147 1293 1182 ἔλεγονο
1320 1146 1473 1182 Εὐλογητὸς
1497 1145 1616 1181 Κύριος,
1639 1145 1685 1171 καὶ

934 1240 1085 1268 Perdcbant
1113 1244 1236 1274 pastores
1263 1238 1434 1266 rationalium
1463 1238 1595 1273 pecudum
1625 1246 1686 1274 gre-

898 1293 956 1322 ges,
985 1286 1055 1314 feras
1083 1293 1134 1313 non
1169 1285 1371 1319 absterrentes,
1407 1285 1461 1311 itno
1488 1285 1537 1318 ipsi
1568 1284 1684 1312 ferarum

898 1333 1028 1360 szevitiam
1042 1332 1195 1359 iuducntes.
1207 1330 1354 1365 Postquam
1367 1335 1457 1357 sulem
1485 1330 1583 1357 deinde
1605 1329 1683 1358 Chri-

899 1382 956 1405 stus
974 1378 1070 1410 illuxit,
1089 1377 1133 1405 iIIe
1147 1381 1238 1410 pastor
1253 1377 1352 1408 heims,
1371 1385 1381 1401 ι
1402 1376 1446 1411 qui
1475 1376 1549 1410 ponit
1569 1377 1686 1403 animant

901 1431 976 1451 suam
996 1430 1045 1457 pro
1059 1422 1155 1450 ovibus
1166 1423 1200 1454 ¹⁰,
1228 1431 1238 1448 ι
1265 1421 1405 1457 pascimur
1431 1422 1538 1455 quidem
1557 1422 1581 1448 in
1604 1422 1684 1457 621

900 1467 1052 1498 laboribus,
1068 1467 1114 1493 sed
1136 1467 1206 1501 pasti
1229 1474 1324 1494 sumus
1340 1466 1422 1494 etiam
1443 1466 1470 1494 in
1498 1466 1629 1499 foiitibus,
1659 1472 1687 1493 ut

900 1514 1030 1548 scriptum
1044 1518 1086 1541 est
1097 1514 1131 1545 “,
1146 1517 1173 1541 ct
1186 1513 1361 1541 accubuimus
1379 1513 1405 1540 in
1433 1512 1519 1540 caulis
1535 1521 1542 1539 ι
1556 1513 1686 1541 stabulati

54 1559 109 1594 γὰρ
126 1559 285 1595 ἐκκλησίαις
315 1561 363 1587 καὶ
385 1562 460 1592 ναοῖς
472 1561 571 1595 ἁγίοις,
587 1561 695 1593 οὐδενὸς
708 1562 783 1597 ἡμᾶς
799 1563 845 1588 ἐκ-

900 1567 991 1588 sumus
1015 1559 1086 1587 enim
1107 1560 1132 1586 in
1149 1560 1271 1587 ecclesiis
1292 1564 1319 1587 et
1342 1559 1447 1594 templis
1475 1559 1587 1591 sanctis,
1615 1559 1687 1586 nullo

52 1605 242 1639 δεδιττομένου
270 1607 317 1632 καὶ
342 1606 557 1641 διαρπάζοντος,
585 1607 615 1634 οὐ
653 1608 844 1635 καταπατοῦν-

54 1659 101 1682 τος
113 1650 231 1684 λέοντος,
248 1652 278 1678 οὑ
298 1651 415 1678 κλέπτου
434 1652 620 1688 διορύττοντος
633 1674 639 1685 ,
660 1653 765 1686 οὐδενὸς
781 1655 846 1689 ἡμῖν

54 1697 179 1728 ἐπιόντος
194 1697 244 1730 ἔτι,
264 1706 273 1723 ι
290 1698 333 1724 ἵνα
350 1697 448 1733 κλέψῃ,
467 1698 514 1724 καὶ
530 1698 610 1733 θύσῃ,
626 1699 673 1725 καὶ
695 1699 843 1736 ἀπολέσῃ.)

54 1742 239 1778 Διατελοῦμεν
255 1743 282 1769 δὲ
300 1743 401 1778 μᾶλλον
416 1745 445 1771 ἐν
460 1744 604 1779 ἀσφαλείᾳ,
617 1745 664 1772 καὶ
679 1744 844 1780 βεϐαιότητι,

55 1789 103 1816 καὶ
114 1789 144 1816 ἐν
156 1789 262 1825 μεθέξει
279 1790 379 1822 παντὸς
394 1791 510 1825 ἀγαθοῦ,
522 1791 602 1818 αὑτὸν
616 1791 724 1826 ἔχοντες
734 1793 847 1819 ἐπιστά-

55 1844 106 1871 την
122 1835 167 1862 τὸν
176 1836 231 1862 τῶν
247 1835 314 1862 ὅλων
328 1836 454 1871 Σωτῆρα,
469 1837 541 1872 φημὶΙ
555 1837 682 1873 Χριστόν.
699 1838 754 1864 Καὶ
766 1837 846 1864 τοῦτο

56 1881 122 1916 ἡμῖν
138 1881 182 1908 διὰ
199 1882 290 1916 φωνῆς
310 1882 439 1917 Ἰεξεχιὴλ
452 1883 566 1918 φανερὸν
588 1884 715 1917 ἐποιεῖτο,
729 1883 815 1918 λέγων
833 1885 847 1911 ό

55 1926 123 1958 Θεὸς
137 1927 184 1953 καὶ
196 1928 304 1966 Πατῄρ’
317 1937 325 1954 ι
340 1928 409 1955 Τάδε
423 1928 496 1962 λέγει
508 1929 620 1964 Κύριος·
642 1928 713 1962 Ἐγὼ
725 1930 804 1955 σώσω
813 1929 847 1956 τὸ.

57 1972 184 2007 πρόϐατά
202 1981 263 2007 μου,
281 1973 328 2000 καὶ
340 1973 425 2010 κρινῶ
435 1975 570 2009 άναμέσον
585 1974 662 2010 κριοῦ
680 1975 749 2011 πρὸς
759 1975 845 2011 κριὸν,

57 2019 105 2045 καὶ
118 2020 263 2054 ἀναστήσω
273 2020 316 2046 ἐπ’
329 2021 428 2052 αὐτοὺς
443 2022 559 2055 ποιμένα
573 2021 620 2047 ἕνα
635 2021 680 2048 τὸν
693 2020 785 2048 δοῦλόν
797 2029 847 2056 μου

58 2065 151 2098 Δαϐὶδ,
167 2065 214 2092 καὶ
229 2065 306 2093 ἔσται
322 2066 411 2093 αὐτῶν
423 2067 534 2102 ποιμήν.
554 2075 563 2092 ι

93 2157 198 2191 Χαῖρε,
220 2157 345 2192 θύγατερ
366 2158 451 2191 Σιὼν,
472 2158 627 2193 κήρυσσε,
649 2159 775 2194 θύγατερ
797 2159 848 2186 Ἰε-

57 2203 235 2237 ρουσαλὴμ,
251 2205 414 2238 εὐφραίνου
427 2224 434 2235 ,
455 2204 504 2231 καὶ
522 2204 707 2239 κατατέρπου
724 2205 759 2237 ἐξ
772 2205 848 2239 ὅλης

898 1614 946 1634 nos
963 1610 1118 1633 exterrente
1129 1613 1161 1633 ac
1176 1605 1332 1640 diripiente,
1350 1613 1400 1632 non
1414 1605 1476 1639 Iupo
1487 1605 1616 1638 irruente,
1634 1613 1687 1633 non

899 1653 974 1680 leone
985 1652 1170 1686 conculcante,
1186 1660 1238 1680 non
1253 1651 1311 1679 I'ure
1325 1651 1505 1686 perfodiente,
1516 1652 1625 1679 nemine
1638 1659 1687 1679 nos

897 1702 1012 1737 amplius
1035 1700 1178 1728 invadente
1193 1719 1202 1732 ,
1231 1707 1240 1723 ι
1270 1701 1299 1724 ιιι
1322 1697 1436 1729 foretur,
1470 1699 1499 1723 ut
1525 1700 1636 1728 mactet,
1660 1702 1688 1724 et

896 1748 990 1783 perdat
1005 1747 1038 1773 η.
1054 1756 1063 1772 ι
1088 1745 1215 1779 Quinimo
1228 1745 1252 1771 in
1269 1743 1423 1776 securitate,
1439 1747 1467 1770 et
1479 1742 1643 1774 constantia,
1660 1748 1687 1769 et

896 1794 985 1822 omnis
1019 1792 1080 1820 boni
1119 1790 1310 1819 communione
1349 1795 1553 1824 permanemus,
1598 1788 1685 1822 ipsum

897 1839 1083 1866 universorum
1103 1836 1280 1867 Salvatorem,
1302 1834 1440 1862 Christum
1461 1834 1580 1868 inquam,
1607 1833 1689 1868 magi-

898 1889 982 1913 strum
998 1883 1223 1911 ovilishabentes.
1241 1881 1268 1909 Id
1281 1880 1352 1916 quod
1363 1880 1441 1907 nobis
1456 1887 1504 1914 per
1518 1879 1686 1907 Ezechielem

898 1929 969 1957 Deus
993 1933 1020 1956 et
1035 1929 1114 1956 Pater
1131 1927 1247 1962 aperuit,
1274 1925 1388 1954 dicens:
1407 1934 1416 1951 ι
1442 1925 1503 1952 llaec
1516 1925 1581 1951 dicit
1601 1924 1687 1951 Domi-

898 1982 966 2002 nus:
979 1975 1033 2008 Εεο
1045 1974 1155 2001 salvabo
1167 1980 1230 2000 Oves
1251 1979 1334 2003 meas,
1356 1970 1515 2004 etjudieabo
1531 1970 1601 1998 inter
1620 1971 1688 1997 arie-

900 2024 953 2047 tem
971 2024 998 2047 et
1028 2020 1151 2050 arietem,
1177 2023 1205 2046 et
1225 2018 1360 2045 suscitabo
1395 2024 1476 2051 super
1495 2023 1541 2043 eos
1552 2020 1686 2050 pastorem

899 2073 982 2094 unum
1001 2073 1110 2094 servum
1136 2072 1225 2093 meum
1251 2063 1350 2096 David,
1389 2067 1416 2090 et
1441 2063 1494 2090 erit
1524 2069 1619 2089 eorum
1643 2069 1686 2094 pa-

899 2118 1076 2188 smgsltsjﬂ,
1104 2155 1146 2182 I5.
1168 2153 1270 2186 Gaude,
1293 2153 1351 2188 ﬁlia
1374 2152 1455 2185 Sion,
1481 2152 1610 2187 pra-dice,
1631 2152 1687 2185 [Ilia

899 2202 1058 2234 Jerusalem,
1070 2200 1173 2228 exsultu
1189 2204 1214 2227 et
1228 2199 1354 2226 delectare
1369 2199 1397 2225 in
1408 2203 1462 2225 toto
1476 2198 1553 2225 corde
1567 2202 1622 2230 tuo,
1632 2197 1688 2229 ﬁlia

60 2249 114 2282 τῆς
128 2249 252 2283 καρδίας
267 2257 337 2281 σου,
349 2251 473 2285 θύγατερ
487 2250 696 2285 Ἰερουσαλήμ.
713 2250 846 2285 Περιεῖλε

900 2248 1058 2276 Jerusalem.
1077 2247 1189 2275 Abstulit
1206 2246 1334 2273 Dominus
1353 2246 1507 2281 iniquitates
1530 2250 1600 2278 tuas,
1617 2242 1690 2270 rede-

60 2295 169 2329 Κύριος
194 2295 230 2322 τὰ
258 2296 424 2330 ἀδικήματά
452 2304 527 2327 σου,
552 2297 722 2330 λελῦτρωκέ
751 2304 788 2323 σε
813 2297 847 2323 ἐκ

60 2340 160 2375 χειρὸς
173 2340 295 2375 ἐχθρῶν.
315 2343 524 2375 Βασιλεύσας,
534 2342 742 2377 Ἰερουσαλὴμ,
757 2344 773 2370 ό
788 2342 847 2370 Κύ-

57 2394 122 2419 ριος
132 2386 166 2412 ἐν
177 2386 261 2420 μέσῳ
278 2395 346 2420 σου,
359 2387 414 2414 οὐκ
427 2387 495 2421 ὄψει
506 2388 583 2414 κακὰ
594 2389 648 2415 οὐκ
659 2389 714 2415 ἐτι.

96 2433 164 2460 Ml".
181 2433 262 2460 Ὅσον
285 2433 334 2470 μὲν
361 2435 447 2460 εἰπεῖν
469 2435 508 2465 εἷς
533 2443 565 2469 γε
589 2435 634 2461 τὸν
655 2435 704 2470 τῆς
729 2435 849 2470 ἱστορίας

60 2479 151 2513 λόγον,
166 2479 338 2514 ὑπισχνεῖται
350 2479 443 2513 σαφῶς
452 2478 499 2514 τὴν
513 2480 625 2514 εἰρήνην
637 2479 728 2511 αὐτοῖς
738 2480 806 2514 μετά
817 2488 848 2514 γε

60 2525 110 2560 τὴν
134 2524 166 2550 ἐκ
185 2524 344 2556 Βαϐυλῶνος
363 2524 508 2556 ἐπάνοδον,
530 2527 574 2553 ὅτε
594 2525 641 2550 καὶ
659 2524 849 2559 ἀμνηστουμέ-

61 2581 115 2599 νων
129 2571 220 2602 αὐτοῖς
234 2571 287 2597 τῶν
300 2570 422 2606 ἀρχαίων
435 2570 613 2605 αίτιαμάτων,
627 2570 744 2597 συνεῖναί
759 2579 788 2597 τε
804 2571 850 2597 καὶ

62 2617 244 2652 προασπίζειν
257 2617 346 2643 αὐτῶν
361 2617 558 2651 ἐπαγγέλλεται
572 2616 736 2648 Θεός.’”οσον
747 2617 774 2643 δὲ
788 2617 851 2652 ἥκει

62 2666 103 2696 εἰς
120 2663 166 2690 τὸν
179 2664 314 2690 ἐσώτατον
331 2664 405 2696 νοῦν,
421 2663 527 2700 χαίρειν
539 2672 569 2689 τε
587 2663 700 2698 σφόδρα,
719 2663 766 2689 καὶ
783 2671 851 2689 κατ-

63 2709 258 2745 ευφραίνεσθαι
272 2709 342 2743 λίαν,
359 2710 405 2737 καὶ
423 2710 475 2745 μὴν
497 2709 527 2741 ἐξ
546 2709 609 2744 ὅλης
634 2708 851 2743 κατατέρπεσοαι

63 2755 114 2791 τῆς
128 2755 242 2791 καρδίας
256 2756 438 2792 προστέταχεν
450 2755 616 2790 ἀναγκαίως,
626 2755 663 2786 ὡς
676 2753 851 2790 ἐξῃρημένων

103 2855 215 2882 “Joau.
236 2863 265 2887 ι,
284 2855 327 2883 12.
380 2856 400 2871 ¹⁷
416 2854 517 2881 Jcrcm.
535 2863 612 2883 χχιιι.
635 2854 660 2880 I.

715 2853 735 2868 ¹⁸
753 2853 849 2880 Ezech.
865 2860 957 2880 xxxrv.
978 2851 1036 2877 ‘2-5.

901 2296 946 2322 mit
964 2300 987 2322 te
1010 2296 1041 2322 de
1059 2303 1139 2322 manu
1163 2294 1340 2321 inimicorum,
1365 2292 1505 2327 Regnabis,
1518 2291 1667 2318 Jerusalem
1681 2309 1688 2320 ,

903 2342 1028 2368 Dominus
1040 2343 1066 2368 in
1080 2341 1164 2367 medio
1175 2341 1230 2373 tui,
1249 2347 1300 2366 non
1314 2339 1410 2366 videbis
1431 2337 1502 2364 mala
1517 2337 1597 2363 ultra.

944 2429 1034 2457 XLIII.
1050 2429 1106 2462 Qua
1120 2428 1153 2455 de
1171 2427 1296 2459 historia,
1314 2426 1402 2461 planis
1417 2425 1508 2452 verbis
1525 2432 1619 2459 pacem
1638 2425 1689 2452 illis

903 2481 964 2512 post
987 2475 1103 2503 reditum
1131 2481 1146 2501 e
1177 2472 1315 2507 Babylone
1339 2471 1472 2506 spondet,
1498 2475 1526 2498 ct
1553 2472 1689 2498 veteribus

903 2530 997 2550 eorum
1011 2520 1116 2548 delictis
1137 2519 1265 2547 oblivioni
1280 2518 1395 2550 traditis,
1411 2525 1472 2544 cum
1491 2518 1556 2551 ipsis
1573 2525 1603 2544 se
1617 2517 1690 2545 futu-

904 2577 964 2596 rum
993 2575 1093 2602 eosque
1121 2569 1305 2601 protecturum
1331 2564 1401 2591 Deus
1431 2563 1586 2598 pollicetur.
1612 2563 1688 2596 Quod

905 2619 994 2641 autem
1007 2615 1040 2640 ad
1058 2613 1182 2640 intimum
1198 2611 1346 2638 verborum
1362 2617 1470 2637 sensum
1489 2613 1610 2643 spectat,
1625 2616 1690 2643 gau-

905 2660 968 2686 dere
995 2659 1178 2688 vehementer.
1204 2662 1230 2684 et
1257 2655 1394 2683 exsultare
1420 2654 1544 2687 miriﬁCe,
1575 2658 1601 2680 ct
1634 2659 1690 2680 toto

905 2709 1014 2740 pectore
1028 2704 1154 2731 delectari
1177 2703 1286 2730 omnino
1306 2702 1399 2736 jubet,
1420 2705 1511 2735 utpote
1528 2700 1648 2735 peccatis
1663 2700 1687 2727 ei

906 2750 1127 2784 condonatis,per
1138 2749 1287 2780 Christum,
1299 2752 1372 2783 puta.
1386 2747 1535 2774 Justilicata
1550 2751 1591 2774 est
1606 2746 1689 2779 enim,

1092 2851 1113 2866 ”
1127 2849 1241 2879 Zachar.
1271 2855 1308 2881 ιι,
1333 2847 1360 2880 4,
1387 2848 1414 2874 5.
1467 2847 1490 2863 ¹⁰
1502 2847 1580 2875 Joan.
1598 2855 1624 2880 x,
1644 2847 1687 2873 II.

70 2892 90 2907 ²¹
108 2891 162 2919 Isa.
175 2899 248 2926 :th,
268 2891 310 2918 ‘lO.
349 2891 371 2906 *π
390 2889 466 2917 Joau.
480 2898 505 2921 τι,
524 2890 565 2916 ll).
604 2889 625 2905 ’³
643 2889 740 2916 Ezech.
755 2895 845 2920 xsxtv,
862 2887 964 2921 “12,25.
