1917 3038
245 159 312 187 10l5

744 155 772 182 S.
793 153 929 182 CYRILLl
948 151 1181 180 ALEXANDRINI
1201 153 1355 182 AltClllEP.

1806 151 1879 178 ίθίϐ

243 218 270 244 iu
293 217 404 244 Christo
429 216 547 246 scilicet,
567 222 654 249 eoque
677 215 745 247 solo,
770 222 829 248 qua;
852 213 1029 248 intelligentia

1094 212 1168 247 ιὺτῆς
1187 212 1242 239 τῶν
1268 213 1521 248 πλημμελημάτων,
1544 212 1588 239 διὰ
1605 211 1723 247 Χριστοῦ
1739 209 1876 245 δηλονότι.

244 262 391 296 percipitur
414 265 440 288 et
459 265 551 287 sancta
574 259 657 292 Sion,
672 259 791 287 Ecclesia
807 259 954 292 nimirum,
973 259 1030 286 sive

246 308 363 335 ﬁdelium
388 311 479 333 sancta
504 306 657 334 multitudo.
686 306 718 332 Et
744 305 839 333 salvati
857 313 952 332 sumus
983 313 1030 339 per

246 353 345 386 ipsum,
369 355 396 378 et
414 351 484 385 apud
503 351 600 384 ipsum,
619 351 653 377 ab
670 350 791 377 hostibus
812 357 863 376 non
877 349 1031 384 aspectabi-

247 397 315 424 lihus
331 397 427 423 damna
453 401 481 424 et
495 396 584 423 clades
600 395 768 430 effugientes,
785 401 813 422 et
828 395 913 429 ipsmn
928 394 1032 422 haben-

247 447 296 475 tes,
308 448 335 469 et
349 443 467 470 medium
486 443 511 469 in
530 442 615 469 forma
634 447 725 469 nostra
742 442 828 468 visum
843 443 1030 468 universorum

247 495 349 522 regem,
376 495 409 515 ac
431 487 525 521 Deum,
541 495 573 515 ex
598 488 655 515 Deo
676 487 755 515 Patre
771 487 901 519 Verbum,
923 491 1033 520 propter

247 541 326 567 quem
340 541 392 560 non
403 533 521 560 vidimus
536 534 651 568 amplius
668 533 747 565 mala,
770 534 820 560 hoc
834 538 887 564 est,
907 533 940 559 ab
958 532 1032 559 omni

246 579 365 606 violento
378 579 449 606 malo
463 579 579 614 exempti
596 587 700 606 smnus.
718 580 776 613 ipse
788 579 859 606 enim
875 583 916 605 est
931 578 1034 604 instru-

248 629 365 652 mentum
383 625 553 659 acquireudw
566 625 762 652 benevolentia:
781 625 837 657 Dei,
851 632 913 659 pax,
929 631 1032 656 murus,

248 670 459 698 immortalitatis
492 670 622 703 largitor,
651 678 815 698 coronarunt
845 671 1033 704 dispensator,

247 716 293 750 qui
315 716 414 743 bellum
439 717 472 744 ab
495 716 707 752 intelligibilibus
739 715 857 750 Assyriis
890 715 1034 742 imminens

249 766 345 794 arcet,
374 762 581 796 daaumnumqne
609 762 721 788 insidias
752 761 889 795 proﬂigat;
918 761 962 794 qui
991 761 1036 787 dat

250 807 327 834 nobis
348 807 452 835 calcare
483 817 492 834 ι
508 815 588 842 supra
623 812 764 841 serpentes
781 827 788 838 ,
812 811 839 834 et
860 806 1033 840 scorpiones,

250 857 277 879 et
313 860 393 888 supra
423 859 528 880 aumem
568 855 695 880 virtutem
735 852 836 880 inimici
860 853 912 886 ";
942 862 951 878 ι
989 860 1036 887 per

249 905 329 933 quem
374 908 385 925 ο
414 899 609 927 ambulavimus
644 907 724 934 super
758 899 877 934 aspidem
907 903 934 927 et
962 898 1034 926 basi-

249 944 357 976 liscum,
374 949 400 972 et
415 945 634 973 conculcavimus
652 946 755 973 leonem
768 949 795 972 et
807 945 951 973 draconem
966 945 988 960 "
1001 953 1007 977 ;
1023 954 1032 970 ι

250 995 362 1024 propter
377 998 456 1025 quem
472 992 541 1019 bona
559 992 586 1018 in
608 998 656 1026 spe
673 999 767 1019 smnus
783 990 995 1026 iucorrnptionis
1009 995 1036 1017 et

249 1036 321 1068 vitae,
333 1036 416 1071 632
431 1037 638 1071 adoptionisque
652 1042 679 1064 et
698 1037 791 1072 gloriae
804 1036 920 1064 ﬁliorum
939 1036 986 1063 Dei
996 1035 1033 1068 ";

250 1088 359 1115 propter
372 1092 452 1118 quem
468 1083 537 1111 mala
555 1084 588 1111 de
607 1089 704 1111 cauere
719 1091 771 1110 non
786 1082 947 1111 subibimus.

286 1128 368 1156 Vens.
387 1129 431 1161 16,
447 1130 489 1156 17.
512 1129 545 1156 In
565 1136 678 1164 tempore
699 1130 746 1156 illo
763 1129 830 1155 dicet
847 1129 973 1155 Dominus
991 1127 1037 1154 le-

251 1175 365 1202 rnsalem
379 1183 388 1201 :
407 1175 526 1211 Conﬁdo,
543 1176 624 1209 Sion,
653 1184 705 1203 non
733 1176 914 1203 dissolvantur
944 1182 1036 1201 manus

251 1226 313 1248 tua’.
332 1220 464 1250 Dominus
476 1222 546 1250 Deus
559 1228 618 1250 tuus
633 1223 660 1249 in
676 1228 700 1250 te
715 1223 792 1257 furtis
810 1222 918 1249 saluabit
941 1226 975 1254 ιι,
989 1222 1037 1247 ad-

250 1268 327 1294 ducet
345 1276 422 1302 super
441 1274 465 1295 Ie
478 1269 612 1301 laetitiam,
627 1273 651 1296 et
665 1269 798 1295 inuovabit
825 1273 849 1295 te
867 1269 894 1295 in
909 1267 1037 1294 charitute

250 1322 309 1346 sua,
331 1318 355 1340 et
369 1314 504 1341 lu'lubitur
514 1322 593 1349 super
615 1318 638 1341 te
660 1314 686 1340 in
700 1313 881 1347 delectatione,
900 1319 927 1339 ut
952 1313 979 1340 in
995 1313 1038 1339 die

251 1360 435 1394 solenmitatis,
446 1364 471 1388 et
490 1360 650 1396 congregabo
665 1360 838 1388 comminutos
851 1365 919 1387 tuos.

288 1447 377 1475 XLIV.
397 1448 538 1476 Manifesta
560 1448 737 1480 denuntiatio,
757 1448 893 1476 Iidemlum
908 1455 991 1475 esse:
1012 1452 1040 1474 et

254 1493 359 1521 alienus
377 1499 419 1521 est
435 1502 450 1522 a
467 1495 608 1522 mendacio
633 1495 679 1529 qui
702 1495 854 1529 spopondit.
878 1495 995 1529 ldipsmn
1012 1499 1040 1521 et

255 1539 393 1568 Christum
411 1541 559 1575 dicentem,
577 1547 604 1569 et
620 1541 759 1568 oraculum
775 1546 853 1568 vetus
865 1541 941 1576 quasi
963 1548 1041 1568 reuo-

255 1593 377 1620 vanteln,
405 1588 444 1615 vel
468 1589 557 1623 potius
586 1589 657 1624 quod
689 1588 900 1622 praenuntiatum
932 1591 992 1614 erat
1015 1587 1043 1614 in

257 1639 404 1668 conspectu
428 1639 573 1668 ponentem
599 1634 762 1662 audivimus.
789 1633 834 1660 Ait
859 1633 947 1664 enim,
975 1640 1044 1667 quo-

255 1680 329 1708 niam
343 1689 351 1706 ι
365 1680 520 1707 Pressuram
535 1679 670 1707 habebitis
684 1680 710 1707 in
728 1679 779 1706 hoc
795 1679 907 1710 mundo,
917 1678 965 1706 sed
978 1686 1043 1705 cou-

257 1727 343 1758 tidite,
365 1733 416 1761 ego
433 1726 484 1753 vici
510 1726 639 1753 mundum
656 1726 690 1752 ³⁷.
710 1735 719 1751 ι
745 1725 858 1758 Quando
877 1732 993 1759 namque
1018 1724 1044 1751 in

257 1772 347 1799 medio
364 1777 485 1799 nostrqu
508 1771 569 1804 l'uit,
594 1777 659 1799 tunc
677 1779 730 1799 non
756 1779 853 1798 manus
869 1770 984 1805 amplius
1005 1776 1045 1797 re-

257 1817 366 1850 missas,
388 1826 442 1845 non
465 1825 552 1852 genua
574 1817 711 1844 debilitata
736 1817 901 1844 habuimus:
917 1817 981 1851 quill
998 1824 1046 1850 po-

259 1864 312 1890 tius
329 1865 362 1890 ad
385 1871 465 1898 opera
481 1869 509 1891 et
531 1863 662 1891 bonarum
685 1863 822 1891 actionum
848 1863 964 1895 labores,
983 1870 1048 1896 quo-

260 1918 318 1937 rum
339 1915 380 1937 est
395 1914 421 1936 et
436 1910 534 1938 dicitur
550 1919 559 1936 ι
579 1910 683 1938 fructus
700 1910 832 1945 gloriosus
844 1910 878 1942 ιε,
897 1919 906 1935 ι
921 1908 1046 1936 conversi

258 1964 363 1984 sumus.
383 1956 457 1984 Tunc
474 1957 537 1984 item
561 1957 684 1984 lidnciatu
706 1957 890 1992 concepimus,
907 1956 1045 1984 Christum

258 2002 447 2035 fortissimum,
471 2008 501 2030 ut
524 2003 617 2036 Deum,
640 2003 668 2030 in
690 2003 779 2036 nobis,
795 2003 928 2030 redimere
942 2007 969 2029 et
992 2002 1045 2029 sal-

258 2056 324 2076 vare
339 2050 365 2076 iu
384 2051 470 2084 ipsqu
482 2050 643 2078 credentes:
662 2050 794 2077 habitavit
814 2049 888 2076 enim
913 2049 939 2076 in
956 2049 1048 2076 cordi-

259 2095 310 2122 bus
322 2096 421 2122 uostris
439 2103 486 2130 per
500 2096 631 2130 Spiritum
647 2096 681 2128 ¹⁹,
701 2100 728 2123 et
744 2096 812 2122 hanc
832 2096 944 2122 adduxit
965 2103 1046 2130 super

260 2149 321 2171 nos.
341 2141 548 2169 intellectualem
578 2141 703 2168 videlicet
721 2147 748 2168 et
773 2141 964 2175 accoptabilem
981 2141 1047 2168 laeti-

261 2187 325 2213 tiam
342 2187 375 2214 ³ο.
397 2187 465 2220 Quid
489 2187 560 2214 enim
578 2187 648 2214 aliud
666 2187 758 2218 fuerit,
776 2186 906 2220 Spiritum
923 2192 1047 2214 sanctum

1081 258 1259 285 Δεδικαίωται
1271 259 1326 294 γὰρ
1343 260 1359 294 ή
1375 259 1458 294 νοητὴ
1482 259 1530 285 καὶ
1543 258 1608 292 ἁγία
1624 256 1702 288 Σιὼν,
1718 255 1876 287 τουτέστιν,

1081 305 1097 339 ὴ
1125 305 1290 341 Ἐκκλησία,
1320 305 1403 340 ἤγουν
1431 305 1485 331 τῶν
1515 303 1735 331 πεπιστευκότων
1766 303 1784 336 ἡ
1810 301 1875 335 ἁγία

1082 350 1196 385 πληθὺς,
1213 351 1242 377 ὲν
1266 350 1377 386 Χριστῷ
1399 350 1441 385 δὴ,
1465 351 1512 376 καὶ
1541 349 1622 385 μόνῳ,
1641 348 1688 375 καὶ
1709 345 1876 382 σεσώσμεθα

1081 397 1115 423 δι’
1145 397 1228 424 αὐτοῦ
1254 405 1284 422 τε
1312 397 1360 423 καὶ
1385 398 1449 432 παρ’
1473 395 1572 428 αὐτοῦ,
1604 395 1638 422 τὰ
1667 394 1722 420 τῶν
1745 393 1875 427 ἀοράτων

1083 442 1187 477 ἐχθρῶν
1202 442 1404 477 ἀποφεύγοντες
1419 442 1504 477 βλὰἦη
1515 462 1522 474 ,
1538 441 1583 467 καὶ
1603 440 1685 475 μέσον
1698 439 1810 474 ἔχοντες
1826 437 1875 462 αὖ-

1082 488 1128 514 τδν
1148 489 1177 514 ἐν
1191 488 1256 514 εῖδει
1278 488 1317 523 τῷ
1339 488 1400 514 καθ’
1412 488 1486 522 ἡμᾶς
1505 486 1646 521 πεφηνότα
1665 485 1710 511 τὸν
1731 483 1788 509 τῶν
1804 483 1876 509 ὅλων

1085 533 1206 568 βασιλέα,
1225 534 1272 560 καὶ
1283 533 1349 560 Θεὸν
1361 533 1406 560 τὸν
1424 533 1456 559 ὲκ
1470 531 1538 558 Θεοῦ
1554 531 1661 567 nam;
1677 530 1776 564 Λόγον,
1795 528 1830 554 δι’
1846 528 1875 553 ὃν

1084 580 1133 606 οὐκ
1162 579 1269 615 εἴδομεν
1296 580 1336 606 ἔτι
1365 579 1454 611 κακὰ,
1481 578 1638 608 τουτέστιν,
1672 574 1877 610 ἀπηλλάγμεθα.

1085 626 1185 658 παντὸς
1209 626 1294 653 κακοῦ
1320 626 1468 660 ίσχὺοντος.
1494 624 1580 655 Αὐτὸς
1603 623 1657 659 γάρ
1683 623 1742 648 ὲστι
1770 620 1802 647 τὸ
1828 620 1877 654 τῆς

1085 672 1208 704 εὐδοκίας
1220 672 1311 704 ὁπλον,
1326 673 1342 707 ὴ
1359 672 1466 707 εἰρήνη,
1483 671 1514 697 τὸ
1534 671 1633 704 τεῖχος,
1653 669 1702 703 τῆς
1718 665 1877 701 ἀφθαρσίας

1084 718 1100 744 ὁ
1112 718 1237 753 χορηγὸς,
1254 718 1307 744 τῶν
1321 717 1459 752 στεφάνων
1481 717 1496 742 ὁ
1517 715 1660 751 πρύτανις,
1676 714 1690 740 ὁ
1702 712 1750 739 τὸν
1768 712 1803 737 ὲκ
1821 710 1877 736 τῶν

1085 763 1189 797 νοητῶν
1219 762 1368 797 Ἀσσυρίων
1390 761 1520 796 ἐξείργων
1543 760 1672 793 πόλεμον,
1696 757 1744 784 καὶ
1771 755 1825 786 τὰς
1846 755 1878 780 ὲκ

1086 809 1140 836 τῶν
1171 809 1316 844 δαιμονίων
1345 807 1528 842 ἐπικουφίζων
1563 804 1724 834 ὲπιὸουλάς·
1751 804 1766 829 ὁ
1787 800 1878 830 διδοὺς

1087 856 1153 890 ἡμῖν
1173 855 1269 881 πατεῖν
1285 864 1293 880 ι
1313 855 1406 881 ἐπάνω
1421 853 1520 888 ὄφεων,
1534 853 1582 879 καὶ
1598 850 1747 885 σκορπίων,
1766 848 1816 874 καὶ
1831 847 1878 872 ἐπὶ

1089 903 1180 930 πᾶσαν
1192 904 1241 937 τὴν
1257 901 1372 936 δύναμιν
1386 900 1433 927 τοῦ
1454 898 1552 934 ὲχθροΰ
1564 906 1571 913 ”
1589 908 1598 923 ι
1618 897 1652 924 δι’
1664 896 1693 922 ὃν
1709 904 1719 920 1
1736 893 1878 928 ὲπέὸημεν

1088 951 1131 977 ἐπ’
1158 949 1278 980 ἀσπίδα,
1311 948 1358 975 καὶ
1388 947 1561 983 βασιλίσκον,
1590 944 1637 971 καὶ
1664 938 1879 973 κατατΑτοῦμεν

1088 997 1182 1023 λέοντα
1199 995 1247 1023 καὶ
1260 995 1410 1030 δράκονταδ
1432 1003 1441 1019 ι
1464 993 1497 1020 δι’
1516 992 1545 1018 ὃν
1560 992 1589 1017 ὲν
1607 989 1696 1016 ἐλπίσι
1723 985 1879 1030 γεγόναμεν

1089 1042 1204 1077 ἀγαθαῖς
1227 1027 1381 1076 ἀφθαρσίας
1412 1039 1461 1066 καὶ
1483 1037 1576 1072 ζωῆς,
1602 1032 1739 1063 υἱοθεσίας
1775 1038 1805 1056 τε
1832 1027 1880 1054 καὶ

1088 1089 1182 1123 δόξης
1201 1087 1236 1114 δι’
1248 1086 1278 1113 ὃν
1289 1086 1338 1113 οὐκ
1352 1083 1473 1119 ὀψόμεθα
1489 1082 1564 1110 κακὰ
1583 1081 1634 1107 ἐτι.

1131 1135 1179 1161 Ἐν
1196 1133 1236 1166 τῷ
1250 1132 1339 1166 καιρῷ
1355 1131 1461 1163 ἐκείνῳ
1473 1128 1535 1163 ἐρεῖ
1547 1127 1655 1161 Κύριος
1670 1124 1708 1158 τῇ
1724 1124 1878 1156 Ἰερουσα-

1089 1180 1168 1214 λήμ·
1191 1165 1302 1213 Θάρσει
1321 1177 1397 1204 Σιὼν
1409 1196 1415 1208 ,
1437 1174 1479 1210 μὴ
1499 1173 1710 1207 παρείσθωσαν
1729 1170 1760 1196 αἱ
1783 1165 1879 1202 χεῖρές

1090 1234 1158 1252 σου.
1182 1225 1289 1258 Κύριος
1311 1225 1327 1250 ό
1353 1222 1424 1255 Θεὸς
1447 1221 1482 1248 ὲν
1497 1219 1547 1247 σοὶ
1571 1216 1701 1249 δυνατὸς
1721 1215 1815 1242 σώσει
1831 1220 1878 1243 σε,

1089 1271 1193 1302 ἑπάξει
1212 1270 1260 1297 ἐπὶ
1274 1269 1311 1296 σὲ
1327 1268 1531 1303 εὐφροσύνην,
1551 1265 1600 1292 καὶ
1618 1261 1728 1290 καινιεῐ
1740 1268 1776 1287 σε
1788 1260 1824 1286 ὲν
1842 1266 1879 1290 τῃ

1090 1317 1240 1352 ἀγαπήσει
1260 1315 1364 1348 αὐτοῦ,
1379 1314 1428 1341 καὶ
1451 1310 1690 1346 εὐφρανθήσεται
1714 1306 1764 1334 ἐπὶ
1784 1305 1822 1332 σὲ
1845 1305 1880 1330 ὲν

1091 1351 1193 1398 τέρψει
1212 1362 1252 1394 ὡς
1273 1361 1307 1388 ἐν
1332 1359 1426 1395 ἡμέρᾳ
1450 1355 1568 1392 ἑορτῆς,
1590 1355 1639 1382 καὶ
1665 1351 1791 1384 συνάξω
1809 1351 1879 1381 τοὺς

1091 1407 1363 1442 συντετριμμένους
1379 1413 1447 1432 σου.

1127 1441 1207 1482 ΜΔἏΫ
1217 1441 1349 1489 ’ἐναργὴς
1368 1452 1417 1487 μὲν
1429 1452 1446 1486 ἡ
1462 1441 1700 1486 π’ροαναφώνησις,
1718 1443 1766 1471 τοῦ
1782 1442 1880 1478 χρῆναι

1093 1502 1218 1537 θαρρεῖν·
1232 1500 1280 1526 καὶ
1296 1498 1414 1533 ἀψευδὴς
1436 1497 1484 1532 μὲν
1498 1498 1512 1523 ὁ
1530 1493 1773 1538 ἐπαγγειλάμενος.
1796 1489 1879 1538 Ἀκη-

1095 1548 1195 1583 κόαμεν
1217 1546 1245 1573 δὲ
1266 1545 1342 1572 τουτὶ
1364 1545 1412 1570 καὶ
1429 1542 1513 1569 αὑτοῦ
1533 1541 1658 1574 λέγοντος
1680 1537 1728 1564 τοῦ
1743 1537 1879 1588 Χριστοῦ,

1095 1593 1142 1621 καὶ
1165 1592 1196 1619 τὸ
1221 1591 1332 1626 ἀρχαῖον
1353 1590 1446 1624 ὥσπερ
1475 1585 1651 1615 ἀνανεοῦντος
1678 1585 1880 1618 χρησμῲόημα,

1096 1638 1195 1675 μῶλον
1219 1625 1392 1666 δὲντιθὲντος
1417 1636 1446 1661 ὲν
1471 1633 1532 1668 ὄψει
1555 1633 1585 1658 τὸ
1608 1625 1880 1677 προεπηγγελμένφὶ

1097 1670 1168 1719 ζἘφη
1183 1684 1252 1719 γὰρ,
1272 1683 1312 1709 ὅτι
1334 1691 1343 1707 ι
1359 1680 1454 1714 Θλίψιν
1479 1679 1554 1714 ἔχετε
1577 1678 1605 1704 ἐν
1630 1675 1668 1711 τῷ
1686 1675 1798 1719 misy-19“
1815 1670 1882 1719 ἀλῖἰά

1096 1715 1232 1765 θαρσεέτε,
1247 1727 1302 1761 ἐγὼ
1314 1727 1444 1761 νενίκηκα
1458 1725 1504 1751 τὸν
1527 1723 1639 1758 κόσμον.
1658 1730 1668 1746 ι
1685 1721 1750 1746 Ὅτε
1765 1717 1820 1752 γὰρ
1837 1715 1882 1750 γέ-

1095 1764 1174 1810 γονεν
1187 1775 1216 1800 ὲν
1234 1774 1308 1809 μέσῳ
1324 1772 1413 1808 ἡμῶν,
1433 1770 1493 1797 τότε
1509 1769 1558 1801 τὰς
1579 1770 1673 1804 χεῖρας
1687 1766 1738 1792 οὐκ
1755 1764 1796 1790 ἐτι
1811 1770 1882 1797 παρ-

1096 1820 1206 1855 ειμένας
1228 1819 1394 1854 ἐσχήκαμεν,
1420 1817 1450 1842 οὺ
1467 1815 1569 1849 γόνατα
1592 1810 1820 1848 παραλελυμένα·
1838 1816 1881 1855 τε·

1096 1854 1242 1903 τράμμεθα
1262 1864 1291 1891 δὲ
1313 1863 1412 1899 μᾶλλον
1432 1861 1475 1888 ἐπ’
1490 1861 1558 1897 ἔργα
1581 1867 1611 1885 τε
1631 1858 1679 1885 καὶ
1699 1857 1798 1903 πόνους
1821 1854 1881 1903 τοὺς

1098 1901 1140 1940 ἐπ’
1156 1910 1268 1946 ἀγαθοῖς
1288 1909 1395 1945 ἔργοις,
1413 1908 1460 1934 καὶ
1479 1904 1516 1934 ὧν
1533 1905 1641 1942 εἴρηταί
1658 1912 1687 1949 τε
1702 1903 1749 1930 καὶ
1761 1902 1834 1928 ἔστιν
1850 1901 1880 1926 ab

1098 1958 1203 1994 καρπδς
1217 1956 1341 1991 εὐκλεής.
1358 1964 1367 1980 ›
1387 1954 1454 1981 Τότε
1468 1953 1515 1980 καὶ
1524 1948 1747 1987 τεθαρσήκαμεν,
1763 1948 1804 1974 ὃτι
1818 1955 1880 1994 inv-

1097 1991 1183 2040 αλκὴς
1194 2002 1323 2038 ὑπάρχων
1338 2001 1375 2032 ὡς
1385 2000 1450 2031 Θεὸς
1466 2000 1481 2025 ὁ
1496 1999 1523 2025 ὲν
1541 1999 1606 2033 ἡμῖν
1622 1994 1741 2030 Χριστὸς
1758 1991 1879 2040 ὲκρύεταί

1098 2059 1127 2077 τε
1147 2038 1193 2076 καὶ
1211 2047 1291 2080 σώζει
1303 2048 1365 2077 τοὺς
1379 2045 1421 2072 ἐπ’
1438 2044 1518 2071 αὑτὸν
1533 2041 1710 2072 πιστεύοντας
1721 2049 1728 2055 ·
1741 2038 1878 2073 κατῴκηκι

1098 2096 1152 2131 γὰρ
1170 2095 1198 2121 ἐν
1214 2095 1272 2125 ταῖς
1287 2091 1410 2127 καρδίαις
1423 2090 1501 2126 ἡμῶν
1516 2088 1561 2116 διὰ
1579 2088 1626 2114 τοῦ
1643 2086 1816 2121 ΙΙνεὺματος,
1838 2083 1878 2131 καί

1098 2129 1200 2176 ταῦτην
1213 2140 1255 2175 ἐφ’
1276 2139 1349 2174 ἡμᾶς
1364 2138 1499 2172 ἐπήγαγε,
1523 2135 1573 2170 τὴν
1587 2134 1686 2169 νοητὴν
1705 2132 1827 2167 δηλονότι
1841 2129 1878 2156 καί

1100 2175 1262 2222 ὰξιόληπτον
1287 2183 1467 2219 εὐφροσύνην.
1488 2181 1520 2208 Τί
1543 2181 1598 2216 γὰρ
1619 2181 1713 2215 ἕτερον
1739 2179 1772 2205 ἂν
1794 2177 1834 2212 εἴη
1854 2175 1878 2222 τὸ

260 2233 385 2267 adeptum
400 2241 471 2265 esse,
485 2240 565 2267 quam
581 2233 723 2260 delectatio
733 2239 759 2260 et
774 2234 912 2267 gaudium,
922 2237 949 2260 et
964 2241 1040 2268 genus

1102 2220 1264 2269 μεταλαχείν
1287 2230 1364 2264 ἁγίου
1382 2228 1557 2263 Πνεύματος,
1581 2226 1597 2260 ἢ
1616 2224 1712 2260 τέρψις
1734 2223 1782 2249 καὶ
1799 2220 1875 2256 χαρὰ,

260 2279 362 2306 laetitiae
379 2278 553 2312 spiritualis?
575 2278 688 2311 Quando
703 2279 783 2313 igitur
799 2287 880 2313 super
896 2287 945 2306 nos
959 2280 1046 2306 addu-

261 2325 301 2351 xit
317 2324 437 2352 laetitiam
454 2332 501 2357 per
521 2325 662 2359 Spiritum,
680 2330 742 2352 tunc
761 2325 841 2352 etiam
859 2326 884 2353 in
903 2327 1047 2354 dilectione

261 2379 309 2398 sua
327 2371 474 2403 innovavit,
490 2379 585 2405 nempe
598 2379 651 2406 quo
663 2377 782 2406 tempore
794 2374 820 2400 in
834 2381 915 2400 carne
928 2373 1046 2406 advenit,

261 2417 371 2452 quando
390 2420 417 2443 et
441 2421 509 2444 unus
526 2425 575 2452 pro
599 2418 724 2445 omnibus
742 2419 860 2446 moriens
875 2426 939 2446 vere
955 2420 1043 2446 dixit:

265 2472 274 2488 ι
297 2461 424 2495 Majorem
447 2463 497 2490 hac
524 2463 695 2492 dileCIionem
722 2471 801 2492 nemo
818 2465 1004 2500 habet,quam
1020 2470 1049 2492 ut

262 2509 380 2535 animam
393 2517 468 2536 suam
481 2515 563 2544 ponat
577 2511 637 2545 quis
647 2518 696 2546 pro
714 2511 809 2539 amicis
823 2512 879 2539 suis
891 2512 924 2539 ³¹.
942 2521 951 2538 ι
970 2511 1046 2539 Post-

263 2562 343 2588 quam
361 2562 425 2582 vero
444 2556 532 2589 posuit
549 2556 665 2583 animam
691 2564 778 2589 suam,
800 2560 826 2583 et
855 2556 942 2583 nostri
964 2563 1044 2583 causa

263 2601 333 2627 illlCl‘
344 2606 465 2628 mortuos
479 2606 521 2629 est
536 2607 704 2633 numeratus,
721 2609 783 2629 cum
799 2602 945 2628 secundum
966 2607 1046 2627 natu—

264 2653 318 2671 ram
348 2646 402 2672 vita
428 2651 514 2678 esset,
541 2646 658 2678 revixit,
681 2652 859 2680 naturamque
882 2646 998 2673 hominis
1021 2646 1046 2672 in

264 2692 409 2719 novitatem
418 2692 684 2727 vitmzrel’ormavit",
698 2698 725 2719 et
740 2694 772 2719 de
786 2693 889 2727 integro
902 2694 934 2720 ad
941 2692 1047 2726 priuuc-

263 2744 322 2764 vam
353 2738 471 2772 speciem
499 2737 641 2765 fabricavit
673 2746 680 2765 :
708 2747 717 2763 ι
741 2738 769 2765 Si
793 2745 846 2772 qua
877 2738 903 2765 in
940 2737 1048 2765 Christo

299 2837 322 2852 λ’
336 2836 401 2862 Luc.
419 2844 445 2866 x.
462 2837 501 2865 l9.
541 2839 562 2852 "‘
579 2837 648 2864 l’sal.
669 2846 710 2869 xc,
728 2838 771 2864 l5.
810 2838 832 2852 ’⁸
843 2837 921 2864 Rom.
937 2845 994 2870 vui,
1010 2839 1053 2865 21.

1093 2839 1114 2854 ²⁷
1128 2839 1204 2865 Joan.
1223 2846 1277 2872 xvr,
1294 2838 1337 2866 '55.

1100 2268 1147 2307 καὶ
1162 2276 1366 2312 ,πνευματικῆς
1399 2273 1467 2306 εἶδος
1496 2272 1684 2308 suppa-50mg;
1707 2271 1774 2296 "Ore
1798 2268 1875 2294 τοίνυν

1099 2326 1238 2360 ἐπήγαγεν
1252 2323 1294 2357 ἐφ’
1310 2323 1385 2358 ἡμᾶς
1401 2322 1450 2357 τὴν
1469 2320 1513 2347 διὰ
1527 2318 1687 2353 Πνεύματος
1702 2316 1873 2350 εὐφροσύνην,

1099 2371 1159 2397 τότε
1179 2370 1226 2397 καὶ
1243 2369 1413 2396 ἀνεκαίνισεν
1436 2368 1464 2394 ἐν
1488 2367 1520 2401 τῇ
1544 2365 1682 2399 ἀγαπήσει
1699 2362 1796 2391 αὐτοῦ.
1809 2369 1875 2386 τουτ-

1100 2417 1184 2448 έστιν,
1200 2417 1228 2442 ἐν
1242 2415 1330 2451 καιρῷ
1343 2414 1393 2449 τῆς
1405 2412 1553 2448 ἐπιδημίας
1565 2412 1614 2446 τῆς
1628 2410 1696 2446 μετὰ
1712 2409 1824 2444 σαρκὸς,
1843 2408 1876 2433 ὃτι

1102 2463 1148 2490 καὶ
1164 2460 1203 2494 εἷς
1217 2462 1288 2497 ὑπὲρ
1311 2461 1419 2487 πάντων
1435 2458 1579 2486 ἀποθανὼν
1603 2456 1746 2491 ἀληθεύων
1769 2455 1875 2488 ἔφασκε·

1104 2519 1113 2534 ι
1130 2508 1248 2539 Μείζονα
1264 2506 1364 2541 ταύτης
1380 2506 1429 2540 τῆς
1451 2504 1563 2539 ἀγάπης
1576 2502 1661 2533 οὐδεὶς
1679 2501 1753 2535 ἔχει,
1780 2500 1822 2526 ἵνα
1844 2506 1876 2528 τις

1099 2555 1147 2590 τὴν
1177 2554 1267 2588 ψυχὴν
1298 2551 1381 2579 αὐτοῦ
1410 2552 1443 2586 θῇ
1470 2551 1540 2585 ὑπὲρ
1567 2549 1620 2576 τῶν
1653 2548 1740 2583 φίλων
1766 2546 1873 2573 αὑτοῦ.ι

1106 2600 1215 2635 Ἐπειδὴ
1240 2599 1269 2625 δὲ
1288 2598 1394 2625 τέθεικε
1414 2598 1464 2633 τὴν
1488 2596 1587 2632 ψυχὴν,
1605 2595 1652 2622 καὶ
1668 2594 1781 2628 γέγονεν
1804 2594 1829 2618 ὲν
1844 2599 1875 2617 νε-

1101 2648 1175 2682 κροῖς
1191 2646 1224 2672 δι’
1245 2646 1338 2680 ἡμᾶς,
1362 2645 1419 2680 ζωὴ
1440 2644 1510 2670 κατὰ
1531 2643 1611 2678 φύσιν
1627 2642 1767 2676 ὑπάρχων,
1789 2638 1873 2666 ἀνεϐίω

1100 2694 1197 2725 πάλιν,
1213 2693 1262 2727 τὴν
1277 2691 1421 2727 ἀνθρώπου
1441 2691 1521 2725 φύσιν
1546 2688 1712 2725 ἁναμορφῶν
1735 2688 1775 2718 εἰς
1798 2684 1873 2712 καινᾶ·

1100 2748 1169 2774 τητα
1194 2739 1282 2774 ζωῆς,
1307 2738 1352 2765 καὶ
1376 2736 1568 2772 ἁναχαλκεύων
1592 2737 1632 2767 είς
1656 2734 1686 2760 τὸ
1718 2733 1766 2759 ἀπ’
1791 2732 1872 2767 ἀρχῆς,

1378 2838 1400 2853 ’³
1415 2837 1466 2865 lsa.
1488 2844 1524 2870 tv,
1539 2836 1565 2862 εὶ.
1605 2836 1627 2851 "
1647 2833 1728 2862 lCor.
1743 2840 1763 2866 ι,
1775 2832 1818 2863 21,
1834 2829 1872 2861 2‘2;

263 2872 362 2906 Epltcs.
382 2873 478 2905 111,17.
516 2873 540 2888 ³ο
555 2873 654 2906 lsa.u,
668 2873 694 2900 5.
734 2873 754 2889 ³¹
775 2872 853 2900 Joau.
868 2881 911 2907 xv,
932 2873 972 2900 l5.
1012 2874 1032 2889 ⁵²

1094 2882 1128 2902 ιιι.
1147 2881 1181 2908 vr,
1199 2874 1220 2900 ί.
