1917 3038
206 147 276 175 1019

706 147 734 175 S.
757 147 896 176 CYRILLI
915 147 1150 176 ALEXANDRINI
1171 149 1331 177 ARCIIIEP.

1766 149 1777 176 1
1783 149 1840 178 0‘30

240 204 331 232 XLVI.
346 204 444 233 lterum
460 204 492 231 ad
509 211 650 239 personam
667 204 731 232 Sion
750 212 838 232 sermo
854 205 988 239 dirigitur,

1080 207 1155 240 Mq”.
1178 207 1334 242 Γέγραπται
1359 205 1440 232 πάλιν
1463 206 1477 232 6
1499 205 1576 240 λόγος
1597 206 1636 237 εἰς
1653 205 1683 232 τὸ
1703 206 1754 241 τῆς
1770 207 1845 235 Σιὼν

204 255 290 285 etper
305 250 441 278 Christum
471 249 668 276 admirabiliter
695 255 724 276 ct
749 250 857 285 egregie
874 255 991 285 patrata,

204 296 275 323 circa
290 295 511 330 gentiumgreges
535 295 672 328 nimirum,
685 295 768 331 624
795 300 824 323 οι
857 296 992 330 ahjeetum

205 339 328 366 lsraelem
344 340 554 373 promittuntur:
569 349 578 364 ι
594 339 623 367 In
660 345 686 368 te
716 342 798 373 enim,
816 341 912 376 inquit,
932 349 993 376 pro-

205 390 263 419 pter
277 389 303 412 te
315 384 422 412 faciam.
445 394 453 411 ι
471 386 603 418 Quoniam
615 386 687 413 enim
704 387 753 414 hos
773 388 888 414 avaritia
902 388 991 414 ebrios

205 431 287 462 fecit,
306 430 343 457 illi
356 430 438 458 Deum
451 436 559 466 propter
577 432 697 459 omnium
727 433 841 460 salutem
855 434 991 461 hominem

203 476 322 503 induisse
339 477 505 511 ignorarunt,
521 479 645 511 utrisque
660 480 813 506 communis
826 479 920 514 Opil‘ex
941 480 990 506 Ini-

202 523 377 549 serirordiam
391 523 462 550 ultro
477 524 636 558 impertivit,
648 530 675 553 et
690 531 798 561 propter
809 534 857 554 nos
870 527 896 553 in
913 526 990 553 nobis

202 568 359 594 admiranda
379 568 476 596 ell'ecit.
497 570 603 597 Salvata
619 576 660 599 cst
677 572 748 599 enim
766 580 825 606 quae
846 572 989 607 premeba-

203 620 255 645 tur,
269 615 320 641 hoc
330 619 382 646 est,
401 620 496 642 vexata
508 616 653 651 aliquando
669 619 817 645 errantium
835 618 988 650 multitudo,

201 665 227 687 et
247 660 346 694 eojam
363 661 479 688 miserim
494 663 526 688 ab
536 663 706 696 opprimente
734 662 833 690 Satana
854 663 988 697 conjecta,

201 710 230 732 ut
242 713 349 734 onmem
369 708 508 734 humorem
522 708 628 734 vitalem
642 709 789 736 amitteret.
805 709 901 736 Errore
916 711 988 737 enim

201 751 374 778 setluctormn
389 759 464 779 mens
480 759 574 787 parum
592 753 674 780 valet.
688 753 840 787 Suscipitur
869 754 931 781 item
946 761 986 781 re-

201 799 278 832 pulsa
290 798 441 827 Judaaorum
455 799 605 834 Synagoga.
615 800 804 836 [indignissime
821 801 893 828 enim
911 801 989 829 Chri-

207 850 278 871 stum
298 845 423 872 tractavit
438 854 445 878 ;
462 845 590 880 ideojure
598 853 707 880 quoque
720 846 817 880 rejecta
828 846 887 879 fuit,
902 852 928 874 et
941 854 989 881 spe

1048 252 1203 287 πρόσωπον,
1220 253 1390 287 ὑπισχνεῖται
1412 251 1441 278 δὲ
1462 251 1497 278 τὰ
1514 251 1557 278 δια
1583 251 1703 286 Χριστοῦ
1720 252 1842 287 παραδό-

1048 296 1099 328 ξως
1122 297 1343 332 κατωρθωμένα,
1371 296 1435 330 περί
1457 304 1487 321 τε
1507 296 1556 326 τὰς
1577 295 1608 327 ὲξ
1630 295 1715 321 ἐθνῶν
1737 295 1841 329 ἀγέλας

1046 343 1093 369 καὶ
1114 343 1159 369 τὸν
1180 342 1332 377 ἀπόϐλητον
1354 341 1478 376 Ἰσραήλ·
1499 349 1508 366 ι
1529 341 1573 367 Ἐν
1596 341 1637 367 σοὶ
1659 342 1730 375 γὰρ,
1752 343 1818 375 φησι
1831 361 1838 372 ,

1046 389 1127 415 ἕνεκά
1142 397 1188 414 σου
1204 389 1319 423 ποιήσω.
1341 398 1350 413 ι
1375 387 1484 422 Ἐπειδὴ
1500 386 1554 422 γὰρ
1574 387 1598 413 οἰ
1616 387 1665 422 μὲν
1683 388 1716 413 ὲκ
1741 387 1838 413 πλεον-

1046 434 1119 467 εξίας
1134 433 1359 468 ἁπεκομίσθησαν
1374 433 1414 463 εἰς
1432 431 1528 466 μέθην,
1541 432 1565 457 οἱ
1580 431 1608 457 δὲ
1623 431 1779 466 ἠγνοήκασι
1793 431 1839 459 τὸν

1046 480 1092 506 ἐπὶ
1108 479 1231 515 σωτηρίᾳ
1250 479 1304 505 τῶν
1319 479 1387 505 ὅλων
1405 478 1638 514 ὲνηνθρωπηκότα
1653 477 1730 508 Θεὸν,
1748 478 1839 512 ἀμφο-

1045 527 1133 562 τέροις
1148 526 1365 561 ὲπιδαψιλεύεται
1380 525 1426 552 τδν
1441 525 1515 552 ἔλεον
1538 526 1552 551 6
1567 525 1676 551 πάντων
1697 526 1838 559 Δημιουρ-

1044 574 1100 608 γδς,
1125 573 1171 600 καὶ
1195 573 1274 600 ἕνεκα
1297 573 1376 608 ἡμῶν
1398 574 1426 599 ὲν
1447 573 1514 607 ἡμῖν
1535 571 1670 606 πεποίηκε
1695 570 1836 606 θαύματα.

1044 619 1183 645 Σέσωσται
1200 618 1249 654 μὲν
1267 618 1321 654 γὰρ
1335 619 1351 654 ἡ
1366 618 1583 652 ὲκπεπιεσμένη,
1596 617 1746 647 τουτέστιν,
1763 617 1779 652 ἠ
1793 625 1838 642 τε·

1045 665 1178 700 ολιμμένη
1197 665 1261 691 ποτὲ
1278 664 1333 691 τῶν
1358 665 1574 699 πεπλανημένων
1595 663 1711 699 πληθὺς,
1727 663 1774 690 καὶ
1796 664 1837 694 εἰς

1044 712 1122 738 τοῦτο
1131 711 1223 738 λοιπὸν
1238 711 1405 747 ἐνηνεγμένη
1418 711 1606 746 ταλαιπωρίας
1621 710 1672 736 ὑπο
1686 710 1734 736 τοῦ
1750 719 1836 736 κατα-

1044 758 1187 789 πιέσαντος
1203 758 1309 784 Σατανᾶ
1323 779 1329 790 ,
1349 757 1387 789 ὡς
1401 758 1492 784 πᾶσαν
1515 756 1615 791 ἰκμάδα
1630 755 1750 790 ζωτικὴν
1767 757 1833 782 ἁπο-

1043 803 1142 829 6αλείν.
1159 803 1264 838 Μικρὸς
1289 803 1344 837 γὰρ
1364 802 1426 834 νοῦς
1443 803 1457 828 6
1470 801 1656 837 πλανώμενος.
1675 800 1836 835 Εἰσδέχεται

1042 848 1069 874 δὲ
1086 848 1133 874 καὶ
1157 849 1173 883 ἡ
1197 847 1347 883 ἀπωσμένη
1373 847 1427 874 τῶν
1445 846 1578 874 Ἰουδαίων
1595 847 1756 881 Συναγωγή.
1782 847 1835 872 Πε-

201 899 248 919 sua
259 893 366 924 excidit,
383 898 410 919 et
423 893 541 919 amicitia
558 892 659 920 Christi
673 892 790 926 spoliata
819 899 870 920 est.
888 892 988 920 Nihilo-

1045 893 1192 929 παρῴνηκε
1211 894 1260 928 μὲν
1277 893 1330 929 γὰρ
1343 894 1383 925 εἰς
1399 893 1517 929 Χριστόν
1532 900 1538 907 ’
1552 892 1638 927 ταύτῃ
1660 893 1708 918 καὶ
1722 892 1835 922 δικαίως

202 939 289 965 minus
307 943 333 965 et
349 939 404 974 ipsa
422 939 636 966 misericordiam
651 938 762 965 invenit.
780 937 846 965 Nam
859 939 890 965 ad
902 939 990 974 pretii-

203 983 324 1016 tentiam,
342 987 368 1010 et
392 985 425 1010 ad
443 983 556 1010 salutem
577 991 626 1018 per
649 983 728 1011 fidem
753 990 780 1011 et
803 985 940 1017 liduciam,
964 985 989 1012 in

200 1029 331 1056 extremis
345 1029 506 1056 saeculorum
540 1029 706 1063 temporibus
731 1029 882 1056 vocabitur.
905 1029 990 1056 Erunt

200 1074 279 1107 igitur
298 1074 324 1100 in
337 1073 459 1108 gloriam,
475 1079 501 1100 et
516 1075 660 1106 nominati,
678 1079 704 1101 et
725 1082 739 1100 ο
758 1074 917 1102 confusione
944 1082 987 1101 re-

199 1119 352 1146 motissimi.
367 1119 416 1154 Ipsi
437 1120 571 1152 vero,imo
587 1120 613 1147 lii
628 1120 680 1146 duo
697 1120 785 1154 populi
800 1127 853 1146 non
871 1120 989 1155 amplius

197 1170 276 1192 erunt
292 1166 381 1196 divisi.
395 1169 422 1192 et
453 1165 524 1192 inter
543 1173 572 1193 se
597 1166 730 1192 sententia
755 1165 938 1200 discrepantes
957 1173 989 1193 ac

198 1211 307 1238 discreti
324 1211 495 1245 opinionibus
520 1211 553 1238 de
582 1210 647 1244 Deo,
673 1210 741 1238 sicut
766 1211 921 1245 quondam,
942 1211 988 1238 sed

197 1257 301 1283 unitate
310 1264 357 1291 per
368 1256 495 1291 Spiritum
508 1257 540 1282 ad
561 1256 728 1289 voluntatum
748 1256 864 1290 fideique
875 1265 987 1284 concor-

197 1302 269 1329 diam
291 1303 406 1336 approbe
418 1302 545 1329 devincti.
561 1302 654 1328 Exstat
671 1302 742 1329 enim
757 1302 783 1329 in
801 1303 888 1329 sacris
903 1302 988 1330 Litte-

198 1348 245 1380 ris,
256 1347 433 1374 multitudinis
445 1347 609 1375 credentium
629 1346 710 1374 fuisse
721 1355 767 1375 cor
782 1356 864 1374 unmn
887 1353 913 1376 et
928 1349 987 1375 ani-

199 1401 269 1420 mam
285 1401 364 1420 ttnatn
377 1393 545 1422 “.Condidit
567 1399 657 1420 autem
672 1393 753 1421 etiam
773 1393 898 1422 Christus
907 1394 988 1422 hosce

199 1438 265 1465 duos
277 1438 388 1472 populos
400 1439 425 1464 in
441 1446 522 1465 unum
538 1442 564 1466 et
591 1445 688 1465 novum
709 1438 858 1471 hominem,
886 1439 988 1466 faciens

199 1491 303 1518 pacem,
315 1489 342 1511 et
359 1484 452 1512 ambos
466 1485 645 1512 reconcilians
663 1486 689 1512 in
713 1493 768 1512 uno
783 1486 890 1519 spiritu,
918 1486 988 1513 sicut

197 1530 327 1564 scriptum
343 1535 384 1558 εει
398 1531 432 1558 δί.
449 1530 477 1558 Si
502 1531 584 1566 igitur
613 1531 675 1559 boni
692 1531 862 1558 aemulatores
875 1531 996 1564 fuerint,

1044 939 1226 974 ἀπόπεμπτος
1237 937 1282 974 ἦν,
1295 939 1342 965 καὶ
1358 938 1514 974 παρώλισθε
1528 938 1578 972 τῆς
1593 937 1711 968 ἐλπίδος,
1724 937 1771 963 καὶ
1786 937 1835 970 τῆς

1044 984 1083 1014 εἰς
1098 983 1215 1018 Χριστὸν
1232 983 1400 1017 οἰκειότητος
1412 983 1620 1017 ἀπενοσφίζετο.
1633 982 1706 1016 Πλὴν
1718 982 1834 1017 ἡλέηται

1043 1029 1090 1055 καὶ
1103 1029 1170 1063 αὐτή
1182 1037 1188 1043 ·
1205 1028 1371 1064 κληθήσεται
1381 1028 1436 1064 γὰρ
1448 1028 1517 1064 πρὸς
1535 1027 1717 1063 μετάγνωσιν,
1735 1028 1784 1053 καὶ
1795 1027 1836 1058 εἰς

1042 1074 1090 1109 τὴν
1105 1074 1148 1100 διὰ
1162 1074 1281 1106 πίστεως
1300 1074 1434 1109 κάθαρσιν
1455 1075 1483 1100 ἐν
1500 1074 1625 1109 ἐσχάτοις
1645 1073 1702 1100 τῶν
1728 1072 1836 1099 αἰώνων

1043 1122 1159 1156 καιροῖς.
1172 1121 1298 1148 Ἔσονται
1311 1121 1343 1156 δὴ
1358 1119 1404 1147 οὖν
1418 1122 1457 1152 εἰς
1469 1120 1609 1155 καύχημα,
1618 1121 1665 1146 καὶ
1675 1120 1834 1155 ὀνομαστοὶ,

1043 1167 1089 1193 καὶ
1110 1167 1241 1202 αἰσχύνης
1264 1167 1302 1198 ὡς
1327 1167 1464 1193 ἀποτάτω.
1489 1166 1571 1192 Αὐτοὶ
1594 1166 1622 1192 δὲ
1648 1165 1678 1201 δή
1707 1173 1792 1197 τινες,
1817 1165 1834 1199 ἢ

1042 1213 1143 1244 πάντες
1158 1213 1183 1239 οἰ
1195 1213 1242 1239 δύο
1257 1212 1316 1239 λαοὶ
1329 1213 1379 1239 οὑκ
1397 1212 1437 1238 ἔτι
1454 1212 1626 1248 διῃρημένοι,
1643 1211 1690 1237 καὶ
1707 1210 1837 1246 ἀσύμϐα-

1042 1267 1087 1285 τον
1102 1258 1210 1294 ἔχοντες
1226 1259 1352 1294 ἀλλήλοις
1366 1259 1416 1293 τὴν
1433 1257 1557 1293 γνώμην,
1575 1258 1623 1284 καὶ
1636 1256 1835 1292 μεμερισμένοι

1043 1304 1112 1340 πρὸς
1128 1304 1208 1337 δόξας
1223 1305 1274 1336 τὰς
1290 1305 1336 1331 ἐπὶ
1350 1304 1420 1339 Θεῷ,
1440 1303 1511 1330 καθὰ
1525 1304 1572 1330 καὶ
1585 1303 1683 1329 πάλαι·
1699 1302 1758 1329 ἀλλ’
1776 1302 1836 1328 ἑνό-

1041 1357 1102 1384 τητι
1116 1351 1149 1385 τῇ
1165 1350 1208 1377 διὰ
1222 1349 1379 1385 Πνεύματος
1395 1347 1424 1376 εὖ
1443 1349 1515 1384 μάλα
1534 1348 1746 1383 κατετφιγμένοι
1764 1347 1834 1383 πρὸς

1041 1394 1193 1430 ὁμοψυχίαν
1212 1403 1241 1422 τε
1266 1395 1324 1430 ἅμα
1338 1395 1385 1421 καὶ
1405 1394 1578 1430 ὁμοπιστίαν.
1593 1394 1753 1429 Γέγραπται
1768 1393 1835 1428 γὰρ,

1040 1439 1082 1466 ὄτι
1096 1440 1149 1466 Τοῦ
1171 1439 1199 1466 δὲ
1222 1439 1342 1474 πλήθους
1355 1438 1410 1466 τῶν
1423 1439 1628 1465 πιστευσάντων
1652 1435 1685 1472 ἦν
1701 1437 1717 1471 ἡ
1735 1436 1836 1471 καρδία

1041 1485 1089 1512 καὶ
1104 1486 1120 1521 ἠ
1135 1485 1209 1520 ψυχὴ
1226 1485 1286 1520 μία.
1303 1485 1414 1511 Ἔκτισε
1430 1484 1458 1510 δὲ
1475 1484 1521 1510 καὶ
1536 1485 1550 1510 6
1570 1483 1689 1518 Χριστὸς
1707 1482 1772 1511 τοὺς
1788 1481 1836 1507 δύο

1040 1532 1123 1563 λαοὺς
1138 1532 1178 1563 εἰς
1192 1531 1240 1557 ἕνα
1263 1530 1355 1557 καινὸν
1372 1529 1525 1564 ἄνθρωπον,
1543 1528 1628 1554 ποιῶν
1642 1528 1765 1563 εἰρήνην,
1787 1526 1836 1553 καὶ

199 1581 262 1604 tunc
278 1577 388 1604 omnino
400 1577 541 1604 confusum
559 1577 590 1604 iri
601 1577 725 1604 inimicos
742 1576 868 1609 allirtnat,
882 1578 987 1611 magni-

1043 1577 1290 1604 ἁποκαταλλάσσων
1303 1576 1477 1611 ἀμφοτέρους
1496 1576 1525 1601 ὲν
1542 1575 1582 1600 ἐνὶ
1595 1575 1743 1609 πνεύματι,
1761 1572 1837 1599 καθᾶ

199 1622 292 1649 tudine
303 1622 408 1649 collata:
425 1622 450 1649 in
464 1622 523 1649 illos
540 1622 641 1657 glorim,
658 1625 685 1649 et
704 1622 891 1650 immobilitate
902 1623 986 1650 felici-

199 1669 272 1699 tatis,
285 1675 317 1695 ac
338 1667 464 1696 ﬁrmitate
482 1670 538 1703 spei
560 1668 761 1702 obstupefactus
780 1668 812 1695 λ’.
830 1668 880 1696 Fas
907 1669 987 1696 etiam

198 1721 214 1741 e
231 1715 310 1742 rebus
338 1715 403 1748 ipsis
427 1715 569 1742 veritatem
604 1715 792 1748 promissionis
821 1716 986 1751 perspicere.

199 1760 353 1787 Glorilieata
367 1760 437 1787 enim
454 1764 494 1787 est
510 1759 627 1787 Ecclesia
642 1759 699 1793 Dei,
715 1760 930 1795 eximiorumque
943 1769 987 1788 or-

200 1811 388 1833 namentorum
412 1807 492 1842 plena
523 1807 592 1841 apud
613 1814 707 1834 omnes
735 1807 907 1835 admirationi
936 1812 986 1836 est.

198 1853 389 1880 Verumtamen
410 1858 437 1880 et
461 1858 565 1887 tempus
590 1852 694 1885 definit,
719 1860 772 1887 quo
789 1853 882 1881 istinrc
899 1854 987 1881 futura

199 1899 265 1927 sint.
283 1899 372 1933 lnquit
389 1900 471 1931 cnim,
489 1908 498 1924 ι
520 1899 546 1926 in
568 1903 698 1933 tempore,
715 1900 822 1935 quando
842 1900 986 1935 suscipiam

200 1954 260 1973 vos.
275 1956 284 1971 ι
306 1945 364 1972 Νοη
380 1945 451 1973 enim
467 1946 623 1981 praecedunt
642 1946 733 1978 fidem,
747 1954 806 1980 quae
837 1952 987 1981 sequuntur

200 1991 291 2024 fidem,
304 1997 330 2019 et
357 1992 510 2026 postipsam
521 1993 609 2026 potius
626 1992 822 2026 intelliguntur.
841 1991 987 2020 Vocatisu-

201 2044 259 2063 mus
272 2037 352 2070 igitur
371 2041 491 2070 tempore
514 2036 711 2064 incarnationis
734 2036 881 2072 Unigeniti.
912 2037 988 2066 Tunc

199 2082 281 2114 enini,
296 2087 369 2114 tunc,
380 2082 499 2116 inquam,
515 2082 615 2109 veritas
630 2083 800 2117 promissioni
817 2083 898 2111 finetn
916 2088 987 2110 attu-

1041 1623 1207 1659 γέγραπται.
1235 1623 1266 1648 Εἰ
1290 1622 1321 1657 δὴ
1344 1621 1390 1649 οὖν
1415 1622 1536 1656 γένοιντο
1559 1620 1684 1656 ζηλωτοὶ,
1712 1619 1772 1646 τότε
1799 1618 1837 1653 δὴ

1042 1668 1149 1699 πάντως
1166 1667 1451 1703 καταισχυνθὴσεσθαί
1476 1675 1542 1702 φησι
1565 1667 1627 1697 τοὺς
1652 1665 1782 1700 ἐχθροὺς,
1801 1664 1838 1690 τὸ

1040 1715 1090 1749 τῆς
1103 1713 1228 1749 δοθείσης
1245 1713 1372 1745 εὐκλείας
1389 1713 1504 1747 μέγεθος
1525 1711 1751 1747 κατατεθηπότας
1761 1731 1769 1743 ,
1784 1710 1837 1736 καὶ

1040 1760 1071 1786 τὸ
1092 1759 1141 1794 τῆς
1164 1759 1315 1795 εὐημερίας
1337 1759 1522 1794 ἁκράδαντον,
1544 1758 1654 1793 καὶτῆς
1675 1756 1784 1787 ἐλπίδος
1802 1755 1836 1781 τὸ

1041 1805 1166 1840 βεῦηκός.
1183 1805 1239 1840 Ἴδῃ
1254 1805 1275 1831 δ’
1290 1805 1321 1832 ἄν
1337 1813 1379 1836 τις
1391 1805 1438 1831 καὶ
1451 1805 1480 1836 ἐξ
1493 1804 1583 1831 αὐτῶν
1598 1804 1648 1839 ήδη
1664 1803 1718 1830 τῶν
1739 1811 1835 1838 πραγ-

1042 1851 1134 1886 μάτων
1164 1851 1252 1886 ἀληθῆ
1277 1851 1326 1886 τὴν
1353 1851 1510 1885 ὑπόσχεσιν.
1547 1851 1710 1883 Δεδόξασται
1736 1849 1790 1884 γὰρ
1813 1849 1834 1883 ἡ

1047 1897 1196 1932 Ἐκκλησία
1216 1897 1333 1932 Χριστοῦ
1345 1917 1352 1928 ,
1370 1897 1417 1923 καὶ
1432 1897 1566 1934 λαμπρῶν
1583 1897 1750 1932 αὐχημάτων
1771 1895 1835 1921 ἐπί-

1042 1951 1140 1978 μεστος
1154 1941 1221 1970 οὖσα
1236 1942 1406 1978 θαυμάζεται
1422 1943 1496 1979 παρὰ
1513 1944 1632 1970 πάντων.
1659 1942 1730 1977 Πλὴν
1745 1941 1832 1976 ὁρίζει

1041 1989 1088 2016 καὶ
1105 1990 1150 2016 τὸν
1164 1989 1269 2024 καιρὸν,
1291 1988 1353 2015 καθ’
1364 1989 1392 2015 ὃν
1407 1989 1441 2016 τὰ
1454 1989 1545 2016 τοιάδε
1560 1989 1742 2024 συμϐήσεται.
1767 1996 1776 2012 ι
1788 1987 1831 2013 Ἐν

1040 2036 1079 2071 τῷ
1095 2035 1184 2070 καιρῷ
1200 2035 1269 2070 γὰρ,
1284 2035 1366 2071 φησὶν
1377 2055 1384 2067 ,
1400 2035 1464 2062 ὅταν
1479 2035 1643 2070 εἰσδέχωμαι
1665 2034 1747 2069 ὑμᾶς.
1767 2042 1777 2059 ι
1793 2033 1830 2059 Οὐ

1040 2082 1094 2117 γὰρ
1111 2082 1163 2117 πρὸ
1177 2082 1226 2116 τῆς
1240 2081 1357 2112 πίστεως
1383 2081 1417 2108 τὰ
1433 2080 1503 2116 μετὰ
1514 2081 1563 2116 τὴν
1580 2081 1682 2111 πίστιν,
1703 2080 1762 2114 μετ’
1781 2078 1830 2104 αὑ-

1038 2128 1088 2164 τὴν
1100 2128 1127 2154 δὲ
1143 2127 1242 2162 μᾶλλον
1256 2128 1350 2153 νοοῖντ’
1367 2127 1399 2154 ἂν
1416 2127 1540 2158 εἰκότως.
1557 2126 1723 2162 Κεκλὴμεθα
1737 2125 1769 2160 δὴ
1785 2123 1830 2151 οὖν

199 2177 228 2202 ἐν
253 2177 356 2211 καιροῖς
373 2176 422 2210 τῆς
444 2175 512 2211 μετὰ
538 2175 638 2211 σαρκὸς
660 2176 816 2212 οἰκονομίας
836 2177 882 2203 τοῦ
917 2176 1097 2212 Μονογενοῦς.
1127 2176 1194 2202 Τότε
1223 2175 1277 2211 γὰρ
1300 2176 1332 2211 δὴ
1351 2175 1411 2201 τότε
1426 2175 1477 2210 τῆς
1508 2175 1674 2209 ἐπαγγελίας
1690 2173 1719 2200 τὸ
1744 2173 1832 2208 πέρας

199 2221 348 2257 ἐκϐέϐηκεν
361 2223 400 2254 εἰς
420 2222 450 2248 τὸ
468 2223 595 2257 ἀτρεκές.

235 2268 306 2301 Quia
328 2268 394 2294 dabo
419 2276 462 2294 vos
492 2268 651 2300 nominatos,
680 2269 749 2294 etin
781 2268 891 2302 gloriati:
917 2270 986 2303 apud

1075 2269 1150 2294 Atdzt
1164 2267 1250 2293 δώσω
1264 2265 1340 2301 ὑμᾶς
1358 2266 1556 2300 ὀνομαστοὺς,
1570 2265 1619 2292 καὶ
1633 2266 1676 2298 εἰς
1691 2266 1830 2302 καύχημα

199 2323 287 2341 omnes
298 2313 406 2348 populos
418 2318 504 2344 terra},
519 2321 578 2339 cum
591 2317 739 2340 convertere
752 2321 797 2348 ego
814 2314 988 2348 captivitatem

200 2365 310 2387 vestram
322 2367 409 2386 caram
425 2359 506 2390 vobis,
516 2359 578 2386 dicit
591 2359 729 2386 Dominus.

234 2449 315 2485 625
327 2448 429 2475 XLVII.
462 2449 489 2476 ln
512 2456 643 2476 summam
668 2449 770 2485 colligit
791 2449 987 2484 quodammodo

200 2496 297 2524 divina:
312 2495 479 2522 liberalitatis
494 2495 644 2527 consilium.
660 2500 687 2523 et
703 2496 801 2530 quibus
830 2495 986 2530 perfruituri

200 2541 306 2576 sintqui
321 2541 503 2574 crediderunt,
514 2549 561 2575 per
574 2542 631 2569 hazc
647 2542 761 2569 dilucide
773 2542 901 2569 ostendit.
919 2541 986 2568 Pas-

200 2587 359 2621 simquippc
374 2594 420 2614 eos
434 2587 608 2620 praedicatum
626 2586 658 2613 iri
679 2591 781 2619 narrat,
795 2592 822 2613 et
850 2587 875 2613 in
893 2587 987 2613 claris-

199 2634 268 2661 sima
289 2633 347 2660 luce
364 2633 493 2665 victuros,
512 2639 538 2660 et
551 2634 645 2668 quavis
660 2637 739 2667 gente
767 2632 901 2660 beatiores
918 2631 988 2658 futu-

202 2687 257 2708 rus.
274 2679 354 2707 Addit
376 2679 475 2711 adhuc,
492 2679 590 2714 quibus
613 2679 779 2713 temporibus
794 2678 845 2706 ista
860 2683 987 2705 eventura

200 2727 265 2759 sint.
285 2726 384 2760 ubique
396 2727 555 2753 (economize
570 2733 630 2752 cum
644 2733 725 2753 carne
753 2725 889 2759 Unigeniti
912 2733 988 2752 men-

201 2771 300 2797 tionem
324 2770 446 2797 faciens:
475 2770 702 2805 quandoquidem,
747 2775 776 2796 ut
817 2769 873 2804 jam
902 2777 916 2796 a
945 2777 987 2796 me

237 2861 259 2877 ἠ’
276 2860 335 2889 Act.
354 2868 388 2893 tv,
402 2860 446 2887 52.

486 2860 504 2876 δ’
522 2859 618 2895 Ephcs.
635 2867 664 2893 ll,
689 2860 729 2893 15,
750 2860 792 2887 16.
833 2860 853 2876 υ
870 2860 879 2887 1
894 2859 964 2887 Ptrtr.
985 2868 1023 2892 in,

1041 2313 1075 2339 ἐν
1091 2312 1165 2339 πᾶσι
1180 2311 1241 2344 τοῖς
1258 2311 1343 2344 λαοῖς
1362 2311 1416 2345 τῆς
1432 2311 1505 2346 γῆς,
1527 2311 1561 2337 ἐν
1581 2310 1621 2343 τῷ
1638 2311 1831 2346 ἐπιστρέφειν

1039 2367 1076 2393 με
1090 2358 1147 2392 τὴν
1160 2357 1371 2392 αἰχμαλωσίαν
1385 2356 1469 2391 ὑμῶν
1491 2357 1620 2384 ἐνώπιον
1635 2357 1730 2392 ὑμῶν,
1751 2358 1830 2392 λέγει

1041 2405 1159 2438 Κύριος.

1075 2451 1141 2476 ΜΖ’.
1171 2448 1432 2483 Ἀνακεφαλαιοῦται
1452 2449 1551 2484 τρόπον
1569 2449 1630 2476 τινὰ
1649 2449 1700 2484 τῆς
1719 2450 1831 2486 θεοπρε-

1042 2495 1108 2527 ποῦς
1135 2496 1291 2531 φιλοτιμίας
1323 2495 1368 2522 τὸν
1393 2495 1512 2529 σκοπὸν,
1535 2496 1581 2522 καὶ
1608 2497 1636 2522 ὲν
1661 2493 1702 2528 οἷς
1724 2496 1830 2523 ἔσονται

1042 2541 1150 2572 πάντως
1165 2541 1188 2566 οἱ
1207 2540 1429 2572 πεπιστευκότες,
1441 2540 1485 2567 διὰ
1501 2540 1602 2567 τούτων
1618 2541 1764 2575 ὑποφαίνει
1785 2550 1831 2567 σα-

1041 2587 1108 2620 φῶς.
1125 2586 1290 2622 Διαϐοήτους
1305 2585 1359 2621 γὰρ
1377 2585 1485 2612 ἔσεσθαί
1500 2596 1577 2621 φησι,
1592 2587 1639 2613 καὶ
1662 2587 1829 2623 αὐχημάτων

1039 2634 1103 2659 εἵσω
1114 2633 1259 2668 λαμπρῶν,
1268 2633 1313 2659 καλ
1329 2633 1429 2664 παντὸς
1442 2632 1534 2664 ἔθνους
1549 2634 1577 2658 ἐν
1590 2633 1728 2668 ἀμείνοσι.
1744 2634 1828 2669 Προιμ

1039 2679 1136 2712 επάγει
1156 2679 1183 2704 δὲ
1199 2678 1279 2704 πάλιν
1293 2679 1340 2705 καὶ
1356 2678 1418 2705 καο“
1433 2679 1480 2710 οὒς
1496 2678 1603 2705 ἔσονται
1620 2678 1654 2704 τὰ
1668 2679 1758 2704 τοιάδε
1776 2687 1831 2705 χαι-

1041 2724 1113 2758 ροῦς,
1129 2724 1252 2758 πανταχῆ
1269 2725 1444 2759 μεμνημένος
1459 2725 1508 2759 τῆς
1525 2723 1593 2759 μετὰ
1612 2724 1714 2759 σαρκὸς
1728 2725 1829 2751 οἰκονο-

1041 2770 1105 2804 μίας
1119 2770 1165 2796 τοῦ
1184 2770 1364 2804 Μονογενοῦς,
1387 2771 1442 2804 ὅτε,
1459 2770 1585 2805 καθάπερ
1603 2770 1671 2805 ἔφην
1687 2770 1798 2805 ἀρτίως,
1813 2769 1828 2805 ἠ

1042 2861 1081 2894 15,
1103 2861 1141 2887 Η.
