1917 3038
102 129 169 157 1021

540 132 818 164 ΓΟΜΜΕΝΤΔΗΙυΞ
838 136 870 164 IN
891 136 1047 165 AGGzEUM
1067 135 1289 164 PBOPIIETAM.

1657 139 1725 166 10Ξὲ

98 184 200 216 παντὸς
212 184 344 218 ἀνάδειξις
357 186 470 220 ἀγαθοῦ,
487 190 534 215 καὶ
549 189 603 215 πᾶν
618 190 707 216 ὁτιοῦν
718 191 772 216 τῶν
789 191 885 218 τεθαυ-
901 207 906 221 έ

945 192 1036 219 iictum
1051 196 1104 225 est,
1119 199 1200 219 omne
1216 192 1314 218 bonum
1337 191 1408 225 inde,
1425 196 1452 218 et
1468 192 1596 227 quidquid
1614 199 1656 221 est
1677 195 1724 221 ad-

99 230 409 267 μασμένωνὲκῦἑὸηκεν
428 234 467 265 εἰς
480 234 563 269 ἡμεῖς.
581 234 648 261 Τότε
674 235 738 270 γὰρ,
755 236 814 262 τότε
839 238 886 263 καὶ

98 275 154 301 ὑπὸ
166 276 244 310 χεῖρα
260 277 427 311 πράττοντας
438 278 604 315 διαϐολικὴν,
619 281 665 307 καὶ
678 282 735 312 τοῖς
751 282 801 316 τῆς
820 290 887 317 σαρ-

97 320 149 351 κὸς
178 320 291 348 πάθεσιν
315 322 545 359 ὑπεζευγμένους,
568 325 728 360 παραδόξως
756 327 884 359 ἐξείλετο.

98 366 168 392 Τότε
186 369 232 392 καὶ
248 367 297 402 τῆς
311 368 439 395 πολυθὲου
466 370 571 406 πλάνης
584 371 737 407 ἀπήλλαττε
754 373 800 399 καὶ
816 381 883 408 μετ-

99 411 186 439 ετίοει
203 412 270 448 πρὸς
288 413 427 448 ἀλήθειαν.
443 416 509 442 Τότε
523 417 570 443 καὶ
583 417 638 444 τῶν
652 417 698 444 τοῦ
714 417 830 445 θανάτου
841 418 885 444 δε-

100 457 179 491 σμῶν
199 458 324 490 ἐξείλετο,
340 459 401 491 δοὺς
425 460 520 488 ἑαυτὸν
534 462 691 498 ἀντίλυτρον
706 464 777 499 ὑπὲρ
793 463 884 499 ἡμῶν,

99 503 149 530 καὶ
164 503 202 538 τῷ
215 504 273 539 Θεῷ
288 505 335 531 καὶ
348 506 436 541 Πατρὶ
453 508 663 543 χατακτώμενος
678 510 726 545 τὴν
741 510 786 536 ὑπ’
799 511 884 545 οὐρα-

99 548 156 575 νόν.
177 549 342 585 Κεκλήμεῦα
357 551 411 587 γὰρ
425 552 459 578 δι’
476 553 568 585 αὑτοῦ,
582 555 630 581 καὶ
643 555 691 590 τὴν
707 556 735 581 ἐν
751 555 886 591 πνεύματι

100 596 284 630 προσαγωγὴν
312 597 358 622 καὶ
387 598 541 634 οἰκειότητα
581 600 826 636 πεπλουτήκαμεν,
852 601 886 627 δι’

100 640 184 666 αὑτοῦ
197 641 240 676 δὴ,
255 643 337 677 φημὶ,
353 643 482 678 Χριστοῦ,
502 645 535 671 δι’
549 642 578 672 οὗ
596 646 644 673 καὶ
659 646 717 682 μεθ’
733 644 762 674 (αὖ
776 647 815 682 τῷ
828 647 888 682 Θεῷ

100 685 148 711 καὶ
166 687 253 722 Πατρὶ
267 687 340 719 δόξα,
354 689 464 723 κράτος,
481 691 559 726 τιμὴ,
572 692 619 718 καὶ
634 692 829 728 προσκύνησις,
840 694 888 720 σὺν

99 730 139 765 τῷ
157 731 226 766 ἁγίῳ
242 732 391 768 Πνεύματι,
405 735 452 761 νῦν
464 735 511 763 καὶ
527 737 580 770 ἀεὶ,
597 738 644 764 καὶ
656 739 696 770 εὶς
710 738 775 770 τοὺς
788 739 888 770 αἰῶνας

99 775 155 802 τῶν
169 776 284 803 αἰώνων.
307 778 403 814 Ἀμήν.

135 861 159 877 ⁸³
171 863 249 892 norit.
264 873 284 897 ι,
299 864 326 893 6.

937 237 1069 270 mirabile,
1084 237 1109 264 in
1127 245 1175 264 nos
1200 237 1351 264 derivatum
1381 243 1462 272 atque
1490 238 1641 272 profectum
1673 245 1724 266 est.

937 282 1013 309 Tunc
1026 282 1109 315 enim,
1126 287 1189 309 tunc
1202 283 1251 309 sub
1265 287 1398 316 potestate
1417 283 1548 310 diabolica
1567 290 1726 318 agentes,ct

937 329 1027 354 carnis
1039 327 1286 362 perturbationibus
1314 328 1463 362 subjectos,
1496 329 1610 356 mirabili
1646 331 1726 358 modo

937 375 1045 409 eripuit.
1062 375 1138 402 Tune
1159 375 1223 402 item
1241 382 1334 402 errore
1349 375 1374 401 in
1386 375 1508 409 pluribus
1530 376 1582 402 diis
1607 376 1726 404 colendis

937 421 1070 454 liberavit,
1081 425 1108 448 et
1127 423 1159 448 ad
1183 421 1326 448 veritatem
1358 421 1505 448 transtulit.
1537 421 1613 448 Tunc
1640 422 1723 449 etiam

939 466 1052 493 vinculis
1071 468 1165 494 mortis
1173 466 1281 496 exeruit.
1297 466 1442 501 senuetipso
1460 475 1507 502 pro
1525 467 1604 494 nobis
1624 467 1651 494 in
1666 475 1727 501 pre-

940 512 1007 540 tiutn
1025 513 1098 543 dato,
1112 517 1139 539 et
1156 512 1209 539 Deo
1227 519 1258 538 ac
1273 511 1346 538 Patri
1366 513 1519 539 mortalium
1541 520 1624 547 genus
1648 520 1725 539 recu.

939 558 1052 593 peravit.
1071 557 1163 584 Vocati
1176 558 1246 584 enim
1264 565 1357 585 sumus
1383 565 1430 592 per
1452 559 1539 590 ipsum
1554 558 1587 590 υ,
1611 558 1727 585 oblatio-

940 611 1055 639 nemque
1067 604 1092 630 in
1109 603 1214 637 spiritul
1231 607 1257 629 et
1291 604 1438 630 amicitiam
1462 604 1508 630 Dei
1530 612 1577 638 per
1590 604 1725 630 Christum

940 650 1038 684 ipsum,
1061 654 1090 676 ut
1104 656 1214 683 magnas
1240 655 1316 681 opes,
1344 649 1552 683 acquisivimus;
1577 656 1623 683 per
1647 656 1726 682 qvem

939 701 966 723 ct
979 703 1040 723 cum
1057 703 1109 729 quo
1120 695 1173 722 Deo
1187 699 1214 722 et
1231 694 1304 721 Patri
1322 694 1419 726 gloria,
1446 694 1599 728 imperium,
1631 695 1725 726 honor,

939 744 966 766 et
981 738 1113 770 adoratio,
1127 746 1187 765 cum
1205 742 1301 765 sancto
1315 737 1430 772 Spiritu,
1440 745 1511 764 nttnc
1522 743 1549 764 et
1563 746 1679 772 semper,
1700 742 1727 765 et

940 784 966 811 in
979 783 1075 811 saecula
1087 784 1255 812 saeculorum.
1271 784 1366 811 Amen.

117 966 1583 984 Μ

116 973 1716 992 W

468 1062 581 1105 ΤΟΥ
608 1064 676 1106 ΕΝ
717 1065 899 1108 ΑΓΙΟΙΣ
938 1066 1155 1109 ΠΑΤΡΟΣ
1193 1068 1357 1111 ΗΜΩΝ

584 1170 1238 1260 ΚΥΡΙΛΑΟΥ

275 1318 922 1380 ΑΡΧΙΕΠΙΣΚΟΠΟΥ
973 1320 1550 1384 ΑΛΕΞΑΝΔΡΕΙΑΣ

657 1438 846 1467 ΕΞΗΓΗΣΙΣ
875 1441 1077 1469 ΥΠΟΜΝΗΜΑ
1086 1442 1176 1470 TIKH

182 1531 336 1596 ΕΙΣ
378 1531 568 1598 ΤΟΝ
615 1533 1145 1601 ΠΡΟΦΗΤΗΝ
1187 1536 1646 1609 ΑΓΓΑΙΟΝπ

444 1773 527 1864 S.
599 1776 697 1861 P.
775 1776 876 1863 Ν.

948 1772 1385 1865 CYBIL'LI

647 1935 882 1964 ALEXANDRIE
916 1935 1180 1963 ARCHIEPISCOPI

265 2033 327 2078 IN
363 2032 624 2078 AGGJEUM
663 2032 1031 2080 PROPHETAM
1069 2032 1566 2080 COMMENTARIUS.

399 2228 602 2256 ΠΡΟΟΙΜΙΟΝ.

143 2286 182 2314 Α’.
205 2286 260 2322 Τῆς
291 2286 419 2321 ’Λγγαίου
450 2286 618 2322 προφητείας
644 2286 689 2312 τὸν
720 2286 821 2313 σκοπὸν
851 2287 894 2321 ἐφ’

107 2333 212 2368 ἑτέροις
236 2333 291 2360 τισὶ
307 2333 438 2368 γεγονότα
458 2333 628 2368 ἀορήσαιμεν
659 2332 706 2363 ἂν,
722 2333 768 2358 καὶ
785 2333 835 2359 οὐκ
852 2333 895 2367 ἐφ’

107 2377 147 2411 οἷς
166 2379 199 2406 ἂν
215 2379 296 2405 οἴοιτό
319 2388 360 2411 τις
375 2379 437 2410 τοὺς
454 2378 530 2414 παρὰ
547 2379 601 2405 τῶν
616 2378 715 2412 ἑτέρων
728 2379 894 2414 γεγενῆσθαι

108 2425 214 2460 λόγους.
236 2425 314 2460 Ὠσηὲ
336 2425 385 2460 μὲν
412 2425 467 2461 γὰρ
486 2425 534 2451 καὶ
549 2426 574 2451 οἱ
591 2425 719 2460 καθεξῆς,
739 2425 819 2460 μέχρι
847 2426 895 2452 Σο-

110 2471 214 2506 φονίαν,
239 2471 274 2498 τὰ
296 2473 352 2503 τοῖς
373 2471 510 2502 Ἰουδαίοις
529 2471 601 2498 κατὰ
624 2472 737 2507 καιροὺς
755 2471 896 2507 συμϐησό-

112 2526 179 2553 μενα
193 2517 431 2553 προαπήγγελλον,
447 2515 495 2544 καὶ
513 2517 551 2549 ὡς
572 2517 633 2544 ὅσον
650 2516 726 2544 οὔπω
746 2518 898 2554 παρεσομέ-

111 2573 164 2591 νων
172 2564 264 2595 αὐτοῖς
275 2564 329 2590 τῶν
337 2563 386 2598 τῆς
400 2563 586 2598 αἰχμαλωσίας
597 2563 711 2599 καιρῶν,
719 2563 897 2599 ἐκδείματοῦν

112 2610 271 2646 ἐπεχείρουν
292 2610 337 2636 τὸν
356 2609 475 2645 Ἰσραὴλ,
499 2609 555 2636 ἄνω
569 2618 598 2636 τε
617 2610 664 2636 καὶ
686 2610 762 2636 κάτω
775 2609 824 2640 τὰς
843 2609 897 2635 τῶν

112 2657 238 2691 πολέμων
264 2656 442 2690 ὀνομάζοντες
461 2655 622 2689 φάλαγγας,
648 2655 697 2687 τὰς
720 2655 774 2682 τῶν
794 2655 898 2682 πόλεων

113 2702 283 2734 ἀναστάσεις,
302 2702 364 2732 τοὺς
381 2701 572 2737 ἐμπρησμοὺς,
593 2701 640 2732 τὰς
663 2701 828 2737 διαρπαγὰς,
850 2702 898 2728 καὶ

114 2748 223 2782 ἁπάσης
236 2747 264 2773 δὲ
281 2748 330 2781 τῆς
346 2747 438 2783 χώρας
457 2747 506 2782 τὴν
525 2746 636 2782 δῄωσιν,
650 2749 707 2778 τοῖς
719 2749 898 2782 καταφρονεῖν

114 2793 262 2829 ᾑρημένοις
278 2794 418 2828 χρησίμως
435 2793 718 2828 προππαγγὲλλοντες.
737 2794 831 2828 ’ᾨοντο
843 2794 898 2829 γὰρ

115 2840 164 2871 ὅτε,
186 2839 237 2866 κᾶν
261 2840 283 2866 εἰ
301 2839 338 2875 μὴ
357 2839 459 2866 ’ἕλοιντο
473 2838 592 2875 πληροῦν
614 2838 650 2870 ὡς
673 2838 700 2871 ἐξ
716 2838 821 2874 ἀγαθῆς
841 2838 897 2865 5:7.-

909 2234 931 2261 B

1192 2229 1275 2264 623
1289 2227 1498 2256 PROOEMIUM.

986 2288 1006 2314 Ι.
1018 2286 1107 2314 Alimn
1116 2286 1225 2321 Aggmo,
1240 2293 1319 2320 quam
1339 2285 1445 2313 caeteris
1465 2285 1603 2319 prophetis
1622 2292 1732 2320 scopum

949 2334 1033 2361 fuisse
1056 2333 1235 2368 propositum,
1262 2339 1310 2358 nec
1332 2338 1393 2358 eum
1411 2332 1444 2358 de
1469 2331 1564 2358 iisdem
1585 2339 1645 2358 cum
1676 2331 1734 2358 aliis

950 2379 1030 2405 verba
1045 2377 1143 2409 facere,
1160 2378 1250 2405 videre
1271 2377 1340 2404 licet.
1354 2375 1439 2403 Oseas
1453 2377 1523 2404 enim
1539 2382 1565 2404 et
1582 2378 1626 2412 qui
1640 2379 1735 2406 ordine

950 2428 1109 2458 sequuntur,
1128 2431 1212 2456 usque
1223 2423 1257 2450 ad
1272 2423 1449 2458 Sophoniam,
1467 2423 1565 2450 JlltitPiS
1582 2424 1645 2450 oliui
1659 2432 1736 2452 even-

949 2474 1007 2496 tura
1033 2469 1259 2503 prtenuntiabant,
1287 2474 1314 2496 et
1343 2469 1479 2496 lsraelitas
1512 2469 1663 2504 utiamjam
1708 2471 1734 2497 in

949 2515 1130 2550 captivitatem
1148 2515 1322 2542 abducendos
1339 2521 1491 2550 perterrere
1506 2516 1660 2550 studebant,
1676 2517 1734 2543 bel-

949 2562 1013 2588 licas
1026 2561 1117 2594 copias
1132 2560 1234 2594 passim
1251 2569 1444 2595 rnemorantes,
1471 2562 1578 2590 urbium
1618 2563 1735 2596 excidia,

949 2607 1179 2642 depopulationes,
1210 2611 1238 2633 et
1267 2601 1348 2636 totius
1376 2609 1496 2643 regionis
1523 2610 1735 2637 devastationem

948 2653 1180 2688 contemptoribus
1193 2653 1295 2680 utiliter
1306 2659 1369 2681 ante
1380 2655 1581 2683 denuntiantes.
1596 2655 1736 2682 Rebantur

949 2701 1029 2731 enim.
1043 2701 1148 2728 tametsi
1161 2700 1231 2727 bona
1245 2705 1334 2727 mente
1348 2701 1403 2728 Deo
1421 2707 1498 2734 grata
1512 2701 1628 2733 efﬁcere,
1642 2707 1668 2728 et
1680 2702 1735 2728 lau~

951 2747 1084 2775 dabilibus
1099 2746 1195 2774 studiis
1209 2753 1270 2773 sese
1296 2746 1394 2775 dedere
1427 2749 1620 2779 detrectarent,
1646 2752 1736 2774 tamen

953 2792 1113 2820 calamitatis
1124 2791 1337 2826 magnitudinem
1350 2792 1516 2826 aliquantum
1547 2791 1738 2818 rcl'ortnidatu-

955 2847 1008 2867 ros.
1023 2838 1136 2874 Aggaeus
1152 2842 1252 2870 autem,
1268 2842 1296 2865 ut
1309 2837 1474 2873 temporibus
1499 2836 1663 2871 captivitatis
1680 2834 1736 2870 jam
