1917 3038
185 124 252 151 [0‘26

691 124 719 152 S.
741 123 877 155 CYRILLI
897 119 1129 149 ALEXANDRINI
1151 118 1311 147 ARCHIEI".

1738 113 1809 141 τοτε

184 183 338 217 praeteritis,
366 186 391 209 et
419 182 516 210 lsraele
539 190 553 209 a
580 183 669 210 Persis
697 184 778 219 627
798 188 824 211 et
839 182 922 209 Medis
937 182 962 208 in

1031 180 1089 210 οίας
1104 181 1134 205 τὸ
1149 178 1260 205 ἁνδὰνον
1281 176 1350 212 Θεῷ,
1374 176 1421 202 καὶ
1445 175 1499 202 τῶν
1514 176 1553 206 εἰς
1568 174 1679 209 ἄμεινον
1696 172 1806 209 ἔχεσθαι

184 233 304 255 sanctam
329 229 464 255 civitatem
498 236 622 261 reverso,
647 230 798 263 liujnsmodi
820 230 852 256 de
879 228 968 255 causis

185 275 265 300 verba
284 273 357 300 facit.
373 273 507 301 Liberavit
521 281 568 302 eos
591 275 721 302 servitute
734 274 830 309 Cyrus,
854 279 881 301 et
894 274 979 301 ab|a-,

185 320 220 345 tis
234 326 324 345 secum
342 319 426 345 sacris
443 319 513 346 vasis
539 321 647 346 domum
678 320 777 350 redire,
795 320 969 354 divinumque

187 363 314 396 templum
331 362 525 399 Hierosolymis
554 365 729 397 remdiﬁcare,
753 370 833 399 atque
861 366 970 399 insuper

187 408 270 440 ipsam
287 408 391 441 urbem,
414 409 435 435 si
452 409 557 442 liberet,
581 410 715 437 tut‘enibus
739 411 847 445 cingere
877 410 968 444 jussit.

187 453 262 486 Quod
275 462 335 481 eum
355 454 411 481 ﬁeri
438 460 554 489 emptum
574 462 657 488 esset,
685 456 795 490 etjacta
809 457 864 492 jam
883 458 970 492 prima

188 499 277 533 templi
293 499 476 532 l'tmdamenta,
496 501 595 528 invidia
609 501 738 528 stimulati
765 503 875 536 quidam
890 510 905 529 ο
918 502 970 529 Sa-

187 545 281 575 maria.
307 544 430 571 Belemus
457 553 517 571 cum
550 546 639 578 sociis,
666 546 799 573 lsraelitas
824 547 970 579 deferunt,

187 596 250 623 erga
263 589 466 624 Babyloniorum
488 597 578 623 regem
591 590 804 617 benevolentiam
827 591 969 625 ﬁngentes,

188 631 402 668 Hierosolymam
419 634 451 660 ad
464 641 537 660 arma
553 635 736 667 descendisse,
767 640 794 662 et
812 636 970 662 indomitam

187 679 316 710 evasisse,
334 687 365 706 ac
381 680 414 706 de
425 684 522 706 caetero
534 680 598 714 ipsis
613 680 754 707 Persarum
775 681 883 714 regibus
902 680 971 707 into.

188 724 324 751 lerabilem
342 724 399 752 fore
413 725 544 752 dicentes.
561 725 661 752 Deinde
676 727 789 752 suadent
821 726 858 752 uti
872 725 972 753 Judzcis

188 772 366 798 Cessationem
380 772 502 805 imperet,
514 776 541 799 et
554 779 641 806 neque
654 771 781 805 templum
798 771 887 799 denuo
897 772 971 798 exci-

190 822 258 849 tare,
283 824 369 851 neque
394 817 427 843 ad
457 817 530 844 urbis
556 817 779 844 instaurationem
812 817 968 845 incumbere

1019 225 1242 259 σπουδασμάτων,
1266 223 1323 250 ἀλλ’
1347 220 1393 249 οὖν
1418 221 1527 248 ἔσεσθαι
1547 221 1685 251 τοιούτους
1708 218 1739 245 τὺ
1758 220 1807 250 τῆς

1021 272 1162 306 συμφορᾶς
1182 269 1297 305 μέγεθος
1314 268 1539 304 ὕποφρίττοντας.
1560 266 1690 300 Ἀγγαίὀς
1705 273 1738 299 γε
1755 264 1807 299 μὴν

1019 318 1056 348 ὡς
1073 316 1274 351 τετελεσμένων
1292 315 1342 350 ἤδη
1353 315 1407 341 τῶν
1423 314 1472 349 τῆς
1486 312 1676 348 αἰχμαλωσίας
1689 311 1807 346 καιρῶν,

1020 363 1067 389 καὶ
1080 363 1118 394 εἰς
1132 362 1181 396 τὴν
1197 361 1278 395 ἁγίαν
1295 361 1372 387 πόλιν
1389 359 1622 395 ἀνακομισθέντος
1635 358 1683 384 τοῦ
1700 356 1809 392 Ἰσραὴλ

1020 410 1053 435 ἐκ
1068 409 1117 444 τῆς
1134 407 1245 443 Περσῶν
1259 416 1287 434 τε
1302 408 1348 433 καὶ
1370 406 1481 441 Μήδων,
1503 405 1618 431 ποιεῖται
1633 404 1697 434 τοὺς
1710 403 1809 436 λόγους

1021 454 1064 480 ἐπ’
1083 453 1182 484 αἰτίαις
1207 452 1356 483 τοιαύταις.
1379 452 1476 485 Ἀνῆκε
1496 450 1545 484 μὲν
1565 449 1619 484 γὰρ
1641 448 1740 478 αὐτοὺς
1762 447 1810 481 τῆς

1022 498 1210 533 αἰχμαλωσίας
1231 499 1244 524 ὁ
1258 497 1358 532 Κύρος,
1384 497 1430 522 καὶ
1450 494 1519 530 ὁμοῦ
1539 495 1594 525 τοῖς
1617 493 1730 519 σκεύεσι
1755 493 1811 523 τοῖς

1023 545 1104 579 ἱεροῖς
1118 544 1209 571 οἴκαδέ
1227 553 1256 569 τε
1275 544 1342 569 ίὲναι
1363 542 1544 577 προστέταχε,
1559 541 1605 567 καὶ
1615 540 1661 566 τὸν
1678 539 1750 565 θεῖον
1764 536 1812 564 αὖ-

1023 590 1063 621 θις
1079 589 1276 623 ἀναδείμασθαι
1288 588 1366 619 νεὼν,
1378 588 1424 614 τὸν
1440 587 1467 614 ἑν
1484 595 1516 621 γε
1530 588 1586 618 τοῖς
1601 584 1811 621 Ἱεροσολύμοις,

1022 635 1070 661 καὶ
1092 634 1160 668 πρὸς
1177 634 1215 660 ἔτι
1231 633 1317 668 τούτῳ
1333 633 1378 659 καὶ
1401 632 1500 666 αὐτὴν,
1516 633 1539 658 εί
1554 632 1666 662 ἕλοιντο,
1683 629 1814 664 τειχίζειν

1022 679 1071 715 τὴν
1089 680 1174 706 πόλιν.
1191 677 1227 706 Οὗ
1241 679 1272 714 δὴ
1290 679 1433 712 γεγονότος
1445 698 1452 710 ,
1478 678 1524 704 καὶ
1538 677 1567 703 ὲν
1590 675 1716 711 πρώταις
1737 675 1815 706 ὄντος

1023 725 1185 757 καταϐολαῖς
1207 725 1252 751 τοῦ
1267 724 1331 751 ναοῦ
1342 744 1350 756 ,
1375 723 1626 757 διαπεφθονηκότες
1641 722 1696 748 τῶν
1712 723 1742 748 ἐν
1762 721 1815 746 Σα-

1025 771 1126 806 μαρείᾳ
1137 771 1220 802 τινὲς,
1235 770 1372 805 Βήλαιμός
1386 778 1416 796 τε
1433 769 1479 795 καὶ
1496 770 1521 794 οἱ
1535 769 1603 803 ἀμφ’
1619 768 1713 800 αὐτὸν,
1724 775 1813 793 κατα-

1023 816 1158 850 γράψουσι
1180 814 1233 841 τῶν
1255 815 1285 846 ἐξ
1313 814 1432 849 Ἰσραὴλ,
1456 814 1506 849 τὴν
1528 814 1568 844 είς
1588 812 1742 848 κρατοῦντα
1761 811 1816 837 τῶν

189 862 270 888 sinat.
301 861 359 889 Non
385 861 422 888 ita
441 861 553 888 nmltmn
583 861 735 888 intercessit
754 862 893 895 temporis,
909 869 970 888 eum

1030 861 1202 887 Βαϐυλωνίων
1217 859 1321 886 εὔνοιαν
1349 861 1386 895 (1)
1404 859 1639 894 ὑποπλαττόμενοι
1650 879 1657 891 ,
1673 858 1819 892 φιλοπόλε-

189 907 286 934 Darius
315 913 424 940 regnum
448 906 558 939 excipit,
573 909 600 932 et
620 905 675 940 jam
701 912 801 932 annum
825 905 972 932 secundum

189 955 328 987 regnabat.
343 951 474 984 Quoniam
504 959 566 978 vero
596 950 682 978 Judwi
706 951 814 985 quidam
838 951 975 986 Babylone

190 1002 329 1024 versantes
357 997 469 1031 genibus
494 995 570 1023 ﬂexis
598 996 755 1030 suppliciter
780 997 912 1031 rogabant
934 997 972 1024 uti

190 1039 318 1074 templum
333 1041 452 1066 excitare
472 1039 513 1067 fas
527 1044 609 1072 esset,
632 1039 768 1067 mandavit
781 1041 890 1073 Darius,
907 1041 976 1069 seri-

189 1086 294 1120 psitque
308 1086 390 1113 totius
401 1086 546 1113 Plimnicia:
558 1086 767 1121 magistratibus,
784 1094 816 1114 ne
828 1086 934 1114 Iudaeos
949 1087 974 1114 in

191 1131 287 1165 templo
309 1130 484 1158 instaurando
496 1131 666 1165 impedirent,
684 1131 748 1166 quin
775 1137 803 1159 et
824 1133 976 1168 sumptibus

191 1175 366 1210 pecuniisque
381 1176 529 1203 liberaliter
539 1175 674 1209 juvarent,
690 1180 715 1203 et
725 1176 822 1204 cedros
833 1177 865 1203 de
874 1177 976 1204 Libano

190 1222 305 1249 avehere
315 1222 422 1255 impune
438 1222 566 1255 sinerent,
582 1227 611 1248 ut
629 1223 700 1249 nulla
717 1231 746 1250 re
759 1224 912 1250 necessaria
927 1224 975 1251 de-

190 1268 316 1300 siderata,
336 1267 414 1295 facile
429 1268 557 1302 deinceps
580 1268 784 1303 perﬁcerentur,
808 1278 867 1305 qua:
880 1271 911 1297 ad
928 1271 977 1297 ho-

191 1323 284 1342 norent
299 1320 325 1342 et
353 1315 466 1350 gloriam
496 1314 543 1342 Dei
567 1315 744 1349 pertinerent.
759 1316 893 1343 Caeterum
913 1317 976 1351 quia

191 1367 316 1388 accurate
329 1366 356 1389 et
372 1362 511 1396 perspicue
545 1361 656 1389 historia
679 1361 745 1389 libro
768 1362 854 1397 primo
886 1362 978 1389 Esdra}

194 1407 329 1441 descripta
341 1412 391 1438 est.
406 1415 634 1441 supervacaneum
649 1408 777 1440 arbitror,
791 1409 817 1434 in
835 1409 977 1442 prieseutia

192 1453 320 1479 subtilius
336 1453 422 1480 dehis
436 1454 577 1480 disserere.
590 1454 682 1487 Itaque
697 1461 756 1480 eum
777 1454 832 1488 jam
850 1453 978 1481 lsraelitis

193 1499 342 1532 laborandi,
365 1499 447 1526 divini
475 1499 566 1534 templi
590 1500 751 1532 aediﬁcandi,
776 1505 802 1527 et
844 1501 976 1527 sacrilieia

193 1545 364 1577 conﬁciendi,
376 1550 403 1573 et
422 1553 515 1580 preces
531 1531 661 1578 -obeundi,
682 1550 709 1573 et
741 1547 888 1574 secundum
911 1546 978 1580 legis
992 1531 1013 1560 θ’

194 1591 315 1618 instituta
339 1591 445 1618 vivendi
455 1596 574 1626 potestas
585 1592 737 1626 obtigisset,
761 1593 889 1619 socordes
915 1599 977 1619 eva-

192 1637 302 1670 debant,
320 1645 396 1665 suam
414 1639 464 1666 sibi
493 1638 606 1673 quisque
636 1638 744 1665 domum
759 1638 827 1665 bene
840 1643 976 1670 curantes,

193 1687 221 1709 et
240 1683 402 1710 omnimodis
417 1684 449 1711 ad
465 1684 567 1717 privata
582 1683 777 1711 oblectamenta
795 1683 881 1716 elTusi,
902 1689 929 1710 et
945 1684 978 1711 ad

195 1729 242 1757 Dei
261 1729 373 1764 gloriam
393 1730 539 1764 spectantia
571 1730 646 1764 parvi
672 1730 814 1757 admodum
838 1731 978 1762 ducentes,

195 1783 301 1803 rursum
318 1783 332 1802 a
345 1775 410 1808 Deo,
425 1783 477 1802 non
492 1776 599 1810 quidem
616 1775 696 1808 bello,
715 1776 760 1802 sed
776 1782 860 1810 peste,
879 1781 904 1803 et
921 1776 978 1802 fru~

195 1829 256 1855 gum
273 1822 394 1856 penuria,
409 1825 436 1848 et
453 1821 560 1848 interitu
583 1821 768 1856 jumentorum
799 1821 869 1849 male
881 1822 978 1849 multa-

195 1868 303 1894 bantur.
323 1866 475 1895 Emendare
491 1867 563 1895 enim
580 1867 639 1895 illos
659 1868 778 1901 volebat,
790 1875 842 1895 non
861 1875 909 1902 pro
935 1875 979 1894 ra-

196 1913 268 1941 tione
282 1912 440 1941 delictorum
456 1913 544 1948 poanis
563 1921 610 1941 eos
623 1913 782 1947 subjieicns.
798 1914 844 1940 sed
860 1913 940 1940 simul
952 1919 981 1940 ut

196 1959 275 1986 malis
289 1959 408 1987 defessos
420 1960 564 1991 miserans,
578 1964 604 1987 et
620 1960 700 1987 simul
716 1968 749 1987 ex
764 1960 897 1987 cbaritate
924 1968 982 1987 eor-

197 2004 297 2039 rigens.
310 2004 383 2038 llaac,
399 2010 427 2031 ut
438 2004 556 2032 breviter
566 2006 690 2040 exposui,
703 2010 745 2031 est
763 2004 852 2039 Aggzei
872 2005 984 2039 prophe-

198 2049 241 2076 tiae
256 2050 372 2077 occasio.
387 2050 464 2077 Mista
489 2057 532 2078 est
557 2050 657 2082 oratio,
674 2054 700 2077 et
716 2050 742 2076 in
762 2051 830 2077 actis
849 2050 983 2085 dictisque

200 2095 336 2123 historicis
354 2097 470 2131 mystica
489 2102 515 2124 et
537 2097 630 2123 intima
648 2096 887 2131 spiritualibusque
919 2104 984 2123 cott-

200 2141 311 2168 veniens
327 2142 464 2168 meditatio
479 2141 634 2168 abscondita
648 2141 722 2169 latet.

201 2187 249 2213 καὶ
282 2185 389 2222 κτηνῶν
433 2186 627 2220 καταφθοραίς.
659 2187 798 2221 Ἀμείνους
827 2186 881 2222 γὰρ
920 2187 999 2222 ἤθελε

200 2238 305 2267 ποιναῖς
327 2235 483 2269 ὑποφέρων,
511 2233 567 2259 ἀλλ’
588 2233 655 2267 ὁμοῦ

1027 906 1076 941 μόν
1098 914 1128 932 τε
1158 906 1204 932 καλ¹
1224 906 1390 940 δυσάντητον
1413 904 1579 939 γεγενῆσθαι
1612 904 1742 937 λέγοντες
1766 901 1816 937 τὴν

1031 951 1217 987 Ἰερουσαλὴμ,
1235 952 1283 978 καὶ
1299 951 1390 982 αὐτοῖς
1409 951 1441 985 δὴ
1456 952 1512 982 τοῖς
1526 949 1640 985 Περσῶν
1658 949 1822 984 βασιλεῦσιν

1026 998 1172 1032 ἀφόρητον.
1204 995 1270 1023 Εἶτα
1302 996 1427 1023 πείθουσι
1459 996 1611 1031 προστάξαι
1645 995 1818 1030 κατηρεμεῖν

1032 1043 1175 1075 Ἰουδαίους
1191 1063 1198 1076 ,
1214 1043 1262 1070 καὶ
1278 1044 1346 1078 μήτε
1365 1042 1410 1069 τὸν
1431 1041 1499 1069 νεὼν
1523 1042 1641 1076 ἐγείρειν
1661 1042 1702 1067 ἐτι
1714 1061 1722 1073 ,
1748 1041 1819 1076 μήτε

1028 1089 1080 1124 μὴν
1093 1090 1141 1124 τῆς
1155 1090 1195 1120 είς
1210 1090 1259 1124 τὴν
1272 1089 1349 1115 πόλιν
1363 1088 1475 1124 ἔχεσθαι
1491 1088 1643 1123 φιλεργίας.
1662 1087 1772 1121 Ὀλίγον
1790 1086 1823 1112 δὲ,

1028 1135 1129 1170 μεταξὺ
1150 1135 1324 1166 διελάσαντος
1349 1136 1464 1170 χρόνου,
1487 1134 1638 1169 διαδέχεται
1663 1134 1714 1168 τὴν
1741 1132 1819 1167 βασι-

1027 1181 1099 1208 λείαν
1117 1183 1131 1208 ὁ
1147 1183 1277 1216 Δαρεῖος“
1303 1181 1349 1208 καὶ
1371 1179 1405 1216 ἦν
1430 1181 1478 1216 μὲν
1498 1180 1557 1212 ἐτος
1579 1180 1654 1215 αὐτῷ
1678 1179 1818 1214 δεύτερον.

1034 1226 1142 1262 Ἐπειδὴ
1154 1227 1182 1252 δὲ
1198 1227 1251 1254 τῶν
1264 1227 1292 1253 ἐν
1307 1226 1448 1253 Βαϐυλῶνί
1463 1235 1534 1258 τινες
1557 1226 1689 1253 Ἰουδαίων
1701 1225 1822 1261 προσπί·

1027 1281 1140 1304 πτοντες
1155 1272 1302 1308 ὲλιπάρουν
1323 1273 1428 1299 ἀνεῖναι
1449 1272 1541 1299 λοιπὸν
1556 1272 1601 1298 τὸν
1624 1272 1695 1298 θεῖον
1713 1272 1820 1307 ἐγεῖραι

1028 1318 1102 1350 ναὸν,
1125 1319 1306 1353 προσέταττεν
1320 1320 1334 1345 ὁ
1360 1319 1472 1354 Δαρεῖος
1483 1337 1491 1350 ,
1507 1318 1630 1353 γέγραφε
1646 1318 1675 1344 δὲ
1691 1320 1748 1349 τοῖς
1768 1318 1822 1344 ἀνὰ

1028 1365 1117 1391 πᾶσαν
1129 1365 1177 1400 τὴν
1191 1365 1317 1399 Φοινίκην
1329 1364 1450 1390 διέπουσι
1464 1364 1513 1396 τὰς
1528 1364 1625 1399 ἀρχὰς,
1642 1365 1711 1399 μήτε
1730 1363 1822 1399 ἐξείρο

1028 1418 1087 1444 γειν
1108 1410 1265 1442 Ἰουδαίους,
1282 1411 1305 1436 εί
1318 1409 1448 1445 ἀνορθοῦν
1461 1410 1562 1436 ἕλοιντο
1577 1410 1622 1435 τὸν
1637 1418 1664 1437 νε
1674 1409 1723 1442 ὼν,
1750 1408 1823 1435 ἀλλὰ

1028 1457 1075 1482 καὶ
1090 1456 1239 1491 χρημάτων
1255 1455 1492 1490 ὲπιδαψιλεύεσθαι
1507 1456 1649 1491 χορηγίαν,
1660 1456 1710 1482 καὶ
1725 1455 1775 1487 τὰς
1788 1456 1819 1481 ἐν

1029 1500 1067 1536 τῷ
1083 1501 1192 1535 Λιϐάνῳ
1208 1501 1320 1536 κέδρους
1341 1501 1557 1536 ἀποκομίζεσθαι
1580 1502 1644 1536 παρ’
1668 1501 1758 1528 αὐτῶν
1774 1501 1827 1527 ἀν-

1031 1547 1200 1581 εμποδίστως
1215 1547 1272 1581 ἐᾷν,
1283 1546 1321 1578 ὡς
1336 1547 1379 1580 ἂν,
1392 1547 1497 1578 οὐδενὸς
1508 1547 1643 1579 ἐνδέοντος
1655 1546 1708 1573 τῶν
1719 1547 1758 1578 είς
1772 1546 1823 1582 τὴν

1032 1592 1137 1627 χρείαν,
1166 1592 1256 1624 αὺτοῖς
1283 1592 1510 1627 ἀποπεραίνοιντο
1532 1593 1627 1619 λοιπὸν
1648 1592 1769 1623 εὐκόλως
1787 1591 1824 1618 τὰ

1032 1638 1072 1668 εἰς
1095 1638 1179 1672 τιμήν
1204 1645 1234 1663 τε
1259 1638 1306 1664 xui.
1330 1637 1408 1670 δόξαν
1432 1637 1509 1664 Θεοῦ,
1538 1637 1695 1672 Εἰρημένης
1723 1637 1751 1663 δὲ
1771 1636 1824 1671 τῆς

1034 1684 1154 1719 ἱστορίας
1169 1683 1276 1716 λεπτῶς
1293 1685 1340 1710 καὶ
1354 1684 1448 1717 σαφῶς
1461 1685 1490 1710 ἐν
1504 1685 1537 1719 τῇ
1553 1683 1649 1718 πρώτη
1664 1683 1711 1709 τοῦ
1721 1682 1827 1717 Ἔσδρα

1032 1731 1192 1765 συγγραφῇ,
1218 1730 1345 1765 περιττὸν
1370 1728 1446 1764 οἶμαί
1476 1739 1527 1756 που
1552 1731 1582 1756 τὸ
1600 1729 1766 1764 ίσχνολογεῖν
1793 1729 1829 1754 ἐνί

1031 1775 1136 1807 τούτοις
1158 1776 1198 1807 εἰς
1219 1776 1249 1802 τὸ
1267 1775 1364 1810 παρόν.
1387 1775 1491 1802 Οὐκοῦν
1508 1775 1656 1810 ἐπειδήπερ
1678 1773 1744 1808 ἐξῆν
1772 1772 1824 1807 ἤδη

1033 1824 1123 1848 πονεῖν
1144 1823 1200 1853 τοῖς
1220 1821 1250 1853 ἐξ
1269 1821 1376 1857 Ἰσραὴλ
1389 1840 1396 1852 ,
1420 1821 1467 1848 καῖ
1490 1821 1537 1847 τὸν
1563 1820 1634 1846 θεῖον
1651 1818 1825 1854 ἐργάσασθαι

1031 1868 1109 1901 νεὼν,
1123 1868 1298 1904 ἀποπληροῦν
1308 1877 1336 1895 τε
1353 1868 1448 1899 θυσίας
1467 1868 1515 1895 καὶ
1528 1867 1613 1899 λιτὰς,
1627 1866 1675 1893 καὶ
1687 1867 1743 1897 τοῖς
1754 1864 1826 1891 κατὰ

1033 1915 1113 1950 νόμον
1131 1915 1202 1941 ἔθεσι
1218 1914 1419 1946 πολιτεύεσθαι,
1434 1913 1606 1949 κατημέλουν
1618 1913 1643 1939 οι
1659 1913 1689 1945 ἐξ
1702 1911 1824 1946 Ἰσραὴλ,

1033 1958 1062 1986 εὖ
1093 1960 1213 1992 τιθέντες
1241 1960 1356 1991 ἕκαστος
1380 1959 1428 1995 τὴν
1451 1960 1565 1990 οίκείαν,
1589 1958 1636 1984 καὶ
1660 1957 1706 1984 ἐπί
1731 1965 1764 1990 γε
1794 1955 1826 1982 τὺ

1034 2005 1126 2039 σφίσιν
1154 2005 1245 2037 αὐτοῖς
1263 2005 1311 2040 ἡδύ
1329 2013 1358 2031 τε
1376 2006 1422 2032 καὶ
1438 2005 1514 2039 φίλον
1530 2004 1683 2039 ὁλοτρόπως
1699 2004 1827 2029 ἐκνενευ-

1034 2051 1121 2084 κότες,
1140 2051 1185 2078 καὶ
1199 2052 1227 2077 ἐν
1242 2051 1350 2086 σμικρῷ
1366 2051 1463 2086 κομιδῇ
1481 2050 1640 2086 ποιούμενοι
1654 2049 1727 2083 λόγῳ
1738 2048 1774 2074 τὰ
1786 2048 1826 2078 εἰς

1034 2097 1113 2129 δόξαν
1136 2096 1220 2129 Θεοῦ,
1246 2096 1424 2132 κατῃκίζοντο
1449 2097 1529 2123 πάλιν
1553 2096 1621 2123 Θεοῦ
1649 2095 1824 2131 πλήττοντος,

1035 2143 1146 2178 πολέμῳ
1162 2143 1210 2177 μὲν
1227 2143 1297 2178 οὐχὶ,
1310 2144 1412 2178 λοιμοῖς
1424 2142 1452 2168 δέ
1470 2143 1579 2177 μᾶλλον,
1598 2142 1645 2168 καὶ
1660 2140 1826 2176 ἀκαρπίαις.

1035 2189 1187 2220 ἀποτελεῖν,
1219 2189 1249 2214 οὐ
1278 2190 1340 2220 ταῖς
1377 2189 1532 2224 ἰσορρόπως
1561 2187 1616 2214 τῶν
1648 2186 1827 2221 πταισμάτων

696 2233 745 2267 μὲν
766 2234 804 2265 ὡς
826 2235 1000 2268 κεκμηκότας
1019 2235 1112 2268 ἐλεῶν,
1137 2235 1205 2270 ὁμοῦ
1227 2235 1255 2262 δέ
1283 2235 1363 2262 πάλιν
1387 2235 1424 2266 ὡς
1456 2235 1485 2268 ἐξ
1507 2235 1618 2270 ἀγάπης
1658 2232 1826 2268 ἐπανορθῶν.

199 2280 272 2316 Αὕτη
296 2281 346 2315 τῆς
370 2279 496 2312 Ἀγγαίου
520 2278 688 2312 προῳητείας
712 2279 750 2310 ὡς
780 2280 809 2305 ὲν
835 2279 935 2314 ὀλίγοις
962 2281 978 2316 ἡ
1018 2281 1162 2317 πρόφασις.
1181 2281 1390 2316 Μέμικταιδὲό
1423 2281 1511 2315 λόγος,
1528 2281 1647 2311 καὶτοῖς
1662 2277 1827 2314 πεπραγμέ-

199 2336 253 2358 νοις
269 2335 299 2353 τε
315 2327 364 2353 καὶ¹
384 2325 539 2361 εἰρημένοις
557 2325 701 2361 ἱστορικῶς
730 2327 746 2362 ὴ
766 2328 882 2361 μυστιχή
904 2335 933 2353 τε
954 2328 1001 2354 καὶ
1019 2328 1142 2362 ὲσωτάτη
1176 2328 1223 2354 καὶ
1240 2328 1384 2363 πρέπουσα
1410 2329 1466 2358 τοῖς
1490 2327 1686 2362 πνευματικοῖς
1709 2324 1816 2360 ἐγκὲχω

201 2383 261 2401 σται
277 2373 388 2409 θεωρία.

480 2440 564 2475 628
579 2439 654 2467 CAP.
675 2439 695 2467 ι.

235 2507 317 2535 Vens.
348 2507 373 2533 1.
396 2506 429 2533 In
457 2507 569 2533 secundo
595 2515 664 2533 anno
691 2507 736 2532 sub
769 2506 849 2532 Dario
873 2514 942 2540 rege,
961 2507 989 2533 in

200 2563 286 2582 mense
301 2559 383 2586 sexto,
398 2562 449 2580 una
465 2554 570 2585 mensis,
584 2553 683 2586 factum.
709 2558 744 2579 est
761 2553 865 2578 verbum
879 2552 985 2579 Domini

201 2602 228 2628 in
244 2601 420 2635 mauuAggwi
438 2600 582 2634 prophetw,
598 2600 697 2626 dicens.

235 2691 266 2719 ll.
281 2692 366 2726 Supra
380 2691 469 2721 docui,
487 2689 669 2717 lsraelitarum
691 2689 821 2721 desidiam
844 2689 870 2715 in
888 2688 987 2722 templo

202 2739 388 2765 rcmdilicando
403 2737 585 2764 excusabilem
603 2735 699 2768 fuisse,
720 2735 810 2762 ablata
829 2735 893 2769 ipsis
911 2740 987 2769 pote—

1342 2436 1467 2463 ΚΕΦΔΛ.
1485 2436 1525 2463 Λ¹.

1079 2505 1131 2531 Ἐν
1145 2504 1185 2537 τῷ
1197 2504 1324 2537 δευτέρῳ
1345 2503 1404 2532 ἔτει
1430 2503 1479 2530 ἐπὶ
1506 2504 1628 2537 Δαρείου
1654 2504 1828 2537 βασιλέως,

1039 2553 1073 2579 ἐν
1087 2553 1127 2584 τῷ
1147 2552 1219 2587 μηνὶ
1249 2551 1287 2584 τῷ
1309 2551 1394 2584 ἕκτῳ,
1421 2551 1476 2586 μιᾷ
1498 2551 1552 2577 τοῦ
1571 2551 1688 2586 μηνὸς,
1713 2551 1830 2586 ἐγένετο

1039 2600 1127 2632 λόγος
1149 2598 1258 2632 Κυρίου
1277 2597 1313 2624 ἐν
1339 2597 1414 2632 χειρὶ
1444 2598 1577 2632 Ἀγγαίου
1594 2598 1648 2625 τοῦ
1659 2597 1829 2632 προφήτου,

1039 2643 1143 2678 λέγων.

1077 2689 1113 2716 Β’.
1129 2689 1238 2721 Φθάσας
1266 2689 1343 2724 ἔφην,
1360 2689 1397 2721 ὡς
1421 2686 1454 2724 ἦν
1470 2689 1626 2724 εὑάφορμος
1650 2691 1707 2720 τοῖς
1733 2689 1761 2721 ἐξ
1783 2689 1830 2715 Ἰσ-

1045 2735 1112 2771 ραὴλ
1124 2737 1140 2770 ἡ
1159 2736 1203 2762 ἐπί
1220 2744 1251 2770 γε
1267 2736 1306 2771 τῷ
1333 2735 1390 2770 ναῷ
1415 2734 1551 2770 ῥᾳθυμία,
1570 2734 1771 2770 παρῃρημένης
1787 2734 1831 2761 at)-

237 2827 431 2862 (l)Aubrrtus,
450 2827 553 2860 ἄνοιαν,
575 2830 602 2854 ct
619 2826 760 2862 interpres,
779 2825 904 2853 adversus
920 2825 1125 2861 Babyloniorum
1140 2834 1223 2861 regem
1239 2826 1354 2853 insanire
1368 2825 1601 2853 comminiscentcs.
1616 2824 1696 2853 Eul'r.
