1917 3038
85 136 159 166 1ῡέΞῖ

533 135 807 164 COMMENTARIUS
827 138 860 164 ΙΝ
882 138 1039 168 ΛΟΟᾸΞΕΜ
1049 139 1281 171 ,ΡΒΟΗΙΕΤΑΜ

1646 147 1713 175 ἱοὲϐ

83 197 141 223 “Iw
156 197 205 231 τῆς
223 195 362 228 ἐξουσίας,
381 195 429 222 καὶ
458 195 672 232 διεφθονηκότων
691 198 730 229 εἰς
757 198 835 224 τοῦτο
848 199 876 225 ἐν

928 205 998 227 state
1017 209 1049 228 ex
1067 202 1165 228 invidia
1180 203 1371 237 quorumdam,
1386 204 1431 239 qui
1455 205 1480 231 in
1498 205 1619 232 Samaria
1639 206 1714 233 hab:-

87 243 245 278 Σαμαρείᾳ,
274 242 403 276 πλείστην
429 250 457 267 τε
482 242 548 277 ὅσην
571 243 622 277 τῆς
641 243 817 278 Ἰερουσαλὴμ
830 253 878 270 πε-

84 289 246 323 ποιημένων
260 288 308 323 τὴν
324 280 492 323 κατάρῤησιν
506 289 582 323 παρά
604 290 637 322 γέ
646 290 702 320 τοῖς
715 289 748 315 τὰ
765 289 877 324 Περσῶν

85 333 208 360 ἱϐύνουσι
225 334 324 369 κράτη.
341 334 452 369 Δαρείου
469 342 500 367 γε
516 334 569 369 μὴν
585 334 645 366 ἔτος
663 335 713 370 ἤδη
738 335 878 370 τρίϐοντος

83 379 115 406 ὲν
126 381 162 414 τῇ
180 379 303 414 βασιλείᾳ
315 379 450 414 δεύτερον,
465 377 525 406 εἶτα
547 381 597 412 τῆς
624 381 766 416 φιλεργίας
787 382 878 413 αὐτοῖς

84 425 307 461 ἀπαραπόδιστόν
328 433 358 451 τε
374 425 420 451 καὶ
447 425 591 461 ἐλευθέραν
605 426 715 458 ἀνέντος
742 427 789 462 τὴν
800 428 876 460 ἐξου-

85 471 158 504 σίαν,
184 472 231 498 καὶ
259 472 325 507 δρᾷν
341 471 371 498 τὺ
385 471 480 498 δοκοῦν
502 472 700 506 ἐπιτεταχότος,
721 474 768 500 καὶ
795 474 877 500 ὁσίων

83 517 197 552 ἔχεσθαι
226 517 453 552 σπουδασμάτων,
478 518 746 553 προσαπονείμαντος
776 519 803 545 δὲ
829 519 876 546 καὶ

83 562 237 598 χρημάτων
248 562 359 598 πόρους,
368 562 523 598 εὐάφορμον
533 563 580 597 μὲν
590 563 640 590 οὐκ
650 563 725 590 ἔτιτὸ
735 563 874 599 ῥᾳθυμεῖν,

84 608 145 635 ἀλλ’
181 607 234 640 ἔξω
258 608 358 639 παντὸς
388 608 512 641 ἐφαίνετο
541 607 638 642 λόγου,
665 609 710 635 καὶ
735 610 875 644 ἀμήχανον

84 653 148 688 ἕχον
161 653 258 688 κομιδῇ
276 653 327 688 τὴν
357 653 465 688 σκῆψιν.
484 653 590 680 Γίνεται
603 654 691 680 τοίνυν
710 655 724 680 6
751 654 828 688 λόγος
845 655 875 682 ὲν

84 700 160 734 χειρὶ
181 699 320 733 Ἀγγαίου,
335 699 365 725 τὺ
393 699 420 725 δὲ
446 699 475 725 ἐν
496 699 567 734 χειρὶ
594 700 710 734 νοήσεις,
734 700 794 726 ἀντὶ
815 699 873 734 τοῦ,

82 745 396 782 διαχειρίζοιηος,ῆγουν
420 745 626 779 διακονουμένου
643 747 699 777 τοῖς
720 747 794 781 παρὰ
805 747 872 773 Θεοῦ

81 791 183 825 λόγοις,
197 791 243 818 καὶ
258 791 307 826 τὴν
322 791 371 826 τῆς
387 791 553 826 προφητείας
565 791 736 827 λειτουργίαν
749 794 872 828 ἐκπράτ-

80 845 185 868 τοντος.
204 836 427 871 Ἐπισημαίνεται
438 836 465 862 δὲ
478 837 620 872 χρησίμως
634 837 681 864 καὶ
703 839 799 870 αὐτοὺς
809 839 871 871 τοὺς

79 882 204 918 χρόνους,
218 881 278 908 καθ’
299 881 346 913 οὓς
359 883 373 907 6
399 883 510 917 Δαρεῖος
525 882 559 909 τὰ
585 883 672 909 τοιάδε
690 884 868 919 προστέταχε,

931 247 1033 276 labant,
1048 252 1075 274 et
1090 247 1304 283 Hierosolymam
1326 250 1395 283 apud
1411 249 1554 277 Persarum
1579 252 1715 286 principes

929 292 1088 325 gravissime
1104 295 1278 322 accusabant.
1305 294 1384 322 Dario
1407 301 1496 323 autem
1526 304 1626 333 annum
1657 298 1713 332 jam

928 338 1074 364 secundum
1090 345 1230 373 regnante,
1241 344 1279 372 et,
1290 341 1379 375 operis
1388 340 1501 368 faciendi
1512 342 1585 369 omni
1602 343 1714 377 impedi-

928 385 1141 417 mentosublato,
1154 385 1309 414 facultatem
1319 388 1500 422 permittente,
1519 396 1550 415 ac
1573 397 1620 423 pro
1645 389 1715 416 arbi-

929 434 1001 456 tratu
1016 437 1095 464 agerc
1117 437 1265 467 sanctaque
1278 434 1365 460 studia
1395 435 1520 468 prosequi
1533 435 1655 469 jubente,
1685 440 1713 462 et

927 474 1036 508 insuper
1048 476 1219 509 pecuniarum
1232 478 1338 505 modum
1352 479 1526 511 altribuente,
1537 480 1592 514 jam
1609 480 1710 507 desidia

927 521 1238 549 excusationcmbabere
1265 523 1430 556 probabilem
1465 532 1517 551 non
1539 529 1654 558 poterat,
1684 531 1712 553 et

927 565 996 600 quod
1020 571 1222 600 przetcxeretur,
1240 569 1335 595 rationi
1365 569 1475 596 minime
1500 575 1709 598 consentaneum

926 618 975 638 nec
995 611 1190 639 admittendum
1205 614 1362 647 apparebat.
1380 614 1495 642 Proinde
1513 617 1624 644 verbum
1643 617 1710 644 litin

924 664 1005 683 manu
1017 658 1119 692 Aggzei,
1139 665 1199 692 pro,
1214 665 1260 692 per
1272 659 1398 693 Aggzcum
1411 660 1611 694 administrum,
1650 663 1711 689 sive

923 701 1137 729 subservientem
1152 703 1242 730 verbis
1252 703 1309 735 Dei,
1321 705 1518 732 etvaticinandi
1531 706 1710 733 ministerium

922 753 1107 782 peragentem.
1117 748 1262 776 Commode
1275 751 1356 776 etiam
1369 756 1487 784 tempora
1497 751 1553 784 ipsa
1567 751 1710 785 significat,

922 794 1020 828 quibus
1036 793 1093 821 haec
1114 794 1209 823 Darius
1233 797 1399 831 praeceperit,
1426 796 1564 828 lsraelitis,
1591 802 1620 823 ut
1644 797 1710 828 dixi,

922 839 1105 873 imprudentes
1123 846 1148 868 et
1168 842 1261 869 inanes
1277 843 1436 870 cessationis
1464 851 1518 870 sum
1537 843 1712 878 purgationes

923 886 1009 912 denuo
1023 887 1180 920 przecidens.

79 927 305 963 προαποτὲμνων,
333 927 369 959 ὡς
389 926 468 962 ἔφην,
500 927 554 954 τῶν
578 928 608 960 ἐξ
631 929 739 964 Ἰσραὴλ
763 929 812 961 τὰς
838 930 884 956 ἐπί
903 938 934 964 γε
955 931 994 966 τῷ
1032 932 1163 968 ῥᾳθυμεῖν
1191 934 1298 961 ἐλέσοαι
1325 935 1405 962 πάλιν
1428 937 1573 968 ἀσυνέτους
1600 936 1710 972 εὑρεσι-

77 974 184 1009 λογίας.

115 1018 214 1046 Εἵπον
243 1018 317 1052 πρὸς
341 1017 506 1052 Ζοροϐάϐελ
520 1011 574 1045 τὸν
584 1019 636 1045 τοῦ
662 1018 815 1053 Σαλαθιὴλ
839 1019 872 1045 ἐκ

955 1017 1036 1045 VEns.
1054 1018 1081 1046 2.
1097 1019 1143 1045 Dic
1157 1024 1191 1046 ad
1207 1019 1353 1047 Zorobubel
1367 1021 1451 1054 ﬁlium
1462 1021 1631 1050 Salatltielde
1639 1027 1708 1052 lrtbu

79 1066 184 1101 φυλῆς
203 1065 309 1097 Ἰούδα,
327 1064 375 1090 καὶ
401 1063 475 1097 πρὸς
497 1064 617 1097 Ἰησοῦν
635 1064 689 1090 τὸν
705 1064 758 1091 τοῦ
781 1065 872 1091 Ἰωσε-

79 1112 145 1145 δὲκ,
158 1111 212 1138 τὸν
231 1111 310 1145 ιερέα
321 1110 374 1137 τὸν
389 1109 494 1144 μέγαν,
510 1110 617 1144 λέγων·
637 1110 711 1137 Τάδε
725 1110 806 1145 λέγει
818 1111 873 1137 Κύ-

76 1167 146 1192 ριος
161 1156 385 1190 παντοκράτωρ,
410 1155 525 1190 λέγων’
557 1157 588 1182 ’0
612 1156 687 1189 λαὸς
705 1154 794 1189 οὗτος
820 1157 871 1183 λέ-

80 1212 191 1240 τονσιν
203 1213 210 1220 ·
230 1205 290 1238 Οὐχ
307 1203 372 1237 ἥκει
386 1205 402 1230 ὁ
419 1203 520 1237 καιρὸς
541 1203 594 1230 τοῦ
608 1203 802 1238 οἰκοδομῆσαι
818 1203 872 1230 τὸν

81 1248 169 1277 οἶκον
186 1250 307 1284 Κυρίου.

118 1297 157 1323 Γ’.
183 1296 318 1331 Σαλαθιὴλ
340 1295 450 1330 γέγονεν
485 1295 608 1330 Ἰεχονίου
634 1296 700 1327 υἱὸς,
732 1297 763 1322 ἐκ
785 1295 871 1331 φυλῆς

82 1342 158 1374 ὄντος
179 1342 226 1368 καὶ
239 1342 354 1377 αἵματος
380 1341 425 1368 τοῦ
452 1341 542 1368 Δαϐίδ.
557 1341 657 1368 Τούτου
684 1342 732 1376 τὴν
748 1341 872 1376 βασιλίδα

80 1388 221 1419 διέποντος
249 1387 335 1423 ἀρχὴν
363 1388 392 1414 ὲν
419 1387 613 1422 Ἱεροσολύμοις
637 1388 682 1414 ἐπὶ
696 1387 741 1414 τὸν
759 1387 870 1420 Ἰούδαν,

81 1433 254 1469 πεπόρθηται
271 1433 318 1468 μὲν
332 1434 348 1468 ὴ
363 1433 448 1465 πόλις,
463 1433 589 1468 ἁπῲχετο
603 1433 630 1459 δὲ
658 1433 705 1459 καὶ
723 1433 776 1464 πᾶς
790 1434 803 1459 6
822 1434 871 1460 Ἰσ-

82 1480 152 1515 ραὴλ
167 1479 350 1514 αἰχμάλωτος,
367 1480 612 1514 καταπιμπράντος
629 1479 659 1505 τὸ
682 1479 808 1514 τηνικάδε
823 1479 870 1506 τοῦ

80 1525 316 1560 Ναϐουχοδονόσορ
329 1525 375 1552 καὶ
403 1525 484 1551 αὑτὸν
503 1525 549 1551 τὸν
573 1524 643 1551 θεῖον
661 1525 732 1556 ναὸν,
758 1525 870 1560 εῖληπτο

79 1571 108 1597 δὲ
124 1573 169 1598 καὶ
191 1571 272 1602 αὐτὸς
292 1571 436 1605 Ἰεχονίας,
453 1571 500 1598 καὶ
521 1570 588 1605 ὁμοῦ
611 1572 666 1602 τοῖς
690 1571 781 1602 ἄλλοις
814 1572 870 1606 αἰχ-

81 1616 206 1652 μάλωτος
218 1614 262 1651 ἦν·
279 1616 375 1650 Γέγονε
387 1615 415 1642 δὲ
424 1616 558 1651 Σαλαοιὴλ
570 1617 627 1648 υἱὸς
637 1617 799 1652 Ζοροϐάϐελ.
808 1617 870 1644 Τοι-

79 1663 177 1698 γάρτοι
195 1663 241 1689 καὶ
255 1663 488 1697 ὑπονοστήσαντος
510 1661 556 1689 τοῦ
583 1662 689 1698 Ἰσραὴλ
704 1664 733 1689 ἐν
756 1663 869 1698 Ἰεροσο-

923 1063 1005 1096 Iuda,
1023 1069 1047 1090 et
1057 1066 1090 1090 ad
1101 1065 1190 1091 Jesum
1210 1066 1421 1099 ﬁliumJosedec,
1444 1070 1604 1095 sacerdotem
1636 1078 1709 1105 mag-

923 1118 994 1143 num,
1015 1111 1125 1137 dicem:
1147 1111 1210 1138 "(ec
1221 1112 1286 1138 dicit
1314 1112 1442 1140 Dominus
1469 1115 1640 1148 omnipotens,
1666 1116 1709 1142 di-

922 1164 999 1183 cens:
1015 1156 1132 1190 Populus
1145 1157 1193 1184 iste
1209 1158 1298 1184 dicunt
1315 1167 1323 1186 :
1347 1158 1408 1186 Non
1422 1160 1488 1186 venit
1511 1166 1609 1195 tempus
1622 1162 1707 1196 (edi/i-

922 1202 998 1229 ctmdi
1013 1203 1119 1229 domum
1132 1202 1250 1231 Domini.

957 1289 1000 1318 Ill.
1022 1290 1150 1318 Salathiel
1171 1291 1240 1318 filius
1253 1290 1302 1317 fuit
1322 1291 1560 1324 Jcclronite.natus
1574 1302 1607 1322 ex
1633 1295 1704 1322 tribu

921 1338 948 1360 et
974 1335 1104 1368 sanguine
1131 1334 1223 1361 David.
1253 1334 1351 1362 Eodem
1369 1335 1705 1375 Jeeboniallierosolymis

921 1386 1031 1413 regnum
1049 1378 1116 1406 Juda
1140 1381 1358 1413 administrante,
1375 1381 1440 1409 urbs
1466 1383 1599 1410 excidium
1615 1392 1704 1418 passa,

920 1428 947 1451 et
963 1424 1137 1451 omnislsrael
1159 1425 1184 1451 in
1199 1426 1380 1459 captivitatem
1408 1432 1483 1455 actus
1507 1433 1559 1460 est,
1575 1434 1600 1456 et
1616 1429 1706 1456 Mnu-

921 1470 1089 1498 cbodonosor
1102 1472 1187 1505 ipsum
1201 1477 1403 1500 sacrosanctum
1414 1474 1541 1508 templum
1552 1474 1704 1502 inﬂamma-

920 1514 976 1548 vit;
992 1518 1205 1551 compreltensus
1219 1523 1259 1544 est
1275 1518 1355 1545 etiam
1372 1519 1429 1552 ipse
1441 1519 1597 1553 Jechonias,
1613 1525 1639 1548 et
1653 1529 1704 1548 una

921 1569 982 1588 eum
998 1562 1104 1589 caeteris
1116 1564 1237 1597 captivus
1253 1564 1348 1592 factus.
1379 1564 1533 1592 Salatltielis
1565 1566 1634 1593 [ilius
1655 1566 1705 1593 fuit

920 1606 1079 1633 Zorobabel.
1098 1607 1215 1634 Reverso
1242 1608 1332 1642 itaque
1352 1607 1449 1635 lsraele
1481 1608 1703 1643 Hierosolymam,

921 1651 1081 1684 Zot-obabel,
1096 1656 1125 1678 ut
1143 1652 1214 1687 regia
1233 1653 1302 1679 tribu
1320 1654 1486 1688 progenitus,
1501 1653 1576 1681 Juda:
1593 1663 1651 1681 cum
1663 1662 1704 1681 re-

78 1708 184 1743 λύμοις,
197 1708 244 1734 ἅτε
256 1708 288 1743 δὴ
303 1708 350 1734 καὶ
364 1708 392 1740 ἐξ
410 1708 524 1742 αἵματος
539 1707 576 1734 ὢν
599 1709 646 1742 τῆς
672 1709 701 1734 τὸ
716 1708 868 1743 βασιλεύειν

920 1697 961 1731 gia
977 1700 1109 1731 potestate
1123 1698 1238 1733 prtefuit.
1259 1697 1336 1725 Jcsus
1351 1704 1454 1731 autem,
1469 1707 1502 1727 ex
1519 1700 1588 1726 tribu
1605 1705 1702 1727 etsan-

78 1752 213 1788 λαχούσης
237 1753 342 1788 φυλῆς,
370 1752 561 1787 βεϐασίλευκεν
595 1754 641 1780 ἐπὶ
672 1753 717 1780 τὸν
755 1754 864 1781 Ἰούδαν.

84 1797 187 1833 Ἰησοῦς
200 1807 231 1832 γε
249 1798 301 1833 μὴν
316 1799 329 1824 6
348 1799 380 1824 ὲκ
395 1798 482 1832 φυλῆς
495 1798 541 1824 καὶ
553 1798 667 1833 αἵματος
682 1798 719 1825 ὦν
729 1799 775 1825 τοῦ
790 1799 864 1832 Λευῒ,

80 1844 124 1870 καὶ
137 1843 176 1875 ὡς
189 1845 220 1870 ὲκ
235 1843 312 1879 ῥίζης
341 1843 387 1870 τοῦ
405 1843 521 1879 Ἀαρὼν,
546 1844 595 1879 τὴν
622 1844 792 1879 ὲξῃρημένην
812 1844 865 1872 τῶν

76 1888 164 1917 ἄλλων
191 1888 238 1914 καὶ
261 1888 409 1915 ἀπόλεκτον
426 1889 527 1923 ἀνῆπτε
549 1888 642 1924 τιμὴν,
659 1889 706 1915 καὶ
732 1889 816 1924 μέγας
832 1887 865 1923 ἦν

78 1935 177 1969 ἱερεύς.
196 1933 273 1961 Οὒτω
288 1934 342 1969 γὰρ
357 1935 370 1960 6
394 1935 475 1970 νόμος
490 1935 536 1961 τὸν
551 1934 605 1961 τῶν
623 1935 702 1970 ἱερῶν
718 1936 864 1970 ταγμάτων

77 1979 201 2014 ἡγεῖσθαι
213 1979 328 2014 λαχόντα
356 1979 532 2015 κατωνόμαζε
550 1980 652 2014 λέγων,
678 1980 714 2015 μὴ
728 1980 782 2006 δεῖν
794 1981 866 2006 ἀνεῖ-

78 2025 139 2051 σθαι
153 2025 241 2059 φυγῆς
256 2025 319 2056 τοὺς
343 2026 371 2051 ἐν
384 2026 444 2057 ταῖς
456 2025 549 2051 πόλεσι
561 2025 614 2051 τῶν
632 2026 863 2061 φυγαδευτηρίων·

76 2070 132 2097 ἀλλ’
145 2069 264 2104 ἒνοαπερ
278 2068 332 2096 εἶεν
347 2069 467 2102 ἔκαστοι,
482 2070 572 2104 μένειν
587 2070 680 2102 αὑτοῦ,
693 2071 744 2102 ἕως
755 2068 784 2096 οὗ
803 2071 865 2097 ἀπο-

77 2115 144 2151 θάνῃ
159 2116 172 2141 6
188 2115 275 2150 ἱερεὺς
289 2116 303 2141 6
327 2115 424 2150 μέγας,
447 2115 579 2147 τουτέστι,
607 2117 621 2141 6
649 2115 800 2151 ἀρχιερεύς.
815 2116 864 2142 Γέ-

76 2169 137 2195 γονε
150 2162 238 2188 τοίνυν
252 2162 266 2187 ὁ
279 2161 356 2195 λόγος
370 2161 437 2196 πρὸς
454 2162 546 2196 ἄμφω,
560 2162 604 2188 τόν
621 2171 649 2188 τε
667 2162 778 2197 βασιλέα
793 2163 865 2197 φημὶ

77 2207 122 2234 καὶ
137 2207 182 2234 τὸν
200 2208 254 2234 τῶν
270 2207 349 2242 ἱερῶν
363 2207 511 2242 ταγμάτων
539 2208 736 2244 προεστηκότα·
767 2208 865 2239 αὐτοὺς

75 2252 129 2289 γὰρ
144 2251 178 2288 ἦν
193 2253 265 2284 εἰκὸς
275 2254 331 2284 τοῖς
343 2253 432 2285 ἄλλοις
447 2253 531 2279 ἆπασι
543 2254 735 2288 περιαγγεῖλαι
750 2253 781 2280 τὸ
798 2262 864 2288 χρη-

76 2299 276 2334 σμῳδούμενον.
303 2299 360 2325 Οὺκ
394 2299 541 2334 ἡγνοηκὸσι
568 2299 606 2331 δὲ,
633 2298 721 2335 οἶμαι,
748 2299 797 2331 τὰς
811 2299 864 2326 τῶν

75 2344 145 2371 λαῶν
159 2344 282 2378 σκήψεις,
300 2344 464 2378 ἀπαγγεῖλαι
480 2345 664 2380 προστέταχεν
687 2345 700 2371 6
728 2345 782 2371 τῶν
794 2344 862 2371 ὅλων

917 1743 998 1778 guine
1014 1743 1076 1771 Levi
1109 1744 1250 1776 oriundus,
1280 1744 1361 1779 629
1373 1749 1400 1771 et
1419 1749 1475 1771 ute
1502 1744 1592 1772 radice
1611 1745 1701 1772 Aaron

918 1793 1091 1824 propagatus,
1116 1790 1321 1817 eminentiorem
1336 1790 1395 1817 aliis
1410 1794 1438 1817 et
1466 1790 1594 1817 eximiam
1612 1790 1700 1826 magni

917 1836 1234 1863 sacerdotiieonsecrttus
1249 1841 1291 1863 est
1318 1836 1486 1871 dignitatem.
1515 1837 1559 1864 Sic
1586 1844 1702 1872 namque

917 1881 960 1907 lex
973 1888 1110 1908 sacrorum
1126 1881 1249 1908 ordinum
1281 1881 1429 1916 principem
1456 1882 1615 1914 nominavit,
1640 1890 1700 1910 cmn

917 1925 995 1957 dixit,
1012 1933 1065 1952 non
1083 1931 1209 1961 oportere
1225 1927 1332 1954 tradere
1352 1927 1489 1962 fugitivos,
1503 1927 1546 1961 qui
1571 1928 1603 1954 ad
1620 1930 1701 1955 urbes

916 1979 964 2006 pro
978 1971 1059 2007 asylis
1071 1972 1223 2007 designatas
1237 1972 1417 2007 confugerint:
1428 1973 1474 2000 sed
1487 1981 1594 2002 manere
1607 1980 1702 2001 unum-

916 2025 1050 2052 quemque
1069 2018 1112 2044 ubi
1134 2017 1258 2050 fuerit“,
1280 2019 1364 2045 donec
1379 2019 1504 2046 sacerdos
1518 2019 1702 2053 magnus,boc

916 2069 968 2096 est,
988 2071 1108 2091 summus
1117 2064 1286 2091 sacerdotum
1301 2064 1440 2090 moriatur.
1463 2064 1575 2091 Factum
1591 2068 1634 2091 est
1652 2065 1702 2099 igi-

918 2113 960 2136 tur
977 2109 1086 2136 verbum
1101 2109 1134 2135 ad
1151 2109 1254 2141 ambos,
1271 2108 1303 2134 ad
1318 2115 1419 2143 regem,
1438 2108 1556 2141 inquam,
1569 2112 1595 2134 et
1609 2115 1701 2135 sacro-

917 2162 975 2181 rum
997 2154 1120 2181 ordinum
1139 2153 1306 2188 principcm:
1324 2153 1395 2187 ipsos
1408 2153 1478 2180 enim
1495 2154 1600 2180 caeteris
1613 2154 1701 2180 omni-

917 2201 967 2228 bus
983 2201 1084 2227 oraculi
1103 2207 1259 2235 responsum
1279 2200 1403 2227 nuntiare
1430 2207 1536 2235 mquum
1547 2205 1616 2227 erat.
1635 2199 1700 2235 Opi-

917 2255 965 2274 nor
980 2251 1080 2277 antem,
1097 2246 1284 2272 universorutn
1320 2246 1401 2272 Deum
1431 2253 1483 2272 non
1507 2247 1582 2280 quasi
1611 2246 1699 2281 popnli

917 2292 1117 2319 excusationem
1133 2291 1314 2318 nescientibus
1335 2291 1413 2320 ferre.
1431 2291 1552 2318 nuntium
1576 2292 1700 2324 jussisse,

917 2338 965 2365 sed
975 2338 1046 2364 velut
1066 2337 1187 2365 nonnihil
1202 2338 1358 2364 irridentem
1374 2344 1430 2367 eos,
1444 2337 1490 2371 qui
1512 2337 1701 2371 intempestive

76 2390 150 2421 Θεὸς,
167 2386 290 2416 ἁλλόἷον
318 2390 477 2424 ἐπιμειδιῶν
506 2389 565 2425 ἅμα
593 2391 738 2417 πίπτουσιν
761 2390 810 2416 οὐκ
831 2390 860 2416 ὲν

920 2384 946 2410 ιιι
960 2384 1101 2418 segnitiem
1121 2384 1200 2410 simul
1216 2383 1331 2418 prolapsi
1361 2385 1460 2415 essent,
1477 2388 1501 2409 et
1516 2390 1575 2417 quae
1597 2383 1701 2409 studio-

77 2436 163 2471 καιρῷ
185 2436 252 2470 πρὸς
268 2435 297 2462 τὸ
314 2436 445 2471 ῥᾴθυμον,
461 2436 507 2462 καὶ
531 2433 568 2462 ὧν
584 2433 618 2471 ἦν
633 2436 705 2467 εἰκὸς
724 2435 859 2461 ἐσπουδα-

78 2482 183 2516 σμένως
194 2481 328 2507 ποιεῖσθαι
340 2482 479 2517 φροντίδα,
488 2481 589 2508 τούτων
598 2481 688 2508 αὐτῶν
701 2481 730 2507 οὐ
743 2481 860 2516 μετρίως

74 2526 263 2561 ἠῳειδηκότας.
279 2524 332 2553 Ἦν
349 2527 402 2561 γὰρ
427 2527 536 2562 ἄμεινον
557 2528 655 2553 ἐννοεῖν
669 2526 715 2557 ὡς,
737 2526 814 2561 εἴπερ
826 2523 859 2561 ἦν

75 2572 163 2602 αὐτοῖς
175 2572 203 2597 ἐν
217 2571 436 2606 προύργιαιτέρῳ
456 2571 525 2606 λόγῳ
547 2571 582 2598 τὰ
594 2571 640 2597 τοῦ
659 2570 737 2602 Θεοῦ,
752 2571 859 2601 πάντως

75 2618 119 2643 καὶ
131 2619 163 2652 τῇ
179 2619 242 2653 παρ’
254 2617 335 2644 αὑτοῦ
351 2618 435 2651 φειδοῖ
454 2618 500 2644 καὶ
512 2618 601 2653 χάριτι
619 2617 686 2652 πρὸς
699 2616 727 2642 τὸ
752 2614 780 2643 εὖ
791 2616 862 2651 ἔχειν

75 2663 315 2699 διακρατούμενοι,
346 2664 474 2699 διήγαγον
505 2663 537 2689 ἂν
563 2664 592 2690 ἐν
628 2662 789 2697 εὐημερίαις
817 2662 864 2688 καὶ

76 2709 191 2743 πλούτῳ,
210 2709 258 2735 καὶ
276 2709 438 2743 ἀμφιλαφῶς
453 2709 558 2744 ἔχοντες
575 2708 609 2735 τὰ
620 2708 741 2743 ζωαρκῆ.
760 2706 863 2733 Οὐκοῦν

76 2755 151 2780 οἱονεί
175 2763 232 2786 πως
267 2755 482 2791 ὲπιμαρτύρεται
509 2755 553 2782 διὰ
569 2756 618 2790 τῆς
641 2754 688 2780 τοῦ
719 2754 861 2789 προφήτου

109 2843 129 2859 δ”
146 2842 226 2870 Jusne
243 2843 355 2876 xx,l-6.

914 2429 1021 2456 sissime
1035 2436 1131 2456 curare
1141 2428 1326 2460 conveniebat,
1348 2435 1379 2454 ca
1399 2428 1455 2462 ipsa
1475 2434 1636 2462 magnopere
1653 2435 1700 2454 ne-

914 2476 1070 2511 glexissent.
1083 2474 1231 2502 Prtestabat
1252 2475 1324 2502 enim
1343 2476 1469 2510 cogitare,
1485 2474 1615 2508 siquidem
1633 2474 1699 2509 ipsis

914 2531 958 2550 res
976 2523 1073 2549 divina:
1087 2522 1206 2556 potiores
1226 2521 1349 2553 fuissent,
1362 2529 1390 2548 se
1408 2522 1498 2556 utique
1525 2521 1597 2547 illitis
1616 2520 1699 2547 indul-

914 2568 1002 2603 gentia
1018 2572 1045 2595 et
1066 2567 1152 2601 gratia
1163 2567 1196 2594 ad
1209 2571 1328 2602 tempora
1344 2567 1430 2594 felicia
1462 2570 1644 2599 conservatos,
1671 2566 1698 2593 in

914 2615 994 2642 rebus
1015 2613 1048 2640 ad
1086 2617 1177 2640 votum
1208 2612 1414 2640 succedentibus
1442 2618 1469 2640 et
1489 2612 1589 2640 divitiis
1615 2612 1698 2638 vitam

915 2658 1133 2694 agilare,illiqne
1148 2658 1253 2685 tuemlze
1277 2658 1439 2685 necessariis
1465 2658 1583 2685 affluere.
1611 2657 1699 2691 Quare

915 2713 962 2739 per
979 2713 1008 2732 os
1026 2705 1164 2739 prophetze
1176 2704 1335 2730 testificatur
1347 2704 1557 2738 quodammodo,
1573 2704 1698 2731 lsraclem

914 2751 1022 2779 sibimet
1038 2750 1162 2786 inprimis
1190 2749 1366 2778 conducibilia
1394 2755 1420 2777 et
1451 2750 1482 2776 ad
1510 2750 1621 2784 gloriam
1652 2749 1699 2777 Dei
