1917 3038
81 165 153 195 1029

529 165 804 197 COMMENTARIUS
826 169 860 196 IN
879 167 1036 197 AGGIEEM
1058 164 1279 195 PliOPIIETAM.

1642 163 1709 194 1C5)

80 225 105 250 oi
121 223 151 255 ἐξ
173 223 290 259 Ἰσραὴλ,
309 223 355 250 καὶ
367 223 421 250 τῶν
435 224 474 255 εἰς
494 224 572 256 δόξαν
596 224 662 250 Θεοῦ
679 225 867 260 κατημεληκό-

923 225 968 252 Dei
1001 225 1112 259 gloriam
1143 223 1356 256 conferentibus,
1382 223 1510 251 lsraelita:
1544 223 1577 250 ad
1618 231 1708 250 reruni

79 277 138 301 τες,
152 269 299 304 ἐτρέποντο
313 269 362 304 μὲν
380 270 420 301 εἰς
449 270 592 305 φροντίδας
606 270 651 296 ἐπί
670 279 701 304 γε
717 272 807 305 σφίσιν
821 273 869 298 αὺ-

79 316 149 346 τοῖς,
158 315 248 346 οῐκους
258 314 415 346 ἀνιστάντες
427 315 578 346 πολυτελῶς
588 315 868 350 κατεσκευασμένους·

81 358 142 387 εἷτα
167 360 291 394 λέγοντες
305 361 434 395 ὰμαθῶςι
451 361 506 396 Οὐχ
522 361 584 395 ἥκει
598 362 612 387 ὁ
626 361 720 395 καιρὸς
736 361 782 388 τοῦ
797 363 870 388 οἱκο-

81 406 199 441 δομῆσαι
213 405 257 432 τὸν
268 403 340 432 οἶκον
353 406 465 441 Κυρίου.
490 406 597 441 Ἐπειδὴ
613 407 666 441 γὰρ
677 404 710 441 ἦν
722 407 870 440 ἀναγκαῖον

82 452 232 487 προσάγειν
250 452 348 482 αὐτοὺς
359 451 394 478 τὰ
407 452 446 483 εἰς
463 452 511 486 τὴν
529 451 573 478 τοῦ
596 451 668 478 θείου
699 452 763 478 ναοῦ
785 461 870 478 κατα-

83 498 192 532 σκευὴν,
210 496 270 524 εἶτα
286 497 365 524 τοῦτο
377 497 443 532 δρᾷν
457 498 507 524 οὐκ
523 497 630 532 ἤθελον·
659 499 786 534 ταύτῃτοι
806 507 870 534 χρη-

84 544 177 578 μάτων
193 543 294 570 ἔνδειαν
319 544 522 579 προϊσχόμενοι,
550 545 647 579 χρῆναι
677 545 725 580 μὲν
751 544 869 578 ἔφασκον

84 589 309 625 προσυναγείρειν
324 589 434 621 αὐτοὺς,
457 590 504 616 καὶ
518 590 599 616 οἱονεὶ⁸
619 590 869 625 προαποτρίῆεσθαι

82 634 130 669 τὴν
141 634 287 668 πτωχείαν,
299 634 483 669 γηπονοῦντας
498 634 575 666 τέως,
593 634 674 669 ἤγουν
683 634 869 670 ἐμπορευομέ-

83 689 154 712 νους,
173 681 189 715 ἢ
209 680 374 716 θρεμμάτων
402 680 501 714 ἀγέλας
523 682 769 716 συναγηγερκότας,
786 682 869 716 ἤγουν

83 723 175 758 ἕτερόν
196 732 223 750 τι
251 724 307 750 τῶν
334 723 462 750 τοιούτων
492 724 709 759 ἐπιτηδεύοντας.
747 726 816 752 Ἀλλ’
835 724 869 762 ἦν

83 770 194 804 ἄμεινον
215 771 396 806 ὲπιθαρσῆσαι
423 771 493 806 Θεῷ,
522 771 561 807 τῷ
588 772 635 798 καὶ
662 773 691 806 ἐξ
721 773 869 808 ἀμηχάνων

83 818 236 853 εὑρίσκοντι
255 818 388 853 μηχανὰς,
404 818 451 844 καὶ
476 818 660 852 γηπονοῦντας
677 819 806 854 εὐλογεῖν,
824 820 870 846 καὶ

82 863 132 895 τὰς
156 863 209 890 τῶν
231 864 312 890 ὁσίων
336 864 478 899 πορισμῶν
500 864 647 900 ἁνερευνᾷν
670 865 720 897 τὰς
747 866 868 901 τρίϐους.

920 278 1031 297 suarum
1045 278 1124 298 curas
1144 277 1204 297 sese
1230 270 1339 302 dabant,
1367 270 1437 296 mdes
1463 274 1619 304 sumptuose
1643 277 1708 296 con-

921 321 1070 349 struentes;
1089 316 1184 343 deinde
1202 321 1305 349 tempus
1317 315 1412 341 domus
1429 314 1532 341 Domini
1545 315 1709 341 mditienndm

921 361 1040 388 nondum
1055 362 1161 388 venisse
1179 361 1273 388 inscite
1289 359 1469 387 afﬁrmabant.
1488 359 1620 393 Quoniam
1636 360 1708 386 enim

920 413 979 440 qua:
993 407 1026 433 ad
1055 407 1144 440 templi
1175 411 1338 434 structuram
1366 405 1499 438 facerent,
1515 413 1561 433 eos
1584 405 1709 432 conferre

920 452 1072 486 oportebat,
1091 453 1117 479 id
1132 453 1167 478 illi
1181 453 1318 480 uolebant.
1337 452 1398 479 Ideo
1409 452 1528 486 pecunia:
1553 452 1704 486 augustino:

920 502 1090 530 excusantes,
1115 498 1190 533 prius
1215 498 1415 533 conquirendos
1437 506 1498 526 esse
1529 505 1661 532 sumptus,
1682 503 1709 524 et

921 548 1105 577 paupertatem
1122 549 1184 570 ante
1195 545 1271 578 quasi
1293 545 1499 579 abstergendam
1517 545 1707 575 autumabant,

920 590 1041 617 colendis
1056 590 1128 624 agris
1143 589 1256 622 interea,
1275 594 1320 616 aut
1332 595 1494 622 mercatura,
1514 595 1559 617 aut
1582 591 1709 625 pecuaria

921 636 1053 666 facienda,
1068 640 1115 662 aut
1129 635 1181 662 alio
1192 636 1307 669 quodam
1321 637 1426 670 negotio
1443 636 1606 669 liujusmodi.
1622 637 1706 671 Atqui

921 680 1005 708 satius
1017 685 1074 706 erat
1089 679 1171 706 ﬁdere
1182 680 1246 712 Deo,
1264 680 1308 714 qui
1323 680 1393 706 viam
1410 681 1491 707 etiam
1509 688 1555 714 per
1582 681 1652 708 invia
1667 681 1709 708 iu—

920 726 1004 757 venit,
1021 730 1047 752 et
1062 725 1158 757 ditare,
1172 730 1198 752 et
1220 733 1281 752 cum
1299 729 1370 752 terra
1386 726 1516 752 rationem
1539 726 1708 759 habentibus,

920 775 947 798 et
959 770 1046 804 justus
1061 772 1251 804 comparandae
1271 771 1394 805 pecunia;
1414 771 1508 798 modos
1522 771 1709 806 indagantibus

921 817 1078 844 benedicere
1095 820 1193 850 potest.
1213 816 1280 849 Quia
1292 825 1356 844 vero
1367 825 1380 844 a
1397 817 1606 852 cogitationibus
1623 818 1709 852 pieta-

922 864 957 890 tis
974 862 1064 894 alieui,
1079 867 1106 889 et
1120 862 1174 890 Deo
1187 862 1273 895 exosi,
1290 863 1389 889 nullam
1407 867 1512 896 partem
1540 871 1610 890 vera:
1624 863 1710 890 felici-

89 909 200 944 Ἐπειδὴ
231 909 260 936 δὲ
286 908 340 936 τῶν
361 910 401 941 εἷς
426 909 567 936 εὐσέϐειαν
595 911 796 946 ἀμοιρήσαντες
825 911 868 938 λο-

921 908 981 934 tatis
993 907 1146 942 gustabunt,
1171 907 1252 942 631
1271 908 1371 935 idcirco
1389 909 1481 935 audire
1508 916 1553 935 eos
1564 909 1684 944 oportuit
1702 918 1708 936 :

81 954 199 989 γισμῶν,
212 955 258 981 καὶ
279 955 328 990 τῆς
351 955 454 982 ἄνωθεν
475 955 617 990 εὐμενείας
643 956 868 989 ἀποπεπτώκασι,

81 1001 143 1027 κατ’
172 1000 269 1028 οὐδένα
298 1001 397 1036 τρόπον
422 1003 593 1037 πεπραχότες
610 1001 715 1033 δεξιῶς,
742 1002 870 1038 ταύτῃτοί

81 1054 166 1080 φησιν
180 1045 346 1079 ἀναγκαίως·
369 1055 378 1071 ε
390 1046 495 1079 Τάξατε
505 1047 536 1083 δὴ
546 1048 594 1079 τὰς
609 1047 721 1083 καρδίας
738 1047 815 1082 ὑμῶν
830 1049 870 1080 εἰς

81 1092 131 1123 τὰς
147 1092 223 1123 ὀδοὺς
237 1091 324 1125 ὑμῶν.
340 1101 349 1117 ι
366 1091 479 1127 Ὅμοιον
494 1093 531 1124 ὡς
544 1093 567 1119 εἰ
579 1093 663 1127 λέγοι⁸
675 1093 868 1128 Κατανοήσατε

80 1137 198 1170 λεπτῶς,
221 1136 301 1168 ποίας
316 1136 456 1164 ἐΰαδίσατε
471 1137 517 1164 τοῦ
536 1137 593 1173 βίου
608 1137 727 1172 τρίϐους,
740 1138 756 1172 ἦ
768 1138 794 1164 τί
815 1138 869 1165 τῶν

81 1184 121 1214 εἰς
135 1183 305 1218 φιλοκερδίαν
322 1183 536 1218 ἐπιτηδεύοντες,
552 1183 688 1218 ἐπράξατε
703 1184 763 1210 κατ’
775 1184 867 1218 εὐχήν.

84 1238 94 1254 ι
115 1229 274 1264 Ἐσπεὶρατε
291 1228 387 1260 πολλὰ,
397 1229 444 1256 καὶ
458 1229 634 1263 είσηνὲγκατε
654 1228 741 1263 ὀλίγα.
764 1239 773 1255 ι
800 1229 868 1255 Ἀλλ’

82 1271 114 1309 ἦν
126 1274 246 1310 ἄμεινον,
274 1274 446 1309 εὐλογοῦντος
467 1274 535 1301 Θεοῦ
561 1275 683 1310 σπείρειν
699 1275 748 1310 μὲν
774 1275 868 1309 ὀλίγα,

83 1319 256 1354 συγκομίζειν
281 1320 310 1346 δὲ
339 1320 433 1347 πολλά.
468 1320 577 1355 Ἐπειδὴ
604 1320 633 1347 δὲ
659 1321 732 1355 ἀπῆν
752 1321 820 1356 ὅπερ
834 1318 869 1356 ἦν

82 1366 241 1398 ἀναγκαῖον,
257 1364 350 1392 πολλοὶ
367 1365 416 1400 μὲν
443 1365 468 1392 oi.
491 1365 576 1397 πόνοι,
604 1365 713 1400 βραχεῖς
728 1366 755 1392 δὲ
775 1366 834 1392 λίαν
844 1367 868 1392 οἱ

82 1409 192 1446 καρποί.
213 1419 222 1435 ι
240 1410 383 1445 Ἑφάγετε,
402 1411 449 1438 καὶ
463 1411 513 1437 οὐκ
529 1411 570 1442 είς
593 1411 763 1446 πλησμονήν.
774 1421 783 1436 ι
800 1412 870 1438 Πάν-

80 1456 167 1482 δεινον
182 1455 229 1482 καὶ
243 1455 292 1490 τῆς
314 1455 431 1491 ἐσχάτης
449 1456 551 1488 ἐνδείας
566 1465 595 1483 τε
621 1456 688 1491 ὁμοῦ
714 1457 760 1483 καὶ
776 1457 869 1483 ταλαι-

81 1501 188 1537 πωρίας
203 1501 264 1536 ἔχον
276 1501 420 1533 ἀπόδειξιν,
442 1502 465 1528 εἰ
479 1501 563 1529 πολλὰ
578 1502 626 1537 μὲν
643 1502 676 1529 τὰ
691 1503 850 1538 ἐσπαρμένα
860 1522 868 1535 ,

82 1547 183 1582 καρποὶ
195 1547 223 1574 δὲ
234 1547 366 1580 τοσοῦτοι,
377 1547 448 1574 ὥστε
466 1549 521 1580 τοῖς
534 1549 700 1583 πεπονηκόσι
711 1549 790 1583 λιμοῦ
804 1558 869 1575 κατ-

82 1593 219 1628 ηρτῆσθαι
238 1593 326 1627 δίκην,
349 1593 396 1618 καὶ
411 1593 491 1628 κόρου
508 1594 621 1620 κατόπιν
650 1595 718 1621 ἰέναι
742 1595 790 1626 τὰς
806 1604 868 1630 τρο-

82 1638 144 1672 φάς.
170 1648 180 1664 ‹
205 1639 321 1670 Ἐπίετε,
347 1641 393 1666 καὶ
419 1641 468 1666 οὐκ
486 1641 524 1672 εἰς
549 1640 645 1676 μέθην.
662 1650 671 1665 ι
703 1641 739 1667 Οὐ
760 1641 814 1676 γὰρ
836 1639 870 1676 ἦν

85 1684 214 1720 εΰὸοτρυς
242 1685 381 1720 ἀμπελών.
409 1686 698 1721 Συγκατηῤῥώστησαν
714 1689 769 1718 τοῖς
785 1687 870 1722 ληῖοις

85 1730 132 1756 καὶ
145 1730 178 1756 τὰ
190 1730 249 1757 λίαν
274 1730 496 1765 εὐκληματοῦντα
515 1732 568 1758 τῶν
594 1731 689 1764 ξύλων.
715 1742 724 1757 ι
744 1733 871 1768 Περιεϐἀ-

84 1776 172 1806 λεσθε,
188 1777 234 1803 καὶ
243 1777 293 1803 οὐκ
305 1777 489 1812 ὲθερμάνθητε
505 1778 533 1803 ἐν
546 1778 647 1809 αὐτοῖς,
669 1787 677 1803 ι
695 1777 789 1813 λοιμοῦ
801 1779 870 1813 τάχα

83 1831 136 1848 που
157 1823 204 1848 καὶ
219 1824 278 1854 ταῖς
292 1823 354 1849 οίῶν
371 1823 482 1856 ἀγέλαις
499 1823 698 1858 ἐνσκήψαντος,
716 1824 754 1856 ὡς
773 1826 801 1851 ἐν
829 1826 871 1851 ἐν-

82 1867 142 1904 δείᾳ
161 1867 286 1902 γενέσθαι
296 1869 508 1904 περιδλημάτων
525 1869 570 1895 καὶ
585 1869 648 1900 τοὺς
673 1869 758 1896 πολλά
772 1879 870 1905 κεκτη-

84 1914 192 1950 μένους.
213 1914 293 1941 Ἀλλὰ
307 1915 353 1940 καὶ
370 1924 379 1940 ‹
395 1915 409 1941 ὁ
431 1915 494 1946 τοὺς
510 1915 621 1950 μισθοὺς
650 1916 784 1950 συνάγων,
809 1926 870 1943 συν-

81 1961 186 1996 ήγαγεν
201 1961 240 1991 εἰς
254 1960 351 1995 δεσμὸν
365 1960 577 1995 τετρυπημένον.
595 1970 603 1986 ι
628 1961 758 1995 Σημαίνει
777 1961 804 1987 δὲ
827 1962 871 1988 διὰ

82 2003 185 2031 τούτων
205 2004 267 2034 τοὺς
285 2004 433 2039 ἐμπορικὸν
449 2004 559 2039 ἔχοντας
573 2005 752 2040 ἐπιτήδευμα,
769 2007 793 2032 οἳ
808 2007 870 2042 τρό-

83 2057 135 2074 πον
164 2048 224 2074 τινὰ
243 2048 304 2079 τοὺς
320 2048 369 2082 τῆς
394 2048 530 2083 ἐμπορίας
562 2048 674 2082 μισθοὺς
693 2049 868 2083 συλλέγουσι,

83 2093 270 2128 πλεονασμοὺς
285 2094 391 2128 ἑκάστῳ
405 2093 458 2119 τῶν
469 2093 665 2128 ὴγορασμένων
680 2095 870 2130 ἐπιρριπτοῦν-

84 2147 129 2170 τες
143 2139 197 2169 ἀεὶ,
221 2139 268 2165 καὶ
282 2139 341 2169 ταῖς
355 2138 408 2165 τῶν
423 2139 584 2173 τιμημάτων
608 2139 776 2175 προσθήκαις
802 2141 871 2176 ἁδρὰ

85 2183 227 2214 ποιοῦντες
250 2182 284 2209 τὰ
313 2182 453 2217 βαλάντια.
487 2183 555 2209 Ἀλλ’
573 2181 606 2219 ἦν
630 2184 690 2210 οὐδὲ
719 2185 824 2217 τούτοις
841 2186 871 2212 τὸ

84 2230 247 2262 ἀπόνασθαι,
263 2231 355 2264 φησὶν,
388 2230 436 2266 τῆς
462 2229 645 2265 φιλοκερδίας.
672 2231 789 2265 Ζημίαις
816 2232 870 2268 γὰρ
888 2253 908 2279 D

85 2278 154 2312 τάχα
172 2285 222 2303 που
250 2277 297 2302 καὶ
315 2276 454 2310 ναυαγίοις
484 2276 624 2310 ἀδοκήτοις
649 2277 870 2311 περιπίπτοντες,

85 2324 162 2351 οὐδὲν
189 2323 326 2359 διαφέρειν
354 2323 462 2349 ἐδόκουν
488 2322 542 2348 τῶν
558 2323 687 2358 ἀργύριον
719 2323 812 2350 ἱέντων
833 2325 872 2356 εἰς

86 2370 184 2406 δεσμὸν
194 2370 409 2404 τετρυπημένον.
428 2369 555 2404 Ἄμεινον
568 2367 614 2395 οὖν
641 2370 694 2405 ἄρα
719 2370 764 2396 καὶ
792 2370 873 2405 σοφὸν

86 2417 116 2443 τὸ
131 2416 299 2450 εὐλογεῖσθαι
317 2415 407 2450 ζητεῖν
427 2415 479 2441 ὑπὸ
506 2415 553 2441 τοῦ
580 2415 668 2442 πάντα
681 2416 746 2450 ἡμῖν
764 2416 874 2450 ὀρέγονο

87 2471 130 2494 τος
144 2462 222 2488 Θεοῦ.
236 2461 415 2496 Προσγένοιτο
430 2461 452 2486 δ’
464 2461 496 2487 ἂν
515 2461 561 2487 καὶ
586 2461 664 2487 τοῦτο
693 2461 792 2496 ῥαδίως
817 2463 872 2494 τοῖς

87 2507 121 2534 τὰ
130 2507 212 2534 αὑτοῦ
229 2507 335 2542 φρονεῖν
350 2506 507 2541 ᾑρημένοις,
527 2506 574 2532 καλ⁸
585 2506 619 2532 τὰ
644 2506 682 2536 εἰς
695 2505 772 2538 δόξαν
790 2507 872 2533 αὑτοῦ

924 961 934 978 ‹
957 952 1052 980 Ponite
1064 953 1145 980 corda
1159 958 1246 979 vestra
1267 953 1293 979 in
1312 953 1368 980 vias
1383 958 1496 980 vestras.
1519 962 1528 978 ι
1544 954 1582 980 Ac
1597 954 1618 980 si
1635 954 1710 980 dice-

921 1003 983 1026 ret:
1004 998 1181 1025 Considerate
1210 996 1355 1033 diligenter
1378 999 1474 1034 quales
1512 1000 1573 1027 vita:
1598 1000 1710 1027 semitas

920 1045 1139 1077 ambulaveritis,
1159 1047 1347 1081 autqnidnam
1373 1050 1493 1080 quaistus
1515 1053 1596 1074 causa
1618 1053 1710 1081 perse-

919 1096 1040 1127 quentes,
1072 1097 1163 1127 optata
1200 1093 1327 1120 tuleritis.
1353 1102 1361 1118 ι
1383 1092 1541 1120 Semiuastis
1569 1093 1663 1126 multa,
1682 1097 1711 1120 et

920 1135 1047 1163 intulistis
1059 1144 1154 1171 pauca.
1178 1146 1187 1162 ι
1209 1137 1289 1172 Atqui
1306 1137 1403 1164 melius
1417 1142 1486 1168 erat,
1515 1137 1570 1164 Deo
1597 1138 1708 1164 benedi-

919 1186 997 1209 cente
1024 1183 1157 1209 seminare
1171 1191 1266 1217 pattca,
1284 1183 1448 1218 etcolligere
1465 1183 1560 1210 tnulta.
1579 1182 1631 1210 Sed
1646 1183 1709 1218 quia

920 1228 1002 1255 defuit
1019 1228 1088 1262 quod
1106 1229 1289 1256 necessarium
1318 1233 1386 1261 erat,
1406 1229 1482 1255 multi
1507 1228 1615 1262 quidem
1632 1229 1709 1255 labo-

919 1282 973 1306 res,
989 1275 1128 1309 perexigui
1145 1279 1236 1301 autem
1251 1274 1366 1302 fructus.
1391 1284 1400 1300 ι
1416 1274 1586 1307 Comedislis,
1602 1280 1629 1301 et
1655 1283 1708 1302 non

919 1320 951 1345 ad
965 1320 1145 1346 saturitatem.
1165 1329 1174 1345 ι
1192 1319 1371 1348 Durissimum
1390 1325 1432 1347 est
1451 1324 1478 1347 et
1496 1326 1628 1347 extrema:
1645 1327 1710 1356 ege-

919 1365 998 1392 statis
1013 1365 1092 1392 simul
1105 1373 1136 1393 ae
1157 1366 1274 1393 miseriae
1289 1367 1430 1399 indicium,
1454 1366 1477 1394 si
1501 1366 1583 1393 multa
1599 1367 1707 1401 quidem

919 1410 1057 1442 sementis,
1073 1409 1163 1443 fruges
1177 1415 1265 1437 autem
1290 1411 1410 1444 tantillze,
1432 1415 1461 1438 ut
1481 1411 1608 1445 agricolis
1624 1411 1710 1438 futues

919 1462 966 1489 pro
983 1461 1061 1489 pinna
1076 1455 1274 1489 impendeat,et
1303 1456 1434 1483 alimenta
1456 1456 1526 1482 infra
1552 1456 1706 1483 satietatem

919 1500 982 1527 sint.
1009 1510 1019 1526 ι
1034 1500 1155 1533 Bibistis,
1169 1505 1196 1528 et
1208 1509 1260 1529 n0n
1277 1502 1309 1528 ad
1342 1501 1508 1529 ebrietatem.
1530 1511 1539 1528 ι
1560 1501 1616 1529 Non
1636 1501 1708 1528 enim

919 1551 976 1573 erat
993 1547 1078 1573 botris
1091 1546 1202 1574 fecunda
1219 1548 1306 1574 vinea.
1328 1547 1385 1575 Una
1401 1556 1461 1574 eum
1475 1548 1613 1583 segetibus
1623 1555 1710 1582 aegro-

922 1597 1012 1619 tarunt
1038 1592 1108 1626 ligna
1127 1592 1315 1627 pulcherrimis
1340 1593 1423 1620 ramis
1446 1593 1601 1620 viridantia.
1623 1603 1632 1619 ‹
1653 1594 1705 1620 Co-

921 1638 1004 1672 operti
1024 1638 1099 1669 estis,
1123 1643 1149 1665 et
1165 1646 1216 1665 non
1227 1638 1292 1665 estis
1304 1638 1427 1665 calefacti
1446 1639 1472 1665 in
1488 1639 1565 1673 ipsis,
1585 1647 1594 1664 ι
1611 1639 1708 1665 ovibus

921 1683 1032 1710 forsitan
1045 1688 1118 1718 peste
1131 1685 1278 1718 occupatis,
1294 1689 1323 1711 ut
1347 1684 1504 1712 indumenta
1522 1685 1651 1712 deessent
1666 1685 1708 1712 vel

920 1729 1057 1755 divitibus.
1077 1729 1232 1762 Quinetiam
1255 1731 1418 1757 «mercedes
1443 1737 1612 1764 congregans
1642 1737 1708 1757 cou-

920 1776 1040 1810 gregavit
1052 1776 1078 1802 in
1090 1776 1263 1810 ligamenlum
1276 1781 1424 1810 pertusum.
1442 1786 1451 1801 ι
1469 1776 1520 1803 Per
1532 1776 1588 1803 hate
1604 1784 1709 1804 merca-

921 1825 1009 1847 turam
1039 1827 1173 1848 sectantes
1201 1822 1338 1856 exprimit,
1364 1823 1408 1857 qui
1451 1823 1566 1850 artiﬁcio
1590 1823 1706 1858 quodam

920 1867 1078 1894 exercenda:
1093 1872 1251 1895 mercatum
1274 1869 1412 1895 mercedes
1427 1869 1566 1903 colligunt,
1592 1869 1618 1895 in
1641 1876 1710 1895 uno-

921 1921 1028 1948 quoque
1045 1915 1116 1948 quod
1133 1915 1253 1941 vendunt
1269 1915 1355 1949 majus
1376 1923 1482 1949 semper
1491 1915 1640 1949 exigentes,
1660 1923 1709 1942 atl-

922 1960 1064 1994 gcndoque
1090 1961 1176 1994 pretio
1201 1968 1346 1988 cruiuenas
1369 1961 1481 1988 aliorum
1506 1961 1708 1988 exhaurientes.

922 2005 974 2031 Sed
987 2013 1035 2032 nec
1051 2006 1109 2032 istis
1123 2006 1263 2040 lucripetis
1281 2007 1368 2039 licuit,
1385 2008 1482 2042 inquit,
1500 2008 1610 2042 explere
1635 2008 1711 2042 cupi-

921 2051 1031 2078 ditatem
1046 2058 1132 2078 suam.
1147 2051 1212 2078 Nam
1235 2053 1260 2079 in
1287 2053 1448 2080 detrimenta
1473 2053 1543 2081 forte
1567 2059 1594 2080 et
1608 2054 1709 2088 impro-

921 2098 977 2125 visa
993 2097 1133 2133 naufragia
1152 2099 1313 2132 incidentes,
1330 2101 1396 2128 nihil
1412 2102 1460 2128 visi
1476 2107 1538 2128 sunt
1553 2101 1663 2128 diﬂ‘errc
1677 2103 1709 2128 ab

922 2145 954 2171 iis
977 2146 1022 2179 qui
1045 2154 1170 2174 nummos
1203 2153 1345 2182 argenteos
1375 2149 1400 2176 in
1443 2149 1626 2184 ligamenlum,
1655 2149 1711 2176 sive

922 2191 1061 2217 sacculum
1082 2197 1220 2226 pertusum
1250 2194 1430 2222 immiserunt.
1456 2195 1549 2222 Melius
1575 2195 1654 2230 igitur
1684 2200 1711 2222 et

923 2237 1052 2271 sapientis
1065 2242 1117 2268 est.
1135 2238 1202 2265 velle
1214 2239 1335 2266 benedici
1357 2249 1371 2266 a
1389 2240 1443 2267 Deo
1455 2242 1546 2268 omnia
1557 2241 1633 2268 nobis
1649 2249 1711 2275 sup-

923 2283 1066 2316 peditante.
1087 2282 1162 2316 Quod
1176 2291 1228 2310 non
1251 2283 1394 2312 dilIiculter
1425 2286 1533 2318 facient,
1562 2286 1608 2321 qui
1634 2293 1709 2313 suam

923 2335 984 2354 cum
999 2327 1057 2362 ipso
1069 2329 1231 2355 sententiam
1246 2331 1446 2364 coniunxerint,
1463 2332 1575 2366 ejusque
1597 2331 1708 2366 gloriam

922 2372 978 2399 suis
993 2372 1072 2399 rebus
1090 2373 1273 2401 antetulerim.
1304 2374 1349 2402 Sic
1373 2375 1468 2402 alicubi
1498 2382 1525 2404 et
1544 2377 1601 2412 ipse
1617 2377 1711 2405 Salva:

924 2422 983 2444 tor:
1004 2427 1013 2442 ι
1034 2417 1071 2445 Ne
1089 2419 1193 2445 solliciti
1211 2420 1270 2446 sitis
1287 2420 1382 2447 animm
1400 2427 1495 2449 vestrae
1513 2423 1577 2456 quid
1596 2423 1709 2450 mandu-

924 2463 1001 2490 cetis.
1017 2463 1134 2496 Qumrite
1145 2469 1232 2491 autem
1257 2466 1344 2499 potius
1358 2474 1469 2500 regnum
1483 2467 1528 2494 Dei
1540 2473 1566 2495 et
1578 2469 1710 2503 justitiam

926 2509 994 2541 ejus,
1004 2514 1030 2536 ct
1050 2510 1106 2537 haec
1116 2511 1205 2537 omnia
1224 2510 1384 2544 adjicienlur
1397 2513 1473 2540 vobis
1487 2513 1519 2539 “.
1543 2523 1552 2538 ι

86 2554 140 2581 τῶν
170 2553 241 2580 ἰδίων
264 2552 503 2588 προτετιμηκόσιν.
530 2551 606 2578 Οὕτω
632 2559 682 2577 που
720 2552 766 2577 καὶ
789 2552 870 2584 αὐτὸς
908 2553 1030 2589 εἴρηκεό
1055 2556 1168 2592 Σωτήρ·
1199 2557 1263 2592 (Μὴ
1292 2558 1441 2592 μεριμνᾶτε
1470 2559 1502 2594 τῇ
1539 2559 1611 2594 ψυχῇ
1635 2559 1711 2594 ὑμῶν

88 2601 114 2627 τί
128 2600 243 2635 φάγητε.
259 2600 366 2634 Ζητεῖτε
382 2598 409 2624 δὲ
431 2597 529 2632 μᾶλλον
552 2596 601 2632 τὴν
619 2596 755 2631 βασιλείαν
783 2597 865 2630 Θεοῦ,
887 2599 932 2624 καὶ
949 2600 996 2635 τὴν
1024 2601 1197 2637 δικαιοσύνην
1212 2602 1307 2638 αὐτῆς,
1337 2604 1383 2629 καὶ
1404 2603 1490 2630 ταῦτα
1518 2604 1606 2631 πάντα
1627 2613 1712 2640 προσ-

88 2647 232 2681 τεθήσεται
245 2646 318 2680 ὺμῖν.
336 2655 345 2671 ι

127 2693 228 2728 Διαρκῆ
242 2692 279 2724 δὲ,
294 2690 380 2726 οἶμαι,
393 2693 442 2727 τῆς
459 2690 578 2725 ἱστορίας
601 2689 714 2724 ἐχούσης
732 2689 773 2723 ἐφ’
790 2687 880 2726 εαυτῇ”

89 2738 139 2773 τὴν
153 2738 299 2772 ἀφήγησιν,
317 2737 383 2772 φέρε
396 2738 452 2768 τοῖς
480 2737 672 2770 πνευματικοῖς
698 2735 873 2770 θεωρήμασιν

90 2782 206 2816 ἐνιέντες
237 2783 282 2810 τὸν
301 2782 374 2816 νοῦν,
399 2783 488 2810 ἐκεῖνο
512 2781 736 2817 καταθρήσωμεν,
764 2781 803 2808 ὅτι
827 2783 872 2817 τῆς

128 2873 149 2888 ’⁸⁸
169 2873 262 2900 Matth.
281 2881 318 2906 γι,
333 2873 377 2900 25.

961 2690 1019 2718 Jam
1055 2692 1164 2719 historia
1185 2699 1315 2728 quantum
1350 2695 1416 2721 satis
1445 2698 1486 2721 est
1516 2695 1668 2730 explanata,
1683 2704 1712 2724 ut

928 2736 1034 2770 opinor,
1048 2745 1107 2772 age,
1120 2738 1239 2765 animum
1257 2740 1282 2766 in
1295 2740 1478 2774 spiritualibus
1508 2741 1711 2769 considerandis

930 2783 1087 2817 deligamus,
1111 2784 1229 2820 illudque
1255 2787 1462 2820 perpendamus,
1493 2787 1652 2815 universalis
1684 2793 1711 2815 et
