1917 3038
200 163 265 191 ΙΟἹ

690 152 719 187 S.
740 158 877 188 CYRlLLl
897 141 1130 187 ALEXANDRlNi
1150 158 1307 186 ARCHIEP.

1752 161 1819 192 ηδε

199 217 587 249 communissimmoeeonomite
616 223 662 251 per
682 217 819 244 Christum
849 220 980 251 suscepta:

1038 216 1145 242 ιαθόλου
1171 216 1218 242 xui
1239 214 1423 250 γενικωτάτης
1452 215 1605 248 οἰκονομίας
1629 214 1677 249 τῆς
1692 213 1738 241 διὰ
1751 213 1820 249 Χρι-

201 271 291 302 lypum
305 263 535 291 evidentissimum
562 260 655 293 fuisse,
675 269 735 296 qua:
759 261 858 289 Judmis
882 269 980 289 eveneo

200 316 271 338 runt.
300 310 382 336 Erant
407 308 478 335 enim
516 307 553 334 illi
580 307 606 333 in
634 307 776 342 Babylone,
803 307 982 335 involuntario

201 359 278 391 plane
292 356 356 390 jugo
371 354 507 381 servitutis
516 354 650 388 oppressi,
667 359 894 387 peccatorumque
917 360 981 380 suo-

201 409 257 428 rum
275 408 367 435 pwnas
383 399 556 427 exsolvebant
572 407 579 425 :
600 403 627 426 et
642 398 692 425 hac
708 399 741 425 de
764 405 843 424 causa
863 397 983 424 hostibus

199 447 311 477 subditi,
322 446 348 472 in
365 453 458 472 eorum
470 449 601 478 potestate
615 443 750 471 vivebant.
771 444 921 478 Aliquando
937 451 984 470 att-

200 496 252 517 tem
268 490 322 517 Deo
337 490 480 516 miserante
492 489 609 520 liberati,
620 493 645 515 et
660 490 767 515 domum
785 488 983 524 reversi,632

201 540 434 563 terramsauctam
468 534 638 566 habitarunt,
670 534 835 568 principibus
859 541 889 561 ae
915 541 983 568 prte-

201 581 278 608 fectis
292 580 458 607 Zorobabele
471 585 497 607 et
513 581 587 608 Jesu.
604 579 632 607 Et
649 580 744 606 Darius
760 579 878 613 quidem,
889 586 984 613 quam-

201 628 241 654 vis
268 627 338 654 idola
378 626 487 658 coleret,
517 627 636 653 divinqu
669 625 797 659 templum
829 624 985 652 remdilieari

201 674 343 699 mandasse
357 673 486 704 cernitur,
503 672 627 706 lignaque
649 678 664 698 e
696 671 798 698 Libano
812 675 840 697 et
860 670 986 704 pecunia—

202 726 260 744 rum
280 718 381 745 rcdilus
410 719 574 744 attribuisse.
595 717 642 743 Ast
669 716 705 742 illi
749 716 782 742 ad
810 715 985 749 exsequenda

203 765 256 791 Deo
268 763 426 798 complacita
439 763 501 789 lenti
514 769 545 789 ac
561 763 628 789 lanii
644 765 732 788 erant.
748 761 859 795 Insuper
869 765 897 787 et.
922 768 987 787 catt-

201 809 341 839 sabantur,
354 809 474 835 dicentes
491 816 497 833 :
517 817 526 833 ι
547 807 602 834 Νοιι
615 807 687 834 venit
711 812 814 840 tempus
836 806 986 833 aediﬁcandi

202 853 310 879 domum
320 853 434 879 Domini.
455 862 464 877 ι
483 851 547 878 Item
564 857 635 878 totus
668 851 784 879 mundus
810 850 945 878 scductori
961 854 989 877 et

1033 262 1096 288 στοῠ
1110 262 1262 297 γενημένης
1279 261 1361 293 τύπος
1379 262 1411 288 ἂν
1427 259 1491 293 εἷεν,
1507 261 1553 287 καὶ
1573 261 1645 296 μάλα
1662 261 1760 296 σαφὴς,
1784 262 1820 288 τὰ

1033 309 1087 338 τοῖς
1108 308 1244 339 Ἰουδαίοις
1268 307 1468 342 συμϐεϐηκότα.
1495 307 1526 333 Οἱ
1551 306 1600 341 μὲν
1623 306 1677 342 γὰρ
1696 305 1768 342 ἦσαν
1790 307 1820 333 ὲν

1034 352 1171 379 Βαϐυλῶνι
1188 351 1225 387 τῷ
1241 352 1289 387 τῆς
1301 352 1449 386 ἀϐουλήτου
1476 351 1596 383 δουλείας
1616 351 1820 386 κατηχθημένοι

1033 395 1117 431 ζυγῷ,
1131 397 1176 422 xui
1188 397 1264 428 δίκας
1275 396 1425 427 ἐκτίνοντες
1439 396 1492 422 τῶν
1500 395 1590 430 σφίσιν
1605 396 1819 431 ἡμαρτημένων·

1033 442 1134 477 ταύτης
1151 451 1179 469 τε
1191 442 1282 468 ἕνεκεν
1298 443 1347 478 τῆς
1361 442 1449 474 αἰτίας
1460 441 1612 477 τεθειμένοι
1629 450 1658 469 τε
1675 443 1722 469 καὶ
1733 442 1821 477 πράτ-

1034 497 1126 519 τοντες
1150 488 1202 514 ὑπὸ
1224 489 1317 523 χεῖρας
1343 488 1457 523 ἐχθρῶν.
1487 487 1676 523 Λελύτρωνται
1699 488 1728 514 δὲ
1750 488 1821 515 κατὰ

1034 533 1146 569 καιροὺς
1173 533 1240 560 Θεοῦ
1268 534 1516 568 κατοικτείροντος,
1547 534 1593 560 xui
1617 534 1707 560 οἶκαδε
1739 534 1821 561 πάλιν

1035 579 1235 614 ἀνεκομίζοντο,
1252 580 1299 606 καὶ
1310 580 1358 614 τὴν
1375 580 1456 614 ἁγίαν
1471 580 1647 615 κατῳκήκασι
1659 580 1722 614 γῆν,
1736 581 1821 614 ἡγου-

1037 625 1125 660 μένων
1135 626 1225 652 τεκαὶ
1240 626 1447 661 προεστηκότων
1461 626 1611 661 Ζοροὸάόελ
1625 634 1654 652 τε
1666 627 1712 652 καὶ
1721 625 1819 660 Ἰησοῦ.

1036 670 1090 696 Kui
1106 671 1216 705 Δαρεῖος
1246 671 1306 705 μὲν,
1333 670 1421 697 καίτοι
1450 672 1510 702 ταῖς
1540 671 1657 697 εἰδώλων
1681 671 1822 705 λατρείαις

1037 716 1243 751 προσκείμενος,
1268 718 1309 743 ὅτι
1329 716 1383 752 χρὴ
1397 716 1442 743 τὸν
1457 716 1527 743 θεῖον
1544 717 1741 751 ἀναδείμασθαι
1754 716 1822 743 νεὼν

1037 761 1133 796 ὁρᾶται
1149 761 1351 797 προστεταχὼς,
1369 761 1436 794 ξύλα
1462 770 1491 788 τε
1516 763 1719 798 προσεπιδιδοίις
1740 763 1775 789 τὰ
1789 764 1821 789 ἐκ

1038 807 1084 834 τοῦ
1106 808 1223 834 Λιϐάνου
1244 807 1290 835 xui
1307 808 1458 843 χρημάτων
1482 808 1592 843 πόρους.
1608 809 1639 834 Οἱ
1656 808 1684 835 δὲ
1709 809 1822 844 ὀκνηροὶ

1039 854 1086 880 xui
1102 853 1209 888 βραδεῖς
1224 851 1294 888 ἦσαν
1319 853 1359 879 ἔτι
1388 854 1452 889 περὶ
1469 854 1499 880 τὸ
1527 855 1625 890 χρῆναι
1652 854 1774 890 πληροῦν
1788 856 1822 881 τὰ

205 905 317 932 tyranno
326 898 432 925 Satanze
447 897 614 931 subiacebat,
632 902 659 924 et
674 897 752 923 abeo
771 896 893 930 captivus
916 901 986 923 tene—

1038 899 1147 936 θυμήρη
1163 899 1232 934 Θεῷ.
1255 899 1408 927 Ἦλίσκοντο
1422 900 1450 926 δὲ
1465 901 1510 926 xui
1525 902 1717 936 προφασισταὶ,
1736 911 1745 927 ι
1766 901 1822 936 Οὐχ

202 944 290 975 batur,
307 948 333 970 et
345 951 390 977 per
402 948 554 977 peccatum,
572 943 684 976 ejusque
702 943 747 976 qui
762 948 857 969 natura
878 947 905 969 et
923 949 987 969 vere

204 989 272 1014 Deus
286 989 525 1022 universarumque
537 996 625 1014 rerum
639 988 746 1014 molitor
757 993 784 1014 et
815 992 909 1014 auctor
935 992 985 1019 est,

203 1033 382 1066 ignorantiam
403 1040 502 1067 sagena
524 1032 735 1067 comprehensus
757 1037 825 1058 erat.
849 1032 901 1058 Sed
919 1031 988 1059 Deus

203 1079 228 1104 in
240 1078 346 1105 Christo
362 1079 499 1105 servitutis
512 1078 625 1106 vinculis
641 1078 762 1112 abruptis
793 1085 853 1104 eum
879 1078 987 1112 eripuit.

202 1122 284 1156 Cujus
325 1123 433 1150 ductum
479 1123 585 1155 secuti,
621 1122 877 1150 eommorationilms
917 1123 988 1157 apud

203 1169 296 1195 hostes
312 1168 413 1195 relictis
425 1172 452 1194 et
471 1176 564 1195 errore
587 1168 674 1194 cultus
701 1168 845 1195 multorum
859 1168 985 1201 deorum,

204 1219 329 1248 tanquam
349 1218 419 1240 terra
433 1213 520 1247 aliqua
537 1214 656 1245 deserta,
672 1214 704 1240 ad
722 1213 798 1247 Sion,
815 1214 864 1241 sub
891 1215 988 1242 intelli-

203 1260 320 1294 gentiam
349 1259 489 1286 cadentcm
522 1259 657 1290 videlicet,
686 1260 736 1287 hoc
757 1265 798 1286 est
829 1259 988 1291 Ecclesium.

205 1305 378 1332 recurrimus.
407 1305 599 1332 Animadverte
629 1305 699 1332 enim
720 1312 835 1339 quonam
857 1307 935 1333 modo
963 1306 988 1332 in

203 1350 266 1377 Jesu
282 1355 309 1378 et
324 1349 487 1377 Zorobabele
503 1349 627 1377 Christus
644 1350 718 1377 nobis
735 1351 913 1378 describatur.
924 1350 989 1377 Nam

205 1394 365 1425 Zorobabel,
393 1398 421 1420 ut
451 1394 517 1427 dixi,
548 1402 563 1421 θ
586 1394 655 1420 tribu
681 1393 747 1420 .luda
775 1395 921 1429 prodierat,
942 1403 990 1422 nec

206 1440 314 1466 aliunde
328 1439 455 1466 Dominus
477 1444 518 1466 cst
541 1445 661 1467 exortus.
681 1439 743 1466 Ideo
763 1440 842 1467 etiam
871 1442 990 1475 regnavit

205 1493 285 1519 super
298 1485 389 1511 lsrael.
404 1484 448 1511 Sic
465 1492 578 1518 namque
591 1485 706 1518 quodam
720 1485 778 1512 loco
799 1493 844 1519 per
858 1493 888 1512 os
908 1486 990 1513 David

206 1531 291 1565 inquit
308 1539 314 1556 :
333 1539 342 1555 ι
364 1531 418 1564 Εεο
433 1538 495 1557 vero
511 1531 671 1557 constitutus
683 1538 740 1558 sum
779 1539 824 1558 rex
838 1532 870 1563 ⁵⁷,
894 1541 902 1557 ι
936 1538 987 1560 etc.

207 1577 270 1605 Erat
283 1581 371 1603 autem
393 1575 471 1603 Jesus
496 1577 527 1603 de
553 1576 622 1603 ll'lbll
657 1581 685 1603 et
710 1578 840 1611 sanguine
868 1577 943 1610 Levi,
963 1583 990 1605 et

206 1629 319 1654 magnus
347 1622 474 1648 sacerdos
498 1625 540 1648 est.
573 1622 834 1656 eognominatus.Et
866 1623 990 1651 Christus

208 1672 301 1694 noster
315 1674 436 1694 sunnnus
451 1667 579 1694 sacerdos
594 1667 653 1698 fuit,
668 1668 785 1702 seipsum
803 1676 851 1703 pro
867 1669 944 1696 nobis
962 1674 990 1696 ut

207 1713 405 1739 itrnnaculatam
422 1713 536 1740 hostiam
553 1713 718 1744 sacriﬁcans,
734 1719 762 1740 ut
778 1722 874 1748 agnum
897 1722 989 1741 verum

206 1757 232 1784 in
245 1759 354 1785 odorem
370 1759 514 1786 suavitatis
528 1759 582 1786 Deo
600 1763 627 1786 et
662 1759 735 1787 Patri
763 1759 891 1787 offerens.
927 1760 989 1788 [hec

206 1804 338 1831 subtiliter
349 1805 486 1838 disputare
499 1804 651 1832 volentibus
666 1805 722 1839 ipsa
735 1813 840 1840 quoque
851 1806 987 1833 nominum

207 1850 291 1882 notio,
304 1851 360 1877 sive
377 1850 562 1884 interpretatio
576 1851 653 1877 fidem
671 1851 761 1878 faciet.
776 1851 843 1878 Nam
871 1851 989 1878 Zoroba~

205 1895 247 1922 bel
275 1895 406 1931 liberalia,
437 1903 484 1923 seu
511 1897 652 1931 redemptio
675 1897 779 1924 Latine.
798 1902 892 1929 sonat,
913 1896 990 1924 Sala-

208 1940 289 1971 thiel.
315 1940 456 1967 declinatio
490 1941 550 1968 Dei.
588 1941 633 1968 Ait
661 1949 741 1977 porro
767 1942 864 1969 alicubi
891 1942 987 1969 Deus:

209 1994 218 2010 ι
242 1986 310 2012 Ecce
322 1994 371 2020 ego
387 1985 527 2013 deelinabo
541 1986 574 2013 ad
591 1993 636 2014 eos
650 1987 725 2021 quasi
746 1986 843 2025 ﬂuvius
862 1988 947 2022 pacis.
962 1992 990 2014 et

206 2032 282 2065 quasi
298 2037 402 2058 torrens
415 2031 548 2059 inundans
577 2033 690 2067 gloriam
716 2033 834 2067 gentium
848 2033 881 2059 ⁸³.
900 2042 909 2058 ι
942 2033 989 2060 Est

206 2078 278 2104 enim
299 2078 341 2104 ille
357 2078 422 2104 citra
439 2079 631 2105 dubitationem
649 2083 753 2106 torrens
780 2079 948 2111 deliciarum,
962 2083 990 2105 et

206 2127 331 2156 tanquam
346 2123 503 2157 proﬂuvium
518 2124 601 2157 pacis.
620 2124 672 2151 Sed
703 2125 846 2151 declinavit
868 2126 900 2152 ad
928 2133 987 2158 nos,

205 2173 232 2195 et
248 2168 438 2201 propemodum
450 2169 596 2196 translatus
611 2174 661 2199 est,
684 2169 778 2196 relicto
790 2169 897 2197 lsraele.
916 2171 989 2197 Abiit

1037 946 1098 981 ἥκει
1115 946 1244 982 ὀκαιρδς,
1259 946 1393 978 λέγοντες,
1413 946 1459 972 τοῦ
1478 947 1653 982 οἰκοδομῆσαι
1674 947 1720 973 τὸν
1747 945 1823 974 οἷκον

1022 992 1151 1028 εΚυρίου.
1172 1002 1180 1017 ι
1205 993 1376 1027 ’Υπέστρωτο
1389 992 1417 1018 δὲ
1437 992 1483 1018 καὶ
1499 993 1516 1027 ἡ
1529 992 1657 1027 σύμπασα
1669 992 1704 1027 γῆ
1720 993 1760 1027 τῷ
1773 1001 1823 1018 πε-

1039 1038 1186 1074 πλανηκότι
1210 1039 1255 1065 xui
1274 1039 1471 1074 τυραννήσαντι
1488 1039 1613 1074 Σατανᾷ,
1640 1040 1686 1066 καὶ
1710 1037 1745 1074 ἦν
1760 1041 1823 1075 αίχ-

1040 1083 1174 1118 μάλωτος,
1191 1084 1412 1120 σεσαγηνευμὲνη
1428 1084 1496 1119 πρὸς
1510 1084 1596 1120 τούτῳ
1616 1085 1660 1111 διὰ
1673 1086 1722 1120 τῆς
1732 1086 1824 1121 ἁμαρ-

1038 1129 1108 1161 τίας.
1138 1130 1185 1156 xui
1214 1130 1324 1164 (army:
1345 1130 1392 1157 τοῦ
1417 1131 1454 1166 μὴ
1484 1131 1583 1157 εἰδέναι
1609 1132 1654 1158 τὸν
1679 1132 1761 1166 φύσει
1778 1133 1825 1159 καὶ

1039 1175 1148 1210 ἀληθῶς
1161 1176 1225 1202 ὄντα
1236 1176 1302 1203 Θεὸν
1320 1176 1366 1202 καὶ
1382 1176 1435 1202 τῶν
1449 1176 1517 1203 ὅλων
1547 1177 1731 1212 Δημιουργὸν.
1753 1178 1823 1204 Ἀλλ’

1039 1220 1154 1252 ἐξείλετο
1166 1220 1231 1251 Θεὸς
1242 1221 1271 1246 ἐν
1283 1219 1392 1256 Χριστῷ
1419 1221 1454 1247 τὰ
1469 1221 1517 1255 τῆς
1531 1221 1653 1252 δουλείας
1674 1222 1823 1258 διαρρήξας

1039 1265 1134 1300 δεσμά.
1151 1266 1188 1291 Δι’
1206 1265 1286 1292 αὑτοῦ
1303 1265 1357 1300 γὰρ
1373 1266 1597 1301 πεποδηγήμεθα,
1618 1267 1664 1293 xui
1683 1267 1825 1301 διατριϐὰς

1039 1310 1152 1344 ἀφέντες
1167 1310 1215 1342 τὰς
1227 1311 1290 1346 παρ’
1305 1311 1422 1346 ἐχθροῖς,
1432 1311 1478 1337 καὶ
1492 1312 1541 1346 τὴν
1553 1311 1680 1338 πολύθεον
1691 1311 1824 1347 πλάνησιν

1039 1351 1094 1380 οἷόν
1111 1363 1170 1380 τινα
1183 1355 1233 1390 γῆν
1246 1355 1463 1387 ἀπολελοιπότες,
1484 1355 1672 1391 ἁνεδρὰμομεν
1687 1357 1727 1388 εἰς
1744 1356 1823 1388 Σιὼν,

1040 1399 1088 1434 τὴν
1117 1400 1213 1435 νοητὴν
1240 1400 1378 1435 δηλονότι,
1410 1400 1533 1427 τουτέστι
1569 1402 1618 1436 τὴν
1649 1402 1822 1435 Ἐκκλησίαν.

1042 1444 1136 1479 Ἀθρει
1166 1445 1220 1480 γὰρ
1240 1445 1313 1477 ὅπως
1329 1446 1393 1480 ἡμῖν
1417 1446 1453 1478 ὡς
1476 1447 1505 1473 ἐν
1527 1447 1613 1482 Ἰησοῦ
1631 1456 1661 1474 τε
1683 1449 1730 1474 xui
1742 1450 1824 1484 Ζορο-

1042 1489 1124 1516 ϐάϐελ
1135 1490 1312 1526 διαγράφεται
1323 1491 1450 1526 Χριστός.
1464 1490 1518 1518 Ἤν
1536 1492 1586 1527 μὲν
1601 1493 1664 1528 γὰρ,
1684 1493 1721 1526 ὡς
1745 1494 1824 1528 ἔφην,

1041 1537 1054 1562 6
1065 1536 1216 1570 Ζοροϐάϐελ
1235 1537 1267 1562 ἐκ
1284 1537 1332 1571 τῆς
1352 1537 1436 1564 Ἰούδα
1452 1538 1545 1573 φυλῆς,
1558 1539 1725 1565 ἀνατέταλκε
1738 1539 1766 1565 δὲ
1776 1540 1826 1574 οὐχ

1041 1581 1171 1617 ἑτέρωθεν
1189 1583 1203 1608 6
1215 1582 1326 1617 Κύριος.
1347 1583 1490 1618 Τοιγάρτοι
1513 1584 1560 1610 xui
1575 1583 1766 1619 βεϐασίλευκεν
1779 1585 1826 1610 ἐπὶ

1040 1627 1083 1654 τὸν
1106 1628 1222 1663 Ἰσραήλ.
1249 1627 1325 1654 Οὕτω
1350 1629 1404 1664 γάρ
1437 1629 1487 1656 πού
1514 1638 1580 1664 φησι
1610 1629 1653 1657 διὰ
1675 1631 1766 1665 φωνῆς
1779 1630 1825 1657 τοῦ

1039 1673 1129 1699 Δαϐίδ·
1158 1682 1167 1697 ι
1192 1673 1261 1708 Ἐγὼ
1277 1674 1304 1700 δὲ
1333 1675 1502 1710 κατεστάθην
1531 1675 1673 1710 βασιλεὺς,
1691 1685 1700 1701 ι
1721 1676 1768 1702 καὶ
1792 1676 1827 1702 τὰ

1040 1720 1112 1754 ἑξῆς.
1129 1716 1181 1746 Ἦν
1196 1719 1223 1746 δὲ
1237 1720 1268 1755 δὴ
1280 1720 1326 1746 xui
1347 1719 1449 1755 Ἰησοῦς
1459 1721 1491 1747 εκ
1504 1721 1589 1756 φυλῆς
1606 1729 1635 1747 τε
1647 1721 1694 1748 καὶ
1710 1722 1828 1756 αἵματος

1039 1765 1086 1791 τοῦ
1105 1764 1181 1796 Λευτ,
1200 1765 1408 1800 κατωνόμασται
1424 1766 1452 1792 δὲ
1480 1766 1526 1792 καὶ
1550 1767 1637 1801 μέγας
1653 1767 1752 1801 ἱερεύς.
1776 1767 1827 1793 Γέ-

1040 1818 1101 1844 γονε
1112 1810 1140 1836 δὲ
1154 1810 1199 1836 καὶ
1215 1810 1293 1845 ἡμῶν
1307 1810 1452 1846 ἀρχιερεὺς
1466 1811 1480 1836 6
1498 1811 1625 1846 Χριστὸς,
1639 1811 1734 1838 ἑαυτὸν
1757 1812 1828 1847 ὑπὲρ

1039 1855 1117 1889 ἡμῶν
1143 1854 1303 1890 ἱερουργῶν,
1329 1855 1367 1886 ὡς
1391 1856 1505 1891 ἄμωμον
1532 1857 1651 1892 ἱερεῖον,
1675 1857 1712 1888 ὡς
1742 1857 1828 1892 ἀμνὸν

1040 1899 1164 1934 ἀληθινὸν
1190 1900 1229 1931 εἰς
1252 1900 1338 1935 ὀσμὴν
1352 1900 1465 1932 εὐωδίας
1492 1901 1629 1934 ἀνατιθεὶς
1639 1902 1679 1937 τῷ
1698 1902 1758 1938 Θεῷ
1780 1903 1828 1929 καὶ

1039 1945 1137 1981 Πατρί.
1166 1946 1334 1973 Πιστὼσεται
1364 1947 1392 1973 δέ
1424 1957 1481 1979 πως
1509 1947 1554 1974 τὸν
1578 1948 1624 1974 ἐπὶ
1651 1948 1719 1983 τῷδε
1748 1949 1827 1983 λόγον

1042 1992 1190 2026 ίσχνοεπεῖν
1200 1992 1336 2026 ἑλομένοις
1350 1993 1396 2019 xui
1408 1993 1475 2028 αὑτὴ
1484 1993 1537 2020 τῶν
1548 1993 1687 2028 ὀνομάτων
1699 1995 1716 2030 ὴ
1731 1995 1826 2021 διασὰ-

1040 2046 1137 2072 φησις,
1161 2037 1244 2071 ἤγουν
1268 2038 1410 2073 ἑρμηνεία.
1426 2040 1507 2074 Δηλοῐ
1531 2040 1580 2074 μὲν
1603 2040 1658 2076 γὰρ
1673 2041 1827 2076 Ζοροϐάϐελ

1036 2083 1127 2116 ῥύσις
1156 2083 1386 2119 μετατεθειμένη·
1407 2084 1541 2120 Σαλαθιήλ
1557 2094 1588 2119 γε
1611 2086 1664 2121 μὴν
1689 2086 1826 2121 ἔκκλισις

1041 2130 1123 2157 Θεοῦ.
1133 2129 1204 2165 Ἔφη
1214 2130 1241 2155 δέ
1255 2139 1304 2156 που
1319 2130 1366 2156 xui
1377 2131 1390 2156 6
1403 2131 1528 2165 Χριστός·
1547 2140 1556 2156 ι
1567 2131 1631 2158 Ἰδοὺ
1643 2131 1698 2166 ἐγὼ
1709 2132 1826 2159 ὲκκλίνω

1041 2176 1083 2202 ἐπ’
1101 2177 1197 2208 αὐτοὺς
1216 2176 1253 2207 ὡς
1266 2177 1386 2211 ποταμὸς
1398 2178 1518 2212 εἰρήνης,
1537 2178 1583 2204 xui
1601 2178 1638 2209 ὡς
1660 2179 1827 2215 χειμάρρους

205 2218 306 2243 autent,
322 2213 428 2245 utdixi,
463 2214 496 2240 ad
521 2218 630 2241 vocatos
657 2222 690 2241 ex
710 2215 834 2249 gentibus
859 2215 884 2242 in
923 2223 987 2250 quos

1042 2222 1195 2253 ἐπικλύζων
1209 2221 1288 2254 δόξαν
1299 2221 1394 2249 ἐθνῶν.
1413 2232 1422 2248 ι
1448 2223 1526 2249 Ἔστι
1544 2224 1591 2258 μὲν
1609 2225 1663 2259 γὰρ
1679 2213 1826 2258 ὁμολολίου-

207 2260 357 2287 cu:lestitnn
375 2268 406 2287 ac
422 2261 604 2295 spiritualium
618 2261 750 2287 bonorum
763 2262 865 2296 copiam
879 2262 991 2297 largiter

206 2311 232 2333 et
245 2307 361 2341 gratuito
375 2306 524 2340 iustissime
542 2305 644 2332 effudit.
668 2305 745 2333 Jesus
766 2314 829 2334 vero
849 2307 898 2333 ιαὼ
924 2308 991 2334 salu-

207 2357 259 2379 tcm
275 2351 427 2386 significat;
446 2351 511 2386 quin
523 2356 551 2378 et
562 2350 675 2378 Joscdec
694 2351 744 2378 ὶαὼ
756 2352 868 2379 salutem
878 2352 992 2386 etjusti-

208 2398 282 2423 tiam.
299 2396 359 2422 Ἰαὼ
373 2404 436 2424 vero
453 2401 493 2423 est
520 2397 638 2423 omnium
652 2397 721 2423 Dens
736 2405 742 2429 ;
765 2397 887 2425 Christus
901 2403 990 2425 autem

208 2443 283 2469 salus
314 2447 341 2468 et
366 2442 469 2476 justitia
503 2450 518 2469 a
550 2443 604 2469 Deo
633 2447 659 2470 ct
690 2442 770 2470 Patre
799 2444 876 2471 nobis
906 2444 990 2472 factus

206 2492 248 2514 est
278 2487 311 2516 ‘9.
341 2486 442 2514 Salvati
469 2488 541 2515 enim
565 2495 657 2515 sumus
681 2488 707 2514 in
737 2488 792 2520 illo,
816 2489 910 2515 mortis
935 2494 991 2516 rete

206 2532 382 2566 elTugientcs,
409 2538 436 2560 ct
465 2533 602 2567 justilicati
643 2541 690 2567 per
723 2533 821 2565 ﬁdem,
856 2539 988 2569 peccato,

206 2577 286 2612 633
302 2579 372 2612 quod
399 2580 475 2606 nobis
501 2581 704 2613 dominabatur,
729 2587 821 2609 exuto.
847 2582 939 2616 Igitur,
960 2587 989 2608 ut

207 2624 313 2650 redeam
332 2624 400 2651 unde
417 2624 521 2656 deﬂexi,
542 2633 629 2660 regem
655 2627 762 2660 quidem
786 2627 811 2653 in
827 2627 988 2659 Zorobabel,

207 2675 339 2695 summum
358 2677 420 2696 vero
437 2671 605 2697 sacerdotem
623 2671 648 2698 in
665 2671 726 2699 Jesu
746 2672 988 2699 considerabimus.
1007 2685 1009 2687 ι

208 2713 397 2743 Verumtamen
411 2716 499 2743 videat
513 2724 605 2744 rursus
621 2724 663 2744 res
679 2717 758 2744 utiles
775 2718 894 2744 discendi
913 2718 989 2751 cupi-

207 2760 256 2786 dus
276 2760 378 2788 Judaici
395 2762 483 2796 populi
510 2762 708 2796 prolapsionem
731 2763 756 2789 in
779 2763 946 2794 soonrdium,
963 2768 990 2789 et

243 2847 264 2863 ⁸⁷
281 2848 349 2876 Psal.
367 2858 396 2882 n,
410 2850 435 2877 6.
475 2851 496 2867 ⁷³⁸
514 2851 565 2878 lsa.
584 2859 656 2883 vat,
674 2852 713 2878 l2.
753 2852 773 2867 W
789 2849 798 2875 Ι
813 2851 874 2877 (lor.
891 2858 909 2882 I,
925 2850 968 2876 30.

1043 2267 1130 2302 μένως
1150 2267 1229 2298 αὐτὸς
1243 2269 1257 2293 6
1271 2268 1438 2303 χειμάρρους
1450 2268 1500 2303 τῆς
1515 2270 1630 2304 τρυφῆς,
1647 2270 1694 2296 xui
1709 2267 1765 2296 οἷον
1778 2270 1827 2304 τῆς

1041 2312 1149 2346 εἰρήνης
1174 2313 1286 2348 ἡρύσις.
1327 2314 1394 2339 Ἀλλ’
1424 2314 1581 2341 ὲκκέκλικεν
1608 2316 1647 2346 εἰς
1669 2316 1753 2350 ὑμᾶς,
1782 2316 1827 2343 καὶ

1042 2359 1181 2393 μονονουχὶ
1207 2359 1392 2392 μετατέθειται
1416 2360 1615 2392 καταλελοιπὼς
1641 2362 1686 2388 τὸν
1711 2361 1825 2398 Ἰσραήλ.

1041 2402 1191 2437 Κεχώρηκε
1203 2403 1241 2431 δὲ.
1257 2403 1294 2431 ὡς
1310 2403 1387 2438 ἔφην,
1401 2405 1441 2435 εἰς
1455 2405 1516 2436 τοὺς
1541 2405 1571 2437 ἐξ
1586 2405 1670 2432 ὲθνῶν
1687 2406 1826 2441 κεκλημέ-

1042 2455 1113 2478 νους,
1126 2447 1229 2479 τούτοις
1241 2448 1342 2475 ἀνωθεν
1358 2450 1404 2475 καὶ
1427 2451 1621 2484 πνευματικοῖς
1646 2450 1761 2484 ἀγαθοῖς
1774 2451 1826 2486 ἀμ-

1043 2492 1145 2527 φιλαφῆ
1160 2493 1209 2528 τὴν
1225 2493 1302 2528 χύσιν
1317 2491 1346 2520 εὖ
1365 2494 1436 2528 μάλα
1461 2495 1641 2530 δωρούμενος.
1670 2497 1774 2531 Ἰησοῦς
1800 2497 1827 2524 δὲ

1044 2536 1096 2562 Ζαὼ
1110 2537 1245 2573 σωτηρίαν
1255 2538 1391 2573 ὑποδηλοῖ.
1412 2540 1467 2565 Kui
1485 2539 1537 2575 μὴν
1564 2541 1611 2567 xui.
1640 2541 1757 2567 Ίοσεδὲκ
1777 2541 1827 2568 ἱαὼ

1042 2582 1088 2608 καὶ
1101 2582 1285 2618 δικαιοσύνην.
1311 2583 1371 2610 Ἰαὼ
1387 2585 1415 2610 δέ
1431 2586 1503 2611 ἐστιν
1514 2585 1528 2611 ὁ
1544 2585 1597 2611 τῶν
1612 2585 1680 2612 ὅλων
1692 2586 1768 2618 Θεὸς,
1781 2587 1826 2620 γε·
1874 2589 1882 2595 '

1041 2634 1103 2660 γονε
1127 2627 1155 2653 δὲ
1184 2628 1247 2663 ἡμῖν
1274 2630 1288 2655 6
1315 2629 1431 2664 Χριστὸς
1451 2631 1570 2666 σωτηρία
1597 2631 1644 2658 καὶ
1671 2632 1825 2667 δικαιοσύνη

1041 2672 1116 2707 παρὰ
1127 2672 1173 2698 τοῦ
1190 2674 1256 2700 Θεοῦ
1275 2675 1320 2701 καὶ
1332 2675 1446 2710 Πατρός.
1465 2675 1629 2709 Σεσώσμεοα
1645 2676 1700 2711 γὰρ
1714 2678 1742 2702 ὲν
1754 2677 1826 2710 αὐτῷ

1040 2718 1070 2744 τὺ
1082 2718 1128 2744 τοῦ
1141 2719 1257 2746 θανάτου
1290 2721 1418 2754 φυγόντες
1439 2721 1529 2752 λίνον,
1553 2722 1598 2747 xui.
1627 2721 1825 2757 δεδικαιώμεθα

1040 2764 1083 2790 διὰ
1097 2764 1224 2794 πίστεως,
1244 2765 1292 2795 τὴν
1308 2766 1367 2792 καθ’
1384 2766 1457 2802 ἡμᾶς
1471 2766 1678 2803 τυραννήσαταν
1691 2766 1824 2807 ἁμαρτίαν
