1917 3038
69 140 138 170 1033

510 138 545 166 ΙΝ
565 138 723 168 ΔΕΟΑΞΗΜ
746 137 954 168 PROPHETAM
973 135 1259 166 COMMENTARIUS.

1631 137 1699 167 1054

68 195 279 232 ἀποδυσάμενοι.
302 195 417 227 Οὐκοῦν,
447 196 588 232 ἀνακομιῶ
604 197 658 232 γὰρ
670 194 747 229 αὖθις
762 198 802 229 εις
826 197 858 224 τὸ
872 210 879 229 Α

919 205 962 233 ιιιο
974 201 1051 232 pacto
1065 197 1098 225 ad
1110 197 1194 225 divini
1209 195 1310 232 templi,
1321 195 1373 225 hoc
1387 200 1439 230 est,
1454 195 1584 225 Ecclesiae
1595 196 1697 226 Christi

68 245 96 271 έν
110 245 181 280 ἀρχῇ
197 243 242 270 τὸν
259 243 347 277 λόγον,
364 242 477 278 βασιλέα
491 243 541 278 μὲν
557 244 638 270 αὑτὸν
651 244 678 270 ὲν
689 243 726 278 τῷ
740 243 859 279 Ζοροδά-

67 289 123 321 σελ,
137 289 267 324 ἁρχιειία
287 297 318 322 γε
343 288 396 323 μὴν
412 289 440 315 έν
463 288 502 323 τῷ
528 288 615 323 Ἰησοῦ
638 288 858 324 καταθρήσομεν.

66 335 140 370 Πλὴν
154 335 243 370 ὁράτω
260 334 341 361 πάλιν
357 335 370 361 ὁ
382 334 577 370 χρηστομαθὴς
604 335 634 361 τὸ
649 334 704 361 τῶν
726 336 860 363 Ἰουδαίων

66 381 264 412 ἀναπεπτωκὸς
283 381 323 412 εἰς
342 381 373 406 τὸ
385 381 516 416 ῥᾴθυμον,
534 381 580 408 καὶ
603 381 642 413 είς
657 381 687 407 τὸ
703 382 740 417 μὴ
752 381 860 409 ἑλέσθαι

66 427 157 453 πονεῖν
169 425 203 452 τὰ
217 426 285 461 πρὸς
314 425 443 453 σύστασιν
459 426 505 453 τοῦ
538 426 610 454 θείου
630 427 706 459 ναοῦ,
732 428 856 456 τουτέστι

65 471 114 506 τῆς
131 472 294 507 Ἐκκλησίας
308 472 437 508 Χριστοῦ.
460 473 690 508 Προσεπαθρείτω
704 473 733 500 δὲ
754 466 887 506 τούτοιςΑ

65 517 114 544 καὶ
142 518 173 544 τὸ
192 518 332 553 πρόθυμον
354 518 408 545 τῶν
422 518 518 552 ἐθνῶν,
547 519 594 546 καὶ
612 519 642 546 τὺ
659 520 727 547 πολὺ
749 520 809 548 λίαν
820 521 861 548 δι-

65 563 252 598 εγηγερμένον
283 563 323 595 εἰς
350 563 505 599 φιλεργίας.
535 565 646 600 Δαρεῖος
671 565 720 600 μὲν
744 566 809 602 γὰρ,
824 566 862 598 ὼς

65 608 145 644 ἔφην,
161 608 315 644 ἐγείρεσθαί
329 618 359 636 τε
375 610 546 645 προστέταχε
560 610 607 637 τὸν
621 610 699 643 νεὼν,
713 612 761 639 καὶ
776 612 811 639 τὰ
822 613 862 644 είς

65 655 145 687 δόξαν
159 655 330 691 πληροῦσθαι
346 656 393 682 τοῦ
411 657 522 684 πάντων
553 657 719 692 κρατοῦντος
731 657 810 685 Θεοῦ.
829 658 860 685 01

64 701 92 728 δὲ
104 699 176 736 ἦσαν
188 701 310 737 ὀκνηροί,
333 702 379 729 καὶ
409 702 646 738 ἀφιλεργέστατοι,
679 703 726 731 καὶ
749 703 802 730 τῶν
815 704 862 731 ἀνι

64 746 198 774 δανόντων
215 746 321 782 Θεῷ-τὰ
344 747 433 775 οἰκεῖα
450 748 633 783 προτιθέντες,
659 748 709 776 καὶ.
722 749 788 776 πολὺ
801 749 862 776 δια-

65 794 224 826 νενευκότες
235 793 281 822 ἐπὶ
309 793 343 820 τὰ
368 794 550 830 γεωδέστερα.
566 795 663 826 Οἶκους
675 795 739 830 γὰρ,
758 795 841 830 φησὶν
852 814 860 826 ,

67 841 217 874 ὲπκεὺαζον
234 840 454 876 κοιλοστάθμους.
471 841 614 876 Τοιγάρτοι
625 842 691 876 φησὶ
704 841 785 868 Δαϐὶδ
797 841 862 877 περὶ

910 245 1139 271 constructionem
1165 250 1261 278 operas
1287 243 1413 271 conferre
1441 243 1586 271 noluerint.
1611 242 1698 270 Simul

911 288 990 315 etiam
1018 288 1185 316 alacritatem
1214 288 1351 324 gentium.
1374 293 1401 317 et
1425 296 1506 323 quam
1528 290 1562 316 ad
1585 289 1700 325 impigre

911 332 1086 361 laborandum
1105 335 1229 362 ferveant
1247 334 1393 362 intueatur.
1410 334 1449 362 Ae
1466 335 1562 364 Darius
1580 337 1698 371 quidem,

911 383 943 406 ut
964 379 1034 412 dixi,
1051 380 1179 416 templum
1204 381 1333 415 excitari,
1350 385 1377 408 et
1397 388 1456 416 qute
1478 382 1643 417 pertinerent
1666 383 1700 410 ad

911 425 1024 460 gloriam
1048 426 1095 454 Dei
1117 427 1319 462 omnipotentis,
1334 428 1457 463 praestari
1482 429 1633 463 imperavit.
1648 428 1700 463 ipsi

913 477 976 498 vero
998 471 1116 505 inertes,
1139 477 1166 500 et
1189 481 1203 500 a
1228 473 1322 502 labore
1344 474 1594 507 abliorrentissimi,
1619 479 1645 502 et
1667 475 1702 502 ad

911 516 982 545 ﬂuxa
996 518 1109 546 nimium
1125 520 1250 555 propensi
1263 520 1317 548 Dco
1333 521 1418 556 gratis
1433 529 1482 549 sua
1497 522 1700 556 praeponebant.

915 563 1015 592 Domus
1028 565 1112 598 enim,
1128 565 1224 601 inquit,
1238 574 1369 595 concavas
1385 568 1498 603 pulchre
1511 568 1699 596 cxstruebant.

912 608 1028 637 Proinde
1044 609 1125 638 David
1141 610 1179 637 ait
1193 610 1226 638 de
1244 611 1369 646 gentibus
1388 621 1395 639 :
1416 621 1425 639 (
1448 612 1616 641 Desiderinm
1632 621 1700 649 pau-

912 662 1006 691 perum
1033 655 1172 685 exaudivit
1195 655 1333 686 Dominus.
1360 657 1586 693 Praeparationem
1610 660 1701 688 cordis

912 708 1005 729 eorum
1026 701 1128 730 audivit
1142 702 1216 730 auris
1231 702 1288 738 ejus
1298 703 1333 732 ⁸ο.
1351 712 1360 729 ι
1380 703 1563 738 Promptiores
1579 705 1650 732 enim
1666 706 1700 732 ad

913 747 1077 774 credendum
1094 747 1203 775 [uerunt
1217 755 1249 776 ex
1265 749 1406 783 gentibus,
1421 749 1487 784 pigri
1507 749 1650 776 admodum
1667 757 1701 777 ex

912 792 1004 820 Israel.
1016 792 1170 828 Cognoscas
1183 799 1273 821 autem
1288 795 1359 829 quod
1371 795 1430 823 dico
1442 795 1524 823 etiam
1540 803 1573 823 ex
1586 803 1702 830 cvangc—

913 839 973 866 licis
989 839 1107 873 Litteris,
1121 841 1181 868 sive
1195 841 1339 876 parabolis.
1352 841 1504 870 Currebant
1519 842 1590 869 cnim
1607 842 1652 877 qui
1670 842 1702 869 ad

68 885 123 912 τῶν
141 885 236 913 ἐθνῶν·
254 895 263 911 ι
280 885 335 921 Τὴν
352 886 498 922 ἐπιθυμίαν
512 887 565 914 τῶν
579 887 702 923 πενήτων
719 887 863 922 είσήκουσε

919 893 1021 913 umnam
1040 886 1207 920 invitabant,
1224 890 1251 914 et
1267 887 1300 915 ad
1317 888 1424 923 nuptias
1441 889 1652 923 congregabant.
1669 890 1705 915 At

64 931 179 967 Κύριος.
192 932 230 968 Τῇ
246 932 391 968 ἑτοιμασίᾳ
408 933 458 968 τῆς
478 933 592 970 καρδίας
621 933 710 960 αὐτῶν
723 933 859 970 προσέσχε

64 977 95 1005 τὸ
107 975 154 1010 οὖς
167 978 259 1005 αὑτοῦ.
279 989 288 1005 ι
314 979 498 1014 Ἐτοιμρτεροι
526 980 580 1015 γὰρ
605 980 644 1011 εἰς
668 979 700 1007 τὸ
723 979 866 1008 πιστεύειν.

65 1026 91 1052 at
108 1024 142 1056 ὲξὶΔ
151 1024 244 1057 ἐθνῶν,
258 1024 370 1061 ὀκνηροί
385 1024 415 1053 δὲ
431 1024 491 1052 λίαν
506 1025 531 1050 οὶ
557 1025 586 1058 ἐξ
608 1025 725 1062 Ἰσραήλ.
745 1026 825 1058 Ἴδοις
840 1026 862 1053 δ’

66 1071 100 1098 ἂν
117 1071 131 1098 ὅ
149 1080 220 1107 φημι
243 1072 290 1098 καὶ
307 1072 337 1099 ἑν
350 1071 541 1106 εὐαγγελικοῖς
557 1072 784 1108 συγγράμμασιν,
803 1073 865 1108 ἦτοι

66 1116 246 1153 παραϐολαῖς.
268 1117 399 1153 Ἔτρεχον
430 1117 478 1152 μὲν
495 1117 550 1153 γὰρ
578 1118 604 1144 οἱ
617 1117 861 1154 δειπνοκλήτορες,

68 1163 277 1198 συναγείροντες
290 1163 345 1194 σείς
373 1163 437 1194 τοὺς
457 1162 573 1199 γάμους.
592 1163 624 1190 ΟΞ
643 1163 671 1191 δὲ
695 1163 745 1191 οὐκ
767 1163 864 1199 ἧθελον

67 1209 167 1242 ἐλθεῖν,
184 1209 348 1239 summm
362 1209 391 1238 δὲ
406 1209 557 1245 προφάσεις
574 1211 602 1237 έν
613 1211 773 1247 ἁμαρτίαις.
801 1219 812 1238 ι
834 1211 864 1238 '0

70 1256 120 1290 μὲν
133 1255 188 1291 γὰρ
206 1256 335 1290 ἔφασκεν·
358 1255 456 1292 ’Δγρὸν
473 1255 608 1291 ἠγόρασα.
635 1257 664 1283 '0
689 1257 728 1283 δέ·
745 1257 866 1286 Γυναῖκα

69 1300 171 1337 ἔγημα.
190 1302 302 1337 ᾭχοντο
325 1301 354 1328 δὲ
379 1301 426 1329 καὶ
454 1301 543 1337 ἕτεροι
560 1302 629 1338 πρὸς
655 1302 704 1338 τὴν
727 1303 865 1339 ἐμπορίαν

69 1345 171 1373 αὐτῶν.
190 1355 199 1372 ι
216 1345 320 1373 Οὐκοῦν
335 1345 494 1381 κέκληνται,
510 1346 557 1373 καὶ
572 1346 734 1382 εἰσέδραμον
752 1347 791 1378 είς
802 1347 866 1378 τοὺς

70 1393 177 1428 γάμους
190 1393 214 1419 oi
237 1394 266 1420 ὲν
287 1393 349 1424 ταῖς
371 1393 441 1425 ὁδοῖς
471 1394 518 1421 καὶ
546 1393 623 1430 παρὰ
647 1395 702 1426 τοῖς
741 1396 880 1430 φραγμοῖς

914 930 1019 958 invitati
1033 931 1160 959 nolebant
1173 932 1276 966 venire,
1289 937 1315 959 et
1330 932 1466 968 ﬁngebant
1477 932 1664 960 excusationes
1677 933 1703 960 in

913 977 1042 1012 peccatis.
1059 986 1068 1003 ι
1094 977 1170 1006 Unus
1192 978 1263 1006 enim
1289 979 1469 1014 respondebat
1491 988 1498 1006 :
1517 979 1618 1014 Agrum
1638 980 1703 1007 emi.

912 1023 986 1050 Alius
1010 1031 1016 1050 :
1043 1023 1159 1051 Uxorem
1187 1024 1262 1052 duxi.
1277 1024 1329 1055 Atii
1350 1025 1427 1052 ibant
1451 1025 1484 1052 ad
1510 1025 1705 1064 negotiationes

912 1076 975 1096 suas
986 1069 1020 1096 ⁵¹.
1040 1079 1056 1096 ι
1071 1070 1160 1103 Quare
1177 1071 1264 1098 vocati
1283 1076 1358 1104 sunt,
1373 1076 1400 1099 et
1417 1072 1450 1099 ad
1468 1075 1575 1107 nuptias
1593 1072 1705 1100 advola-

914 1119 977 1142 runt
996 1115 1040 1149 qui
1056 1115 1081 1142 in
1100 1116 1152 1143 viis
1171 1115 1286 1150 etjuxta
1300 1124 1377 1153 sepcs
1391 1118 1608 1152 reperiebantur,
1627 1119 1705 1147 facti-

913 1169 966 1196 que
987 1166 1051 1189 sunt
1076 1169 1170 1190 revera
1198 1172 1207 1189 ι
1235 1163 1315 1198 primi
1340 1164 1496 1198 novissimi,
1511 1170 1540 1192 et
1564 1166 1705 1194 novissimi

913 1209 992 1243 primi
1010 1209 1045 1236 ".
1075 1218 1085 1235 ι
1115 1209 1161 1237 Sic
1185 1210 1266 1237 etiam
1291 1210 1415 1238 Christus
1443 1217 1510 1238 voce
1535 1211 1645 1239 Davidis
1669 1212 1702 1240 de

913 1254 1062 1283 Israelitico
1079 1260 1106 1283 et
1120 1255 1213 1290 gentili
1235 1255 1367 1290 sanguine
1383 1256 1507 1284 oriundis
1521 1264 1528 1283 :
1547 1266 1557 1283 ι
1575 1256 1705 1293 Populus,

914 1309 993 1336 quem
1008 1309 1060 1329 non
1075 1302 1203 1337 cognovi,
1217 1302 1331 1330 servivit
1345 1301 1428 1336 milii,
1443 1302 1489 1331 ﬁlii
1505 1302 1585 1331 alieni
1599 1304 1706 1332 mentiti

915 1352 978 1375 sunt
992 1349 1056 1375 inibi
1069 1349 1103 1376 “.
1119 1357 1129 1375 ι

917 1396 1118 1432 εὑρισκόμενοι,
1147 1397 1195 1424 καὶ
1219 1397 1363 1432 γεγόνασιν
1391 1398 1500 1433 ἀληθῶς
1525 1408 1534 1425 ι
1554 1400 1579 1426 οἱ
1603 1400 1707 1436 πρῶτοι

71 1438 192 1474 ἔσχατοι,
209 1438 257 1466 καὶ
269 1439 293 1465 οἱ
309 1438 418 1474 ἔσχατοι
438 1439 550 1476 πρῶτοι.
569 1449 578 1466 ι
597 1439 675 1466 Οὕτω
705 1440 752 1466 καὶ
766 1440 885 1475 ἔφασκεν
904 1442 918 1467 ὁ
948 1443 1066 1478 Χριστὸς
1077 1443 1121 1470 διὰ
1134 1443 1226 1479 φωνῆς
1241 1443 1288 1471 τοῦ
1300 1444 1383 1470 Δαϐὶδ
1395 1444 1497 1480 περίτε
1513 1445 1567 1473 τῶν
1582 1447 1610 1479 ἐξ
1626 1447 1709 1482 αἵμα-

71 1495 118 1518 τος
138 1486 246 1523 Ἰσραὴλ
260 1489 307 1515 καὶ
326 1487 381 1514 τῶν
411 1486 514 1515 ἐθνῶνι
536 1496 550 1514 ι
565 1487 638 1519 Λαὸς
656 1487 685 1514 ὃν
712 1487 763 1515 οὐκ
777 1487 864 1523 ἔγνων
883 1489 1024 1517 ὲδούλευσέ
1060 1500 1116 1526 μοι,
1134 1491 1187 1518 υἱοὶ
1206 1491 1340 1527 ἀλλότριοι
1353 1493 1503 1528 ἐψεύσαντο
1519 1503 1573 1529 μοι.
1589 1489 1600 1521 ἱ

111 1534 184 1565 Τάδε
210 1534 290 1569 λέγει
316 1535 425 1568 Κύριος
450 1534 672 1569 παντοκράτωρ
697 1535 790 1562 θέσθε
814 1536 867 1568 τὰς

956 1537 1039 1565 Vsus.
1054 1537 1117 1565 7-9.
1139 1537 1204 1565 lla'c
1224 1539 1287 1566 dicit
1303 1539 1431 1567 Dominus
1444 1541 1606 1575 omnipotens
1627 1550 1636 1569 :
1657 1541 1712 1570 Po-

73 1581 197 1615 καρδιας
212 1580 296 1615 ὑμῶν
309 1582 352 1614 εἰς
365 1580 419 1614 τὰς
434 1581 524 1614 ὀδοὺς
548 1581 641 1616 ὑμῶν,
673 1581 801 1616 ἀνάϐητε
823 1583 868 1615 εὶς

74 1626 109 1653 τὸ
140 1626 219 1660 ὄρος,
241 1626 292 1653 καὶ
316 1626 431 1660 κόψατε
460 1626 548 1658 ξύλα.
574 1626 791 1661 οὶκοδομήσατε
815 1627 868 1654 τὸν

74 1670 170 1705 οἷκον,
185 1672 235 1699 καὶ
263 1671 420 1705 εὺὸοιιήσω
446 1672 481 1699 ὲν
507 1671 597 1705 αὐτῷ,
614 1672 663 1699 καὶ
687 1671 870 1706 ἐνδοξασθῇ.

77 1726 180 1753 σομαι,
197 1716 262 1754 εἷπε
286 1718 404 1752 Κύριος.
422 1717 624 1752 Ἐπεϐλέψατε
638 1719 681 1751 εἰς
693 1717 804 1752 πολλὰ,
819 1717 869 1745 και

76 1765 217 1796 ἐγένοντο
228 1765 324 1800 ὀλίγα.
341 1764 395 1792 Καὶ
408 1764 569 1799 εἰσηνέχθη
584 1765 627 1799 εὶς
641 1764 696 1792 τὸν
712 1763 807 1799 οἶκον,
818 1765 870 1793 καὶ

76 1811 254 1847 ἑξεςιύσησα
266 1811 350 1839 αὑτά.

113 1858 160 1892 q'.
182 1858 286 1893 Συχνὴν
316 1859 434 1885 ποιεῖται
470 1859 642 1894 ὑπόμνησιν,
669 1857 813 1885 συντελοῦν
829 1858 869 1891 είς

76 1904 170 1939 όνησιν
186 1903 215 1930 τὸ
230 1904 323 1939 χρῆμα
337 1904 413 1937 είδὼς
425 1906 483 1937 τοῖς
495 1905 690 1940 ἀκροωμένοις.
704 1905 782 1931 Οὕτω
795 1904 869 1931 Παῦ-

77 1948 122 1979 λος
135 1949 288 1976 ἐπιστέλλει
300 1949 365 1976 τισί·
394 1959 403 1976 ι
421 1950 462 1977 Τὰ
481 1949 551 1977 αὐτὰ
574 1950 690 1985 γράφειν
716 1950 790 1986 ὑμῖν,
808 1950 869 1986 ἐμοὶ

79 1995 128 2031 μὲν
146 1995 196 2021 οὐκ
215 1995 340 2031 ὀκνηρὸν,
362 1996 425 2031 ὑμῖν
444 1996 472 2023 δὲ
494 1996 625 2031 ἀσφαλές.
644 2005 653 2022 ι
675 1997 869 2032 Κατανοήσατε

76 2041 178 2074 τοίνυν,
200 2041 276 2077 φησι,
302 2042 341 2073 εις
367 2042 416 2073 τὰς
439 2042 544 2069 ἑαυτῶν
558 2042 645 2075 ὀδοὺς,
660 2042 694 2074 ἃς
718 2041 870 2078 πεποίησθε

77 2087 135 2114 νῦν,
154 2088 233 2114 Ποίαι
248 2088 277 2114 δὲ
293 2085 384 2121 αὗται,
413 2088 551 2124 διατρανοῖ
571 2088 753 2125 παραχρῆμα.
778 2098 787 2115 ι
804 2089 869 2116 Ἐπ-

77 2134 211 2169 saxeam
223 2135 262 2166 εἰς
277 2134 371 2166 πολλὰ,
383 2134 430 2161 καὶ
438 2135 544 2169 ἐγένετο
558 2135 645 2170 ὀλίγα.
657 2136 712 2162 Καὶ
726 2135 870 2171 εἰσηνέχθη

78 2182 119 2213 εἰς
137 2181 183 2208 τὸν
195 2178 279 2213 οἷκον,
295 2181 341 2207 καὶ
355 2180 509 2216 ὲξεφύσησα
519 2182 597 2208 αὐτὰ.
610 2191 619 2208 ι
640 2182 870 2218 Ἀφημαρτὴκασι

922 1584 975 1611 nite
992 1585 1072 1611 corda
1089 1585 1214 1611 restrain
1225 1585 1281 1612 vias
1300 1590 1410 1619 vestras,
1434 1587 1567 1614 ascendite
1586 1587 1614 1615 in
1635 1596 1712 1616 mon-

923 1634 982 1662 tem,
996 1634 1020 1657 et
1032 1630 1123 1657 avdite
1134 1630 1215 1665 ligna.
1234 1636 1259 1657 et
1286 1630 1417 1665 wdiﬁcate
1444 1631 1563 1665 domum,
1586 1637 1612 1660 et
1637 1641 1711 1661 com-

921 1675 1026 1710 placeba
1047 1675 1072 1702 in
1097 1683 1138 1709 ea,
1152 1681 1176 1703 et
1202 1675 1382 1711 gloriﬁcabor,
1400 1677 1466 1705 dicit
1492 1678 1632 1706 Dominus.
1659 1679 1711 1707 Rt-

921 1721 1044 1755 spexistis
1061 1721 1088 1748 in
1103 1721 1196 1754 multa,
1213 1726 1237 1748 et
1249 1721 1319 1756 facta
1331 1727 1391 1750 sunt
1406 1730 1502 1758 pauca.
1514 1723 1547 1751 Et
1562 1724 1639 1753 illata
1651 1731 1711 1753 sunt

922 1767 949 1795 in
965 1767 1080 1802 domum,
1095 1772 1118 1794 et
1134 1767 1272 1796 exsufﬂuvi
1289 1776 1335 1804 ca._

959 1855 1002 1885 Vl.
1020 1858 1122 1886 Crebro
1145 1859 1288 1891 admonet.
1317 1858 1407 1886 sciens
1424 1859 1450 1886 id
1470 1859 1496 1886 in
1515 1866 1572 1888 rem
1589 1868 1649 1889 esse
1664 1870 1713 1890 au-

923 1903 1063 1931 dientium.
1078 1904 1123 1931 Sic
1139 1903 1238 1931 Paulus
1255 1904 1288 1932 ad
1299 1906 1429 1939 quosdam
1444 1905 1538 1933 scribit
1554 1915 1562 1934 :
1582 1916 1591 1932 ι
1611 1907 1712 1936 Eadem

923 1950 1043 1977 scribere
1066 1951 1155 1984 vobis,
1188 1950 1254 1978 mihi
1283 1951 1392 1985 quidem
1407 1959 1460 1978 non
1484 1951 1610 1986 pigrum,
1636 1954 1714 1982 vobis

924 2000 1013 2022 autem
1025 1995 1088 2023 utile
1101 1995 1136 2022 “.
1160 2005 1170 2022 ι
1198 1996 1412 2024 Animadvertite
1428 1997 1527 2031 igitur,
1545 1999 1642 2033 inquit,
1656 2000 1714 2026 vias

923 2046 1039 2074 vestras,
1055 2048 1124 2076 quas
1141 2041 1246 2068 fecistis
1264 2048 1347 2070 nunc.
1379 2041 1422 2069 Eae
1440 2042 1534 2076 quales
1561 2043 1626 2077 sint,
1642 2043 1714 2072 illico

924 2087 1060 2115 declarat:
1075 2096 1083 2113 ι
1099 2087 1268 2122 Itespexistis
1276 2087 1310 2114 ad
1322 2087 1450 2121 multa,ct
1461 2087 1531 2116 facta
1546 2093 1713 2124 suntpauca.

925 2132 957 2160 Et
975 2133 1048 2160 illata
1062 2138 1123 2161 sunt
1150 2133 1178 2161 in
1196 2135 1317 2166 domum,
1333 2138 1360 2162 et
1384 2134 1523 2162 exsumavi
1550 2143 1592 2162 ea.
1621 2145 1632 2162 ›
1661 2136 1715 2171 Spe

925 2179 995 2206 enim
1011 2178 1094 2215 63E
1105 2179 1225 2206 laborum
1241 2181 1405 2207 rusticorum
1420 2179 1545 2208 frustrati
1560 2186 1632 2209 sunt.
1647 2181 1713 2209 Nam

81 2226 131 2262 μὲν
147 2227 200 2262 γὰρ
213 2227 319 2258 ἐλπίδος
332 2227 382 2261 τῆς
397 2227 443 2253 ὲπί
459 2235 499 2261 γε,
516 2227 596 2262 φημὶ,
613 2227 651 2263 τῷ
667 2227 772 2254 ἑλέσθαι
786 2235 870 2262 γηπο-

927 2232 988 2252 cum
1007 2224 1052 2251 diu
1068 2224 1221 2257 sudassent,
1239 2223 1282 2251 vix
1296 2231 1382 2259 pauca
1393 2224 1570 2260 collegerunt,
1587 2233 1647 2260 quae
1657 2227 1714 2261 ipsa

79 2274 146 2300 νεῖν.
179 2272 309 2308 Μακροὺς
336 2273 391 2306 γὰρ
416 2272 529 2308 ἱδρῶτας
553 2273 779 2307 δεδαπανηκότες,
794 2273 873 2306 ὀλίγα

82 2317 158 2352 μόλις
183 2318 405 2353 συνεκομίσαντο,
423 2317 492 2353 πλὴν
509 2318 669 2354 ἐστέρηνται
688 2319 741 2345 καὶ
759 2316 870 2346 τούτων.

87 2363 308 2399 Ἐκπεφύσηνται
332 2363 396 2399 γὰρ,
419 2363 567 2395 τουτέστιν,
594 2364 739 2398 γεγόνασιν
754 2364 871 2400 ἐτέρων,

46 2420 55 2427 -
81 2411 130 2437 καὶ
144 2411 246 2446 ἥκιστα
263 2410 312 2446 μὲν
323 2410 425 2442 αὐτοῖς,
442 2409 642 2446 δεδαπάνηνται
657 2410 685 2436 δὲ
704 2410 803 2446 μᾶλλον
816 2412 873 2443 τοῖς

81 2456 253 2483 πλεονεκτεῖν
269 2455 400 2483 εἰωθόσιν.
423 2455 529 2483 Εἰκαϊον
544 2453 590 2483 οὖν
601 2455 654 2492 ἄρα
669 2455 700 2482 τδ
713 2455 873 2492 σπούδασμα

82 2502 131 2529 καὶ
151 2503 165 2528 ό
181 2501 261 2534 πόνος
271 2502 373 2535 αὐτοῖς,
395 2502 434 2529 ὅτι
465 2502 503 2538 μὴ
530 2501 630 2537 μᾶλλον
654 2501 747 2538 ἣθελον
773 2502 873 2529 ἀποπε-

84 2545 186 2581 ραίνειν
199 2546 230 2573 τὸ
244 2546 284 2582 τῷ
299 2547 421 2584 Δεσπότῃ
437 2546 542 2580 δοκοῦν,
556 2545 603 2574 καὶ
618 2547 670 2582 τῆς
684 2547 724 2579 εἰς
742 2547 775 2574 τὰ
794 2546 874 2582 ἀμεί-

83 2601 121 2619 νω
135 2592 278 2629 φιλεργίας
306 2594 356 2629 τὴν
382 2593 422 2625 είς
447 2593 482 2620 τὰ
510 2592 609 2628 αἰσχίω
634 2593 682 2620 καὶ
705 2593 875 2628 γεωδέστερα

84 2639 320 2676 προύργιαιτέραν
348 2639 488 2667 ἐποιοῦντο
519 2639 658 2675 φροντίδα.
677 2639 737 2675 Ἀρ¹
757 2637 803 2667 οὖν
825 2639 876 2666 οὐκ

85 2685 265 2720 ἀνουθέτητον
289 2685 379 2720 ἀφῆκε
404 2685 450 2712 τδν
479 2685 596 2722 Ἰσραὴλ,
626 2685 767 2721 παρέδειξε
782 2685 810 2712 δὲ
820 2686 876 2718 τοῖς

85 2731 305 2766 πεπλανημένοις
317 2730 367 2766 τῆς
380 2730 593 2767 ἐπανορθώσεως
607 2731 656 2766 τὴν
676 2730 744 2758 ὀδόν.
758 2731 814 2758 Καὶ
825 2730 877 2767 μὴν

83 2777 165 2805 τοῦτο
191 2777 400 2814 καταθρῄσομεν
433 2775 462 2805 εὖ
488 2778 609 2812 γεγονός.
636 2778 709 2813 Ἔφη
738 2777 813 2813 γὰρ,
835 2777 877 2805 ὅτι

121 2865 144 2882 ⁸⁸
162 2867 233 2897 Psal.
248 2877 274 2901 χ,
297 2869 337 2895 Π.

245 2918 378 2947 ΡΑτιιοι.
402 2918 460 2947 Gn.
487 2917 608 2947 LXXI.‘

375 2867 396 2884 ἰ
408 2866 474 2895 an.
491 2875 544 2900 xw,
560 2868 592 2896 18
606 2869 649 2897 20.
688 2869 710 2886 θ’
725 2867 819 2897 Matth.
841 2876 879 2896 xu

919 2867 958 2897 50.
999 2868 1021 2885 ⁵³
1034 2866 1106 2897 Ρεδι.
1124 2873 1192 2900 xvii,
1206 2865 1250 2896 43.

925 2277 1032 2306 quoque
1048 2270 1233 2305 perdiderunt.
1250 2269 1398 2297 Exsuiiiata
1413 2269 1486 2299 enim
1501 2274 1574 2303 sunt,
1596 2270 1646 2298 hoc
1661 2275 1714 2304 est,

926 2317 1041 2343 aliorum
1055 2320 1211 2348 evaserunt,
1225 2319 1252 2343 et
1267 2315 1378 2342 minime
1393 2315 1427 2342 ab
1442 2315 1520 2350 ipsis,
1543 2315 1591 2343 scd
1608 2323 1623 2342 a
1641 2323 1715 2343 com-

926 2362 1004 2389 moda
1019 2369 1068 2389 sua
1080 2368 1187 2396 semper
1199 2360 1385 2396 quarentibus
1395 2366 1554 2396 consumpta
1567 2365 1641 2389 sunt.
1651 2361 1714 2389 tua-

926 2408 968 2436 nis
993 2408 1074 2444 igitur
1095 2415 1188 2436 eorum
1211 2407 1358 2445 cogitatio,
1381 2407 1512 2440 studium,
1535 2407 1622 2442 labor,
1646 2416 1716 2443 quo-

925 2455 1000 2482 niam
1014 2463 1068 2483 non
1085 2455 1174 2490 potius
1191 2454 1224 2482 ad
1236 2454 1356 2481 divinam
1376 2453 1542 2482 voluntatem
1566 2461 1716 2490 cxsequen~

927 2500 989 2528 dam
1000 2507 1029 2527 se
1041 2500 1212 2533 dediderunt,
1224 2503 1251 2527 ct
1261 2506 1352 2527 rerum
1364 2498 1567 2527 inhonestarum
1582 2507 1614 2527 ac
1629 2504 1716 2527 terre-

927 2553 1023 2574 narum
1035 2553 1127 2573 curam
1152 2553 1184 2573 ac
1197 2545 1407 2574 sollicitudinem
1430 2545 1520 2573 studio
1535 2545 1656 2572 sanctius
1675 2545 1716 2572 vi-

928 2591 1006 2618 vendi
1023 2591 1154 2624 potiorem
1182 2590 1329 2619 duxerunt.
1355 2589 1413 2618 Non
1434 2597 1499 2626 ergo
1513 2589 1638 2617 lsraelcm
1655 2589 1715 2618 sine

926 2637 1112 2665 admonitione
1125 2636 1243 2672 reliquit,
1259 2641 1286 2665 et
1312 2637 1469 2665 crrantibus
1494 2637 1564 2664 viam
1587 2636 1718 2664 emenda-

926 2683 1008 2712 tionis
1023 2684 1231 2712 demonstravit.
1246 2682 1279 2710 Et
1297 2683 1348 2710 lioc
1361 2683 1462 2710 factum
1476 2683 1618 2711 commode
1640 2681 1717 2709 vide-

926 2731 1026 2760 bimus.
1043 2730 1087 2758 Ait
1101 2737 1217 2764 namque
1242 2737 1249 2756 :
1270 2738 1281 2756 ι
1307 2729 1452 2757 Ascendite
1469 2730 1498 2757 in
1520 2734 1638 2757 montem
1656 2749 1663 2761 ,
1690 2731 1720 2755 et

928 2777 1025 2806 caedite
1041 2776 1124 2814 ligna,
1140 2781 1168 2805 et
1192 2775 1326 2804 aadiiicate
1343 2775 1464 2809 domum,
1492 2781 1520 2804 et
1546 2775 1718 2812 glorific-abor

1306 2865 1327 2882 εδ
1341 2864 1455 2900 Philipp.
1472 2873 1516 2898 tu,
1533 2866 1556 2893 i.

1503 2913 1539 2943 33
