1917 3038
61 91 77 118 1
87 92 143 120 0ὗῖ

518 91 553 119 IN
573 90 733 119 AGGJEUM
754 76 964 118 PIHIPIIETAM
985 89 1276 118 COMMENTARIUS.

1637 91 1706 119 1038

64 153 175 189 μᾶλλον
189 152 300 183 ὲννοεῖν,
315 151 353 183 ὡς
373 150 397 179 εἰ
412 149 450 187 μὴ
467 150 556 178 κέοιτο
580 150 670 183 καλῶς
686 149 720 177 τὰ
734 150 866 187 ἁσυγκρί-
880 172 885 183 λ

924 156 1007 179 intem
1031 151 1064 178 ad
1082 150 1276 186 cogitandum,
1298 149 1351 178 nisi
1378 152 1446 178 citra
1474 150 1704 186 comparationem

59 208 126 231 τως
141 198 337 233 ὑπερκείμενα,
350 197 404 224 οὐδ’
416 198 448 224 ἂν
462 199 517 228 τοῖς
536 196 639 232 μείωσιν
663 197 757 223 ἕποιτο
782 197 813 223 τὸ
833 194 863 223 εὖ

61 245 180 272 κεῖσθαι
195 244 316 276 πώποτε,
334 245 380 270 καὶ
399 244 426 270 ὲν
440 241 480 276 οἷς
500 241 570 270 εἶναι
594 243 780 278 βεϐούληνται.
794 244 865 270 Ταύ-

61 291 255 327 τῃτοίφησιν·
275 300 284 315 ι
311 289 382 315 ’ΔνΕΓ
400 286 461 316 ὦνό
486 287 559 320 οἶκός
580 289 630 324 μού
648 290 723 316 ἐστιν
743 290 863 325 ἔρημος,

63 336 154 371 ὑμεῖς
169 336 197 362 δὲ
216 335 327 362 διώκετε
351 334 465 366 ἕκαστος
476 335 515 366 είς
530 335 575 360 τὸν
604 332 677 361 οἷκον
689 335 782 366 αὑτοῦ,
794 345 808 360 ιη
821 335 865 362 διὰ

63 381 153 407 τοῦτο
163 381 193 407 τὸ
206 381 326 411 κάκεῖνο,
339 380 372 406 δι’
385 376 423 406 ὧν
448 379 481 406 ἂν
509 379 589 412 εὐθὺς
613 380 806 414 καταφθίνοιτο
833 381 866 408 τὰ

65 428 102 453 ὲν
120 427 226 462 ἀγροῖς,
237 426 352 461 οὐρανοῦ
369 426 419 461 μὲν
437 426 531 461 δρόσον
545 426 574 452 οὐ
596 426 734 457 καθιέντος
752 427 801 459 ἔτι,
814 429 866 463 γῆς

64 473 102 500 δὲ
121 473 172 509 τὴν
191 473 293 499 οἰκείαν
310 472 518 507 ἀνακοπτούσης
540 473 627 507 ἰσχὺν,
648 472 733 508 ληῖοις
750 482 779 499 τε
798 472 890 508 ὁμοῦό

66 520 123 546 καὶ
149 519 283 553 ἀμπέλοις
304 518 536 554 συναυαινομένης
560 518 662 551 ἐλαίας,
688 519 736 545 καὶ
755 519 808 555 μὴν
821 520 868 546 καὶ

69 565 215 601 ῥομφαίας
227 565 256 597 ἐξ
273 564 358 600 ὀργῆς
376 565 605 600 ἐπενηνεγμένης,
625 565 875 601 καταόοσκομένης,

66 620 102 638 τε
119 611 188 647 πρὸς
205 610 310 642 τούτοις
322 609 481 645 ἀνθρώπους
508 619 538 637 τε
565 611 730 647 καικτήνηι.
761 611 866 638 Οὐκοῦν

67 659 129 689 τοῖς
141 657 266 684 ὀκνοῦσιν
282 656 457 693 ἀποπληροῦν
468 657 502 684 τὰ
521 658 560 688 εἰς
572 656 650 690 δόξαν
667 657 745 691 Θεοῦ,
771 659 816 684 καὶ
833 658 868 685 τὰ

67 702 107 730 δι’
121 699 159 730 ὧν
172 701 204 730 ἂν
219 702 304 738 ὁρῷτο
316 702 489 738 συνεστηκὼς
505 703 518 729 ὁ
531 700 610 736 οἶκος,
624 703 717 737 αὑτοῦ,
729 704 867 731 τουτέστιν

69 749 89 784 ἡ
109 748 269 784 Ἐκκλησία,
284 747 339 774 οὒτ’
359 748 392 775 ἃν
420 748 514 783 δρόσος
538 748 643 783 γένοιτο
665 749 865 784 πνευματικὺς,

68 795 217 826 τουτέστι,
246 794 419 830 παράκλησις
484 794 514 827 ἐξ
543 793 676 829 οὐρανοῦ,
703 794 793 829 ψυχὰς
820 794 868 821 καὶ

70 839 188 874 καρδίας
201 839 424 866 κατα-πιαίνουσα·
442 837 502 865 οὔτε
528 839 581 875 μὴν
597 840 613 874 ἡ
628 839 681 866 ἀπὸ
696 839 748 874 γῆς
768 840 868 876 εὐκαρ-
885 831 911 858 B‘

72 885 136 918 πία,
166 885 290 911 τουτέστι
317 885 350 911 τὰ
378 884 423 911 διὰ
454 884 577 920 σώματος
604 884 817 920 κατορθώματα,
837 886 866 912 οὐ

73 933 158 963 σῖτος,
175 931 225 958 οὐκ
243 929 323 963 οἶνος,
342 931 393 957 οὐκ
408 931 498 958 ἐλαίου
516 931 622 967 χρῆσις.
645 931 798 967 Ἀνίσχυροι
815 931 868 967 γὰρ

72 979 164 1014 πάντη
183 986 212 1004 τε
227 979 275 1012 και
291 977 398 1009 πάντως
413 977 519 1004 ἔσονται
543 977 590 1004 καὶ
611 976 657 1004 τοῦ
674 977 868 1011 κατευφραὶνε-

73 1024 138 1051 σῦαι
152 1024 270 1060 μακρὰν,
284 1024 494 1051 καταπιανθείεν
512 1023 536 1050 δῖ
547 1024 578 1050 ἂν
594 1023 719 1058 οὐδαμῶς
736 1022 818 1058 ἐλαίῳ
831 1022 870 1058 τῷ

72 1070 174 1105 νοητῷ,
192 1071 239 1096 καὶ
256 1070 423 1102 ἁπαξαπλῶς
443 1071 568 1105 ἄγευστοι
593 1070 639 1096 καὶ
665 1070 793 1105 ἀμέτοχοι
820 1071 870 1106 τῆς

73 1117 203 1150 εὐλογίας
224 1117 392 1151 ἁπομενοῦσι
409 1116 458 1151 τῆς
472 1117 517 1143 διὰ
534 1115 665 1152 Χριστοῦ.
680 1117 735 1143 Καὶ
755 1117 823 1152 πρός
837 1125 869 1151 γε

73 1161 111 1197 δὴ
125 1161 230 1193 τούτοις
246 1162 474 1197 ὑπενεχθήσονται
495 1163 526 1197 τῇ
547 1162 680 1197 ῥομφαίᾳ,
692 1162 739 1189 καὶ
754 1161 870 1196 ἄμισθον

75 1207 217 1239 παντελῶς
231 1208 397 1242 ὑπομενοῦσι
416 1208 508 1240 πόνον,
526 1207 577 1234 κᾶν
591 1208 617 1234 εἴ
629 1217 671 1239 τις
684 1208 773 1239 αὐτοῖς
789 1210 872 1236 ἐπιει-

75 1253 153 1285 κείας
165 1253 349 1288 ἐπιτηδεύοιτο
362 1254 472 1289 τρόπος.
490 1263 499 1279 ι
510 1254 691 1293 Στεφανοῦται
707 1255 761 1290 γὰρ
772 1255 874 1287 οὐδεὶς,

76 1299 126 1326 ἐὰν
141 1299 178 1334 μὴ
193 1299 317 1334 νομίμως
342 1299 446 1335 ἀθλήσῃ
469 1300 540 1327 κατὰ
563 1300 594 1326 τὸ
623 1301 711 1334 γένος.
732 1310 742 1327 ι
767 1301 871 1328 Οὐκοῦν

76 1345 228 1380 ἡγούμεθα.
261 1346 495 1382 περισπούδαστον
527 1346 574 1372 καὶ
601 1346 655 1373 τῶν
683 1347 723 1373 ὅτι
753 1347 871 1382 μάλιστα

79 1391 188 1417 eam-(DV
198 1392 247 1426 τὴν
261 1393 301 1423 εις
319 1393 353 1418 τὰ
365 1392 469 1427 ἀμείνω
494 1391 622 1427 σπονδήν.
638 1392 768 1427 Τετὰχθω
782 1392 809 1418 δὲ
823 1394 872 1420 καὶ

79 1438 114 1466 τὰ
132 1438 193 1465 καθ’
204 1440 278 1474 ἡμᾶς
293 1439 322 1465 ἐν
347 1439 433 1474 μείονι
444 1439 528 1474 λόγῳ,
549 1440 596 1465 καὶ
623 1438 670 1465 ἴτω
685 1439 800 1466 κατόπιν
818 1439 871 1466 τῶν

79 1485 120 1516 εἰς
134 1485 223 1516 δόξαν.
238 1485 293 1511 Καὶ
309 1485 369 1520 οὐχ).
383 1485 462 1520 μόνον
487 1485 585 1517 ἑστίαι,
598 1486 645 1512 καὶ
664 1486 803 1521 χρήματα,
822 1486 870 1512 καὶ

77 1530 113 1557 τὰ
126 1531 165 1562 εις
182 1530 259 1562 δόξαν
274 1531 366 1565 κενὴν,
384 1530 452 1557 ἀλλὰ
464 1530 518 1566 γὰρ
531 1531 579 1558 καὶ
590 1531 667 1566 γένη,
682 1531 730 1558 καὶ
748 1531 868 1567 ἀδελφοὶ,

77 1577 127 1604 καὶ
147 1576 274 1612 πατέρες.
291 1576 369 1602 οὕτω
385 1577 439 1612 γάρ
465 1576 517 1603 πού
533 1585 615 1611 φησιν
629 1577 647 1603 6η
660 1577 788 1613 Χριστός·
809 1587 818 1604 ι
841 1578 871 1604 '0

78 1623 165 1659 φιλῶν
182 1623 288 1658 πατέρα
319 1622 335 1658 ἢ
365 1623 471 1659 μητέρα
498 1623 568 1659 ὑπὲρ
590 1623 651 1659 ἐμὲ,
676 1625 726 1651 οὐκ
739 1623 797 1651 ἑστι
818 1633 877 1660 μου.

78 1669 164 1702 ἄξιος.
182 1677 191 1694 ι
786 1691 789 1694 .

121 1714 176 1742 Καὶ
204 1713 321 1749 ἤκουσε
344 1714 510 1749 Ζοροϐάϐελ
542 1716 559 1742 ὀ
587 1715 640 1742 τοῦ
666 1715 819 1749 Σαλαθιὴλ
837 1716 872 1742 ἐκ

77 1760 182 1796 φυλῆς
209 1760 312 1791 Ἰούδα,
330 1760 379 1786 καὶ
414 1760 534 1794 Ἰησοῦς
551 1761 567 1786 d
590 1759 644 1787 τοῦ
677 1760 828 1792 Ἰωσεδὲκ,
855 1762 872 1787 ὀ

79 1806 178 1840 ἱερεὺς
192 1805 324 1840 ὁμέγιας,
355 1806 405 1832 καὶ
420 1805 534 1838 πάντες
562 1806 589 1832 οὶ
618 1805 792 1832 κατάλοιποι
819 1806 871 1832 τοῦ

78 1851 162 1879 λαοῦ
185 1850 241 1885 τῆς
263 1851 366 1886 φωνῆς
381 1852 493 1885 Κυρίου
521 1851 580 1878 τοῦν
604 1851 678 1878 Θεοῦ
693 1851 802 1884 αὐτῶν,
823 1851 872 1878 καὶ

79 1898 141 1924 τῶν
151 1898 250 1932 λόγων
264 1897 317 1924 τοῦ
339 1898 472 1932 Ἀγγαίου
496 1898 548 1924 τοῦ
573 1897 739 1932 προφήτου,
770 1899 873 1925 καθότι

80 1942 299 1975 ἐξαπέστειλεν
329 1942 422 1969 αὐτὸν
443 1944 458 1970 d
490 1943 599 1978 Κύριος
631 1945 647 1970 ό
679 1942 751 1976 Θεὸς
774 1942 874 1970 αὐτῶν

80 1988 157 2022 πρὸς
171 1987 292 2021 αὐτοὺς,
308 1987 357 2014 καὶ
366 1988 498 2023 ἑφοΰήθη
518 1991 534 2016 ὀ
549 1989 624 2022 λαὸς
637 1989 697 2016 ἀπὸ
710 1988 873 2024 ¹τρίλοοίγώπου

80 2033 205 2066 Κυρίου.

118 2083 161 2111 H'.
178 2083 239 2109 Ὅτι
252 2082 291 2118 μὴ
308 2081 396 2117 μάτην
411 2082 529 2108 ποιεῖται
545 2080 594 2112 τὰς
624 2080 750 2113 ἀπειλὰς,
779 2080 874 2116 χρῆμά

81 2128 112 2155 τέ
129 2129 203 2155 ἐστιν
215 2128 265 2154 οὐκ
287 2127 414 2162 ἀνόνητον
427 2129 483 2158 τοῖς
511 2126 643 2162 ῥᾳθυμεῖν
655 2127 778 2154 εἰωθόσιν
794 2128 808 2154 ὁ
826 2127 874 2161 φό-

82 2175 141 2207 ϐος,
157 2174 266 2202 κατίδοι
277 2183 319 2206 τις
341 2173 374 2201 ἂν
397 2172 543 2200 κάντεῦθεν
566 2173 695 2205 εὐκόλως.
719 2173 784 2200 Ἰδοὺ
808 2173 873 2209 γὰρ,
891 2181 912 2208 D

84 2221 140 2249 ιδοὺ
154 2220 209 2248 τῶν
223 2221 302 2247 θείων
318 2220 434 2254 ἐπείπερ
454 2219 585 2246 ἐπύθοντο
615 2218 713 2253 λόγων,
729 2219 874 2255 τρέπονται

84 2267 255 2302 παραχρῆμα
271 2266 337 2302 πρὸς
365 2265 519 2300 φιλεργίαν,
546 2265 651 2291 εἴκουσι
666 2273 695 2290 τε
711 2264 803 2290 λοιπὸν
818 2265 874 2295 τοῖς

84 2311 264 2347 καθηγεῖσθαι
272 2310 393 2346 λαχοῦσι,
404 2309 556 2345 Ζοροϐάϐελ
563 2318 603 2340 τε,
617 2309 699 2343 φημὶ,
708 2309 754 2335 καὶ
762 2308 876 2344 Ἰησοῦς,

84 2359 128 2386 διὰ
141 2358 270 2394 πλείστης
281 2366 312 2384 τε
326 2357 392 2392 ὅσης
404 2355 494 2387 αἰδοῦς
511 2355 564 2382 τῶν
579 2354 726 2390 προφητῶν
737 2354 877 2381 ποιοῦνται

86 2405 186 2440 φωνὰς,
198 2405 246 2431 καὶ
261 2402 464 2438 δεδυσὼπηνται
477 2401 527 2436 τὴν
546 2401 702 2436 ἐπιστολὴν,
720 2400 807 2427 καίτοι
822 2400 873 2427 πά-

85 2451 129 2477 λαι
159 2450 255 2486 κομιδῇ
282 2448 407 2484 σμικρῶν
433 2447 574 2481 ἀξιοῦντες
598 2447 628 2473 τὺ
658 2446 752 2483 χρῆμα
775 2445 872 2480 λόγων.

87 2497 191 2524 Οὐκοῦν
206 2496 305 2531 ἀληθὲς
317 2495 363 2521 καὶ
376 2494 411 2520 δι’
426 2493 515 2520 αὐτῶν
530 2493 625 2527 ὁρᾶται
654 2492 708 2518 τῶν
730 2491 872 2526 πράξεων,

87 2543 129 2569 ὅτι
150 2551 160 2567 ι
179 2542 225 2567 ’ον
255 2539 350 2574 ἀγαπᾷ
373 2537 485 2573 Κύριος,
510 2536 642 2563 παιδεύει.
670 2545 679 2561 ι
703 2535 875 2562 Μετατάττει

87 2588 142 2623 γὰρ
157 2587 211 2614 ἐσθ’
221 2587 266 2613 ὅτε
278 2585 347 2621 πρὸς
358 2585 394 2611 τὰ
409 2584 514 2618 ἀμείνω
539 2583 584 2609 τὸν
610 2581 671 2608 νοῦν
689 2582 720 2608 τὸ
729 2582 775 2608 τοῦ
794 2581 874 2609 κολά-

89 2633 181 2666 ζεσθαι
205 2633 295 2666 δεῖμα·
320 2631 367 2658 καὶ
389 2630 443 2657 τῶν
473 2627 643 2664 σκυθρωπῶν
671 2628 687 2663 ἡ
712 2628 803 2662 ἔφεσις
835 2629 875 2660 εἰς

88 2680 133 2707 τὸν
149 2679 219 2706 θετον
236 2678 309 2714 inti;
325 2676 492 2713 μεθαρμόζει
509 2675 600 2710 φόϐονο
631 2674 678 2701 καὶ
694 2673 767 2700 ἐστιν
795 2674 875 2709 ἀτρε-

89 2726 136 2758 κὲς
147 2725 177 2752 τὸ
190 2726 219 2752 ἐν
233 2723 330 2760 βιϐλίῳ
349 2721 517 2758 Παροιμιῶν,
542 2721 584 2748 ὃτι
618 2730 629 2746 r
652 2721 682 2747 '0
706 2719 875 2755 φοϐούμενος

124 2816 146 2832 ει
165 2814 186 2842 ιι
203 2815 272 2842 Tim.
290 2822 318 2846 ιι,
332 2814 358 2841 ὅ.

396 2814 418 2829 ⁶²
435 2813 528 2840 Matth.
547 2820 572 2846 ς,
585 2811 629 2838 57.
668 2810 690 2827 "
705 2810 785 2838 Ichr.
806 2809 894 2843 “1,6.

916 197 1106 233 prazstantiora
1124 197 1193 224 bene
1211 197 1339 230 habeant,
1355 204 1404 231 nec
1431 197 1560 225 inferiora
1587 206 1706 233 unquam

917 244 1000 279 probe
1012 251 1185 278 processura,
1199 248 1227 270 et
1242 243 1331 278 qualia
1351 242 1403 278 ipsi
1429 243 1575 274 voluerint,
1601 242 1701 272 futura.

919 290 1099 323 Quamobrem
1115 290 1202 324 inquit
1216 297 1223 316 :
1244 298 1254 316 I
1270 289 1338 322 Quia
1352 289 1446 316 domus
1460 297 1517 316 mea
1533 290 1638 316 deserta
1654 293 1705 323 cst,

920 344 968 363 vos
981 342 1068 363 autent
1085 336 1218 364 festinatis
1235 336 1420 370 unusquisque
1434 336 1459 363 in
1473 336 1580 363 domum
1597 344 1702 367 suam,»

923 382 1025 410 idcirco
1041 384 1091 411 hoc
1106 388 1132 410 et
1144 383 1207 409 illud
1221 383 1370 417 continget,
1388 390 1436 417 per
1451 390 1510 418 qua:
1522 390 1581 409 mox
1596 387 1708 417 pereant

919 428 1009 462 fruges
1029 429 1054 455 in
1073 429 1156 462 agris,
1176 429 1247 456 cmlo
1262 437 1314 456 non
1332 429 1484 456 dimittente
1508 430 1623 463 amplius
1645 429 1705 463 plu-

919 475 987 501 viam
1000 495 1007 508 ,
1028 480 1098 502 terra
1117 475 1170 502 vim
1185 483 1261 503 suam
1274 475 1429 508 cohibente,
1457 476 1522 510 quin
1539 476 1619 502 etiam
1635 476 1706 503 oliva

901 529 903 531 '
919 520 1000 548 simul
1024 520 1143 548 fructum
1165 521 1312 554 abnuente,
1327 522 1473 555 segetibus,
1500 527 1528 548 et
1545 522 1630 549 vineis
1646 544 1653 555 ,
1680 526 1708 550 et

919 567 990 594 oliva
1008 568 1233 595 exarescentibus
1250 586 1259 600 ,
1290 572 1372 601 atque
1395 567 1476 594 etiam
1500 568 1588 603 gladio
1607 575 1640 594 ex
1666 568 1706 595 ira

920 617 1071 647 grassante,
1097 617 1124 641 et
1144 613 1266 641 homines
1290 620 1351 640 cum
1379 613 1510 647 jumeutis
1533 613 1706 641 absumente.

920 658 1011 693 Itaque
1025 658 1118 694 gloria:
1135 658 1250 691 divinat,
1262 662 1291 685 et
1308 657 1341 685 iis
1359 665 1408 692 per
1425 665 1485 692 qua:
1503 658 1649 686 c0nstituta
1667 659 1709 686 vi-

919 704 975 731 deri
996 704 1083 738 possit
1099 704 1195 731 domus
1220 703 1278 735 Dei,
1307 703 1358 730 huc
1374 707 1436 735 est,
1454 702 1586 735 Ecclesia,
1605 704 1709 731 servire

920 750 1144 782 detrectantibus,
1159 758 1209 778 nec
1220 757 1265 777 ros
1281 744 1431 785 spiritualis
1443 753 1526 784 queat
1537 750 1706 785 contingere,

920 797 946 834 id
963 801 1022 830 est,
1035 797 1156 825 caelestis
1172 795 1332 828 consolatio,
1355 795 1460 823 animas
1473 800 1501 823 et
1514 796 1595 823 corda
1612 796 1710 830 impin-

919 851 1021 878 guaus;
1039 851 1088 871 nec
1103 851 1118 871 e
1136 848 1206 870 terra
1222 843 1356 870 fructuum
1373 843 1493 874 ubertas,
1519 842 1570 870 hoc
1591 845 1644 873 est,
1661 849 1710 876 per

920 897 1020 923 COI'plIS
1040 898 1101 916 eum
1127 890 1227 916 virtute
1246 894 1338 924 gesta;
1368 896 1419 915 11011
1451 889 1616 915 frumentum
1631 907 1638 919 ,
1655 895 1708 914 IIOII

920 934 1023 967 vinum,
1038 942 1091 961 non
1109 935 1161 961 olei
1178 943 1252 962 usus.
1269 934 1438 962 Omnimodis
1464 934 1535 960 enim
1558 934 1707 960 imbecilles

920 986 1000 1008 erunt
1025 986 1052 1008 et
1063 990 1077 1007 a
1098 981 1191 1008 laetitia
1203 981 1295 1015 procul
1308 982 1435 1014 sejuncti,
1450 989 1499 1008 nec
1516 988 1632 1013 tmquam
1649 980 1709 1007 oleo

921 1027 1054 1061 spirituali
1075 1027 1262 1061 pinguescent.
1276 1027 1547 1061 benetlictionvmque
1571 1035 1617 1061 per
1631 1026 1710 1053 Chri-

921 1078 994 1100 stum
1013 1073 1121 1107 penitus
1139 1080 1192 1099 nou
1208 1073 1354 1106 gustabunt
1366 1093 1373 1105 ,
1389 1080 1437 1100 nec
1455 1072 1527 1100 illius
1542 1078 1646 1107 partem
1664 1080 1710 1099 ca-

922 1120 1006 1154 pient.
1022 1119 1052 1146 Et
1063 1118 1335 1153 nihilominusgladio
1349 1117 1539 1152 subjicietttur.
1550 1123 1576 1144 et
1588 1118 1709 1145 laborem

921 1165 989 1191 citra
1008 1164 1090 1190 ullam
1108 1164 1217 1190 omnino
1232 1163 1382 1190 mercedem
1394 1164 1575 1194 su3tiuebuut,
1602 1163 1709 1190 etiamsi

924 1214 1062 1243 utcunque
1080 1209 1241 1242 probitatem
1267 1209 1408 1236 coluerint.
1436 1217 1446 1235 ι
1466 1208 1550 1235 Nemo
1565 1209 1637 1235 enim
1661 1217 1708 1235 co-

922 1260 1051 1287 rouatur,
1065 1254 1116 1282 nisi
1145 1254 1279 1290 Iegitime,
1304 1259 1374 1280 etut
1391 1255 1427 1281 rei
1458 1260 1552 1280 natura
1580 1254 1711 1280 conditio-

923 1309 975 1337 que
992 1301 1119 1336 postulat,
1132 1301 1279 1328 certaverit
1295 1300 1327 1326 εί.
1348 1310 1357 1326 ι
1378 1301 1466 1332 Ωιι-ιτα
1477 1301 1595 1327 studium
1619 1307 1708 1327 rerum

923 1348 1065 1375 meliorutn
1081 1354 1254 1381 summopere
1278 1346 1495 1380 ainplecteudtml
1514 1351 1541 1373 et
1556 1346 1638 1382 636
1661 1347 1712 1372 im-

924 1393 1017 1427 primis
1031 1392 1212 1420 venerandum
1231 1392 1406 1418 arbitramur.
1433 1391 1591 1418 Nostrarum
1621 1396 1711 1417 autem

924 1447 1014 1466 rerum
1043 1439 1132 1465 minor
1166 1438 1281 1466 ducatur
1308 1438 1386 1470 ratio,
1411 1442 1438 1464 et
1452 1437 1543 1472 gloria:
1570 1436 1617 1464 Dei
1644 1442 1714 1471 post-

925 1487 1070 1519 pouantut'.
1089 1483 1143 1512 Nec
1155 1489 1259 1511 tantum
1273 1485 1368 1511 domus
1382 1503 1389 1515 ,
1409 1489 1435 1510 et
1454 1483 1583 1517 pecuniae,
1603 1488 1629 1510 et
1651 1491 1711 1518 quae

923 1536 987 1559 sunt
1010 1531 1087 1559 ﬂuxa:
1118 1532 1228 1565 gloriae,
1257 1533 1304 1558 sed
1344 1531 1520 1565 cognationes
1556 1538 1672 1564 quoque,
1686 1534 1714 1557 et

922 1578 1035 1611 fratres,
1054 1583 1080 1605 et
1092 1583 1192 1613 patres.
1207 1577 1253 1605 Sic
1268 1577 1339 1604 enim
1362 1577 1458 1604 alicubi
1480 1576 1546 1604 dixit
1561 1576 1685 1603 Christus
1703 1585 1711 1604 :

927 1633 936 1650 ι
959 1624 1009 1658 Qui
1026 1630 1098 1651 autat
1115 1628 1219 1658 patrem
1236 1628 1281 1650 aut
1299 1627 1413 1649 matrem
1431 1630 1512 1656 super
1529 1630 1581 1654 me,
1598 1630 1649 1650 non
1672 1627 1714 1649 est

925 1676 969 1696 me
983 1670 1081 1704 dignus
1098 1670 1132 1696 θ’,
1151 1678 1161 1694 ι

961 1715 1043 1742 Vatis.
1063 1715 1106 1741 I2.
1127 1713 1159 1740 Et
1174 1714 1273 1741 audivit
1288 1713 1432 1740 Zorabnbel
1446 1713 1523 1747 εῙὶιίιιδ
1537 1713 1667 1740 Salui/tie!
1677 1721 1712 1750 βω

925 1761 993 1788 tribu
1006 1760 1090 1791 Iuda,
1105 1766 1129 1787 et
1147 1759 1225 1786 Jcsus
1243 1760 1314 1794 ﬁlius
1328 1759 1438 1786 Joaedec
1450 1761 1574 1786 sacerdos
1591 1767 1712 1793 magnus,

924 1811 948 1833 et
978 1814 1066 1833 anima
1090 1806 1184 1841 reliqui
1213 1806 1302 1840 populi
1330 1813 1415 1832 vocem
1442 1805 1547 1831 Domini
1579 1805 1626 1832 Dei
1652 1806 1713 1836 sui,

923 1857 948 1879 et
963 1853 1040 1879 verba
1055 1851 1146 1887 Aggwi
1160 1852 1302 1886 prop/telae,
1328 1852 1395 1878 sicut
1415 1851 1488 1878 misit
1505 1858 1563 1876 eum
1587 1851 1712 1877 Dominus

924 1897 995 1924 Deut
1014 1905 1104 1924 eorum
1116 1897 1151 1924 ad
1173 1906 1228 1931 eos,
1244 1903 1267 1924 et
1289 1898 1376 1924 timuit
1397 1897 1511 1932 populus
1533 1905 1548 1923 α
1568 1897 1636 1932 [acie
1661 1896 1715 1922 Do-

925 1951 1000 1970 mnu.

963 2072 1028 2102 VIII.
1043 2073 1101 2101 Non
1121 2074 1222 2101 frustra
1246 2081 1308 2101 eum
1329 2074 1428 2101 mtnari
1454 2074 1634 2109 timoremque
1649 2082 1714 2109 pro-

926 2119 1004 2147 desse
1023 2120 1145 2155 pigritari
1161 2119 1260 2153 solitis,
1285 2127 1337 2147 non
1355 2119 1461 2148 difﬁcile
1479 2121 1613 2155 quispiam
1631 2121 1714 2148 etiam

928 2165 992 2193 hinc
1008 2166 1165 2201 perspiciat.
1182 2165 1252 2193 Ecce
1274 2167 1357 2198 enim,
1370 2173 1434 2194 ecce
1461 2171 1603 2201 postquam
1623 2167 1714 2195 divina

929 2214 1011 2241 verba
1026 2215 1198 2247 audiverunt,
1210 2214 1286 2248 operi
1298 2214 1441 2241 confestim
1462 2215 1606 2250 diligenter
1621 2216 1716 2243 accin-

927 2263 1035 2295 guntur,
1063 2265 1091 2287 et
1111 2259 1240 2295 deinceps
1261 2260 1427 2295 principibus
1449 2260 1517 2292 suis,
1540 2260 1712 2294 Zorobabeli,

927 2306 1048 2340 inquam,
1064 2311 1090 2333 et
1102 2305 1165 2334 Jesu
1181 2306 1377 2341 obsequuntur,
1403 2307 1650 2342 prophetarumque
1668 2315 1715 2336 vo-

927 2359 986 2379 cem
1002 2352 1130 2385 majorem
1143 2353 1170 2380 in
1186 2353 1295 2380 modum
1315 2358 1474 2380 reverentur
1485 2373 1494 2386 ,
1511 2358 1540 2380 et
1558 2354 1714 2381 mandatum

928 2398 1091 2433 suspiciunt,
1120 2399 1171 2427 etsi
1194 2399 1339 2435 aliquando
1357 2399 1384 2426 id
1408 2399 1434 2426 in
1460 2400 1606 2434 postremis
1629 2401 1715 2427 duxe-

929 2447 1000 2470 rant.
1026 2443 1142 2471 Proinde
1168 2453 1260 2472 verum
1288 2453 1348 2473 esse
1359 2453 1392 2472 ex
1416 2446 1482 2480 ipsis
1503 2453 1611 2481 quoque
1633 2447 1714 2474 rebus

928 2489 1013 2525 liquet
1028 2498 1034 2516 :
1052 2498 1062 2515 ε
1075 2490 1160 2523 Quem
1177 2490 1249 2519 Deus
1262 2491 1360 2527 diligit,
1375 2491 1492 2527 castigat
1508 2492 1541 2519 ⁸³.
1559 2501 1568 2518 ι
1584 2492 1716 2520 Traducit

928 2535 1001 2563 enim
1014 2535 1150 2562 interdum
1164 2537 1283 2564 animum
1299 2538 1331 2564 ad
1343 2542 1438 2572 partes
1450 2538 1575 2565 meliores
1589 2538 1712 2573 supplicii

929 2585 1017 2608 terror
1030 2588 1038 2613 ;
1051 2585 1079 2608 et
1095 2581 1212 2608 tristium
1235 2582 1391 2616 importatio
1408 2584 1442 2610 ad
1456 2584 1575 2610 divinum
1590 2584 1714 2610 timorem

929 2634 979 2654 nos
992 2628 1197 2660 accommodat;
1215 2632 1243 2654 et
1255 2635 1347 2655 verum
1369 2634 1422 2663 est,
1445 2630 1515 2663 quod
1542 2629 1622 2657 habet
1649 2629 1716 2656 liber

929 2671 1137 2699 Proverbiorum
1153 2679 1159 2698 :
1176 2681 1186 2697 ι
1207 2670 1324 2700 Timenti
1340 2672 1483 2701 Dominum
1506 2675 1575 2702 bene
1598 2674 1678 2702 est“.
1703 2683 1712 2700 ι

929 2716 964 2744 Ει
979 2724 1086 2744 rursum
1106 2723 1137 2744 ιι
1165 2716 1259 2744 Timor
1285 2716 1392 2744 Domini
1415 2719 1442 2745 in
1466 2720 1549 2746 vitam
1575 2720 1633 2747 viro
1654 2719 1687 2746 θ’.
1702 2727 1712 2745 ι

932 2809 955 2826 θλ
971 2809 1053 2838 Eccli.
1072 2818 1090 2842 ι¹
1111 2810 1151 2837 ιε.
1191 2809 1213 2825 ⁸⁸
1229 2809 1306 2837 Prov.
1324 2816 1379 2842 xxx,
1401 2809 1445 2836 23.
