3990 6328
198 332 253 389 ιδ
1068 324 1617 388 COMMENTARIUS
1653 292 1722 384 ei
1756 327 1981 385 ossam
2019 321 2457 381 PROPIIETAM.
3309 312 3379 369 tt

198 435 341 491 ὀπίσω
385 432 485 505 τῆς
543 434 839 507 Ἀστάρτης
890 436 1254 509 βδελύγματος
1303 438 1600 504 Σιδωνίων,
1632 441 1725 492 καὶ

1835 439 2029 493 celsum
2074 437 2307 491 Cbamos
2342 430 2483 488 idolo
2523 428 2698 491 Moab,
2727 436 2777 481 et
2805 426 2930 481 Baai
2963 427 3109 482 idolo
3142 426 3379 482 filiorqu

197 528 341 583 ὀπίσω
369 526 461 579 τοῦ
489 527 665 592 Βάαλ,
691 527 907 583 είδώλου
940 530 1074 585 υίῶν
1118 530 1327 601 ’Δμών.⁷
1348 531 1459 584 Καὶ
1502 532 1726 602 ἐποίησε

200 606 418 686 Σολομὼν
447 617 508 669 τὸ
526 618 758 687 πονηρὸν
777 617 1005 673 ἐνώπιον
1028 619 1350 691 Κυρίου,καὶ
1372 619 1471 673 οὐκ
1497 620 1729 691 επορεύ-

199 706 251 777 θη
283 705 451 758 ὀπίσω
499 706 739 776 Κυρίου,
770 706 846 772 ώς
890 708 1054 775 Ααὸὶδ
1084 709 1114 761 ὁ
1155 708 1337 779 πατὴρ
1372 709 1558 763 αὐτοῦ.
1597 709 1729 763 Τότε

199 795 481 868 ᾠκοδόμησε
506 793 753 866 Σολομὼν
778 796 977 869 ὑψηλὸν
996 798 1072 868 τῷ
1093 795 1302 867 Χαμὼς
1319 797 1517 869 εἰδώλῳ
1536 798 1728 861 Μωὰὸ,

199 885 373 954 καὶτῷ
402 886 547 939 Βάαλ
584 886 785 958 εἰδώλῳ
826 887 955 940 υίῶν
993 886 1192 959 ’Δμὼν,
1222 889 1319 941 καὶ
1353 891 1418 958 τῇ
1464 890 1733 962 Ἀστάρτῃ

201 973 499 1044 βὰλὺγματι
552 976 840 1033 Σιδωνίων.
898 978 1007 1049 Καὶ
1047 978 1219 1041 οὕτως
1260 980 1483 1049 ὶποίησε
1531 982 1761 1044 πάσαις.

198 1066 294 1126 sai;
343 1066 585 1132 γυναιξὶν
633 1066 797 1120 αὐτοῦ
850 1044 971 1129 ταῖς
1012 1062 1349 1138 ἀλλοτρίαις,
1401 1044 1459 1123 αἳ
1497 1070 1735 1141 ἐθυμίων

200 1156 277 1207 καὶ
298 1155 451 1208 ἔθυον
480 1159 590 1219 τοῖς
639 1156 876 1221 εἰδώλοις
920 1158 1118 1212 αὐτῶν.
1147 1159 1256 1213 Καὶ
1302 1159 1544 1231 ὠργίσθη
1578 1160 1735 1230 θυμῷ

199 1243 373 1324 Κόριος
393 1246 485 1298 ἐπὶ
498 1246 802 1316 Σολομῶνα.
820 1248 902 1301 ὅτι
928 1247 1165 1312 ἐξέκλινε
1190 1250 1416 1319 καρδίαν
1435 1249 1600 1304 αὑτοῦ
1628 1251 1735 1304 ἀπὸ

202 1335 382 1403 Κυρίου
433 1334 666 1420 Ἰσραὴλ,
700 1336 793 1390 τοῦ
831 1338 1085 1407 ὀφθέντος
1116 1340 1266 1410 αὐτῷ
1293 1341 1373 1406 δὶς
1399 1380 1414 1403 ,
1446 1342 1540 1394 καὶ
1567 1342 1735 1393 ἐντει-

199 1422 411 1495 λαμένου
452 1414 616 1494 αὐτῷ’
651 1425 791 1498 ὑπὲρ
825 1426 920 1481 τοῦ
963 1428 1125 1498 λόγου
1153 1430 1364 1494 τούτου,
1413 1433 1734 1503 τοπαράπαν

204 1514 267 1585 μὴ
302 1515 627 1586 πορευθῆναι
662 1517 849 1573 ,ὀπίσω
890 1518 1028 1572 θεῶν
1058 1512 1265 1591 ἑτέρων
1286 1538 1300 1553 ·
1345 1520 1438 1574 καὶ
1473 1520 1733 1589 φυλάξαι,

202 1603 281 1655 καὶ
324 1604 541 1671 ποιῆσαι
568 1602 603 1656 ά
628 1604 927 1658 ἐνετείλατο
980 1606 1128 1677 αὐτῷ
1167 1609 1196 1659 ὁ
1226 1605 1427 1678 Κύριος
1472 1606 1503 1659 δ
1545 1605 1731 1669 Θεός.»

1828 531 2080 592 Ammon,
2127 536 2182 581 et
2224 526 2450 579 Astartae
2478 520 2861 575 abominationi
2894 518 3260 573 Sidoniorum.
3283 519 3379 573 At-

1826 634 1933 688 que
1964 618 2016 673 in
2051 618 2192 672 hunc
2223 615 2438 673 modum
2484 612 2611 666 fecit
2657 611 2920 663 universis
2957 610 3215 664 uxoribus
3264 608 3379 663 suis

1829 708 2182 777 alienigenis,
2243 720 2361 773 quae
2417 702 2700 773 adolebant
2764 701 2959 764 thura,
3021 709 3079 755 et
3132 698 3379 753 immola-

1831 804 1959 856 bant
1978 802 2081 855 diis
2100 801 2229 853 suis.
2257 799 2320 853 Et
2344 800 2512 852 iratus
2537 808 2613 850 est
2641 795 2897 849 Dominus
2921 792 3215 858 Salomoui,
3240 791 3383 861 quod

1830 893 2154 948 declinasset
2182 906 2275 944 cor
2311 904 2465 943 suum
2496 904 2525 942 a
2550 886 2775 942 Domino
2806 885 2912 939 Deo
2939 882 3128 946 lsrael,
3162 882 3254 951 qui
3289 896 3385 950 ap-

1832 989 2084 1049 paruerat
2127 982 2174 1034 ei
2229 980 2487 1039 secundo,
2548 987 2602 1032 et
2648 981 2973 1045 praeceperat
3023 974 3072 1027 ei
3118 973 3183 1025 de
3223 973 3386 1026 verbo

1830 1068 1955 1131 hoc,
2005 1078 2064 1122 ut
2104 1068 2320 1136 penitus
2368 1080 2473 1119 non
2521 1073 2834 1133 sequeretur
2887 1062 3019 1115 deos
3066 1059 3291 1123 alienos,
3330 1068 3388 1113 et

1834 1159 2154 1220 custodiret,
2200 1172 2266 1213 nc
2308 1158 2506 1212 faceret
2548 1171 2667 1224 quae
2722 1152 2995 1225 mandavit
3040 1151 3088 1206 ei
3126 1149 3385 1207 Dominus

1836 1247 1977 1303 Deus
1997 1248 2036 1302 ³.
2074 1266 2096 1299 ι
2148 1247 2374 1304 Omnem
2402 1261 2529 1314 ergo
2552 1245 2875 1313 impietatem
2905 1242 3190 1295 commissa
3221 1255 3250 1291 a
3284 1238 3387 1294 Sa-

1836 1340 2047 1391 lomone
2075 1339 2185 1406 jam
2224 1351 2351 1391 sene
2380 1334 2619 1389 facinora
2662 1341 3004 1403 superarunt.
3055 1329 3190 1396 Quid
3237 1329 3383 1383 enim

1837 1438 1944 1483 tam
1991 1428 2214 1481 nefariis
2265 1427 2562 1481 sceleribus
2609 1422 2891 1479 odiosius?
2952 1430 3043 1475 aut
3091 1419 3213 1489 quis
3251 1419 3386 1473 satis

1834 1517 2065 1588 explicet
2088 1532 2248 1587 quam
2283 1518 2356 1570 sit
2380 1516 2627 1583 impium,
2660 1514 2863 1567 honore
2886 1524 2939 1564 et
2967 1512 3232 1565 charitate
3256 1522 3387 1578 erga

1836 1625 2000 1664 unum
2045 1617 2101 1662 et
2133 1616 2324 1661 natura
2373 1620 2437 1660 ac
2467 1621 2592 1661 vere
2638 1606 2798 1658 Deum
2840 1612 3165 1670 contempta,
3217 1600 3388 1668 ipsius

209 1689 434 1759 ’Δπάσης
464 1691 559 1760 μὲν
586 1687 678 1745 οὖν
718 1691 977 1746 ἐπέκεινα
1015 1692 1328 1755 δυσσεϐείας
1353 1694 1421 1746 τὰ
1451 1693 1545 1746 τοῦ
1578 1691 1735 1745 Σολο-

1835 1699 2005 1754 solius
2050 1697 2422 1751 excellentiam
2484 1695 2903 1764 dignitatemque
2931 1690 3231 1747 dazmonum
3266 1706 3390 1761 gre-

201 1780 387 1850 μῶντος
415 1782 473 1833 ὲν
514 1781 673 1852 γήρει
700 1781 1041 1853 τολμήματα.
1066 1783 1131 1836 Τί
1167 1782 1274 1855 γάρ
1304 1784 1370 1837 ἂν
1396 1784 1604 1853 γένοιτο
1632 1782 1735 1837 τῶν

1840 1792 2017 1861 gibus,
2052 1791 2162 1845 imo
2217 1802 2348 1843 vero
2396 1779 2661 1857 lapidibus
2707 1794 2866 1853 atque
2905 1782 3063 1852 lignis
3111 1778 3389 1836 tribuere?

198 1868 349 1934 οὕτως
384 1872 628 1925 ἐκτόπων
666 1872 1153 1944 πλημμελημάτων
1178 1874 1240 1927 τὸ
1277 1873 1738 1944 δυσαχθέστερονς

200 1956 257 2008 Ἦ
280 1956 389 2020 πῶς
417 1958 478 2009 οὐ
510 1958 647 2028 πέρα
679 1958 848 2031 λόγου
888 1961 1107 2037 παντὸς.
1156 1960 1417 2032 ἀλογῆσαι
1452 1962 1549 2032 μὲν
1579 1963 1741 2032 τιμῆς

195 2048 276 2101 καὶ
301 2049 521 2119 ἀγάπης
562 2050 659 2122 τῆς
688 2052 771 2114 είς
819 2052 916 2106 τὸν
953 2054 1050 2106 ενα
1079 2053 1171 2106 καὶ
1215 2052 1371 2121 φύσει
1410 2054 1502 2106 καὶ
1528 2053 1743 2123 ἀληθῶς

195 2140 306 2191 δντα
335 2138 488 2203 Θεδν,
539 2140 598 2193 τὸ
644 2140 703 2192 δὲ
743 2141 892 2211 αὐτῷ
945 2142 1040 2196 καὶ
1097 2143 1241 2212 μόνῳ
1275 2142 1476 2213 προσὸν
1526 2142 1740 2211 ἀξίωμα

194 2230 406 2283 καὶτῶν
452 2230 738 2300 δαιμονίων
794 2232 1089 2301 ἀπονέμειν
1133 2232 1390 2299 ἀγέλαις,
1442 2232 1641 2302 μᾶλλον
1684 2233 1740 2285 δὲ

195 2320 339 2383 λίθοις
364 2320 623 2374 ἀνάπτειν
650 2322 745 2373 καὶ
772 2320 976 2385 ξύλοις;
1012 2321 1223 2392 Ἐπειδὴ
1254 2321 1309 2375 δὲ
1324 2321 1437 2392 ἥλω
1466 2338 1739 2393 πεφρονη-

194 2410 289 2471 ad);
332 2426 388 2463 τε
426 2411 519 2463 καὶ
560 2411 763 2481 δράσας
793 2411 829 2465 ἃ
880 2409 1013 2482 μηδὲ
1055 2411 1213 2483 θέμις
1241 2414 1415 2466 εἰπεῖν
1438 2454 1456 2478 ,
1507 2414 1603 2467 καὶ
1628 2416 1739 2478 τοῖς

192 2500 345 2565 οὕτως
370 2503 615 2571 αίσχροτς
651 2503 757 2574 πλη
766 2504 1114 2573 μμελήμασιν
1140 2503 1320 2576 ἔνοχος
1346 2504 1582 2574 γεγονὼς
1608 2522 1741 2559 κατ-

193 2592 447 2662 magis»,
508 2590 692 2645 λοιπὸν
731 2593 833 2665 ἔφη
863 2594 1001 2663 πρὸς
1029 2595 1189 2649 αὑτὸν
1210 2598 1241 2649 δ
1269 2595 1378 2650 τῶν
1402 2596 1537 2650 ὅλων
1564 2596 1696 2660 θεός
1724 2612 1737 2625 '

198 2699 213 2732 ι
253 2680 384 2733 ’Δνθ’
407 2676 487 2734 ὧν
523 2684 741 2750 ἐγένετο
772 2682 942 2737 ταῦτα
979 2683 1117 2754 μετὰ
1151 2685 1267 2750 σοῦ,
1303 2686 1396 2740 καὶ
1422 2688 1521 2739 οὐκ
1547 2688 1741 2755 ὲφύλαυ

192 2768 273 2835 ξας
318 2774 418 2839 τὰς
455 2773 671 2836 ἐντολάς
705 2790 805 2845 μου
872 2774 968 2828 καὶ
998 2774 1065 2829 τὰ
1109 2774 1505 2847 προστάγματά
1532 2793 1668 2847 μου,
1706 2776 1742 2830 ἃ

192 2863 526 2933 ἐνετειλάμην
556 2879 659 2927 σοι,
689 2865 1032 2935 διαρῤήσσων
1052 2865 1327 2938 διαρρήξω
1346 2868 1443 2938 τὴν
1471 2866 1743 2938 βασιλείαν

190 2950 246 3001 ἐκ
272 2953 453 3021 καιρός
484 2969 598 3018 σου,
625 2954 719 3007 καὶ
928 2953 1095 3025 αὐτὴν
1235 2934 1411 3025 δούλω
1450 2934 1564 3009 σου.

190 3039 240 3090 ιν
263 3044 379 3105 ταῖς
419 3044 657 3115 ἡμέραις
689 3060 780 3098 σου
813 3045 875 3097 οὐ
902 3046 1115 3116 ποιήσω
1152 3046 1317 3109 αὐτὰ,
1340 3046 1427 3099 διὰ
1459 3047 1621 3099 Δασιδ
1651 3047 1742 3099 τὸν

1839 1881 2099 1945 Quoniam
2150 1895 2274 1938 vero
2310 1890 2366 1935 et
2407 1880 2662 1951 cogitare,
2698 1886 2751 1932 et
2800 1876 2976 1932 facere
3023 1876 3168 1929 dictu
3219 1872 3386 1927 etiam
3458 1908 3461 1913 ν

1840 1973 2002 2038 foeda,
2050 1981 2106 2025 et
2143 1974 2276 2026 adeo
2309 1970 2554 2039 turpibus
2582 1967 2876 2023 obstrictus
2904 1966 3114 2023 delictis
3137 1980 3389 2035 comper-

1844 2073 1927 2116 tus
1983 2070 2089 2127 est,
2137 2062 2390 2128 deinceps
2436 2061 2505 2113 ab
2556 2060 2926 2112 universorum
2982 2046 3089 2109 Deo
3145 2056 3385 2109 audivit:

1846 2169 1865 2200 ι
1896 2150 2031 2215 Quia
2086 2150 2197 2203 hac
2250 2148 2403 2200 facta.
2439 2154 2567 2200 sunt
2620 2142 2817 2207 tecum,
2875 2153 2931 2197 et
2970 2157 3074 2196 non
3103 2144 3386 2196 custodisti

1838 2247 2105 2307 przecepta
2148 2250 2263 2288 mea
2307 2244 2363 2289 et
2411 2231 2656 2286 mandata
2689 2246 2827 2295 mea,
2854 2245 2971 2301 qua:
2992 2230 3235 2284 mandavi
3267 2230 3385 2296 tibi,

1841 2326 2075 2381 avellens
2108 2324 2329 2377 avellam
2375 2335 2597 2391 regnum
2653 2321 2719 2375 de
2765 2335 2924 2374 manu
2974 2330 3085 2374 tua.
3139 2328 3195 2375 et
3251 2319 3386 2375 dabo

1840 2416 1974 2471 illud
2026 2428 2183 2470 servo
2223 2422 2336 2467 tuo.
2378 2412 2756 2467 Verumtamen
2796 2409 2850 2463 in
2891 2410 3077 2464 diebus
3125 2409 3229 2464 tuis
3281 2425 3385 2464 non

1842 2506 2030 2561 faciam
2057 2506 2179 2568 hoc,
2204 2512 2421 2575 prepter
2450 2501 2614 2556 David
2662 2508 2866 2570 patrem
2900 2509 3066 2553 tuum.
3115 2499 3189 2554 Do
3228 2513 3387 2553 manu

1845 2595 1937 2650 lilii
1976 2595 2050 2649 tui
2085 2596 2325 2650 auferam
2362 2593 2509 2647 illud.
2547 2589 2920 2646 Verumtamen
2958 2597 3124 2643 totum
3167 2601 3389 2658 regnum

1842 2701 1947 2741 non
1991 2684 2047 2750 Ε
2089 2683 2359 2749 auferunt;
2408 2689 2678 2750 sceptrum
2727 2694 2889 2734 unum
2938 2680 3077 2732 dabo
3123 2677 3237 2732 ﬁlio
3274 2686 3386 2741 tuo.

1840 2786 2058 2845 propter
2117 2772 2279 2826 David
2337 2786 2548 2826 servum
2606 2785 2823 2832 meum,
2883 2780 2937 2823 et
2975 2779 3194 2837 propter
3223 2767 3385 2824 Jeru-

1842 2864 2029 2926 salem,
2090 2860 2273 2913 urbent
2316 2873 2473 2927 quant
2527 2857 2661 2926 elegi
2695 2857 2738 2908 ι.
2783 2873 2803 2908 ι
2854 2854 3144 2925 Postquam
3199 2858 3386 2920 enim,

1841 2965 1901 3008 ut
1947 2951 2092 3016 dixi,
2155 2962 2337 3004 amore
2393 2948 2672 3002 mulierum
2737 2947 2945 3011 victus,
3002 2950 3250 3017 quamvis
3300 2963 3389 3004 sa-

1841 3042 2204 3113 pientissimus
2261 3040 2553 3103 Salomon,
2620 3039 2709 3095 Dei
2779 3054 3028 3111 regnum,
3079 3054 3185 3107 qua
3243 3056 3377 3095 ausu

190 3132 387 3203 πατέρα
423 3150 541 3188 σου.
590 3135 683 3188 Ἐκ
728 3136 910 3205 χειρὸς
960 3134 1078 3189 υἱοῦ
1126 3154 1227 3191 σου
1265 3138 1504 3208 λήψομαι
1545 3139 1735 3215 αὑτήν.

1839 3142 1895 3186 et
1942 3141 2167 3192 conatu,
2207 3139 2413 3183 tantum
2461 3144 2565 3183 non
2609 3130 2844 3195 discidit,
2892 3129 3013 3199 ipsi,
3044 3140 3097 3185 et
3127 3129 3222 3184 soli
3254 3145 3387 3184 con-

189 3220 341 3291 Πλὴν.
370 3222 505 3291 ὃλην
531 3223 627 3291 τὴν
655 3221 927 3291 βασιλείαν
957 3223 1018 3276 οὐ
1049 3224 1123 3295 μὴ
1150 3222 1298 3277 λάϐω
1323 3242 1338 3257 ·
1373 3228 1645 3295 σκῆπτρον
1678 3224 1737 3277 ἓν

187 3305 327 3360 δώσω
360 3307 443 3377 τῷ
476 3307 575 3377 υἱῷ
613 3326 707 3361 σου
730 3348 745 3373 ,
801 3309 890 3362 διὰ
938 3310 1099 3362 Δασὶδ
1143 3310 1234 3364 τὸν
1258 3309 1443 3379 δοῦλόν
1472 3328 1595 3379 μου,
1644 3312 1736 3372 καὶ

186 3397 264 3448 διὰ
297 3398 651 3469 Ἰερουσαλὴμ
675 3400 771 3470 τὴν
796 3401 969 3463 πόλιν,
993 3400 1061 3472 ην
1095 3401 1441 3471 ἐξελεξάμην.
1474 3419 1492 3452 a
1522 3400 1735 3472 Ἐπειδὴ

188 3488 301 3558 γὰρ,
348 3490 429 3552 ώς
472 3488 627 3558 ἔφην,
652 3489 749 3559 τῆς
779 3491 859 3553 είς
880 3488 1152 3557 ’γυναῖκας
1175 3490 1465 3561 ἐπιθυμίας
1489 3490 1730 3559 ἡττώμε-

186 3594 283 3641 νος.
307 3580 490 3634 καίτοι
515 3580 674 3649 σοφὸς
700 3581 775 3634 ὢν
805 3582 962 3651 ἄγαν,
990 3583 1019 3636 ό
1052 3580 1300 3652 Σολομὼν
1328 3584 1601 3653 μονονουχὶ
1641 3581 1735 3634 καὶ

185 3666 293 3720 δεον
319 3669 445 3738 ἥκει
476 3672 648 3724 εἰπεῖν
674 3674 753 3733 είς
784 3671 1196 3743 ἐγχειρημάτων
1231 3652 1478 3741 δύναμιν,
1510 3652 1606 3742 τὴν
1639 3669 1732 3723 τοῦ

182 3757 305 3811 Θεοῦ
335 3760 618 3829 βασιλείαν
644 3762 952 3835 διέρρηξεν,
986 3762 1223 3827 εἰδώλοις
1249 3764 1501 3816 ἀνάπτων
1524 3764 1619 3834 τὴν
1639 3762 1735 3817 αὖ·

182 3848 249 3918 τῷ
298 3852 392 3904 καὶ
439 3851 589 3923 μόνῳ
630 3855 1086 3924 πρεπωδεστάτην
1132 3855 1298 3924 τιμήν
1330 3870 1386 3907 τε
1424 3852 1518 3908 καὶ
1555 3850 1731 3919 δόξαν,

182 3940 446 4011 ταύτῃτοι,
481 3943 575 3996 καὶ
602 3944 743 4013 μάλα
766 3946 1011 4013 είκότως,
1034 3938 1422 4018 διαρρηγνύναι
1448 3944 1579 4007 Θεὸς
1630 3946 1732 3998 ὲπ-

183 4027 383 4092 ῃπείλει
417 4028 522 4100 τὴν
554 4030 826 4099 βασιλείαν
866 4032 1048 4094 αὑτοῦ,
1081 4034 1189 4094 τοῖς
1234 4032 1373 4105 ἴσοις
1400 4031 1730 4096 ἀντιλυπῶν,

1838 3222 2295 3275 venientissimum
2361 3220 2653 3284 honorem,
2717 3228 2879 3288 atque
2944 3219 3166 3290 gloriam
3232 3219 3388 3274 idolis

1836 3324 2183 3373 conservans,
2242 3304 2473 3374 idcirco,
2504 3317 2560 3363 et
2589 3308 2807 3378 quidem
2840 3308 3158 3373 rectissime,
3191 3308 3385 3362 discis-

1835 3413 1950 3452 sum
1973 3399 2036 3451 iri
2085 3413 2308 3467 regnum
2352 3397 2469 3467 ejus
2504 3398 2648 3452 Deus
2684 3400 3076 3461 comminatur,
3127 3414 3224 3466 par
3271 3397 3387 3468 pari

1836 3486 2108 3553 referens,
2163 3494 2220 3538 ut
2277 3489 2535 3553 scriptum
2582 3495 2670 3539 est
2720 3487 2772 3539 in
2824 3486 3147 3541 Ezechiele:
3186 3487 3390 3553 (Sicut

1834 3576 2027 3642 fecisti,
2076 3576 2157 3631 sic
2201 3576 2305 3630 erit
2354 3575 2488 3628 tibi:
2523 3575 2803 3630 retributio
2846 3584 2932 3628 tua
2981 3558 3384 3630 retribueturin

1834 3676 1993 3735 caput
2019 3675 2166 3721 tuum
2202 3665 2245 3721 '.
2287 3683 2307 3717 ι
2370 3663 2632 3719 Defuncto
2691 3663 3019 3730 Salomone,
3073 3664 3214 3720 filius
3267 3664 3388 3736 ejus

1833 3759 2073 3814 Roboam
2110 3758 2176 3813 ad
2216 3771 2440 3828 regnum
2473 3764 2691 3811 vocatus
2712 3767 2815 3811 est.
2848 3756 2997 3811 Tunc
3029 3768 3150 3812 tunc
3184 3758 3387 3813 divisus

1833 3862 1911 3906 est
1937 3850 2120 3914 Israel,
2139 3859 2193 3907 et
2220 3850 2289 3904 ab
2310 3848 2693 3921 Hierosolymis
2713 3850 2897 3904 decem
2933 3848 3103 3903 tribus
3126 3850 3386 3906 discesse-

1833 3952 1979 4003 runt,
2008 3956 2109 3993 una
2139 3955 2258 3995 cum
2284 3940 2502 3994 dimidia
2535 3941 2700 4004 tribu,
2738 3938 3122 4006 prraimitica
3157 3939 3380 3994 scilicet.

1832 4029 1907 4082 Ex
1941 4027 2134 4095 Joseph
2165 4026 2427 4094 siquidem
2482 4027 2727 4096 prognati
2774 4026 3027 4093 Ephraim
3070 4036 3126 4080 ct
3171 4026 3383 4083 Manas-

181 4116 307 4170 κατὰ
349 4120 413 4171 τὸ
459 4122 521 4172 ὲν
575 4120 653 4189 τῷ
698 4121 951 4191 προφήτῃ
1000 4122 1389 4191 γεγραμμένον
1450 4119 1728 4189 ’ῐεξεχιήλ·

1835 4132 1948 4178 ses.
1995 4115 2313 4171 auctoritate
2353 4122 2407 4167 et
2454 4114 2728 4168 voluntate
2770 4112 2957 4177 Jacob.
2988 4117 3143 4185 primi
3188 4119 3379 4188 patris.

185 4222 203 4253 ι
233 4206 424 4268 Καθὼς
458 4208 739 4277 ἐποίησας,
772 4207 941 4271 οὕτως
966 4211 1118 4261 ἔσται
1143 4226 1253 4261 σοι’
1283 4210 1345 4262 τδ
1382 4208 1731 4276 ἀνταπόδομά

1835 4221 1928 4275 pro
1978 4220 2082 4259 una
2130 4206 2270 4260 tribu
2327 4204 2724 4274 reputabantur.
2763 4204 2903 4261 Dixit
2939 4208 3079 4263 enim
3108 4207 3377 4279 Josepho:

177 4302 284 4350 σου,
313 4289 807 4366 ἀνταποδοθήσεται
837 4290 918 4352 είς
948 4290 1191 4361 κεφαλήν
1221 4306 1333 4343 σου.
1364 4307 1383 4339 ι
1430 4287 1643 4357 Ἐπειδὴ
1674 4288 1730 4341 δὲ

1835 4315 1854 4347 ι
1887 4296 2043 4350 Nunc
2088 4294 2253 4365 igitur
2291 4294 2346 4350 hi
2386 4296 2493 4350 duo
2519 4296 2614 4351 filii
2649 4297 2743 4358 tui,
2776 4297 2868 4368 qui
2898 4298 3006 4351 nati
3039 4307 3163 4351 sunt
3195 4300 3288 4354 tibi
3323 4299 3381 4354 in

179 4377 378 4434 ἁπεδίω
410 4376 698 4449 Σολομὼν,
729 4378 986 4449 κέκληται
1016 4379 1150 4452 πρὸς
1191 4380 1460 4449 βασιλείαν
1490 4382 1519 4434 ό
1549 4380 1605 4447 se
1634 4382 1731 4434 αὐ-

1835 4381 2085 4454 Egypto,
2131 4394 2415 4455 antequam
2464 4387 2703 4441 venirem
2746 4390 2814 4441 ad
2867 4395 2919 4442 te
2962 4388 3015 4442 in
3065 4387 3381 4460 Egyptum,
3417 4397 3434 4408 '

177 4466 279 4531 τοῦ,
314 4470 624 4534 τουτέστιν,
660 4470 689 4522 ὁ
726 4468 975 4541 Ῥοϐοάμ.
1006 4470 1139 4524 Τότε
1165 4469 1249 4542 δὴ,
1273 4470 1392 4524 τότε
1408 4470 1729 4542 κατασχιζο-

1836 4477 1936 4529 mei
1991 4485 2153 4540 sunt,
2205 4476 2459 4545 prraim
2498 4485 2554 4534 et
2589 4477 3051 4544 Mauasses;sicut
3089 4479 3273 4537 Ruben
3326 4490 3383 4536 et

177 4572 256 4609 ται
285 4560 479 4613 λοιπὸν
509 4562 541 4613 ὁ
591 4560 822 4633 Ἰσραὴλ,
862 4561 953 4615 καὶ
1010 4561 1342 4629 ἀποφοιτῶσι
1375 4563 1473 4634 μὲν
1512 4564 1735 4635 Ἰεροσο-

1835 4566 2066 4638 Symeon
2112 4567 2502 4635 reputabuntur
2542 4567 2671 4621 mihi
2699 4566 2783 4619 ⁸.»
2827 4566 3011 4634 Itaque
3058 4567 3239 4622 decem
3284 4569 3383 4621 tri-

175 4642 347 4715 λύμων
373 4650 431 4699 αἱ
460 4649 597 4701 δέκα
628 4650 824 4730 φυλαὶ,
852 4649 947 4704 καὶ
976 4650 1039 4704 τὸ
1063 4650 1232 4721 ἥμισυ
1266 4650 1436 4721 φυλῆς
1476 4651 1729 4723 Ἐφραΐμ.

1835 4657 1953 4717 lius,
1992 4665 2048 4709 et
2077 4656 2233 4709 unius
2270 4655 2570 4720 dimidium,
2614 4656 2715 4709 hoc
2744 4663 2848 4721 est,
2884 4654 3157 4724 Ephraim,
3191 4656 3242 4707 in
3275 4655 3382 4709 Sa-

176 4734 599 4804 Κατελογίξοντο
653 4742 763 4810 γὰρ
816 4743 895 4805 είς
927 4741 1053 4813 μίαν
1117 4740 1286 4813 φυλὴν
1314 4744 1363 4795 oi
1420 4744 1479 4808 ἐξ
1537 4746 1732 4815 Ἰωσὴφ

1835 4745 2056 4798 mariam
2106 4754 2507 4808 concesserunt,
2562 4745 2807 4799 alienata:
2846 4759 2876 4797 a
2918 4757 3083 4813 regno
3116 4743 3376 4799 Roboam.

174 4828 451 4895 γεγονότες
480 4828 595 4881 υἱοὶ
637 4829 877 4901 Ἐτρραῒμ
923 4850 984 4886 τε
1012 4833 1105 4887 καὶ
1126 4835 1440 4905 Μανασσῆς,
1464 4835 1620 4888 τοῦτο
1639 4834 1730 4887 τοῦ

1835 4834 2141 4889 Manserunt
2179 4833 2781 4907 autem-Hierosolymis
2832 4832 2920 4903 qui
2977 4832 3030 4886 in
3062 4834 3203 4887 tribu
3240 4833 3375 4890 Iuda

176 4922 514 4991 προπάτορος
564 4918 754 4973 Ἰακὼό
803 4925 1024 4990 κρατεῖν
1074 4923 1444 4996 ἐθελήσαντος.
1503 4925 1728 4995 Εἴρηται

177 5007 371 5077 γάρτοι
406 5011 551 5081 πρὸς
573 5012 663 5065 τὸν
704 5012 923 5081 Ἰωσήφ·
960 5030 976 5060 ι
1011 5011 1123 5064 Νῦν
1147 5010 1240 5067 οὖν
1270 5016 1317 5068 οἱ
1344 5016 1436 5068 δύο
1465 5015 1567 5067 υἱοί
1600 5031 1691 5067 σου
1711 5054 1727 5080 ,

174 5100 524 5171 οἱγενόμενοί
548 5120 628 5156 σοι
650 5104 707 5156 ὲν
734 5102 1010 5173 Αἰγύπτῳ,
1046 5103 1150 5174 πρὸ
1175 5104 1267 5156 τοῦ
1296 5097 1468 5157 ἐλθεῖν
1500 5122 1566 5173 με
1594 5105 1727 5173 πρὸς

176 5188 225 5243 σὲ
248 5192 326 5253 είς
350 5192 655 5256 Αἴγυπτον,
689 5193 807 5260 ἐμοί
832 5195 967 5259 εἰσι,
1011 5190 1246 5263 Ἐφραῒμ
1269 5232 1283 5255 ,
1318 5194 1413 5245 καὶ
1440 5194 1725 5263 Μανασσῆ,

171 5277 237 5339 ὡς
276 5280 371 5333 καὶ
409 5278 679 5349 Ῥουῦὴμ,
711 5282 803 5334 καὶ
832 5282 1073 5352 Συμεὼν,
1101 5282 1310 5334 ἔσονταί
1344 5297 1481 5350 μοι.)
1519 5282 1725 5335 Οὐκοῦν

1830 4933 1880 4977 et
1928 4919 2206 4992 Beniamin
2246 4923 2682 4979 numerabantur.
2716 4923 2815 4977 Ast
2861 4937 2985 4997 rege
3031 4931 3086 4977 et
3108 4922 3249 4979 duce
3276 4926 3376 4981 de-

1830 5014 2000 5067 stituti
2042 5013 2130 5082 qui
2164 5022 2316 5066 erant
2362 5012 2415 5066 in
2463 5011 2728 5077 Samaria,
2770 5026 2888 5064 cum
2925 5010 3257 5071 Rohoamum
3309 5017 3375 5069 de

1834 5103 2227 5157 incursionibus
2260 5111 2562 5171 suspectum
2592 5102 2868 5164 haberent,
2896 5111 2950 5155 et
2971 5118 3094 5157 eum
3119 5105 3376 5158 uxoribus

1828 5192 2119 5260 liberisque
2160 5192 2384 5246 exitium
2418 5200 2812 5256 exspectarent.
2848 5190 3132 5248 Jeroboam
3162 5205 3373 5248 servum
3404 5176 3409 5181 ’

1829 5283 2151 5348 Salomonis,
2203 5284 2295 5354 qui
2344 5284 2395 5337 in
2443 5282 2732 5354 Egyptnm
2778 5282 2844 5336 ad
2887 5283 3131 5339 Susacim
3190 5272 3370 5353 regem

172 5365 219 5418 αί
244 5368 342 5438 μὲν
363 5367 504 5422 δέκα
534 5368 697 5436 φυλαὶ
720 5368 815 5422 καὶ
845 5371 906 5424 τὸ
932 5372 1099 5441 ἥμισυ
1125 5372 1222 5441 τῆς
1253 5370 1407 5438 μιᾶς,
1447 5370 1723 5422 τουτέστιν

1835 5374 2153 5442 perlugerat,
2204 5374 2546 5436 accersitum,
2588 5374 2769 5426 statim
2817 5374 3109 5446 principem
3155 5370 3374 5428 creave-

183 5457 432 5530 Ἑτρραῖμ,
470 5459 757 5530 άπῴχοντο
792 5460 889 5531 μὲν
921 5464 999 5524 εἰς
1030 5461 1126 5533 τὴν
1177 5461 1503 5531 Σαμάρειαν,
1532 5460 1633 5523 ἕξω
1664 5462 1719 5514 δὲ

1835 5474 1970 5527 runt,
1997 5472 2051 5517 et
2080 5464 2227 5530 regni
2272 5471 2483 5533 sceptro
2529 5464 2801 5521 hominem
2848 5466 3131 5524 scelestum
3170 5465 3369 5521 condc-

235 5594 801 5704 ίιιιιιος.ιι,ι-ιο.
877 5596 1256 5692 ‘ibid.ll~l5.
1335 5638 1705 5706 'Ezcduxu,

1899 5641 1917 5667 "
1945 5641 2077 5697 Gen.
2116 5655 2295 5707 xrvm,
2328 5640 2379 5693 5.
