3990 6328
244 255 318 312 τι
1158 255 1706 315 COMMENTARIUS
1736 257 1803 314 IN
1841 255 2071 314 OSEAM
2109 256 2546 315 PROPIIETAM.
3404 252 3490 308 ἃ

257 366 561 436 Ῥομιλίου,
602 368 634 420 6
660 369 950 440 τριστάτης
977 369 1161 426 αὑτοῦ.
1193 372 1303 426 Καὶ
1341 373 1609 440 ἐπάταξεν
1651 373 1814 428 αὑτὸν

1926 382 2186 430 mortuum
2241 372 2470 441 Phaeca,
2511 370 2653 429 Ozea
2697 371 2804 427 lilio
2858 369 3010 425 Elam
3052 370 3474 440 coniurationem

246 458 309 510 ὲν
346 456 651 529 Σαμαρείᾳ,
699 459 796 513 καὶ
825 458 1205 529 βεϐασίλευκεν
1248 461 1362 516 ἀντ’
1390 463 1553 516 αὑτοῦ
1593 462 1685 517 ἐπὶ
1726 461 1818 517 τὸν

1926 471 1971 521 et
1997 465 2220 521 insidias
2247 465 2302 520 in
2345 464 2491 518 illum
2522 471 2892 532 comparante.
2924 461 3027 515 Sed
3079 461 3219 530 quod
3267 455 3474 528 tempo-

259 547 502 618 Ἰσραὴλ,
537 550 632 602 καὶ
659 548 882 620 εποίησε
916 549 977 604 τὸ
1016 551 1247 623 πονηρὸν
1289 553 1347 606 ὲν
1375 551 1668 624 ὀφθαλμοῖς
1708 554 1819 607 Ku-

1917 557 2064 611 ribus
2113 555 2226 626 eius
2275 556 2488 620 accidit,
2519 555 2570 608 in
2625 553 2859 608 medium
2919 551 3243 606 narrationis
3301 551 3468 605 addu-

250 637 392 711 ρίου,
439 639 532 691 καὶ
561 639 660 692 ούκ
700 640 910 712 ἀπέστη
949 641 1056 694 ἀπὸ
1089 641 1199 698 τῶν
1223 642 1504 714 ἁμαρτιῶν
1541 645 1819 716 ’ἱεροὸοέιμ

1926 647 2046 702 cit.r
2079 646 2258 716 Cmpit
2285 645 2450 708 enim,
2498 643 2696 714 inquit,
2730 641 2986 713 Dominus
3033 641 3244 695 mittere
3287 640 3476 694 diebus

247 727 371 782 υίοῦ
415 728 640 796 Ναδάτ,
683 731 742 794 ὃς
797 731 1067 804 ἐξήμαρτε
1125 734 1217 789 τὸν
1285 735 1518 808 Ἰσραήλ.
1578 755 1598 788 ι
1647 735 1817 788 Atiam"

249 817 628 889 βασιλεύοντος
664 821 830 891 ἀνέϐη
874 822 1298 897 Θεγλαδαλασάρ
1331 825 1583 895 βασιλεὺς
1627 827 1818 879 ’Δσσυι

225 903 404 980 “ρίων,
435 909 494 972 ὃς
529 912 710 964 πᾶσαν
755 910 890 963 ἑλὼν
928 913 1067 966 κατά
1097 914 1296 984 κράτος
1342 915 1442 986 τὴν
1481 914 1816 984 Σαμάρειαν,
1846 975 1856 980 _

248 997 504 1068 ἀπῴκισε
541 999 633 1053 τὸν
685 1001 900 1073 Ἰσραὴλ
945 1004 1025 1066 είς
1065 1004 1401 1075 Ἀσσυρίους.
1453 1005 1818 1076 Τετελεύτηκε

243 1088 308 1142 δὲ
355 1093 447 1144 καὶ
492 1093 522 1144 6
572 1092 766 1156 Φακεὲ,
821 1094 1127 1167 συστροφὴν
1167 1095 1252 1150 ἐπ’
1291 1096 1456 1150 αὑτὸν
1495 1099 1818 1169 ποιησαντος

263 1183 426 1254 Ὠσηὲ
454 1184 548 1237 τοῦ
581 1185 697 1238 υἱοῦ
735 1186 888 1252 Ἦλά,
911 1186 969 1250 ὃς
996 1189 1089 1242 καὶ
1117 1189 1466 1245 ἐϐασίλευσεν
1488 1191 1604 1244 ἀντ’
1628 1189 1814 1254 αὐτοῦ,

247 1273 310 1325 ὲν
335 1273 448 1328 ἔτει
475 1275 706 1345 είκσστῷ
759 1277 994 1348 Ὶωάοαμ
1030 1277 1146 1332 υἱοῦ
1190 1279 1462 1353 Ἀζαρίου.
1509 1297 1529 1332 ι
1587 1279 1725 1333 Ἀλλ’
1760 1283 1817 1333 έν

247 1367 376 1427 ταῖς
410 1365 641 1437 ἡμέραις
671 1368 926 1432 ἐκείναις,
960 1369 1141 1439 φησὶν,
1168 1370 1368 1441 ἤρξατο
1391 1369 1591 1441 Κύριος
1620 1371 1816 1435 ἐξαπο-

250 1455 497 1510 στέλλειν
524 1458 582 1510 ὲν
628 1457 796 1512 ’ἰούδα
835 1460 926 1512 τὸν
961 1460 1204 1514 Ῥαασὼν
1234 1461 1454 1529 βασιλέα
1483 1462 1700 1532 Συρίας,
1723 1461 1818 1514 καὶ

248 1543 345 1598 τὸν
369 1547 542 1600 Φακεὲ
568 1548 679 1600 υἱὸν
722 1549 1019 1620 Ῥομελίου.
1047 1570 1064 1602 ι
1086 1552 1300 1604 Ἀνόπιν
1327 1552 1455 1622 ἡμῖν
1481 1552 1537 1605 ἐν
1557 1551 1763 1616 τούτοις
1788 1553 1817 1605 ὁ

250 1634 414 1704 λόγος
437 1640 668 1709 ἔρχεται.
705 1641 954 1711 Ἔφαμεν
976 1642 1104 1715 γὰρ,
1127 1643 1209 1695 ὅτι
1235 1641 1619 1714 τετελεύτηκεν
1663 1643 1691 1695 6
1712 1644 1818 1696 Φα-

251 1698 374 1792 κεέ,
396 1698 407 1700 —
430 1698 584 1800 ’άξηὶ
609 1730 704 1784 τοῦ
729 1698 868 1785 υιὲῖ
889 1698 1018 1788 Ἦλά
1043 1698 1366 1805 σύστρεμμα
1408 1698 1817 1805 καὶιὲπιΰουλὴν

1926 1729 2050 1784 lcret
2075 1728 2350 1784 incensum
2377 1729 2428 1782 in
2455 1716 2792 1794 excelsisf‘et
2845 1727 2945 1782 sub
2983 1726 3128 1782 omni
3157 1725 3302 1797 ligno
3333 1723 3480 1779 fron-
3582 1703 3614 1776 ,6

252 1817 345 1870 ἐπ’
373 1817 534 1871 αὐτόν
567 1837 692 1876 τινα
721 1823 1110 1894 ποιησαμένου.
1151 1824 1296 1896 Πλὴν
1322 1826 1381 1878 ἐν
1401 1826 1622 1896 ’χρόνοις
1654 1825 1817 1880 αὑτοῦ

251 1909 503 1976 γεγονὸς,
547 1912 628 1975 είς
677 1912 839 1982 μέσον
879 1915 1005 1982 ἄγει
1052 1915 1313 1986 διήγημα.
1365 1936 1384 1970 ι
1423 1915 1659 1988 Ἤρξατο
1685 1917 1817 1988 γὰρ,

253 1998 412 2066 φησὶ,
442 1999 644 2068 Κύβος
673 2003 730 2053 ἐν
751 2006 871 2065 ταῖς
892 2003 1125 2074 ἡμέραις
1151 2007 1388 2068 ἐκείναις
1414 2005 1819 2070 ἐξαποστέλλειν

253 2089 315 2140 ὲν
381 2089 551 2144 Ἰούδα
600 2091 690 2145 τὸν
747 2093 991 2146 Ῥαασὼν
1063 2093 1286 2164 βασιλέα
1329 2096 1545 2166 Συρίας,
1597 2097 1820 2150 καὶτὸν

251 2178 431 2232 Φακεὲ
459 2181 574 2232 υἱὸν
613 2182 908 2252 Ῥομελίου.
945 2201 964 2234 ι
995 2182 1168 2236 Φακεὲ
1203 2184 1312 2255 γὰρ
1342 2187 1370 2238 6
1407 2185 1500 2238 τοῦ
1539 2185 1816 2255 Ῥομελίου

253 2270 636 2340 πεποὶέμηκεν
665 2272 740 2336 ὡς
768 2273 996 2344 ὁμόρους
1027 2275 1186 2338 ὄντας
1205 2276 1330 2351 τους
1367 2274 1814 2346 Ἱεροσολυμίτας.

265 2360 490 2432 Ἐπειδὴ
531 2363 585 2416 δὲ
625 2363 802 2433 δεινὴν
833 2366 928 2419 καὶ
972 2366 1272 2436 ἄθραυστον
1323 2365 1515 2420 ἐθεᾶτο
1555 2365 1652 2438 τὴν
1681 2367 1822 2420 ἀντί-

253 2466 468 2514 στασιν,
510 2452 788 2508 ἀναπείθει
829 2455 919 2509 τὸν
955 2456 1200 2511 Ῥαασὼν
1220 2458 1310 2510 τὸν
1339 2455 1562 2527 βασιλέα
1580 2456 1690 2510 τῶν
1713 2456 1820 2510 Σύ-

256 2557 393 2610 ρων,
435 2539 696 2596 σύνοπλον
723 2545 869 2616 αὐτῷ
908 2547 1158 2615 γενέσθαι
1195 2547 1291 2600 καὶ
1338 2545 1698 2618 συλλήπτορα,
1729 2547 1822 2600 καὶ

254 2631 780 2704 συνεκπολιορκῆσαι
836 2633 934 2702 τὴν
1007 2635 1375 2707 Ἰερουσαλήμ.
1431 2635 1822 2706 Συνεστηκότος

249 2719 319 2792 δὴ
366 2716 458 2775 οῦν
507 2723 604 2777 τοῦ
666 2726 921 2797 πολέμου,
968 2727 1322 2798 τετελεύτηκε
1371 2727 1469 2797 μὲν
1512 2727 1750 2798 Ἰωάθαμ
1795 2729 1823 2781 6

253 2811 375 2875 υίὸς
419 2812 688 2884 ’Λζαρίου.
731 2815 1035 2887 Διαδέχεται
1057 2817 1111 2870 δὲ
1133 2817 1231 2887 τὴν
1265 2815 1535 2884 βασιλείαν
1569 2815 1775 2890 Ἂχατζ
1794 2816 1824 2868 ὀ

251 2903 373 2966 υίὸς
398 2903 586 2970 αὐτοῦ,
610 2907 842 2978 πονηρὸς
864 2905 938 2960 ὢν
975 2906 1114 2976 ἄγαν
1161 2907 1256 2960 καὶ
1282 2906 1688 2976 εἰδωλολάτρης,
1732 2905 1824 2958 καὶ

1918 735 2022 790 illis
2044 736 2095 790 in
2113 733 2298 790 ludam
2330 735 2530 790 thasin
2560 747 2738 804 regem
2763 731 2954 802 Syriae,
2989 738 3044 786 et
3083 730 3289 786 Phaeee
3311 729 3474 782 tilium

1916 826 2191 882 Bomelize.
2224 847 2243 879 ι
2278 825 2488 882 Pbacee
2526 839 2760 894 namque
2802 823 3056 878 liomeliae
3106 823 3243 878 illius
3265 821 3480 876 ieroso-

1916 914 2151 985 lymitas,
2216 924 2468 986 tanquam
2509 914 2766 969 ﬁnitimos
2796 913 2960 968 armis
2993 911 3281 966 lacessivit.
3313 910 3477 967 Cum-

1918 1021 2022 1075 que
2054 1010 2273 1073 acriter,
2304 1015 2357 1061 et
2386 1005 2615 1060 infracto
2666 1005 2859 1059 robore
2888 1003 2988 1058 sibi
3018 1003 3201 1058 resisti
3252 1002 3478 1067 videret,

1916 1095 2117 1151 Rhasin
2149 1095 2428 1168 Syriorum
2459 1110 2635 1166 regem
2660 1095 2726 1150 ad
2759 1109 2908 1149 arma
2931 1109 3110 1149 secum
3134 1091 3481 1162 Jerosolymc

1916 1188 2285 1256 expugnanda:
2311 1185 2668 1244 consocianda
2697 1184 2924 1255 impulit.
2954 1183 3101 1240 Bello
3123 1183 3288 1255 igitur
3319 1183 3482 1238 ador~

1917 1285 2066 1341 nato,
2127 1274 2376 1332 Joatham
2440 1275 2652 1332 Azarite
2706 1276 2847 1331 Iilius
2878 1276 3108 1341 decedit,
3138 1285 3192 1331 et
3253 1287 3476 1343 regnum

1914 1365 2092 1419 Aclraz
2127 1355 2265 1420 [ilius
2289 1363 2403 1433 ejus
2440 1365 2634 1432 accipit
2674 1365 2740 1430 ",
2770 1367 2928 1418 homo
2964 1363 3393 1431 improbissimus
3416 1368 3478 1415 et

1917 1455 2218 1522 idololatria,
2240 1455 2480 1524 adeoque
2509 1457 2828 1510 aderrorem
2872 1455 3042 1509 insani
3077 1453 3336 1507 idolorum
3365 1449 3480 1507 ωι-

1918 1555 2002 1600 tus
2041 1537 2242 1624 ebrius,
2283 1555 2341 1600 ut
2367 1555 2421 1600 ct
2450 1545 2612 1600 lilium
2639 1560 2794 1600 suum
2821 1560 2916 1614 per
2939 1547 3111 1614 ignem
3137 1543 3475 1608 transierret,

1917 1646 1972 1692 et
2023 1638 2089 1691 ad
2147 1637 2375 1707 quodvis
2417 1645 2611 1691 tetrum
2651 1637 2858 1691 facinus
2895 1635 3208 1698 declinaret,
3255 1643 3310 1688 et
3350 1635 3480 1687 ado-

1917 1823 2072 1885 doso,
2129 1821 2266 1875 sicut
2307 1820 2364 1893 9
2405 1822 2662 1892 scriptum
2707 1827 2788 1874 est
2820 1819 2887 1872 υ.
2921 1818 3282 1874 Conturbatus
3320 1815 3482 1884 igitur

1916 1913 2112 1978 Achaz,
2147 1912 2488 1984 collectisque
2527 1911 2789 1966 universis
2825 1910 3027 1966 divitiis
3057 1923 3174 1979 qua:
3225 1909 3278 1962 in
3321 1907 3480 1962 domo

1917 2003 2125 2057 Domini
2157 1986 2590 2074 inveniebantur,
2641 2011 2746 2071 per
2771 2001 2984 2056 nuntios
3007 2000 3074 2054 ad
3115 1999 3475 2068 Tlteglatpha-

1916 2093 2058 2146 lasar
2084 2106 2262 2160 regem
2293 2093 2636 2168 Assyriorum
2662 2091 2855 2145 salutis
2875 2090 3174 2146 obtinendae
3199 2103 3357 2144 causa
3388 2101 3478 2143 eas

1918 2182 2235 2235 transmisit.
2295 2180 2550 2250 Assyrius
2607 2181 2770 2249 igitur
2815 2189 3006 2234 contra
3040 2178 3243 2233 Rbasin
3296 2190 3476 2246 regem

1919 2271 2110 2328 bellum
2134 2271 2317 2338 sumit,
2370 2271 2687 2324 Damascum
2731 2270 2909 2340 Syriae
2948 2269 3281 2337 metropolim
3308 2269 3475 2337 capit,

1919 2363 2120 2418 Rhasin
2173 2361 2443 2418 interﬁcit.
2505 2360 2680 2438 Agbaz
2737 2360 3474 2431 postmodum‘Jerosolymis

1921 2453 2261 2519 Damascum,
2326 2453 2602 2530 Astyrium
2661 2453 2896 2518 visurus,
2944 2451 3236 2507 descendit.
3299 2451 3371 2506 lbi
3421 2451 3478 2506 in

1921 2544 2156 2600 delubris
2192 2543 2455 2598 idolorum
2486 2558 2605 2598 cum
2641 2543 2812 2599 altare
2852 2558 2990 2597 novo
3037 2543 3265 2611 quodam
3301 2551 3354 2595 et
3399 2541 3483 2595 in-

1920 2635 2126 2689 usitato
2168 2634 2326 2690 modo
2358 2643 2732 2706 constructum
2766 2635 3005 2697 vidisset,
3054 2647 3119 2686 eo
3161 2643 3483 2702 magnopere

1923 2724 2241 2786 delectatus,
2300 2722 2526 2778 formam
2572 2725 2690 2796 ejus
2726 2738 2821 2780 seu
2877 2721 3155 2793 exemplar
3197 2723 3262 2774 ad
3299 2719 3484 2775 Uriam

1923 2814 2259 2871 Sacerdotem
2312 2802 2702 2885 Ierosolymam
2745 2812 2912 2876 misit,
2966 2822 3021 2867 et
3051 2811 3224 2866 simile
3248 2808 3486 2864 construi

1919 2905 2098 2975 jussit.
2125 2907 2242 2971 Quo
2271 2905 2417 2960 illato
2451 2908 2504 2959 in
2548 2905 2765 2959 domum
2799 2903 3029 2966 Domini,
3062 2911 3116 2956 et
3149 2910 3351 2954 tantum
3379 2915 3484 2955 non

254 2990 618 3061 καταμεθύων
636 2992 776 3047 οὕτω
793 2995 925 3066 πρὸς
961 2988 1225 3064 πλάνησιν
1253 2995 1608 3066 είδωλομανῆ,
1627 2995 1702 3058 ὡς
1723 2998 1818 3050 καὶ

1926 3004 2104 3065 spreto
2128 3009 2188 3048 ac
2215 3005 2525 3064 contempto
2549 2995 2689 3064 quod
2736 2981 2909 3048 Moses
2939 2993 3032 3046 Dei
3057 2992 3330 3046 voluntate
3355 2988 3489 3044 fece-

252 3081 349 3134 τὸν
375 3082 506 3136 ίδιον
527 3083 640 3137 υίδν
658 3085 934 3153 διαγαγεῖν
953 3088 1010 3139 έν
1033 3087 1186 3157 πυρὶ,
1209 3087 1303 3139 καὶ
1339 3090 1474 3157 πρὸς
1501 3089 1608 3141 πᾶν
1645 3087 1821 3141 ὁτιοῦν

1926 3099 2024 3154 rat,
2080 3091 2242 3155 super
2290 3101 2355 3141 eo
2401 3086 2665 3142 sacriﬁcia
2713 3085 2970 3140 solemnia
3011 3082 3306 3153 perpetrari
3334 3095 3487 3135 man-

255 3171 556 3226 ἀπονεῦσαι
629 3175 750 3228 τῶν·
802 3175 1080 3242 ἐκτόπων,
1164 3176 1259 3230 καὶ
1326 3175 1541 3248 θυμιᾷν
1590 3178 1650 3228 ὲν
1711 3180 1823 3238 τοῖς

257 3261 507 3332 ὑψηλοῖς,
571 3264 669 3316 καὶ
737 3264 992 3318 ὑποκάτω
1043 3264 1243 3327 παντὸς
1293 3258 1446 3328 ξύλου
1514 3266 1780 3328 ἀλσώδους
1804 3305 1820 3332 ,

1922 3179 2085 3234 (lavit.
2120 3176 2240 3232 Alia
2303 3177 2635 3246 printer-lucc
2673 3176 2725 3230 in
2795 3176 3013 3244 templo,
3072 3190 3166 3245 pro
3225 3173 3487 3228 arbitratu

1923 3268 2340 3332 inconsiderate,
2364 3277 2419 3321 et
2453 3264 2564 3321 Deo
2602 3265 2768 3320 invito
2804 3265 3037 3320 novavit.
3086 3264 3223 3331 Quin
3267 3272 3322 3318 et
3356 3273 3486 3316 temo

255 3351 405 3404 κατά
464 3352 526 3405 τὸ
596 3352 997 3424 γεγραμμένον.
1053 3352 1496 3424 Τεοορυδημένος
1543 3354 1605 3424 δὴ
1653 3351 1744 3408 οὖν
1794 3355 1824 3406 6

1926 3357 2140 3428 poribus
2168 3356 2304 3424 ejus,
2331 3356 2622 3409 etiamnum
2652 3355 2862 3408 vivente
2894 3353 3032 3408 Osee
3053 3353 3162 3408 lilio
3195 3353 3342 3407 Elam
3362 3365 3489 3420 rege

262 3439 493 3510 ’Δχατζ,
527 3441 704 3496 πάντα
755 3440 1092 3510 συνενεγκὼν
1140 3442 1230 3495 τὸν
1273 3441 1499 3496 πλοῦτον
1537 3442 1626 3494 τὸν
1669 3443 1823 3514 εὐρε-

258 3528 428 3584 Θέντα
451 3533 509 3587 έν
523 3531 656 3603 οἴκῳ
675 3531 899 3604 Κυρίου,
922 3531 1235 3586 ἀποστέλλει
1255 3533 1391 3604 πρὸς
1405 3532 1824 3605 Θεγλαϐαλασάρ

263 3621 494 3691 βασιλέα
532 3623 850 3696 Ἀσσυρίων,
883 3624 977 3676 καὶ
1006 3623 1271 3686 σώζεσθαι
1303 3624 1369 3678 δι’
1395 3623 1556 3677 αὑτοῦ
1588 3624 1828 3695 παρεκά-

260 3712 691 3777 λει.⁹οπλίζεται
736 3716 916 3768 τοίνυν
949 3715 1230 3786 Ἀσσύριος
1277 3715 1414 3768 κατά
1459 3715 1556 3784 τῆς
1590 3715 1829 3770 Ῥαασὼν

265 3802 569 3873 βασιλείας,
594 3805 690 3859 καὶ
716 3806 924 3876 δέχεται
949 3806 1046 3876 μὲν
1067 3806 1166 3879 τὴν
1188 3807 1495 3876 Δαμασκὸν,
1519 3807 1555 3876 ἦ
1583 3809 1698 3860 ἐστι
1728 3824 1832 3879 μη-

262 3894 526 3962 τρόπολις
551 3894 652 3965 τῆς
679 3895 894 3966 Συρίας,
924 3897 1138 3967 ἀναιρεῖ
1178 3897 1235 3950 δὲ
1275 3897 1367 3951 τὸν
1401 3897 1663 3952 Ῥαασών.
1700 3894 1832 3952 Εἶτα

264 3981 516 4036 κάτεισιν
539 3982 742 4052 ’Δχατζ
768 3985 834 4037 ὲκ
857 3985 964 4036 τῶν
997 3985 1376 4056 Ἱεροσολύμων
1415 3987 1493 4050 είς
1522 3989 1830 4057 Δαμασκὸν,

264 4071 536 4140 ὀψόμενος
558 4072 648 4124 τὸν
680 4073 982 4143 Ἀσσύριον.
999 4074 1086 4128 Ἐν
1117 4074 1174 4128 δὲ
1211 4077 1324 4139 τοῖς
1353 4076 1462 4132 τῶν
1489 4077 1720 4131 εἰδώλων
1745 4095 1834 4132 τε·

271 4161 462 4232 μένεσι
491 4162 866 4234 θυσιαστήριον
916 4164 1194 4235 ἑωρακὼς,
1225 4169 1564 4239 καινοπρεπῆ
1597 4186 1714 4224 τινα
1742 4169 1835 4224 καλ⁸

266 4255 420 4327 ἀήθη
462 4254 804 4325 κατασκευὴν
854 4253 992 4323 ἔχον,
1032 4256 1122 4308 καὶ
1168 4257 1353 4328 ἡσθεὶς
1379 4260 1466 4313 ἐπ’
1506 4261 1653 4331 αύτῷ
1693 4260 1833 4325 λίαν,

1920 3442 2104 3507 Israel,
2129 3443 2367 3497 ascendit
2389 3442 2730 3495 Salmanasar
2759 3457 2848 3493 rex
2864 3443 3205 3509 Assyriorum
3229 3441 3489 3494 adversus
3578 3436 3582 3452 '

1924 3534 2110 3599 lsrael,
2160 3542 2478 3600 vastataque
2505 3529 2772 3590 Samaria,
2821 3529 2884 3584 ad
2955 3539 3168 3583 montes
3201 3537 3254 3582 et
3301 3528 3491 3582 ﬂuvios

1927 3625 2200 3681 Medorum
2227 3625 2396 3692 ipsum
2428 3611 2714 3677 transtulit.
2749 3622 2883 3676 Osee
2911 3635 3121 3690 quoque
3155 3620 3273 3674 neci
3315 3619 3488 3684 dedit,

1927 3714 2069 3783 quod
2095 3727 2283 3767 manaa
2319 3709 2577 3782 (signum
2607 3707 2996 3777 subjectionis)
3037 3696 3140 3760 non
3201 3706 3484 3768 attulisset,

1930 3809 2060 3875 quin
2130 3803 2306 3872 potius
2369 3801 2590 3871 IEgypti
2641 3815 2817 3870 regem
2868 3799 3064 3852 auxilio
3127 3806 3372 3853 vocasset
3414 3797 3484 3850 “.

1931 3898 2111 3953 Acltaz
2140 3911 2170 3949 e
2191 3895 2324 3948 vivis
2350 3903 2618 3960 exempto,
2656 3891 2898 3960 regnavit
2927 3888 3182 3942 Ezechias
3206 3887 3345 3941 ﬁlius
3371 3885 3489 3953 ejus

1933 4001 2094 4053 super
2122 3983 2310 4038 ludam
2335 3983 2386 4036 in
2415 3979 2732 4034 Jerusalem.
2755 3977 2848 4032 llic
2870 3977 2971 4031 fuit
2993 3977 3074 4053 vir
3100 3977 3240 4044 pius,
3264 3975 3490 4043 etjusti-

1937 4077 2022 4130 tiae
2059 4089 2215 4144 quam
2274 4068 2723 4132 studiosissimus,
2769 4077 2828 4122 ut
2875 4067 3192 4122 immensum
3230 4077 3488 4134 quantum

1935 4177 2094 4231 supra
2122 4160 2255 4213 alias
2283 4159 2336 4212 in
2362 4159 2444 4212 liis
2469 4157 2934 4226 excelleret.tlpse
2957 4156 3166 4211 excelsa
3190 4155 3485 4224 dissipavit,

1937 4261 1991 4306 et
2009 4252 2155 4304 lucos
2176 4247 2420 4310 succidit,
2449 4255 2504 4300 et
2523 4257 2640 4300 erat
2657 4245 2912 4300 Dominus
2929 4260 3048 4298 cum
3072 4231 3338 4300 σου.»Εό
3366 4258 3489 4316 rege

269 4341 578 4412 ἑκτύπωμα
605 4340 803 4406 λαϐὼν,
825 4343 1140 4397 ἀποστέλλει
1169 4345 1305 4416 πρὸς
1337 4348 1538 4416 Οὐρίαν
1565 4349 1655 4402 τὸν
1688 4350 1826 4420 ἱερέα

1941 4339 2182 4396 ascendit
2234 4337 2582 4394 Seuaclterim
2635 4352 2727 4391 rex
2754 4336 3093 4406 Assyriorum
3125 4335 3193 4390 ad
3247 4336 3493 4392 civitates

272 4431 334 4484 ὲν
390 4433 505 4493 τοῖς
536 4430 958 4503 Ἰεροσολύμοις,
1009 4432 1105 4484 καὶ
1149 4433 1212 4503 δὴ
1257 4435 1374 4486 κατ’
1406 4436 1538 4490 αὐτὸ
1587 4438 1837 4505 γενέσθαι

274 4523 662 4594 προστέταχτν.
709 4521 1042 4590 Είσενεγκὼν
1087 4523 1145 4575 δὲ
1189 4524 1248 4574 ὲν
1293 4523 1425 4594 οίκῳ
1475 4527 1706 4597 Κυρίου,
1744 4531 1837 4584 καὶ

276 4593 561 4684 μονονουχὶ
590 4612 684 4666 καὶ
709 4613 978 4684 ἀτιμάσας
1023 4613 1085 4665 τὸ
1130 4612 1268 4667 κατὰ
1311 4593 1573 4682 βούλησιν*
1588 4593 1723 4670 Θεοῦ
1751 4619 1840 4672 διὰ

271 4702 520 4765 Μωσέως
549 4705 932 4774 γεγενημένον,
959 4706 1043 4756 ἐπ’
1075 4702 1222 4774 αύτῷ
1262 4703 1500 4775 πληροῦν
1525 4704 1595 4758 τά
1625 4723 1838 4776 νενομι-

175 4801 184 4809 ·
275 4791 454 4862 σμένα
485 4789 836 4862 προστέταχε.
860 4792 970 4844 Καὶ
993 4792 1154 4862 ἔτερα
1174 4791 1230 4844 δὲ
1263 4789 1398 4862 πρὸς
1425 4790 1631 4854 τούτοις
1652 4809 1840 4846 κεκαι-

272 4880 579 4952 νούργηκεν
619 4882 676 4934 ὲν
705 4880 781 4951 τῷ
804 4879 935 4952 ναῷ,
963 4882 1102 4934 κατά
1126 4882 1186 4934 τὸ
1216 4879 1364 4952 αὐτῷ
1399 4879 1607 4946 δοκοῦν,
1651 4882 1839 4952 ἀπερι-

278 4975 553 5039 σκέπτως,
581 4975 677 5027 καὶ
715 4971 1025 5045 ἀπᾳὸόντως
1052 4972 1192 5044 Θεῷ.
1209 4973 1368 5027 Ἀλλά
1399 4973 1492 5028 καὶ
1516 4973 1574 5025 έν
1598 4973 1709 5034 τοῖς
1741 4972 1837 5026 αὺ-

277 5047 381 5118 τοῦ
428 5067 662 5134 καιροῖς,
690 5064 769 5117 ἐτι
818 5063 1014 5128 ζῶντος
1047 5064 1204 5137 Ὠσηὲ
1250 5065 1368 5120 υίοῦ
1400 5064 1532 5118 Ἥλά
1579 5062 1838 5133 βασιλέως

292 5153 531 5226 Ἰσραὴλ,
558 5154 722 5225 ἀνέϐη
770 5157 799 5208 6
845 5156 1218 5228 Σαλμανασάρ
1259 5157 1508 5227 βασιλεὺς
1541 5154 1840 5224 Ἀσσυρίων

277 5247 378 5300 ἐπὶ
409 5245 499 5299 τὸν
527 5244 761 5316 Ἰσραὴλ,
787 5245 844 5308 ὃς
870 5245 1220 5319 καταδῃώσας
1247 5246 1343 5318 τὴν
1361 5247 1688 5317 Σαμάρειαν,
1716 5260 1842 5315 μετ-

277 5335 468 5408 ῴκησε
492 5337 582 5391 τὸν
605 5336 818 5409 Ἰσραὴλ
829 5339 886 5390 ὲν
908 5337 1078 5408 ὄρεσι,
1097 5341 1188 5391 καὶ
1207 5342 1470 5410 ποταμοῖς
1491 5337 1599 5392 τῶν
1621 5338 1837 5407 Μήδων.

297 5427 611 5482 ’Δπέκτεινε
633 5428 692 5481 δὲ
718 5428 811 5482 καὶ
832 5428 990 5482 αὐτὸν
1013 5428 1316 5498 Ὠσηέ.Καὶ
1339 5429 1427 5482 διὰ
1449 5429 1605 5482 ποίαν
1629 5429 1838 5492 αίτίαν;

1941 4431 2138 4498 Judzeae
2163 4429 2415 4494 munitas,
2437 4443 2570 4498 quas
2591 4428 2821 4493 obsedit,
2836 4437 2890 4483 et
2913 4427 3048 4482 citra
3070 4429 3302 4482 laborem
3328 4427 3492 4495 cepit.

1939 4522 2090 4578 Tunc
2125 4522 2250 4574 item
2283 4519 2553 4574 Rabsaces
2584 4519 2930 4588 JCI‘O‘sOlylltlS
2957 4520 3196 4583 insultat,
3225 4530 3280 4574 et
3323 4520 3497 4586 impu-

1940 4617 2072 4668 dens
2116 4627 2178 4667 os
2208 4618 2394 4664 contra
2432 4611 2595 4664 Deum
2655 4611 2919 4676 aperiens,
2958 4607 3494 4666 tnaledicentissimas
3535 4611 3537 4614 ⁴

1942 4703 2059 4759 illas
2091 4717 2247 4758 voces
2288 4699 2504 4754 emittit.
2525 4697 2676 4752 Tunc
2701 4712 2911 4767 quoque
2934 4699 3037 4751 leto
3073 4698 3194 4751 data
3219 4713 3283 4751 ex
3301 4696 3495 4752 castris

1942 4796 2290 4866 Assyriorum
2317 4801 2532 4846 centum
2585 4791 2853 4859 octoginta
2885 4790 3126 4857 quinque
3153 4790 3337 4856 millia,
3387 4785 3492 4842 una

1945 4895 2102 4940 nocte
2122 4898 2280 4938 manu
2305 4883 2480 4953 angeli
2513 4881 2775 4938 confecta.
2801 4877 2924 4932 llaec
2946 4880 3147 4937 utiliter
3179 4881 3229 4934 in
3257 4892 3495 4950 praesens

1945 4975 2084 5030 dicta
2107 4984 2232 5030 sunt
2253 4988 2271 5028 :
2291 4973 2482 5043 cuique
2500 4973 2640 5028 enim
2668 4959 2888 5025 istorum
2911 4985 3132 5024 casuum
3151 4970 3494 5041 propheticus

1945 5064 2034 5121 hic
2092 5081 2272 5121 sermo
2297 5066 2430 5120 scite
2452 5060 2814 5134 quadraverit.
2853 5061 3004 5120 Nune
3024 5063 3165 5117 enim
3198 5062 3494 5117 Samaritas
3534 5071 3537 5075 '

1941 5155 2222 5225 increpat:
2246 5172 2386 5210 nunc
2406 5151 2794 5222 Jerosolymitls
2819 5150 3062 5207 hostilem
3085 5154 3367 5207 adventum
3390 5150 3496 5202 mi»

1941 5255 2120 5302 natur:
2135 5249 2470 5318 captivitates
2486 5243 3073 5317 praenuntiat,timorem
3089 5231 3488 5317 praesigniﬁcet,

1943 5337 2198 5395 auxilium
2219 5336 2480 5406 promittit
2498 5353 2511 5387 :
2533 5334 2600 5388 ad
2616 5339 3020 5390 conversionem
3039 5335 3226 5391 invitat
3253 5347 3374 5388 :nee
3389 5333 3492 5387 ulla

1944 5423 1997 5478 in
2021 5426 2121 5480 hac
2144 5423 2420 5494 prophetia
2449 5422 2807 5491 praetermissa
2836 5433 2918 5480 cst
2953 5424 3109 5490 ratio,
3151 5421 3355 5479 ullusve
3385 5438 3495 5477 uto-

356 5612 406 5644 "
446 5609 512 5667 IV
545 5611 686 5682 Reg.
728 5628 839 5684 xvr,
873 5611 929 5665 2.
1006 5610 1050 5645 ’⁸
1071 5609 1197 5668 ibid.
1223 5609 1274 5684 ιιτ
1350 5610 1394 5642 ³³
1431 5607 1498 5664 IV
1534 5608 1663 5678 Reg.
1703 5621 1826 5676 XVII,

1926 5621 2071 5677 seqq.
2149 5603 2193 5638 ’⁸
2220 5603 2286 5660 IV
2317 5600 2448 5672 Reg.
2476 5616 2636 5669 xvm,
2668 5602 2722 5658 4.
