3990 6328
195 239 251 293 ιο
1074 233 1623 293 οοιιιιεΝτΑιιιυδ
1655 233 1720 289 IN
1759 233 1988 292 OSEAM
2025 235 2463 294 PBOPHETAM.
3323 245 3397 302 ω

200 351 502 414 ι’Δναστὰς,
529 348 725 419 Πέτρε,
776 322 972 419 θῦσον,
1027 351 1120 405 καὶ
1165 351 1324 420 φάγε.
1352 369 1372 404 ι
1411 351 1625 423 Ἐπειδὴ
1677 350 1734 404 δὲ

1833 366 1897 410 so
1927 374 1938 407 :
1972 373 1993 408 ι
2026 354 2224 424 Surge,
2252 351 2431 416 Petre,
2461 350 2672 415 occide,
2697 361 2752 406 et
2780 351 3042 407 manduca
3069 353 3134 409 “.
3170 373 3190 406 ι
3244 355 3394 423 Quo-

200 435 482 506 ἰουδαῐκῶς
527 441 890 512 άνακεκράγει
917 441 996 507 τὸ,
1032 460 1054 494 ι
1077 442 1378 515 Μηδαμῶς,
1429 441 1620 512 Κύριε,
1653 443 1734 495 ὃτι

183 534 423 617 ρῦδέποτε
469 532 669 600 ἔφαγον
708 532 902 597 κοινὸν,
943 533 977 602 ἢ
1025 532 1347 604 ἀκάθαρτον⁹
1383 552 1402 586 ι
1442 534 1737 603 ἐπετιμᾶτο

191 625 529 694 παραχρῆμα,
556 623 648 676 καί
673 625 749 687 ὡς
773 625 886 686 τοῖς
929 624 1091 686 θείοις
1119 626 1425 695 σκέμμασιν
1454 625 1735 694 ἀντιφέρε-

192 715 298 768 σθαι
324 714 553 784 τολμῶν,
571 715 769 784 ἢκουεν
799 714 1042 784 ἐναργῶς
1060 717 1186 767 ἰἋ
1219 717 1248 768 6
1275 715 1404 778 Θεὸς
1423 703 1734 786 ἐκαθάρισε,

192 804 247 856 σὺ
281 802 352 872 μὴ
379 803 573 855 κοίνου.
613 821 632 853 ι
671 803 732 855 El
763 803 872 872 γάρ
901 803 994 858 καὶ
1024 803 1268 873 ἐλέγχειν
1290 803 1475 873 ἢθελεν
1502 805 1678 874 ἠπίως
1707 807 1736 858 6

189 892 282 946 τῶν
314 893 450 944 δλων
492 891 644 954 Θεὸς,
686 893 779 946 καὶ
819 893 920 946 οὐκ
964 893 1123 958 εὐθὺς
1151 896 1226 957 ὡς
1266 896 1639 965 ἀπειρηκόσιν
1673 895 1733 948 ού

193 982 410 1052 μετρίως
446 981 872 1049 ἐξεπικραίνετο,
905 983 1016 1036 ἀλλ’
1044 984 1144 1037 οὐκ
1171 982 1277 1050 ἔξω
1312 985 1531 1053 γέγονεν
1559 986 1734 1048 αἰτίας

141 1094 157 1112 ο
187 1075 352 1136 αὐτοῖς
378 1077 411 1144 ἡ
445 1076 788 1144 παραίτησις.
821 1075 1032 1145 Χρῆναι
1075 1075 1132 1129 δι
1175 1094 1314 1146 φημι
1359 1079 1480 1140 ταῖς
1532 1078 1736 1133 ἄνωθεν

185 1163 368 1231 ψήφοις
402 1163 666 1232 ἀμελλητὶ
694 1165 954 1235 νέμοντας
979 1166 1040 1219 τὸ
1067 1166 1242 1238 ὀρθῶς
1283 1167 1376 1220 καὶ
1399 1167 1736 1239 ἀδιασλήτως

185 1257 333 1325 ἔχειν,
379 1258 768 1326 άποπεραίνειν
810 1257 1122 1325 ἐπείγεσθαι
1174 1259 1237 1310 τὸ
1289 1259 1733 1327 κεκελευσμένον,

185 1346 277 1398 κᾶν
325 1347 374 1398 εί
405 1347 480 1416 μὴ
522 1348 727 1417 σφόδρα
769 1347 831 1399 τὸ
857 1349 1045 1418 χρῆμα
1069 1351 1187 1411 ταῖς
1214 1349 1508 1421 ἡμετέραις
1535 1347 1733 1422 ἁνδάνῃ

182 1437 386 1506 ψυχαῖς.
425 1433 548 1490 υἷόν
580 1437 650 1490 ’τί
698 1455 858 1508 φημι·
882 1439 1223 1510 Προστίταχε
1269 1439 1347 1510 τῷ
1376 1440 1546 1493 Σαοὺλ
1572 1443 1600 1493 6
1622 1440 1733 1494 τῶν

183 1527 305 1581 ὅλων
347 1526 504 1591 Θεὸς,
530 1528 838 1596 ἀποσφάξαι
877 1529 969 1583 τὸν
1000 1531 1201 1597 Ἀγαγ,
1231 1531 1305 1594 ὼς
1336 1531 1521 1584 ἀνόσια
1547 1531 1734 1602 δεδρα-

185 1618 306 1670 κότα
344 1618 486 1672 κατὰ
524 1619 632 1671 τῶν
668 1617 728 1684 ἐξ
779 1619 1014 1691 Ἰσραήλ.
1032 1620 1174 1690 Ἀλλῖ
1208 1620 1362 1691 ᾠήθη
1403 1620 1462 1674 τὸ
1502 1624 1735 1693 χρηστὸν

183 1711 259 1762 ἐπ’
292 1709 440 1780 αύτῷ
483 1710 850 1778 βουλεύεσθαι,
897 1713 992 1765 καὶ
1038 1712 1252 1780 φειδοῦς
1301 1713 1450 1784 ἠξίου
1493 1714 1584 1766 τὸν
1616 1717 1733 1776 ταῖς

182 1801 369 1868 ψήφοις
395 1800 936 1868 καταδεδικασμένον.
970 1803 1305 1874 Προσκρούει
1338 1805 1393 1886 δὲ
1423 1802 1512 1859 οὖν
1536 1805 1736 1878 ταύτῃ-
1773 1869 1776 1878 ,

183 1906 252 1943 τοι
279 1890 356 1960 τῷ
383 1891 523 1960 Θεῷ,
554 1892 648 1944 καὶ
675 1891 836 1962 μάλα.
857 1893 1108 1963 Ἐκήδετο
1144 1894 1208 1964 δὴ
1255 1892 1345 1949 οὖν
1369 1896 1460 1950 τοῦ
1489 1898 1735 1952 τεθνάναι

183 1981 664 2052 προστεταγμένου,
700 1983 978 2053 μονονουχὶ
1006 1983 1402 2054 διακεκραγὼς,
1434 1989 1526 2041 καὶ
1563 1989 1736 2055 λέγων

180 2065 239 2125 δι’
263 2072 428 2125 αὑτοῦ
474 2071 569 2123 τοῦ
615 2071 957 2141 πράγματος,
987 2073 1066 2126 ὃτι
1120 2074 1194 2144 μή
1221 2075 1434 2130 δικαίαν
1466 2079 1554 2128 ἐπ’
1587 2079 1735 2147 αὐτῷ

180 2163 267 2233 τὴν
307 2163 485 2231 ψῆφον
529 2163 760 2214 ἐποιεῖτο
805 2162 955 2224 Θεός.
983 2162 1196 2232 Ταύτης
1224 2163 1386 2218 ἑνεκα
1429 2167 1528 2236 τῆς
1557 2169 1732 2230 αίτίας

181 2255 417 2306 ἐλυπεῖτο
455 2252 547 2322 μὲν
591 2252 731 2314 λίαν,
767 2252 859 2303 καὶ
900 2253 1294 2322 συνηγανάκτει
1330 2256 1447 2325 Θεῷ
1478 2259 1506 2308 6
1553 2259 1732 2326 μακά-

186 2360 284 2413 ριος
307 2344 579 2414 Σαμουὴλ.
609 2333 717 2398 Καὶ
742 2345 1074 2413 ἀποσφάττει
1108 2348 1205 2416 μὲν
1229 2346 1318 2398 τὸν
1347 2349 1525 2414 ’Δγαγ
1549 2349 1730 2412 αὐτὸς,

182 2433 456 2500 ἐπιφωνῶν
479 2434 572 2496 τὰς
603 2435 799 2497 αἰτίαςο
832 2454 850 2485 ι
874 2433 1011 2488 Ἀνθ’
1034 2430 1108 2489 ὧν
1137 2436 1268 2504 γὰρ,
1301 2441 1482 2506 φησιν,
1507 2439 1733 2506 ἠτέκνω-

183 2542 234 2577 σε
260 2528 520 2592 γυναῖκας
547 2527 578 2594 ἠ
609 2526 852 2595 ῥομφαία
882 2543 996 2590 σου,
1021 2527 1190 2590 οὕτως
1214 2529 1644 2598 ἀτεκνωθήσεται
1671 2533 1733 2584 ἐκ

181 2614 444 2688 γυναικῶν
463 2618 496 2686 ἡ
521 2615 700 2686 μήτηρ
718 2633 833 2674 σου.
861 2637 879 2668 ι
906 2617 1344 2687 Προαπαγγέλλει
1370 2617 1424 2670 δὲ
1443 2618 1519 2689 τῷ
1539 2619 1730 2683 Σαοὺλ,

178 2705 250 2758 ὅτι
277 2707 373 2759 καὶ
403 2706 502 2774 τῆς
533 2707 807 2776 βασιλείας
857 2707 1246 2779 ἐξοισθήσεται,
1287 2709 1380 2762 καὶ
1414 2711 1612 2780 πικρὰς
1636 2711 1733 2781 τῆς

178 2797 457 2866 παρακοῆς
486 2799 731 2852 ἀποτίσει
756 2799 930 2862 δίκας.

238 2887 298 2937 Εἰ
329 2887 387 2938 δὲ
421 2887 526 2957 χρὴ
571 2888 707 2957 πρὸς
739 2888 914 2958 τούτῳ
945 2887 1040 2943 καὶ
1073 2889 1264 2959 ἐτέρας
1302 2891 1449 2959 ἡμᾶς
1496 2890 1733 2961 ἱστορίας

178 2981 526 3046 παρενεγκεῖν
571 2980 864 3047 ἀφήγησιν,
894 2981 951 3031 ἐν
997 2983 1064 3050 τῇ
1104 2979 1260 3051 τρίτῃ
1290 2981 1594 3050 γέγραπται
1623 2983 1732 3035 τῶν

177 3064 487 3130 Βασιλειῶν,
529 3069 610 3122 ὅτι
643 3068 1103 3139 κατεστρατεύετό
1136 3087 1264 3122 ποτε
1295 3071 1400 3125 τῶν
1428 3071 1485 3138 ἐξ
1521 3072 1734 3143 ’ῐσραὴλ

175 3158 201 3210 6
229 3157 402 3227 Ἀδέρ,
429 3162 459 3211 6
496 3158 680 3229 Σύρων
712 3161 1031 3229 ἡγούμενος,
1061 3161 1177 3232 ﬁrst
1209 3160 1477 3231 βασιλεύς.
1523 3163 1734 3215 ’Δλύον-

176 3262 257 3306 τος
294 3246 350 3298 δέ
397 3247 460 3298 οὐ
493 3249 705 3318 μικρῶς
753 3251 846 3301 τοῦ
879 3251 1100 3320 ’Δχαὰ6,
1136 3251 1196 3314 ὃς
1241 3249 1309 3321 ἦν
1348 3253 1599 3322 βασιλεὺς
1633 3257 1735 3308 ἰσ-

178 3336 328 3406 ραὴλ,
361 3338 459 3389 καὶ
494 3337 724 3402 δεδιότος
752 3339 848 3410 τὴν
881 3339 1086 3408 ἔφοδον,
1116 3341 1418 3396 ἁλώσεσθαί
1443 3361 1502 3396 τε
1529 3346 1628 3398 οὐκ
1654 3347 1734 3410 είς

179 3424 386 3493 μακρὰν
430 3428 772 3497 πανστρατιᾷ
821 3428 1324 3498 προσδοκήσαντος,
1368 3432 1734 3500 ἐπηγγέλλετο

173 3513 252 3566 διὰ
289 3516 568 3586 προφήτου
599 3515 758 3581 Θεὸς,
808 3517 1152 3588 παραδώσειν
1201 3521 1349 3592 αὐτῷ
1395 3523 1486 3575 τὸν
1518 3524 1730 3593 ἐχθρόν.

175 3599 296 3656 Εἶτα
324 3604 508 3658 λαϐὼν
546 3608 772 3671 ἐκεῖνος,
815 3607 964 3677 ἠξίου
1012 3609 1228 3679 φειδοῦς
1278 3613 1427 3684 παρὰ
1457 3613 1517 3666 τὸ
1545 3614 1734 3666 δοκοῦν

174 3692 244 3762 τῷ
285 3694 426 3765 Θεῷ.
468 3697 576 3750 Καὶ
619 3698 670 3749 τί
707 3697 843 3768 μετὰ
897 3700 1054 3754 τοῦτο
1085 3702 1146 3755 τὺ
1177 3703 1416 3774 Γράμμα
1459 3706 1519 3758 τὸ
1558 3706 1733 3776 ίερόν;

180 3787 328 3838 tibi.
375 3786 664 3858 ἄνθρωπος
712 3784 791 3852 εἷς
838 3791 904 3843 ἐκ
957 3791 1064 3845 τῶν
1115 3776 1270 3845 υἱῶνδ
1301 3795 1408 3846 τῶν
1445 3797 1735 3865 προφητῶν

176 3869 285 3926 εἷπε
327 3875 466 3944 πρὸς
505 3876 596 3928 τὸν
637 3877 862 3947 πλησίον
888 3880 1050 3933 αὑτοῦ
1082 3883 1141 3934 ἐν
1183 3883 1324 3952 λόγῳ
1363 3885 1585 3953 Κυρίου·
1630 3885 1738 3936 Πά-

177 3964 325 4026 ταξον
351 3965 418 4034 δή
461 3982 549 4033 με.
578 3968 685 4019 Καὶ
714 3969 813 4019 οὐκ
842 3969 1102 4037 ἠθέλησεν
1132 3971 1160 4020 6
1192 3972 1474 4040 ἄνθρωπος
1501 3975 1735 4038 πατάξαι

177 4055 347 4108 αὐτόν.
381 4057 492 4107 Καὶ
542 4052 661 4108 atere
691 4059 826 4125 πρὸς
849 4059 1030 4110 αὐτόν·
1078 4060 1217 4112 Ἀνθ’
1244 4056 1318 4115 ὧν
1354 4064 1452 4115 οὐκ
1501 4048 1736 4134 ἤκουσας

176 4143 265 4212 τῆς
295 4144 482 4211 φωνῆς
507 4145 732 4214 Κυρίου,
759 4146 866 4198 ἰδοὺ
893 4149 957 4199 σὺ
989 4149 1306 4220 ἀποιρέχεις
1338 4151 1429 4202 ἀπ’
1458 4152 1611 4221 ἐμοῦ,
1645 4153 1736 4204 καὶ

179 4232 401 4296 πατάξει
433 4249 492 4284 σε
521 4233 678 4286 λέων.
706 4236 812 4288 Καὶ
847 4237 1092 4306 ἀπῆλθεν
1139 4240 1233 4291 ἀπ’
1277 4239 1463 4302 αὑτοῦ,
1509 4242 1602 4294 καὶ
1645 4243 1735 4293 εὑ-

1838 444 1980 497 niam
2009 451 2186 498 autem
2215 450 2275 497 ιιι
2304 441 2519 497 ludens
2542 442 2878 496 exclamabat
2910 458 2926 496 :
2965 460 2986 495 ι
3023 441 3392 513 Nequaquam,

1836 531 2080 599 Domine,
2115 532 2237 601 quia
2269 545 2537 600 nunquam
2576 531 2779 585 comedi
2805 545 3111 597 commune,
3159 543 3253 587 aut
3291 533 3395 588 im-

1835 627 2088 680 mundum
2120 626 2400 694 quidpiam
2424 625 2490 688 “,
2528 643 2547 676 ι
2579 624 2721 679 illico
2745 633 2827 679 est
2867 622 3199 692 objurgatus,
3248 633 3296 678 el
3335 635 3394 678 ut

1834 717 2018 770 divino
2049 715 2323 786 pr0posito
2363 715 2627 769 obsistere
2669 695 2775 768 ilon
2828 712 3203 776 reformidans,
3247 714 3394 767 clare

1834 807 2036 860 audivit
2065 821 2081 859 :
2116 825 2135 856 ι
2167 807 2316 872 Quod
2351 805 2487 859 Deus
2519 805 2844 875 purillcavit,
2885 813 2941 858 tu
2981 818 3264 858 commune
3324 818 3394 858 ne

1834 896 2036 951 dixeris
2068 895 2134 949 “.
2172 914 2192 946 ι
2227 895 2482 962 Quamvis
2525 896 2666 950 enim
2719 896 2862 950 Deus
2922 894 3291 949 universorum
3338 903 3395 947 et

1835 994 2113 1038 mansuete
2146 985 2538 1054 reprehendere
2571 984 2758 1049 voluit,
2804 995 2860 1040 et
2889 999 2994 1039 non
3048 984 3208 1048 illico,
3240 992 3298 1038 ιιι
3338 984 3394 1038 in

1839 1073 2191 1130 refractarios
2237 1076 2626 1129 vehementius.
2647 1086 2724 1130 est
2778 1075 3166 1139 exacerbatus,
3216 1084 3394 1128 tamen

1833 1179 2020 1218 eorum
2055 1165 2373 1219 detrectatio
2400 1164 2554 1234 culpa
2580 1179 2683 1218 non
2708 1165 2902 1218 caruit.
2931 1163 3193 1231 Oportere
3215 1175 3395 1218 autem

1833 1255 2081 1310 existimo
2115 1257 2258 1309 omni
2295 1270 2444 1310 mora
2488 1256 2814 1324 posthabita,
2851 1255 3394 1310 cmicstem'senteu-

1833 1346 1961 1417 tiam
1988 1357 2194 1401 rectam
2221 1357 2384 1415 atque
2417 1347 2792 1415 inculpabilem
2819 1356 3135 1412 statuentes,
3185 1346 3250 1400 ad
3277 1345 3393 1413 jus-

1833 1451 1891 1491 sa
1914 1439 2252 1507 exsequenda
2283 1438 2590 1508 prdperare,
2615 1440 2824 1494 etiamsi
2855 1452 2940 1493 res
2973 1437 3166 1490 animis
3196 1436 3391 1492 nostris

1833 1543 2022 1597 parum
2055 1530 2313 1583 arriserit.
2341 1527 2507 1594 Quale
2537 1539 2638 1592 est,
2665 1527 2905 1596 inquam,
2936 1527 3076 1595 quod
3111 1527 3391 1580 universo-

1836 1635 1955 1674 rum
1992 1620 2129 1675 Deus
2158 1623 2223 1675 de
2249 1623 2391 1691 Agag
2433 1619 2746 1684 occidendo,
2783 1629 2839 1672 ut
2868 1619 2959 1688 qui
3010 1618 3064 1673 in
3117 1617 3392 1672 lsraelitas

1767 1695 1809 1750 Β
1838 1711 2064 1766 nefanda
2099 1712 2313 1768 molitus
2359 1723 2525 1773 esset,
2573 1709 2723 1764 Sauli
2765 1710 3060 1774 mandavit,
3102 1709 3192 1779 qui
3232 1708 3394 1762 heni-

1835 1804 1992 1872 gnins
2022 1803 2075 1856 in
2100 1817 2222 1856 eum
2252 1801 2660 1864 consulendum,
2707 1803 2762 1854 et
2791 1801 2946 1854 venia
2996 1800 3210 1868 dignum
3261 1813 3390 1853 cen-

1837 1893 1964 1957 suit,
1998 1879 2156 1960 quem
2189 1892 2372 1946 divina
2402 1893 2694 1947 auctoritas
2726 1891 3076 1945 damnaverat
3120 1890 3187 1944 κ.
3219 1890 3395 1958 Quare

1836 2000 1937 2036 non
1976 1982 2163 2036 leviter
2188 1983 2352 2035 Deum
2377 1980 2619 2036 oli'endit.
2654 1981 2854 2036 Curam
2876 1981 3040 2049 igitur
3061 1979 3224 2051 gessit
3256 1979 3390 2048 ejus,

1833 2075 1921 2140 qui
1959 2077 2090 2126 mori
2117 2073 2305 2140 jussus
2337 2072 2532 2134 fuerat,
2559 2080 2768 2125 tantum
2801 2087 2905 2124 non
2936 2072 3195 2135 clamans,
3224 2079 3276 2125 et
3308 2069 3392 2124 di-

1833 2174 1960 2213 cens
2022 2160 2164 2212 facto
2225 2159 2376 2226 ipso,
2443 2159 2680 2226 iniquam
2747 2159 3067 2213 sententiam
3137 2159 3393 2217 adversus

1833 2251 2004 2318 ipsum
2039 2250 2220 2304 tulisse
2248 2248 2432 2302 Deum.
2486 2247 2632 2320 Hanc
2668 2249 2736 2302 ob
2779 2238 2993 2303 causam
3043 2249 3392 2303 contristatns

1836 2355 2178 2410 magnopere,
2211 2351 2266 2395 et
2290 2357 2391 2395 una
2423 2355 2546 2394 cum
2578 2341 2686 2394 Deo
2721 2340 3027 2408 indignatus
3072 2348 3155 2394 est
3206 2341 3394 2397 beatus

1834 2434 2071 2497 Samuel,
2119 2432 2424 2499 occiditque
2458 2433 2568 2500 ipsa
2604 2446 2699 2486 sua
2745 2446 2902 2485 manu
2939 2430 3111 2499 Agag,
3171 2445 3391 2484 causam

1832 2510 2286 2593 sirperailjiciens:
2322 2542 2339 2574 ι
2379 2520 2528 2575 Sicut
2553 2521 2897 2591 fecitabsque
2926 2519 3108 2574 liberis
3142 2519 3393 2574 mulieres

1833 2615 2036 2686 gladius
2067 2625 2208 2678 tuus,
2239 2616 2317 2668 sic
2350 2613 2552 2682 absque
2599 2613 2784 2668 liberis
2828 2612 2930 2666 erit
2972 2610 3110 2666 inter
3143 2610 3393 2665 mulieres

1834 2717 2004 2761 mater
2023 2706 2193 2760 tua“.
2217 2726 2236 2757 ι
2257 2703 2583 2759 Praermutiat
2612 2712 2792 2758 autem
2826 2701 2973 2758 Sauli
2997 2715 3158 2771 regno
3183 2698 3391 2770 pulsum

1833 2798 1918 2859 iri,
1986 2806 2039 2850 et
2088 2797 2310 2852 acerbas
2356 2795 2708 2850 contumacia:
2749 2809 2936 2865 pinnas
2980 2791 3392 2863 persoluturum.

1903 2887 2052 2954 Quod
2094 2886 2137 2940 si
2166 2887 2381 2954 insuper
2411 2885 2632 2940 alterius
2697 2882 2938 2938 historiae
2992 2883 3278 2937 intexenda
3312 2890 3394 2937 est

1835 2978 2092 3038 narratio,
2119 2978 2170 3030 in
2207 2977 2364 3029 tertio
2418 2975 2626 3044 Regum
2683 2975 2938 3044 scriptum
2975 2985 3079 3038 est,
3111 2971 3394 3042 aliquando

1833 3079 2016 3124 contra
2045 3065 2312 3120 lsraelitas
2341 3064 2444 3136 14
2471 3067 2612 3118 Ader
2645 3064 2908 3134 Syrorqu
2933 3061 3253 3131 principem,
3281 3062 3396 3117 sive

1833 3173 2037 3227 regem,
2071 3156 2465 3225 expeditionem
2501 3156 2828 3224 suscepisse.
2853 3154 3040 3209 Moesta
3065 3164 3247 3213 autem
3285 3168 3395 3208 non

1829 3248 2172 3304 mediocriter
2199 3248 2387 3301 Achab
2417 3262 2541 3314 rege
2580 3247 2767 3311 lsrael,
2819 3257 2873 3300 et
2911 3248 3186 3300 incursum
3219 3244 3395 3300 hosti-

1832 3343 1934 3396 lem
1961 3349 2247 3404 metuente,
2274 3355 2371 3392 nec
2416 3339 2582 3392 multo
2611 3345 2732 3406 post
2761 3353 2881 3391 cum
2911 3337 3159 3391 omnibus
3176 3336 3286 3392 suis
3311 3351 3398 3389 con

1831 3435 1932 3504 piis
1959 3434 2008 3486 in
2028 3441 2342 3501 potestatem
2365 3438 2644 3482 venturum
2665 3429 2896 3481 hostium
2917 3427 3253 3491 formidante,
3275 3441 3398 3496 pro-

1831 3523 1980 3578 misit
1997 3536 2089 3590 per
2113 3518 2422 3588 prophetam
2446 3515 2606 3577 Deus,
2638 3530 2696 3569 se
2721 3515 2796 3567 illi
2824 3515 3028 3568 hostem
3045 3515 3393 3568 traditurum.

1833 3612 2002 3679 Quem
2031 3625 2154 3663 cum
2178 3606 2491 3674 accepisset,
2517 3604 2593 3658 illi
2621 3603 2946 3672 parcendum
2978 3604 3184 3666 statuit,
3233 3617 3394 3659 secus

1834 3719 1992 3774 quam
2029 3701 2251 3755 Domino
2288 3699 2580 3766 placuerat.
2627 3695 2689 3750 Et
2725 3696 2848 3764 quid
2889 3704 3010 3762 post
3063 3694 3177 3748 inec
3237 3693 3389 3750 Scri-

1833 3805 1993 3866 ptura
2023 3790 2212 3847 sacra?
2242 3810 2259 3840 ι
2277 3789 2338 3842 Ει
2370 3789 2528 3841 homo
2550 3786 2763 3855 quidam
2789 3785 2855 3838 de
2872 3784 2993 3837 illiis
3013 3785 3394 3853 prophetarum

1835 3885 1968 3938 dixit
2028 3881 2093 3934 ad
2155 3877 2455 3946 proximum
2509 3889 2662 3927 suum
2715 3874 2766 3924 in
2823 3883 3072 3925 sermone
3119 3867 3328 3923 Domini
3375 3888 3390 3924 :

1836 3972 2059 4025 Percute
2077 3983 2181 4021 me.
2207 3965 2304 4030 Qui
2330 3962 2500 4015 'noluit
2532 3968 2833 4027 percutere.
2874 3956 2938 4009 Et
2966 3955 3102 4007 dixit
3134 3955 3198 4007 ad
3228 3968 3349 4008 eum
3375 3970 3391 4009 :

1834 4060 1967 4124 Quia
2016 4072 2116 4109 non
2167 4050 2358 4106 audisti
2421 4063 2602 4116 vocem
2658 4045 2890 4104 Domini.
2938 4057 3067 4098 ecce
3123 4044 3393 4098 recedesa

1836 4162 1941 4208 me,
1985 4154 2037 4198 et
2078 4141 2334 4210 percutiet
2380 4148 2432 4191 te
2485 4136 2590 4190 leo.
2637 4135 2702 4188 Et
2755 4133 3004 4188 discessit
3069 4132 3135 4186 ab
3181 4146 3267 4185 eo.
3325 4130 3396 4187 Et

1836 4235 2038 4290 invenit
2079 4248 2203 4288 eum
2255 4230 2357 4296 leo,
2411 4237 2464 4282 et
2524 4223 2793 4294 percussit
2844 4223 3039 4292 ipsum.
3080 4221 3147 4276 Et
3193 4220 3396 4275 invertit

181 4324 347 4393 ρίσκει
391 4324 555 4376 αὑτὸν
605 4324 760 4390 λέων,
805 4327 896 4379 καὶ
948 4328 1214 4393 ἐπάταξεν
1258 4332 1437 4385 αὐτόν.
1478 4333 1587 4384 Καὶ
1642 4333 1733 4385 εύ-

1837 4327 2062 4381 alterum
2106 4324 2299 4386 virum,
2338 4317 2555 4374 etdixit
2587 4335 2601 4371 :
2631 4314 2863 4370 Percute
2897 4327 3003 4367 me.
3038 4309 3140 4378 Qui
3178 4323 3396 4381 percus-

181 4414 348 4484 ρίσκει
401 4415 683 4486 ἄνθρωπον
711 4417 913 4488 ἕτερον,
945 4419 1038 4471 καὶ
1074 4415 1214 4471 εἷπε·
1259 4419 1500 4484 Πάταξον
1542 4423 1606 4494 δή
1643 4441 1730 4494 με.

179 4504 281 4556 Καὶ
307 4506 578 4570 ἐπάταξεν
625 4509 782 4561 αὐτὸν
805 4509 833 4559 6
863 4509 1160 4580 ἄνθρωπος,
1202 4514 1291 4564 καὶ
1325 4514 1563 4577 πατάξας
1611 4531 1732 4566 συν-

179 4590 380 4659 έτριψε.
444 4596 554 4648 Καὶ
598 4597 865 4668 ἐπορεύθη
911 4599 940 4650 6
986 4601 1298 4671 προφήτης,
1348 4603 1436 4654 καὶ
1482 4602 1608 4674 ἔστη
1639 4602 1732 4672 ’τῷ

182 4683 384 4750 βασιλεῖ
419 4685 632 4755 Ἰσραὴλ
658 4689 753 4740 ἐπὶ
777 4689 876 4759 τῆς
914 4688 1056 4744 ὀδοῦ.
1082 4691 1191 4744 Καὶ
1224 4693 1554 4764 κατεδήσατο
1584 4694 1734 4746 τελα-

183 4771 313 4838 μῶνι
349 4773 482 4834 τοὺς
525 4774 830 4843 ὀφθαλμοὺς
857 4779 1044 4832 αὐτοῦ.
1087 4799 1105 4830 ι
1144 4781 1332 4851 Μικρὰ
1372 4781 1428 4833 δὲ
1463 4782 1598 4835 ἄττα
1637 4799 1735 4851 με-

180 4863 304 4927 ταξὺ
334 4863 788 4935 προσλελαληκὼς
810 4867 1197 4939 ὑποστρέφοντι
1219 4870 1295 4942 τῷ
1323 4873 1543 4942 ’Δχαὰ6,
1570 4889 1736 4942 προσ-

181 4955 338 5008 mea
369 4957 730 5010 πάλιν·ιΤάδε
755 4959 900 5027 λέγει
929 4961 1152 5031 Κύριος·
1182 4965 1322 5017 Διότι
1343 4962 1638 5034 ἐξήνεγκας
1671 4966 1736 5018 σὺ

181 5046 342 5115 ἄνδρα
369 5047 614 5118 ὀλέθριον
643 5051 707 5103 ἐκ
732 5050 831 5122 τῆς
863 5052 1045 5123 χειρός
1073 5069 1188 5118 σου,
1212 5055 1304 5108 καὶ
1329 5055 1479 5108 ἔσται
1513 5057 1546 5125 ἡ
1590 5058 1734 5127 ψυχή

183 5151 269 5187 σου
297 5136 426 5188 ἀντὶ
462 5137 562 5206 τῆς
588 5140 765 5210 ψυχῆς
805 5143 990 5209 αὑτοῦ,
1021 5145 1113 5196 καὶ
1154 5147 1183 5196 6
1216 5144 1340 5208 λαός
1372 5157 1463 5197 σου
1503 5146 1623 5200 ἀντὶ
1643 5147 1737 5200 τοῦ

183 5222 305 5277 λαοῦ
355 5223 546 5278 αὑτοῦ.
578 5244 597 5278 ι
645 5227 886 5294 Ἀκούεις
932 5233 1078 5296 ὅπως
1110 5235 1138 5285 6
1176 5233 1409 5299 πατάξαι
1459 5231 1550 5286 τὸν
1604 5249 1741 5303 προ-

186 5316 354 5385 φήτην
390 5315 842 5388 παραιτούμενος,
882 5323 1128 5388 ἐλεεινῶς
1162 5324 1421 5397 ἀνῃρέθη,
1449 5321 1605 5393 δεινῷ
1643 5321 1739 5392 θη-

248 5493 293 5524 “
326 5492 451 5546 Act.
476 5509 529 5556 ι,
566 5495 652 5551 l5.
731 5497 776 5528 δ’
805 5494 934 5553 ibid.
978 5497 1064 5553 Η.
1139 5498 1185 5532 ⁸³
1218 5498 1347 5555 ibid.
1383 5498 1469 5554 15.

188 5554 231 5587 ⁸⁷
267 5561 399 5618 ibid.
441 5554 532 5618 42.

1568 5497 1612 5529 ιδ
1645 5495 1659 5550 1
1687 5493 1816 5566 Reg.
1869 5493 1958 5560 15,
1991 5489 2207 5562 passim.
2284 5483 2336 5558 ⁴⁸η
2361 5482 2490 5542 ibid.
2530 5483 2619 5540 55.

1839 4419 1908 4474 sit
1927 4431 2069 4481 eum,
2098 4423 2151 4469 et
2176 4423 2490 4484 percussum
2509 4407 2782 4463 contrivit.
2803 4405 2950 4459 Abiit
2970 4418 3097 4474 ergo
3116 4403 3392 4472 propheta,

1838 4521 1892 4565 et
1906 4506 2144 4562 occurrit
2168 4503 2280 4571 regi
2296 4501 2466 4563 invia,
2496 4508 2549 4553 et
2564 4499 2744 4567 ligavit
2764 4494 2930 4549 iascia
2945 4493 3128 4548 oculos
3143 4507 3269 4546 suos
3283 4491 3349 4554 “,
3369 4509 3390 4544 ι

1839 4609 1892 4654 et
1919 4611 2084 4668 pauca
2108 4597 2312 4648 locutus
2351 4588 2638 4645 revertenti
2677 4585 2882 4653 Achab,
2917 4599 3130 4639 rursum
3158 4581 3348 4650 adjecit
3379 4598 3393 4634 :

1842 4708 1863 4741 ι
1895 4690 2016 4742 time
2047 4683 2176 4740 dicit
2206 4683 2462 4738 Dominus
2488 4697 2501 4734 :
2529 4678 2662 4745 Quia
2691 4675 2944 4730 dimisisti
2977 4674 3149 4727 virum
3175 4672 3393 4740 dignum

1841 4789 2011 4835 morte
2040 4792 2070 4832 e
2097 4790 2254 4829 manu
2295 4784 2406 4837 tua,
2437 4765 2540 4827 erit
2577 4768 2754 4821 anima
2787 4777 2872 4817 tua
2904 4778 3001 4834 pro
3028 4764 3206 4817 anima
3231 4761 3390 4825 illius,

1839 4881 1893 4925 et
1919 4869 2144 4939 populus
2208 4873 2330 4920 tuus
2369 4878 2468 4932 pro
2512 4857 2705 4929 populo
2749 4855 2951 4926 ejus".
2987 4874 3006 4907 ι
3047 4855 3227 4918 Vides,
3290 4865 3395 4920 quo

1840 4969 2000 5031 pacto
2029 4958 2118 5028 qui
2167 4957 2480 5026 prophetam
2513 4957 2792 5020 percutere
2834 4945 3021 5011 noluit,
3077 4941 3394 4999 miserabili.

1839 5030 1920 5104 ter
1959 5049 2012 5104 in
2068 5057 2304 5102 atrocem
2351 5043 2574 5098 bestiam
2639 5035 2828 5113 incidit
2872 5049 2936 5089 ac
2980 5031 3171 5103 periit?
3209 5030 3389 5098 Atqui,

1838 5139 2102 5209 quomodo
2150 5151 2254 5191 non
2282 5146 2468 5187 verum
2521 5136 2621 5192 est,
2669 5140 2862 5182 munus
2920 5138 3038 5180 esse
3082 5120 3294 5209 pietatis
3333 5118 3390 5209 in

1839 5207 2030 5294 Deum,
2062 5244 2090 5282 a
2124 5232 2308 5282 sancto
2337 5229 2390 5274 et
2419 5218 2676 5289 propheta
2723 5212 3071 5285 percutienda
3109 5207 3390 5276 refugere?

1839 5321 1940 5376 sed
1967 5328 2087 5374 erat
2113 5296 2217 5371 hoc
2253 5313 2309 5367 in
2344 5319 2594 5365 sermone
2626 5303 2864 5369 Domini,
2907 5296 3263 5359 inobedientia
3289 5295 3387 5352 de-

2725 5483 2770 5515 η
2806 5480 2870 5538 ιιι
2903 5479 3032 5551 Reg.
3066 5491 3154 5545 ιι,
3193 5472 3382 5533 55-58.
