3990 6328
667 259 769 314 ιεδ

663 461 1020 529 iniquitatibus
1041 475 1218 514 eorum
1251 458 1521 528 accipient
1541 459 1745 512 animus
1777 472 1974 512 eorum.
2015 455 2082 510 Et
2127 457 2223 512 erit

663 552 794 604 sicut
817 551 1058 619 populus,
1082 551 1159 604 ita
1180 559 1230 604 et
1261 550 1528 605 sacerdos.
2197 543 2200 546 ’

735 641 836 710 71
902 638 1014 695 XL.
1050 639 1372 709 Perscriptis
1400 640 1578 695 causis
1597 637 1690 692 ira:
1714 638 1768 692 in
1797 637 2223 701 multitudinem,

663 743 964 784 sermonem
995 730 1062 784 ad
1089 743 1305 784 sacrum
1329 729 1572 785 ordinem
1603 727 1878 792 transfert,
1901 713 2226 782 convenienv

668 829 769 884 ter,
788 821 845 874 u't
866 807 967 890 ego
995 820 1191 884 sentio,
1225 819 1276 878 ei
1297 819 1438 889 quod
1473 818 1630 874 modo
1665 834 1693 872 a
1725 818 1877 873 nobis
1899 818 2099 872 dictum
2121 825 2226 881 est,

663 907 692 961 "c
702 909 925 981 gloriam
942 923 1124 965 eorum
1144 910 1196 964 in
1214 908 1562 979 ignominiam
1585 923 1798 977 ponam.
1813 907 2018 964 sGloria
2034 909 2226 978 quippe

666 994 971 1054 Judtéorum
1007 999 1304 1068 Synagogae
1323 1007 1407 1053 est
1425 1006 1668 1053 sanctum
1686 1006 1736 1052 et
1761 997 2017 1052 sclectum
2036 1011 2225 1066 genus.

668 1084 955 1155 Operietur
987 1086 1168 1157 itaque
1213 1087 1532 1158 ignominia,
1565 1086 1758 1156 inquit,
1791 1096 1846 1141 et
1883 1086 1950 1140 ad
1995 1085 2226 1142 dedecus

669 1175 1000 1233 devolvetur.
1030 1176 1146 1244 Qua
1185 1177 1251 1233 de
1279 1177 1481 1232 eausa?
1511 1176 1772 1241 Quoniam
1806 1175 2062 1253 neglectis
2106 1190 2227 1246 qua:

669 1278 738 1319 ex
769 1266 1006 1336 ipsorum
1056 1268 1230 1324 ollicio
1275 1275 1452 1332 erant,
1506 1269 1572 1322 ad
1624 1266 1973 1330 defectionem
2024 1266 2225 1322 seducti

671 1366 814 1424 sunt,
862 1373 1036 1426 neque
1083 1343 1238 1414 suum
1285 1359 1642 1427 principatum
1683 1367 2064 1414 servaverunt.
2109 1355 2225 1411 Non

669 1445 910 1500 scierunt
962 1447 1222 1500 rationem
1257 1429 1588 1502 sacerdotii.
1645 1444 1759 1500 Non
1813 1446 2222 1512 cogitaverunt,

665 1544 696 1585 τι
730 1525 871 1603 quod
895 1545 1112 1604 peccata
1139 1535 1316 1605 populi
1349 1537 1451 1590 mei
1487 1535 1793 1601 comedent,
1825 1534 1953 1589 etin
1977 1531 2228 1602 iniquita-

1656 251 1713 310 s.
1755 215 2022 311 evan.”
2063 225 2527 308 Atsxmontm
2563 251 2884 312 ABClllEP.

738 370 896 424 Vens.
926 369 980 435 8,
1015 369 1066 424 9.
1097 367 1316 422 Peccata
1365 366 1544 436 populi
1589 367 1687 420 mei
1733 368 2017 432 comedent,
2063 374 2111 420 et
2163 365 2218 418 in
2246 369 2291 426 Α

2401 366 2698 436 ’ἁμαρτίας
2749 367 2899 422 λαοῦ
2943 384 3061 436 μου
3116 369 3431 439 φάγονται,
3483 372 3578 425 καί
3628 370 3700 425 ἐν
3743 371 3864 438 ταῖς

2322 455 2574 521 ἀδικίαις
2600 455 2796 509 αὐτῶν
2833 455 3127 522 λήψονται
3155 457 3261 521 τὰς
3291 457 3490 526 ψυχὰς
3520 457 3737 515 αὐτῶν.
3768 461 3865 514 Καί

2324 545 2490 600 ἔσται
2518 546 2713 612 καθὼς
2747 548 2784 600 ὁ
2823 547 2994 612 λαός,
3030 545 3215 614 οὕτως
3243 548 3340 604 καί
3367 551 3400 602 ὁ
3436 552 3643 616 ἱερεύς.

2391 637 2480 691 Μ’.
2512 633 2801 706 Γεγραφὼς
2829 635 2927 698 τὰς
2952 634 3129 700 αἰτίας
3153 637 3250 707 τῆς
3273 641 3349 703 είς
3370 639 3430 692 τὸ
3455 637 3650 707 πλῆθος
3679 639 3865 711 ὀργῆς,

2327 723 2670 795 μεταϐιϐάζει
2711 724 2802 778 τὸν
2842 724 2998 792 λόγον
3031 727 3123 780 ἐπὶ
3156 728 3218 780 τὸ
3257 730 3442 799 τάγμα
3467 729 3528 781 τὸ
3562 730 3726 800 ἱερὸν,
3771 731 3865 800 ἁρ-

2328 812 2476 881 μόσει
2510 805 2554 866 δ’
2574 811 2659 879 ἂν,
2703 811 2779 876 ὥς
2810 829 2873 882 γε
2902 808 3086 884 οἶμαι,
3120 815 3198 885 τῷ
3228 815 3399 886 λόγῳ,
3443 819 3535 870 καὶ
3577 817 3636 870 τὺ
3674 818 3864 888 ἀρτίως

2325 903 2454 972 ἡμῖν
2491 904 2790 974 εἰρημένον,
2824 922 2844 957 ι
2871 905 2980 976 Τὴν
3007 906 3162 969 δόξαν
3190 905 3368 960 αὐτῶν
3413 910 3491 970 είς
3518 907 3744 977 ἀτιμίαν
3775 908 3866 978 θή-

2327 1010 2509 1064 σομαι.
2534 1014 2553 1046 ι
2586 995 2722 1062 Δόξα
2754 997 2851 1067 μὲν
2883 998 2987 1068 γὰρ
3017 996 3116 1066 τῆς
3148 997 3410 1051 Ἰουδαίων
3431 998 3776 1067 Συναγωγῆς,
3813 997 3867 1048 τὸ

2329 1083 2469 1155 ἱερόν
2521 1085 2579 1138 τέ
2619 1088 2734 1139 ἐστι
2773 1088 2867 1141 καὶ
2895 1088 3187 1142 ἀπόλεκτον
3215 1088 3384 1157 γένος.
3416 1088 3864 1159 Περιόληθήσεται

2325 1176 2501 1230 τοίνυν
2553 1178 2742 1249 ἀτιμίᾳ
2765 1216 2780 1241 ,
2832 1178 2998 1248 φησὶ,
3047 1180 3140 1233 καὶ
3199 1181 3575 1250 μεταχωρήσει
3634 1179 3771 1249 πρὸς
3813 1178 3866 1230 τὸ

2323 1267 2572 1331 ἀκαλλὲς.
2609 1270 2718 1324 Καὶ
2740 1269 2836 1324 διάι
2853 1270 3008 1324 ποίαν
3044 1270 3252 1336 αἰτίανς
3276 1271 3398 1325 ’Ότι
3428 1269 3534 1324 τῶν
3565 1269 3713 1338 σφίσι
3744 1286 3865 1337 πρε-

2326 1358 2677 1413 πωδεστάτων
2740 1360 3173 1432 ὀλιγωρήσαντες
3249 1359 3674 1433 παρεκομίζοντο
3742 1359 3868 1427 πρὸς

2326 1448 2640 1508 ἀπόστασιν.
2670 1450 2743 1504 Οὐ
2787 1453 3119 1522 τετηρήκασι
3152 1451 3249 1522 τὴν
3299 1451 3505 1505 ἑαυτῶν
3546 1449 3740 1522 ἀρχὴν,
3777 1449 3867 1501 οὐκ

2325 1536 2566 1603 ἔγνωσαν
2598 1539 2695 1608 τῆς
2735 1540 3028 1610 ἱερωσύνης
3063 1537 3152 1594 τὸν
3183 1540 3409 1618 τρόπον,
3428 1541 3528 1594 οὐκ
3569 1539 3864 1608 ἑνενόησαν,

674 1624 815 1681 tibus
841 1622 1026 1680 eorum
1065 1626 1333 1693 accipient
1381 1625 1589 1678 animas
1629 1638 1836 1680 eorum.
1894 1641 1913 1674 ι
1965 1623 2226 1689 Quoniam

2338 1645 2352 1678 t
2381 1627 2502 1680 Ὀτι
2533 1628 2803 1698 ἁμαρτίας
2837 1627 2964 1683 λαοῦ
2997 1647 3096 1698 μου
3139 1622 3418 1699 φάγονται,
3447 1629 3541 1682 καὶ
3565 1628 3620 1680 ὲν
3644 1628 3866 1689 ἀδικίαις

673 1728 801 1771 vero
824 1717 1000 1770 oratio
1032 1716 1320 1784 plurimum
1348 1713 1694 1769 obscuritatis
1724 1713 1907 1774 habet,
1946 1726 2043 1778 age
2085 1726 2228 1766 nunc

2338 1715 2509 1770 αὐτῶν
2567 1685 2822 1789 idid/oves:
2874 1719 2973 1782 τὰς
2997 1685 3203 1789 ’ψυχάς
3226 1685 3454 1773 ἀὐτῶν
3483 1735 3504 1770 ι
3562 1717 3774 1786 Ἐπειδὴ

672 1818 770 1872 pro
791 1804 928 1858 virili
952 1805 1211 1868 dicamus,
1236 1818 1344 1873 quo
1367 1812 1524 1878 pacto
1552 1816 1670 1856 eam
1694 1800 1994 1870 intelligere
2016 1802 2224 1856 deceat.

676 1895 867 1949 Hircus
905 1897 971 1949 de
1001 1897 1178 1962 capris
1217 1908 1314 1964 pro
1341 1902 1564 1963 peccato
1592 1891 1954 1957 mactabatur;
1989 1893 2058 1947 ob
2093 1891 2229 1947 hanc

673 1999 891 2040 causam
917 1985 1079 2040 etiam
1120 1983 1447 2046 sacriﬁcium
1468 1984 1763 2040 vocabatur
1795 1995 2093 2053 peccatum.
2125 1982 2231 2037 Vc-

676 2090 794 2131 rum
825 2073 1108 2146 oﬂ‘erentes
1134 2089 1292 2144 super
1322 2075 1492 2142 altare
1521 2075 1727 2130 hircum
1753 2074 1821 2138 θ’,
1854 2075 1945 2144 qui
1974 2087 2070 2142 pro
2099 2083 2231 2130 tem-

676 2176 806 2232 pore
844 2173 996 2216 erant
1033 2163 1359 2225 sacerdotes,
1408 2159 1701 2216 offerebant
1746 2162 1960 2230 quidem
2008 2172 2130 2217 exta
2174 2171 2230 2216 et

675 2252 885 2322 adipem
911 2252 951 2314 ⁸,
986 2253 1199 2322 reliquo,
1231 2267 1298 2307 ex
1338 2252 1529 2306 divinae
1578 2250 1712 2320 legis
1768 2253 2080 2321 prmscripto
2126 2251 2229 2322 ipsi

673 2343 1041 2397 vescebantur.
1074 2341 1258 2410 Itaque
1298 2353 1551 2412 tanquam
1601 2332 1869 2399 mediator
1911 2341 2004 2395 Dei
2039 2351 2096 2396 et
2133 2343 2230 2396 ho-

675 2433 878 2487 minum
909 2435 1160 2488 sacerdos
1190 2433 1502 2496 assumitur,
1529 2430 1826 2498 suscipiens
1855 2429 2069 2497 quidem
2094 2432 2230 2485 dona

675 2538 706 2576 ο
735 2524 1033 2594 ροριιιο,γει
1059 2537 1183 2577 cum
1218 2521 1373 2577 altari
1403 2521 1645 2585 dividens
1689 2521 1735 2584 ',
1787 2519 1927 2574 sicut
1973 2524 2231 2590 scriptum

2332 1804 2584 1875 πλείστην
2617 1805 2729 1878 ἔχει
2754 1808 2849 1878 τὴν
2880 1808 3141 1876 ἀσάφειαν
3163 1811 3192 1862 ό
3217 1808 3392 1879 λόγος,
3426 1808 3558 1878 φέρε
3586 1807 3770 1870 πάλιν,
3799 1807 3868 1868 ὡς

2331 1889 2439 1955 ἔνι,
2465 1891 2722 1965 λέγωμεν
2767 1895 2849 1962 τὸ,
2890 1897 3036 1960 ὅπως
3079 1896 3145 1950 ἂν
3171 1897 3330 1952 αὐτὸν
3377 1897 3610 1951 νοεῖσθαι
3655 1895 3864 1966 πρέποι.

2332 1980 2574 2054 Χίμαρος
2609 1984 2783 2038 τοίνυν
2815 1985 2888 2050 ἐξ·
2909 1985 3078 2055 αἰγῶν
3106 1975 3244 2057 ὑπὲρ
3275 1986 3545 2058 ἁμαρτίας
3588 1982 3864 2052 ἐσφάζετοο

2333 2069 2534 2139 ταύτης
2569 2088 2627 2124 τε
2660 2072 2821 2128 ἕνεκα
2863 2074 2960 2145 τῆς
2997 2077 3174 2138 αίτίας
3220 2077 3462 2130 ἐκαλεῖτο
3509 2076 3598 2131 καὶ
3639 2072 3866 2146 ἁμαρτία

2330 2161 2392 2228 τὸ
2439 2160 2607 2232 θῦμα.
2655 2163 2814 2218 ’Λλλά
2870 2168 3232 2237 προσάγοντες
3270 2167 3349 2236 τῷ
3393 2165 3755 2237 θυσιαστηρίῳ
3788 2163 3867 2218 τὸν

2333 2241 2560 2322 χίμαρον
2597 2255 2647 2306 oi.
2687 2253 2826 2308 κατά
2864 2257 3087 2327 καιροὺς
3139 2258 3327 2328 ίερείς,
3366 2257 3622 2330 ἀνέφερον
3676 2257 3773 2327 μὲν
3808 2255 3865 2308 τὰ

2302 2346 2316 2358 ‘
2334 2342 2577 2424 ὲνδόσθια
2631 2345 2724 2398 καὶ
2758 2347 2858 2418 τὴν
2903 2348 3168 2418 πιμελὴν,
3194 2349 3378 2420 ἤσθιον
3401 2349 3458 2402 δὲ
3487 2348 3546 2403 τὸ
3574 2348 3753 2402 λοιπὸν
3779 2347 3866 2401 αὑ-

2333 2431 2447 2493 τοὶ,
2488 2431 2648 2484 τοῦτο
2686 2433 2779 2486 τοῦ
2808 2434 2952 2489 θείου
2997 2438 3416 2507 προστάττοντος
3445 2439 3627 2509 νόμου.
3677 2437 3867 2492 Οὐκοῦν

2341 2518 2563 2586 μεσίτης
2588 2521 2618 2572 ό
2653 2521 2825 2592 ἱερεὺς
2852 2521 3038 2595 ὥσπερ
3069 2525 3203 2579 Θεοῦ
3250 2527 3345 2580 καὶ
3381 2527 3676 2600 ἀνθρώπων
3709 2543 3866 2598 παρα-

677 2623 780 2679 est,
809 2616 1044 2684 seipsum
1074 2621 1250 2667 autem
1295 2611 1452 2680 quasi
1497 2608 1811 2665 sacriﬁcans
1852 2622 1952 2677 pro
2002 2609 2235 2677 peccatis

2338 2606 2683 2678 λαμϐάνεται,
2727 2611 3008 2683 δεχόμενος
3040 2615 3137 2684 μὲν
3161 2615 3257 2679 τὰς
3291 2617 3439 2688 παρά
3475 2618 3580 2671 τῶν
3611 2618 3752 2671 λαῶν
3778 2617 3866 2670 δω-

679 2702 888 2773 populi;
936 2702 1075 2756 sicut
1126 2700 1379 2755 nimirum
1433 2707 1490 2754 et
1549 2699 1807 2753 Dominus
1851 2708 2034 2754 noster
2081 2697 2236 2755 Jesus

2341 2699 2632 2769 ροφορίας,
2697 2704 2787 2755 καὶ
2858 2705 3317 2778 συμμεριζόμενος
3366 2709 3443 2779 τῷ
3499 2708 3864 2780 θυσιαστηρίῳ,

675 2791 945 2850 Christus.
987 2788 1124 2844 Vera
1173 2797 1352 2845 autem
1395 2801 1482 2844 me
1521 2788 1719 2853 dicere,
1753 2797 1943 2842 testem
1973 2786 2236 2843 adducam

2341 2789 2480 2842 καθὰ
2510 2791 2842 2864 γέγραπται,
2883 2797 3160 2853 ἑαυτδνόὲ
3193 2799 3380 2871 ὥσπερ
3417 2800 3706 2873 ίερουρτῶν
3746 2800 3866 2869 ὑπὲρ

681 2882 852 2950 legem
875 2869 1038 2950 super
1065 2880 1236 2945 hirco,
1268 2879 1494 2948 quarsic
1520 2878 1678 2933 habet
1711 2895 1727 2933 :
1759 2897 1778 2930 ι
1813 2877 1880 2931 Ει
1903 2879 2110 2933 hircum
2146 2877 2235 2947 qui

2339 2875 2446 2929 τῶν
2480 2878 2573 2931 τοῦ
2610 2880 2739 2934 λαοῦ
2766 2883 3269 2957 πλημμελημάτων,
3301 2869 3760 2960 καθάπερτὰμέλει
3787 2889 3869 2941 καὶ

681 2985 780 3041 pro
817 2981 1035 3040 peccato
1055 2983 1296 3038 quaerens
1320 2968 1564 3040 qutesivit
1599 2967 1826 3038 Moyses,
1870 2978 1924 3023 et
1966 2968 2053 3023 hic
2088 2982 2236 3022 com-

2341 2967 2370 3020 ό
2397 2968 2596 3040 Κύριος
2639 2973 2793 3042 ἡμῶν
2830 2974 3034 3046 Ἰησοῦς
3059 2981 3087 3032 ό
3118 2967 3370 3049 Χριστός.
3398 2980 3520 3033 Ὅτι
3543 2981 3600 3034 δὲ
3640 2979 3823 3048 ἀληθὲς
3845 2981 3871 3032 ὃ

683 3061 872 3115 bnstus
895 3058 1089 3113 fuerat.
1123 3058 1191 3113 Et
1219 3058 1384 3113 iratus
1414 3068 1496 3113 est
1541 3057 1748 3128 Moyses
1792 3067 1977 3113 contra
2018 3057 2240 3113 Eleazar

683 3162 738 3205 et
767 3150 998 3206 Ithamar
1028 3148 1164 3203 ﬁlios
1193 3150 1370 3204 Aaron
1399 3148 1636 3226 relictos,
1669 3149 1855 3203 dicens
1905 3164 1920 3203 :
1971 3147 2082 3204 Cur
2131 3164 2240 3203 non

684 3229 993 3298 comedistis
1010 3240 1150 3311 quod
1183 3254 1279 3309 pro
1304 3249 1526 3310 peccato
1574 3241 1627 3295 in
1676 3240 1790 3296 loco
1837 3241 2062 3298 sancto?
2106 3239 2241 3306 Quia

687 3333 830 3387 enim
858 3331 1053 3388 Sancta
1083 3340 1389 3386 sanctorum
1426 3340 1528 3395 est,
1567 3331 1672 3386 hoc
1711 3332 1852 3386 dedit
1881 3330 2033 3386 vobis
2095 3341 2241 3386 οοιιι-

689 3422 867 3490 edcre,
887 3420 1208 3477 utauieratis
1234 3431 1512 3490 peccatum
1531 3430 1723 3484 coetus,
1749 3431 1802 3475 ct
1826 3421 2125 3492 prepitietis
2146 3437 2242 3492 pro

688 3515 769 3568 cis
798 3527 976 3570 coram
1004 3512 1227 3567 Domino
1249 3513 1289 3565 ³.
1338 3530 1358 3564 ι
1406 3511 1565 3569 Vides
1599 3512 1864 3582 quomodo
1917 3511 2241 3568 mediatores

691 3611 872 3674 agunt,
895 3602 987 3672 qui
1013 3601 1192 3658 divino
1218 3599 1376 3657 altari
1425 3611 1622 3666 astant,
1661 3617 1758 3671 pro
1800 3591 2020 3671 peceato
2063 3601 2237 3656 oblata

691 3694 1051 3758 comedentes,
1076 3703 1130 3747 et
1152 3691 1471 3748 castissimis
1501 3692 1750 3761 precibus
1765 3692 1902 3745 iram
1936 3691 1990 3743 in
2010 3698 2239 3758 peccan-

693 3797 771 3839 tes
799 3785 1112 3838 intentatam
1151 3781 1484 3844 amolientes,
1528 3771 1584 3834 et
1639 3787 1842 3834 tantum
1888 3792 1993 3832 non
2031 3777 2243 3832 animas

587 3858 598 3878 ’
692 3887 818 3927 sitas
849 3886 946 3942 pro
977 3872 1207 3941 peccatis
1231 3869 1408 3939 populi
1447 3869 1502 3925 in
1543 3867 1763 3924 odorem
1813 3865 2096 3920 suavitatis
2133 3863 2243 3920 Deo

691 3963 1082 4020 sacriﬁcantes?
1106 3961 1258 4029 Sicut
1283 3962 1409 4016 item
1441 3959 1652 4014 divinus
1691 3957 1871 4012 Aaron
1905 3955 2100 4026 populo
2143 3955 2242 4010 ab-

692 4055 826 4109 sumi
860 4054 1160 4123 incipiente.
1195 4051 1284 4106 Sic
1311 4051 1454 4105 enim
1499 4049 1755 4118 scriptum
1804 4055 1888 4102 est
1924 4059 1942 4101 :
1981 4043 2242 4100 (Thuri-

693 4141 816 4202 hulo
847 4148 1059 4210 arrepto
1098 4148 1151 4194 et
1197 4139 1445 4209 imposito
1481 4136 1846 4208 thymiamate,
1896 4136 2044 4190 stetit
2098 4135 2244 4188 inter

695 4241 931 4287 mortuos
954 4240 1009 4285 et
1039 4231 1208 4294 vivos,
1248 4239 1302 4283 et
1335 4229 1560 4284 cessavit
1599 4227 1751 4297 plaga
1781 4227 1825 4280 ⁸.
1869 4245 1891 4279 ι
1919 4226 1996 4280 lta
2029 4233 2244 4296 quoque

695 4339 756 4378 se
785 4323 1125 4388 interponens
1157 4321 1348 4374 beatus
1371 4318 1580 4388 Moyses
1605 4317 1860 4372 exorabat
1882 4317 2070 4378 Deum.
2119 4333 2236 4372 cum

2346 4312 2510 4375 ωδίας
2559 4311 2936 4382 καθιεροῦντες
2977 4314 3129 4384 Θεῷ;
3187 4316 3449 4384 Καθάπερ
3497 4315 3685 4383 ἀμέλει
3729 4309 3814 4362 καὶ
3847 4307 3872 4353 ὁ

698 4411 950 4466 Israelita:
979 4410 1031 4462 in
1060 4409 1272 4463 deserto
1300 4406 1525 4460 vitulum
1563 4406 1954 4460 conﬂavissent.
1987 4408 2093 4476 72
2142 4407 2240 4462 Se-

708 4499 884 4568 ipsum
916 4497 1056 4551 enim
1089 4495 1480 4564 quodammodo
1503 4494 1762 4562 supplicio
1799 4494 2133 4566 subjiciebat,
2156 4511 2244 4551 ro-

701 4603 833 4655 gans
853 4595 908 4641 et
929 4586 1111 4640 dicens
1138 4604 1152 4641 :
1186 4603 1203 4636 ι
1239 4585 1511 4655 Siquidem
1535 4584 1756 4640 dimittis
1797 4585 1927 4654 ipsis
1947 4594 2244 4656 peccatum,

700 4677 906 4731 a'imitte
921 4693 950 4730 ει
971 4677 1052 4730 sin
1081 4684 1279 4740 autem,
1308 4675 1423 4731 dele
1451 4683 1504 4730 et
1531 4687 1615 4728 me
1653 4675 1719 4728 de
1758 4674 1897 4730 libro
1939 4675 2042 4729 hoc
2087 4689 2245 4742 quem

700 4764 957 4834 scripsisti
983 4765 1026 4818 '.
1069 4784 1089 4818 ι
1116 4764 1409 4829 Comedent
1436 4764 1597 4832 igitur
1632 4770 1848 4831 peccata
1897 4762 2076 4831 populi
2118 4761 2246 4823 mei,

641 4840 649 4848 ’
704 4857 806 4911 hoc
826 4863 930 4922 est,
954 4854 1213 4910 sacriﬁcia
1241 4869 1336 4925 pro
1369 4853 1603 4924 peccatis
1637 4856 1871 4918 ipsorum
1903 4852 2102 4907 oblata.
2129 4867 2148 4900 ι
2182 4849 2247 4902 Et

703 4945 758 4998 in
799 4934 1159 5011 iniquitatibus
1201 4959 1384 4999 eorum
1434 4941 1642 5013 (utique
1693 4939 2075 5003 lsraelitarum,
2133 4939 2248 4991 sive

703 5031 902 5101 populi)
931 5031 1028 5099 ipsi
1060 5047 1181 5087 suas
1211 5034 1415 5085 animas
1445 5030 1725 5102 accipient,
1761 5044 1779 5075 ι
1824 5040 1938 5091 pro,
1972 5025 2080 5078 Deo
2111 5022 2245 5078 οιτο-

705 5128 844 5174 rent.
875 5119 1046 5173 Sumit
1069 5119 1208 5171 enim
1235 5119 1410 5172 divina
1442 5120 1719 5186 Scriptura
1750 5128 1932 5168 vocem
1983 5113 2138 5180 hujus
2169 5113 2244 5168 rei

707 5207 1110 5276 signiﬁcantem.
1145 5205 1389 5261 Oblatum
1432 5207 1572 5262 enim
1617 5207 1740 5267 Deo,
1799 5215 1850 5258 ct
1905 5213 2159 5272 paratum.
2198 5205 2249 5258 in

712 5296 1029 5350 saerilicinm
1057 5296 1329 5350 dicebatur
1355 5297 1544 5366 accipi,
1575 5309 1628 5352 et
1660 5296 1892 5364 positum
1917 5305 1998 5348 cst
2023 5297 2252 5347 Vocabu-

713 5384 817 5436 lum
855 5386 976 5440 huic
1023 5386 1097 5440 rei
1151 5387 1504 5453 exprimendae
1549 5387 1812 5456 imprimis
1859 5385 2146 5450 idoneum,
2197 5395 2252 5438 ut

2344 3074 2512 3128 φημι,
2557 3063 2716 3116 αὑτὸν
2748 3067 3046 3138 παραθήσω
3075 3069 3178 3122 ’τὸν
3207 3071 3298 3123 ἐπὶ
3325 3070 3403 3141 τῷ
3448 3071 3664 3142 χιμάρῳ
3704 3071 3866 3141 νόμον.

2345 3149 2495 3219 Ἔχει
2540 3150 2596 3204 δὲ
2641 3151 2848 3216 οὕτως’
2887 3173 2906 3206 t
2936 3156 3041 3225 Καὶ
3072 3159 3163 3212 τὸν
3210 3161 3441 3230 χίμαρον
3485 3160 3576 3212 τὸν
3619 3160 3742 3232 περὶ
3785 3159 3868 3226 τῆς

2342 3236 2608 3308 ἁμαρτίας
2655 3238 2832 3310 ζητῶν
2879 3243 3165 3315 ὲξεζήτησε
3213 3247 3444 3316 Μωσῆς,
3476 3247 3506 3299 ὸ
3541 3247 3602 3300 δὲ
3643 3245 3867 3317 ὲμπεπύ-

2343 3345 2509 3399 ριστο.
2544 3331 2652 3384 Καὶ
2683 3331 2936 3406 ἐθυμώθη
2968 3335 3290 3408 Μωσῆςὲπὶ
3319 3337 3597 3410 Ἐλεάζαρ,
3626 3339 3717 3392 καὶ
3749 3335 3870 3390 ’1θά-

2343 3433 2456 3487 ila?
2484 3419 2607 3481 τοὺς
2639 3421 2786 3486 υἱοὺς
2822 3420 3028 3493 Ἀαρὼν
3055 3423 3182 3488 τοὺς
3221 3425 3767 3494 καταλελειμμένους,
3793 3419 3869 3472 λέ-

2341 3524 2483 3576 γων·
2512 3508 2661 3562 Διατί
2707 3512 2806 3576 ορκ
2851 3512 3182 3579 ἐφάγετετὸ
3231 3508 3355 3582 περί
3395 3512 3497 3581 τῆς
3537 3512 3794 3584 ἁμαρτίας
3824 3512 3872 3561 ἐν

2342 3597 2516 3666 τόπῳ·
2541 3599 2710 3667 ἁγίῳ;
2736 3599 2858 3652 Ὅτι
2897 3599 3005 3668 γὰρ
3046 3599 3198 3668 ἅγιον
3230 3601 3397 3670 ἁγίων
3441 3602 3588 3664 ἐστὶ,
3626 3601 3774 3654 τοῦτο
3799 3600 3870 3653 δέ-

2343 3682 2513 3735 δωκεν
2561 3683 2688 3752 ὑμῖν
2725 3687 2940 3752 φαγεῖν,
2985 3685 3070 3736 ίνα
3108 3685 3340 3756 ἀφέλητε
3373 3685 3470 3758 τὴν
3504 3685 3765 3756 ἁμαρτίαν
3788 3683 3870 3749 τῆς

2346 3771 2693 3842 συναγωγῆς,
2733 3773 2827 3825 καὶ
2851 3772 3168 3844 ὲξιλᾶσησθε
3203 3777 3332 3846 περὶ
3360 3775 3537 3829 αὐτῶν
3579 3772 3748 3828 ἔναντι
3775 3772 3871 3824 κυ-

2349 3861 2483 3931 ρίου.
2503 3877 2523 3911 ι
2561 3859 2718 3933 Ὁρᾷς
2754 3861 2901 3926 ὅπως
2928 3865 3265 3933 μεσιτεύουσι
3311 3865 3379 3920 τά
3411 3866 3550 3935 ὑπὲρ
3576 3864 3682 3918 τῶν
3722 3864 3871 3934 ἀμαρ-

2345 3948 2475 4002 τιῶν
2492 3949 2759 4014 ἐσθίοντες
2776 3953 2826 4005 οί
2849 3951 2926 4022 τῷ
2947 3952 3074 4024 θείῳ
3094 3953 3456 4027 θυσιαστηρίῳ
3478 3953 3868 4027 παρεστηκότες,

2345 4043 2442 4094 καὶ
2474 4041 2884 4112 καθαρωτάταις
2914 4043 3088 4108 λιταῖς
3117 4046 3215 4114 τὴν
3240 4047 3331 4099 ἐπὶ
3355 4050 3468 4110 τοῖς
3500 4047 3870 4118 ἁμαρτάνουσιν

2342 4131 2510 4202 ὀργὴν
2525 4133 2953 4199 κατευνάζοντες,
2987 4135 3080 4194 καὶ
3111 4140 3386 4208 μονονουχὶ
3419 4137 3518 4202 τὰς
3559 4138 3690 4203 ἰδίας
3719 4131 3871 4205 ψυχὰς

2343 4219 2486 4290 ὑπὲρ
2525 4221 2632 4276 τῶν
2673 4222 2765 4276 τοῦ
2808 4221 2938 4276 λαοῦ
2973 4223 3453 4296 πλημμελημάτων
3488 4228 3568 4288 είς
3594 4225 3759 4296 ὀσμὴν
3794 4221 3870 4272 εὖ·

2345 4402 2628 4466 θεσπέσιος
2673 4403 2897 4473 Ἀαρὼν,
2937 4400 3237 4475 ἀρχομένου
3278 4403 3572 4476 θραύεσθαι
3618 4398 3706 4454 τοῦ
3741 4391 3866 4449 λαοῦ.

2344 4493 2652 4562 Γέγραπται
2668 4493 2776 4564 γὰρ
2790 4493 2915 4546 ὡδί·
2938 4513 2957 4545 ι
2978 4495 3051 4547 Τὸ
3066 4497 3286 4564 πυρεῖον
3301 4492 3569 4564 ἀρπάσας,
3584 4489 3676 4542 καὶ
3695 4481 3870 4543 ἐπιθεὶς

2344 4582 2406 4635 τὸ
2434 4581 2706 4650 θυμίαμα,
2730 4581 2880 4654 ἔστη,
2906 4584 3090 4654 φησὶν,
3110 4583 3213 4637 ἀνά
3248 4583 3409 4652 μέσον
3435 4581 3540 4634 τῶν
3573 4574 3869 4648 τεθνηκότων

2346 4672 2442 4724 καὶ
2485 4670 2594 4722 τῶν
2636 4669 2872 4735 ζώντων,
2917 4674 3012 4725 καὶ
3055 4673 3321 4725 ἐκόπασεν
3361 4673 3394 4741 ﬂ
3433 4671 3710 4741 θραῦσις.»
3742 4665 3871 4720 Οὕτω

2352 4758 2647 4829 μεσιτεὼον
2675 4760 2824 4848 καὶὸ
2857 4762 3123 4832 μακάριος
3149 4761 3372 4848 Μωσῆς,
3400 4761 3717 4848 ἐξεδυσώπει
3741 4752 3865 4848 Θεξγν
3951 4787 3953 4824 1

2353 4837 2894 4915 μεμοσχοποιηιέότων
2922 4849 3060 4900 κατὰ
3082 4848 3179 4918 τὴν
3207 4847 3410 4921 ἔρημον
3438 4851 3547 4902 τῶν
3581 4848 3638 4914 ἐξ
3667 4837 3864 4914 Ἰσραήλ-

2362 4934 2580 4988 Ἒαυτὸν
2601 4933 2708 5006 γὰρ
2732 4935 2917 5007 ὥσπερ
2941 4937 3160 5008 ὑπετίθη
3184 4941 3250 5009 τῇ
3279 4940 3423 5009 δίκῃ,
3465 4933 3778 5010 παρακαλῶν
3820 4941 3864 4978 τε

2352 5023 2446 5077 καὶ
2484 5024 2688 5093 λέγων·
2729 5044 2748 5076 ι
2792 5028 2854 5080 Εἰ
2908 5028 3006 5096 μὲν
3051 5029 3195 5097 ἀφῇς
3242 5028 3422 5090 αὐτοῖς
3468 5027 3566 5096 τὴν
3615 5019 3866 5096 ἁμαρτίαν,

2351 5113 2513 5182 ἄφες·
2536 5119 2584 5169 ει
2607 5117 2661 5170 δὲ
2688 5118 2782 5188 μὴ,
2808 5117 3082 5184 testatae.
3113 5117 3253 5185 κάμὲ
3283 5117 3470 5188 tum
3499 5116 3675 5186 βιελου
3699 5109 3864 5172 ταύτης
3952 5107 3953 5188 1

2353 5199 2421 5272 ἧς
2461 5203 2720 5274 ἔγραψας.
2765 5226 2782 5258 ι
2816 5208 3082 5274 Φὰγονται
3128 5205 3306 5259 τοίνυν
3347 5207 3445 5268 τὰς
3482 5205 3744 5276 ἁμαρτίας
3792 5192 3864 5247 τοῦ

2354 5293 2480 5347 λαοῦ
2518 5313 2640 5364 μου,
2664 5296 2926 5357 τουτέστι,
2964 5295 3030 5347 τὰ
3057 5295 3195 5366 ὑπὲρ
3227 5297 3507 5367 ἁμαρτιῶν
3546 5283 3863 5364 προσκομιξό·
3952 5309 3953 5362 γ

2358 5402 2491 5453 μενοι
2519 5384 2749 5454 θύματα.
2775 5403 2794 5435 ε
2832 5385 2940 5436 Καὶ
2975 5385 3033 5437 ἐν
3063 5387 3180 5446 ταῖς
3203 5366 3436 5447 estiam;
3463 5383 3660 5443 αὐτῶν,
3694 5398 3710 5430 ι
3739 5385 3865 5427 τουτ-

785 5561 828 5591 ³³
855 5558 1020 5615 Lavit.
1058 5580 1134 5626 ut,
1167 5565 1243 5617 lii.
1319 5565 1334 5595 ¹
1370 5560 1535 5617 chit.
1575 5578 1652 5626 Ill,
1684 5563 1730 5614 5.
1811 5565 1830 5593 ³
1857 5563 1873 5612 l
1903 5559 2026 5617 Cor.
2059 5575 2112 5622 κ,
2150 5558 2228 5611 l2.

2338 5559 2484 5611 ιαξιὶι.
2519 5574 2570 5621 κ,
2612 5555 2692 5619 16,
2729 5556 2810 5613 l7.
2889 5560 2906 5586 ³
2932 5556 3081 5612 Nunt.
3119 5558 3297 5620 xvt,7.
3373 5558 3393 5588 '
3423 5553 3590 5610 Exod.
3616 5539 3859 5614 sumiti-

3951 293 3953 344 1

3952 3931 3953 4010 1

3951 4313 3953 4374 1

3952 4375 3953 4458 1

3951 4763 3953 4824 γ

3952 4839 3953 4898 1

3952 5005 3953 5070 1

3952 5121 3953 5216 1

3952 5233 3953 5276 1

3952 5371 3953 5438 1

3951 5467 3953 5522 1

3952 5523 3953 5588 1

3952 5619 3953 5704 1

3952 5705 3953 5760 1

3952 5997 3953 6073 1
