3990 6328
577 259 679 314 1‘23

573 461 930 530 iniquitatibus
950 475 1127 515 eorum
1160 459 1429 529 accipient
1449 459 1654 513 animus
1686 473 1882 513 eorum.
1923 456 1991 510 lat
2035 457 2132 512 erit

573 553 704 604 sicut
726 551 968 619 papulas,
991 551 1068 605 ita
1090 559 1140 605 et
1170 550 1436 605 sacerdos.

644 640 745 710 71
811 639 924 695 XL.
960 633 1282 709 Persei-iptio
1309 641 1487 695 causis
1507 637 1598 693 ira:
1623 638 1676 692 in
1706 637 2132 702 multitudinem,

573 745 874 784 sermonem
905 730 972 784 ad
999 743 1214 784 sacrum
1239 729 1480 784 ordinem
1511 727 1786 792 transfert,
1810 727 2134 783 convenien-

578 830 679 884 ter,
697 822 754 875 u‘t
775 835 878 891 ego
905 821 1100 885 sentio,
1135 819 1185 875 ei
1206 819 1348 888 quod
1382 818 1538 874 modo
1573 834 1601 872 a
1634 818 1786 873 nobis
1808 818 2008 872 dictum
2030 825 2134 882 est,

573 909 602 961 ἰ
612 909 835 980 gloriam
852 923 1034 965 eorum
1053 909 1104 964 in
1123 909 1470 979 ignominiam
1492 923 1706 978 ponam.
1721 907 1928 964 :Gloria
1943 909 2136 978 quippe

576 995 879 1054 Judaéorum
916 999 1213 1069 Synagogae
1233 1006 1314 1053 est
1333 1007 1576 1052 sanciunt
1595 1005 1645 1052 et
1669 997 1926 1052 sclectum
1945 1011 2133 1065 genus.

577 1085 865 1156 Operietur
897 1086 1078 1157 itaque
1123 1087 1442 1157 ignominia,
1473 1087 1666 1156 inquit,
1701 1096 1756 1141 et
1792 1087 1859 1141 ad
1904 1085 2136 1142 dedecus

579 1175 909 1233 devolvetur.
939 1176 1055 1245 Qua
1094 1177 1160 1234 de
1188 1177 1390 1232 eausa?
1419 1175 1680 1240 Quoniam
1715 1175 1971 1253 neglectis
2015 1191 2136 1246 qute

579 1278 648 1319 ex
680 1267 915 1336 ipsorum
965 1268 1139 1324 oﬂicio
1184 1275 1362 1332 erant,
1415 1269 1481 1322 ad
1533 1266 1881 1331 defectionem
1933 1267 2134 1322 seducti

581 1366 724 1424 sunt,
772 1373 946 1425 neque
992 1345 1146 1414 suum
1194 1360 1552 1430 principatum
1590 1366 1973 1431 servaverunt.
2018 1355 2134 1412 Non

579 1445 818 1500 scierunt
871 1447 1132 1501 rationem
1165 1433 1497 1502 sacerdotii.
1554 1445 1668 1500 Non
1721 1446 2131 1512 cogitaverunt,

582 1550 606 1586 ι
640 1525 781 1602 quod
804 1545 1021 1604 peccata
1048 1535 1225 1605 populi
1258 1537 1360 1590 mei
1397 1536 1702 1602 comedent,
1734 1544 1789 1590 et
1811 1535 1862 1589 in
1885 1533 2136 1603 iniquita-

581 1624 725 1682 tibus
751 1622 936 1680 eorum
975 1627 1242 1693 accipient
1289 1625 1498 1679 animas
1538 1638 1744 1680 eorum.
1803 1643 1822 1675 ι
1875 1623 2134 1690 Quoniam

583 1729 711 1772 vero
733 1717 909 1771 oratio
941 1717 1230 1784 plurimum
1257 1714 1604 1770 obscuritatis
1634 1713 1816 1774 habet,
1855 1727 1952 1779 age
1994 1727 2136 1767 nunc
2165 1685 2212 1746 Β

582 1818 679 1873 pro
701 1804 837 1858 virili
861 1806 1120 1867 dicamus,
1145 1818 1253 1872 quo
1275 1813 1433 1878 pacto
1462 1816 1580 1856 eam
1603 1801 1902 1870 intelligere
1925 1803 2133 1856 deceat.

585 1895 777 1949 Hircus
815 1897 880 1948 de
910 1896 1087 1962 capris
1127 1908 1223 1964 pro
1251 1903 1473 1963 peccato
1501 1891 1864 1958 mactabatur;
1897 1893 1968 1947 ob
2002 1893 2139 1948 hanc

582 1999 800 2040 causam
826 1985 988 2040 etiam
1029 1983 1357 2046 sacriﬁcium
1377 1984 1672 2040 vocabatur
1705 1996 2002 2054 peccatum.
2033 1983 2140 2038 Ve-

586 2090 704 2130 rum
735 2068 1017 2145 oll‘erentes
1043 2089 1201 2144 super
1232 2075 1401 2145 altare
1431 2075 1637 2129 hircum
1662 2075 1731 2139 θ’,
1763 2076 1854 2144 qui
1883 2089 1979 2143 pro
2008 2083 2140 2130 tem-

586 2177 715 2233 pore
753 2172 905 2216 erant
941 2162 1269 2226 sacerdotes,
1318 2159 1610 2216 oﬂ‘erebaut
1655 2163 1869 2230 quidem
1918 2172 2039 2217 exta
2083 2171 2138 2217 et

543 2323 546 2327 ‘
585 2253 794 2323 adipem
821 2253 860 2315 λ,
896 2252 1106 2322 reliquo
1141 2267 1209 2307 ex
1247 2253 1439 2306 divinae
1488 2251 1621 2321 legis
1677 2253 1987 2322 praescripto
2036 2252 2138 2322 ipsi

583 2344 950 2398 vescebantur.
983 2342 1168 2411 Itaque
1208 2353 1461 2412 tanquam
1511 2343 1779 2398 mediator
1820 2341 1913 2395 Dei
1949 2351 2005 2396 et
2042 2344 2140 2397 bo-

585 2434 787 2488 minum
819 2435 1070 2489 sacerdos
1099 2434 1411 2497 assumitur,
1439 2430 1736 2498 suscipiens
1765 2431 1977 2497 quidem
2003 2433 2138 2484 dona

585 2539 616 2577 ιι
645 2524 858 2594 populo,
886 2533 943 2579 et
970 2538 1092 2578 cum
1127 2521 1282 2578 altari
1313 2522 1554 2576 dividens
1599 2521 1644 2585 ¹,
1695 2520 1836 2574 sicut
1882 2524 2140 2590 scriptum

587 2624 689 2679 est,
719 2616 953 2684 seipsum
983 2621 1160 2667 autem
1204 2612 1362 2680 quasi
1406 2609 1721 2665 sacrificans
1761 2622 1861 2678 pro
1911 2609 2144 2676 peccatis

588 2702 796 2773 populi;
845 2703 984 2758 sicut
1035 2701 1288 2756 nimirum
1341 2708 1399 2754 et
1459 2699 1716 2753 Dominus
1760 2709 1943 2754 noster
1989 2697 2145 2754 Iesus

585 2791 854 2849 Christus.
895 2789 1033 2845 Vera
1082 2797 1260 2845 autem
1304 2803 1392 2844 me
1431 2788 1628 2853 dicere,
1662 2796 1852 2842 testem
1881 2787 2144 2843 adducam

591 2883 761 2950 legem
784 2894 946 2950 super
974 2880 1145 2946 hirco,
1177 2879 1403 2948 qua2_sic
1429 2878 1587 2933 habet
1620 2894 1636 2933 ε
1668 2897 1686 2929 ι
1722 2877 1789 2931 Ει
1810 2879 2018 2933 hircum
2054 2877 2143 2947 qui

591 2985 690 3041 pro
727 2981 944 3040 peccato
964 2983 1206 3038 quarens
1229 2967 1473 3040 quaesivit
1509 2967 1734 3037 Moyses,
1779 2978 1833 3023 et
1875 2968 1961 3022 hic
1996 2983 2146 3022 eom-

593 3061 781 3116 bustus
804 3059 998 3113 fuerat.
1035 3058 1100 3113 Et
1127 3057 1292 3113 iratus
1322 3067 1406 3113 est
1449 3057 1656 3128 Moyses
1701 3067 1886 3112 contra
1927 3057 2149 3113 Eleazar

593 3162 647 3204 et
675 3150 907 3206 Ithamar
936 3149 1072 3204 ﬁlios
1102 3150 1278 3204 Aaron
1307 3148 1544 3216 relictos,
1577 3149 1764 3203 dicens
1813 3164 1829 3203 :
1879 3147 1990 3204 Cur
2040 3164 2148 3202 non

593 3242 901 3298 comedistis
919 3240 1058 3310 quod
1092 3254 1187 3309 pro
1213 3249 1434 3310 peccato
1482 3240 1535 3295 in
1584 3240 1699 3296 loco
1745 3240 1970 3296 sancto?
2014 3240 2149 3306 Quia

596 3334 738 3388 enim
767 3331 961 3388 Sancta
992 3339 1298 3386 sanctorum
1333 3340 1436 3395 est,
1476 3331 1580 3386 hoc
1619 3331 1760 3386 dedit
1789 3330 1941 3385 vobis
2003 3346 2149 3386 οοιιι-

598 3423 776 3490 edere,
795 3431 852 3476 ut
867 3420 1116 3477 auferatis
1143 3431 1420 3490 peccatum
1440 3430 1632 3483 cattus,
1657 3431 1711 3475 et
1735 3421 2034 3492 propitietis
2054 3436 2150 3491 pro

597 3515 678 3569 eis
708 3524 884 3570 coram
913 3512 1136 3567 Domino
1157 3512 1196 3565 ³.
1246 3529 1266 3563 ι
1314 3511 1473 3568 Vides
1507 3513 1772 3581 quomodo
1826 3511 2149 3567 mediatores

599 3609 780 3674 agunt,
804 3601 896 3672 qui
921 3601 1100 3657 divino
1126 3599 1284 3656 altari
1333 3611 1531 3666 astant,
1570 3617 1666 3670 pro
1708 3611 1928 3671 peccato
1971 3600 2145 3656 oblata

600 3693 959 3758 comedentes,
984 3702 1038 3746 et
1060 3691 1379 3747 castissimis
1409 3691 1810 3760 precibusiram
1844 3691 1897 3742 in
1917 3698 2147 3758 peccan-

601 3797 680 3840 tes
707 3785 1020 3838 intentatam
1059 3780 1392 3843 smolientes,
1436 3771 1492 3834 et
1548 3786 1750 3834 tantum
1796 3791 1901 3832 non
1939 3777 2152 3831 animas

495 3857 505 3880 '
601 3887 726 3927 sitas
756 3887 854 3942 pro
885 3871 1116 3941 peccatis
1139 3868 1316 3938 populi
1354 3869 1411 3924 in
1451 3867 1671 3923 odorem
1721 3864 2003 3931 suavitatis
2041 3863 2150 3920 Deo

599 3963 990 4020 sacriﬁcantes?
1014 3961 1166 4028 Sicut
1192 3962 1316 4016 item
1349 3958 1560 4014 divinus
1599 3956 1779 4011 Aaron
1813 3955 2008 4026 popqu
2051 3955 2150 4010 ab-

601 4055 734 4108 sumi
767 4054 1068 4123 incipiente.
1102 4050 1192 4106 Sic
1219 4051 1362 4104 enim
1406 4047 1664 4117 scriptum
1712 4055 1796 4101 est
1833 4059 1851 4100 :
1889 4063 1910 4099 ι
1955 4045 2150 4101 Thuri-

601 4140 724 4202 i»qu
754 4149 967 4210 arrepto
1005 4148 1059 4194 et
1105 4138 1353 4209 imposito
1389 4135 1754 4207 thymiamate,
1804 4136 1952 4190 stetit
2005 4135 2151 4189 inter

604 4240 839 4285 utortuos
862 4240 917 4284 et
947 4231 1116 4294 vivos,
1155 4239 1210 4283 et
1244 4228 1468 4284 cessavit
1507 4227 1660 4296 plaga
1689 4227 1733 4280 ⁸.
1778 4245 1800 4279 ι
1827 4227 1904 4280 lta
1938 4233 2152 4296 quoque

1565 251 1622 310 s.
1663 216 1932 311 cum
1971 221 2436 309 Ataxmnntut
2473 251 2792 312 ABCillEP.

647 371 806 424 Vens.
835 369 890 436 8,
925 368 975 424 9.
1006 367 1225 424 Peccata
1274 365 1452 436 populi
1498 367 1595 421 mei
1641 368 1926 434 comedent,
1971 375 2020 420 et
2071 366 2128 419 in
2155 369 2200 427 Α

2309 366 2608 436 Ἀμαρτίιις
2658 367 2809 422 λαοῦ
2852 384 2970 436 μου
3025 368 3308 439 φάγονται
3324 409 3340 436 ,
3391 372 3487 426 καί
3537 369 3607 426 ἐν
3650 370 3803 438 ταῖς

2231 455 2484 521 ἀδικίαις
2509 455 2706 510 αὐτῶν
2742 455 3036 523 λήψονται
3063 457 3170 520 τὰς
3199 458 3399 526 ψυχὰς
3428 457 3644 515 αὐτῶν.
3675 459 3803 516 Καὶ

2233 545 2398 600 ἔσται
2427 547 2622 611 καθὼς
2656 548 2693 601 ό
2731 547 2902 612 λαὸς,
2939 545 3124 614 οὕτως
3151 548 3248 604 καὶ
3276 551 3308 603 ό
3345 552 3552 617 ἱερεύς.

2300 635 2389 692 Μ’.
2420 633 2710 706 Γεγραφὼς
2737 636 2836 698 τὰς
2861 634 3038 700 αἰτίας
3061 637 3158 708 τῆς
3181 641 3257 704 είς
3278 639 3338 693 τὸ
3363 638 3560 708 πλῆθος
3588 639 3803 712 ὀργῆς,

2236 724 2580 795 μταῦιὸάζει
2621 724 2711 778 τὸν
2751 724 2907 792 λόγον
2939 728 3032 780 ἐπὶ
3065 728 3126 781 τδ
3165 729 3350 800 τάγμα
3375 729 3436 782 τὸ
3471 731 3632 802 ἱερὸν,
3681 731 3805 800 ἁρ-

2237 811 2385 881 μόσει
2420 809 2463 867 δ’
2483 811 2568 880 ἂν,
2612 811 2688 876 ὥς
2718 829 2781 882 γε
2811 808 2994 884 οἶμαι,
3029 815 3106 885 τῷ
3137 816 3308 886 λόγῳ,
3351 819 3443 871 καὶ
3485 817 3546 870 τὸ
3583 819 3805 890 ἀρτίως

2233 902 2364 972 ἡμῖν
2399 904 2698 975 εἰρημένον,
2733 923 2752 957 ι
2780 905 2889 976 Τὴν
2915 906 3070 970 δόξαν
3099 905 3276 961 αὐτῶν
3321 910 3399 970 είς
3426 907 3651 978 ἀτιμίαν
3684 907 3805 978 θή-

2236 1010 2417 1064 σομαι.
2443 1014 2462 1047 ι
2495 996 2631 1062 Δόξα
2663 997 2759 1067 μὲν
2791 998 2896 1068 γὰρ
2927 997 3024 1066 τῆς
3056 997 3318 1051 Ἰουδαίων
3339 999 3684 1068 Συναγωγῆς,
3726 995 3807 1050 τὸ

2237 1084 2378 1155 ἱερόν
2430 1085 2488 1138 τέ
2527 1088 2642 1140 ἐστι
2682 1088 2776 1140 καὶ
2804 1087 3095 1142 ἀπόλεκτον
3123 1089 3292 1158 γένος.
3323 1089 3802 1160 Περιὸληθήσεται

2235 1176 2410 1230 τοίνυν
2461 1178 2689 1250 ἀτιμίᾳ,
2741 1179 2907 1248 φησι,
2955 1181 3048 1233 καὶ
3108 1181 3483 1250 μεταχωρήσει
3544 1179 3680 1249 πρὸς
3726 1177 3806 1230 τὸ

2233 1267 2480 1332 ἁκαλλὲς.
2519 1270 2627 1324 Καὶ
2649 1269 2747 1324 διὰ
2762 1269 2917 1325 ποίαν
2953 1269 3160 1335 αίτίαν;
3185 1271 3306 1324 Ὀτι
3336 1269 3442 1325 τῶν
3474 1270 3620 1338 σφίσι
3650 1287 3806 1339 πρε.-

2235 1359 2585 1413 πωδεστάτων
2649 1361 3082 1433 ὀλιγωρήσαντες
3158 1359 3583 1434 παρεκομίζοντο
3648 1359 3808 1428 πρὸς

2235 1449 2549 1508 ἀπόστασιν.
2578 1451 2651 1504 Οὐ
2695 1453 3027 1522 τετηρήκασι
3061 1451 3158 1522 τὴν
3208 1452 3414 1505 ἑαυτῶν
3455 1450 3646 1523 ἀρχὴν,
3686 1450 3807 1502 οὐκ

2234 1537 2474 1604 ἔγνωσαν
2506 1540 2602 1610 τῆς
2644 1541 2937 1610 ἱερωσύνης
2972 1538 3060 1594 τὸν
3092 1540 3318 1620 τρόπον,
3337 1541 3436 1594 οὐκ
3476 1540 3802 1608 ἐνενόησα-θ,

2243 1645 2262 1679 ι
2290 1626 2410 1680 Ὀτι
2442 1629 2711 1699 ἁμαρτίας
2745 1627 2873 1683 λαοῦ
2906 1647 3004 1698 μου
3047 1621 3326 1699 φάγονται,
3355 1630 3448 1682 καὶ
3473 1629 3529 1681 ἒν
3556 1628 3806 1690 ἀδικίαις

2239 1716 2418 1770 αὐτῶν
2475 1717 2730 1790 λήψονται
2783 1719 2882 1782 τὰς
2929 1719 3112 1790 ψυχὰς
3163 1718 3363 1774 αὐτῶν.
3392 1736 3412 1770 ι
3471 1717 3683 1788 Ἐπειδὴ
3731 1717 3805 1769 δὲ

2241 1805 2492 1876 πλείστην
2525 1807 2636 1879 ἔχει
2662 1809 2758 1878 τὴν
2788 1808 3050 1877 ἀσάφειαν
3071 1810 3100 1862 ὁ
3125 1808 3301 1880 λόγος,
3335 1808 3466 1879 φέρε
3494 1807 3677 1872 πάλιν,
3712 1807 3807 1870 ὡς

2240 1890 2348 1956 ἔνι,
2372 1892 2630 1966 ,λέγωμεν
2675 1895 2758 1964 τὸ,
2797 1897 2944 1960 ὅπως
2987 1897 3052 1950 ἂν
3079 1898 3238 1952 αὑτὸν
3284 1897 3519 1952 νοεῖσθαι
3568 1895 3804 1967 πρέποι.

2241 1981 2482 2054 Χίμαρος
2517 1985 2691 2040 τοίνυν
2723 1985 2796 2050 ἐξ·
2817 1987 2986 2056 αίγῶν
3013 1975 3153 2058 ὑπὲρ
3183 1987 3452 2059 ἁμαρτίας
3496 1983 3803 2054 ἐσφάζετοο

2241 2070 2442 2140 ταύτης
2477 2089 2535 2124 τε
2568 2073 2728 2128 ἓνεκα
2770 2075 2869 2146 τῆς
2904 2076 3082 2140 αἰτίας
3128 2077 3370 2131 ἐκαλεῖτο
3418 2077 3506 2131 καὶ
3549 2073 3808 2148 ἁμαρτία

2239 2161 2302 2216 τὸ
2347 2161 2514 2233 Θῦμα.
2564 2164 2722 2218 Ἀλλὰ
2778 2168 3140 2237 προσάγοντες
3178 2167 3257 2237 τῷ
3301 2167 3664 2238 θυσιαστηρίῳ
3700 2165 3808 2220 τὸν

2241 2243 2469 2323 χίμαρον
2505 2256 2554 2307 oi
2595 2254 2733 2308 κατὰ
2772 2257 2995 2327 καιροὺς
3047 2259 3234 2329 ίερείς,
3274 2257 3531 2330 ἀνέφερον
3588 2258 3683 2328 μὲν
3723 2256 3806 2310 τὰ

2211 2346 2224 2359 “
2243 2343 2486 2397 ὲνδόσθια
2538 2345 2632 2398 καὶ
2665 2347 2765 2419 τὴν
2811 2348 3042 2420 πιμελὴν
3059 2387 3076 2412 ,
3103 2349 3286 2420 ἢσθιον
3309 2349 3366 2404 δὲ
3395 2349 3454 2404 τὸ
3482 2348 3663 2404 λοιπὸν
3689 2349 3808 2402 αὐ-

2243 2431 2356 2493 τοὶ,
2394 2431 2556 2485 ’τοῦτο
2593 2434 2687 2486 τοῦ
2716 2434 2860 2490 θείου
2905 2439 3324 2508 προστάττοντος
3353 2429 3543 2510 νόμου.
3587 2437 3810 2494 Οὐκοῦν

2250 2518 2472 2587 μεσίτης
2496 2521 2526 2572 ὀ
2560 2521 2732 2592 ἱερεὺς
2760 2521 2946 2596 ὥσπερ
2978 2526 3111 2580 Θεοῦ
3159 2527 3253 2581 καὶ
3290 2528 3586 2601 ἀνθρώπων
3619 2545 3808 2600 παρα.

2245 2607 2591 2677 λαμϐάνεται,
2635 2611 2916 2684 δεχόμενος
2948 2617 3046 2685 μὲν
3069 2617 3165 2680 τὰς
3199 2619 3348 2689 παρὰ
3383 2619 3488 2672 τῶν
3521 2619 3662 2672 λαῶν
3689 2619 3807 2672 δω-

2249 2699 2540 2768 ροφορίας,
2604 2705 2694 2755 καὶ
2766 2706 3225 2778 συμμεριζόμενος
3275 2710 3351 2780 τῷ
3407 2710 3806 2784 Θυσιαστηρίῳς

2249 2790 2388 2842 καθὰ
2418 2793 2750 2864 γέγραπται,
2791 2797 3069 2853 ἐαυτδνδὲ
3101 2800 3287 2872 ὥσπερ
3326 2801 3616 2875 ίερουργῶν
3658 2801 3808 2872 ὑπὲρ

2247 2875 2355 2929 τῶν
2389 2878 2481 2930 τοῦ
2518 2879 2646 2934 λαοῦ
2674 2883 3177 2957 πλημμελημάτων,
3209 2889 3456 2960 καθάπερ
3483 2889 3672 2959 ἀμέλει
3701 2890 3812 2956 καὶ

2249 2967 2278 3019 ὁ
2305 2967 2505 3040 Κύριος
2547 2973 2701 3041 ἡμῶν
2738 2974 2942 3046 Ἰησοῦς
2967 2981 2995 3032 ὁ
3026 2979 3277 3049 Χριστός.
3305 2980 3427 3034 Ὀτι
3451 2981 3507 3034 δὲ
3549 2980 3746 3048 ἀληθὲς
3777 2983 3814 3037 ὅ
3865 3023 3868 3025 μ

2251 3073 2420 3128 φημι,
2465 3061 2624 3116 αὑτὸν
2656 3066 2954 3138 παραθήσω
2983 3069 3086 3122 ’τὸν
3115 3071 3206 3123 ἐπὶ
3234 3071 3311 3141 τῷ
3357 3072 3572 3143 χιμάρῳ
3615 3072 3809 3142 νόμον.

2253 3149 2404 3218 Ἔχει
2448 3150 2503 3203 δὲ
2549 3150 2755 3216 οὕτως·
2794 3172 2814 3206 ι
2843 3157 2949 3210 Καὶ
2979 3157 3071 3212 τὸν
3118 3159 3349 3230 χίμαρον
3393 3161 3484 3212 τὸν
3527 3159 3654 3232 περὶ
3699 3161 3812 3229 τῆς

2250 3236 2517 3308 ἁμαρτίας
2563 3237 2740 3310 ζητῶν
2786 3242 3073 3315 ἐξεζήτησε
3121 3247 3352 3316 Μωσῆς,
3384 3247 3414 3300 ὁ
3453 3246 3508 3300 δὲ
3552 3247 3812 3318 ὲμπεπΰ-

2251 3344 2417 3400 ριστο.
2452 3330 2560 3384 Καὶ
2591 3331 2844 3405 ἐθυμώθη
2875 3335 3198 3408 Μωσῆςὲπὶ
3228 3337 3505 3410 Ἐλεάζαρ,
3533 3339 3628 3392 καὶ
3663 3337 3813 3392 Ἰθά-

2250 3433 2364 3486 μαρ
2392 3419 2515 3481 τοὺς
2547 3421 2694 3486 υἱοὺς
2730 3420 2936 3494 Ἀαρὼν
2962 3424 3090 3488 τοὺς
3130 3425 3681 3495 καταλελειμμένους,
3711 3423 3810 3477 λέ-

2420 3509 2568 3562 Διατί
2615 3481 2714 3576 ουκ
2759 3481 3091 3580 inpure-ceto
3138 3481 3264 3584 napi.
3303 3481 3714 3584 cﬁgldpaptiatc
3749 3515 3813 3567 ἐν

2250 3597 2424 3666 τόπῳ·
2449 3599 2619 3667 ἁγίῳ;
2643 3599 2766 3653 ὀτι
2805 3599 2914 3669 γὰρ
2954 3599 3106 3668 ἅγιον
3137 3601 3305 3670 ἁγίων
3348 3602 3495 3665 ἐστὶ,
3533 3601 3690 3655 τοῦτο
3720 3604 3813 3657 δέ-

2251 3683 2420 3735 δωκεν
2469 3683 2596 3752 ὑμῖν
2633 3687 2848 3752 φαγεῖν,
2893 3685 2978 3737 ῐνα
3016 3685 3248 3758 ἀφέλητε
3281 3686 3378 3758 τὴν
3411 3686 3680 3757 ἁμαρτίαν
3707 3687 3813 3755 τῆς

2253 3771 2601 3842 συναγωγῆς,
2641 3773 2734 3825 καὶ
2759 3772 3077 3844 ὲξιλᾶσησθε
3112 3777 3240 3846 περὶ
3268 3776 3444 3830 αὐτῶν
3487 3772 3661 3830 ἔναντι
3691 3776 3815 3829 Κυ-

2257 3861 2391 3932 ρίου.
2411 3877 2431 3912 ι
2468 3860 2627 3932 Ὁρᾷς
2662 3861 2810 3926 ὅπως
2836 3866 3173 3933 μεσιτεύουσι
3218 3865 3288 3920 τὰ
3320 3867 3457 3937 ὑπὲρ
3483 3865 3590 3920 τῶν
3633 3865 3814 3937 ἁμαρ·

2253 3948 2383 4002 τιῶν
2400 3949 2666 4014 ἐσθίοντες
2684 3953 2733 4006 oi
2757 3952 2834 4022 τῷ
2855 3953 2982 4024 θείῳ
3002 3954 3363 4028 θυσιαστηρίῳ
3386 3956 3811 4028 παρεστηκότες,

2254 4042 2349 4095 καὶ
2382 4041 2792 4113 καθαρωτάταις
2822 4043 2996 4110 λιταῖς
3025 4046 3123 4114 τὴν
3148 4047 3239 4099 ἐπὶ
3263 4050 3376 4110 τοῖς
3407 4047 3812 4118 ἁμαρτάνουσιν

2249 4131 2860 4203 ὀργὴνκατευνάζοντες,
2895 4136 2988 4196 καὶ
3020 4140 3294 4209 μονονουχὶ
3328 4138 3425 4203 τὰς
3465 4139 3598 4204 ίδίας
3631 4137 3814 4210 ψυχὰς

2251 4219 2394 4290 ὑπὲρ
2432 4221 2540 4277 τῶν
2581 4222 2674 4276 τοῦ
2716 4223 2846 4278 λαοῦ
2881 4224 3360 4297 πλημμελημάτων
3395 4229 3475 4290 είς
3502 4227 3674 4299 ὀσμὴν
3715 4226 3813 4278 εὑ-

604 4337 664 4376 so
694 4322 1033 4387 interponens
1065 4321 1256 4373 beatus
1279 4318 1487 4388 Moyses
1511 4316 1768 4371 exorabat
1791 4315 1979 4380 Deum,
2027 4332 2146 4372 cum

2254 4312 2417 4376 ωδίας
2467 4311 2843 4384 καθιεροῦντες
2885 4315 3037 4386 Θεῷ;
3095 4317 3356 4386 Καθάπερ
3405 4316 3594 4384 ἀμέλει
3642 4315 3739 4364 καὶ
3781 4315 3816 4362 ο

606 4410 858 4465 Israelita!
888 4410 940 4461 in
968 4409 1180 4462 deserto
1209 4405 1432 4460 vitulum
1471 4406 1862 4461 coullavissent.
1895 4407 2001 4476 72
2050 4395 2148 4462 Se—

616 4498 792 4567 ipsum
825 4495 966 4550 enim
998 4494 1387 4563 quodammodo
1410 4493 1670 4562 supplicio
1707 4494 2040 4566 subjiciebat,
2063 4511 2152 4552 ro-

609 4602 741 4654 gans
762 4593 816 4640 et
838 4585 1020 4640 dicens
1047 4603 1060 4641 :
1094 4603 1112 4636 ι
1147 4585 1419 4654 Siquidem
1442 4584 1664 4640 dimittis
1705 4584 1835 4654 ipsis
1854 4594 2152 4656 peccatum,

609 4675 858 4730 σῑὶιιιίιιοτ
879 4675 962 4730 sin
989 4683 1186 4740 autem,
1215 4675 1330 4730 dele
1359 4683 1412 4730 et
1437 4687 1522 4728 me
1561 4675 1627 4729 de
1665 4673 1805 4730 libro
1847 4676 1950 4730 hoc
1994 4689 2153 4743 quem

608 4764 866 4834 scripsisti
892 4764 935 4818 ⁸.
978 4785 998 4818 ι
1025 4764 1316 4828 Comedent
1343 4763 1505 4832 igitur
1540 4771 1756 4832 peccata
1804 4762 1983 4832 populi
2026 4761 2154 4824 mei,

549 4840 557 4847 ’
611 4857 714 4911 hoc
732 4862 838 4927 est,
862 4853 1121 4910 sacriﬁcia
1149 4869 1244 4924 pro
1277 4852 1511 4923 peccatis
1544 4857 1778 4919 ipsorum
1811 4853 2009 4908 oblata.
2036 4868 2056 4900 ι
2089 4851 2154 4903 Et

611 4946 666 4997 in
707 4934 1068 5010 iniquitatibus
1110 4957 1292 4998 eorum
1342 4941 1549 5012 (utique
1601 4939 1982 5004 lsraclitarum,
2041 4939 2154 4992 sive

611 5031 810 5101 populi)
841 5031 936 5099 ipsi
968 5046 1090 5085 suos
1119 5033 1323 5084 animas
1352 5030 1633 5102 accipient,
1669 5044 1686 5076 ι
1732 5041 1846 5092 pro,
1879 5026 1987 5079 Deo
2017 5023 2152 5078 olfe-

613 5128 752 5174 rent.
783 5119 956 5172 Sumit
977 5119 1116 5170 enim
1143 5118 1317 5171 divina
1350 5103 1626 5187 Scriptura
1657 5129 1840 5169 vocem
1890 5113 2045 5180 hujus
2076 5114 2151 5169 rei

615 5206 1018 5276 signiﬁcantem.
1055 5204 1312 5260 Oblatum,
1339 5207 1480 5262 enim
1523 5207 1648 5268 Deo,
1706 5215 1757 5259 ct
1813 5213 2066 5273 paratum.
2105 5205 2156 5258 iu

619 5296 938 5350 saerit’wium
966 5296 1236 5350 dicebatur
1262 5296 1452 5366 accipi,
1482 5310 1535 5352 et
1567 5297 1800 5364 positum
1824 5305 1905 5348 cst
1931 5297 2158 5348 Vocabu-

2252 4403 2536 4466 θεσπέσιος
2581 4403 2805 4475 Ἀαρὼν,
2845 4402 3144 4476 ἀρχομένου
3186 4404 3479 4476 θραύεσθαι
3525 4399 3618 4454 τοῦ
3655 4398 3809 4452 λαοῦ.

2251 4493 2560 4562 Γέγραπται
2576 4493 2684 4564 γὰρ
2698 4494 2792 4546 est
2809 4509 2823 4523 ·
2845 4513 2864 4546 ι
2885 4495 2958 4547 Τὸ
2973 4497 3193 4564 πυρεῖον
3208 4493 3476 4566 ἁρπάσας,
3491 4489 3584 4543 καὶ
3605 4487 3813 4552 ἐπιθεὶς

2252 4582 2314 4635 τὸ
2341 4581 2614 4651 θυμίαμα,
2638 4582 2790 4658 ἔστη,
2813 4585 2998 4655 φησὶν,
3017 4584 3120 4637 ἀνὰ
3155 4584 3316 4654 μέσον
3342 4582 3448 4635 τῶν
3480 4578 3813 4651 τεθνηκότων

2254 4673 2350 4724 καὶ
2393 4670 2503 4723 τῶν
2544 4669 2778 4736 ζώντων,
2824 4674 2921 4725 καὶ
2963 4674 3228 4726 ἐκόπασεν
3268 4674 3301 4742 ἡ
3340 4673 3621 4742 θραῦσις.ι
3657 4669 3816 4724 Οὕτω

2259 4759 2554 4829 μεσιτεύων
2583 4761 2677 4842 καί
2702 4761 2732 4814 ὁ
2764 4762 3030 4833 μακάριος
3056 4763 3279 4833 Μωσῆς,
3308 4761 3630 4828 ἐξεδυσώπει
3656 4759 3811 4823 Θεὸν,

2261 4843 2802 4916 μεμοσχοποιηκότων
2829 4849 2968 4901 κατὰ
2990 4849 3086 4919 τὴν
3115 4848 3317 4922 ἔρημον
3346 4853 3454 4904 τῶν
3487 4849 3546 4916 ἐξ
3575 4846 3808 4918 Ἰσραήλ.

2269 4935 2488 4988 Ἑαυτὸν
2509 4934 2616 5007 γὰρ
2640 4935 2825 5007 ὥσπερ
2849 4938 3068 5008 ὑπετίθη
3091 4943 3157 5010 τῇ
3187 4941 3330 5010 δίκῃ,
3373 4935 3700 5011 παρακαλῶν
3749 4951 3810 4987 τε

2259 5023 2354 5078 καὶ
2391 5025 2596 5093 λέγων’
2637 5044 2655 5076 ι
2700 5029 2762 5080 Εἰ
2816 5029 2914 5097 μὲν
2959 5030 3102 5098 ἀφῇς
3150 5029 3330 5090 αὐτοῖς
3375 5029 3472 5097 τὴν
3522 5021 3812 5097 ἁμαρτίαν,

2257 5113 2420 5183 ἄφες·
2443 5119 2492 5169 εί
2515 5117 2569 5170 δὲ
2596 5119 2690 5188 μὴ,
2716 5117 2991 5185 ὲξὰλειψον
3020 5118 3160 5186 κάμὲ
3190 5119 3376 5188 ὲκ-τῆς
3406 5117 3584 5186 βίϐλου
3610 5114 3811 5184 ταύτης

2260 5199 2329 5273 ἦς
2367 5205 2628 5275 ἔγραψας.
2672 5227 2690 5258 ι
2723 5209 2989 5274 Φάγονται
3036 5206 3213 5260 τοίνυν
3255 5208 3351 5269 τὰς
3389 5205 3661 5276 ἁμαρτίας
3717 5204 3811 5255 τοῦ

2261 5293 2388 5348 λαοῦ
2426 5313 2547 5365 μου,
2572 5297 2833 5359 τουτέστι,
2872 5296 2938 5349 τὰ
2965 5296 3103 5367 ὑπὲρ
3135 5298 3414 5384 ἁμαρτιῶν
3453 5293 3810 5366 προσκομιζό-

620 5384 725 5436 lum
763 5386 884 5439 huic
931 5385 1005 5440 rei
1059 5385 1412 5453 exprimendae
1457 5388 1720 5456 imprimis
1767 5385 2054 5450 idoneum,
2104 5398 2146 5438 ut

2265 5403 2400 5454 μενοι
2427 5385 2656 5454 θύματα.
2683 5404 2702 5436 ι
2740 5386 2847 5438 Καὶ
2883 5385 2940 5438 ἐν
2971 5389 3087 5448 ταῖς
3111 5386 3343 5448 ἀδικίαις
3370 5384 3570 5445 αὐτῶν,
3605 5400 3624 5432 ι
3656 5396 3812 5432 τουτ-

694 5561 736 5591 ⁵⁹
763 5558 927 5616 Levii.
965 5580 1041 5626 ιιι,
1075 5565 1150 5618 15.
1227 5564 1241 5595 ⁸
1278 5560 1443 5617 chit.
1483 5578 1559 5627 ιιι,
1591 5562 1639 5615 τι..
1718 5565 1738 5594 ²
1765 5563 1780 5613 l
1810 5560 1932 5618 Cor.
1966 5577 2019 5623 Χ,
2057 5559 2135 5612 l2.

2247 5559 2392 5612 .ct-il.
2425 5575 2477 5622 τι,
2519 5557 2599 5619 16,
2637 5557 2718 5614 l7.
2795 5562 2814 5588 δ
2840 5558 2989 5613 Num.
3026 5559 3203 5622 “1,7.
3280 5558 3300 5589 '
3330 5554 3498 5611 ΕιυιΙ.
3526 5569 3693 5620 usu,
3721 5551 3806 5609 τε.
