3990 6328
251 382 361 440 125

1157 379 1695 440 COMMENTARIUS
1729 378 1796 435 IN
1834 378 2064 435 USEAM
2101 379 2538 438 PROPIIETAM.
3355 386 3420 441 ιε

247 501 422 566 ἐστιν,
462 501 522 552 ἐν
563 496 749 570 καιρῷ
783 499 879 569 τῆς
915 497 1127 564 ἀδικίας
1164 501 1372 556 αὐτῶν·
1413 503 1568 572 δῆλον
1607 501 1686 566 δὲ,
1722 502 1803 555 δτι

1922 503 2064 555 nodo
2093 502 2220 557 dixi.
2259 501 2439 570 Itaque
2471 502 2522 554 in
2557 498 2824 562 Nnmeris,
2863 503 3077 569 quando
3105 502 3186 557 let
3220 503 3283 556 de
3329 519 3458 558 vac-

246 593 364 645 τῶν
403 591 466 656 ἐξ
513 591 752 660 Ἰσραὴλ,
777 593 892 662 ἢτοι
925 591 1032 645 τῶν
1076 591 1244 646 λαῶν·
1285 609 1305 645 ι
1329 593 1489 646 Αὐτοὶ
1533 592 1631 656 τάς
1672 591 1804 655 ιδίας

247 683 512 751 λήψονται
560 681 799 758 cum,»
820 682 939 735 ἀντὶ
972 682 1084 744 τοῦ,
1122 683 1510 752 προσκομιοὼι
1543 682 1620 752 τῷ
1665 681 1803 751 Θεῷ.

246 771 474 836 Δέχεται
509 768 615 837 γάρ
663 769 758 838 τὴν
813 768 954 833 λέξιν
1001 771 1042 838 ἡ
1081 769 1433 832 θεόπνευστος
1476 768 1804 841 Γραφὴ,τοῦ

245 857 460 910 τοιοῦδε
497 859 850 930 σημαντικήν.
875 858 948 912 Τὸ
980 860 1086 929 γὰρ
1117 857 1198 929 τῷ
1227 859 1343 930 Θεῷ
1376 858 1809 930 προσκομιζόμε-

246 964 366 1011 νον,
411 949 505 1001 καὶ
544 947 898 1016 εὐτρεπισθὶν
925 951 1004 1012 είς
1050 949 1256 1014 θυσίαν,
1300 949 1512 1017 ὲλέγετο
1541 948 1810 1019 λαμϐάνε-

247 1038 401 1091 σθαι.
447 1038 556 1091 Καὶ
580 1039 614 1108 ἡ
643 1038 786 1104 λέξις
809 1039 1069 1104 τέθειται,
1092 1039 1184 1093 τοῦ
1217 1038 1417 1093 τοιοῦδε
1453 1039 1686 1111 μάλιστα
1708 1057 1805 1109 ση-

251 1128 521 1198 μαντικὴ,
563 1128 811 1199 καθάπερ
851 1128 986 1200 ἔφην
1015 1130 1237 1200 ἀρτίως.
1282 1129 1390 1182 Καὶ
1440 1129 1569 1197 γοῦν
1615 1133 1672 1184 ὲν
1700 1132 1810 1193 τοῖς

261 1218 560 1287 ’Δριθμοῑς,
585 1219 673 1272 ὅτε
710 1221 832 1281 τοὺς
871 1219 999 1287 περὶ
1032 1219 1128 1286 τῆς
1154 1218 1437 1288 δαμάλεως
1464 1219 1564 1288 τῆς
1593 1220 1810 1292 πυρρᾶς

1906 605 1965 644 ca
1998 590 2112 644 rufa
2149 588 2438 653 ferebatur,
2472 589 2605 643 dixit
2640 590 2775 645 Deus
2820 589 2888 644 ad
2915 588 3152 660 Moysen,
3183 607 3458 646 sacrorum

1908 679 2294 746 interpretem:
2342 695 2360 729 ι
2419 675 2541 732 Haec
2601 676 2874 731 distinctio
2915 677 3068 747 legis,
3131 693 3463 747 qumcnnquc

1907 767 2185 822 constituit
2223 769 2494 835 Dominus,
2544 765 2728 820 dicens
2765 783 2778 817 :
2816 764 3057 835 Loquere
3101 769 3220 822 Iiliis
3274 767 3460 833 Israel,

1911 869 1965 914 et
1997 859 2262 927 accipiant
2290 858 2354 913 ad
2382 873 2438 914 se
2474 870 2690 911 vaccam
2714 856 2910 922 rufam,
2939 856 3334 913 immaculatam
3359 859 3400 911 ⁸.
3434 876 3457 911 ι

1911 948 2074 1003 Audis
2095 943 2246 1009 illud,
2276 947 2577 1016 accipiant?
2626 948 2728 1001 hoc
2775 955 2879 1013 est,
2930 945 3176 1011 oﬂ‘erant,
3227 949 3339 1001 sive
3371 948 3464 1002 ad-

1909 1045 2174 1091 moveant.
2209 1037 2280 1092 De
2313 1037 2620 1092 mundando
2671 1046 2848 1090 autem
2889 1053 2918 1091 a
2963 1036 3112 1107 lepra
3155 1052 3340 1096 rursus
3391 1042 3466 1094 ita

1910 1128 1985 1183 ait
2020 1146 2033 1183 :
2071 1147 2089 1178 ε
2132 1128 2446 1197 Egredietnr
2473 1129 2728 1185 sacerdos
2756 1139 2908 1184 extra
2949 1139 3148 1194 castra,
3193 1139 3245 1185 et
3271 1130 3468 1186 videbit

1911 1220 2178 1283 sacerdos,
2212 1228 2268 1274 et
2291 1233 2417 1275 ecce
2445 1229 2670 1274 sanatur
2707 1228 2880 1275 tactus
2912 1220 3069 1288 lepra:
3097 1235 3127 1273 a
3153 1221 3380 1289 leproso.
3405 1221 3470 1275 Et

248 1306 483 1376 ὡρίζετο
510 1308 724 1376 νόμους,
752 1308 853 1377 ἔφη
886 1308 1015 1370 Θεὸς
1050 1308 1186 1378 πρὸς
1211 1308 1300 1360 τὸν
1331 1308 1659 1379 ἱεροφάντην
1692 1309 1813 1362 Μω-

1922 1307 2117 1372 iubebit
2143 1309 2414 1375 sacerdos,
2437 1319 2491 1364 et
2518 1310 2784 1379 accipient
2811 1311 3064 1364 mundato
3090 1311 3224 1366 duos
3254 1326 3471 1379 passer-

253 1395 382 1448 σὲα·
408 1414 425 1446 ι
455 1383 603 1463 λῦτη
632 1397 664 1466 ἡ
691 1394 935 1468 διαστολὴ
960 1395 1052 1449 τοῦ
1085 1398 1266 1465 νόμου,
1296 1400 1394 1451 ὅσα
1422 1396 1675 1464 συνέταξε
1705 1398 1812 1450 Κύ-

254 1499 404 1553 ριος,
451 1483 650 1551 λέγων’
684 1483 925 1554 Δάλησον
974 1489 1085 1549 τοῖς
1128 1487 1260 1549 υἱοῖς
1307 1486 1553 1557 Ἰσραὴλ,
1586 1488 1680 1540 καὶ
1714 1487 1810 1540 λα-

251 1574 498 1628 ﬁsi-meat!
520 1573 654 1644 πρὸς
677 1575 733 1626 σὲ
755 1575 982 1644 δάμαλιν
1006 1576 1235 1647 πυρρὰν,
1258 1575 1502 1647 ἄμωμον.
1533 1595 1552 1628 ι
1572 1576 1814 1640 Ἀκούεις

251 1664 337 1726 τὸ,
362 1662 696 1726 λαϐέτωσανς
719 1663 960 1715 τουτέστι
981 1662 1508 1734 προσκομιζέτωσαν,
1521 1666 1637 1734 ἦτοι
1651 1680 1814 1734 προσ-

249 1753 627 1821 αγαγέτωσαν.
672 1751 806 1822 Περὶ
840 1751 897 1804 δέ
931 1768 992 1821 γε
1020 1752 1111 1805 τού
1157 1751 1648 1824 καθαρισθήσεσθαι
1685 1753 1814 1821 μέλ-

1912 1399 2061 1452 culos
2091 1398 2260 1466 vivos,
2293 1414 2456 1468 puros
2480 1399 2524 1454 '.
2564 1418 2582 1452 ι
2624 1400 2756 1454 Cum
2804 1401 2964 1470 igitur
3003 1401 3164 1455 etiam
3196 1400 3263 1454 de
3288 1415 3470 1454 sacer-

1912 1490 2125 1544 dmibus
2157 1507 2175 1542 ι
2214 1492 2472 1558 accipient
2507 1510 2525 1543 ι
2558 1491 2722 1556 dicat,
2758 1493 2949 1546 merito
2999 1492 3324 1560 intelligatur
3365 1504 3467 1544 vox

1913 1594 2028 1646 pro,
2062 1577 2301 1634 oﬂ‘erent.
2339 1581 2396 1633 In
2455 1591 2690 1650 tempore
2725 1583 3269 1651 igituriniqnitatum,
3291 1595 3465 1650 popu-

1914 1668 1949 1722 li
1984 1668 2249 1730 videlicet,
2288 1669 2388 1737 ipsi
2415 1668 2697 1735 accipient,
2730 1669 2830 1723 hoc
2857 1679 2959 1735 est,
3012 1667 3239 1722 oﬂ'erent
3276 1669 3328 1721 in
3377 1682 3466 1723 sa—

1915 1754 2196 1819 criﬁcium,
2223 1765 2278 1810 et
2311 1756 2365 1809 in
2394 1757 2614 1812 odorem
2663 1758 2940 1812 suavitatis
2981 1756 3310 1826 spiritualem
3361 1755 3469 1811 Deo

249 1843 440 1904 λοντος
489 1833 713 1912 λεπροῦ,
751 1842 910 1895 πάλιν
952 1836 1053 1895 ὧδέ
1083 1858 1251 1914 φησν
1287 1860 1304 1892 ι
1332 1843 1442 1896 Καὶ
1482 1842 1818 1908 ἐξελεύσεται

1922 1847 2127 1900 animas
2165 1862 2308 1913 suas,
2345 1849 2508 1915 probe
2559 1835 2809 1902 nimirum
2855 1854 3252 1912 conversantes,
3300 1855 3355 1901 et
3388 1849 3468 1900 vi-
3512 1913 3514 1922 Ι

252 1934 284 1985 6
317 1934 499 2004 ἱερεὺς
537 1932 639 1998 ἔξω
675 1933 774 2002 τῆς
803 1932 1169 2004 παρεμϐολῆς,
1203 1933 1296 1985 καὶ
1327 1931 1515 2001 ὄψεται
1548 1933 1576 1985 ὁ
1610 1932 1822 2002 ἱερεὺς,

248 2027 351 2079 καὶ
384 2025 489 2078 ἰδοὺ
513 2025 653 2078 ἰᾶται
675 2027 708 2095 ἡ
735 2025 845 2094 ἀφὴ
866 2025 962 2094 τῆς
988 2023 1194 2094 λέπρας
1211 2023 1319 2076 ἀπὸ
1345 2023 1439 2076 τοῦ
1461 2022 1681 2093 λεπροῦ.
1706 2022 1813 2075 Καὶ

250 2117 455 2186 πράξει
491 2118 517 2168 6
549 2116 756 2186 ἱερεὺς,
798 2117 892 2169 καὶ
934 2114 1191 2183 λήψονται
1239 2114 1315 2184 τῷ
1365 2113 1812 2185 κεκαθαρισμένῳ

247 2206 348 2258 δύο
389 2204 590 2273 ὀρνίθια
635 2205 832 2266 ζῶντα,
862 2203 1090 2273 καθαρά.
1118 2221 1138 2254 ι
1170 2203 1339 2256 Ὅταν
1385 2202 1559 2269 τοίνυν
1590 2203 1681 2254 καὶ
1722 2203 1812 2254 ἐπὶ

247 2294 366 2346 τῶν
398 2293 582 2363 ἱερέων
617 2292 699 2356 τὸ,
752 2292 1050 2362 λήψονται,
1075 2291 1243 2357 λέγοι,
1275 2291 1431 2342 νοοῖτ“
1473 2288 1538 2342 ἀν
1592 2290 1813 2350 εἰκότως

249 2382 385 2435 ἀντὶ
410 2383 523 2447 τοῦ,
543 2384 937 2452 προσοίσουσιν,
962 2383 995 2450 ἡ
1027 2382 1198 2451 φωνή.
1227 2380 1314 2434 Ἑν
1342 2368 1514 2449 καιρῷ
1533 2378 1816 2451 τοιγαροῦν

251 2467 369 2518 τῶν
394 2468 628 2531 ἀδικιῶν,
652 2467 763 2522 τῶν
786 2466 883 2534 τοῦ,
904 2468 1032 2520 λαοῦ
1063 2468 1323 2538 δηλονότι,
1351 2465 1502 2519 αὐτοὶ
1532 2466 1815 2535 λήψονται,

249 2557 524 2620 τουτέστι,
549 2558 923 2627 προσοίσουσιν
950 2559 1030 2619 εἰς
1057 2557 1265 2633 θυσίαν,
1297 2557 1390 2610 καὶ
1417 2557 1672 2626 εὐοσμίαν
1700 2555 1817 2626 Θεῷ

249 2648 360 2718 τὴν
391 2649 759 2718 πνευματικὴν
796 2648 893 2711 τάς
919 2647 1124 2702 ἑαυτῶν
1149 2645 1347 2717 ψυχὰς,
1379 2644 1553 2715 ὀρθῶς
1579 2646 1817 2716 δηλονότι

256 2737 698 2808 πολιτευόμενοι,
740 2739 834 2792 καὶ
864 2739 1245 2808 εύνομωτάτην
1287 2736 1496 2808 ἔχοντες
1529 2737 1692 2806 ζωὴν,
1727 2736 1821 2788 κα)⁸

254 2831 329 2885 τὰ
359 2833 474 2894 τοῖς
505 2829 705 2902 ῑερεῦσι
749 2830 1024 2902 πρέποντα
1062 2832 1275 2900 φρονεῖν
1314 2845 1372 2882 τε
1413 2829 1505 2883 καὶ
1552 2827 1686 2899 δρᾷν
1735 2828 1816 2880 ὅτι

1921 1945 2024 1988 tam
2051 1935 2254 2005 legibus
2295 1936 2518 1992 miriﬁce
2566 1945 2978 1992 consentaneam
3023 1937 3379 2003 traducentes,
3416 1946 3470 1991 et

1917 2040 2034 2095 quae
2061 2025 2428 2080 sacerdotibus
2471 2026 2660 2082 decora
2699 2037 2844 2092 sunt,
2899 2028 3155 2094 cogitare,
3206 2036 3258 2081 et
3292 2027 3467 2081 facere

1917 2129 2125 2178 summo
2150 2116 2329 2170 studio
2355 2115 2638 2172 enitentes.
2670 2115 2855 2171 Potest
2883 2117 3023 2170 enim
3053 2118 3171 2171 talis
3197 2118 3466 2185 populum,

1918 2204 2007 2272 qui
2039 2205 2089 2257 in
2121 2204 2375 2259 oﬂ‘ensam
2409 2208 2502 2260 Dei
2536 2207 2780 2271 incurrit,
2811 2218 2862 2259 et
2884 2207 3052 2275 legem
3089 2207 3268 2276 inique
3307 2208 3470 2262 viola-

1921 2294 2014 2356 vit,
2044 2291 2096 2345 in
2126 2294 2405 2360 pristinum
2436 2295 2610 2348 locum
2639 2296 2943 2349 restituere.
2975 2295 3467 2358 Verumenimvero,

1920 2381 1985 2434 ad
2027 2381 2125 2434 hoc
2160 2379 2410 2447 instituti,
2458 2381 2649 2451 inquit,
2686 2397 2789 2436 una
2823 2397 2943 2437 cum
2989 2382 3106 2438 aliis
3150 2383 3282 2450 lapsi
3323 2392 3468 2437 simt.

1919 2467 2258 2539 ldcircojure
2298 2472 2560 2527 vacabunt
2607 2487 2781 2536 sacra,
2837 2474 3070 2527 eessabit
3126 2487 3361 2538 sacrum,
3417 2480 3473 2528 et

1920 2561 2230 2616 ltonorabile
2260 2577 2448 2632 genus,
2498 2580 2518 2613 ι
2570 2564 2673 2616 erit
2712 2563 2936 2632 populus
2975 2571 3033 2616 ut
3074 2563 3327 2620 sacerdos
3377 2580 3392 2617 :
3445 2581 3467 2616 ι

1919 2649 2050 2705 nihil
2079 2641 2339 2722 siquidem
2377 2653 2516 2708 inter
2547 2653 2798 2722 populum
2855 2662 2909 2708 et
2939 2653 3267 2708 sacerdotem
3299 2653 3469 2708 dista-

1919 2739 2017 2793 bit.
2049 2741 2223 2810 Atque
2273 2743 2375 2798 hoc
2411 2752 2496 2799 est
2537 2742 2787 2809 fortasse,
2837 2761 2856 2796 ι
2913 2744 3137 2816 gloriam
3192 2759 3375 2812 eorum
3420 2743 3474 2799 in

1922 2831 2270 2901 ignominiam
2296 2849 2511 2902 ponam.
2543 2852 2563 2886 ι

259 2923 503 2993 μάλιστα
526 2921 984 2985 διεσπουδακότες.
1021 2920 1224 2983 Ἱκανὸς
1281 2920 1443 2993 γάρὸ
1495 2919 1735 2982 τοιοῦτος
1800 2921 2076 2976 ἀνασῶσαι
2123 2923 2283 2988 λαοὺς
2321 2926 2413 2978 καὶ
2442 2926 2559 2996 Θεῷ
2597 2927 3136 3000 προσκεκρουκότας,
3183 2928 3275 2995 καί
3314 2929 3474 2997 νόμον

257 3015 609 3084 ἠδικηκότας.
637 3012 774 3066 Ἀλλ’
795 3014 843 3065 οἱ
869 3012 1002 3084 πρὸς
1013 3009 1174 3065 τοῦτο
1196 3009 1642 3080 παρειλημμένοι,
1663 3011 1812 3081 φησὶ,
1856 3013 2289 3087 συγκατ-ώλισθον
2345 3015 2454 3079 τοῖς
2509 3017 2707 3083 ἄλλοις.
2730 3016 2995 3090 Ταύτῃτοι
3013 3015 3232 3081 δικαίως
3247 3018 3472 3090 ἀργήσει

258 3107 331 3162 τά
387 3107 531 3178 ίερά,
578 3103 914 3160 πεπαύσεται
958 3104 1020 3157 τὸ
1060 3103 1198 3172 ἱερὸν
1243 3102 1336 3157 καὶ
1366 3105 1542 3173 τίμιον
1579 3102 1765 3170 γένος’
1811 3123 1830 3156 ι
1869 3106 2058 3160 Ἔσται
2087 3109 2114 3161 ὁ
2165 3108 2288 3173 λαὸς
2324 3110 2400 3173 ὡς
2437 3110 2644 3179 ίερεύςο
2681 3129 2700 3163 ι
2736 3112 2976 3165 κείσεται
2999 3111 3107 3180 γὰρ
3133 3111 3283 3165 οὐδὲν
3309 3110 3387 3164 ἔτι
3417 3113 3485 3164 τὸ

262 3199 474 3273 μεταξὺ
499 3197 622 3251 λαοῦ
648 3214 706 3250 τε
747 3198 841 3274 καὶ
873 3196 1078 3267 ἱερέως.
1123 3196 1232 3248 Καὶ
1261 3195 1416 3247 τοῦτο
1453 3190 1519 3266 ἦν
1549 3195 1654 3266 ἄρα
1690 3197 1769 3261 τὸ,
1812 3215 1832 3247 r
1861 3198 1971 3267 Τὴν
2001 3198 2153 3265 δόξαν
2179 3200 2355 3254 αὐτῶν
2386 3202 2463 3263 εἰς
2488 3201 2726 3270 ἀτιμίαν.
2753 3218 2773 3253 ι

335 3292 450 3347 Kal
487 3289 792 3358 φάγονται,
822 3284 920 3340 καὶ
951 3287 1024 3340 οὺ
1056 3283 1141 3352 μὴ
1174 3282 1624 3353 ἐμπλησθῶσιν·
1656 3285 1821 3352 ἐπόρ-

1996 3289 2154 3343 Vens.
2191 3289 2276 3342 10.
2303 3286 2368 3341 Et
2403 3288 2684 3354 comedent,
2715 3296 2761 3341 et
2808 3301 2909 3340 non
2941 3283 3325 3352 implebantur;
3364 3285 3472 3353 [or-
3512 3314 3516 3318 -

258 3396 522 3441 νευσαν,
555 3379 651 3431 καὶ
682 3377 754 3429 οὐ
779 3374 866 3442 μὴ
899 3370 1397 3428 κατευθυνθῶσιν.

342 3471 481 3523 MAI.
517 3451 700 3526 Ὁδοὺς
732 3461 852 3532 μὲν,
880 3460 954 3522 ὡς
989 3460 1153 3526 ἔοικε,
1182 3461 1280 3523 τὰς
1307 3461 1364 3512 ἐν
1395 3460 1575 3528 ἔργοις
1607 3459 1827 3530 πορείας

259 3563 422 3626 λέγει
447 3575 460 3588 ·
513 3552 788 3609 διαϐούλισ.
832 3551 889 3604 δὲ
918 3545 1017 3615 αὖ,
1055 3550 1125 3603 τὰ
1177 3550 1243 3603 ὲκ
1293 3548 1565 3620 λογισμῶν
1618 3551 1830 3605 ἀτόπων

263 3649 609 3718 πταίσματα.
663 3641 879 3711 Ἐπειδὴ
905 3641 1104 3704 τοίνυν,
1148 3639 1314 3709 φησὶ,
1358 3639 1684 3712 πεπόρευται
1734 3640 1832 3708 μὲν

265 3744 374 3794 οὐκ
419 3737 618 3808 ὀρθῶς,
667 3735 766 3804 τῆς
809 3731 1019 3792 εὐθείας
1073 3728 1438 3792 ἑκνενευκὼς,
1481 3729 1573 3782 καὶ
1621 3728 1835 3798 ἀπάσης

265 3830 465 3898 ῶσπερ
491 3825 824 3893 ἀνοσιότητος
849 3821 1044 3883 ἐλάσας
1067 3819 1268 3891 τρίὸον,
1302 3819 1655 3872 ἐϐουλεύσατο
1684 3817 1740 3870 δὲ
1764 3817 1834 3872 τά

270 3925 501 3976 πάντων
533 3916 786 3988 αἴσχιστά
835 3932 895 3968 τε
939 3914 1032 3967 καὶ
1066 3911 1438 3974 ἑκτοπώτατα,
1470 3911 1562 3965 τὸν
1603 3909 1701 3978 μὲν
1728 3907 1836 3961 τῶν

267 4013 418 4066 ὅλων
446 4010 712 4079 ἀτιμάσας
749 4007 901 4070 Θεὸν,
930 4004 1219 4066 ἀποκλίνας
1261 4001 1319 4056 δὲ
1349 4001 1442 4056 καὶ
1471 3998 1633 4063 αὐτὸς
1663 4001 1745 4061 είς
1777 3997 1836 4051 τὸ

268 4099 560 4169 λατρεύειν
605 4095 862 4158 εἰδώλοις,
897 4112 916 4144 ι
960 4092 1258 4162 Ἐκδικήσω
1293 4088 1380 4142 ἐπ’
1407 4087 1590 4152 αὑτὸν,
1635 4104 1654 4138 ι
1684 4100 1840 4137 τουτ-

273 4193 422 4250 έστι,
452 4188 549 4255 τὴν
575 4187 685 4247 τοῖς
724 4182 1186 4253 πλημμελήμασιν
1230 4176 1566 4246 ἱσοστάθμως
1610 4174 1838 4245 ἔχουσαν

273 4276 490 4330 ἒποίσω
513 4274 684 4339 δίκην.
711 4273 833 4324 Ὅτι
868 4271 926 4323 δὲ
951 4272 1062 4331 τοῖς
1091 4266 1423 4336 ἀποφοιτῶσι
1454 4265 1554 4333 τῆς
1594 4264 1673 4326 εις
1708 4261 1838 4315 Θεὸν

273 4366 506 4434 ἀγάπης
532 4361 594 4414 τὸ
639 4359 888 4414 ενςπαντὶ
942 4357 1189 4426 γενέσθαι
1235 4352 1389 4423 κακῷ
1418 4353 1592 4421 πάντη
1637 4366 1696 4402 τε
1743 4349 1839 4402 καὶ

273 4456 502 4515 πάντως
522 4449 874 4520 ωμῦήσεται,
901 4445 1017 4508 πῶς
1042 4445 1185 4498 ἐστιν
1207 4441 1560 4513 ἀμφιϐαλεϊνς
1587 4436 1707 4491 οὔτε
1731 4434 1838 4507 γάρ

275 4543 457 4615 ὀρθήν
482 4557 543 4594 τε
577 4541 670 4594 καὶ
701 4537 998 4609 ἀμώμητον
1016 4533 1243 4587 διελάσει
1266 4530 1467 4602 τρίσον,
1488 4527 1598 4581 οὔτ’
1616 4527 1682 4581 ἂν
1701 4524 1839 4594 σοφά

1927 3381 2089 3434 nicati
2115 3389 2258 3440 sunt,
2281 3387 2330 3432 et
2355 3395 2455 3433 non
2475 3379 2790 3448 dirigentur.
2849 3381 2853 3384 ’
2896 3388 2898 3390 ’

1995 3469 2127 3524 XLI.
2163 3471 2287 3525 Vias
2306 3470 2541 3538 quidem,
2565 3477 2622 3520 ut
2644 3474 2884 3534 apparet,
2901 3464 3139 3519 incessus
3155 3479 3208 3518 ιιι
3224 3461 3478 3531 operibus

1925 3554 2200 3620 nominat;
2240 3554 2459 3608 consilia
2500 3566 2627 3606 vero
2655 3566 2716 3604 ex
2746 3550 3158 3619 cegitationibus
3179 3548 3476 3603 indecenti-

1926 3643 2025 3697 bus
2061 3640 2272 3696 delicta.
2298 3640 2558 3705 Quoniam
2586 3639 2762 3706 igitur,
2796 3637 2986 3702 inquit,
3029 3651 3193 3704 prave
3235 3635 3474 3698 incessit,

1927 3738 1980 3785 et
2002 3745 2030 3784 a
2060 3738 2204 3783 recto
2227 3730 2414 3782 itinere
2437 3726 2673 3789 deﬂexit,
2702 3733 2756 3778 et
2788 3724 3165 3792 propemodum
3196 3722 3342 3777 omni
3391 3736 3478 3776 se-

1929 3822 2058 3876 mita
2087 3820 2374 3886 impietatis
2402 3817 2715 3880 ambulavit,
2750 3814 2985 3870 omnium
3024 3811 3128 3882 73
3171 3811 3477 3879 turpissima

1931 3918 1988 3964 et
2013 3923 2043 3963 a
2071 3909 2274 3963 ratione
2299 3905 2620 3961 alienissima
2641 3905 2781 3974 apud
2807 3917 2867 3957 se
2893 3902 3099 3963 statuit,
3129 3907 3181 3954 et
3198 3900 3476 3953 universo-

1934 4013 2053 4052 rum
2083 3997 2249 4052 Deum
2275 3997 2616 4066 contempsit,
2659 4004 2716 4048 et
2753 3994 2867 4062 ipse
2901 4003 3107 4060 quoque
3135 3989 3201 4042 ad
3234 3987 3474 4042 servien-

1933 4091 2056 4143 dum
2085 4088 2241 4143 idolis
2288 4087 2592 4151 declinavit,
2654 4102 2674 4138 ι
2722 4085 2954 4140 ulciscar
2993 4095 3153 4150 super
3198 4080 3392 4148 ipsum,
3451 4096 3474 4131 ι

1935 4180 2035 4232 hoc
2059 4184 2161 4242 est,
2185 4192 2394 4247 pmnam
2414 4175 2706 4231 sceleribus
2737 4176 3145 4247 respondentem
3175 4183 3476 4239 reposcam.

1935 4267 2249 4322 Deserentes
2308 4273 2484 4320 autem
2538 4264 2633 4321 Dei
2683 4264 2999 4320 charitatem
3044 4260 3288 4318 omnibus
3329 4258 3481 4311 malis

1934 4355 2253 4410 omnimodis
2282 4353 2681 4418 circumveniri,
2728 4353 2859 4408 nulli
2912 4353 3069 4422 plane
3116 4352 3333 4406 dubium
3375 4357 3477 4403 est.

1937 4445 2043 4501 Nec
2072 4446 2212 4500 enim
2249 4453 2392 4498 recta
2415 4455 2470 4498 et
2501 4444 2768 4513 inculpata
2812 4443 3179 4513 progredietur
3225 4443 3332 4506 via,
3385 4453 3483 4494 nec

1937 4536 2204 4604 sapienter
2232 4535 2522 4603 quidquam
2566 4535 2839 4605 cogitabit,
2886 4535 2973 4603 qui
3006 4535 3236 4588 divinam
3270 4532 3482 4603 sapien-

280 4631 638 4706 βουλεύσαιτο
674 4646 826 4694 ποτε,
852 4630 948 4697 τὴν
982 4626 1132 4680 θείαν
1156 4624 1256 4677 οὐκ
1283 4623 1420 4694 ἔχων
1447 4616 1821 4690 ὲπικουροῦσαι

1940 4625 2069 4680 tiam
2092 4626 2447 4693 virtutemque
2475 4623 2864 4693 opitulatricem
2899 4638 3002 4678 non
3037 4623 3302 4678 habuerit.

278 4722 446 4792 αὐτῷ
480 4721 669 4788 σοφίαν
694 4736 754 4772 τε
781 4718 875 4772 καὶ
910 4715 1157 4786 δύναμιν.

359 4809 473 4866 Καὶ
500 4808 802 4877 φάγονται,
827 4805 929 4861 καὶ
970 4805 1042 4858 οὐ
1071 4802 1154 4872 μὴ
1183 4796 1640 4872 ἐμπλησθῶσιν·
1669 4801 1842 4864 ἐπόρ-

281 4915 527 4959 νευσαν
556 4900 650 4953 καὶ
697 4900 769 4952 οὐ
799 4898 885 4966 μὴ
926 4892 1426 4950 κατευθυνθῶσιν.
1526 4898 1527 4901 “

363 4991 500 5046 MB'.
551 4991 826 5058 Τετήρηκε
865 4985 1026 5038 πάλιν
1079 4987 1190 5048 τοῖς
1237 4983 1294 5048 ἐξ
1337 4983 1563 5053 αἵματος
1627 4979 1840 5051 Ἰσραὴλ

2013 4800 2080 4856 Et
2112 4800 2395 4863 comedent,
2422 4808 2468 4852 et
2501 4814 2600 4854 non
2633 4795 3014 4866 implebantur;
3055 4795 3300 4864 fornicati
3339 4802 3483 4858 sunt,

1944 4900 1992 4945 et
2023 4907 2122 4943 non
2145 4885 2453 4957 dirigentur.

2015 4979 2168 5036 XLII.
2204 4977 2389 5031 Adhuc
2420 4974 2677 5044 reliquias
2705 4971 2961 5026 lsraelitis
3003 4972 3318 5026 reservavit.
3364 4970 3504 5024 Non“

285 5084 355 5135 τὸ
411 5080 768 5149 κατάλειμμα.
823 5076 947 5129 Ὅτι
990 5075 1099 5144 γάρ
1147 5074 1245 5126 οὐκ
1289 5074 1518 5129 είσάπαν
1571 5071 1821 5141 οἱχήσετα

1948 5074 2088 5129 enim
2121 5071 2365 5125 universe
2391 5081 2510 5122 cum
2537 5062 2904 5119 sacerdotibus
2922 5063 3183 5132 perituros
3225 5061 3488 5119 declarat,

287 5176 414 5233 τοῖς
455 5166 653 5238 ἱερεῦσι
675 5169 735 5222 τὸ
777 5168 983 5237 χρῆμα,
1022 5165 1293 5234 διατρανοϊ
1328 5160 1500 5230 λέγων
1520 5201 1534 5224 ,
1561 5163 1645 5214 ὅτι
1683 5180 1703 5214 ‹
1738 5162 1846 5216 Φά-

1950 5179 2069 5219 cum
2104 5161 2250 5227 dicit,
2287 5176 2307 5211 ι
2345 5159 2625 5216 comedent
2656 5153 2892 5224 quidem,
2923 5153 3014 5206 sed
3047 5165 3148 5205 non
3175 5147 3491 5206 saturabunn.

289 5235 634 5330 γονται-μὲν,
664 5235 881 5325 πλὴνού
911 5254 984 5324 μὴ
1010 5250 1407 5323 ἐμπλησθῶσιν.
1442 5268 1461 5301 ι
1481 5250 1606 5303 Elea
1619 5252 1727 5322 γὰρ
1749 5252 1818 5305 τά

1948 5263 2051 5309 tur.
2093 5272 2112 5305 ι
2144 5253 2266 5308 Sive
2286 5253 2424 5307 enim
2455 5257 2660 5302 veteres
2687 5244 2802 5295 illas
2829 5241 3038 5297 lsraelis
3063 5235 3483 5304 transmigratio-

299 5321 539 5422 ἀρχαίας
588 5321 798 5406 ὲκείνας
850 5321 942 5395 τού
973 5321 1216 5412 ’Ἰσραήλ
1273 5321 1707 5411 μεταναστάσεις
1752 5359 1821 5394 κα

1951 5359 2046 5398 nes
2073 5351 2126 5395 ct
2156 5341 2513 5410 captivitates,
2545 5337 2658 5391 sive
2681 5339 2898 5402 propter
2936 5329 3207 5382 Christum
3246 5338 3336 5390 per
3377 5321 3484 5420 Ito-

295 5415 677 5508 αὶῂιαλωσίας
706 5431 971 5502 ἐννοήσειέ
1007 5448 1108 5492 τις,
1138 5430 1246 5484 εττε
1268 5431 1365 5500 τὴν
1396 5431 1488 5482 ιπι
1514 5429 1732 5502 Χριστῷ
1761 5432 1821 5483 δα

1952 5447 2138 5488 manus
2173 5430 2364 5484 Iudam
2402 5428 2601 5479 illatam
2645 5423 2940 5475 vastitatem
2971 5415 3228 5484 quispiam
3281 5415 3484 5508 recogi-

293 5529 408 5600 τῆς
439 5527 546 5580 τῶν
597 5525 874 5596 Ῥωμαὲων
903 5519 1081 5592 χειρὸς
1105 5519 1203 5591 τῆς
1250 5520 1503 5586 Ἰουδαίας
1550 5523 1846 5592 ἐρήμωσιν.

387 5701 411 5730 ⁶
441 5701 600 5756 Num.
630 5717 736 5769 ιιι,
763 5699 819 5756 2.
894 5702 911 5731 ⁷
954 5699 1120 5755 Levit.
1155 5713 1258 5761 xiv,
1291 5698 1343 5760 5,
1370 5699 1421 5750 t.

1953 5530 2047 5587 tct,
2086 5523 2136 5575 in
2168 5518 2406 5588 reliquiis
2454 5512 2698 5569 lsraelcm
2731 5511 2920 5578 ipsum,
2961 5516 3014 5562 ct
3051 5503 3248 5559 cuttum
3297 5513 3326 5552 a
3373 5498 3487 5566 lege
