3990 6328
200 241 305 297 153

1115 239 1659 297 COMMENTARIUS
1698 236 1761 292 IN
1800 236 2025 295 OSEAM
2068 230 2501 292 PROPIIETAM.

3306 236 3405 291 134

267 355 334 408 ει
362 355 418 409 δὲ
447 354 477 408 δ
533 371 615 418 τις
641 354 831 419 ἕλοιτο,
865 356 957 408 καὶ
976 355 1096 408 καθ’
1126 356 1309 427 ἓτερον
1334 356 1512 425 νοήσει
1535 357 1753 425 τρόπον.

1930 353 2029 420 Qui
2054 352 2211 417 volet,
2235 351 2398 406 etiam
2426 348 2532 404 alio
2560 360 2719 403 sensu
2748 346 2924 402 locum
2956 346 3100 402 hunc
3126 345 3403 417 intelliget.

202 443 634 498 Ἐπισκὲπτεται
664 445 782 514 ’μέν
831 442 937 514 γὰρ
983 444 1012 496 6
1051 444 1158 499 τῶν
1188 444 1325 497 ὅλων
1352 443 1501 506 Θεὸς,
1548 444 1638 507 οὓς
1691 444 1755 498 ἂν

190 534 451 603 βούλοιτο
477 535 638 604 τιμᾷν
690 549 751 586 τε
783 533 876 587 καὶ
903 536 1139 604 ἀγαπᾷν.
1180 534 1295 588 Κᾶν
1325 536 1401 597 εἰς
1431 532 1491 586 τὸ
1520 534 1757 604 ῥᾴθυμον

189 627 286 697 [in
305 624 940 696 rapemveypévoucmai
966 627 1093 695 δρᾷι
1122 625 1397 687 ἐθέλοντας
1424 624 1461 679 ἀ
1487 625 1561 696 μὴ
1583 624 1753 694 Θέμις.

188 718 437 787 ἐπιτιμᾷ
492 716 837 787 συμμέτρως,
896 716 1278 788 παλινδρομεῖν
1321 715 1628 770 ἀναπείθων
1666 716 1759 770 ἐπί

189 808 261 858 τὸ
318 806 558 878 ἄμεινον.
619 806 905 879 Τοιγάρτοι
964 808 1124 879 φησὶν
1172 806 1202 859 ό
1244 805 1519 869 Θεσπέσιος
1550 806 1759 871 Παῦλος

192 899 323 960 τοῖς
372 899 452 961 είς
479 895 758 968 εὐδόκιμον
786 897 1137 967 κεκλημένοις
1166 895 1347 967 ζωήν·
1383 915 1403 948 ι
1430 899 1492 951 Ei
1518 897 1758 951 παιδείαν

193 987 533 1057 ὑπομένετε,
567 987 643 1050 ὡς
671 988 804 1051 υἱοῖς
847 987 974 1057 ὑμῖν
1004 985 1365 1055 προσφέρεται
1404 988 1432 1039 6
1471 987 1622 1050 Θεός.
1665 986 1758 1050 Τίς

190 1078 316 1149 γάρ
344 1080 491 1159 ἔστην
519 1077 650 1140 υίὸς,
682 1078 742 1131 δν
771 1078 829 1129 οὐ
862 1064 1097 1128 παιδεύει
1118 1077 1330 1146 πατήρ;
1358 1094 1375 1127 ι
1425 1076 1482 1129 '0
1506 1077 1562 1131 δέ
1583 1093 1645 1144 γε
1674 1094 1760 1130 σο-

193 1160 475 1234 φώτατος
512 1163 911 1236 Παροιμιαστὴς
956 1160 1379 1237 διαμαρτύρεται
1417 1167 1509 1221 καί
1569 1182 1754 1237 φησιν·

204 1278 230 1309 ι
265 1260 372 1313 Ὃν
411 1257 517 1327 γὰρ
562 1257 747 1325 ἀγαπᾷ
809 1254 1028 1326 Κύριος,
1070 1256 1343 1311 ἰιτιιιιδιεύει⁸
1404 1261 1653 1327 μαστιγοῖ
1700 1257 1758 1310 δὲ

196 1349 391 1400 πάντα
408 1336 552 1405 υἱὸν,
576 1344 636 1397 ὃν
662 1344 1033 1414 παραδέχεται.
1058 1364 1076 1396 ι
1127 1346 1332 1400 Οὐκοῦν
1375 1345 1467 1408 οὒς
1496 1347 1755 1412 παιδεύει,

194 1433 301 1487 καὶ
330 1434 622 1495 ἐποπτείας
647 1432 805 1497 ἀξιοῖ,
833 1432 909 1495 ὡς
945 1434 1177 1502 ἀγαθοὺς
1216 1434 1310 1489 καὶ
1351 1435 1754 1506 ήγαπημένους.

210 1524 427 1594 Ἐιρορᾷ
468 1522 523 1576 δέ
571 1522 819 1592 οὐδαμῶς
854 1524 979 1588 τοὺς
1010 1524 1211 1594 σφόδρα
1237 1525 1757 1595 προσκεκρουκότας,

200 1614 497 1684 μονονουχὶ
526 1613 582 1667 δὲ
618 1614 805 1681 λέγων·
840 1631 860 1667 ι
889 1616 1001 1668 Ούκ
1024 1612 1137 1669 οἶδα
1168 1616 1329 1685 ὑμᾶς.
1352 1634 1371 1667 ι
1414 1634 1432 1668 ι
1467 1616 1762 1685 Ὀφθαλμοὶ

1855 440 2050 496 Visitat
2099 441 2241 496 enim
2278 431 2656 495 universorum
2706 437 2845 491 Deus
2881 450 3014 506 quos
3056 436 3326 492 honorare
3351 446 3406 492 et

1856 531 2073 599 diligere
2110 531 2351 586 voluerit.
2386 529 2494 585 Etsi
2528 528 2592 582 ad
2635 527 2898 598 ignaviam
2944 527 3182 584 detortos
3212 528 3406 583 viderit

1856 608 2189 692 nefandoque
2236 620 2530 693 molientes,
2561 618 2751 674 leniter
2801 618 3086 687 increpitos
3111 618 3175 672 ad
3202 618 3404 673 saluta-

1858 714 1937 769 ria
1987 714 2163 769 denuo
2203 713 2449 781 impellit.
2485 711 2715 767 Proinde
2759 710 2970 765 divinus
2989 709 3180 764 Paulus
3205 710 3405 767 adeas

1856 804 1945 875 qui
1971 806 2035 861 ad
2060 805 2219 861 vitam
2246 804 2562 859 laudabilem
2594 804 2769 859 vocati
2797 812 2921 858 sunt
2942 800 3054 858 ιιΒί
3070 801 3401 870 disciplinam

1855 895 2149 962 sustinetis,
2212 904 2465 965 tanquam
2497 894 2621 951 liliis
2651 894 2801 950 vobis
2820 894 2980 950 oll'ert
3006 908 3064 949 se
3084 893 3242 949 Deus.
3274 891 3405 959 Quia

1856 985 1997 1039 enim
2031 984 2190 1049 ﬁlius,
2214 999 2373 1055 quem
2425 999 2529 1039 non
2573 985 2796 1054 corrigit
2827 995 2977 1054 pater
3007 983 3094 1037 “?
3124 1001 3143 1035 ι
3174 983 3403 1053 Attesta-

1860 1085 1947 1129 tur
1974 1078 2110 1129 idem
2138 1059 2564 1144 sapientissimus
2595 1074 2993 1139 Parmmiastes,
3030 1074 3228 1141 «Quem
3259 1076 3400 1129 enim

1858 1148 2026 1229 diligit
2058 1160 2336 1228 Dominus,
2355 1162 2582 1233 castigat
2605 1180 2619 1229 ;
2646 1161 2876 1233 ﬂagellat
2900 1175 3074 1218 autem
3108 1178 3319 1219 omnem
3350 1168 3405 1215 li-

1856 1248 1986 1304 lium
2018 1267 2175 1318 quem
2214 1252 2407 1321 recipit
2430 1252 2493 1306 ".
2521 1272 2541 1305 ι
2575 1252 2753 1320 Quare
2797 1268 2931 1322 quos
2974 1256 3216 1325 castigat,
3240 1254 3400 1308 etiam

1857 1341 2161 1398 visitatione
2205 1353 2265 1397 ut
2286 1345 2456 1401 bonos
2499 1356 2556 1401 et
2582 1345 2804 1403 dilectos
2847 1348 3113 1417 dignatur.
3136 1349 3178 1401 A
3211 1347 3402 1414 quibus

1857 1420 2033 1484 autem
2065 1441 2150 1486 est
2192 1433 2446 1501 majorem
2478 1436 2530 1489 in
2566 1437 2781 1493 modum
2817 1436 3067 1502 oti‘ensus,
3111 1451 3202 1491 eos
3231 1436 3402 1491 neuti-

1857 1535 2016 1587 quam
2052 1522 2261 1593 aspicit,
2278 1532 2483 1578 tantum
2506 1540 2609 1579 non
2637 1526 2839 1589 dicens,
2874 1526 3016 1580 «Non
3044 1528 3168 1581 novi
3192 1540 3283 1583 vos
3300 1526 3394 1578 “.i

1859 1608 1992 1665 Nam
2020 1621 2077 1665 ut
2104 1614 2358 1683 scriptum
2389 1623 2488 1680 est,
2510 1614 2688 1671 «Oculi
2717 1617 2919 1672 Domini
2940 1632 3099 1687 super
3122 1616 3394 1685 justos'h

197 1681 320 1774 γὰρ
370 1681 595 1774 κυρίου,
627 1704 718 1757 ἐπὶ
747 1704 1001 1769 δικαίους,
1031 1723 1048 1757 ι
1079 1681 1218 1759 καθά
1265 1681 1587 1777 γέγραπται.
1624 1681 1760 1759 οῦκ-

1864 1702 2023 1770 Ergo,
2069 1702 2113 1757 si
2148 1681 2507 1773 peccaverint,
2539 1706 2732 1774 inquit,
2766 1722 2870 1762 non
2908 1681 3151 1771 visitabo,
3178 1708 3275 1763 hoc
3298 1716 3402 1771 est,

194 1796 305 1849 οῦν
361 1793 462 1849 κάν
509 1795 904 1867 πλημμελῶσι,
951 1796 1148 1866 φησὶν,
1212 1796 1312 1853 οὒκ
1356 1797 1761 1867 ἐπισκέψομαι,

201 1884 512 1947 τουτέστιν,
555 1885 615 1936 οὑ
654 1887 905 1955 φροντιῶ,
942 1886 1041 1941 οὐκ
1086 1887 1395 1957 ἐπιστρέψω
1432 1889 1566 1959 πρὸς
1596 1890 1761 1959 ἐμαυ-

197 1974 325 2041 τὸν,
357 1974 565 2037 ούδενδς
585 1975 763 2038 ἀξίους
781 1977 1075 2047 ἡγήσομαι.
1097 1978 1194 2031 Διά
1222 1978 1379 2031 ποίαν
1414 1979 1622 2045 ait-law;
1654 1978 1763 2033 Καὶ

199 2066 324 2137 γὰρ
364 2066 516 2137 ὑμεῖς
540 2065 711 2129 αὐτοὶ,
738 2067 918 2135 φησὶν,
949 2069 995 2118 οἱ
1022 2066 1078 2118 ἐν
1102 2065 1250 2131 τάξει
1276 2068 1544 2137 πατέρων,
1579 2070 1763 2122 τοσοῦ-

198 2174 303 2209 τον
326 2156 670 2224 ἀφεστήκατε
713 2153 807 2206 τοῦ
832 2154 1002 2206 θέλειν
1046 2157 1298 2223 ἐπιτιμᾷν
1341 2159 1546 2220 ἑαυτοῖς
1582 2174 1639 2210 τε
1670 2160 1761 2211 καὶ

195 2249 325 2309 τοῖς
371 2248 427 2312 ἐξ
465 2245 636 2315 ὑμῶν,
694 2244 795 2297 κᾶν
840 2244 890 2295 ει
933 2247 1043 2308 τοῖς
1095 2247 1339 2317 ἐσχάτοις
1395 2250 1762 2318 μεταποιοῖντο

198 2337 566 2405 φαυλότητος,
607 2334 683 2398 ὡς
713 2334 1174 2406 συναναφύρεσοαι
1214 2337 1451 2408 πόρναις.
1502 2337 1762 2391 Συντεού-

201 2446 347 2482 κατε
375 2429 479 2497 γὰρ
502 2430 613 2491 τοῖς
633 2425 1051 2497 τετελεσμένοις.
1088 2429 1293 2497 Πόρνας
1316 2430 1371 2482 δέ
1398 2447 1558 2499 φησιν
1586 2429 1764 2493 ἱδικῶς

198 2520 312 2581 τὰς
346 2517 438 2571 τοῦ
470 2517 784 2587 Βεελφεγὼρ
824 2519 1042 2590 ἱερείας.
1078 2518 1394 2591 Βεελφεγὼρ
1429 2521 1485 2574 δέ
1529 2524 1695 2584 ἐστιν,
1735 2522 1764 2575 6

203 2607 546 2677 καλούμενος
571 2609 834 2678 Πρίαπος.
858 2610 920 2662 Δί
941 2608 995 2661 δὲ
1014 2609 1075 2662 τὸ
1092 2608 1262 2673 οὕτως
1286 2612 1506 2682 αἰσχρὸν
1528 2612 1764 2680 τιμῶσαι

202 2698 525 2768 βδέλυγμα,
567 2701 759 2770 πόρναι
809 2699 991 2753 λοιπὸν
1038 2700 1495 2770 ὁμολογουμένως.
1541 2702 1767 2755 Τετελε-

201 2789 446 2856 σμένους
505 2789 562 2843 δὲ
611 2790 862 2860 ὀνομάζει
913 2790 1076 2844 πάλιν
1119 2792 1242 2852 τοὺς
1294 2790 1616 2861 ίερομύστας
1669 2792 1763 2846 τοῦ

199 2878 556 2949 Βεελφεγὼρ,
578 2880 767 2953 ἄνδρες
790 2879 847 2932 δὲ
875 2873 1016 2949 ἦσαν
1039 2895 1055 2911 ·
1087 2873 1225 2933 εἶναι
1256 2879 1354 2950 μὲν
1379 2879 1435 2933 δὲ
1459 2881 1557 2934 οὐκ
1584 2882 1767 2953 ἀνεχό-

1861 1808 1967 1850 ιιοιι
2004 1795 2133 1850 mihi
2169 1810 2313 1851 curat
2334 1795 2460 1862 erit,
2496 1811 2603 1852 non
2635 1806 2917 1853 convertar
2941 1799 3007 1853 ad
3042 1811 3156 1863 eos,
3184 1799 3407 1866 vilipen-

1861 1887 1984 1941 dam
2011 1884 2152 1941 illos.
2187 1886 2355 1954 Quam
2393 1890 2460 1943 ob
2507 1888 2761 1942 causam?
2787 1887 2993 1945 Etenim
3042 1903 3136 1943 vos
3176 1888 3294 1958 ipsi,
3326 1888 3406 1940 in-

1861 1977 1998 2045 quit,
2032 1978 2121 2047 qui
2152 1976 2205 2031 in
2233 1986 2467 2031 numero
2486 1987 2542 2031 et
2567 1977 2755 2032 ordine
2784 1988 2992 2048 patrum
3014 1978 3165 2043 estis,
3203 1987 3405 2033 tantum

1862 2073 2011 2127 abest
2037 2070 2426 2140 ufhujusmodi
2454 2072 2508 2125 in
2540 2073 2689 2125 vobis
2720 2071 2850 2141 ipsis
2877 2071 3167 2140 liberisque
3192 2073 3404 2136 vestris,

1861 2159 2110 2226 quamvis
2151 2165 2398 2212 extreme
2443 2159 2550 2211 sint
2587 2158 2834 2225 improbi,
2860 2157 3249 2225 reprehendere
3277 2159 3406 2229 veli-

1862 2247 1953 2311 tis,
1993 2254 2050 2299 ttt
2080 2261 2199 2301 eum
2241 2246 2610 2301 meretricibus
2648 2246 3122 2301 commisceamini.
3166 2245 3407 2300 immola-

1860 2347 1957 2392 stts
1983 2339 2125 2392 enim
2141 2351 2271 2407 pum
2300 2336 2543 2407 initiatis.
2576 2335 2879 2390 Meretrices
2902 2338 3112 2405 proprie
3133 2338 3404 2392 sacriﬁcas

1863 2351 1957 2392 stts
1983 2351 2125 2392 enim
2184 2352 2271 2391 um
2300 2351 2543 2407 mittatis.
2576 2351 2879 2390 meretrices
2902 2351 3112 2405 proprie
3133 2351 3402 2392 sacrtncas

1863 2351 2186 2501 Beelpbegfr
2200 2429 2457 2485 nominat.
2478 2427 2575 2484 Est
2597 2437 2770 2483 autem
2799 2426 3119 2498 Bcclphegor
3140 2430 3230 2497 qui
3262 2446 3402 2483 nun-

1863 2528 2093 2589 cupatur
2143 2517 2385 2587 Priapus.
2423 2516 2553 2573 Tam
2612 2517 2989 2573 exsecrabilem
3031 2519 3403 2588 turpitudinem

1861 2612 2117 2675 colentes,
2149 2617 2505 2680 congruenter
2540 2611 2851 2665 meretrices
2895 2609 3127 2665 fuerunt.
3164 2609 3403 2663 initiatus

1862 2713 2023 2768 porro
2047 2710 2205 2755 vocat
2232 2700 2586 2770 ltieromystas
2606 2696 2962 2769 Beelphegor,’
2980 2701 3067 2768 qui
3103 2714 3205 2754 non
3239 2698 3403 2754 susti-
3437 2687 3445 2699 “

1863 2798 2054 2843 iterent
2074 2803 2193 2845 esse
2212 2788 2357 2859 quod
2394 2799 2579 2854 erant;
2611 2790 2706 2844 sed
2733 2788 2908 2858 potius
2946 2790 2999 2844 in
3035 2790 3239 2846 animos
3287 2803 3405 2843 mu-

1863 2878 2058 2936 liebres
2091 2880 2476 2948 immigrarent,
2493 2879 2672 2935 verbis
2693 2889 2746 2934 et
2770 2878 3006 2937 moribus
3024 2880 3223 2936 nefarie
3240 2881 3407 2937 emolo

208 2991 374 3047 μενοι
409 2972 715 3041 τοῦθ’λδπερ
744 2972 869 3034 είσὶ,
906 2971 1334 3040 μεταφοιτῶντες
1365 2971 1423 3025 δὲ
1462 2972 1660 3043 μᾶλλον
1686 2976 1760 3037 είς

1868 2970 1965 3037 liti,
1998 2985 2132 3040 quos
2157 2970 2392 3025 nonnulli
2434 2970 2769 3027 eil‘eminatos
2812 2982 2864 3027 et
2893 2972 3077 3027 molles
3104 2973 3403 3044 appellant;

200 3067 470 3137 φρόνημα
523 3064 584 3117 τὸ
638 3061 1009 3133 θηλυπρεπὲς,
1056 3060 1233 3129 λόγοις
1281 3078 1340 3115 τε
1407 3062 1502 3116 καὶ
1548 3063 1765 3135 τρόποις

199 3154 443 3215 ἀνοσίως
493 3150 934 3221 μαλακιζόμενοι.
972 3150 1267 3221 Θηλυδρίας
1330 3150 1388 3205 δὲ
1428 3152 1521 3205 καὶ
1561 3152 1763 3223 μαλθά-

200 3260 396 3305 κωνας
441 3243 565 3300 τοῦς
604 3239 874 3302 τοιούτους
921 3238 1253 3292 ἀποκαλοῦσι
1296 3255 1459 3303 τινες,
1509 3240 1559 3292 οἳ
1595 3256 1770 3305 γυναι.

204 3335 394 3396 κείαις
421 3332 717 3399 ὀλολυγαῖς,
740 3330 833 3383 καί
856 3329 1151 3397 κυμϐάλοις
1175 3328 1463 3399 χρώμενοι,
1494 3330 1769 3399 περιθέον-

200 3428 304 3489 τες
332 3440 482 3487 τινας
509 3423 667 3493 δᾷδας
690 3423 733 3445 ⁸⁸
760 3420 1131 3491 μυσταγωγεῖν
1152 3418 1519 3493 ὑπεκρίνοντο,
1549 3419 1645 3489 τῆς
1673 3420 1767 3473 τοῦ

204 3516 535 3588 Βεελφεγὼρ
566 3511 822 3585 αἰσχύνης
844 3509 1170 3583 πληροῦντες
1200 3509 1268 3563 τὰ
1295 3510 1535 3578 παίγνια.
1574 3509 1765 3563 Ἔουον

1866 3060 1955 3129 qui
1982 3074 2103 3114 cum
2133 3058 2380 3116 femineis
2407 3059 2691 3117 ululatibus
2712 3069 2766 3117 et
2797 3060 3049 3133 cymbalis
3085 3065 3410 3117 circumcur-

1866 3159 2068 3215 santes,
2092 3151 2231 3217 inter
2250 3150 2394 3206 faces
2424 3165 2575 3207 sacra
2598 3153 2789 3209 docere
2804 3151 3142 3216 simulabant,
3165 3154 3406 3221 pudenda

1863 3236 2186 3307 Beelpbegor
2206 3240 2406 3295 ludicra
2424 3243 2703 3298 obeuntes.
2722 3242 3101 3299 Sacriﬁcabant
3114 3244 3271 3313 igitur
3288 3259 3406 3299 cum

1862 3330 2330 3401 initiatisainquit,
2366 3333 2469 3387 hoc
2495 3340 2599 3395 est,
2634 3333 2827 3388 initiati
2866 3346 3020 3388 erant
3050 3334 3261 3389 illorum
3296 3350 3410 3403 my-

1862 3421 2064 3483 steriis,
2090 3430 2145 3475 et
2169 3436 2288 3474 cum
2317 3424 2451 3477 adeo
2474 3426 2741 3492 corruptis
2757 3424 3060 3480 hominibus
3084 3425 3411 3496 Beelphcgor

1860 3508 2119 3563 sacriﬁcia
2148 3507 2481 3563 factitabant.

205 3613 417 3678 τοίνυν,
465 3609 619 3681 φησὶ,
673 3604 808 3694 μετὰ
865 3603 972 3657 τῶν
1026 3601 1437 3673 τετελεσμένων,
1500 3602 1760 3671 τουτέστι,
1810 3600 2082 3674 μεμύηντο
2120 3600 2191 3656 τὰ
2232 3600 2473 3666 ἐκείνων,
2504 3600 2597 3657 καὶ
2638 3602 2905 3672 όμοῦτοῖς
2939 3602 3081 3658 οὓτω
3104 3607 3407 3679 κατεφθαρ-

208 3706 398 3777 μένοις
427 3700 694 3771 προσῆγον
722 3696 907 3759 θυσίας
933 3694 1011 3767 τῷ
1037 3694 1373 3766 Βεελφεγὼρ.

281 3794 393 3850 Καὶ
453 3795 486 3846 ό
537 3789 685 3855 λαὸς
750 3790 785 3841 ό
847 3786 1075 3843 συνιὼν
1140 3787 1546 3841 συνεπλέκετο

200 3886 462 3954 πόρνης.

283 3975 416 4029 ειΖο.
444 3969 807 4041 Μετακομίζει
829 3968 923 4021 τὸν
942 3967 1096 4035 λόγον
1122 3966 1217 4019 ἐπὶ
1240 3966 1331 4018 τὸν
1363 3964 1577 4027 Ἰούδαν,
1611 3980 1761 4016 τουτ-

201 4063 358 4123 έστι,
407 4062 513 4120 τοῖς
544 4060 610 4111 ἐκ
654 4056 824 4125 φυλῆς
879 4052 1051 4106 Ἰούδα
1103 4051 1199 4102 καὶ
1239 4050 1510 4117 Βενιαμὶν,
1545 4049 1594 4101 οἳ
1646 4048 1744 4116 τὴν

1623 3786 1766 3862 μετὰ

1940 3784 2050 3856 73
2083 3781 2151 3839 Et
2192 3783 2408 3855 populus
2456 3782 2546 3838 ille
2590 3780 2877 3854 intelligens
2909 3782 3206 3839 adhcrebat
3246 3802 3408 3865 ntere-

1869 3875 2003 3928 trial.

1937 3962 2139 4017 XLVII.
2170 3961 2481 4018 Sermonem
2518 3963 2583 4015 ad
2614 3960 2801 4017 Iudam
2828 3962 3051 4026 derivat,
3088 3963 3191 4016 hoc
3213 3976 3313 4029 est,
3337 3968 3403 4020 ad

1866 4050 2064 4104 tribum
2093 4048 2227 4102 Juda
2258 4058 2311 4102 et
2340 4047 2636 4114 Beniamin,
2664 4050 2753 4115 qui
2793 4048 2963 4102 adhuc
2985 4047 3276 4105 Jerusalem
3310 4057 3403 4106 ba~

218 4148 573 4223 Ἰερουσαλὴμ
618 4145 887 4205 οἰκοῦντες
932 4142 1035 4203 ἔτι,
1101 4140 1195 4194 καὶ
1242 4138 1304 4190 τὸ
1357 4138 1495 4191 θεῖον
1552 4136 1760 4205 ἔχοντες

1861 4136 2124 4198 bitantes,
2169 4144 2223 4190 et
2263 4146 2662 4203 sacrosanctum
2703 4136 2871 4192 altare
2905 4138 3163 4195 habentes
3203 4142 3403 4212 (stabat

202 4240 595 4309 θυσιαστήριον
638 4232 999 4305 (συνειστήκει
1034 4230 1141 4301 γὰρ
1169 4231 1198 4283 ό
1222 4227 1400 4297 ναὸς),
1429 4227 1497 4282 τὰ
1525 4227 1760 4287 Μωσέως

1861 4227 2001 4280 enim
2036 4226 2311 4297 templum)
2335 4226 2533 4300 Moysis
2564 4237 2826 4299 prmcepta
2850 4244 3087 4296 servare,
3124 4240 3178 4287 et
3201 4232 3399 4287 intelli-

204 4335 522 4403 ἐντάλματα
570 4327 750 4399 τηρεῖν
795 4323 1049 4401 ἔφασκον,
1092 4320 1184 4373 καὶ
1225 4318 1325 4390 τὴν
1364 4316 1451 4371 διά
1479 4315 1570 4370 τοῦ
1601 4319 1760 4386 νόμου

1861 4318 2088 4384 gentiam
2108 4317 2238 4389 legis
2255 4319 2454 4375 habere
2481 4333 2542 4375 se
2568 4320 2968 4390 proﬁtebantur.
3001 4320 3195 4378 Verum
3220 4337 3274 4380 et
3303 4326 3398 4394 ipsi

205 4428 430 4479 σύνεσιν
492 4422 655 4491 ἔχειν.
715 4412 873 4468 Ἀλλά
927 4411 1022 4465 καὶ
1069 4410 1221 4465 αὐτοὶ
1268 4407 1649 4479 λελατρεύκασι
1691 4409 1756 4478 τῇ

218 4513 515 4582 ’Δστάρτῃ,
563 4503 985 4578 πῳσοχθὶσματι
1029 4499 1309 4553 Σιδωνίων.
1364 4497 1656 4568 Ἀστάρτην
1704 4496 1759 4550 δὲ

204 4598 357 4655 εἶναι
387 4616 516 4667 φασι
539 4599 635 4669 τὴν
668 4595 797 4667 παρ’
826 4593 1099 4662 Ἕλλησιν,
1131 4590 1230 4644 ούκ
1252 4584 1345 4644 οἷδ’
1370 4589 1533 4652 ὅπως,
1561 4588 1755 4658 ὀνομα-

202 4689 447 4760 ζοράνην
480 4672 810 4757 Ἀφροδίτην.
842 4684 1077 4753 Ἕστηκε
1114 4680 1170 4735 δὲ
1200 4680 1261 4733 τὸ
1286 4680 1504 4749 ἄγαλμα
1532 4677 1754 4747 γυμνὸν,

203 4783 307 4836 sui
338 4780 410 4842 ὡς
439 4777 648 4830 ἐνείδει
672 4777 893 4844 πόρνης,
922 4774 1081 4845 αίσχη
1091 4772 1262 4843 μόνως
1281 4769 1624 4841 ἀπογυμνοῦν
1646 4768 1757 4829 τοῖς

208 4873 469 4926 ἁπάντων
523 4862 815 4934 ὀφθαλμοῖς
853 4861 944 4913 καὶ
993 4861 1061 4913 τὰ
1104 4861 1321 4914 ἄποπτα
1361 4858 1455 4912 τοῦ
1511 4856 1757 4926 σώματος

208 4937 379 5033 μέρη.
423 4955 626 5012 Οὐκοῦν
672 4954 731 5007 οὐ
775 4951 951 5023 μόνος,
998 4950 1180 5019 φησὶν,
1234 4951 1262 5002 6
1306 4946 1538 5019 Ἰσραὴλ,
1585 4945 1760 4999 καίτοι

206 5052 471 5120 πλείστην
519 5051 647 5117 ὅσην
697 5042 948 5099 ἀδουλίαν
995 5038 1313 5107 νενοσηκὼς,
1374 5034 1762 5106 συνανεφύρετο

206 5138 459 5208 πόρναις,
483 5136 575 5187 καὶ
597 5135 733 5203 μετὰ
753 5131 858 5185 τῶν
874 5125 1263 5197 τετελεσμένων
1282 5125 1455 5177 εθυεν·
1473 5123 1605 5176 ἀλλὰ
1627 5143 1645 5175 ι
1669 5124 1763 5176 καὶ

1861 4407 2058 4463 divinis
2086 4409 2378 4466 honoribus
2412 4411 2690 4478 Astarten,
2722 4412 3027 4469 scandalum
3059 4413 3398 4471 Sidoniorum

1861 4498 2160 4555 coluerunt.
2191 4500 2439 4557 Astarten
2468 4512 2643 4557 autem
2666 4517 2786 4573 esse
2813 4505 2963 4558 aiunt
3001 4509 3139 4576 apud
3165 4506 3400 4571 Gnaeos,

1862 4588 2041 4643 nescio
2091 4603 2289 4658 quare,
2331 4589 2658 4660 Apbroditen
2694 4590 2997 4657 (Venerem)
3056 4594 3396 4647 nominatam.

1862 4676 2047 4730 Stabat
2075 4675 2271 4730 nudum
2295 4675 2836 4741 simulacrum,lorma
2861 4679 3043 4745 scorti,
3069 4690 3248 4747 partes
3284 4682 3400 4737 illas

1861 4766 2098 4835 corporis
2123 4765 2188 4819 ab
2212 4775 2430 4834 aspectu
2458 4766 2806 4822 removendas
2832 4767 3051 4820 minime
3088 4778 3254 4823 tectas
3281 4785 3394 4823 Olli-

1861 4854 2005 4907 nium
2045 4851 2212 4907 oculis
2269 4855 2491 4924 turpiter
2549 4854 2824 4909 exhibens.
2876 4852 3230 4919 Quamobrem
3295 4873 3395 4910 non

1862 4942 2029 4996 solum
2054 4940 2451 5011 lsrael,inquit,
2490 4942 2730 5008 quamvis
2757 4942 2940 4997 morbo
2980 4947 3225 5001 amentia:
3269 4946 3396 5007 alte-

1867 5042 1984 5086 ctus
2011 5031 2262 5097 maxime,
2288 5046 2409 5086 cum
2438 5030 2803 5085 meretricibus
2827 5031 3168 5097 miscebatur,
3200 5044 3251 5087 et
3276 5047 3395 5086 cum

1862 5120 2083 5176 initiatis
2123 5121 2489 5185 sacriﬁcabat;
2529 5120 2621 5174 sed
2656 5139 2674 5172 ι
2700 5128 2756 5175 et
2798 5121 2909 5189 ipse
2948 5124 3172 5191 populus
3200 5123 3393 5176 intelli-

206 5207 375 5288 αὺιτδς
408 5226 440 5277 6
472 5210 607 5286 λαὸς
626 5224 655 5275 ὁ
694 5220 909 5285 συνιὼν,
948 5239 969 5273 ι
1002 5216 1293 5279 τουτέστιν,
1322 5215 1351 5267 6
1379 5213 1477 5283 τήν
1504 5216 1566 5266 ὲκ
1598 5214 1759 5282 νόμου

1860 5222 2007 5277 gens,
2032 5227 2051 5261 ι
2081 5209 2181 5264 boc
2205 5217 2305 5272 est,
2338 5207 2429 5275 qui
2460 5208 2793 5275 prudentiam
2827 5209 3048 5279 legalem
3077 5210 3249 5265 adhuc
3287 5223 3395 5277 prae

203 5318 432 5373 σύνεσιν
481 5313 559 5368 ἔτι
611 5310 798 5375 σώζειν
828 5308 1261 5380 ὑποκρινόμενος,
1297 5323 1314 5356 t
1346 5302 1762 5358 συνανεπλέκετο

202 5407 409 5478 πόρνῃ.
439 5423 458 5456 ι
494 5400 963 5472 Προσκεκυνήκασι
989 5396 1205 5468 γὰρ,ὼς
1226 5394 1377 5465 ἔφην,
1395 5390 1757 5463 τῇἊστάρτῃ.

1861 5314 1919 5352 se
1940 5300 2176 5363 ferebat,
2227 5316 2247 5349 ι
2277 5297 2541 5351 meretrici
2603 5298 2967 5355 adhaerebat.)
3029 5299 3394 5353 Adoraverunt

1859 5390 2099 5454 cnim,ut
2117 5387 2245 5451 dixi,
2268 5388 2537 5442 Astarten.
2573 5385 2823 5443 Salomon
2850 5391 2992 5445 enim
3026 5387 3318 5443 libidinosa:
3340 5397 3396 5442 et

282 5572 331 5607 ¹⁴
368 5570 527 5628 licbr.
554 5588 649 5639 ιιι,
681 5572 732 5627 7.
810 5573 851 5604 "
880 5570 1033 5626 Prov.
1063 5584 1142 5635 ιιι,
1179 5570 1261 5625 12.
1341 5568 1381 5601 ¹⁸
1409 5565 1592 5622 Matth.
1631 5580 1725 5633 vn,
1755 5572 1760 5592 ⁴

1935 5568 1975 5599 ⁸9
2010 5564 2145 5619 Psal.
2184 5577 2373 5629 sum,
2412 5564 2495 5617 lli.
