4006 6318
409 260 525 341 soi
1318 283 1386 339 lN
1421 282 1664 340 uanum
1693 283 2115 342 PROPHETAM
2152 287 2700 347 COMMENTARIUS
3314 298 3321 307 ·
3522 290 3630 349 sos

403 401 713 471 τετήρηται,
747 397 822 460 ὼς
854 395 990 466 ἔφην
1021 396 1121 467 ἤδη
1154 395 1483 458 πλειστάκις,
1519 397 1666 467 αύτῷ
1702 398 1767 450 τὺ
1801 397 1970 451 κατά-

2041 410 2127 457 νυῑ
2183 401 2341 456 toties
2399 401 2529 466 dixi,
2587 400 2925 457 conservavit
2974 402 3039 454 “.
3077 399 3435 455 Crediderunt
3479 402 3623 455 enim

407 488 632 557 λειμμα.
666 486 1064 540 Πεπιστεύκασι
1085 490 1193 557 γάρ
1212 487 1305 542 καὶ
1324 488 1589 542 Ἰουδαίων
1617 488 1717 541 οὒκ
1745 488 1965 558 εὐαρίθ-

2069 502 2124 548 et
2153 494 2218 547 de
2242 492 2440 548 Judaris
2464 508 2572 548 non
2603 491 2777 560 pauci,
2807 501 2863 547 et
2896 492 3143 561 gentibus
3184 492 3400 546 admisti
3419 531 3435 555 ,
3467 492 3625 547 Citri-

409 594 589 647 μητοι,
623 576 714 629 καὶ
742 577 853 639 τοῖς
879 574 1086 629 ἔθνεσιν
1117 575 1319 645 ἀναμὶξ
1347 575 1681 644 δοξολογοῦσι
1710 576 1962 645 Χριστόν.

1347 575 1681 644 δοξολογοῦσι
1710 576 1962 645 Χριστόν.
2069 593 2211 640 stum
2245 583 2491 639 laudibus
2511 590 2925 652 prosequuntur.

476 666 842 745 Ἀκουέτωσαν
872 664 971 736 μὲν
998 667 1050 718 οί
1073 668 1137 719 ὲκ
1160 664 1259 735 τῆς
1279 666 1420 721 κατά
1444 664 1621 736 σάρκα
1644 666 1962 736 περιτομῆς,

2136 673 2368 728 Audiant
2385 673 2527 727 enim
2544 672 2633 742 qui
2665 681 2790 726 sunt
2814 687 2879 726 ex
2897 673 3310 727 circumcisione
3326 670 3622 726 secundum

409 762 558 813 «Ὅτι
577 762 684 832 ’τὴν
716 759 905 830 ῥάϐδον
932 759 1095 815 αὐτοῦ
1123 752 1393 831 συντρίψω
1421 760 1527 815 ἀπὸ
1560 759 1673 826 σοῦ,
1707 760 1800 813 καὶ
1837 761 1962 823 τοὺς

2069 775 2337 815 carnem:
2380 779 2399 812 ι
2436 759 2570 825 Quia
2631 762 2839 829 virgam
2895 750 3011 829 eius
3055 760 3388 830 confringant
3446 774 3475 814 a
3542 767 3651 824 te,‘

400 852 632 922 δεσμούς
668 869 762 906 σου
782 851 1074 926 διαρρήξω,
1103 842 1195 905 κάὶ
1238 853 1526 907 ἐντελεῖται
1559 853 1695 922 ὑπὲρ
1726 851 1959 905 σοῦκΚύ-

2066 862 2120 907 et
2157 852 2367 906 vincula
2422 860 2510 909 tua
2557 852 2885 919 dirumpam,
2936 860 2991 903 et
3046 849 3325 903 mandabit
3373 864 3535 920 super
3572 860 3623 903 te

405 958 535 1011 ριος.
572 964 589 993 ι
637 942 802 996 Ποίαν
830 943 885 996 δὲ
918 944 1022 1013 ἄρα
1050 943 1185 1012 φησὶ
1214 941 1312 1014 τὴν
1342 940 1551 1013 ῥάϐδον,
1585 941 1619 1010 ἢ
1651 940 1798 1004 τίνας
1825 940 1959 1002 ὅλως

2066 937 2345 991 Dominus.
2393 954 2412 989 ι
2443 936 2611 1004 Quam
2658 952 2822 1008 porro
2855 938 3087 1007 virgam,
3117 947 3212 992 aut
3254 953 3372 1008 qua:
3406 940 3618 993 tandem

399 1033 649 1105 δεσμοὺς,
680 1036 795 1100 πῶς
818 1037 916 1088 οὐκ
951 1036 1242 1110 ἀναγκαῖον
1268 1035 1471 1099 είπεῖνς
1515 1032 1830 1086 ’Υπὲκειντο
1861 1034 1959 1104 μὲν

2122 1028 2275 1084 ncnla
2299 1030 2461 1094 dicat,
2504 1028 2774 1097 quomodo
2833 1029 3155 1085 taceamus?
3195 1029 3369 1083 Veluti
3408 1038 3621 1098 sceptro

398 1127 509 1197 γὰρ
548 1122 634 1183 οἷά
662 1144 767 1181 τινι
800 1127 1081 1196 σκήπτρῳ,
1107 1122 1503 1195 κατηχθημένοι
1544 1127 1608 1196 τῇ
1638 1124 1748 1178 τῶν
1773 1124 1959 1197 Γραμ-

2061 1121 2272 1173 cuidam
2323 1119 2713 1188 subjacebant,
2767 1118 3079 1174 Scribarum
3128 1129 3183 1175 et
3224 1120 3616 1175 Pharisaeorum

399 1219 612 1289 ματέων
634 1235 694 1270 τε
722 1219 812 1272 καὶ
831 1214 1142 1287 Φαρισαίων
1167 1215 1392 1286 ἀπονοίᾳ
1419 1232 1478 1269 τε
1521 1217 1615 1268 κοιλ⁸
1652 1215 1954 1287 ἀγριότητι,

2057 1211 2326 1264 dementia
2387 1218 2442 1263 et
2521 1209 2931 1277 importunitate
2990 1209 3241 1274 onerati,
3303 1207 3620 1279 illorumque

395 1310 489 1362 καὶ
533 1309 805 1377 μονονουχὶ
845 1307 1077 1378 δεσμοῖς
1108 1306 1449 1376 συνεχόμενοι
1476 1308 1587 1369 τοῖς
1624 1305 1846 1358 ἐκείνων
1870 1307 1957 1358 ὲν-

2059 1299 2331 1353 mandatis
2360 1304 2750 1369 propemodum
2776 1307 2835 1353 ut
2861 1300 3088 1354 vinculis
3114 1300 3410 1361 constricti,
3456 1299 3612 1354 tidem

392 1394 675 1463 τάλμασιν,
708 1395 767 1446 οὐ
812 1393 1165 1464 παρεδέχοντο
1192 1393 1288 1463 τὴν
1318 1392 1513 1447 πίστιν.
1535 1392 1669 1446 Ἀλλ’
1698 1393 1955 1464 ἐξῄρηται

2056 1380 2542 1457 ηοηίοοὶνὶθιηηι.
2573 1388 2769 1444 Verum
2818 1391 2996 1451 ablata
3044 1400 3127 1444 est
3174 1390 3345 1460 virga,
3388 1391 3487 1444 hoc
3512 1399 3616 1452 est,

396 1486 493 1555 μὲν
540 1488 572 1555 ἡ
617 1482 828 1552 ῥάϐδος,
862 1486 1157 1549 τουτέστιν,
1188 1487 1223 1557 ή
1267 1484 1432 1556 ἀρχὴ,
1472 1485 1733 1556 διερράγη
1781 1485 1837 1538 δὲ
1885 1483 1954 1538 τὰ

2056 1480 2363 1549 imperium;
2396 1481 2612 1551 dirupta
2650 1489 2775 1536 sunt
2803 1481 3035 1544 vincula,
3064 1496 3128 1535 ac
3167 1482 3422 1551 deinceps
3450 1480 3613 1536 libera

389 1578 582 1646 δεσμὰ,
614 1577 707 1630 καὶ
742 1576 923 1630 λοιπὸν
968 1576 1233 1647 ἐλευθέρῳ
1284 1576 1588 1647 φρονήματι
1629 1575 1952 1648 προσοεδρα-

2053 1580 2231 1625 mente
2262 1585 2325 1625 ac
2358 1586 2517 1625 sensu
2576 1574 2642 1626 ad
2679 1572 2952 1635 Christum
2996 1582 3379 1637 occurrerunt,
3407 1584 3612 1628 tantum

393 1667 600 1737 μήκασι
639 1663 718 1735 τῷ
749 1663 986 1735 Χριστῷ,
1026 1665 1303 1735 μονονουχὶ
1334 1663 1713 1735 προτροπάδην
1751 1664 1951 1732 ἐπιφω-

2052 1674 2159 1714 non
2182 1659 2470 1716 celerrime
2492 1661 2780 1731 fugientes,
2802 1672 2859 1717 et
2892 1663 3036 1717 inter
3063 1677 3123 1717 se
3141 1663 3451 1717 acciuentes
3484 1664 3610 1718 illud

388 1727 603 1818 νούντες
651 1727 917 1825 ἀλλήλοις,
938 1727 1162 1809 κάκεῖνο
1189 1727 1435 1821 λέγοντες
1475 1727 1539 1805 τὸ
1577 1727 1679 1807 διὰ.
1709 1752 1810 1822 τῆς
1855 1727 1949 1806 τοῦ

2053 1748 2477 1821 Psallentislyra:
2503 1768 2518 1805 :
2535 1752 2701 1824 590
2725 1773 2744 1804 ι
2772 1754 3148 1823 Dirumpamus
3162 1753 3371 1809 vincula
3404 1769 3613 1819 eorum,

387 1842 689 1911 Ψάλλοντος
719 1846 882 1915 λύρας
902 1862 917 1877 ·
954 1864 972 1896 ι
1002 1842 1387 1916 Διαρρήξωμεν
1426 1844 1550 1906 τοὺς
1584 1842 1831 1920 δεσμοὺς.
1852 1843 1950 1895 αύ-

1804 1859 1831 1920 ;_
1852 1843 1950 1895 αὐ·
2052 1847 2109 1893 et
2137 1837 2480 1908 projiciamus
2509 1854 2538 1895 a
2564 1842 2722 1896 nobis
2743 1841 2931 1913 iugum
2961 1842 3205 1912 ipsorum
3240 1843 3330 1895 ⁸⁸⁸.
3370 1865 3386 1894 ι

388 1940 514 2002 τῶν,
543 1939 637 1993 καὶ
670 1936 1062 2008 ἀπορρίψωμεν
1089 1936 1181 2005 ἀφ’
1209 1934 1365 2006 ἡμῶν
1386 1934 1475 1988 τὸν
1507 1932 1668 2000 ζυγὸν
1698 1932 1896 1986 αὐτῶν.
1926 1951 1945 1985 ι

455 2030 825 2087 Ἀκουέτωσαν
872 2028 929 2082 δὲ
978 2029 1109 2099 πρὸς
1152 2028 1379 2089 ἐκείνοις
1421 2025 1572 2079 οὐδὲν
1618 2020 1780 2096 ἧττον
1809 2026 1865 2078 oi.
1886 2026 1946 2090 ὲξ
1998 2082 2003 2085 ν

2120 2010 2355 2070 Audiam
2377 2025 2575 2085 praeter
2602 2017 2721 2073 illos
2750 2017 3097 2074 nihilominus
3124 2034 3213 2090 qut
3252 2035 3319 2076 ex
3365 2021 3617 2099 gentibus

384 2121 584 2174 ἐθνῶν·
628 2139 647 2172 ι
676 2121 785 2173 Καὶ
836 2120 929 2173 νῦν
983 2096 1255 2187 συντρίψω
1297 2118 1395 2186 τὴν
1428 2116 1621 2187 ῥάϐδον
1648 2115 1815 2169 αὑτοῦ
1842 2115 1949 2168 ἀπὸ

2050 2108 2297 2169 conversi
2327 2116 2495 2161 sunt:
2531 2125 2550 2158 ι
2588 2109 2656 2162 Εῑ
2690 2122 2834 2164 nunc
2864 2122 3143 2165 conteram
3177 2111 3380 2181 virgam
3424 2096 3540 2180 ejus
3579 2129 3609 2167 a

386 2206 502 2269 σοῦ,
538 2208 630 2260 καὶ
670 2207 794 2269 τοὺς
819 2205 1048 2276 δεσμούς
1079 2222 1169 2257 σου
1214 2204 1504 2275 stupeﬁat»,
1535 2205 1628 2256 καὶ
1657 2203 1947 2257 ἐντελεῖται

2051 2205 2121 2261 te,
2144 2205 2199 2249 et
2220 2196 2428 2251 vincula
2464 2206 2553 2253 tua
2581 2198 2906 2267 dirumpam,
2957 2209 3011 2252 et
3052 2201 3327 2255 mandabit
3367 2212 3530 2270 super
3561 2212 3612 2257 te

386 2299 514 2369 περὶ
545 2295 638 2350 σοῦ
661 2295 880 2366 Κύριος.
916 2315 933 2345 ι
972 2295 1144 2348 Πάλαι
1185 2295 1283 2363 μὲν
1304 2294 1410 2361 γὰρ
1442 2295 1554 2355 τοῖς
1580 2292 1675 2345 τοῦ
1704 2292 1946 2346 διαϐόλου

2049 2282 2332 2342 Dominus.
2385 2305 2406 2339 ι
2466 2287 2603 2342 Olim
2625 2291 2768 2342 enim
2806 2290 3005 2343 diaboli
3052 2296 3279 2359 sceptris
3317 2294 3606 2362 subjugati,

385 2390 681 2459 σκήπτροις
704 2388 1111 2455 ὑπεζευγμένοι,
1144 2386 1365 2446 καὶτοῖς
1391 2382 1499 2435 τῶν
1536 2384 1812 2453 κοσμικῶν
1836 2384 1947 2453 ἡδο-

2047 2377 2549 2447 muudanarumque
2596 2378 2925 2447 voluptatum
2977 2380 3186 2448 laqueis
3243 2382 3457 2445 irretiti,
3508 2386 3604 2449 ad-

383 2480 490 2541 νῶν
532 2480 950 2548 κατεσφιγμένοι
993 2476 1205 2546 δεσμοῖς
1251 2473 1613 2545 προσεκύνουν
1654 2477 1721 2543 τῇ
1772 2474 1946 2527 κτίσει

2046 2466 2278 2520 orabant
2324 2466 2503 2536 potius
2529 2478 2839 2522 creaturam
2889 2484 3048 2538 quam
3080 2481 3399 2549 creatorem,
3438 2472 3600 2526 Deum

384 2570 533 2642 παρά
562 2569 651 2621 τὸν
687 2569 962 2633 κτίσαντατ
994 2567 1092 2619 οὐκ
1124 2564 1318 2636 ᾔδεσαν
1342 2564 1433 2618 τὸν
1464 2565 1643 2634 φύσει,
1686 2565 1781 2618 καὶ
1822 2565 1946 2636 ἀλη-

2046 2566 2240 2611 natura
2294 2570 2355 2613 et
2377 2572 2560 2613 verum
2611 2559 2941 2626 nesciebant,
3002 2575 3297 2632 parumque
3346 2577 3377 2616 a
3430 2561 3603 2616 brutis

384 2656 489 2722 θῶς
526 2658 720 2730 [Θεὸν],
758 2657 849 2711 καὶ
878 2658 1087 2726 κτηνῶν
1132 2658 1339 2725 ἀλόγων
1384 2657 1541 2725 ὀλίγα
1585 2658 1946 2725 διενεγκόντες

2045 2647 2377 2712 differentes,
2411 2649 2591 2703 carnis
2639 2648 3005 2717 voluptatibus
3041 2650 3389 2714 serviebant,
3436 2652 3600 2707 mise-

383 2751 501 2812 ταῖς
541 2749 752 2818 ἡδοναῖς
791 2742 1061 2800 ἐδούλευον
1103 2745 1204 2813 τῆς
1247 2745 1468 2815 σαρκὸς.
1502 2746 1715 2816 οἰκτρόν
1750 2763 1810 2798 τε
1852 2746 1947 2798 καὶ

2049 2754 2295 2808 ramque,
2343 2749 2397 2793 et
2435 2755 2466 2792 a
2513 2738 2723 2793 ratione
2767 2741 3153 2794 alienissimam
3209 2740 3374 2795 vitam
3421 2743 3604 2810 exige-

384 2840 722 2908 ἀλογώτατον
736 2838 925 2901 διέζων
949 2836 1081 2907 βίον.
1101 2835 1239 2889 Ἀλλ’
1257 2836 1445 2905 ἠλευθὲ
1453 2854 1650 2906 ρωνται
1666 2838 1758 2890 καὶ
1770 2837 1944 2904 αὐτοὶ,

2049 2831 2179 2886 bant
2211 2832 2280 2885 °‘.
2314 2832 2581 2886 Ceterum
2626 2832 2725 2901 ipsi
2775 2848 2990 2901 quoque
3042 2836 3093 2886 in
3136 2833 3438 2888 libertatem
3486 2836 3604 2887 vin-

384 2929 618 2999 Χριστοῦ
663 2929 759 2998 τὴν
790 2928 1019 2998 ἀρχαίαν
1065 2924 1278 2993 ἐκείνην
1314 2927 1505 2996 ῥάϐδον
1539 2928 1940 2998 συντρίψαντος,

2049 2924 2215 2978 dicati
2264 2933 2437 2986 sunt,
2486 2935 2774 2993 postquam
2828 2925 3078 2978 Christus
3139 2927 3411 2994 antiquam
3461 2925 3603 2979 illam

354 3039 361 3045 ·
383 3017 476 3070 καὶ
508 3016 929 3089 διαρρηγνύντος
956 3016 1024 3069 τά
1047 3014 1239 3083 δεσμὰ,
1266 3016 1363 3067 καὶ
1408 3014 1681 3085 ἁμαρτίας
1707 3016 1936 3079 ἐξέλιιιον¹

2048 3016 2252 3083 virgam
2292 3016 2569 3078 contrivit,
2604 3016 2895 3091 et'vincula
2940 3018 3164 3085 dirupit,
3218 3028 3275 3072 et
3328 3034 3356 3071 a
3385 3031 3606 3087 peccato

380 3126 493 3173 τος,
517 3109 607 3161 καὶ
638 3107 1011 3179 μετατιθέντος
1038 3108 1101 3157 ἐκ
1132 3105 1338 3173 πλάνης
1366 3106 1447 3167 εἰς
1471 3106 1765 3171 ἐπίγνωσιν
1784 3105 1938 3168 Θεοῦ,

2042 3119 2135 3158 eos
2157 3105 2407 3169 extraxit,
2439 3113 2492 3158 et
2517 3104 2591 3156 ab
2616 3120 2802 3159 errore
2831 3107 2895 3159 ad
2932 3108 3260 3173 agnitionem
3293 3108 3385 3162 Dei
3425 3121 3606 3165 trans-

381 3201 475 3253 καὶ
503 3198 830 3258 δικαιοῦντος
864 3198 928 3264 τῇ
964 3196 1158 3255 πίστει,
1192 3196 1288 3246 καὶ
1330 3195 1710 3262 ἐντελλομένου
1758 3195 1941 3248 λοιπὸν

2045 3194 2198 3256 tulit,
2229 3204 2284 3247 et
2339 3193 2443 3248 ﬁde
2483 3193 2823 3263 jusﬁlicavit,
2865 3206 2919 3248 et
2947 3198 3012 3250 de
3044 3198 3252 3265 reliquo
3286 3214 3446 3267 super
3476 3202 3606 3268 ipsis

380 3289 510 3358 περὶ
550 3288 748 3353 αὐτῶν,
788 3285 944 3355 δῆλον
991 3285 1046 3337 δὲ
1091 3285 1170 3337 ὅτι
1206 3288 1317 3347 τοῖς
1343 3285 1517 3353 ἁγίοις
1546 3284 1819 3353 ἀγγέλοις.
1848 3287 1941 3338 Γέ-

2045 3282 2341 3347 mandavit,
2382 3286 2500 3338 sine
2536 3287 2904 3340 controversia
2940 3289 3140 3341 sanctis
3188 3292 3411 3357 angelis.
3452 3291 3601 3346 Scri-

380 3394 620 3449 γραπται
641 3377 776 3447 γάρ·
808 3395 825 3427 ι
852 3375 908 3427 Ὀ
936 3375 1200 3429 κατοικῶν
1224 3377 1281 3427 ἐν
1310 3374 1531 3445 βοηθείᾳ
1547 3361 1638 3428 τοῦ
1662 3375 1937 3445 Ὑψίστου,

2040 3387 2188 3445 ptum
2210 3386 2292 3430 est
2315 3377 2457 3430 enim
2482 3392 2495 3427 :
2531 3395 2549 3427 ι
2579 3375 2678 3443 Qui
2720 3378 2923 3432 habitat
2950 3381 2999 3432 in
3025 3378 3287 3446 auijutorio
3313 3383 3598 3449 Altissimi,

379 3470 440 3521 ἐν
469 3469 643 3538 σκέπῃ
680 3466 773 3519 τοῦ
815 3464 948 3518 Θεοῦ
974 3464 1067 3519 τοῦ
1092 3465 1316 3536 οὐρανοῦ
1350 3464 1943 3535 αύλισθήσεται.Ἐντε-

2042 3467 2097 3521 in
2126 3470 2460 3534 pr0tectione
2512 3469 2602 3523 Dei
2666 3470 2788 3524 εωιί
2836 3472 3284 3525 commorabitur.
3324 3474 3599 3529 Mandabit

378 3558 548 3611 λεῖται
569 3558 675 3627 γὰρ
701 3558 809 3620 τοῖς
833 3556 1006 3624 ἁγίοις
1033 3556 1282 3625 ἀγγέλοις
1310 3556 1689 3624 διαφυλάσσειν
1715 3558 1861 3626 ἡμᾶς
1883 3558 1940 3610 ὲν

2043 3557 2182 3611 enim
2213 3560 2416 3613 sanctis
2448 3560 2673 3629 angelis,
2712 3572 2775 3615 ut
2801 3564 3103 3616 custodiant
3128 3578 3223 3617 nos
3254 3565 3305 3617 in
3346 3567 3625 3620 omnibus.

379 3650 582 3712 πάσαις
604 3650 722 3711 ταῖς
749 3647 905 3710 ὁδοῖς,
936 3648 1026 3699 καὶ
1049 3646 1343 3716 λαμϐάνειν
1374 3645 1467 3698 ἐπὶ
1488 3644 1704 3715 χειρῶν,
1733 3647 1939 3716 μήποτε

2043 3650 2146 3705 viis
2181 3652 2403 3715 nostris,
2437 3660 2491 3706 et
2515 3655 2764 3708 manilius
2796 3664 3027 3722 portent,
3069 3669 3136 3709 ne
3177 3656 3313 3709 forte
3356 3655 3598 3710 olfenda-

378 3739 773 3815 προσκόψωμεν
814 3737 947 3806 πρὸς
983 3736 1126 3789 λίθον
1162 3736 1253 3789 τὸν
1300 3736 1453 3790 πόδα.
1491 3753 1510 3786 ι
1548 3735 1657 3805 Καὶ
1686 3736 1937 3805 ἀτρεκὲς,

2040 3754 2160 3793 mus
2195 3740 2261 3793 ad
2289 3740 2520 3808 lapidem
2569 3744 2732 3810 pedes
2754 3745 2842 3797 ⁸⁸⁵.
2902 3744 3010 3797 ιΕι
3052 3755 3259 3798 certum
3308 3754 3392 3799 est
3436 3746 3590 3814 illud,

378 3831 462 3883 ὅτι
490 3850 509 3882 ι
537 3829 881 3899 Παρεμϐαλεϊ
906 3827 1131 3895 ἄγγελος
1160 3825 1365 3897 Κυρίου
1397 3823 1580 3895 κύκλῳ
1603 3824 1711 3878 τῶν
1752 3824 1941 3894 φοϐου-

2046 3848 2064 3879 ι
2099 3828 2351 3883 lmmittet
2385 3830 2608 3899 angelus
2662 3831 2873 3887 Domini
2905 3833 2961 3887 in
3011 3835 3241 3889 circuitu
3291 3836 3595 3893 timentium

381 3918 559 3989 μένων
590 3918 769 3985 αὑτὸν,
792 3918 885 3970 καὶ
912 3916 1132 3987 ῥύσεται
1161 3914 1378 3980 αὐτούς.
1411 3932 1431 3965 ι

1191 3914 1378 3980 ιὺτούς.
1411 3932 1431 3965 ι
2039 3934 2185 3983 eum,
2222 3929 2275 3974 et
2302 3920 2494 3989 eripiet
2527 3934 2622 3975 eos
2658 3921 2722 3975 “.
2754 3939 2773 3973 ο

453 4011 535 4062 Οὐ
562 4007 935 4078 σπαρήσεται
959 4007 1047 4062 ἔτι
1068 4007 1136 4071 ἐξ
1165 4006 1453 4075 ὀνόματός
1477 4022 1616 4061 σου.

2112 4007 2276 4063 Vens.
2301 4007 2389 4063 ιι.
2429 4006 2548 4061 Non
2565 4009 2904 4062 sentinabt‘tur
2921 4010 3146 4079 amplius
3161 4026 3225 4064 ea:
3248 4014 3454 4067 nomine
3478 4025 3588 4068 tuo.

452 4099 784 4169 ΙΓ’.Ὄμοιον
808 4098 882 4160 ὡς
909 4098 959 4150 εί
983 4097 1129 4165 λέγοι
1150 4098 1331 4163 πάλιν,
1349 4096 1463 4154 οὐκ
1490 4096 1589 4168 ἔσῃ
1612 4095 1943 4169 διεσπαρμέ-

2109 4097 2247 4151 Xlll.
2283 4098 2488 4152 Rursus
2512 4098 2649 4151 idem
2683 4112 2818 4165 pcue
2853 4108 2937 4153 est
2962 4112 3023 4151 ac
3048 4099 3091 4152 si
3120 4100 3283 4165 dicat,
3319 4102 3434 4155 Non
3480 4102 3593 4165 eris

379 4209 468 4251 vo;
503 4193 579 4250 είς
617 4190 791 4241 πάντα
824 4189 890 4240 τὰ
918 4187 1065 4255 ἔθνη,
1090 4186 1439 4257 δορύληπτος,
1468 4189 1562 4241 καὶ
1587 4189 1811 4260 ἀλήτης,
1848 4191 1942 4243 καὶ

2065 4187 2312 4255 Iispersus
2342 4187 2392 4239 in
2418 4198 2606 4239 omnes
2635 4195 2843 4253 gentes,
2873 4187 3138 4255 captivus,
3171 4196 3224 4241 et
3250 4188 3408 4255 erro,
3459 4198 3515 4243 et
3540 4208 3592 4244 -a
3630 4206 3647 4235 ι’

377 4278 477 4349 τῆς
506 4275 830 4344 ἐνεγκούσης
875 4276 951 4336 ὡς
996 4274 1268 4338 ἀποτάτω,
1304 4274 1398 4327 καὶ
1426 4276 1776 4345 παγχάλεπον
1809 4277 1939 4330 ὑπο-

2039 4276 2209 4345 patria
2237 4287 2395 4343 quam
2415 4275 2825 4339 semotissimus,
2858 4285 2914 4329 et
2943 4275 3289 4349 durissimam
3321 4279 3595 4334 sustinens

381 4368 554 4438 μένων
609 4364 841 4434 θητείαν,
890 4365 946 4415 ὲν
994 4362 1176 4413 πόλεσι
1221 4362 1500 4432 δυσμενῶν
1548 4365 1798 4434 οἰκτρῶς,
1847 4367 1940 4419 καὶ

2012 4368 2015 4386 ⁵
2044 4344 2384 4425 Servitutcm,
2423 4363 2474 4415 in
2509 4362 2667 4418 urbes
2697 4364 2925 4429 hostium
2956 4365 3169 4431 misere,
3194 4344 3246 4420 et
3273 4368 3594 4425 miserabili-

378 4456 642 4519 ἐλεεινῶς,
677 4454 772 4507 καὶ
804 4452 999 4514 ἀθλίως
1030 4449 1554 4519 κατεσκεδασμένος.
1603 4452 1940 4523 Σημειωτέον

2045 4462 2146 4516 ter,
2175 4460 2229 4504 et
2256 4451 2543 4506 infeliciter
2570 4451 2884 4520 dissipatus.
2922 4438 3208 4508 Sciendum
3237 4469 3397 4521 porro
3431 4456 3591 4510 etiam

374 4547 451 4611 δὲ,
485 4547 564 4599 ὅτι
596 4544 691 4598 καὶ
724 4543 859 4613 μετά
887 4540 1086 4603 ταύτας
1127 4537 1222 4594 τοῦ
1271 4540 1550 4615 προφήτου
1592 4542 1690 4605 τὰς
1736 4544 1956 4619 φωνάςη

2051 4536 2174 4612 post
2201 4543 2368 4597 hasce
2402 4556 2559 4597 voces
2586 4544 2858 4611 prophetat
2888 4554 3097 4613 captum
3136 4560 3253 4599 esse
3296 4545 3509 4611 ludam,
3541 4557 3593 4601 et

374 4638 489 4706 ἥλω
515 4636 610 4690 καὶ
642 4634 968 4704 πεπόρευται
994 4631 1127 4701 πρὸς
1150 4628 1523 4700 αἰχμαλωσίαν
1548 4632 1577 4683 ὀ
1600 4630 1818 4699 Ἰούδας,
1848 4633 1943 4686 καὶ

2043 4634 2206 4689 ivisse
2237 4632 2288 4687 in
2319 4632 2683 4701 captivitatem
2715 4672 2731 4693 .
2780 4643 2840 4687 ct
2863 4634 3117 4690 serviisse
3150 4635 3407 4706 Assyriis.
3456 4636 3592 4692 Eze-

374 4725 713 4777 δεδούλευκεν
742 4717 1322 4794 ’Λσσυρίοις,Ἐζεχίου
1358 4716 1457 4787 μὲν
1486 4717 1592 4787 γὰρ
1615 4720 1714 4787 τῆς
1745 4720 1944 4791 Ἰερου..

2042 4724 2167 4777 cbia
2214 4717 2356 4777 enim
2401 4722 2789 4794 Hierosolymis
2840 4735 3122 4793 regnante,
3166 4726 3494 4782 Seuacherib
3536 4728 3589 4783 in

376 4814 555 4882 σαλὴμ
581 4811 971 4882 βασιλεύοντος,
995 4807 1426 4878 κατεστράτευσε
1450 4806 1551 4875 τῆς
1579 4806 1892 4877 Σαμαρείας
1910 4814 1940 4865 ὁ

2045 4813 2344 4867 Samariam
2373 4813 2556 4881 copias
2602 4816 2869 4879 adduxit,
2928 4814 3382 4883 depOpnlatusqne
3432 4817 3592 4872 urbes

374 4897 735 4972 Σενάχηρεὶμ,
764 4901 856 4953 καὶ
899 4900 999 4963 τὰς
1043 4901 1101 4952 ὲν
1150 4896 1298 4966 αὐτῷ
1334 4895 1513 4957 πόλεις
1560 4895 1934 4967 καταδηώσας,

2043 4900 2179 4969 ejus,
2201 4911 2255 4955 et
2279 4902 2598 4971 quibusdam
2626 4902 2846 4972 insuper
2865 4902 3116 4964 incensis,
3143 4901 3291 4963 misit
3311 4916 3376 4953 ex
3395 4901 3590 4958 Lachis

375 4992 807 5061 προσεμπρήσας
836 4992 893 5045 δὲ
928 4992 1022 5044 καὶ¹
1044 4990 1265 5060 ¹ἑτέροις,
1296 4986 1613 5042 ἀπέστειλεν
1656 4988 1721 5038 ὲκ
1768 4988 1937 5058 Λαχὶς

2042 4991 2357 5057 Rabsacen,
2413 4992 2506 5061 qui
2532 4992 2866 5063 impudenter
2916 4999 3101 5043 contra
3157 4990 3324 5045 Deum
3356 4990 3589 5061 linguam

371 5081 464 5136 τὸν
498 5080 795 5150 Ῥαψάκην,
818 5081 875 5143 ὃς
906 5083 999 5134 καὶ
1029 5082 1284 5151 ἄγροικον
1310 5080 1459 5147 ἠφίει
1491 5077 1630 5131 κατά
1671 5074 1805 5128 Θεοῦ
1838 5078 1935 5147 τὴν

2040 5084 2219 5137 solvit.
2273 5082 2475 5138 Deinde
2518 5098 2678 5137 manu
2728 5080 2897 5150 angeli
2928 5079 2996 5133 de
3044 5081 3384 5149 expeditione
3425 5084 3590 5151 Assy-

369 5170 637 5239 γλῶτταν.
667 5168 800 5223 Εἶτα
833 5169 1182 5223 πεπτώκασιν
1214 5168 1443 5237 ἀγγέλου
1489 5168 1633 5237 χειρὶ
1683 5166 1779 5234 τῆς
1830 5167 1936 5219 τῶν

2040 5174 2245 5227 rlorum
2276 5185 2490 5228 centum
2507 5172 2773 5240 octoginta
2798 5171 3032 5237 quinque
3061 5171 3227 5225 millia
3259 5172 3585 5226 ceciderunt.

385 5260 682 5331 Ἀσσυρίων
708 5261 967 5328 στρατιᾶς
1002 5260 1195 5311 ἑκατὸν
1224 5259 1550 5328 ὀγδοήκοντα
1574 5257 1733 5310 πέντε
1762 5248 1937 5325 χιλιά-

2036 5259 2163 5315 Post
2192 5263 2433 5317 Bacchius
2466 5276 2683 5331 regnum
2717 5273 2818 5312 non
2874 5259 3406 5315 modicointervallo
3451 5273 3586 5314 tent-

361 5356 477 5415 ’Be;.
507 5352 659 5405 Μετὰ
678 5350 734 5403 δέ
753 5366 814 5417 γε
833 5348 929 5418 τὴν
950 5348 1192 5417 Ἐζεκίου
1216 5347 1489 5416 βασιλείαν
1516 5347 1706 5417 χρόνου
1732 5344 1931 5415 μεταξὺ

2036 5352 2202 5415 poris,
2231 5352 2450 5405 Sedccia
2480 5350 2637 5405 .lnsite
2685 5348 2793 5401 filio
2832 5360 3113 5416 regnante,
3159 5350 3585 5404 Nabuchodono-

300 5490 314 5503 ,
371 5443 738 5510 διαγεγονότος
766 5443 825 5493 οὐ
856 5438 1068 5510 μικροῦ,
1102 5440 1348 5491 Σεδεκίου
1381 5437 1882 5509 βεϐασιλευκότος,έ

2035 5451 2127 5491 sor
2158 5439 2566 5494 totathndwam
2603 5437 2749 5507 prius
2774 5436 3125 5505 deprmdatus,
3165 5435 3585 5507 Hierosolymam

447 5616 487 5649 ⁶⁴
514 5614 617 5669 lsa.
646 5631 699 5672 ι.
726 5615 818 5680 22;
848 5614 1004 5671 Rom.
1032 5613 1211 5679 tx,?.'l.
1293 5616 1359 5646 ⁸³⁰
1398 5614 1536 5669 PSnl.
1578 5629 1637 5675 tl,
1676 5616 1725 5669 ’5.
1807 5614 1849 5646 εδ
1875 5611 2029 5667 Rem.

1999 5629 2032 5665 ι.
2059 5625 2097 5678 ι,
2139 5612 2205 5666 l9
2247 5627 2398 5684 seqq.
2473 5612 2535 5644 ⁸³⁹
2560 5610 2702 5666 Paul.
2726 5627 2808 5680 sc,
2838 5611 2981 5668 l-ll.
3059 5612 3101 5647 “
3133 5612 3276 5669 Psal.
3312 5600 3505 5682 xsxtu,
3529 5617 3581 5670 8.
