4006 6318
410 302 518 360 853

1326 295 1393 351 IN
1433 291 1681 351 nanum
1706 288 2146 347 moenera“
2184 248 2747 363 conprimimus.

3557 290 3661 348 83!

411 412 696 483 ποταμοῖς,
750 411 844 466 καὶ
879 411 1160 482 τελμάτων
1209 410 1549 483 περιϐολαῖς.
1590 408 1901 481 Ἐπήμυνον
1933 409 1986 462 δέ

2092 409 2231 477 piam
2261 408 2520 479 pertinet,
2566 414 2620 464 et
2654 419 2844 461 versus
2875 419 3132 463 occasum
3178 416 3233 464 et
3264 415 3529 475 austrum,
3566 408 3657 464 ubi

411 505 547 575 αὐτῇ
588 504 681 557 καὶ
710 505 755 557 οἰ
786 503 883 574 τῆς
915 503 1117 574 ὁμόρου
1149 500 1355 570 meum;
1400 501 1702 573 οἰκήτορες,
1727 515 1987 570 παρατει-

410 594 606 665 νούσης
640 596 803 668 μέχρι
836 596 936 667 τῆς
968 592 1240 648 Αἰθιόπων
1267 594 1393 663 γῆς,
1448 591 1549 661 τῆς
1578 590 1717 662 πρὸς
1750 589 1989 660 ἑσπέραν

384 752 385 755 η
409 686 507 739 καὶ
524 686 1081 759 νότον,“Γαράμαντες
1112 684 1170 738 δὲ
1191 682 1357 747 οῦτοι,
1392 686 1616 738 κατόπιν
1639 686 1738 753 τῆς
1767 675 1997 763 Ἄφρων

412 776 653 846 κείμενοι
678 777 799 849 γῆς.
835 773 1243 837 Συνωπλίξοντο
1262 774 1317 829 δέ
1356 775 1455 829 καὶ
1476 774 1586 828 τῶν
1636 774 1714 837 εἰς
1739 772 1844 842 ἠὼ,
1895 771 1990 825 καὶ

408 867 561 921 νότον
588 868 859 923 Αἰθιόπων
906 867 1072 929 τινὲς,
1103 865 1153 918 οἰ
1201 867 1420 938 Μερόην
1468 883 1527 919 τε
1572 866 1668 937 τὴν
1711 864 1988 933 ἐσωτάτην

410 958 566 1013 πόλιν
592 957 887 1024 οἰκοῦνται,
921 957 1018 1013 καὶ
1038 957 1235 1027 ἀγρίαν
1258 958 1354 1011 καὶ
1383 958 1640 1027 μέλαιναν
1666 954 1993 1025 κατανέμον-

408 1067 500 1103 ται
536 1052 658 1121 γῆν.
708 1048 849 1105 Ἀλλ’
893 1040 992 1103 ὦδε
1034 1047 1133 1117 μὲν
1164 1046 1297 1118 ἡμῖν
1334 1046 1365 1097 ό
1415 1046 1515 1117 τῆς
1557 1044 1799 1117 ἱστορίας
1823 1043 1991 1115 ἐχέτω

410 1142 588 1211 λόγος·
629 1134 797 1212 ῐωμέν
829 1140 885 1193 δέ
937 1140 1037 1210 ἤδη
1085 1138 1219 1209 πρὸς
1264 1138 1593 1205 διασάφησιν
1634 1140 1731 1209 τῆς
1783 1137 1991 1200 ἐννοίας

411 1236 520 1289 τῶν
548 1233 904 1303 ἐγκειμένων.
959 1249 979 1284 t
1025 1230 1341 1303 Ἐτοίμασαι
1388 1231 1468 1295 δὲ,
1526 1230 1680 1301 φησὶ,
1714 1230 1923 1301 μερίδα·
1965 1247 1983 1279 ι

410 1326 596 1395 ὅμοιον
628 1322 759 1375 ὼσεί
785 1322 952 1389 λέγοι·
992 1316 1064 1377 *Ω
1097 1322 1257 1377 ἀθλία
1284 1316 1506 1391 Νινευὴ,
1534 1319 1777 1385 ἐπίλεξαι
1800 1320 1991 1391 μερίδα

414 1415 583 1484 σαυτῇ
622 1411 828 1482 (ἐπειδὴ
878 1410 988 1482 γὰρ
1042 1411 1255 1483 μεγάλα
1297 1410 1667 1481 πεφρόνηκας,
1696 1409 1796 1462 οῐει
1816 1425 1877 1461 τε
1908 1408 1991 1462 ὅτι

412 1506 590 1574 πάντη
618 1519 675 1555 τε
704 1503 800 1555 καὶ
831 1501 1047 1565 πάντως
1085 1500 1393 1574 ἀπόρθητος
1422 1499 1520 1571 ἔσῃ
1556 1499 1726 1553 διάτοι
1770 1498 1832 1550 τδ
1876 1497 1989 1551 τεί-

410 1612 533 1666 χεσι
585 1580 841 1664 μεγάλοις
893 1592 1366 1664 περιϐεϐλῆσθαι,
1432 1590 1526 1644 καὶ
1585 1588 1991 1661 ἀναριθμήτους

2087 495 2447 552 Garamantes
2484 504 2603 567 post
2647 493 2810 549 Afros
2866 492 3124 550 incolunt.
3179 493 3351 551 Simul
3401 497 3545 553 idem
3590 498 3659 551 ad

2089 603 2239 643 arma
2295 588 2446 643 ibant
2509 585 2823 655 Ethiopum
2887 584 3125 641 nonnulli
3174 585 3241 641 ad
3295 584 3558 642 orientem
3605 596 3662 642 et

2088 688 2354 744 austrum,
2391 680 2590 748 quique
2620 677 2836 732 Meroen
2896 676 3140 732 intimam
3170 676 3357 732 urbem
3395 675 3658 754 incolunt,

2089 778 2141 824 et
2170 760 2342 824 feram
2370 784 2435 823 ac
2466 770 2671 840 nigram
2707 767 2950 824 tellurem
2980 776 3182 823 tenent.
3231 765 3298 821 Et
3330 766 3396 823 de
3433 766 3658 822 historia

2090 862 2304 933 quidem
2357 866 2617 918 hactenus
2645 876 2660 913 :
2693 874 2836 915 nunc
2885 860 2953 914 ad
2997 859 3316 916 sententiam
3374 858 3657 914 declaran-

2091 955 2213 1010 dam
2248 944 2586 1009 accedamus.
2624 972 2643 1006 ι
2673 952 2920 1023 Ριοεερεη
2951 954 3181 1023 parum,
3224 970 3243 1005 ι
3275 951 3478 1022 inquit;
3517 966 3580 1005 ac
3602 951 3650 1003 si

2091 1047 2236 1103 dicat
2261 1048 2338 1103 :0
2366 1047 2548 1104 infelix
2578 1046 2802 1111 Ninive,
2831 1045 2968 1115 elige
2996 1052 3205 1116 partem
3238 1044 3357 1111 tibi,
3383 1059 3481 1117 pro
3503 1042 3659 1099 arbi-

2091 1148 2234 1195 tratu
2283 1144 2560 1210 regionem
2596 1138 2832 1208 aliquam
2852 1154 2928 1193 ex
2958 1137 3208 1193 ﬁnitimis
3260 1152 3398 1207 quas
3442 1135 3661 1205 sobegi-

2084 1230 2189 1293 sti,
2216 1228 2653 1299 quandoquidem
2689 1237 2743 1283 te
2772 1228 3033 1295 extulisti,
3060 1228 3387 1298 omninoque
3429 1226 3575 1283 nulla
3606 1225 3659 1281 vi

2090 1312 2507 1387 expugnabilem
2536 1326 2591 1374 te
2632 1318 2937 1384 arbitraris,
2966 1318 3109 1388 quod
3155 1317 3327 1372 muris
3353 1315 3685 1385 ingentibus

2089 1408 2293 1461 cincta’
2326 1409 2425 1473 sis,
2478 1418 2532 1462 et
2580 1409 2777 1463 auxilia
2832 1409 3034 1464 habeas
3074 1408 3379 1472 innumera,
3438 1407 3659 1463 tametsi

2089 1499 2548 1566 opportunitatem
2602 1499 2757 1570 longe
2787 1499 3077 1552 maximam
3115 1498 3309 1568 adepta
3338 1512 3419 1564 es,
3460 1497 3657 1567 inquit,

2091 1598 2149 1642 ut
2194 1586 2467 1657 subjugari
2523 1598 2682 1658 atque
2738 1588 2855 1656 capi
2901 1586 3192 1643 difﬁciliter
3241 1590 3435 1659 possis.
3467 1607 3489 1641 ι
3517 1590 3657 1657 Apta

412 1690 555 1757 ἔχειν
584 1686 711 1749 τοὺς
740 1687 1090 1757 συνασπίζειν
1122 1684 1452 1753 ἐθέλοντας),
1490 1682 1633 1738 κατά
1663 1699 1785 1736 τινα
1818 1680 1986 1742 θέλεις

2094 1678 2376 1745 chordam,
2410 1696 2430 1731 ι
2480 1679 2583 1733 hoc
2602 1690 2719 1743 est,
2757 1688 2947 1734 cantus
2974 1688 3029 1733 ct
3072 1693 3292 1734 tamen
3341 1688 3394 1734 tu
3442 1695 3658 1751 quoque

543 1755 760 1848 χωρῶν,
777 1776 831 1830 αἳ
850 1749 1369 1848 πεπόρθηνται·περ“ι
1384 1749 1500 1838 σοῦ,
1526 1772 1699 1825 καίτοι
1731 1770 1986 1841 πλείστην

2095 1770 2319 1825 urbibus
2352 1780 2405 1826 ct
2455 1770 2764 1840 regionibus
2809 1769 3115 1833 esto,'talia
3145 1784 3175 1823 a
3202 1769 3383 1827 Persis
3409 1749 3657 1828 etilledis

411 1868 543 1937 ὅσην
573 1866 985 1939 ἐπιτηδειότητα
1013 1864 1273 1936 λαχοῦσα,
1304 1863 1462 1935 φησὶ,
1486 1862 1623 1935 πρός
1658 1877 1720 1930 γε
1745 1860 1805 1913 τὸ
1830 1860 1989 1914 δῦναι

415 1957 541 2012 σθαι
570 1958 894 2024 δυσαλώτως
922 1956 1068 2030 ἔχειν
1094 1974 1151 2011 τε
1191 1957 1287 2011 καὶ
1335 1957 1612 2026 ἀλήπτως.
1648 1971 1677 2005 1
1717 1954 1988 2026 ’Ἃρμοσαι

413 2050 631 2122 χορδήν·
664 2070 683 2103 ι
712 2049 1013 2115 τουτέστιν,
1071 2048 1193 2121 ’ῼδὴ
1228 2047 1323 2103 καὶ
1355 2046 1516 2118 μέλος
1550 2045 1645 2099 καὶ
1668 2043 1806 2115 αὐτὴ
1829 2040 1985 2111 γενοῦ

415 2139 602 2191 πόλεσι
629 2156 688 2192 τε
739 2139 833 2193 καὶ
880 2136 1107 2209 χώραις,
1139 2135 1387 2190 παθοῦσα
1404 2134 1635 2189 ⁴τοιαῦτα
1661 2134 1823 2205 παρὰ.
1846 2134 1987 2203 Περ-

416 2229 527 2283 σῶν
552 2229 647 2281 καὶ
691 2230 913 2299 Μήδων,
948 2230 1107 2282 όποῐα
1159 2225 1428 2298 δέδρακας
1456 2228 1535 2288 είς
1579 2223 1797 2295 ἐτέρους
1823 2224 1982 2293 αὐτή.

420 2335 441 2368 ι
488 2315 803 2385 Ἐτοίμασαι
844 2315 898 2369 δέ
932 2315 1123 2385 μερίδα
1180 2313 1359 2384 Ἀμών
1383 2329 1397 2343 ⁸
1435 2332 1456 2365 ι
1513 2312 1653 2366 ἔστω
1684 2327 1787 2378 σοι,
1823 2310 1982 2381 φησὶ,

416 2407 595 2478 μερὶς,
620 2406 714 2460 καὶ
745 2404 944 2480 κλῆρος
982 2408 1016 2475 ἡ
1049 2403 1249 2476 ’ᾼμὼψ
1281 2404 1318 2460 ἃ
1340 2404 1604 2476 δέδρακας
1650 2402 1737 2455 ἐπ’
1762 2401 1947 2473 ίκείνῃ
1967 2442 1982 2467 ,

412 2499 485 2553 τὰ
511 2497 650 2552 αὐτὰ
678 2498 770 2551 καὶ
798 2497 857 2549 σὲ
880 2496 1072 2550 παθεῖν
1091 2498 1408 2564 ἀναγκαῖον.
1430 2495 1540 2548 Καὶ
1562 2494 1615 2547 τί
1642 2488 1710 2564 ἦν
1726 2494 1760 2563 ἡ
1783 2492 1983 2563 ’Δμὼν,

415 2590 534 2660 ἦτοι
558 2586 887 2642 κατοικοῦσα
908 2588 965 2640 ὲν
996 2589 1258 2657 ποταμοῖς
1282 2603 1297 2654 ;
1346 2584 1654 2647 Τουτέστιν,
1684 2582 1986 2655 ήθαλάσσῃ

417 2679 513 2734 καὶ
539 2680 800 2749 ποταμοῖς
824 2674 884 2732 εὖ
915 2678 1060 2747 μάλα
1088 2678 1463 2749 τετειχισμένη
1484 2716 1498 2739 ,
1531 2678 1648 2745 ταῖς
1675 2672 1987 2744 Αἰγυπτίων

328 2752 337 2761 ’
414 2770 755 2841 ἐπικουρίαις
797 2771 893 2825 καὶ
950 2772 1063 2834 τοῖς
1108 2768 1397 2823 Αἰθιόπων.
1431 2766 1758 2837 τοξεύμασιν
1812 2768 1987 2820 ἐπαυ-

416 2863 653 2933 χήσασα,
683 2861 717 2933 ή
751 2860 850 2932 τὴν
903 2861 1011 2916 τῶν
1061 2860 1277 2916 Λιϐύων
1309 2860 1695 2931 άλκιμωτάτην
1751 2859 1989 2932 λαχοῦσα

418 2950 650 3023 πληθύν.
717 2952 879 3007 Ἀλλὰ
934 2954 1032 3007 καὶ
1079 2953 1252 3017 οὕτως
1280 2952 1475 3022 ἔχουσα
1523 2951 1725 3016 θέσεὼς
1776 2969 1839 3017 τε
1894 2953 1989 3008 καὶ

2094 1875 2370 1933 perpessa,
2401 1861 2581 1931 qualia
2609 1860 2728 1915 aliis
2754 1862 2867 1933 ipsa
2889 1859 3135 1917 intulisti.
3170 1879 3188 1913 ι
3222 1860 3469 1931 Praeparat
3492 1863 3655 1918 etiam

2092 1962 2301 2023 partem
2350 1953 2522 2007 Amon
2552 1969 2566 2006 :
2600 1970 2618 2002 ι
2652 1953 2760 2017 sit,
2816 1952 3029 2029 inquit,
3093 1952 3188 2006 tibi
3230 1967 3388 2023 pars,
3446 1961 3502 2007 et
3540 1966 3659 2009 sors

2092 2045 2300 2109 Amon;
2331 2058 2451 2113 qua:
2486 2042 2577 2110 illi.
2599 2042 2797 2110 fecisti,
2845 2043 3031 2098 eadem
3070 2052 3124 2098 te
3154 2043 3263 2113 pati
3295 2057 3515 2123 necesse
3550 2052 3658 2101 est.

2091 2136 2157 2190 Et
2187 2135 2314 2204 quid
2348 2146 2433 2189 est
2471 2135 2667 2200 Amon,
2702 2145 2794 2190 aut
2832 2135 2960 2203 quid
2990 2145 3077 2191 est
3109 2136 3361 2192 habitans
3390 2136 3445 2191 in
3482 2134 3663 2191 flumi-

2093 2225 2289 2279 nibus?
2318 2224 2430 2279 lloc
2457 2234 2559 2289 est,
2592 2240 2712 2295 quae
2740 2225 2876 2281 mari
2917 2235 2971 2280 et
3004 2225 3315 2282 ﬂuminibus
3337 2226 3661 2289 commodis-

2092 2314 2227 2370 sime
2268 2314 2513 2378 munita,
2572 2314 2947 2385 lanptiorum
3000 2317 3213 2371 auxiliis
3254 2329 3310 2372 et
3346 2317 3657 2390 Ethiopum

2093 2406 2329 2460 arcubus
2377 2404 2741 2475 gloriabatur,
2782 2419 2902 2474 quae
2950 2403 3215 2476 Libycam
3254 2406 3653 2463 multitudinem

2094 2496 2528 2551 robustissimam
2556 2497 2751 2551 sortita
2784 2495 2903 2553 fuit.
2923 2492 3035 2559 ,Sed
3063 2497 3310 2566 quamvis
3339 2498 3410 2553 ita
3436 2498 3659 2555 haberet

2095 2586 2224 2651 situ,
2253 2594 2308 2639 et
2340 2585 2545 2641 viribus
2569 2586 2917 2656 externisque
2954 2586 3191 2651 auxiliis,
3223 2585 3355 2663 abiit
3384 2585 3655 2642 nihilomi-

2091 2692 2192 2732 nus
2240 2677 2500 2732 servitum
2534 2677 2590 2733 in
2633 2676 2863 2734 alienam
2917 2677 3207 2746 regionem,
3245 2685 3300 2732 et
3334 2676 3402 2731 ad
3455 2685 3653 2733 terram

2092 2768 2326 2824 infantes
2371 2770 2487 2840 ejus
2533 2769 2674 2825 allisi
2714 2779 2857 2826 sunt.
2908 2770 3071 2843 519
3108 2769 3321 2829 Sortem
3370 2772 3655 2847 subierunt

2092 2858 2396 2930 conspicui,
2448 2868 2513 2914 et.
2541 2868 2722 2929 partes
2759 2860 3023 2917 victorum
3072 2869 3359 2917 evaserunt
3398 2861 3655 2929 illustres,

2094 2958 2149 3005 et
2174 2950 2340 3005 vincti
2392 2958 2516 3005 sunt
2571 2950 2819 3007 manicis.
2876 2950 3340 3020 Quemadmodum
3377 2952 3539 3025 igitur
3565 2969 3657 3011 ce-

420 3041 609 3114 ρὡης
634 3036 730 3098 καὶ
768 3044 863 3115 τῆς
908 3043 1107 3110 ἔξωθεν
1139 3044 1484 3113 ἐπικουρίας,
1517 3044 1601 3105 είς
1652 3042 1986 3113 μετοικεσίαν

2096 3040 2219 3111 pisti
2270 3040 2469 3106 Amon,
2506 3041 3000 3111 inexpugnabilem
3044 3046 3187 3114 quod
3243 3045 3309 3100 ad
3382 3045 3544 3101 situm
3604 3056 3658 3100 et

418 3104 777 3205 πεπόρευται,
806 3104 1026 3203 γέγονεν
1059 3104 1423 3204 αἰχμάλωτος,
1444 3104 1554 3183 Καὶ
1584 3104 1854 3201 ήδαφίσθη
1889 3131 1986 3201 μὲν

2092 3104 2288 3182 auxilia
2318 3104 2530 3196 attinet,
2562 3104 2705 3185 Deus
2728 3104 2873 3186 enim
2900 3142 3021 3187 erat
3057 3104 3151 3203 qui
3192 3136 3438 3192 tradebat
3463 3138 3655 3205 ipsam,
3733 3141 3741 3149 '

418 3225 591 3295 αὐτῆς
618 3224 686 3277 τὰ
704 3225 893 3294 νήπια·
929 3224 1198 3294 κληρωτοί
1228 3223 1283 3274 δὲ
1302 3222 1586 3289 γεγόνασιν
1610 3223 1661 3274 οἱ
1686 3220 1981 3290 διαφανεῖς,

418 3316 515 3369 καὶ
560 3313 774 3383 μερίδες
820 3312 927 3365 τῶν
975 3311 1335 3380 νενικηκότων
1394 3310 1442 3363 οἱ
1500 3309 1857 3380 ἐνδοξότεροι,
1892 3310 1987 3363 καὶ

359 3438 363 3441 -
418 3404 655 3459 δέδενται
689 3402 1051 3474 χειροπέδαις.
1089 3403 1298 3472 Ὥσπερ
1351 3398 1443 3455 οὖν
1495 3397 1637 3465 εἷλες
1667 3402 1766 3472 τὴν
1808 3400 1987 3473 Ἀμὼν

420 3494 724 3565 ἀπόρθητον
741 3488 928 3559 οὖσαν,
950 3495 1070 3547 ὅσον
1092 3494 1216 3563 ἥκει
1249 3496 1329 3556 εἰς
1363 3493 1677 3565 ἐπικουρίαν
1705 3492 1798 3549 καὶ
1818 3491 1984 3546 θέσιν·

2090 3222 2171 3275 sic
2201 3222 2318 3307 ipsa
2348 3236 2568 3291 quoque
2592 3222 2813 3277 omnino
2840 3223 2894 3277 in
2925 3237 3114 3278 manus
3140 3226 3378 3289 hostium
3400 3217 3654 3294 traderis,

2091 3312 2192 3367 etsi
2238 3323 2457 3382 propter
2496 3312 2892 3373 multitudinem
2935 3312 3277 3383 bellatorum,
3324 3325 3380 3373 ct
3430 3320 3652 3384 mmnia,

2094 3405 2297 3475 grande
2334 3406 2498 3462 habes
2535 3406 2903 3478 supercilium.
2936 3406 3047 3479 Ego
3075 3409 3217 3463 enim
3248 3408 3502 3465 adversor
3533 3410 3652 3474 tibi,

2095 3503 2149 3551 et
2175 3510 2399 3550 manum
2427 3512 2601 3551 meam
2636 3512 2797 3555 nemo
2828 3508 3035 3554 avertet
3058 3499 3124 3552 “.

421 3584 553 3649 Θεὸς
580 3586 689 3659 γὰρ
716 3582 784 3657 ἦν
816 3590 845 3641 ὁ
871 3586 1196 3658 παραδιδοὺς
1228 3589 1420 3658 αὐτὴν,
1451 3590 1544 3643 καὶ
1597 3591 1735 3661 αὑτὴ
1788 3588 1991 3662 ὖοθήσῃ
2029 3589 2244 3656 πάντως
2304 3591 2383 3657 εἰς
2443 3596 2632 3665 χεῖρας
2664 3596 2895 3666 ἐχθρῶν,
2920 3594 3024 3650 κᾶν
3056 3596 3104 3648 εἰ
3145 3595 3385 3667 μεγάλην
3413 3596 3542 3667 ἔχῃς
3560 3583 3656 3648 ἐπί

424 3695 483 3733 τε
530 3680 724 3752 πληθύῖ
776 3682 886 3736 τῶν
935 3672 1188 3754 μαχίμων
1249 3676 1344 3738 καὶ
1396 3684 1596 3755 τείχεσι
1648 3683 1748 3755 τὴν
1796 3684 1987 3755 ὀφρύν.

422 3776 597 3847 χεῖρα.
1698 3811 1703 3816 -

444 3926 447 3929 ι
494 3866 602 3920 Καὶ
640 3865 721 3919 σὺ
776 3867 1135 3935 μεθυσθήσῃ
1155 3905 1170 3932 ,
1218 3868 1319 3923 καὶ
1368 3869 1482 3939 ἔσῃ
1520 3869 1990 3940 ὑπερεωραμένη,

330 3944 333 3949 ’
424 3955 522 4010 καὶ
554 3953 633 4009 σὺ
664 3954 937 4023 ζητήσεις
972 3957 1203 4027 σεαυτῇ
1239 3948 1464 4015 στάσιν
1498 3960 1568 4024 ἐξ
1605 3958 1853 4029 ἐχθρῶν.

496 4050 618 4103 AB'.
662 4048 870 4117 Ὃνπερ
901 4050 1009 4120 γὰρ
1036 4050 1261 4121 τρόπον,
1295 4052 1480 4121 φησὶν,
1506 4052 1559 4122 ,ή
1618 4050 1798 4120 ’Δμὼν
1839 4068 1995 4105 τετα-

426 4138 763 4207 λαιπώρηκε,
790 4138 858 4191 τὰ
880 4140 944 4190 ἐκ
984 4139 1081 4207 τῆς
1120 4139 1221 4207 σῆς
1250 4140 1570 4210 ἀγριότητος
1600 4140 1726 4209 βέλη
1766 4140 1992 4206 ὑπενεγ-

424 4228 617 4293 κοῦσα,
664 4226 759 4278 xui.
797 4226 895 4288 τὰς
936 4228 1001 4278 ἐκ
1033 4226 1133 4295 τῆς
1171 4227 1360 4295 ἐφόδου
1395 4226 1699 4297 συμφορὰς,
1728 4228 1869 4281 οὕτω
1898 4226 1991 4278 καί

425 4317 563 4387 αὑτὴ
595 4316 1029 4378 σκοτοδινιάσεις,
1057 4316 1153 4369 καὶ
1174 4310 1286 4369 οἷον
1304 4317 1370 4369 ἐν
1392 4317 1527 4387 μέθῃ
1556 4317 1781 4386 γενήσῃ,
1805 4316 1991 4369 στάσιν

426 4408 530 4460 οὐκ
562 4407 778 4476 ἔχουσα,
823 4406 1087 4470 τουτέστι,
1124 4396 1545 4476 κατασειομένη,
1590 4406 1681 4461 καὶ
1722 4405 1994 4458 πίπτουσα

427 4498 557 4567 παρ’
579 4494 809 4567 ἐχθρῶν,
838 4496 931 4548 καὶ
955 4493 1055 4564 τῆς
1070 4493 1285 4549 ἀνωθεν
1314 4496 1604 4559 ἐποπτείας
1632 4495 1991 4569 ἐστερημένη.

428 4585 535 4647 0i);
562 4568 671 4657 γὰρ
695 4584 760 4639 ἂν
783 4584 1347 4648 ἐπισκέπτοιτοθεδς,
1370 4585 1510 4639 ἐλεεῖ
1532 4585 1596 4658 δὴ
1627 4568 1864 4651 πάντως,
1900 4579 1995 4640 καὶ

429 4678 488 4729 ἐν
517 4677 627 4738 τοῖς
655 4676 970 4755 κατ’“εὐχῂν
996 4675 1216 4730 ἑστάναι
1245 4677 1408 4731 ποιεῖ.

502 4843 851 4920 Μεμέθυσται
882 4851 949 4908 ’δὲ
995 4853 1184 4927 ὥσπερ
1211 4854 1306 4910 καὶ
1336 4857 1369 4926 ή
1394 4855 1677 4926 ’θεομάχος
1723 4855 1990 4926 Ἰερουσα-

432 4940 560 5009 λὴμ,
589 4940 651 4992 τὸ
692 4942 881 5011 νήφειν
910 4944 1010 4996 οὐκ
1030 4943 1249 5014 ἔχουσα,
1276 4944 1364 4997 διά
1380 4961 1463 4999 τοι
1497 4945 1560 4998 τὸ
1595 4945 1671 5014 μή
1705 4943 1990 5015 καταλάμ-

436 5027 629 5083 πεσθαι
648 5029 777 5099 θείῳ
800 5033 958 5099 φωτὶ,
986 5035 1123 5104 μήτε
1150 5035 1258 5106 μὴν
1276 5036 1487 5089 ἐπαῖειν
1511 5035 1715 5089 ἐθέλειν
1742 5032 1991 5103 λέγοντος

433 5118 527 5173 τοῦ
557 5118 810 5187 Χριστοῦο
843 5140 863 5173 ι
909 5122 1049 5191 Ἐγώ
1079 5127 1195 5195 είμι
1223 5126 1285 5179 τὸ
1312 5126 1427 5195 φῶς
1454 5125 1549 5181 τοῦ
1584 5127 1809 5197 κόσμου·
1847 5144 1867 5178 ι
1899 5125 1994 5179 καὶ

437 5210 615 5275 πάλιν,
671 5228 689 5261 ι
744 5211 889 5275 Ἕως
932 5216 993 5268 τὸ
1043 5216 1160 5285 φῶς
1204 5216 1376 5289 ἔχετε,
1428 5220 1777 5289 περιπατεῖτε
1826 5218 1885 5269 ἐν
1920 5216 1998 5288 τῷ

437 5300 596 5371 φωτὶ,
623 5301 709 5353 ἵνα
751 5302 827 5371 μὴ
862 5305 1048 5359 σκοτία
1074 5307 1230 5378 ,ὑμᾶς
1264 5307 1564 5380 καταλάϐῃ.
1607 5327 1628 5360 ι
1662 5306 1817 5377 Μέθη
1856 5308 1903 5361 δ’
1933 5308 1999 5361 ἂν

440 5394 627 5455 νοοῖτο,
661 5391 755 5443 καὶ
785 5391 973 5455 σκότος
1018 5396 1097 5458 εἰς
1142 5395 1287 5462 νοῦν,
1329 5398 1422 5452 καὶ
1446 5398 1541 5464 νὺξ
1588 5398 1666 5460 είς
1709 5397 1937 5467 καρδίαν
1964 5398 1999 5467 ἡ

437 5479 539 5551 τῆς
577 5480 1155 5550 ωμφορᾶμὰγνωσία,
1188 5486 1282 5539 καὶ
1310 5487 1373 5539 τὸ
1412 5486 1718 5558 μηδαμόθεν
1745 5486 2001 5542 δύνασθαι

2078 3685 2219 3754 Ἐγὼ
2260 3685 2369 3758 γὰρ
2412 3689 2503 3744 ἐπὶ
2532 3690 2611 3755 σέ,
2645 3689 2737 3743 καὶ
2800 3688 2900 3762 τὴν
2940 3688 3078 3762 ἐμήν
3119 3688 3291 3753 οὐδεὶς
3325 3688 3656 3760 ἀποστρέψει

2167 3865 2332 3921 Vens.
2364 3865 2453 3919 ll.
2494 3866 2561 3920 Et
2596 3878 2653 3920 tu
2695 3867 3053 3933 inebriaberis,
3097 3877 3150 3924 et
3182 3870 3287 3924 eris
3315 3870 3574 3941 despecta,
3608 3886 3655 3930 et

2092 3964 2149 4007 tu
2176 3971 2377 4022 quwres
2408 3957 2502 4008 tibi
2528 3959 2808 4012 stationem
2838 3974 2901 4012 ex
2929 3960 3173 4014 inimicis.

2167 4044 2381 4098 XXXII.
2446 4046 2764 4111 Quomodo
2813 4045 2991 4112 enim,
3026 4050 3216 4116 inquit,
3261 4050 3435 4106 Aman
3489 4053 3654 4110 armis

2103 4134 2397 4190 ferocitatis
2456 4146 2559 4189 tute
2604 4146 2658 4188 et
2705 4138 2981 4191 invasione
3028 4147 3117 4211 tua
3165 4139 3216 4191 in
3268 4154 3564 4198 erumnam
3599 4153 3656 4198 et

2095 4223 2432 4295 calamitates
2478 4213 2715 4289 conjecta
2770 4232 2888 4289 est,
2926 4225 3006 4279 sic
3052 4236 3107 4279 et
3157 4238 3212 4282 tu
3259 4230 3546 4297 teneberis,
3598 4244 3654 4292 et

2100 4313 2363 4382 vertigine
2392 4313 2726 4381 corripieris,
2756 4322 2811 4369 et
2841 4324 2897 4369 tu
2921 4317 3073 4383 quasi
3104 4317 3155 4371 in
3188 4317 3449 4376 ebrietate
3472 4336 3655 4378 versa-

2094 4404 2245 4469 bere,
2289 4418 2389 4459 nec
2419 4404 2645 4469 habebis
2670 4405 2760 4459 ubi
2790 4406 3076 4475 consistas,
3112 4409 3213 4465 hoc
3255 4418 3358 4478 est,
3382 4427 3653 4484 antiquas-

2090 4492 2304 4559 sabere,
2334 4503 2389 4549 et
2414 4507 2647 4563 superna
2670 4495 3025 4565 inspectione,
3056 4513 3119 4553 ac
3137 4500 3297 4555 tutela
3322 4503 3554 4573 privata,
3584 4506 3653 4560 ab

2089 4585 2335 4641 hostibus
2398 4588 2582 4642 cades.
2635 4585 2779 4652 Quos
2827 4591 2971 4643 enim
3035 4588 3174 4646 Deus
3240 4594 3531 4662 inspexerit
3588 4612 3652 4651 ac

2090 4674 2346 4745 visitarit,
2376 4692 2562 4733 eorum
2589 4678 2874 4734 miseretur
2906 4679 3084 4747 plane;
3121 4692 3175 4735 et
3201 4682 3253 4735 in
3286 4684 3350 4737 iis
3380 4699 3498 4754 qua:
3526 4687 3654 4756 ipsis

2095 4775 2277 4837 optata
2310 4778 2364 4820 et
2387 4766 2547 4822 chara
2578 4776 2723 4831 sunt,
2763 4768 3108 4823 stabilitatem
3142 4769 3388 4837 largitur.

2169 4854 2434 4911 lnebriata
2486 4869 2572 4912 est
2623 4874 2786 4927 porro
2833 4858 3014 4928 aliquo
3069 4859 3229 4913 modo
3269 4862 3433 4916 etiam
3486 4863 3651 4921 Deum

2093 4947 2371 5003 lacessens
2396 4946 2713 5015 Jerusalem,
2742 4950 3034 5004 sobrietate
3075 4950 3353 5018 destituta,
3384 4954 3509 5022 quia
3553 4957 3655 5022 sci-

2098 5038 2225 5094 licet
2255 5037 2438 5093 divino
2466 5037 2669 5094 lumine
2698 5013 2983 5094 iillustrata
3017 5053 3122 5094 non
3154 5038 3286 5106 fuit,
3471 5013 3655 5099 audire

2097 5127 2268 5183 voluit
2284 5127 2561 5184 Christum
2580 5130 2841 5184 dicentem
2864 5145 2879 5181 :
2910 5146 2929 5179 ι
2949 5128 3196 5198 Ego-sum
3216 5131 3305 5186 lux
3327 5133 3508 5188 mandi
3529 5134 3605 5200 “;
3627 5153 3649 5186 ι

2094 5229 2151 5274 et
2178 5234 2390 5275 rursum
2420 5237 2434 5273 :
2470 5238 2489 5271 σ
2519 5216 2803 5272 Ambulate
2832 5216 2955 5272 dum
2985 5218 3429 5290 ilucemhabetis,
3465 5230 3522 5275 ut
3550 5236 3655 5277 non

2097 5310 2331 5365 tenebras
2371 5323 2467 5363 vos
2514 5307 2972 5376 comprehendant
2988 5310 3052 5364 “.
3088 5329 3110 5362 ι
3154 5312 3403 5366 £brietas
3449 5318 3651 5377 autem,

2095 5412 2152 5456 et
2190 5401 2425 5457 tenebrae
2470 5398 2687 5463 mentis,
2735 5410 2792 5455 et
2831 5414 2938 5456 nox
2986 5400 3167 5458 cordis
3218 5399 3443 5470 intelligi
3474 5410 3655 5470 potest

2098 5491 2401 5558 ignorantia
2452 5488 2801 5557 calamitatis,
2853 5498 2909 5545 et
2930 5491 3067 5546 viam
3112 5491 3307 5548 salutis
3348 5493 3655 5563 perspicere

513 5650 557 5686 “
579 5652 682 5708 lsa.
707 5664 815 5720 xiv,
847 5648 937 5704 27.
1012 5650 1056 5681 “
1076 5649 1231 5706 Joan.
1265 5666 1381 5717 vm,
1424 5652 1526 5722 l2;
1560 5671 1634 5720 ix,
1666 5654 1717 5709 ὅ.
1799 5654 2016 5711 "Joan.
2052 5670 2150 5721 xu,
2187 5655 2277 5712 '55.
2306 5680 2313 5685 -
