  <div class='ocr_page' id='page_1' title='image "/cluster/home/n/w/nwhite01/storage/ocr_20150623/71/pst.000005712724/469.png"; bbox 0 0 4030 6318; ppageno 0'>
   <div class='ocr_carea' id='block_1_1' title="bbox 635 317 738 376">
    <p class='ocr_par' dir='ltr' id='par_1_1' title="bbox 635 317 738 376">
     <span class='ocr_line' id='line_1_1' title="bbox 635 317 738 376; baseline -0.029 0"><span class='ocrx_word' id='word_1_1' title='bbox 635 317 738 376; x_wconf 75' lang='lat'><strong>899</strong></span> 
     </span>
    </p>
   </div>
   <div class='ocr_carea' id='block_1_2' title="bbox 1609 301 2848 394">
    <p class='ocr_par' dir='ltr' id='par_1_2' title="bbox 1609 301 2848 394">
     <span class='ocr_line' id='line_1_2' title="bbox 1609 301 2848 394; baseline -0.01 -25"><span class='ocrx_word' id='word_1_2' title='bbox 1609 312 1668 369; x_wconf 87' lang='lat' dir='ltr'><strong>S.</strong></span> <span class='ocrx_word' id='word_1_3' title='bbox 1707 306 1978 371; x_wconf 72' lang='lat' dir='ltr'><strong>CYRILL!</strong></span> <span class='ocrx_word' id='word_1_4' title='bbox 2017 301 2482 394; x_wconf 50' lang='lat' dir='ltr'><strong>ALEXANDRIM</strong></span> <span class='ocrx_word' id='word_1_5' title='bbox 2519 302 2815 360; x_wconf 72' lang='grc' dir='ltr'>Αιιειιιει)</span> <span class='ocrx_word' id='word_1_6' title='bbox 2845 311 2848 314; x_wconf 80' lang='grc'><strong>’</strong></span> 
     </span>
    </p>
   </div>
   <div class='ocr_carea' id='block_1_3' title="bbox 3752 299 3872 356">
    <p class='ocr_par' dir='ltr' id='par_1_3' title="bbox 3752 299 3872 356">
     <span class='ocr_line' id='line_1_3' title="bbox 3752 299 3872 356; baseline 0 0"><span class='ocrx_word' id='word_1_7' title='bbox 3752 299 3872 356; x_wconf 71' lang='grc' dir='ltr'><strong>θθθ</strong></span> 
     </span>
    </p>
   </div>
   <div class='ocr_carea' id='block_1_4' title="bbox 633 417 2204 506">
    <p class='ocr_par' dir='ltr' id='par_1_4' title="bbox 633 423 2196 506">
     <span class='ocr_line' id='line_1_4' title="bbox 633 423 2196 506; baseline -0.007 -16"><span class='ocrx_word' id='word_1_8' title='bbox 633 433 814 490; x_wconf 84' lang='lat' dir='ltr'><strong>debat.</strong></span> <span class='ocrx_word' id='word_1_9' title='bbox 850 433 1040 491; x_wconf 79' lang='lat' dir='ltr'><strong>Postea</strong></span> <span class='ocrx_word' id='word_1_10' title='bbox 1067 433 1204 495; x_wconf 84' lang='lat' dir='ltr'><strong>duos</strong></span> <span class='ocrx_word' id='word_1_11' title='bbox 1249 429 1525 488; x_wconf 88' lang='lat' dir='ltr'><strong>cherubim</strong></span> <span class='ocrx_word' id='word_1_12' title='bbox 1551 430 1616 484; x_wconf 87' lang='lat' dir='ltr'><strong>ad</strong></span> <span class='ocrx_word' id='word_1_13' title='bbox 1662 429 2024 506; x_wconf 79' lang='lat' dir='ltr'><strong>dexteramet</strong></span> <span class='ocrx_word' id='word_1_14' title='bbox 2057 423 2196 480; x_wconf 84' lang='lat' dir='ltr'><strong>sini-</strong></span> 
     </span>
    </p>
   </div>
   <div class='ocr_carea' id='block_1_5' title="bbox 2306 417 3873 506">
    <p class='ocr_par' dir='ltr' id='par_1_5' title="bbox 2306 417 3873 497">
     <span class='ocr_line' id='line_1_5' title="bbox 2306 417 3873 497; baseline -0.004 -19"><span class='ocrx_word' id='word_1_15' title='bbox 2306 425 2493 497; x_wconf 78' lang='grc' dir='ltr'>ρουΰὶμ.</span> <span class='ocrx_word' id='word_1_16' title='bbox 2522 425 2601 487; x_wconf 83' lang='grc' dir='ltr'><strong>είς</strong></span> <span class='ocrx_word' id='word_1_17' title='bbox 2646 421 2818 489; x_wconf 69' lang='grc' dir='ltr'>δεξιόν</span> <span class='ocrx_word' id='word_1_18' title='bbox 2864 437 2924 474; x_wconf 79' lang='grc' dir='ltr'><strong>τε</strong></span> <span class='ocrx_word' id='word_1_19' title='bbox 2965 420 3058 476; x_wconf 76' lang='grc' dir='ltr'><strong>καὶ</strong></span> <span class='ocrx_word' id='word_1_20' title='bbox 3109 417 3385 490; x_wconf 77' lang='grc' dir='ltr'>εὐώνυμον</span> <span class='ocrx_word' id='word_1_21' title='bbox 3419 419 3484 475; x_wconf 75' lang='grc' dir='ltr'>ὲκ</span> <span class='ocrx_word' id='word_1_22' title='bbox 3521 418 3723 492; x_wconf 78' lang='grc' dir='ltr'><strong>χρυσοῦ</strong></span> <span class='ocrx_word' id='word_1_23' title='bbox 3764 435 3873 473; x_wconf 64' lang='lat' dir='ltr'><strong>ecs—</strong></span> 
     </span>
    </p>
   </div>
   <div class='ocr_carea' id='block_1_6' title="bbox 634 516 2197 591">
    <p class='ocr_par' dir='ltr' id='par_1_6' title="bbox 634 516 2197 591">
     <span class='ocr_line' id='line_1_6' title="bbox 634 516 2197 591; baseline -0.007 -9"><span class='ocrx_word' id='word_1_24' title='bbox 634 531 802 582; x_wconf 84' lang='lat' dir='ltr'><strong>stram</strong></span> <span class='ocrx_word' id='word_1_25' title='bbox 845 540 1064 591; x_wconf 86' lang='lat' dir='ltr'><strong>aureos,</strong></span> <span class='ocrx_word' id='word_1_26' title='bbox 1097 523 1265 582; x_wconf 78' lang='lat' dir='ltr'><strong>facies</strong></span> <span class='ocrx_word' id='word_1_27' title='bbox 1297 521 1403 576; x_wconf 87' lang='lat' dir='ltr'><strong>sibi</strong></span> <span class='ocrx_word' id='word_1_28' title='bbox 1432 521 1778 576; x_wconf 85' lang='lat' dir='ltr'><strong>obvertentes</strong></span> <span class='ocrx_word' id='word_1_29' title='bbox 1825 533 1988 588; x_wconf 84' lang='lat' dir='ltr'><strong>super</strong></span> <span class='ocrx_word' id='word_1_30' title='bbox 2017 516 2197 587; x_wconf 90' lang='lat' dir='ltr'><strong>propi-</strong></span> 
     </span>
    </p>
   </div>
   <div class='ocr_carea' id='block_1_7' title="bbox 636 610 2194 679">
    <p class='ocr_par' dir='ltr' id='par_1_7' title="bbox 636 610 2194 679">
     <span class='ocr_line' id='line_1_7' title="bbox 636 610 2194 679; baseline -0.005 -8"><span class='ocrx_word' id='word_1_31' title='bbox 636 616 852 673; x_wconf 88' lang='lat' dir='ltr'><strong>tiatorio</strong></span> <span class='ocrx_word' id='word_1_32' title='bbox 889 613 1258 676; x_wconf 70' lang='lat' dir='ltr'><strong>constituit&quot;.</strong></span> <span class='ocrx_word' id='word_1_33' title='bbox 1302 611 1411 668; x_wconf 77' lang='lat' dir='ltr'><strong>Res</strong></span> <span class='ocrx_word' id='word_1_34' title='bbox 1451 610 1689 667; x_wconf 85' lang='lat' dir='ltr'><strong>involuta</strong></span> <span class='ocrx_word' id='word_1_35' title='bbox 1743 618 1850 674; x_wconf 85' lang='lat' dir='ltr'><strong>est,</strong></span> <span class='ocrx_word' id='word_1_36' title='bbox 1900 619 1955 664; x_wconf 92' lang='lat' dir='ltr'><strong>et</strong></span> <span class='ocrx_word' id='word_1_37' title='bbox 1995 616 2194 679; x_wconf 80' lang='lat' dir='ltr'><strong>myste-</strong></span> 
     </span>
    </p>
   </div>
   <div class='ocr_carea' id='block_1_8' title="bbox 637 697 2195 773">
    <p class='ocr_par' dir='ltr' id='par_1_8' title="bbox 637 697 2195 773">
     <span class='ocr_line' id='line_1_8' title="bbox 637 697 2195 773; baseline -0.005 -13"><span class='ocrx_word' id='word_1_38' title='bbox 637 706 778 762; x_wconf 86' lang='lat' dir='ltr'><strong>rium</strong></span> <span class='ocrx_word' id='word_1_39' title='bbox 821 707 898 762; x_wconf 87' lang='lat' dir='ltr'><strong>rci</strong></span> <span class='ocrx_word' id='word_1_40' title='bbox 931 706 984 760; x_wconf 91' lang='lat' dir='ltr'><strong>in</strong></span> <span class='ocrx_word' id='word_1_41' title='bbox 1013 703 1232 760; x_wconf 89' lang='lat' dir='ltr'><strong>Christo</strong></span> <span class='ocrx_word' id='word_1_42' title='bbox 1255 709 1634 773; x_wconf 72' lang='lat' dir='ltr'><strong>perpetratum</strong></span> <span class='ocrx_word' id='word_1_43' title='bbox 1672 701 1933 756; x_wconf 82' lang='lat' dir='ltr'><strong>continet.</strong></span> <span class='ocrx_word' id='word_1_44' title='bbox 1962 697 2195 773; x_wconf 64' lang='lat' dir='ltr'><strong>Verbum</strong></span> 
     </span>
    </p>
   </div>
   <div class='ocr_carea' id='block_1_9' title="bbox 624 771 2201 862">
    <p class='ocr_par' dir='ltr' id='par_1_9' title="bbox 624 771 2201 862">
     <span class='ocr_line' id='line_1_9' title="bbox 624 771 2201 862; baseline -0.006 -11"><span class='ocrx_word' id='word_1_45' title='bbox 624 784 780 853; x_wconf 77' lang='lat' dir='ltr'><strong>enim</strong></span> <span class='ocrx_word' id='word_1_46' title='bbox 834 811 961 852; x_wconf 90' lang='lat' dir='ltr'><strong>caro</strong></span> <span class='ocrx_word' id='word_1_47' title='bbox 1022 795 1223 850; x_wconf 81' lang='lat' dir='ltr'><strong>factum</strong></span> <span class='ocrx_word' id='word_1_48' title='bbox 1268 771 1425 848; x_wconf 60' lang='lat' dir='ltr'><strong>esi&quot;</strong></span> <span class='ocrx_word' id='word_1_49' title='bbox 1453 832 1470 858; x_wconf 90' lang='lat'><strong>,</strong></span> <span class='ocrx_word' id='word_1_50' title='bbox 1511 793 1756 862; x_wconf 80' lang='lat' dir='ltr'><strong>quamvis</strong></span> <span class='ocrx_word' id='word_1_51' title='bbox 1798 791 1866 846; x_wconf 87' lang='lat' dir='ltr'><strong>sit</strong></span> <span class='ocrx_word' id='word_1_52' title='bbox 1923 772 2096 853; x_wconf 75' lang='lat' dir='ltr'><strong>Deus,</strong></span> <span class='ocrx_word' id='word_1_53' title='bbox 2146 795 2201 843; x_wconf 91' lang='lat' dir='ltr'><strong>et</strong></span> 
     </span>
    </p>
   </div>
   <div class='ocr_carea' id='block_1_10' title="bbox 635 879 2198 950">
    <p class='ocr_par' dir='ltr' id='par_1_10' title="bbox 635 879 2198 950">
     <span class='ocr_line' id='line_1_10' title="bbox 635 879 2198 950; baseline -0.009 -6"><span class='ocrx_word' id='word_1_54' title='bbox 635 887 894 944; x_wconf 82' lang='lat' dir='ltr'><strong>Dominus</strong></span> <span class='ocrx_word' id='word_1_55' title='bbox 928 886 1198 950; x_wconf 88' lang='lat' dir='ltr'><strong>omnium,</strong></span> <span class='ocrx_word' id='word_1_56' title='bbox 1246 894 1322 950; x_wconf 84' lang='lat' dir='ltr'><strong>ut,</strong></span> <span class='ocrx_word' id='word_1_57' title='bbox 1367 899 1431 938; x_wconf 78' lang='lat' dir='ltr'><strong>ex</strong></span> <span class='ocrx_word' id='word_1_58' title='bbox 1478 883 1608 949; x_wconf 91' lang='lat' dir='ltr'><strong>Deo,</strong></span> <span class='ocrx_word' id='word_1_59' title='bbox 1667 892 1720 938; x_wconf 89' lang='lat' dir='ltr'><strong>et</strong></span> <span class='ocrx_word' id='word_1_60' title='bbox 1763 881 1922 937; x_wconf 89' lang='lat' dir='ltr'><strong>Patre</strong></span> <span class='ocrx_word' id='word_1_61' title='bbox 1961 879 2198 936; x_wconf 89' lang='lat' dir='ltr'><strong>omnium</strong></span> 
     </span>
    </p>
   </div>
   <div class='ocr_carea' id='block_1_11' title="bbox 635 972 2196 1043">
    <p class='ocr_par' dir='ltr' id='par_1_11' title="bbox 635 972 2196 1043">
     <span class='ocr_line' id='line_1_11' title="bbox 635 972 2196 1043; baseline -0.009 -5"><span class='ocrx_word' id='word_1_62' title='bbox 635 977 929 1043; x_wconf 75' lang='lat' dir='ltr'><strong>exsistens,</strong></span> <span class='ocrx_word' id='word_1_63' title='bbox 969 985 1029 1031; x_wconf 88' lang='lat' dir='ltr'><strong>ut</strong></span> <span class='ocrx_word' id='word_1_64' title='bbox 1055 991 1123 1030; x_wconf 79' lang='lat' dir='ltr'><strong>ex</strong></span> <span class='ocrx_word' id='word_1_65' title='bbox 1153 975 1265 1030; x_wconf 87' lang='lat' dir='ltr'><strong>Deo</strong></span> <span class='ocrx_word' id='word_1_66' title='bbox 1301 985 1357 1030; x_wconf 93' lang='lat' dir='ltr'><strong>et</strong></span> <span class='ocrx_word' id='word_1_67' title='bbox 1376 973 1540 1030; x_wconf 86' lang='lat' dir='ltr'><strong>Patre</strong></span> <span class='ocrx_word' id='word_1_68' title='bbox 1573 972 1886 1028; x_wconf 81' lang='lat' dir='ltr'><strong>naturaliter</strong></span> <span class='ocrx_word' id='word_1_69' title='bbox 1913 985 2196 1042; x_wconf 78' lang='lat' dir='ltr'><strong>apparens.</strong></span> 
     </span>
    </p>
   </div>
   <div class='ocr_carea' id='block_1_12' title="bbox 520 1058 2202 1138">
    <p class='ocr_par' dir='ltr' id='par_1_12' title="bbox 520 1058 2202 1138">
     <span class='ocr_line' id='line_1_12' title="bbox 520 1058 2202 1138; baseline -0.009 -11"><span class='ocrx_word' id='word_1_70' title='bbox 520 1097 522 1099; x_wconf 51' lang='grc' dir='ltr'><strong>ν</strong></span> <span class='ocrx_word' id='word_1_71' title='bbox 637 1068 745 1126; x_wconf 89' lang='lat' dir='ltr'><strong>Sed</strong></span> <span class='ocrx_word' id='word_1_72' title='bbox 768 1065 1017 1138; x_wconf 82' lang='lat' dir='ltr'><strong>quamvis</strong></span> <span class='ocrx_word' id='word_1_73' title='bbox 1044 1064 1243 1121; x_wconf 84' lang='lat' dir='ltr'><strong>factum</strong></span> <span class='ocrx_word' id='word_1_74' title='bbox 1275 1064 1346 1120; x_wconf 87' lang='lat' dir='ltr'><strong>sit</strong></span> <span class='ocrx_word' id='word_1_75' title='bbox 1364 1079 1516 1128; x_wconf 86' lang='lat' dir='ltr'><strong>caro,</strong></span> <span class='ocrx_word' id='word_1_76' title='bbox 1548 1074 1602 1120; x_wconf 89' lang='lat' dir='ltr'><strong>et</strong></span> <span class='ocrx_word' id='word_1_77' title='bbox 1619 1064 1967 1117; x_wconf 85' lang='lat' dir='ltr'><strong>constitutum</strong></span> <span class='ocrx_word' id='word_1_78' title='bbox 1991 1075 2020 1114; x_wconf 89' lang='lat' dir='ltr'><strong>a</strong></span> <span class='ocrx_word' id='word_1_79' title='bbox 2042 1058 2202 1113; x_wconf 80' lang='lat' dir='ltr'><strong>Patre</strong></span> 
     </span>
    </p>
   </div>
   <div class='ocr_carea' id='block_1_13' title="bbox 636 1148 2202 1231">
    <p class='ocr_par' dir='ltr' id='par_1_13' title="bbox 636 1148 2202 1231">
     <span class='ocr_line' id='line_1_13' title="bbox 636 1148 2202 1231; baseline -0.01 -17"><span class='ocrx_word' id='word_1_80' title='bbox 636 1157 1102 1231; x_wconf 81' lang='lat' dir='ltr'><strong>prOpitiatorium,</strong></span> <span class='ocrx_word' id='word_1_81' title='bbox 1143 1169 1248 1210; x_wconf 92' lang='lat' dir='ltr'><strong>non</strong></span> <span class='ocrx_word' id='word_1_82' title='bbox 1293 1152 1494 1223; x_wconf 68' lang='lat' dir='ltr'><strong>abiecit</strong></span> <span class='ocrx_word' id='word_1_83' title='bbox 1525 1160 1706 1206; x_wconf 87' lang='lat' dir='ltr'><strong>tamen</strong></span> <span class='ocrx_word' id='word_1_84' title='bbox 1742 1148 1883 1228; x_wconf 81' lang='lat' dir='ltr'><strong>quod</strong></span> <span class='ocrx_word' id='word_1_85' title='bbox 1919 1156 2056 1215; x_wconf 87' lang='lat' dir='ltr'><strong>erat,</strong></span> <span class='ocrx_word' id='word_1_86' title='bbox 2103 1149 2202 1200; x_wconf 82' lang='lat' dir='ltr'><strong>hoc</strong></span> 
     </span>
    </p>
   </div>
   <div class='ocr_carea' id='block_1_14' title="bbox 636 1235 2202 1313">
    <p class='ocr_par' dir='ltr' id='par_1_14' title="bbox 636 1235 2202 1313">
     <span class='ocr_line' id='line_1_14' title="bbox 636 1235 2202 1313; baseline -0.011 -8"><span class='ocrx_word' id='word_1_87' title='bbox 636 1257 742 1313; x_wconf 87' lang='lat' dir='ltr'><strong>est,</strong></span> <span class='ocrx_word' id='word_1_88' title='bbox 775 1247 1056 1310; x_wconf 84' lang='lat' dir='ltr'><strong>deitatem,</strong></span> <span class='ocrx_word' id='word_1_89' title='bbox 1093 1245 1188 1300; x_wconf 89' lang='lat' dir='ltr'><strong>sed</strong></span> <span class='ocrx_word' id='word_1_90' title='bbox 1225 1243 1389 1299; x_wconf 85' lang='lat' dir='ltr'><strong>etiam</strong></span> <span class='ocrx_word' id='word_1_91' title='bbox 1433 1241 1512 1296; x_wconf 85' lang='lat' dir='ltr'><strong>sic</strong></span> <span class='ocrx_word' id='word_1_92' title='bbox 1536 1247 1875 1311; x_wconf 86' lang='lat' dir='ltr'><strong>potestatem,</strong></span> <span class='ocrx_word' id='word_1_93' title='bbox 1906 1246 1961 1293; x_wconf 87' lang='lat' dir='ltr'><strong>et</strong></span> <span class='ocrx_word' id='word_1_94' title='bbox 1981 1235 2202 1306; x_wconf 76' lang='lat' dir='ltr'><strong>gloriam</strong></span> 
     </span>
    </p>
   </div>
   <div class='ocr_carea' id='block_1_15' title="bbox 639 1329 2204 1408">
    <p class='ocr_par' dir='ltr' id='par_1_15' title="bbox 639 1329 2204 1408">
     <span class='ocr_line' id='line_1_15' title="bbox 639 1329 2204 1408; baseline -0.01 -12"><span class='ocrx_word' id='word_1_95' title='bbox 639 1339 751 1396; x_wconf 87' lang='lat' dir='ltr'><strong>Deo</strong></span> <span class='ocrx_word' id='word_1_96' title='bbox 777 1337 1190 1394; x_wconf 73' lang='lat' dir='ltr'><strong>convenientem</strong></span> <span class='ocrx_word' id='word_1_97' title='bbox 1238 1333 1424 1398; x_wconf 80' lang='lat' dir='ltr'><strong>habet,</strong></span> <span class='ocrx_word' id='word_1_98' title='bbox 1469 1341 1525 1388; x_wconf 91' lang='lat' dir='ltr'><strong>et</strong></span> <span class='ocrx_word' id='word_1_99' title='bbox 1570 1329 1916 1408; x_wconf 65' lang='lat' dir='ltr'><strong>nihilominus</strong></span> <span class='ocrx_word' id='word_1_100' title='bbox 1955 1342 2078 1383; x_wconf 92' lang='lat' dir='ltr'><strong>eum</strong></span> <span class='ocrx_word' id='word_1_101' title='bbox 2111 1340 2204 1381; x_wconf 81' lang='lat' dir='ltr'><strong>su-</strong></span> 
     </span>
    </p>
   </div>
   <div class='ocr_carea' id='block_1_16' title="bbox 639 1415 2205 1499">
    <p class='ocr_par' dir='ltr' id='par_1_16' title="bbox 639 1415 2205 1499">
     <span class='ocr_line' id='line_1_16' title="bbox 639 1415 2205 1499; baseline -0.01 -12"><span class='ocrx_word' id='word_1_102' title='bbox 639 1443 827 1499; x_wconf 85' lang='lat' dir='ltr'><strong>pernae</strong></span> <span class='ocrx_word' id='word_1_103' title='bbox 858 1427 1086 1482; x_wconf 82' lang='lat' dir='ltr'><strong>virtutes</strong></span> <span class='ocrx_word' id='word_1_104' title='bbox 1121 1415 1503 1490; x_wconf 77' lang='lat' dir='ltr'><strong>circumstant,</strong></span> <span class='ocrx_word' id='word_1_105' title='bbox 1543 1420 1854 1494; x_wconf 64' lang='lat' dir='ltr'><strong>praescripta</strong></span> <span class='ocrx_word' id='word_1_106' title='bbox 1889 1418 1994 1474; x_wconf 82' lang='lat' dir='ltr'><strong>sibi</strong></span> <span class='ocrx_word' id='word_1_107' title='bbox 2036 1415 2205 1473; x_wconf 81' lang='lat' dir='ltr'><strong>cilicia</strong></span> 
     </span>
    </p>
   </div>
   <div class='ocr_carea' id='block_1_17' title="bbox 638 1510 2206 1591">
    <p class='ocr_par' dir='ltr' id='par_1_17' title="bbox 638 1510 2206 1591">
     <span class='ocr_line' id='line_1_17' title="bbox 638 1510 2206 1591; baseline -0.008 -18"><span class='ocrx_word' id='word_1_108' title='bbox 638 1527 979 1591; x_wconf 80' lang='lat' dir='ltr'><strong>peragentes.</strong></span> <span class='ocrx_word' id='word_1_109' title='bbox 1000 1516 1210 1571; x_wconf 83' lang='lat' dir='ltr'><strong>idcirco</strong></span> <span class='ocrx_word' id='word_1_110' title='bbox 1232 1513 1510 1570; x_wconf 84' lang='lat' dir='ltr'><strong>cherubim</strong></span> <span class='ocrx_word' id='word_1_111' title='bbox 1547 1510 1976 1583; x_wconf 85' lang='lat' dir='ltr'><strong>propitiatorium</strong></span> <span class='ocrx_word' id='word_1_112' title='bbox 2002 1513 2206 1578; x_wconf 81' lang='lat' dir='ltr'><strong>tegunt,</strong></span> 
     </span>
    </p>
   </div>
   <div class='ocr_carea' id='block_1_18' title="bbox 640 1600 2208 1680">
    <p class='ocr_par' dir='ltr' id='par_1_18' title="bbox 640 1600 2208 1680">
     <span class='ocr_line' id='line_1_18' title="bbox 640 1600 2208 1680; baseline -0.008 -15"><span class='ocrx_word' id='word_1_113' title='bbox 640 1619 693 1665; x_wconf 88' lang='lat' dir='ltr'><strong>et</strong></span> <span class='ocrx_word' id='word_1_114' title='bbox 714 1611 886 1680; x_wconf 89' lang='lat' dir='ltr'><strong>ipsum</strong></span> <span class='ocrx_word' id='word_1_115' title='bbox 907 1605 1283 1663; x_wconf 85' lang='lat' dir='ltr'><strong>assiduissime</strong></span> <span class='ocrx_word' id='word_1_116' title='bbox 1309 1605 1610 1661; x_wconf 86' lang='lat' dir='ltr'><strong>intuentur.</strong></span> <span class='ocrx_word' id='word_1_117' title='bbox 1639 1601 1828 1658; x_wconf 81' lang='lat' dir='ltr'><strong>Solent</strong></span> <span class='ocrx_word' id='word_1_118' title='bbox 1851 1600 1998 1656; x_wconf 85' lang='lat' dir='ltr'><strong>enim</strong></span> <span class='ocrx_word' id='word_1_119' title='bbox 2021 1613 2208 1667; x_wconf 82' lang='lat' dir='ltr'><strong>super-</strong></span> 
     </span>
    </p>
   </div>
   <div class='ocr_carea' id='block_1_19' title="bbox 643 1688 2208 1771">
    <p class='ocr_par' dir='ltr' id='par_1_19' title="bbox 643 1688 2208 1771">
     <span class='ocr_line' id='line_1_19' title="bbox 643 1688 2208 1771; baseline -0.008 -17"><span class='ocrx_word' id='word_1_120' title='bbox 643 1714 727 1755; x_wconf 66' lang='lat' dir='ltr'><strong>nae</strong></span> <span class='ocrx_word' id='word_1_121' title='bbox 755 1699 1000 1762; x_wconf 79' lang='lat' dir='ltr'><strong>virtutes,</strong></span> <span class='ocrx_word' id='word_1_122' title='bbox 1031 1705 1090 1751; x_wconf 91' lang='lat' dir='ltr'><strong>ut</strong></span> <span class='ocrx_word' id='word_1_123' title='bbox 1115 1703 1318 1751; x_wconf 70' lang='lat' dir='ltr'><strong>sancta:</strong></span> <span class='ocrx_word' id='word_1_124' title='bbox 1347 1703 1402 1750; x_wconf 91' lang='lat' dir='ltr'><strong>et</strong></span> <span class='ocrx_word' id='word_1_125' title='bbox 1425 1690 1750 1771; x_wconf 69' lang='lat' dir='ltr'><strong>purissimae,</strong></span> <span class='ocrx_word' id='word_1_126' title='bbox 1770 1689 1954 1747; x_wconf 87' lang='lat' dir='ltr'><strong>divina</strong></span> <span class='ocrx_word' id='word_1_127' title='bbox 1983 1689 2100 1746; x_wconf 77' lang='lat' dir='ltr'><strong>sine</strong></span> <span class='ocrx_word' id='word_1_128' title='bbox 2127 1688 2208 1742; x_wconf 78' lang='lat' dir='ltr'><strong>in-</strong></span> 
     </span>
    </p>
   </div>
   <div class='ocr_carea' id='block_1_20' title="bbox 2299 507 3895 586">
    <p class='ocr_par' dir='ltr' id='par_1_20' title="bbox 2299 507 3895 586">
     <span class='ocr_line' id='line_1_20' title="bbox 2299 507 3895 586; baseline -0.004 -17"><span class='ocrx_word' id='word_1_129' title='bbox 2299 515 2567 586; x_wconf 75' lang='grc' dir='ltr'>ποιημένα</span> <span class='ocrx_word' id='word_1_130' title='bbox 2603 510 2973 583; x_wconf 79' lang='grc' dir='ltr'><strong>περιειστήκει</strong></span> <span class='ocrx_word' id='word_1_131' title='bbox 3014 509 3076 562; x_wconf 79' lang='grc' dir='ltr'>τὸ</span> <span class='ocrx_word' id='word_1_132' title='bbox 3123 507 3452 580; x_wconf 70' lang='grc' dir='ltr'><strong>ἱλαστήριον,</strong></span> <span class='ocrx_word' id='word_1_133' title='bbox 3497 509 3566 563; x_wconf 79' lang='grc' dir='ltr'>τὰ</span> <span class='ocrx_word' id='word_1_134' title='bbox 3597 509 3895 581; x_wconf 79' lang='grc' dir='ltr'>πρόσωπα-</span> 
     </span>
    </p>
   </div>
   <div class='ocr_carea' id='block_1_21' title="bbox 2302 598 3871 678">
    <p class='ocr_par' dir='ltr' id='par_1_21' title="bbox 2302 598 3871 678">
     <span class='ocr_line' id='line_1_21' title="bbox 2302 598 3871 678; baseline -0.005 -18"><span class='ocrx_word' id='word_1_135' title='bbox 2302 606 2437 678; x_wconf 82' lang='grc' dir='ltr'>πρὸς</span> <span class='ocrx_word' id='word_1_136' title='bbox 2460 606 2591 659; x_wconf 77' lang='grc' dir='ltr'>αὐτὸ</span> <span class='ocrx_word' id='word_1_137' title='bbox 2623 603 2981 658; x_wconf 79' lang='grc' dir='ltr'><strong>συντείνοντα.</strong></span> <span class='ocrx_word' id='word_1_138' title='bbox 3009 601 3246 670; x_wconf 80' lang='grc' dir='ltr'>Δῐνιγμα</span> <span class='ocrx_word' id='word_1_139' title='bbox 3274 599 3333 652; x_wconf 79' lang='grc' dir='ltr'><strong>δὲ</strong></span> <span class='ocrx_word' id='word_1_140' title='bbox 3359 598 3422 653; x_wconf 75' lang='grc' dir='ltr'><strong>τὸ</strong></span> <span class='ocrx_word' id='word_1_141' title='bbox 3447 600 3634 670; x_wconf 84' lang='grc' dir='ltr'>χρῆμα</span> <span class='ocrx_word' id='word_1_142' title='bbox 3675 601 3871 661; x_wconf 72' lang='grc' dir='ltr'>πέοιν.</span> 
     </span>
    </p>
   </div>
   <div class='ocr_carea' id='block_1_22' title="bbox 2305 682 3877 770">
    <p class='ocr_par' dir='ltr' id='par_1_22' title="bbox 2305 682 3877 770">
     <span class='ocr_line' id='line_1_22' title="bbox 2305 682 3877 770; baseline -0.006 -19"><span class='ocrx_word' id='word_1_143' title='bbox 2305 699 2600 770; x_wconf 81' lang='grc' dir='ltr'>μυστήριον</span> <span class='ocrx_word' id='word_1_144' title='bbox 2654 694 2748 749; x_wconf 83' lang='grc' dir='ltr'>τοῦ</span> <span class='ocrx_word' id='word_1_145' title='bbox 2802 692 2945 749; x_wconf 83' lang='grc' dir='ltr'>κατὰ</span> <span class='ocrx_word' id='word_1_146' title='bbox 2987 691 3240 763; x_wconf 80' lang='grc' dir='ltr'>Χριστόν;</span> <span class='ocrx_word' id='word_1_147' title='bbox 3284 682 3489 758; x_wconf 63' lang='grc' dir='ltr'>Τέγονε</span> <span class='ocrx_word' id='word_1_148' title='bbox 3547 690 3643 761; x_wconf 80' lang='grc' dir='ltr'><strong>μὲν</strong></span> <span class='ocrx_word' id='word_1_149' title='bbox 3678 691 3787 762; x_wconf 83' lang='grc' dir='ltr'><strong>γὰρ</strong></span> <span class='ocrx_word' id='word_1_150' title='bbox 3842 690 3877 742; x_wconf 81' lang='grc' dir='ltr'><strong>ὁ</strong></span> 
     </span>
    </p>
   </div>
   <div class='ocr_carea' id='block_1_23' title="bbox 2302 782 3878 860">
    <p class='ocr_par' dir='ltr' id='par_1_23' title="bbox 2302 782 3878 860">
     <span class='ocr_line' id='line_1_23' title="bbox 2302 782 3878 860; baseline -0.006 -16"><span class='ocrx_word' id='word_1_151' title='bbox 2302 790 2472 860; x_wconf 81' lang='grc' dir='ltr'><strong>Λόγος</strong></span> <span class='ocrx_word' id='word_1_152' title='bbox 2528 788 2683 859; x_wconf 80' lang='grc' dir='ltr'>σὰρξ,</span> <span class='ocrx_word' id='word_1_153' title='bbox 2745 791 2920 842; x_wconf 83' lang='grc' dir='ltr'>καίτοι</span> <span class='ocrx_word' id='word_1_154' title='bbox 2971 786 3101 847; x_wconf 83' lang='grc' dir='ltr'>Θεὸς</span> <span class='ocrx_word' id='word_1_155' title='bbox 3152 783 3248 840; x_wconf 70' lang='grc' dir='ltr'><strong>καὶ</strong></span> <span class='ocrx_word' id='word_1_156' title='bbox 3315 783 3518 854; x_wconf 79' lang='grc' dir='ltr'>Κύριος</span> <span class='ocrx_word' id='word_1_157' title='bbox 3562 783 3670 837; x_wconf 84' lang='grc' dir='ltr'>τῶν</span> <span class='ocrx_word' id='word_1_158' title='bbox 3725 782 3878 836; x_wconf 77' lang='grc' dir='ltr'>ὅλων</span> 
     </span>
    </p>
   </div>
   <div class='ocr_carea' id='block_1_24' title="bbox 2305 873 3877 955">
    <p class='ocr_par' dir='ltr' id='par_1_24' title="bbox 2305 873 3877 955">
     <span class='ocr_line' id='line_1_24' title="bbox 2305 873 3877 955; baseline -0.006 -19"><span class='ocrx_word' id='word_1_159' title='bbox 2305 883 2581 955; x_wconf 80' lang='grc' dir='ltr'><strong>ὑπάρχων,</strong></span> <span class='ocrx_word' id='word_1_160' title='bbox 2635 881 2709 945; x_wconf 84' lang='grc' dir='ltr'>ὡς</span> <span class='ocrx_word' id='word_1_161' title='bbox 2753 883 2818 936; x_wconf 78' lang='grc' dir='ltr'>ἐκ</span> <span class='ocrx_word' id='word_1_162' title='bbox 2853 879 2988 934; x_wconf 87' lang='grc' dir='ltr'><strong>Θεοῦ</strong></span> <span class='ocrx_word' id='word_1_163' title='bbox 3039 881 3133 936; x_wconf 83' lang='grc' dir='ltr'><strong>καί</strong></span> <span class='ocrx_word' id='word_1_164' title='bbox 3175 880 3384 952; x_wconf 82' lang='grc' dir='ltr'>Πατρὸς</span> <span class='ocrx_word' id='word_1_165' title='bbox 3421 876 3677 948; x_wconf 71' lang='grc' dir='ltr'>ἰ’-..εφηνὼς</span> <span class='ocrx_word' id='word_1_166' title='bbox 3720 873 3877 930; x_wconf 71' lang='grc' dir='ltr'>κατὰ</span> 
     </span>
    </p>
   </div>
   <div class='ocr_carea' id='block_1_25' title="bbox 2305 962 3877 1044">
    <p class='ocr_par' dir='ltr' id='par_1_25' title="bbox 2305 962 3877 1044">
     <span class='ocr_line' id='line_1_25' title="bbox 2305 962 3877 1044; baseline -0.006 -18"><span class='ocrx_word' id='word_1_167' title='bbox 2305 973 2487 1044; x_wconf 80' lang='grc' dir='ltr'>φύσιν.</span> <span class='ocrx_word' id='word_1_168' title='bbox 2532 972 2669 1026; x_wconf 86' lang='grc' dir='ltr'>Ἀλλ’</span> <span class='ocrx_word' id='word_1_169' title='bbox 2693 973 2742 1025; x_wconf 86' lang='grc' dir='ltr'><strong>εί</strong></span> <span class='ocrx_word' id='word_1_170' title='bbox 2769 971 2865 1026; x_wconf 72' lang='grc' dir='ltr'><strong>καὶ</strong></span> <span class='ocrx_word' id='word_1_171' title='bbox 2895 971 3086 1040; x_wconf 84' lang='grc' dir='ltr'>γέγονε</span> <span class='ocrx_word' id='word_1_172' title='bbox 3121 970 3278 1044; x_wconf 78' lang='grc' dir='ltr'>σὰρξ,</span> <span class='ocrx_word' id='word_1_173' title='bbox 3322 968 3416 1024; x_wconf 70' lang='grc' dir='ltr'>καὶ</span> <span class='ocrx_word' id='word_1_174' title='bbox 3447 962 3682 1022; x_wconf 78' lang='grc' dir='ltr'><strong>τέθειται</strong></span> <span class='ocrx_word' id='word_1_175' title='bbox 3713 964 3877 1035; x_wconf 77' lang='grc' dir='ltr'>παρὰ</span> 
     </span>
    </p>
   </div>
   <div class='ocr_carea' id='block_1_26' title="bbox 2303 1049 3900 1135">
    <p class='ocr_par' dir='ltr' id='par_1_26' title="bbox 2303 1049 3900 1135">
     <span class='ocr_line' id='line_1_26' title="bbox 2303 1049 3900 1135; baseline -0.006 -17"><span class='ocrx_word' id='word_1_176' title='bbox 2303 1064 2399 1118; x_wconf 80' lang='grc' dir='ltr'>τοῦ</span> <span class='ocrx_word' id='word_1_177' title='bbox 2432 1064 2646 1135; x_wconf 82' lang='grc' dir='ltr'>Πατρδς</span> <span class='ocrx_word' id='word_1_178' title='bbox 2693 1063 3024 1134; x_wconf 84' lang='grc' dir='ltr'>ἱλαστήριον,</span> <span class='ocrx_word' id='word_1_179' title='bbox 3061 1062 3160 1116; x_wconf 77' lang='grc' dir='ltr'><strong>οὐκ</strong></span> <span class='ocrx_word' id='word_1_180' title='bbox 3199 1059 3569 1130; x_wconf 75' lang='grc' dir='ltr'>ἀποϐέϐληκεν</span> <span class='ocrx_word' id='word_1_181' title='bbox 3601 1057 3733 1128; x_wconf 79' lang='grc' dir='ltr'>ὅπερ</span> <span class='ocrx_word' id='word_1_182' title='bbox 3773 1049 3900 1127; x_wconf 76' lang='grc' dir='ltr'>ἦν,’</span> 
     </span>
    </p>
   </div>
   <div class='ocr_carea' id='block_1_27' title="bbox 2305 1144 3879 1217">
    <p class='ocr_par' dir='ltr' id='par_1_27' title="bbox 2305 1144 3879 1217">
     <span class='ocr_line' id='line_1_27' title="bbox 2305 1144 3879 1217; baseline -0.008 -11"><span class='ocrx_word' id='word_1_183' title='bbox 2305 1153 2568 1217; x_wconf 79' lang='grc' dir='ltr'>τουτέστι,</span> <span class='ocrx_word' id='word_1_184' title='bbox 2616 1153 2677 1206; x_wconf 82' lang='grc' dir='ltr'><strong>τὸ</strong></span> <span class='ocrx_word' id='word_1_185' title='bbox 2720 1149 2858 1205; x_wconf 75' lang='grc' dir='ltr'>εἶναι</span> <span class='ocrx_word' id='word_1_186' title='bbox 2907 1151 3067 1214; x_wconf 78' lang='grc' dir='ltr'>Θεός”</span> <span class='ocrx_word' id='word_1_187' title='bbox 3122 1149 3235 1204; x_wconf 82' lang='grc' dir='ltr'>ἀλλ’</span> <span class='ocrx_word' id='word_1_188' title='bbox 3290 1149 3404 1203; x_wconf 82' lang='grc' dir='ltr'>ἐστι</span> <span class='ocrx_word' id='word_1_189' title='bbox 3451 1147 3547 1202; x_wconf 76' lang='grc' dir='ltr'>καὶ</span> <span class='ocrx_word' id='word_1_190' title='bbox 3585 1144 3757 1208; x_wconf 78' lang='grc' dir='ltr'>οὕτως</span> <span class='ocrx_word' id='word_1_191' title='bbox 3813 1146 3879 1196; x_wconf 78' lang='grc' dir='ltr'>ὲν</span> 
     </span>
    </p>
   </div>
   <div class='ocr_carea' id='block_1_28' title="bbox 2307 1235 3876 1316">
    <p class='ocr_par' dir='ltr' id='par_1_28' title="bbox 2307 1235 3876 1316">
     <span class='ocr_line' id='line_1_28' title="bbox 2307 1235 3876 1316; baseline -0.006 -18"><span class='ocrx_word' id='word_1_192' title='bbox 2307 1243 2525 1316; x_wconf 73' lang='grc' dir='ltr'>ἐξουσίᾳ</span> <span class='ocrx_word' id='word_1_193' title='bbox 2583 1244 2679 1299; x_wconf 69' lang='grc' dir='ltr'><strong>καὶ</strong></span> <span class='ocrx_word' id='word_1_194' title='bbox 2704 1243 2833 1315; x_wconf 78' lang='grc' dir='ltr'>δόξῃ</span> <span class='ocrx_word' id='word_1_195' title='bbox 2874 1245 2939 1314; x_wconf 81' lang='grc' dir='ltr'>τῇ</span> <span class='ocrx_word' id='word_1_196' title='bbox 2997 1242 3309 1314; x_wconf 81' lang='grc' dir='ltr'>θεοπρεπεῖ,</span> <span class='ocrx_word' id='word_1_197' title='bbox 3358 1240 3453 1295; x_wconf 76' lang='grc' dir='ltr'><strong>καὶ</strong></span> <span class='ocrx_word' id='word_1_198' title='bbox 3498 1238 3656 1293; x_wconf 83' lang='grc' dir='ltr'>πάλιν</span> <span class='ocrx_word' id='word_1_199' title='bbox 3704 1235 3876 1290; x_wconf 66' lang='grc' dir='ltr'>αὑτὸν</span> 
     </span>
    </p>
   </div>
   <div class='ocr_carea' id='block_1_29' title="bbox 2310 1331 3879 1406">
    <p class='ocr_par' dir='ltr' id='par_1_29' title="bbox 2310 1331 3879 1406">
     <span class='ocr_line' id='line_1_29' title="bbox 2310 1331 3879 1406; baseline -0.006 -16"><span class='ocrx_word' id='word_1_200' title='bbox 2310 1337 2655 1406; x_wconf 69' lang='grc' dir='ltr'>περιεστᾶσιν</span> <span class='ocrx_word' id='word_1_201' title='bbox 2704 1337 2758 1388; x_wconf 85' lang='grc' dir='ltr'><strong>αί</strong></span> <span class='ocrx_word' id='word_1_202' title='bbox 2796 1336 2909 1391; x_wconf 83' lang='grc' dir='ltr'>ἄνω</span> <span class='ocrx_word' id='word_1_203' title='bbox 2959 1334 3234 1406; x_wconf 80' lang='grc' dir='ltr'>δυνάμεις,</span> <span class='ocrx_word' id='word_1_204' title='bbox 3292 1332 3394 1398; x_wconf 85' lang='grc' dir='ltr'><strong>τὰς</strong></span> <span class='ocrx_word' id='word_1_205' title='bbox 3452 1331 3638 1392; x_wconf 83' lang='grc' dir='ltr'>αὐταῖς</span> <span class='ocrx_word' id='word_1_206' title='bbox 3683 1343 3879 1382; x_wconf 85' lang='grc' dir='ltr'>συντε-</span> 
     </span>
    </p>
   </div>
   <div class='ocr_carea' id='block_1_30' title="bbox 2309 1417 3883 1497">
    <p class='ocr_par' dir='ltr' id='par_1_30' title="bbox 2309 1417 3883 1497">
     <span class='ocr_line' id='line_1_30' title="bbox 2309 1417 3883 1497; baseline -0.006 -16"><span class='ocrx_word' id='word_1_207' title='bbox 2309 1429 2585 1497; x_wconf 76' lang='grc' dir='ltr'>ταγμένας</span> <span class='ocrx_word' id='word_1_208' title='bbox 2640 1427 3098 1496; x_wconf 81' lang='grc' dir='ltr'>ὰποπεραίνουσαι</span> <span class='ocrx_word' id='word_1_209' title='bbox 3154 1425 3510 1496; x_wconf 67' lang='grc' dir='ltr'>λειτουργίας.</span> <span class='ocrx_word' id='word_1_210' title='bbox 3570 1419 3751 1492; x_wconf 78' lang='grc' dir='ltr'>Ταύτῃ</span> <span class='ocrx_word' id='word_1_211' title='bbox 3805 1417 3883 1471; x_wconf 73' lang='grc' dir='ltr'>τὰ</span> 
     </span>
    </p>
   </div>
   <div class='ocr_carea' id='block_1_31' title="bbox 2305 1508 3880 1592">
    <p class='ocr_par' dir='ltr' id='par_1_31' title="bbox 2305 1508 3880 1592">
     <span class='ocr_line' id='line_1_31' title="bbox 2305 1508 3880 1592; baseline -0.009 -16"><span class='ocrx_word' id='word_1_212' title='bbox 2305 1521 2588 1592; x_wconf 70' lang='grc' dir='ltr'>Χερουϐὶμ</span> <span class='ocrx_word' id='word_1_213' title='bbox 2624 1521 2942 1590; x_wconf 77' lang='grc' dir='ltr'>περιεστᾶσι</span> <span class='ocrx_word' id='word_1_214' title='bbox 2970 1518 3032 1573; x_wconf 76' lang='grc' dir='ltr'>τδ</span> <span class='ocrx_word' id='word_1_215' title='bbox 3062 1518 3391 1589; x_wconf 75' lang='grc' dir='ltr'>ἱλαστήριον,</span> <span class='ocrx_word' id='word_1_216' title='bbox 3433 1514 3528 1569; x_wconf 74' lang='grc' dir='ltr'><strong>καὶ</strong></span> <span class='ocrx_word' id='word_1_217' title='bbox 3562 1512 3694 1585; x_wconf 76' lang='grc' dir='ltr'>πρὸς</span> <span class='ocrx_word' id='word_1_218' title='bbox 3739 1508 3880 1565; x_wconf 80' lang='grc' dir='ltr'>αὐτὸ</span> 
     </span>
    </p>
   </div>
   <div class='ocr_carea' id='block_1_32' title="bbox 2313 1604 3878 1684">
    <p class='ocr_par' dir='ltr' id='par_1_32' title="bbox 2313 1604 3878 1684">
     <span class='ocr_line' id='line_1_32' title="bbox 2313 1604 3878 1684; baseline -0.009 -17"><span class='ocrx_word' id='word_1_219' title='bbox 2313 1613 2568 1684; x_wconf 78' lang='grc' dir='ltr'>βλέπουσι</span> <span class='ocrx_word' id='word_1_220' title='bbox 2599 1611 2910 1675; x_wconf 82' lang='grc' dir='ltr'>διαπαντός.</span> <span class='ocrx_word' id='word_1_221' title='bbox 2940 1609 3102 1673; x_wconf 83' lang='grc' dir='ltr'>Ἐθος</span> <span class='ocrx_word' id='word_1_222' title='bbox 3140 1611 3246 1680; x_wconf 83' lang='grc' dir='ltr'>γὰρ</span> <span class='ocrx_word' id='word_1_223' title='bbox 3282 1609 3404 1670; x_wconf 82' lang='grc' dir='ltr'>ταῖς</span> <span class='ocrx_word' id='word_1_224' title='bbox 3422 1604 3878 1674; x_wconf 76' lang='grc' dir='ltr'>ἀνω-δυνάμεσιν,</span> 
     </span>
    </p>
   </div>
   <div class='ocr_carea' id='block_1_33' title="bbox 2315 1691 3880 1783">
    <p class='ocr_par' dir='ltr' id='par_1_33' title="bbox 2315 1691 3880 1783">
     <span class='ocr_line' id='line_1_33' title="bbox 2315 1691 3880 1783; baseline -0.01 -25"><span class='ocrx_word' id='word_1_225' title='bbox 2315 1704 2494 1773; x_wconf 80' lang='grc' dir='ltr'>ἁγίαις</span> <span class='ocrx_word' id='word_1_226' title='bbox 2540 1701 2727 1765; x_wconf 76' lang='grc' dir='ltr'>οὔσαις</span> <span class='ocrx_word' id='word_1_227' title='bbox 2771 1702 2864 1755; x_wconf 77' lang='grc' dir='ltr'><strong>καὶ</strong></span> <span class='ocrx_word' id='word_1_228' title='bbox 2917 1700 3232 1783; x_wconf 81' lang='grc' dir='ltr'>πανάγνοις,</span> <span class='ocrx_word' id='word_1_229' title='bbox 3269 1699 3355 1783; x_wconf 67' lang='grc' dir='ltr'>αεὶ</span> <span class='ocrx_word' id='word_1_230' title='bbox 3399 1691 3880 1751; x_wconf 75' lang='grc' dir='ltr'>κατασκέπτεσθαι</span> 
     </span>
    </p>
   </div>
   <div class='ocr_carea' id='block_1_34' title="bbox 644 1776 3882 1859">
    <p class='ocr_par' dir='ltr' id='par_1_34' title="bbox 644 1776 3882 1859">
     <span class='ocr_line' id='line_1_34' title="bbox 644 1776 3882 1859; baseline -0.008 3"><span class='ocrx_word' id='word_1_231' title='bbox 644 1787 986 1846; x_wconf 67' lang='grc' dir='ltr'><strong>ίθτηιίδδίοηθ</strong></span> <span class='ocrx_word' id='word_1_232' title='bbox 1015 1784 1391 1856; x_wconf 63' lang='grc' dir='ltr'><strong>θοηιθηιβιδΐίθ</strong></span> <span class='ocrx_word' id='word_1_233' title='bbox 1414 1792 1469 1838; x_wconf 67' lang='grc' dir='ltr'><strong>ει</strong></span> <span class='ocrx_word' id='word_1_234' title='bbox 1487 1783 1653 1837; x_wconf 72' lang='lat' dir='ltr'><strong>Dem“</strong></span> <span class='ocrx_word' id='word_1_235' title='bbox 1679 1780 1965 1846; x_wconf 67' lang='grc' dir='ltr'><strong>Ῐηῑυθΐῖνθῑ</strong></span> <span class='ocrx_word' id='word_1_236' title='bbox 1977 1776 2208 1848; x_wconf 73' lang='lat' dir='ltr'><strong>quaeipsi</strong></span> <span class='ocrx_word' id='word_1_237' title='bbox 2240 1784 2282 1838; x_wconf 82' lang='grc' dir='ltr'><strong>Β</strong></span> <span class='ocrx_word' id='word_1_238' title='bbox 2305 1795 2374 1848; x_wconf 81' lang='grc' dir='ltr'>τὰ</span> <span class='ocrx_word' id='word_1_239' title='bbox 2399 1794 2494 1846; x_wconf 80' lang='grc' dir='ltr'>τοῦ</span> <span class='ocrx_word' id='word_1_240' title='bbox 2528 1793 2688 1858; x_wconf 75' lang='grc' dir='ltr'>Θεοῦ,</span> <span class='ocrx_word' id='word_1_241' title='bbox 2713 1793 2806 1844; x_wconf 73' lang='grc' dir='ltr'><strong>καὶ</strong></span> <span class='ocrx_word' id='word_1_242' title='bbox 2835 1792 2917 1855; x_wconf 83' lang='grc' dir='ltr'><strong>είς</strong></span> <span class='ocrx_word' id='word_1_243' title='bbox 2940 1791 3101 1843; x_wconf 79' lang='grc' dir='ltr'>αὑτὸν</span> <span class='ocrx_word' id='word_1_244' title='bbox 3138 1776 3372 1859; x_wconf 75' lang='grc' dir='ltr'>βλέπειν,</span> <span class='ocrx_word' id='word_1_245' title='bbox 3397 1788 3493 1842; x_wconf 74' lang='grc' dir='ltr'>καὶ</span> <span class='ocrx_word' id='word_1_246' title='bbox 3521 1788 3601 1850; x_wconf 83' lang='grc' dir='ltr'><strong>είς</strong></span> <span class='ocrx_word' id='word_1_247' title='bbox 3626 1786 3696 1839; x_wconf 84' lang='grc' dir='ltr'>τὰ</span> <span class='ocrx_word' id='word_1_248' title='bbox 3725 1781 3882 1853; x_wconf 80' lang='grc' dir='ltr'><strong>αὐτῷ</strong></span> 
     </span>
    </p>
   </div>
   <div class='ocr_carea' id='block_1_35' title="bbox 643 1866 2204 1950">
    <p class='ocr_par' dir='ltr' id='par_1_35' title="bbox 643 1866 2204 1950">
     <span class='ocr_line' id='line_1_35' title="bbox 643 1866 2204 1950; baseline -0.008 -18"><span class='ocrx_word' id='word_1_249' title='bbox 643 1879 838 1950; x_wconf 87' lang='lat' dir='ltr'><strong>placita</strong></span> <span class='ocrx_word' id='word_1_250' title='bbox 871 1866 1198 1945; x_wconf 85' lang='lat' dir='ltr'><strong>acceptaque</strong></span> <span class='ocrx_word' id='word_1_251' title='bbox 1227 1881 1374 1936; x_wconf 87' lang='lat' dir='ltr'><strong>sunt,</strong></span> <span class='ocrx_word' id='word_1_252' title='bbox 1400 1872 1469 1926; x_wconf 87' lang='lat' dir='ltr'><strong>ad</strong></span> <span class='ocrx_word' id='word_1_253' title='bbox 1507 1883 1571 1924; x_wconf 85' lang='lat' dir='ltr'><strong>ea</strong></span> <span class='ocrx_word' id='word_1_254' title='bbox 1604 1883 1663 1925; x_wconf 85' lang='lat' dir='ltr'><strong>se</strong></span> <span class='ocrx_word' id='word_1_255' title='bbox 1689 1867 2035 1924; x_wconf 86' lang='lat' dir='ltr'><strong>commodare</strong></span> <span class='ocrx_word' id='word_1_256' title='bbox 2061 1880 2204 1920; x_wconf 90' lang='lat' dir='ltr'><strong>sem-</strong></span> 
     </span>
    </p>
   </div>
   <div class='ocr_carea' id='block_1_36' title="bbox 643 1955 2243 2049">
    <p class='ocr_par' dir='ltr' id='par_1_36' title="bbox 643 1955 2243 2049">
     <span class='ocr_line' id='line_1_36' title="bbox 643 1955 2243 2049; baseline -0.011 -25"><span class='ocrx_word' id='word_1_257' title='bbox 643 1983 761 2038; x_wconf 85' lang='lat' dir='ltr'><strong>per.</strong></span> <span class='ocrx_word' id='word_1_258' title='bbox 798 1966 952 2037; x_wconf 81' lang='lat'><strong>551</strong></span> <span class='ocrx_word' id='word_1_259' title='bbox 978 1957 1338 2033; x_wconf 79' lang='lat' dir='ltr'><strong>Cognosceris</strong></span> <span class='ocrx_word' id='word_1_260' title='bbox 1377 1960 1562 2032; x_wconf 78' lang='lat' dir='ltr'><strong>igitur,</strong></span> <span class='ocrx_word' id='word_1_261' title='bbox 1605 1957 1816 2027; x_wconf 88' lang='lat' dir='ltr'><strong>inquit,</strong></span> <span class='ocrx_word' id='word_1_262' title='bbox 1866 1970 1899 2012; x_wconf 88' lang='grc' dir='ltr'><strong>ο</strong></span> <span class='ocrx_word' id='word_1_263' title='bbox 1944 1955 2202 2020; x_wconf 87' lang='lat' dir='ltr'><strong>Domine,</strong></span> <span class='ocrx_word' id='word_1_264' title='bbox 2236 2040 2243 2049; x_wconf 33' lang='grc' dir='ltr'><strong>Ι</strong></span> 
     </span>
    </p>
   </div>
   <div class='ocr_carea' id='block_1_37' title="bbox 646 2046 2204 2126">
    <p class='ocr_par' dir='ltr' id='par_1_37' title="bbox 646 2046 2204 2126">
     <span class='ocr_line' id='line_1_37' title="bbox 646 2046 2204 2126; baseline -0.007 -16"><span class='ocrx_word' id='word_1_265' title='bbox 646 2057 768 2126; x_wconf 85' lang='lat' dir='ltr'><strong>quis</strong></span> <span class='ocrx_word' id='word_1_266' title='bbox 794 2056 938 2122; x_wconf 84' lang='lat' dir='ltr'><strong>eris,</strong></span> <span class='ocrx_word' id='word_1_267' title='bbox 967 2061 1214 2108; x_wconf 84' lang='lat' dir='ltr'><strong>nostrum</strong></span> <span class='ocrx_word' id='word_1_268' title='bbox 1253 2049 1446 2107; x_wconf 82' lang='lat' dir='ltr'><strong>similis</strong></span> <span class='ocrx_word' id='word_1_269' title='bbox 1476 2050 1690 2104; x_wconf 85' lang='lat' dir='ltr'><strong>tactus:</strong></span> <span class='ocrx_word' id='word_1_270' title='bbox 1721 2059 1910 2116; x_wconf 83' lang='lat' dir='ltr'><strong>nempe</strong></span> <span class='ocrx_word' id='word_1_271' title='bbox 1945 2046 2204 2116; x_wconf 85' lang='lat' dir='ltr'><strong>propitia-</strong></span> 
     </span>
    </p>
   </div>
   <div class='ocr_carea' id='block_1_38' title="bbox 635 2138 2206 2223">
    <p class='ocr_par' dir='ltr' id='par_1_38' title="bbox 635 2138 2206 2223">
     <span class='ocr_line' id='line_1_38' title="bbox 635 2138 2206 2223; baseline -0.005 -21"><span class='ocrx_word' id='word_1_272' title='bbox 635 2146 870 2211; x_wconf 44' lang='lat' dir='ltr'><strong>,torium,</strong></span> <span class='ocrx_word' id='word_1_273' title='bbox 897 2153 954 2200; x_wconf 94' lang='lat' dir='ltr'><strong>ut</strong></span> <span class='ocrx_word' id='word_1_274' title='bbox 979 2160 1045 2200; x_wconf 81' lang='lat' dir='ltr'><strong>cx</strong></span> <span class='ocrx_word' id='word_1_275' title='bbox 1070 2142 1446 2223; x_wconf 79' lang='lat' dir='ltr'><strong>paradigmate</strong></span> <span class='ocrx_word' id='word_1_276' title='bbox 1488 2154 1584 2196; x_wconf 89' lang='lat' dir='ltr'><strong>seu</strong></span> <span class='ocrx_word' id='word_1_277' title='bbox 1613 2138 1906 2208; x_wconf 77' lang='lat' dir='ltr'><strong>exemplari</strong></span> <span class='ocrx_word' id='word_1_278' title='bbox 1932 2140 1984 2194; x_wconf 89' lang='lat' dir='ltr'><strong>in</strong></span> <span class='ocrx_word' id='word_1_279' title='bbox 2020 2148 2206 2194; x_wconf 82' lang='lat' dir='ltr'><strong>sancto</strong></span> 
     </span>
    </p>
   </div>
   <div class='ocr_carea' id='block_1_39' title="bbox 651 2229 2204 2308">
    <p class='ocr_par' dir='ltr' id='par_1_39' title="bbox 651 2229 2204 2308">
     <span class='ocr_line' id='line_1_39' title="bbox 651 2229 2204 2308; baseline -0.006 -15"><span class='ocrx_word' id='word_1_280' title='bbox 651 2237 1000 2294; x_wconf 86' lang='lat' dir='ltr'><strong>tabernaculo</strong></span> <span class='ocrx_word' id='word_1_281' title='bbox 1052 2237 1339 2308; x_wconf 85' lang='lat' dir='ltr'><strong>perspicue</strong></span> <span class='ocrx_word' id='word_1_282' title='bbox 1387 2233 1744 2305; x_wconf 80' lang='lat' dir='ltr'><strong>cognosceris.</strong></span> <span class='ocrx_word' id='word_1_283' title='bbox 1799 2229 1922 2286; x_wconf 84' lang='lat' dir='ltr'><strong>Stas</strong></span> <span class='ocrx_word' id='word_1_284' title='bbox 1967 2230 2112 2285; x_wconf 86' lang='lat' dir='ltr'><strong>enim</strong></span> <span class='ocrx_word' id='word_1_285' title='bbox 2153 2231 2204 2284; x_wconf 90' lang='lat' dir='ltr'><strong>in</strong></span> 
     </span>
    </p>
   </div>
   <div class='ocr_carea' id='block_1_40' title="bbox 648 2319 2209 2398">
    <p class='ocr_par' dir='ltr' id='par_1_40' title="bbox 648 2319 2209 2398">
     <span class='ocr_line' id='line_1_40' title="bbox 648 2319 2209 2398; baseline -0.008 -14"><span class='ocrx_word' id='word_1_286' title='bbox 648 2330 826 2384; x_wconf 88' lang='lat' dir='ltr'><strong>medio</strong></span> <span class='ocrx_word' id='word_1_287' title='bbox 868 2327 1097 2383; x_wconf 85' lang='lat' dir='ltr'><strong>duorum</strong></span> <span class='ocrx_word' id='word_1_288' title='bbox 1142 2325 1489 2398; x_wconf 84' lang='lat' dir='ltr'><strong>animalium,</strong></span> <span class='ocrx_word' id='word_1_289' title='bbox 1530 2324 1636 2380; x_wconf 81' lang='lat' dir='ltr'><strong>hoc‘</strong></span> <span class='ocrx_word' id='word_1_290' title='bbox 1663 2333 1778 2388; x_wconf 75' lang='lat' dir='ltr'><strong>eat,</strong></span> <span class='ocrx_word' id='word_1_291' title='bbox 1823 2319 2122 2383; x_wconf 83' lang='lat' dir='ltr'><strong>cherubim,</strong></span> <span class='ocrx_word' id='word_1_292' title='bbox 2153 2328 2209 2373; x_wconf 88' lang='lat' dir='ltr'><strong>et</strong></span> 
     </span>
    </p>
   </div>
   <div class='ocr_carea' id='block_1_41' title="bbox 649 2402 2206 2492">
    <p class='ocr_par' dir='ltr' id='par_1_41' title="bbox 649 2402 2206 2492">
     <span class='ocr_line' id='line_1_41' title="bbox 649 2402 2206 2492; baseline -0.008 -16"><span class='ocrx_word' id='word_1_293' title='bbox 649 2436 842 2476; x_wconf 84' lang='lat' dir='ltr'><strong>nomen</strong></span> <span class='ocrx_word' id='word_1_294' title='bbox 885 2421 1006 2485; x_wconf 91' lang='lat' dir='ltr'><strong>tibi,</strong></span> <span class='ocrx_word' id='word_1_295' title='bbox 1067 2419 1521 2492; x_wconf 84' lang='lat' dir='ltr'><strong>propitiatorium,</strong></span> <span class='ocrx_word' id='word_1_296' title='bbox 1574 2427 1630 2472; x_wconf 88' lang='lat' dir='ltr'><strong>et</strong></span> <span class='ocrx_word' id='word_1_297' title='bbox 1681 2402 1840 2471; x_wconf 86' lang='lat' dir='ltr'><strong>verus</strong></span> <span class='ocrx_word' id='word_1_298' title='bbox 1884 2423 1965 2468; x_wconf 86' lang='lat' dir='ltr'><strong>est</strong></span> <span class='ocrx_word' id='word_1_299' title='bbox 2005 2426 2206 2468; x_wconf 88' lang='lat' dir='ltr'><strong>sermo.</strong></span> 
     </span>
    </p>
   </div>
   <div class='ocr_carea' id='block_1_42' title="bbox 651 2493 2206 2582">
    <p class='ocr_par' dir='ltr' id='par_1_42' title="bbox 651 2493 2206 2582">
     <span class='ocr_line' id='line_1_42' title="bbox 651 2493 2206 2582; baseline -0.008 -15"><span class='ocrx_word' id='word_1_300' title='bbox 651 2513 805 2574; x_wconf 72' lang='lat' dir='ltr'><strong>Nam,</strong></span> <span class='ocrx_word' id='word_1_301' title='bbox 829 2523 890 2566; x_wconf 89' lang='lat' dir='ltr'><strong>ut</strong></span> <span class='ocrx_word' id='word_1_302' title='bbox 921 2515 1034 2582; x_wconf 86' lang='lat' dir='ltr'><strong>ipse</strong></span> <span class='ocrx_word' id='word_1_303' title='bbox 1057 2493 1430 2574; x_wconf 45' lang='lat' dir='ltr'><strong>Cltristus‘ait,</strong></span> <span class='ocrx_word' id='word_1_304' title='bbox 1459 2527 1478 2560; x_wconf 81' lang='grc' dir='ltr'><strong>ι</strong></span> <span class='ocrx_word' id='word_1_305' title='bbox 1507 2507 1627 2575; x_wconf 85' lang='lat' dir='ltr'><strong>Non</strong></span> <span class='ocrx_word' id='word_1_306' title='bbox 1655 2505 1803 2560; x_wconf 88' lang='lat' dir='ltr'><strong>misit</strong></span> <span class='ocrx_word' id='word_1_307' title='bbox 1831 2502 1988 2558; x_wconf 86' lang='lat' dir='ltr'><strong>Pater</strong></span> <span class='ocrx_word' id='word_1_308' title='bbox 2013 2501 2206 2557; x_wconf 87' lang='lat' dir='ltr'><strong>Filium</strong></span> 
     </span>
    </p>
   </div>
   <div class='ocr_carea' id='block_1_43' title="bbox 650 2593 2210 2670">
    <p class='ocr_par' dir='ltr' id='par_1_43' title="bbox 650 2593 2210 2670">
     <span class='ocr_line' id='line_1_43' title="bbox 650 2593 2210 2670; baseline -0.006 -16"><span class='ocrx_word' id='word_1_309' title='bbox 650 2599 1015 2670; x_wconf 60' lang='lat' dir='ltr'><strong>immundum,</strong></span> <span class='ocrx_word' id='word_1_310' title='bbox 1050 2610 1108 2662; x_wconf 82' lang='lat' dir='ltr'><strong>ut</strong></span> <span class='ocrx_word' id='word_1_311' title='bbox 1144 2598 1352 2667; x_wconf 76' lang='lat' dir='ltr'><strong>iudicet</strong></span> <span class='ocrx_word' id='word_1_312' title='bbox 1398 2597 1675 2658; x_wconf 84' lang='lat' dir='ltr'><strong>mundum,</strong></span> <span class='ocrx_word' id='word_1_313' title='bbox 1733 2595 1828 2650; x_wconf 82' lang='lat' dir='ltr'><strong>sed</strong></span> <span class='ocrx_word' id='word_1_314' title='bbox 1874 2601 1937 2662; x_wconf 85' lang='lat' dir='ltr'><strong>ut</strong></span> <span class='ocrx_word' id='word_1_315' title='bbox 1973 2593 2210 2647; x_wconf 84' lang='lat' dir='ltr'><strong>salvetur</strong></span> 
     </span>
    </p>
   </div>
   <div class='ocr_carea' id='block_1_44' title="bbox 587 2687 1350 2760">
    <p class='ocr_par' dir='ltr' id='par_1_44' title="bbox 587 2687 1350 2760">
     <span class='ocr_line' id='line_1_44' title="bbox 587 2687 1350 2760; baseline -0.007 -15"><span class='ocrx_word' id='word_1_316' title='bbox 587 2714 589 2716; x_wconf 90' lang='grc'>·</span> <span class='ocrx_word' id='word_1_317' title='bbox 648 2688 880 2745; x_wconf 87' lang='lat' dir='ltr'><strong>mundus</strong></span> <span class='ocrx_word' id='word_1_318' title='bbox 904 2703 999 2760; x_wconf 86' lang='lat' dir='ltr'><strong>per</strong></span> <span class='ocrx_word' id='word_1_319' title='bbox 1032 2689 1206 2758; x_wconf 89' lang='lat' dir='ltr'><strong>ipsum</strong></span> <span class='ocrx_word' id='word_1_320' title='bbox 1231 2687 1300 2741; x_wconf 73' lang='grc' dir='ltr'><strong>³ο.</strong></span> <span class='ocrx_word' id='word_1_321' title='bbox 1331 2706 1350 2740; x_wconf 76' lang='grc' dir='ltr'><strong>ι</strong></span> 
     </span>
    </p>
   </div>
   <div class='ocr_carea' id='block_1_45' title="bbox 716 2813 2211 2892">
    <p class='ocr_par' dir='ltr' id='par_1_45' title="bbox 716 2813 2211 2892">
     <span class='ocr_line' id='line_1_45' title="bbox 716 2813 2211 2892; baseline -0.007 -14"><span class='ocrx_word' id='word_1_322' title='bbox 716 2821 850 2878; x_wconf 86' lang='lat' dir='ltr'><strong>Cum</strong></span> <span class='ocrx_word' id='word_1_323' title='bbox 895 2819 1439 2892; x_wconf 56' lang='lat' dir='ltr'><strong>appropinquarerim</strong></span> <span class='ocrx_word' id='word_1_324' title='bbox 1473 2818 1642 2884; x_wconf 81' lang='lat' dir='ltr'><strong>anni,</strong></span> <span class='ocrx_word' id='word_1_325' title='bbox 1687 2813 2211 2887; x_wconf 63' lang='lat' dir='ltr'><strong>cognosceria.=Cum</strong></span> 
     </span>
    </p>
   </div>
   <div class='ocr_carea' id='block_1_46' title="bbox 647 2902 1600 2979">
    <p class='ocr_par' dir='ltr' id='par_1_46' title="bbox 647 2902 1600 2979">
     <span class='ocr_line' id='line_1_46' title="bbox 647 2902 1600 2979; baseline -0.004 -13"><span class='ocrx_word' id='word_1_326' title='bbox 647 2911 816 2966; x_wconf 72' lang='lat' dir='ltr'><strong>aderit</strong></span> <span class='ocrx_word' id='word_1_327' title='bbox 860 2921 1092 2979; x_wconf 74' lang='lat' dir='ltr'><strong>tempus,</strong></span> <span class='ocrx_word' id='word_1_328' title='bbox 1141 2902 1600 2967; x_wconf 70' lang='lat' dir='ltr'><strong>demonstraberia.</strong></span> 
     </span>
    </p>
   </div>
   <div class='ocr_carea' id='block_1_47' title="bbox 704 3036 2207 3110">
    <p class='ocr_par' dir='ltr' id='par_1_47' title="bbox 704 3036 2207 3110">
     <span class='ocr_line' id='line_1_47' title="bbox 704 3036 2207 3110; baseline -0.003 -14"><span class='ocrx_word' id='word_1_329' title='bbox 704 3038 958 3096; x_wconf 70' lang='lat' dir='ltr'><strong>XXXVI.</strong></span> <span class='ocrx_word' id='word_1_330' title='bbox 1005 3037 1320 3110; x_wconf 76' lang='lat' dir='ltr'><strong>Mysterium</strong></span> <span class='ocrx_word' id='word_1_331' title='bbox 1362 3036 1564 3094; x_wconf 86' lang='lat' dir='ltr'><strong>Christi</strong></span> <span class='ocrx_word' id='word_1_332' title='bbox 1607 3037 1692 3092; x_wconf 76' lang='lat' dir='ltr'><strong>lex</strong></span> <span class='ocrx_word' id='word_1_333' title='bbox 1735 3036 2018 3092; x_wconf 80' lang='lat' dir='ltr'><strong>vaticinata</strong></span> <span class='ocrx_word' id='word_1_334' title='bbox 2065 3047 2148 3090; x_wconf 81' lang='lat' dir='ltr'><strong>est</strong></span> <span class='ocrx_word' id='word_1_335' title='bbox 2193 3053 2207 3092; x_wconf 92' lang='lat'><strong>:</strong></span> 
     </span>
    </p>
   </div>
   <div class='ocr_carea' id='block_1_48' title="bbox 2306 1864 3882 1948">
    <p class='ocr_par' dir='ltr' id='par_1_48' title="bbox 2306 1864 3882 1948">
     <span class='ocr_line' id='line_1_48' title="bbox 2306 1864 3882 1948; baseline -0.005 -16"><span class='ocrx_word' id='word_1_336' title='bbox 2306 1879 2564 1932; x_wconf 80' lang='grc' dir='ltr'>δοκοῦντα</span> <span class='ocrx_word' id='word_1_337' title='bbox 2592 1864 2684 1932; x_wconf 74' lang='grc' dir='ltr'>καὶ</span> <span class='ocrx_word' id='word_1_338' title='bbox 2721 1877 2851 1946; x_wconf 80' lang='grc' dir='ltr'>φίλα</span> <span class='ocrx_word' id='word_1_339' title='bbox 2897 1875 3195 1948; x_wconf 79' lang='grc' dir='ltr'>τετράφθαι</span> <span class='ocrx_word' id='word_1_340' title='bbox 3224 1874 3543 1938; x_wconf 83' lang='grc' dir='ltr'>διαπαντός.-</span> <span class='ocrx_word' id='word_1_341' title='bbox 3577 1871 3882 1943; x_wconf 79' lang='grc' dir='ltr'>Γνωσθήσῃ</span> 
     </span>
    </p>
   </div>
   <div class='ocr_carea' id='block_1_49' title="bbox 2306 1961 3884 2040">
    <p class='ocr_par' dir='ltr' id='par_1_49' title="bbox 2306 1961 3884 2040">
     <span class='ocr_line' id='line_1_49' title="bbox 2306 1961 3884 2040; baseline -0.004 -17"><span class='ocrx_word' id='word_1_342' title='bbox 2306 1971 2371 2040; x_wconf 80' lang='grc' dir='ltr'><strong>δὴ</strong></span> <span class='ocrx_word' id='word_1_343' title='bbox 2399 1965 2512 2036; x_wconf 78' lang='grc' dir='ltr'>οὖν,</span> <span class='ocrx_word' id='word_1_344' title='bbox 2537 1971 2718 2040; x_wconf 84' lang='grc' dir='ltr'>φησὶν,</span> <span class='ocrx_word' id='word_1_345' title='bbox 2744 1961 2790 2022; x_wconf 76' lang='grc' dir='ltr'>ὦ</span> <span class='ocrx_word' id='word_1_346' title='bbox 2818 1969 3079 2033; x_wconf 82' lang='grc' dir='ltr'>Δέσποτα,</span> <span class='ocrx_word' id='word_1_347' title='bbox 3109 1967 3189 2031; x_wconf 85' lang='grc' dir='ltr'><strong>τίς</strong></span> <span class='ocrx_word' id='word_1_348' title='bbox 3211 1967 3330 2039; x_wconf 75' lang='grc' dir='ltr'>ἔσῃ,</span> <span class='ocrx_word' id='word_1_349' title='bbox 3369 1966 3490 2020; x_wconf 83' lang='grc' dir='ltr'>καθ’</span> <span class='ocrx_word' id='word_1_350' title='bbox 3531 1967 3676 2037; x_wconf 76' lang='grc' dir='ltr'>ἡμᾶς</span> <span class='ocrx_word' id='word_1_351' title='bbox 3713 1981 3884 2033; x_wconf 81' lang='grc' dir='ltr'>γεγο-</span> 
     </span>
    </p>
   </div>
   <div class='ocr_carea' id='block_1_50' title="bbox 2309 2054 3879 2131">
    <p class='ocr_par' dir='ltr' id='par_1_50' title="bbox 2309 2054 3879 2131">
     <span class='ocr_line' id='line_1_50' title="bbox 2309 2054 3879 2131; baseline -0.004 -16"><span class='ocrx_word' id='word_1_352' title='bbox 2309 2060 2412 2125; x_wconf 86' lang='grc' dir='ltr'>νώς</span> <span class='ocrx_word' id='word_1_353' title='bbox 2439 2077 2454 2092; x_wconf 88' lang='grc'><strong>·</strong></span> <span class='ocrx_word' id='word_1_354' title='bbox 2496 2060 2576 2113; x_wconf 84' lang='grc' dir='ltr'>ὅτι</span> <span class='ocrx_word' id='word_1_355' title='bbox 2615 2059 2722 2131; x_wconf 82' lang='grc' dir='ltr'>γὰρ</span> <span class='ocrx_word' id='word_1_356' title='bbox 2750 2060 3077 2131; x_wconf 76' lang='grc' dir='ltr'>ἱλαστήριον,</span> <span class='ocrx_word' id='word_1_357' title='bbox 3107 2058 3183 2122; x_wconf 82' lang='grc' dir='ltr'><strong>ὡς</strong></span> <span class='ocrx_word' id='word_1_358' title='bbox 3221 2054 3286 2111; x_wconf 72' lang='grc' dir='ltr'>ἐκ</span> <span class='ocrx_word' id='word_1_359' title='bbox 3318 2057 3755 2130; x_wconf 77' lang='grc' dir='ltr'>παραδείγματος</span> <span class='ocrx_word' id='word_1_360' title='bbox 3775 2054 3879 2109; x_wconf 84' lang='grc' dir='ltr'>τοῦ</span> 
     </span>
    </p>
   </div>
   <div class='ocr_carea' id='block_1_51' title="bbox 2308 2147 3880 2225">
    <p class='ocr_par' dir='ltr' id='par_1_51' title="bbox 2308 2147 3880 2225">
     <span class='ocr_line' id='line_1_51' title="bbox 2308 2147 3880 2225; baseline -0.003 -20"><span class='ocrx_word' id='word_1_361' title='bbox 2308 2155 2366 2206; x_wconf 75' lang='grc' dir='ltr'>ὲν</span> <span class='ocrx_word' id='word_1_362' title='bbox 2391 2155 2458 2223; x_wconf 81' lang='grc' dir='ltr'>τῇ</span> <span class='ocrx_word' id='word_1_363' title='bbox 2487 2149 2618 2225; x_wconf 75' lang='grc' dir='ltr'>ἁγίᾳ</span> <span class='ocrx_word' id='word_1_364' title='bbox 2665 2150 2837 2223; x_wconf 76' lang='grc' dir='ltr'>σκηνῇ</span> <span class='ocrx_word' id='word_1_365' title='bbox 2873 2149 3159 2223; x_wconf 81' lang='grc' dir='ltr'>γνωσθήσῃ</span> <span class='ocrx_word' id='word_1_366' title='bbox 3199 2148 3405 2219; x_wconf 81' lang='grc' dir='ltr'>σαφῶς.</span> <span class='ocrx_word' id='word_1_367' title='bbox 3452 2149 3724 2220; x_wconf 82' lang='grc' dir='ltr'>Ἔστηκας</span> <span class='ocrx_word' id='word_1_368' title='bbox 3763 2147 3880 2220; x_wconf 80' lang='grc' dir='ltr'>γὰρ</span> 
     </span>
    </p>
   </div>
   <div class='ocr_carea' id='block_1_52' title="bbox 2309 2236 3878 2314">
    <p class='ocr_par' dir='ltr' id='par_1_52' title="bbox 2309 2236 3878 2314">
     <span class='ocr_line' id='line_1_52' title="bbox 2309 2236 3878 2314; baseline -0.005 -17"><span class='ocrx_word' id='word_1_369' title='bbox 2309 2245 2366 2297; x_wconf 78' lang='grc' dir='ltr'>ὲν</span> <span class='ocrx_word' id='word_1_370' title='bbox 2413 2243 2560 2314; x_wconf 74' lang='grc' dir='ltr'>μέσῳ</span> <span class='ocrx_word' id='word_1_371' title='bbox 2601 2243 2696 2297; x_wconf 80' lang='grc' dir='ltr'>δύο</span> <span class='ocrx_word' id='word_1_372' title='bbox 2728 2242 2900 2309; x_wconf 74' lang='grc' dir='ltr'>ζώων,</span> <span class='ocrx_word' id='word_1_373' title='bbox 2947 2243 3210 2308; x_wconf 80' lang='grc' dir='ltr'>τουτέστι,</span> <span class='ocrx_word' id='word_1_374' title='bbox 3262 2241 3370 2296; x_wconf 81' lang='grc' dir='ltr'>τῶν</span> <span class='ocrx_word' id='word_1_375' title='bbox 3422 2240 3718 2312; x_wconf 65' lang='grc' dir='ltr'>Χερουϐὶμ,</span> <span class='ocrx_word' id='word_1_376' title='bbox 3775 2236 3878 2292; x_wconf 69' lang='grc' dir='ltr'>καὶ</span> 
     </span>
    </p>
   </div>
   <div class='ocr_carea' id='block_1_53' title="bbox 2310 2329 3878 2410">
    <p class='ocr_par' dir='ltr' id='par_1_53' title="bbox 2310 2329 3878 2410">
     <span class='ocr_line' id='line_1_53' title="bbox 2310 2329 3878 2410; baseline -0.001 -22"><span class='ocrx_word' id='word_1_377' title='bbox 2310 2336 2482 2405; x_wconf 74' lang='grc' dir='ltr'>ὄνομά</span> <span class='ocrx_word' id='word_1_378' title='bbox 2520 2352 2624 2402; x_wconf 86' lang='grc' dir='ltr'>σοι,</span> <span class='ocrx_word' id='word_1_379' title='bbox 2662 2335 2723 2389; x_wconf 85' lang='grc' dir='ltr'>τὸ</span> <span class='ocrx_word' id='word_1_380' title='bbox 2762 2335 3115 2408; x_wconf 74' lang='grc' dir='ltr'>Ἱλαστήριον,</span> <span class='ocrx_word' id='word_1_381' title='bbox 3156 2334 3251 2390; x_wconf 72' lang='grc' dir='ltr'><strong>καὶ</strong></span> <span class='ocrx_word' id='word_1_382' title='bbox 3284 2333 3487 2410; x_wconf 73' lang='grc' dir='ltr'>ἀληθὴς</span> <span class='ocrx_word' id='word_1_383' title='bbox 3511 2334 3540 2386; x_wconf 87' lang='grc' dir='ltr'><strong>ό</strong></span> <span class='ocrx_word' id='word_1_384' title='bbox 3567 2333 3740 2400; x_wconf 79' lang='grc' dir='ltr'>λόγος.</span> <span class='ocrx_word' id='word_1_385' title='bbox 3785 2329 3878 2392; x_wconf 77' lang='grc' dir='ltr'><strong>Ὦς</strong></span> 
     </span>
    </p>
   </div>
   <div class='ocr_carea' id='block_1_54' title="bbox 2311 2422 3878 2499">
    <p class='ocr_par' dir='ltr' id='par_1_54' title="bbox 2311 2422 3878 2499">
     <span class='ocr_line' id='line_1_54' title="bbox 2311 2422 3878 2499; baseline -0.004 -19"><span class='ocrx_word' id='word_1_386' title='bbox 2311 2427 2419 2498; x_wconf 75' lang='grc' dir='ltr'><strong>γὰρ</strong></span> <span class='ocrx_word' id='word_1_387' title='bbox 2443 2426 2601 2491; x_wconf 80' lang='grc' dir='ltr'>αὑτός</span> <span class='ocrx_word' id='word_1_388' title='bbox 2630 2444 2793 2498; x_wconf 85' lang='grc' dir='ltr'>φησιν</span> <span class='ocrx_word' id='word_1_389' title='bbox 2834 2429 2864 2480; x_wconf 81' lang='grc' dir='ltr'>ὀ</span> <span class='ocrx_word' id='word_1_390' title='bbox 2893 2427 3144 2499; x_wconf 82' lang='grc' dir='ltr'>Χριστὸς,</span> <span class='ocrx_word' id='word_1_391' title='bbox 3174 2447 3193 2480; x_wconf 88' lang='grc' dir='ltr'><strong>ι</strong></span> <span class='ocrx_word' id='word_1_392' title='bbox 3216 2427 3328 2481; x_wconf 82' lang='grc' dir='ltr'><strong>Οὐκ</strong></span> <span class='ocrx_word' id='word_1_393' title='bbox 3368 2424 3680 2481; x_wconf 79' lang='grc' dir='ltr'>ἀπέστειλεν</span> <span class='ocrx_word' id='word_1_394' title='bbox 3707 2423 3736 2474; x_wconf 84' lang='grc' dir='ltr'><strong>ό</strong></span> <span class='ocrx_word' id='word_1_395' title='bbox 3760 2422 3878 2474; x_wconf 85' lang='grc' dir='ltr'><strong>Πα-</strong></span> 
     </span>
    </p>
   </div>
   <div class='ocr_carea' id='block_1_55' title="bbox 2310 2512 3875 2590">
    <p class='ocr_par' dir='ltr' id='par_1_55' title="bbox 2310 2512 3875 2590">
     <span class='ocr_line' id='line_1_55' title="bbox 2310 2512 3875 2590; baseline -0.005 -17"><span class='ocrx_word' id='word_1_396' title='bbox 2310 2519 2414 2589; x_wconf 83' lang='grc' dir='ltr'>τὴρ</span> <span class='ocrx_word' id='word_1_397' title='bbox 2441 2517 2531 2571; x_wconf 82' lang='grc' dir='ltr'><strong>τὸν</strong></span> <span class='ocrx_word' id='word_1_398' title='bbox 2554 2517 2680 2572; x_wconf 80' lang='grc' dir='ltr'>Υξὸν</span> <span class='ocrx_word' id='word_1_399' title='bbox 2707 2521 2786 2582; x_wconf 87' lang='grc' dir='ltr'><strong>είς</strong></span> <span class='ocrx_word' id='word_1_400' title='bbox 2811 2520 2902 2572; x_wconf 74' lang='grc' dir='ltr'><strong>τὸν</strong></span> <span class='ocrx_word' id='word_1_401' title='bbox 2931 2520 3152 2588; x_wconf 81' lang='grc' dir='ltr'>κόσμον,</span> <span class='ocrx_word' id='word_1_402' title='bbox 3184 2518 3458 2590; x_wconf 54' lang='grc' dir='ltr'>ἵναεκρίνῃ</span> <span class='ocrx_word' id='word_1_403' title='bbox 3499 2515 3593 2570; x_wconf 74' lang='grc' dir='ltr'>τὸν</span> <span class='ocrx_word' id='word_1_404' title='bbox 3631 2512 3842 2586; x_wconf 81' lang='grc' dir='ltr'>κόσμον</span> <span class='ocrx_word' id='word_1_405' title='bbox 3860 2528 3875 2546; x_wconf 77' lang='grc' dir='ltr'><strong><em>ο</em></strong></span> 
     </span>
    </p>
   </div>
   <div class='ocr_carea' id='block_1_56' title="bbox 2313 2610 3343 2686">
    <p class='ocr_par' dir='ltr' id='par_1_56' title="bbox 2313 2610 3343 2686">
     <span class='ocr_line' id='line_1_56' title="bbox 2313 2610 3343 2686; baseline -0.008 -16"><span class='ocrx_word' id='word_1_406' title='bbox 2313 2616 2423 2670; x_wconf 81' lang='grc' dir='ltr'>ἀλλ’</span> <span class='ocrx_word' id='word_1_407' title='bbox 2451 2616 2534 2670; x_wconf 81' lang='grc' dir='ltr'><strong>ἵνα</strong></span> <span class='ocrx_word' id='word_1_408' title='bbox 2561 2613 2706 2686; x_wconf 76' lang='grc' dir='ltr'>σωθῇ</span> <span class='ocrx_word' id='word_1_409' title='bbox 2733 2615 2761 2666; x_wconf 88' lang='grc' dir='ltr'><strong>ό</strong></span> <span class='ocrx_word' id='word_1_410' title='bbox 2784 2612 2995 2682; x_wconf 82' lang='grc' dir='ltr'>κόσμος</span> <span class='ocrx_word' id='word_1_411' title='bbox 3012 2611 3077 2664; x_wconf 86' lang='grc' dir='ltr'><strong>δι’</strong></span> <span class='ocrx_word' id='word_1_412' title='bbox 3110 2610 3294 2666; x_wconf 79' lang='grc' dir='ltr'>αὐτοῦ.</span> <span class='ocrx_word' id='word_1_413' title='bbox 3326 2627 3343 2662; x_wconf 82' lang='grc' dir='ltr'><strong>ι</strong></span> 
     </span>
    </p>
   </div>
   <div class='ocr_carea' id='block_1_57' title="bbox 2411 2805 3877 2886">
    <p class='ocr_par' dir='ltr' id='par_1_57' title="bbox 2411 2805 3877 2886">
     <span class='ocr_line' id='line_1_57' title="bbox 2411 2805 3877 2886; baseline -0.004 -19"><span class='ocrx_word' id='word_1_414' title='bbox 2411 2816 2498 2868; x_wconf 72' lang='lat' dir='ltr'><strong>Er</strong></span> <span class='ocrx_word' id='word_1_415' title='bbox 2525 2812 2604 2878; x_wconf 80' lang='grc' dir='ltr'>τῷ</span> <span class='ocrx_word' id='word_1_416' title='bbox 2633 2811 2880 2881; x_wconf 73' lang='grc' dir='ltr'>ἐγγίζειν</span> <span class='ocrx_word' id='word_1_417' title='bbox 2915 2811 2985 2865; x_wconf 82' lang='grc' dir='ltr'>τὰ</span> <span class='ocrx_word' id='word_1_418' title='bbox 3020 2811 3146 2877; x_wconf 77' lang='grc' dir='ltr'>ἔτη,</span> <span class='ocrx_word' id='word_1_419' title='bbox 3167 2809 3606 2886; x_wconf 71' lang='grc' dir='ltr'>ἐπιγνωσθήσῃ.</span> <span class='ocrx_word' id='word_1_420' title='bbox 3661 2809 3763 2886; x_wconf 72' lang='grc' dir='ltr'><strong>Ἐν</strong></span> <span class='ocrx_word' id='word_1_421' title='bbox 3797 2805 3877 2873; x_wconf 74' lang='grc' dir='ltr'>τῷ</span> 
     </span>
    </p>
   </div>
   <div class='ocr_carea' id='block_1_58' title="bbox 2314 2885 3692 2972">
    <p class='ocr_par' dir='ltr' id='par_1_58' title="bbox 2314 2885 3692 2972">
     <span class='ocr_line' id='line_1_58' title="bbox 2314 2885 3692 2972; baseline 0 -16"><span class='ocrx_word' id='word_1_422' title='bbox 2314 2903 2584 2972; x_wconf 76' lang='grc' dir='ltr'>παρεῖναι</span> <span class='ocrx_word' id='word_1_423' title='bbox 2619 2902 2726 2957; x_wconf 83' lang='grc' dir='ltr'><strong>τὸν</strong></span> <span class='ocrx_word' id='word_1_424' title='bbox 2750 2902 2976 2971; x_wconf 74' lang='grc' dir='ltr'>καιρὸν,</span> <span class='ocrx_word' id='word_1_425' title='bbox 3003 2900 3406 2970; x_wconf 72' lang='grc' dir='ltr'>ἁναδειχθήσῃ</span> <span class='ocrx_word' id='word_1_426' title='bbox 3420 2930 3441 2956; x_wconf 80' lang='grc'><strong><em>›</em></strong></span> <span class='ocrx_word' id='word_1_427' title='bbox 3673 2885 3692 2902; x_wconf 55' lang='grc'><strong>“</strong></span> 
     </span>
    </p>
   </div>
   <div class='ocr_carea' id='block_1_59' title="bbox 2386 2999 3877 3111">
    <p class='ocr_par' dir='ltr' id='par_1_59' title="bbox 2386 2999 3877 3111">
     <span class='ocr_line' id='line_1_59' title="bbox 2386 2999 3877 3111; baseline -0.003 -18"><span class='ocrx_word' id='word_1_428' title='bbox 2386 3040 2523 3107; x_wconf 70' lang='grc' dir='ltr'><strong>Λςν.</strong></span> <span class='ocrx_word' id='word_1_429' title='bbox 2558 3037 3022 3111; x_wconf 76' lang='grc' dir='ltr'>’Κεχρησμῲδηκε</span> <span class='ocrx_word' id='word_1_430' title='bbox 3072 3036 3170 3107; x_wconf 78' lang='grc' dir='ltr'><strong>μὲν</strong></span> <span class='ocrx_word' id='word_1_431' title='bbox 3216 2999 3246 3090; x_wconf 60' lang='grc' dir='ltr'><strong>ό</strong></span> <span class='ocrx_word' id='word_1_432' title='bbox 3304 3037 3467 3106; x_wconf 81' lang='grc' dir='ltr'>νόμος</span> <span class='ocrx_word' id='word_1_433' title='bbox 3524 3033 3592 3095; x_wconf 71' lang='grc' dir='ltr'>τὸ,</span> <span class='ocrx_word' id='word_1_434' title='bbox 3631 3037 3877 3106; x_wconf 79' lang='grc' dir='ltr'>Χριστοῦ</span> 
     </span>
    </p>
   </div>
   <div class='ocr_carea' id='block_1_60' title="bbox 590 3117 2204 3205">
    <p class='ocr_par' dir='ltr' id='par_1_60' title="bbox 590 3117 2204 3202">
     <span class='ocr_line' id='line_1_60' title="bbox 590 3117 2204 3202; baseline -0.002 -17"><span class='ocrx_word' id='word_1_435' title='bbox 590 3155 605 3170; x_wconf 88' lang='lat'><strong>-</strong></span> <span class='ocrx_word' id='word_1_436' title='bbox 649 3131 778 3202; x_wconf 88' lang='lat' dir='ltr'><strong>quin</strong></span> <span class='ocrx_word' id='word_1_437' title='bbox 831 3131 989 3187; x_wconf 89' lang='lat' dir='ltr'><strong>etiam</strong></span> <span class='ocrx_word' id='word_1_438' title='bbox 1041 3141 1349 3187; x_wconf 88' lang='lat' dir='ltr'><strong>sanctorum</strong></span> <span class='ocrx_word' id='word_1_439' title='bbox 1402 3117 1788 3200; x_wconf 85' lang='lat' dir='ltr'><strong>prophetarum</strong></span> <span class='ocrx_word' id='word_1_440' title='bbox 1837 3128 2037 3184; x_wconf 83' lang='lat' dir='ltr'><strong>chorus</strong></span> <span class='ocrx_word' id='word_1_441' title='bbox 2085 3137 2204 3181; x_wconf 88' lang='lat' dir='ltr'><strong>ante</strong></span> 
     </span>
    </p>
   </div>
   <div class='ocr_carea' id='block_1_61' title="bbox 2306 3117 3878 3205">
    <p class='ocr_par' dir='ltr' id='par_1_61' title="bbox 2313 3124 3878 3205">
     <span class='ocr_line' id='line_1_61' title="bbox 2313 3124 3878 3205; baseline -0.004 -20"><span class='ocrx_word' id='word_1_442' title='bbox 2313 3132 2639 3205; x_wconf 76' lang='grc' dir='ltr'>μυστήριονο</span> <span class='ocrx_word' id='word_1_443' title='bbox 2694 3129 2789 3184; x_wconf 73' lang='grc' dir='ltr'><strong>καὶ</strong></span> <span class='ocrx_word' id='word_1_444' title='bbox 2839 3128 2944 3202; x_wconf 81' lang='grc' dir='ltr'><strong>μὴν</strong></span> <span class='ocrx_word' id='word_1_445' title='bbox 2987 3129 3079 3183; x_wconf 69' lang='grc' dir='ltr'><strong>καὶ</strong></span> <span class='ocrx_word' id='word_1_446' title='bbox 3131 3129 3159 3181; x_wconf 83' lang='grc' dir='ltr'>ὁ</span> <span class='ocrx_word' id='word_1_447' title='bbox 3206 3125 3315 3180; x_wconf 84' lang='grc' dir='ltr'><strong>τῶν</strong></span> <span class='ocrx_word' id='word_1_448' title='bbox 3365 3124 3534 3194; x_wconf 75' lang='grc' dir='ltr'>ἁγίων</span> <span class='ocrx_word' id='word_1_449' title='bbox 3576 3125 3878 3198; x_wconf 79' lang='grc' dir='ltr'>προφητῶν</span> 
     </span>
    </p>
   </div>
   <div class='ocr_carea' id='block_1_62' title="bbox 649 3213 2212 3294">
    <p class='ocr_par' dir='ltr' id='par_1_62' title="bbox 649 3213 2212 3294">
     <span class='ocr_line' id='line_1_62' title="bbox 649 3213 2212 3294; baseline -0.003 -18"><span class='ocrx_word' id='word_1_450' title='bbox 649 3221 1025 3293; x_wconf 80' lang='lat' dir='ltr'><strong>promulgavit.</strong></span> <span class='ocrx_word' id='word_1_451' title='bbox 1069 3221 1222 3276; x_wconf 87' lang='lat' dir='ltr'><strong>Sacri</strong></span> <span class='ocrx_word' id='word_1_452' title='bbox 1269 3229 1446 3276; x_wconf 84' lang='lat' dir='ltr'><strong>autem</strong></span> <span class='ocrx_word' id='word_1_453' title='bbox 1491 3219 1769 3286; x_wconf 88' lang='lat' dir='ltr'><strong>doctores,</strong></span> <span class='ocrx_word' id='word_1_454' title='bbox 1814 3231 1933 3294; x_wconf 74' lang='lat' dir='ltr'><strong>qua:</strong></span> <span class='ocrx_word' id='word_1_455' title='bbox 1972 3213 2212 3287; x_wconf 87' lang='lat' dir='ltr'><strong>tempore</strong></span> 
     </span>
    </p>
   </div>
   <div class='ocr_carea' id='block_1_63' title="bbox 648 3307 2212 3381">
    <p class='ocr_par' dir='ltr' id='par_1_63' title="bbox 648 3307 2212 3381">
     <span class='ocr_line' id='line_1_63' title="bbox 648 3307 2212 3381; baseline -0.003 -16"><span class='ocrx_word' id='word_1_456' title='bbox 648 3309 944 3374; x_wconf 78' lang='lat' dir='ltr'><strong>adventus.</strong></span> <span class='ocrx_word' id='word_1_457' title='bbox 986 3325 1080 3366; x_wconf 83' lang='lat' dir='ltr'><strong>seu</strong></span> <span class='ocrx_word' id='word_1_458' title='bbox 1129 3311 1426 3381; x_wconf 76' lang='lat' dir='ltr'><strong>praesentiae</strong></span> <span class='ocrx_word' id='word_1_459' title='bbox 1471 3308 1586 3377; x_wconf 77' lang='lat' dir='ltr'><strong>eius</strong></span> <span class='ocrx_word' id='word_1_460' title='bbox 1626 3309 1972 3373; x_wconf 87' lang='lat' dir='ltr'><strong>acciderunt,</strong></span> <span class='ocrx_word' id='word_1_461' title='bbox 2012 3315 2065 3362; x_wconf 91' lang='lat' dir='ltr'><strong>et</strong></span> <span class='ocrx_word' id='word_1_462' title='bbox 2110 3307 2212 3360; x_wconf 85' lang='lat' dir='ltr'><strong>rite</strong></span> 
     </span>
    </p>
   </div>
   <div class='ocr_carea' id='block_1_64' title="bbox 647 3395 2211 3469">
    <p class='ocr_par' dir='ltr' id='par_1_64' title="bbox 647 3395 2211 3469">
     <span class='ocr_line' id='line_1_64' title="bbox 647 3395 2211 3469; baseline -0.002 -15"><span class='ocrx_word' id='word_1_463' title='bbox 647 3408 797 3468; x_wconf 80' lang='lat' dir='ltr'><strong>gesta</strong></span> <span class='ocrx_word' id='word_1_464' title='bbox 838 3407 992 3464; x_wconf 86' lang='lat' dir='ltr'><strong>sunt,</strong></span> <span class='ocrx_word' id='word_1_465' title='bbox 1027 3413 1147 3454; x_wconf 90' lang='lat' dir='ltr'><strong>cum</strong></span> <span class='ocrx_word' id='word_1_466' title='bbox 1190 3399 1318 3454; x_wconf 90' lang='lat' dir='ltr'><strong>olim</strong></span> <span class='ocrx_word' id='word_1_467' title='bbox 1362 3400 1428 3454; x_wconf 89' lang='lat' dir='ltr'><strong>de</strong></span> <span class='ocrx_word' id='word_1_468' title='bbox 1469 3398 1584 3468; x_wconf 89' lang='lat' dir='ltr'><strong>ipso</strong></span> <span class='ocrx_word' id='word_1_469' title='bbox 1611 3397 1897 3469; x_wconf 68' lang='lat' dir='ltr'><strong>praedictis</strong></span> <span class='ocrx_word' id='word_1_470' title='bbox 1938 3395 2211 3452; x_wconf 76' lang='lat' dir='ltr'><strong>fructuosa</strong></span> 
     </span>
    </p>
   </div>
   <div class='ocr_carea' id='block_1_65' title="bbox 648 3488 2208 3562">
    <p class='ocr_par' dir='ltr' id='par_1_65' title="bbox 648 3488 2208 3562">
     <span class='ocr_line' id='line_1_65' title="bbox 648 3488 2208 3562; baseline -0.002 -18"><span class='ocrx_word' id='word_1_471' title='bbox 648 3488 1010 3556; x_wconf 80' lang='lat' dir='ltr'><strong>conferentes,</strong></span> <span class='ocrx_word' id='word_1_472' title='bbox 1040 3490 1220 3546; x_wconf 88' lang='lat' dir='ltr'><strong>multis</strong></span> <span class='ocrx_word' id='word_1_473' title='bbox 1251 3490 1422 3562; x_wconf 79' lang='lat' dir='ltr'><strong>modis</strong></span> <span class='ocrx_word' id='word_1_474' title='bbox 1453 3505 1549 3546; x_wconf 87' lang='lat' dir='ltr'><strong>nos</strong></span> <span class='ocrx_word' id='word_1_475' title='bbox 1577 3491 1634 3545; x_wconf 91' lang='lat' dir='ltr'><strong>in</strong></span> <span class='ocrx_word' id='word_1_476' title='bbox 1667 3490 1769 3544; x_wconf 89' lang='lat' dir='ltr'><strong>lide</strong></span> <span class='ocrx_word' id='word_1_477' title='bbox 1797 3489 1850 3544; x_wconf 94' lang='lat' dir='ltr'><strong>in</strong></span> <span class='ocrx_word' id='word_1_478' title='bbox 1883 3490 2056 3560; x_wconf 91' lang='lat' dir='ltr'><strong>ipsum</strong></span> <span class='ocrx_word' id='word_1_479' title='bbox 2085 3503 2208 3542; x_wconf 87' lang='lat' dir='ltr'><strong>cur-</strong></span> 
     </span>
    </p>
   </div>
   <div class='ocr_carea' id='block_1_66' title="bbox 651 3580 2210 3653">
    <p class='ocr_par' dir='ltr' id='par_1_66' title="bbox 651 3580 2210 3653">
     <span class='ocr_line' id='line_1_66' title="bbox 651 3580 2210 3653; baseline -0.002 -17"><span class='ocrx_word' id='word_1_480' title='bbox 651 3581 903 3637; x_wconf 86' lang='lat' dir='ltr'><strong>roborant</strong></span> <span class='ocrx_word' id='word_1_481' title='bbox 953 3600 965 3636; x_wconf 88' lang='lat'><strong>:</strong></span> <span class='ocrx_word' id='word_1_482' title='bbox 1019 3590 1074 3635; x_wconf 90' lang='lat' dir='ltr'><strong>et</strong></span> <span class='ocrx_word' id='word_1_483' title='bbox 1123 3580 1366 3636; x_wconf 82' lang='lat' dir='ltr'><strong>videmus</strong></span> <span class='ocrx_word' id='word_1_484' title='bbox 1407 3595 1778 3650; x_wconf 68' lang='lat' dir='ltr'><strong>smpenumero</strong></span> <span class='ocrx_word' id='word_1_485' title='bbox 1823 3580 2038 3653; x_wconf 87' lang='lat' dir='ltr'><strong>eosdem</strong></span> <span class='ocrx_word' id='word_1_486' title='bbox 2088 3580 2210 3633; x_wconf 89' lang='lat' dir='ltr'><strong>inde</strong></span> 
     </span>
    </p>
   </div>
   <div class='ocr_carea' id='block_1_67' title="bbox 647 3653 2210 3741">
    <p class='ocr_par' dir='ltr' id='par_1_67' title="bbox 647 3653 2210 3741">
     <span class='ocr_line' id='line_1_67' title="bbox 647 3653 2210 3741; baseline -0.004 -15"><span class='ocrx_word' id='word_1_487' title='bbox 647 3685 842 3726; x_wconf 83' lang='lat' dir='ltr'><strong>sensus</strong></span> <span class='ocrx_word' id='word_1_488' title='bbox 884 3680 935 3726; x_wconf 91' lang='lat' dir='ltr'><strong>et</strong></span> <span class='ocrx_word' id='word_1_489' title='bbox 979 3671 1330 3741; x_wconf 77' lang='lat' dir='ltr'><strong>cogitationes</strong></span> <span class='ocrx_word' id='word_1_490' title='bbox 1371 3685 1497 3724; x_wconf 88' lang='lat' dir='ltr'><strong>suas</strong></span> <span class='ocrx_word' id='word_1_491' title='bbox 1538 3653 1882 3723; x_wconf 80' lang='lat' dir='ltr'><strong>conﬁrmare.</strong></span> <span class='ocrx_word' id='word_1_492' title='bbox 1919 3665 2088 3735; x_wconf 83' lang='lat' dir='ltr'><strong>Quale</strong></span> <span class='ocrx_word' id='word_1_493' title='bbox 2126 3675 2210 3721; x_wconf 89' lang='lat' dir='ltr'><strong>est</strong></span> 
     </span>
    </p>
   </div>
   <div class='ocr_carea' id='block_1_68' title="bbox 649 3751 2210 3828">
    <p class='ocr_par' dir='ltr' id='par_1_68' title="bbox 649 3751 2210 3828">
     <span class='ocr_line' id='line_1_68' title="bbox 649 3751 2210 3828; baseline -0.001 -17"><span class='ocrx_word' id='word_1_494' title='bbox 649 3757 778 3812; x_wconf 87' lang='lat' dir='ltr'><strong>illud</strong></span> <span class='ocrx_word' id='word_1_495' title='bbox 821 3757 956 3827; x_wconf 89' lang='lat' dir='ltr'><strong>apud</strong></span> <span class='ocrx_word' id='word_1_496' title='bbox 998 3757 1356 3828; x_wconf 85' lang='lat' dir='ltr'><strong>evangelistas</strong></span> <span class='ocrx_word' id='word_1_497' title='bbox 1395 3774 1410 3811; x_wconf 87' lang='lat'><strong>:</strong></span> <span class='ocrx_word' id='word_1_498' title='bbox 1455 3776 1474 3808; x_wconf 79' lang='grc' dir='ltr'><strong>ι</strong></span> <span class='ocrx_word' id='word_1_499' title='bbox 1519 3751 1688 3825; x_wconf 78' lang='lat' dir='ltr'><strong>Ejecit</strong></span> <span class='ocrx_word' id='word_1_500' title='bbox 1730 3757 1984 3811; x_wconf 89' lang='lat' dir='ltr'><strong>Dominus</strong></span> <span class='ocrx_word' id='word_1_501' title='bbox 2028 3753 2210 3811; x_wconf 82' lang='lat' dir='ltr'><strong>noster</strong></span> 
     </span>
    </p>
   </div>
   <div class='ocr_carea' id='block_1_69' title="bbox 648 3843 2206 3916">
    <p class='ocr_par' dir='ltr' id='par_1_69' title="bbox 648 3843 2206 3916">
     <span class='ocr_line' id='line_1_69' title="bbox 648 3843 2206 3916; baseline 0.001 -16"><span class='ocrx_word' id='word_1_502' title='bbox 648 3843 808 3902; x_wconf 79' lang='lat' dir='ltr'><strong>Jesus</strong></span> <span class='ocrx_word' id='word_1_503' title='bbox 849 3846 1095 3903; x_wconf 87' lang='lat' dir='ltr'><strong>Christus</strong></span> <span class='ocrx_word' id='word_1_504' title='bbox 1153 3863 1183 3900; x_wconf 88' lang='lat' dir='ltr'><strong>e</strong></span> <span class='ocrx_word' id='word_1_505' title='bbox 1228 3847 1422 3916; x_wconf 88' lang='lat' dir='ltr'><strong>templo</strong></span> <span class='ocrx_word' id='word_1_506' title='bbox 1469 3848 1761 3901; x_wconf 85' lang='lat' dir='ltr'><strong>vendentes</strong></span> <span class='ocrx_word' id='word_1_507' title='bbox 1788 3861 1916 3902; x_wconf 87' lang='lat' dir='ltr'><strong>oves</strong></span> <span class='ocrx_word' id='word_1_508' title='bbox 1943 3857 1998 3900; x_wconf 89' lang='lat' dir='ltr'><strong>et</strong></span> <span class='ocrx_word' id='word_1_509' title='bbox 2027 3848 2206 3912; x_wconf 80' lang='lat' dir='ltr'><strong>boves,</strong></span> 
     </span>
    </p>
   </div>
   <div class='ocr_carea' id='block_1_70' title="bbox 649 3935 2209 4010">
    <p class='ocr_par' dir='ltr' id='par_1_70' title="bbox 649 3935 2209 4010">
     <span class='ocr_line' id='line_1_70' title="bbox 649 3935 2209 4010; baseline 0.001 -19"><span class='ocrx_word' id='word_1_510' title='bbox 649 3946 706 3991; x_wconf 91' lang='lat' dir='ltr'><strong>et</strong></span> <span class='ocrx_word' id='word_1_511' title='bbox 739 3951 958 4010; x_wconf 80' lang='lat' dir='ltr'><strong>mensas</strong></span> <span class='ocrx_word' id='word_1_512' title='bbox 992 3936 1464 3993; x_wconf 86' lang='lat' dir='ltr'><strong>nummulariorum</strong></span> <span class='ocrx_word' id='word_1_513' title='bbox 1495 3941 1709 3993; x_wconf 82' lang='lat' dir='ltr'><strong>evertit.</strong></span> <span class='ocrx_word' id='word_1_514' title='bbox 1742 3938 1806 3992; x_wconf 88' lang='lat' dir='ltr'><strong>Et</strong></span> <span class='ocrx_word' id='word_1_515' title='bbox 1836 3952 1955 3992; x_wconf 90' lang='lat' dir='ltr'><strong>cum</strong></span> <span class='ocrx_word' id='word_1_516' title='bbox 1992 3935 2209 3992; x_wconf 78' lang='lat' dir='ltr'><strong>fecisset</strong></span> 
     </span>
    </p>
   </div>
   <div class='ocr_carea' id='block_1_71' title="bbox 650 4028 2205 4100">
    <p class='ocr_par' dir='ltr' id='par_1_71' title="bbox 650 4028 2205 4100">
     <span class='ocr_line' id='line_1_71' title="bbox 650 4028 2205 4100; baseline -0.002 -16"><span class='ocrx_word' id='word_1_517' title='bbox 650 4030 802 4097; x_wconf 89' lang='lat' dir='ltr'><strong>quasi</strong></span> <span class='ocrx_word' id='word_1_518' title='bbox 845 4028 1106 4100; x_wconf 82' lang='lat' dir='ltr'><strong>ﬂagellum</strong></span> <span class='ocrx_word' id='word_1_519' title='bbox 1151 4031 1216 4084; x_wconf 86' lang='lat' dir='ltr'><strong>de</strong></span> <span class='ocrx_word' id='word_1_520' title='bbox 1263 4029 1534 4098; x_wconf 80' lang='lat' dir='ltr'><strong>funiculis,</strong></span> <span class='ocrx_word' id='word_1_521' title='bbox 1581 4048 1599 4081; x_wconf 79' lang='grc' dir='ltr'><strong>ι</strong></span> <span class='ocrx_word' id='word_1_522' title='bbox 1641 4044 1827 4085; x_wconf 89' lang='lat' dir='ltr'><strong>omnes</strong></span> <span class='ocrx_word' id='word_1_523' title='bbox 1869 4029 2205 4094; x_wconf 77' lang='lat' dir='ltr'><strong>exturbavit,</strong></span> 
     </span>
    </p>
   </div>
   <div class='ocr_carea' id='block_1_72' title="bbox 649 4119 2222 4192">
    <p class='ocr_par' dir='ltr' id='par_1_72' title="bbox 649 4119 2222 4192">
     <span class='ocr_line' id='line_1_72' title="bbox 649 4119 2222 4192; baseline -0.003 -16"><span class='ocrx_word' id='word_1_524' title='bbox 649 4119 833 4176; x_wconf 85' lang='lat' dir='ltr'><strong>dicens</strong></span> <span class='ocrx_word' id='word_1_525' title='bbox 866 4137 880 4176; x_wconf 90' lang='lat'><strong>:</strong></span> <span class='ocrx_word' id='word_1_526' title='bbox 919 4139 938 4173; x_wconf 83' lang='grc' dir='ltr'><strong>ι</strong></span> <span class='ocrx_word' id='word_1_527' title='bbox 980 4119 1152 4176; x_wconf 73' lang='lat' dir='ltr'><strong>Nolite</strong></span> <span class='ocrx_word' id='word_1_528' title='bbox 1182 4120 1360 4176; x_wconf 80' lang='lat' dir='ltr'><strong>facere</strong></span> <span class='ocrx_word' id='word_1_529' title='bbox 1394 4121 1611 4176; x_wconf 86' lang='lat' dir='ltr'><strong>domum</strong></span> <span class='ocrx_word' id='word_1_530' title='bbox 1645 4120 1820 4175; x_wconf 79' lang='lat' dir='ltr'><strong>Patris</strong></span> <span class='ocrx_word' id='word_1_531' title='bbox 1854 4121 1956 4174; x_wconf 89' lang='lat' dir='ltr'><strong>mei</strong></span> <span class='ocrx_word' id='word_1_532' title='bbox 1989 4120 2222 4192; x_wconf 84' lang='lat' dir='ltr'><strong>domum</strong></span> 
     </span>
    </p>
   </div>
   <div class='ocr_carea' id='block_1_73' title="bbox 651 4209 2204 4285">
    <p class='ocr_par' dir='ltr' id='par_1_73' title="bbox 651 4209 2204 4285">
     <span class='ocr_line' id='line_1_73' title="bbox 651 4209 2204 4285; baseline -0.005 -15"><span class='ocrx_word' id='word_1_533' title='bbox 651 4215 1046 4285; x_wconf 82' lang='lat' dir='ltr'><strong>negotiationis.</strong></span> <span class='ocrx_word' id='word_1_534' title='bbox 1101 4232 1120 4267; x_wconf 77' lang='grc' dir='ltr'><strong>ι</strong></span> <span class='ocrx_word' id='word_1_535' title='bbox 1165 4211 1304 4282; x_wconf 81' lang='lat' dir='ltr'><strong>Quid</strong></span> <span class='ocrx_word' id='word_1_536' title='bbox 1357 4212 1578 4284; x_wconf 87' lang='lat' dir='ltr'><strong>postea?</strong></span> <span class='ocrx_word' id='word_1_537' title='bbox 1633 4229 1653 4264; x_wconf 85' lang='grc' dir='ltr'><strong>ι</strong></span> <span class='ocrx_word' id='word_1_538' title='bbox 1710 4209 1995 4267; x_wconf 82' lang='lat' dir='ltr'><strong>Recordati</strong></span> <span class='ocrx_word' id='word_1_539' title='bbox 2038 4218 2204 4275; x_wconf 82' lang='lat' dir='ltr'><strong>sunt,</strong></span> 
     </span>
    </p>
   </div>
   <div class='ocr_carea' id='block_1_74' title="bbox 649 4302 2203 4374">
    <p class='ocr_par' dir='ltr' id='par_1_74' title="bbox 649 4302 2203 4374">
     <span class='ocr_line' id='line_1_74' title="bbox 649 4302 2203 4374; baseline -0.005 -14"><span class='ocrx_word' id='word_1_540' title='bbox 649 4305 857 4373; x_wconf 88' lang='lat' dir='ltr'><strong>inquit,</strong></span> <span class='ocrx_word' id='word_1_541' title='bbox 887 4303 1142 4374; x_wconf 85' lang='lat' dir='ltr'><strong>discipuli</strong></span> <span class='ocrx_word' id='word_1_542' title='bbox 1181 4302 1330 4371; x_wconf 83' lang='lat' dir='ltr'><strong>ejus,</strong></span> <span class='ocrx_word' id='word_1_543' title='bbox 1365 4304 1490 4373; x_wconf 86' lang='lat' dir='ltr'><strong>quia</strong></span> <span class='ocrx_word' id='word_1_544' title='bbox 1527 4302 1787 4372; x_wconf 81' lang='lat' dir='ltr'><strong>scriptum</strong></span> <span class='ocrx_word' id='word_1_545' title='bbox 1822 4310 1962 4356; x_wconf 81' lang='lat' dir='ltr'><strong>esset</strong></span> <span class='ocrx_word' id='word_1_546' title='bbox 1994 4302 2060 4366; x_wconf 74' lang='lat' dir='ltr'><strong>de</strong></span> <span class='ocrx_word' id='word_1_547' title='bbox 2091 4314 2154 4354; x_wconf 87' lang='lat' dir='ltr'><strong>eo</strong></span> <span class='ocrx_word' id='word_1_548' title='bbox 2186 4312 2203 4352; x_wconf 86' lang='lat'><strong>:</strong></span> 
     </span>
    </p>
   </div>
   <div class='ocr_carea' id='block_1_75' title="bbox 650 4380 2208 4458">
    <p class='ocr_par' dir='ltr' id='par_1_75' title="bbox 650 4380 2208 4458">
     <span class='ocr_line' id='line_1_75' title="bbox 650 4380 2208 4458; baseline -0.006 -8"><span class='ocrx_word' id='word_1_549' title='bbox 650 4392 807 4450; x_wconf 79' lang='lat' dir='ltr'><strong>Zelus</strong></span> <span class='ocrx_word' id='word_1_550' title='bbox 831 4392 1020 4448; x_wconf 88' lang='lat' dir='ltr'><strong>domus</strong></span> <span class='ocrx_word' id='word_1_551' title='bbox 1053 4405 1157 4448; x_wconf 73' lang='lat' dir='ltr'><strong>tua:</strong></span> <span class='ocrx_word' id='word_1_552' title='bbox 1184 4380 1416 4449; x_wconf 75' lang='lat' dir='ltr'><strong>comedit</strong></span> <span class='ocrx_word' id='word_1_553' title='bbox 1447 4407 1532 4448; x_wconf 92' lang='lat' dir='ltr'><strong>me</strong></span> <span class='ocrx_word' id='word_1_554' title='bbox 1563 4393 1632 4446; x_wconf 78' lang='lat'><strong>&quot;.</strong></span> <span class='ocrx_word' id='word_1_555' title='bbox 1671 4411 1690 4445; x_wconf 72' lang='grc' dir='ltr'><strong>ι</strong></span> <span class='ocrx_word' id='word_1_556' title='bbox 1720 4390 1854 4447; x_wconf 87' lang='lat' dir='ltr'><strong>Cum</strong></span> <span class='ocrx_word' id='word_1_557' title='bbox 1880 4389 2078 4458; x_wconf 83' lang='lat' dir='ltr'><strong>Joseph</strong></span> <span class='ocrx_word' id='word_1_558' title='bbox 2107 4390 2208 4444; x_wconf 59' lang='grc' dir='ltr'>ηιξ.-</span> 
     </span>
    </p>
   </div>
   <div class='ocr_carea' id='block_1_76' title="bbox 2313 3210 3877 3295">
    <p class='ocr_par' dir='ltr' id='par_1_76' title="bbox 2313 3210 3877 3295">
     <span class='ocr_line' id='line_1_76' title="bbox 2313 3210 3877 3295; baseline -0.007 -17"><span class='ocrx_word' id='word_1_559' title='bbox 2313 3221 2776 3295; x_wconf 82' lang='grc' dir='ltr'>προανεκεκράγει</span> <span class='ocrx_word' id='word_1_560' title='bbox 2827 3221 3005 3292; x_wconf 84' lang='grc' dir='ltr'>χορός.</span> <span class='ocrx_word' id='word_1_561' title='bbox 3047 3217 3449 3289; x_wconf 66' lang='grc' dir='ltr'>Συμὸἁλλρντες</span> <span class='ocrx_word' id='word_1_562' title='bbox 3487 3215 3544 3269; x_wconf 78' lang='grc' dir='ltr'><strong>δὲ</strong></span> <span class='ocrx_word' id='word_1_563' title='bbox 3587 3210 3877 3286; x_wconf 73' lang='grc' dir='ltr'>χρησίμως</span> 
     </span>
    </p>
   </div>
   <div class='ocr_carea' id='block_1_77' title="bbox 2307 3307 3878 3384">
    <p class='ocr_par' dir='ltr' id='par_1_77' title="bbox 2307 3307 3878 3384">
     <span class='ocr_line' id='line_1_77' title="bbox 2307 3307 3878 3384; baseline -0.006 -16"><span class='ocrx_word' id='word_1_564' title='bbox 2307 3317 2420 3376; x_wconf 85' lang='grc' dir='ltr'>τοῖς</span> <span class='ocrx_word' id='word_1_565' title='bbox 2447 3313 2612 3368; x_wconf 80' lang='grc' dir='ltr'>πάλαι</span> <span class='ocrx_word' id='word_1_566' title='bbox 2653 3311 2780 3384; x_wconf 74' lang='grc' dir='ltr'>περὶ</span> <span class='ocrx_word' id='word_1_567' title='bbox 2821 3309 2984 3366; x_wconf 79' lang='grc' dir='ltr'>αὐτοῦ</span> <span class='ocrx_word' id='word_1_568' title='bbox 3027 3309 3426 3382; x_wconf 75' lang='grc' dir='ltr'>γεγραμμένοις</span> <span class='ocrx_word' id='word_1_569' title='bbox 3465 3308 3534 3362; x_wconf 80' lang='grc' dir='ltr'>τὰ</span> <span class='ocrx_word' id='word_1_570' title='bbox 3586 3309 3642 3360; x_wconf 85' lang='grc' dir='ltr'>ὲν</span> <span class='ocrx_word' id='word_1_571' title='bbox 3690 3307 3878 3378; x_wconf 79' lang='grc' dir='ltr'>καιρῷ</span> 
     </span>
    </p>
   </div>
   <div class='ocr_carea' id='block_1_78' title="bbox 2307 3400 3873 3476">
    <p class='ocr_par' dir='ltr' id='par_1_78' title="bbox 2307 3400 3873 3476">
     <span class='ocr_line' id='line_1_78' title="bbox 2307 3400 3873 3476; baseline -0.003 -19"><span class='ocrx_word' id='word_1_572' title='bbox 2307 3406 2406 3476; x_wconf 84' lang='grc' dir='ltr'>τῆς</span> <span class='ocrx_word' id='word_1_573' title='bbox 2433 3402 2724 3476; x_wconf 76' lang='grc' dir='ltr'>ἐπιδημίας</span> <span class='ocrx_word' id='word_1_574' title='bbox 2747 3402 3127 3474; x_wconf 75' lang='grc' dir='ltr'>συμϐεὸηκότα</span> <span class='ocrx_word' id='word_1_575' title='bbox 3167 3419 3226 3455; x_wconf 80' lang='grc' dir='ltr'><strong>τε</strong></span> <span class='ocrx_word' id='word_1_576' title='bbox 3257 3402 3350 3463; x_wconf 79' lang='grc' dir='ltr'><strong>καί</strong></span> <span class='ocrx_word' id='word_1_577' title='bbox 3377 3400 3873 3472; x_wconf 82' lang='grc' dir='ltr'>κεκατωρθωμένα,</span> 
     </span>
    </p>
   </div>
   <div class='ocr_carea' id='block_1_79' title="bbox 2310 3487 3877 3566">
    <p class='ocr_par' dir='ltr' id='par_1_79' title="bbox 2310 3487 3877 3566">
     <span class='ocr_line' id='line_1_79' title="bbox 2310 3487 3877 3566; baseline 0 -18"><span class='ocrx_word' id='word_1_578' title='bbox 2310 3487 2567 3558; x_wconf 72' lang='grc' dir='ltr'>ποικίλως</span> <span class='ocrx_word' id='word_1_579' title='bbox 2599 3493 2974 3566; x_wconf 79' lang='grc' dir='ltr'>βεὸαιοτέρους</span> <span class='ocrx_word' id='word_1_580' title='bbox 3005 3495 3152 3564; x_wconf 79' lang='grc' dir='ltr'>ἡμᾶς</span> <span class='ocrx_word' id='word_1_581' title='bbox 3175 3493 3254 3556; x_wconf 79' lang='grc' dir='ltr'><strong>είς</strong></span> <span class='ocrx_word' id='word_1_582' title='bbox 3277 3494 3376 3564; x_wconf 80' lang='grc' dir='ltr'><strong>τὴν</strong></span> <span class='ocrx_word' id='word_1_583' title='bbox 3411 3492 3670 3566; x_wconf 39' lang='lat' dir='ltr'><strong>summa</strong></span> <span class='ocrx_word' id='word_1_584' title='bbox 3687 3493 3877 3548; x_wconf 76' lang='grc' dir='ltr'>πίστιν</span> 
     </span>
    </p>
   </div>
   <div class='ocr_carea' id='block_1_80' title="bbox 2308 3583 3876 3657">
    <p class='ocr_par' dir='ltr' id='par_1_80' title="bbox 2308 3583 3876 3657">
     <span class='ocr_line' id='line_1_80' title="bbox 2308 3583 3876 3657; baseline -0.001 -19"><span class='ocrx_word' id='word_1_585' title='bbox 2308 3585 2627 3641; x_wconf 80' lang='grc' dir='ltr'>καθιστᾶσιν</span> <span class='ocrx_word' id='word_1_586' title='bbox 2651 3587 2700 3638; x_wconf 79' lang='lat' dir='ltr'><strong>oi</strong></span> <span class='ocrx_word' id='word_1_587' title='bbox 2733 3583 3102 3657; x_wconf 75' lang='grc' dir='ltr'>μυσταγωγοὶ,</span> <span class='ocrx_word' id='word_1_588' title='bbox 3133 3585 3225 3638; x_wconf 76' lang='grc' dir='ltr'>καὶ</span> <span class='ocrx_word' id='word_1_589' title='bbox 3249 3585 3445 3648; x_wconf 80' lang='grc' dir='ltr'>αὐτοὺς</span> <span class='ocrx_word' id='word_1_590' title='bbox 3472 3585 3528 3638; x_wconf 80' lang='grc' dir='ltr'>δὲ</span> <span class='ocrx_word' id='word_1_591' title='bbox 3551 3584 3876 3648; x_wconf 74' lang='grc' dir='ltr'>πλειστάκις</span> 
     </span>
    </p>
   </div>
   <div class='ocr_carea' id='block_1_81' title="bbox 2307 3674 3870 3747">
    <p class='ocr_par' dir='ltr' id='par_1_81' title="bbox 2307 3674 3870 3747">
     <span class='ocr_line' id='line_1_81' title="bbox 2307 3674 3870 3747; baseline 0.001 -19"><span class='ocrx_word' id='word_1_592' title='bbox 2307 3677 2610 3747; x_wconf 82' lang='grc' dir='ltr'>εὑρήσομεν</span> <span class='ocrx_word' id='word_1_593' title='bbox 2649 3674 2740 3728; x_wconf 79' lang='grc' dir='ltr'><strong>τὸν</strong></span> <span class='ocrx_word' id='word_1_594' title='bbox 2783 3677 2978 3728; x_wconf 73' lang='grc' dir='ltr'>οἰκεῖον</span> <span class='ocrx_word' id='word_1_595' title='bbox 3025 3675 3270 3728; x_wconf 76' lang='grc' dir='ltr'>ἐντεῦθεν</span> <span class='ocrx_word' id='word_1_596' title='bbox 3313 3675 3676 3745; x_wconf 72' lang='grc' dir='ltr'>ἐμποδοῦντας</span> <span class='ocrx_word' id='word_1_597' title='bbox 3720 3674 3870 3730; x_wconf 75' lang='grc' dir='ltr'>νοῦν.</span> 
     </span>
    </p>
   </div>
   <div class='ocr_carea' id='block_1_82' title="bbox 2317 3763 3869 3835">
    <p class='ocr_par' dir='ltr' id='par_1_82' title="bbox 2317 3763 3869 3835">
     <span class='ocr_line' id='line_1_82' title="bbox 2317 3763 3869 3835; baseline -0.001 -15"><span class='ocrx_word' id='word_1_598' title='bbox 2317 3767 2530 3820; x_wconf 83' lang='grc' dir='ltr'>Ὁποῖόν</span> <span class='ocrx_word' id='word_1_599' title='bbox 2575 3769 2721 3820; x_wconf 77' lang='grc' dir='ltr'>ἐστιν</span> <span class='ocrx_word' id='word_1_600' title='bbox 2774 3763 2948 3818; x_wconf 76' lang='grc' dir='ltr'>έκεῖνο</span> <span class='ocrx_word' id='word_1_601' title='bbox 3003 3765 3063 3818; x_wconf 88' lang='grc' dir='ltr'><strong>τὸ</strong></span> <span class='ocrx_word' id='word_1_602' title='bbox 3106 3764 3192 3818; x_wconf 83' lang='grc' dir='ltr'><strong>διὰ</strong></span> <span class='ocrx_word' id='word_1_603' title='bbox 3221 3769 3402 3835; x_wconf 82' lang='grc' dir='ltr'>φωνῆς</span> <span class='ocrx_word' id='word_1_604' title='bbox 3429 3765 3829 3833; x_wconf 75' lang='grc' dir='ltr'>εὐαγγελιστῶν</span> <span class='ocrx_word' id='word_1_605' title='bbox 3853 3780 3869 3795; x_wconf 78' lang='grc'><strong>⁸</strong></span> 
     </span>
    </p>
   </div>
   <div class='ocr_carea' id='block_1_83' title="bbox 2320 3855 3871 3928">
    <p class='ocr_par' dir='ltr' id='par_1_83' title="bbox 2320 3855 3871 3928">
     <span class='ocr_line' id='line_1_83' title="bbox 2320 3855 3871 3928; baseline -0.001 -17"><span class='ocrx_word' id='word_1_606' title='bbox 2320 3856 2645 3925; x_wconf 79' lang='grc' dir='ltr'>Ἐκὸέϐληκε</span> <span class='ocrx_word' id='word_1_607' title='bbox 2677 3856 2773 3925; x_wconf 74' lang='grc' dir='ltr'><strong>μὲν</strong></span> <span class='ocrx_word' id='word_1_608' title='bbox 2803 3857 2910 3925; x_wconf 83' lang='grc' dir='ltr'><strong>γὰρ</strong></span> <span class='ocrx_word' id='word_1_609' title='bbox 2937 3857 2964 3912; x_wconf 82' lang='grc' dir='ltr'><strong>ό</strong></span> <span class='ocrx_word' id='word_1_610' title='bbox 2989 3855 3190 3923; x_wconf 80' lang='grc' dir='ltr'>Κύριος</span> <span class='ocrx_word' id='word_1_611' title='bbox 3213 3855 3366 3924; x_wconf 74' lang='grc' dir='ltr'><strong>ἡμῶν</strong></span> <span class='ocrx_word' id='word_1_612' title='bbox 3406 3856 3604 3926; x_wconf 80' lang='grc' dir='ltr'>Ἰησοῦς</span> <span class='ocrx_word' id='word_1_613' title='bbox 3634 3857 3871 3928; x_wconf 84' lang='grc' dir='ltr'>Χριστὸς</span> 
     </span>
    </p>
   </div>
   <div class='ocr_carea' id='block_1_84' title="bbox 2317 3943 3868 4018">
    <p class='ocr_par' dir='ltr' id='par_1_84' title="bbox 2317 3943 3868 4018">
     <span class='ocr_line' id='line_1_84' title="bbox 2317 3943 3868 4018; baseline 0.002 -22"><span class='ocrx_word' id='word_1_614' title='bbox 2317 3965 2335 3996; x_wconf 82' lang='grc' dir='ltr'><strong>ι</strong></span> <span class='ocrx_word' id='word_1_615' title='bbox 2359 3949 2422 3999; x_wconf 79' lang='grc' dir='ltr'>ἐκ</span> <span class='ocrx_word' id='word_1_616' title='bbox 2449 3944 2542 3999; x_wconf 76' lang='grc' dir='ltr'>τοῦ</span> <span class='ocrx_word' id='word_1_617' title='bbox 2573 3943 2720 4018; x_wconf 76' lang='grc' dir='ltr'>ἱεροῦ</span> <span class='ocrx_word' id='word_1_618' title='bbox 2762 3945 2888 4007; x_wconf 83' lang='grc' dir='ltr'>τοὺς</span> <span class='ocrx_word' id='word_1_619' title='bbox 2933 3944 3244 4006; x_wconf 74' lang='grc' dir='ltr'>πωλοῦντας</span> <span class='ocrx_word' id='word_1_620' title='bbox 3291 3944 3534 4014; x_wconf 80' lang='grc' dir='ltr'>πρόϐατα</span> <span class='ocrx_word' id='word_1_621' title='bbox 3605 3947 3695 3998; x_wconf 78' lang='grc' dir='ltr'>καὶ</span> <span class='ocrx_word' id='word_1_622' title='bbox 3740 3947 3868 4009; x_wconf 71' lang='grc' dir='ltr'>τοὺς</span> 
     </span>
    </p>
   </div>
   <div class='ocr_carea' id='block_1_85' title="bbox 2308 4025 3864 4110">
    <p class='ocr_par' dir='ltr' id='par_1_85' title="bbox 2308 4025 3864 4110">
     <span class='ocr_line' id='line_1_85' title="bbox 2308 4025 3864 4110; baseline 0.001 -18"><span class='ocrx_word' id='word_1_623' title='bbox 2308 4038 2455 4109; x_wconf 85' lang='grc' dir='ltr'>βόας,</span> <span class='ocrx_word' id='word_1_624' title='bbox 2487 4036 2582 4090; x_wconf 76' lang='grc' dir='ltr'>καὶ</span> <span class='ocrx_word' id='word_1_625' title='bbox 2610 4037 2706 4100; x_wconf 84' lang='grc' dir='ltr'><strong>τὰς</strong></span> <span class='ocrx_word' id='word_1_626' title='bbox 2733 4035 3006 4106; x_wconf 75' lang='grc' dir='ltr'>τραπέζας</span> <span class='ocrx_word' id='word_1_627' title='bbox 3031 4035 3289 4106; x_wconf 75' lang='grc' dir='ltr'>ἀνέτρεψε</span> <span class='ocrx_word' id='word_1_628' title='bbox 3301 4037 3408 4090; x_wconf 82' lang='grc' dir='ltr'><strong>τῶν</strong></span> <span class='ocrx_word' id='word_1_629' title='bbox 3433 4025 3864 4110; x_wconf 69' lang='grc' dir='ltr'>κολ[λ]ὗ6ιστῶν.</span> 
     </span>
    </p>
   </div>
   <div class='ocr_carea' id='block_1_86' title="bbox 2306 4126 3906 4200">
    <p class='ocr_par' dir='ltr' id='par_1_86' title="bbox 2306 4126 3906 4200">
     <span class='ocr_line' id='line_1_86' title="bbox 2306 4126 3906 4200; baseline 0.001 -18"><span class='ocrx_word' id='word_1_630' title='bbox 2306 4128 2415 4183; x_wconf 80' lang='grc' dir='ltr'><strong>Καὶ</strong></span> <span class='ocrx_word' id='word_1_631' title='bbox 2438 4128 2667 4200; x_wconf 86' lang='grc' dir='ltr'>ποιήσας</span> <span class='ocrx_word' id='word_1_632' title='bbox 2695 4127 2826 4182; x_wconf 81' lang='grc' dir='ltr'>ὡσεὶ</span> <span class='ocrx_word' id='word_1_633' title='bbox 2864 4126 3189 4200; x_wconf 82' lang='grc' dir='ltr'>φραγγέλιον</span> <span class='ocrx_word' id='word_1_634' title='bbox 3217 4128 3280 4181; x_wconf 78' lang='grc' dir='ltr'>ἐκ</span> <span class='ocrx_word' id='word_1_635' title='bbox 3313 4128 3557 4199; x_wconf 83' lang='grc' dir='ltr'>σχοινίων</span> <span class='ocrx_word' id='word_1_636' title='bbox 3577 4169 3592 4194; x_wconf 93' lang='grc'><strong>,</strong></span> <span class='ocrx_word' id='word_1_637' title='bbox 3617 4149 3634 4182; x_wconf 86' lang='grc' dir='ltr'><strong>ι</strong></span> <span class='ocrx_word' id='word_1_638' title='bbox 3658 4133 3868 4194; x_wconf 82' lang='grc' dir='ltr'>πάντας</span> <span class='ocrx_word' id='word_1_639' title='bbox 3895 4168 3906 4172; x_wconf 94' lang='grc'><strong>-</strong></span> 
     </span>
    </p>
   </div>
   <div class='ocr_carea' id='block_1_87' title="bbox 2305 4216 3866 4296">
    <p class='ocr_par' dir='ltr' id='par_1_87' title="bbox 2305 4216 3866 4296">
     <span class='ocr_line' id='line_1_87' title="bbox 2305 4216 3866 4296; baseline 0.003 -24"><span class='ocrx_word' id='word_1_640' title='bbox 2305 4219 2743 4296; x_wconf 38' lang='grc' dir='ltr'>ἐξέϐαλεηλέγων</span> <span class='ocrx_word' id='word_1_641' title='bbox 2762 4234 2776 4248; x_wconf 87' lang='grc'>⁶</span> <span class='ocrx_word' id='word_1_642' title='bbox 2807 4220 2900 4290; x_wconf 83' lang='grc' dir='ltr'><strong>Μὴ</strong></span> <span class='ocrx_word' id='word_1_643' title='bbox 2930 4221 3137 4273; x_wconf 76' lang='grc' dir='ltr'>ποιεῖτε</span> <span class='ocrx_word' id='word_1_644' title='bbox 3185 4222 3274 4274; x_wconf 80' lang='grc' dir='ltr'>τὸν</span> <span class='ocrx_word' id='word_1_645' title='bbox 3309 4216 3462 4290; x_wconf 77' lang='grc' dir='ltr'>οἷκον</span> <span class='ocrx_word' id='word_1_646' title='bbox 3507 4221 3621 4275; x_wconf 49' lang='grc' dir='ltr'>τοῦδ</span> <span class='ocrx_word' id='word_1_647' title='bbox 3649 4223 3866 4294; x_wconf 82' lang='grc' dir='ltr'>Πατρός</span> 
     </span>
    </p>
   </div>
   <div class='ocr_carea' id='block_1_88' title="bbox 2307 4307 3865 4385">
    <p class='ocr_par' dir='ltr' id='par_1_88' title="bbox 2307 4307 3865 4385">
     <span class='ocr_line' id='line_1_88' title="bbox 2307 4307 3865 4385; baseline 0 -19"><span class='ocrx_word' id='word_1_648' title='bbox 2307 4331 2405 4385; x_wconf 85' lang='grc' dir='ltr'><strong>μου</strong></span> <span class='ocrx_word' id='word_1_649' title='bbox 2432 4307 2578 4366; x_wconf 77' lang='grc' dir='ltr'>οἷκον</span> <span class='ocrx_word' id='word_1_650' title='bbox 2611 4311 2892 4382; x_wconf 79' lang='grc' dir='ltr'>ἐμπορίου.</span> <span class='ocrx_word' id='word_1_651' title='bbox 2930 4331 2948 4364; x_wconf 75' lang='grc' dir='ltr'><strong>ι</strong></span> <span class='ocrx_word' id='word_1_652' title='bbox 2986 4313 3092 4366; x_wconf 73' lang='grc' dir='ltr'>Καὶ</span> <span class='ocrx_word' id='word_1_653' title='bbox 3117 4313 3171 4366; x_wconf 84' lang='grc' dir='ltr'><strong>τί</strong></span> <span class='ocrx_word' id='word_1_654' title='bbox 3193 4313 3252 4366; x_wconf 83' lang='grc' dir='ltr'><strong>τὸ</strong></span> <span class='ocrx_word' id='word_1_655' title='bbox 3278 4312 3558 4381; x_wconf 71' lang='grc' dir='ltr'>ἐντεῦθενς</span> <span class='ocrx_word' id='word_1_656' title='bbox 3608 4334 3627 4366; x_wconf 82' lang='grc' dir='ltr'><strong>ι</strong></span> <span class='ocrx_word' id='word_1_657' title='bbox 3664 4314 3865 4385; x_wconf 80' lang='grc' dir='ltr'>Ἐμνή-</span> 
     </span>
    </p>
   </div>
   <div class='ocr_carea' id='block_1_89' title="bbox 2308 4402 3865 4478">
    <p class='ocr_par' dir='ltr' id='par_1_89' title="bbox 2308 4402 3865 4478">
     <span class='ocr_line' id='line_1_89' title="bbox 2308 4402 3865 4478; baseline 0.003 -22"><span class='ocrx_word' id='word_1_658' title='bbox 2308 4404 2534 4473; x_wconf 88' lang='grc' dir='ltr'>σθησαν,</span> <span class='ocrx_word' id='word_1_659' title='bbox 2569 4404 2752 4473; x_wconf 73' lang='grc' dir='ltr'>φησὶν,</span> <span class='ocrx_word' id='word_1_660' title='bbox 2798 4405 3116 4475; x_wconf 53' lang='grc' dir='ltr'>οίνμαθηταὶ</span> <span class='ocrx_word' id='word_1_661' title='bbox 3161 4405 3342 4472; x_wconf 78' lang='grc' dir='ltr'>αὐτοῦ,</span> <span class='ocrx_word' id='word_1_662' title='bbox 3380 4407 3460 4460; x_wconf 82' lang='grc' dir='ltr'><strong>ὅτι</strong></span> <span class='ocrx_word' id='word_1_663' title='bbox 3502 4402 3571 4478; x_wconf 79' lang='grc' dir='ltr'>ἦν</span> <span class='ocrx_word' id='word_1_664' title='bbox 3613 4423 3865 4478; x_wconf 83' lang='grc' dir='ltr'>γεγραμ-</span> 
     </span>
    </p>
   </div>
   <div class='ocr_carea' id='block_1_90' title="bbox 651 4479 2204 4570">
    <p class='ocr_par' dir='ltr' id='par_1_90' title="bbox 651 4479 2201 4551">
     <span class='ocr_line' id='line_1_90' title="bbox 651 4479 2201 4551; baseline 0.001 -20"><span class='ocrx_word' id='word_1_665' title='bbox 651 4479 863 4547; x_wconf 88' lang='lat' dir='ltr'><strong>quando</strong></span> <span class='ocrx_word' id='word_1_666' title='bbox 897 4480 1260 4550; x_wconf 87' lang='lat' dir='ltr'><strong>suspicaretur</strong></span> <span class='ocrx_word' id='word_1_667' title='bbox 1319 4483 1638 4551; x_wconf 83' lang='lat' dir='ltr'><strong>desponsam</strong></span> <span class='ocrx_word' id='word_1_668' title='bbox 1675 4481 1778 4536; x_wconf 92' lang='lat' dir='ltr'><strong>sibi</strong></span> <span class='ocrx_word' id='word_1_669' title='bbox 1805 4482 2066 4550; x_wconf 78' lang='lat' dir='ltr'><strong>virginem</strong></span> <span class='ocrx_word' id='word_1_670' title='bbox 2103 4481 2201 4540; x_wconf 86' lang='lat' dir='ltr'><strong>im-</strong></span> 
     </span>
    </p>
   </div>
   <div class='ocr_carea' id='block_1_91' title="bbox 2306 4479 3855 4570">
    <p class='ocr_par' dir='ltr' id='par_1_91' title="bbox 2310 4491 3855 4570">
     <span class='ocr_line' id='line_1_91' title="bbox 2310 4491 3855 4570; baseline 0.005 -26"><span class='ocrx_word' id='word_1_671' title='bbox 2310 4493 2467 4561; x_wconf 77' lang='grc' dir='ltr'>μένον</span> <span class='ocrx_word' id='word_1_672' title='bbox 2496 4511 2508 4522; x_wconf 73' lang='grc'><strong>”</strong></span> <span class='ocrx_word' id='word_1_673' title='bbox 2550 4493 2606 4545; x_wconf 85' lang='lat'><strong>&#39;0</strong></span> <span class='ocrx_word' id='word_1_674' title='bbox 2636 4491 2797 4562; x_wconf 72' lang='grc' dir='ltr'>ζῆλος</span> <span class='ocrx_word' id='word_1_675' title='bbox 2839 4495 2932 4549; x_wconf 81' lang='grc' dir='ltr'>τοῦ</span> <span class='ocrx_word' id='word_1_676' title='bbox 2971 4495 3134 4549; x_wconf 74' lang='grc' dir='ltr'>οἴκου</span> <span class='ocrx_word' id='word_1_677' title='bbox 3158 4514 3252 4551; x_wconf 91' lang='grc' dir='ltr'><strong>σου</strong></span> <span class='ocrx_word' id='word_1_678' title='bbox 3293 4499 3664 4567; x_wconf 82' lang='grc' dir='ltr'>καταφάγεταί</span> <span class='ocrx_word' id='word_1_679' title='bbox 3705 4513 3798 4570; x_wconf 87' lang='grc' dir='ltr'>με.</span> <span class='ocrx_word' id='word_1_680' title='bbox 3837 4517 3855 4551; x_wconf 86' lang='grc'>›</span> 
     </span>
    </p>
   </div>
   <div class='ocr_carea' id='block_1_92' title="bbox 652 4560 2201 4639">
    <p class='ocr_par' dir='ltr' id='par_1_92' title="bbox 652 4560 2201 4639">
     <span class='ocr_line' id='line_1_92' title="bbox 652 4560 2201 4639; baseline 0.001 -16"><span class='ocrx_word' id='word_1_681' title='bbox 652 4569 912 4623; x_wconf 87' lang='lat' dir='ltr'><strong>minutam</strong></span> <span class='ocrx_word' id='word_1_682' title='bbox 941 4584 1081 4636; x_wconf 83' lang='lat' dir='ltr'><strong>esse,</strong></span> <span class='ocrx_word' id='word_1_683' title='bbox 1107 4569 1377 4636; x_wconf 88' lang='lat' dir='ltr'><strong>velletque</strong></span> <span class='ocrx_word' id='word_1_684' title='bbox 1400 4569 1537 4624; x_wconf 86' lang='lat' dir='ltr'><strong>clam</strong></span> <span class='ocrx_word' id='word_1_685' title='bbox 1565 4560 1858 4634; x_wconf 87' lang='lat' dir='ltr'><strong>dimittere,</strong></span> <span class='ocrx_word' id='word_1_686' title='bbox 1888 4590 1908 4622; x_wconf 78' lang='grc' dir='ltr'><strong>ι</strong></span> <span class='ocrx_word' id='word_1_687' title='bbox 1940 4571 2201 4639; x_wconf 82' lang='lat' dir='ltr'><strong>Apparuit</strong></span> 
     </span>
    </p>
   </div>
   <div class='ocr_carea' id='block_1_93' title="bbox 623 4655 2198 4734">
    <p class='ocr_par' dir='ltr' id='par_1_93' title="bbox 623 4655 2198 4734">
     <span class='ocr_line' id='line_1_93' title="bbox 623 4655 2198 4734; baseline 0.001 -22"><span class='ocrx_word' id='word_1_688' title='bbox 623 4655 956 4734; x_wconf 73' lang='lat' dir='ltr'><strong>‘eiaugelus</strong></span> <span class='ocrx_word' id='word_1_689' title='bbox 990 4655 1198 4711; x_wconf 88' lang='lat' dir='ltr'><strong>Domini</strong></span> <span class='ocrx_word' id='word_1_690' title='bbox 1233 4658 1290 4711; x_wconf 86' lang='lat' dir='ltr'><strong>in.</strong></span> <span class='ocrx_word' id='word_1_691' title='bbox 1319 4659 1554 4724; x_wconf 87' lang='lat' dir='ltr'><strong>somnis,</strong></span> <span class='ocrx_word' id='word_1_692' title='bbox 1589 4660 1773 4714; x_wconf 85' lang='lat' dir='ltr'><strong>dicens</strong></span> <span class='ocrx_word' id='word_1_693' title='bbox 1811 4680 1825 4714; x_wconf 92' lang='lat'><strong>:</strong></span> <span class='ocrx_word' id='word_1_694' title='bbox 1859 4660 2087 4728; x_wconf 62' lang='lat' dir='ltr'><strong>Ioseph,</strong></span> <span class='ocrx_word' id='word_1_695' title='bbox 2122 4661 2198 4714; x_wconf 81' lang='lat' dir='ltr'><strong>ﬁli</strong></span> 
     </span>
    </p>
   </div>
   <div class='ocr_carea' id='block_1_94' title="bbox 649 4745 2192 4820">
    <p class='ocr_par' dir='ltr' id='par_1_94' title="bbox 649 4745 2192 4820">
     <span class='ocr_line' id='line_1_94' title="bbox 649 4745 2192 4820; baseline 0.002 -19"><span class='ocrx_word' id='word_1_696' title='bbox 649 4749 838 4811; x_wconf 86' lang='lat' dir='ltr'><strong>David,</strong></span> <span class='ocrx_word' id='word_1_697' title='bbox 863 4745 971 4802; x_wconf 93' lang='lat' dir='ltr'><strong>noli</strong></span> <span class='ocrx_word' id='word_1_698' title='bbox 1002 4747 1191 4802; x_wconf 87' lang='lat' dir='ltr'><strong>timere</strong></span> <span class='ocrx_word' id='word_1_699' title='bbox 1214 4747 1457 4817; x_wconf 70' lang='lat' dir='ltr'><strong>accipere</strong></span> <span class='ocrx_word' id='word_1_700' title='bbox 1478 4749 1700 4803; x_wconf 81' lang='lat' dir='ltr'><strong>Mariam</strong></span> <span class='ocrx_word' id='word_1_701' title='bbox 1726 4751 2003 4820; x_wconf 71' lang='lat' dir='ltr'><strong>coniugem</strong></span> <span class='ocrx_word' id='word_1_702' title='bbox 2030 4763 2192 4806; x_wconf 87' lang='lat' dir='ltr'><strong>tuam.</strong></span> 
     </span>
    </p>
   </div>
   <div class='ocr_carea' id='block_1_95' title="bbox 647 4835 2193 4908">
    <p class='ocr_par' dir='ltr' id='par_1_95' title="bbox 647 4835 2193 4908">
     <span class='ocr_line' id='line_1_95' title="bbox 647 4835 2193 4908; baseline 0 -17"><span class='ocrx_word' id='word_1_703' title='bbox 647 4837 798 4908; x_wconf 83' lang='lat' dir='ltr'><strong>Quod</strong></span> <span class='ocrx_word' id='word_1_704' title='bbox 828 4837 970 4892; x_wconf 90' lang='lat' dir='ltr'><strong>enim</strong></span> <span class='ocrx_word' id='word_1_705' title='bbox 1003 4836 1056 4892; x_wconf 90' lang='lat' dir='ltr'><strong>in</strong></span> <span class='ocrx_word' id='word_1_706' title='bbox 1085 4850 1150 4891; x_wconf 87' lang='lat' dir='ltr'><strong>ea</strong></span> <span class='ocrx_word' id='word_1_707' title='bbox 1184 4845 1368 4891; x_wconf 87' lang='lat' dir='ltr'><strong>natum</strong></span> <span class='ocrx_word' id='word_1_708' title='bbox 1397 4844 1510 4900; x_wconf 85' lang='lat' dir='ltr'><strong>est,</strong></span> <span class='ocrx_word' id='word_1_709' title='bbox 1543 4837 1611 4892; x_wconf 88' lang='lat' dir='ltr'><strong>de</strong></span> <span class='ocrx_word' id='word_1_710' title='bbox 1642 4835 1843 4906; x_wconf 88' lang='lat' dir='ltr'><strong>Spiritu</strong></span> <span class='ocrx_word' id='word_1_711' title='bbox 1875 4849 2061 4895; x_wconf 86' lang='lat' dir='ltr'><strong>sancto</strong></span> <span class='ocrx_word' id='word_1_712' title='bbox 2093 4849 2193 4895; x_wconf 82' lang='lat' dir='ltr'><strong>est.</strong></span> 
     </span>
    </p>
   </div>
   <div class='ocr_carea' id='block_1_96' title="bbox 646 4913 2194 5000">
    <p class='ocr_par' dir='ltr' id='par_1_96' title="bbox 646 4913 2194 5000">
     <span class='ocr_line' id='line_1_96' title="bbox 646 4913 2194 5000; baseline -0.001 -13"><span class='ocrx_word' id='word_1_713' title='bbox 646 4929 824 4987; x_wconf 77' lang='lat' dir='ltr'><strong>Par-iet</strong></span> <span class='ocrx_word' id='word_1_714' title='bbox 851 4939 1027 4984; x_wconf 89' lang='lat' dir='ltr'><strong>autem</strong></span> <span class='ocrx_word' id='word_1_715' title='bbox 1057 4928 1256 4996; x_wconf 86' lang='lat' dir='ltr'><strong>lilium,</strong></span> <span class='ocrx_word' id='word_1_716' title='bbox 1283 4935 1338 4982; x_wconf 93' lang='lat' dir='ltr'><strong>et</strong></span> <span class='ocrx_word' id='word_1_717' title='bbox 1362 4926 1580 4982; x_wconf 88' lang='lat' dir='ltr'><strong>vocabis</strong></span> <span class='ocrx_word' id='word_1_718' title='bbox 1609 4942 1800 4983; x_wconf 85' lang='lat' dir='ltr'><strong>nomen</strong></span> <span class='ocrx_word' id='word_1_719' title='bbox 1827 4913 1946 5000; x_wconf 84' lang='lat' dir='ltr'><strong>ejus</strong></span> <span class='ocrx_word' id='word_1_720' title='bbox 1968 4929 2150 4986; x_wconf 77' lang='lat' dir='ltr'><strong>Jesum</strong></span> <span class='ocrx_word' id='word_1_721' title='bbox 2181 4948 2194 4985; x_wconf 92' lang='lat'>:</span> 
     </span>
    </p>
   </div>
   <div class='ocr_carea' id='block_1_97' title="bbox 646 5017 2197 5090">
    <p class='ocr_par' dir='ltr' id='par_1_97' title="bbox 646 5017 2197 5090">
     <span class='ocr_line' id='line_1_97' title="bbox 646 5017 2197 5090; baseline 0.001 -17"><span class='ocrx_word' id='word_1_722' title='bbox 646 5021 760 5090; x_wconf 90' lang='lat' dir='ltr'><strong>ipse</strong></span> <span class='ocrx_word' id='word_1_723' title='bbox 777 5022 920 5075; x_wconf 91' lang='lat' dir='ltr'><strong>enim</strong></span> <span class='ocrx_word' id='word_1_724' title='bbox 946 5021 1152 5076; x_wconf 87' lang='lat' dir='ltr'><strong>salvum</strong></span> <span class='ocrx_word' id='word_1_725' title='bbox 1172 5017 1335 5076; x_wconf 74' lang='lat' dir='ltr'><strong>faciet</strong></span> <span class='ocrx_word' id='word_1_726' title='bbox 1353 5017 1604 5089; x_wconf 88' lang='lat' dir='ltr'><strong>populum</strong></span> <span class='ocrx_word' id='word_1_727' title='bbox 1630 5032 1784 5074; x_wconf 87' lang='lat' dir='ltr'><strong>suum</strong></span> <span class='ocrx_word' id='word_1_728' title='bbox 1801 5035 1830 5074; x_wconf 90' lang='lat' dir='ltr'><strong>a</strong></span> <span class='ocrx_word' id='word_1_729' title='bbox 1849 5021 2080 5090; x_wconf 88' lang='lat' dir='ltr'><strong>peccatis</strong></span> <span class='ocrx_word' id='word_1_730' title='bbox 2105 5036 2197 5076; x_wconf 86' lang='lat' dir='ltr'><strong>eo-</strong></span> 
     </span>
    </p>
   </div>
   <div class='ocr_carea' id='block_1_98' title="bbox 644 5108 2196 5168">
    <p class='ocr_par' dir='ltr' id='par_1_98' title="bbox 644 5108 2196 5168">
     <span class='ocr_line' id='line_1_98' title="bbox 644 5108 2196 5168; baseline 0.001 -1"><span class='ocrx_word' id='word_1_731' title='bbox 644 5125 760 5167; x_wconf 88' lang='lat' dir='ltr'><strong>rum</strong></span> <span class='ocrx_word' id='word_1_732' title='bbox 786 5112 851 5165; x_wconf 82' lang='lat'><strong>&quot;.</strong></span> <span class='ocrx_word' id='word_1_733' title='bbox 894 5129 912 5162; x_wconf 78' lang='grc' dir='ltr'><strong>ι</strong></span> <span class='ocrx_word' id='word_1_734' title='bbox 951 5109 1073 5165; x_wconf 81' lang='lat' dir='ltr'><strong>Mox</strong></span> <span class='ocrx_word' id='word_1_735' title='bbox 1105 5112 1379 5167; x_wconf 87' lang='lat' dir='ltr'><strong>oraculum</strong></span> <span class='ocrx_word' id='word_1_736' title='bbox 1413 5119 1656 5166; x_wconf 84' lang='lat' dir='ltr'><strong>sanctum</strong></span> <span class='ocrx_word' id='word_1_737' title='bbox 1690 5108 1818 5168; x_wconf 80' lang='lat' dir='ltr'><strong>huic</strong></span> <span class='ocrx_word' id='word_1_738' title='bbox 1848 5111 1924 5166; x_wconf 89' lang='lat' dir='ltr'><strong>rei</strong></span> <span class='ocrx_word' id='word_1_739' title='bbox 1959 5113 2196 5168; x_wconf 84' lang='lat' dir='ltr'><strong>certissi-</strong></span> 
     </span>
    </p>
   </div>
   <div class='ocr_carea' id='block_1_99' title="bbox 645 5200 2197 5274">
    <p class='ocr_par' dir='ltr' id='par_1_99' title="bbox 645 5200 2197 5274">
     <span class='ocr_line' id='line_1_99' title="bbox 645 5200 2197 5274; baseline 0.001 -17"><span class='ocrx_word' id='word_1_740' title='bbox 645 5217 786 5258; x_wconf 90' lang='lat' dir='ltr'><strong>mam</strong></span> <span class='ocrx_word' id='word_1_741' title='bbox 821 5201 980 5256; x_wconf 83' lang='lat' dir='ltr'><strong>ﬂdem</strong></span> <span class='ocrx_word' id='word_1_742' title='bbox 1011 5202 1278 5257; x_wconf 87' lang='lat' dir='ltr'><strong>conciliat.</strong></span> <span class='ocrx_word' id='word_1_743' title='bbox 1306 5202 1562 5274; x_wconf 82' lang='lat' dir='ltr'><strong>Sequitur</strong></span> <span class='ocrx_word' id='word_1_744' title='bbox 1586 5200 1731 5258; x_wconf 88' lang='lat' dir='ltr'><strong>enim</strong></span> <span class='ocrx_word' id='word_1_745' title='bbox 1765 5201 1821 5256; x_wconf 90' lang='lat' dir='ltr'><strong>in</strong></span> <span class='ocrx_word' id='word_1_746' title='bbox 1853 5202 1966 5256; x_wconf 83' lang='lat' dir='ltr'><strong>haec</strong></span> <span class='ocrx_word' id='word_1_747' title='bbox 1992 5205 2152 5258; x_wconf 87' lang='lat' dir='ltr'><strong>verba</strong></span> <span class='ocrx_word' id='word_1_748' title='bbox 2183 5221 2197 5258; x_wconf 91' lang='lat'><strong>:</strong></span> 
     </span>
    </p>
   </div>
   <div class='ocr_carea' id='block_1_100' title="bbox 648 5291 2202 5364">
    <p class='ocr_par' dir='ltr' id='par_1_100' title="bbox 648 5291 2202 5364">
     <span class='ocr_line' id='line_1_100' title="bbox 648 5291 2202 5364; baseline 0.003 -17"><span class='ocrx_word' id='word_1_749' title='bbox 648 5313 668 5347; x_wconf 80' lang='grc' dir='ltr'><strong>ι</strong></span> <span class='ocrx_word' id='word_1_750' title='bbox 705 5291 820 5349; x_wconf 87' lang='lat' dir='ltr'><strong>lloc</strong></span> <span class='ocrx_word' id='word_1_751' title='bbox 849 5303 1025 5349; x_wconf 87' lang='lat' dir='ltr'><strong>autem</strong></span> <span class='ocrx_word' id='word_1_752' title='bbox 1057 5301 1226 5348; x_wconf 90' lang='lat' dir='ltr'><strong>totum</strong></span> <span class='ocrx_word' id='word_1_753' title='bbox 1256 5293 1456 5350; x_wconf 79' lang='lat' dir='ltr'><strong>factum</strong></span> <span class='ocrx_word' id='word_1_754' title='bbox 1484 5303 1597 5361; x_wconf 88' lang='lat' dir='ltr'><strong>est,</strong></span> <span class='ocrx_word' id='word_1_755' title='bbox 1631 5302 1691 5349; x_wconf 92' lang='lat' dir='ltr'><strong>ut</strong></span> <span class='ocrx_word' id='word_1_756' title='bbox 1719 5291 2031 5364; x_wconf 88' lang='lat' dir='ltr'><strong>impleretur</strong></span> <span class='ocrx_word' id='word_1_757' title='bbox 2059 5297 2202 5364; x_wconf 90' lang='lat' dir='ltr'><strong>quod</strong></span> 
     </span>
    </p>
   </div>
   <div class='ocr_carea' id='block_1_101' title="bbox 643 5382 2202 5456">
    <p class='ocr_par' dir='ltr' id='par_1_101' title="bbox 643 5382 2202 5456">
     <span class='ocr_line' id='line_1_101' title="bbox 643 5382 2202 5456; baseline 0.003 -19"><span class='ocrx_word' id='word_1_758' title='bbox 643 5387 842 5438; x_wconf 83' lang='lat' dir='ltr'><strong>dictum</strong></span> <span class='ocrx_word' id='word_1_759' title='bbox 882 5391 966 5437; x_wconf 84' lang='lat' dir='ltr'><strong>est</strong></span> <span class='ocrx_word' id='word_1_760' title='bbox 1002 5396 1097 5450; x_wconf 89' lang='lat' dir='ltr'><strong>per</strong></span> <span class='ocrx_word' id='word_1_761' title='bbox 1131 5382 1318 5438; x_wconf 82' lang='lat' dir='ltr'><strong>Isaiam</strong></span> <span class='ocrx_word' id='word_1_762' title='bbox 1359 5385 1677 5456; x_wconf 83' lang='lat' dir='ltr'><strong>prophetam</strong></span> <span class='ocrx_word' id='word_1_763' title='bbox 1715 5385 1978 5440; x_wconf 71' lang='lat' dir='ltr'><strong>dicentem</strong></span> <span class='ocrx_word' id='word_1_764' title='bbox 2013 5402 2026 5440; x_wconf 88' lang='lat'><strong>:</strong></span> <span class='ocrx_word' id='word_1_765' title='bbox 2066 5385 2202 5441; x_wconf 86' lang='lat' dir='ltr'><strong>Ecce</strong></span> 
     </span>
    </p>
   </div>
   <div class='ocr_carea' id='block_1_102' title="bbox 644 5471 2200 5541">
    <p class='ocr_par' dir='ltr' id='par_1_102' title="bbox 644 5471 2200 5541">
     <span class='ocr_line' id='line_1_102' title="bbox 644 5471 2200 5541; baseline 0.004 -17"><span class='ocrx_word' id='word_1_766' title='bbox 644 5472 791 5540; x_wconf 84' lang='lat' dir='ltr'><strong>virgo</strong></span> <span class='ocrx_word' id='word_1_767' title='bbox 819 5471 1107 5540; x_wconf 87' lang='lat' dir='ltr'><strong>concipiet,</strong></span> <span class='ocrx_word' id='word_1_768' title='bbox 1133 5479 1187 5528; x_wconf 88' lang='lat' dir='ltr'><strong>et</strong></span> <span class='ocrx_word' id='word_1_769' title='bbox 1215 5471 1388 5541; x_wconf 88' lang='lat' dir='ltr'><strong>pariet</strong></span> <span class='ocrx_word' id='word_1_770' title='bbox 1415 5473 1683 5539; x_wconf 48' lang='lat' dir='ltr'><strong>liliumyet</strong></span> <span class='ocrx_word' id='word_1_771' title='bbox 1703 5475 1984 5530; x_wconf 79' lang='lat' dir='ltr'><strong>vocabitur</strong></span> <span class='ocrx_word' id='word_1_772' title='bbox 2007 5489 2200 5532; x_wconf 88' lang='lat' dir='ltr'><strong>nomen</strong></span> 
     </span>
    </p>
   </div>
   <div class='ocr_carea' id='block_1_103' title="bbox 2303 4581 3860 4658">
    <p class='ocr_par' dir='ltr' id='par_1_103' title="bbox 2303 4581 3860 4658">
     <span class='ocr_line' id='line_1_103' title="bbox 2303 4581 3860 4658; baseline 0.005 -23"><span class='ocrx_word' id='word_1_773' title='bbox 2303 4581 2548 4652; x_wconf 80' lang='grc' dir='ltr'>Οίηθέντι</span> <span class='ocrx_word' id='word_1_774' title='bbox 2605 4584 2662 4638; x_wconf 79' lang='grc' dir='ltr'>δέ</span> <span class='ocrx_word' id='word_1_775' title='bbox 2727 4602 2854 4639; x_wconf 85' lang='grc' dir='ltr'>ποτε</span> <span class='ocrx_word' id='word_1_776' title='bbox 2915 4585 2990 4656; x_wconf 81' lang='grc' dir='ltr'><strong>τῷ</strong></span> <span class='ocrx_word' id='word_1_777' title='bbox 3041 4587 3236 4657; x_wconf 76' lang='grc' dir='ltr'>Ἰωσήφ</span> <span class='ocrx_word' id='word_1_778' title='bbox 3286 4588 3384 4657; x_wconf 75' lang='grc' dir='ltr'><strong>τὴν</strong></span> <span class='ocrx_word' id='word_1_779' title='bbox 3438 4589 3860 4658; x_wconf 60' lang='grc' dir='ltr'>μνηστευθεῶαν</span> 
     </span>
    </p>
   </div>
   <div class='ocr_carea' id='block_1_104' title="bbox 2303 4674 3857 4748">
    <p class='ocr_par' dir='ltr' id='par_1_104' title="bbox 2303 4674 3857 4748">
     <span class='ocr_line' id='line_1_104' title="bbox 2303 4674 3857 4748; baseline 0.005 -21"><span class='ocrx_word' id='word_1_780' title='bbox 2303 4674 2450 4746; x_wconf 80' lang='grc' dir='ltr'>αὐτῷ</span> <span class='ocrx_word' id='word_1_781' title='bbox 2479 4675 2797 4748; x_wconf 77' lang='grc' dir='ltr'>διεφθάρθαι</span> <span class='ocrx_word' id='word_1_782' title='bbox 2825 4677 3111 4748; x_wconf 80' lang='grc' dir='ltr'>παρθένον,</span> <span class='ocrx_word' id='word_1_783' title='bbox 3135 4678 3371 4732; x_wconf 82' lang='grc' dir='ltr'>ὲθέλοντί</span> <span class='ocrx_word' id='word_1_784' title='bbox 3406 4696 3463 4730; x_wconf 89' lang='grc' dir='ltr'><strong>τε</strong></span> <span class='ocrx_word' id='word_1_785' title='bbox 3506 4678 3678 4748; x_wconf 86' lang='grc' dir='ltr'>λάθρα</span> <span class='ocrx_word' id='word_1_786' title='bbox 3718 4681 3857 4733; x_wconf 79' lang='grc' dir='ltr'>ἀπο-</span> 
     </span>
    </p>
   </div>
   <div class='ocr_carea' id='block_1_105' title="bbox 2301 4761 3858 4843">
    <p class='ocr_par' dir='ltr' id='par_1_105' title="bbox 2301 4761 3858 4843">
     <span class='ocr_line' id='line_1_105' title="bbox 2301 4761 3858 4843; baseline 0.004 -28"><span class='ocrx_word' id='word_1_787' title='bbox 2301 4761 2455 4843; x_wconf 80' lang='grc' dir='ltr'>λῦσαι</span> <span class='ocrx_word' id='word_1_788' title='bbox 2505 4766 2693 4838; x_wconf 78' lang='grc' dir='ltr'>αὐτὴν,</span> <span class='ocrx_word' id='word_1_789' title='bbox 2734 4787 2756 4830; x_wconf 41' lang='grc' dir='ltr'><strong>ι,</strong></span> <span class='ocrx_word' id='word_1_790' title='bbox 2779 4768 2975 4838; x_wconf 83' lang='grc' dir='ltr'>Ὤφθη,</span> <span class='ocrx_word' id='word_1_791' title='bbox 3009 4769 3190 4838; x_wconf 75' lang='grc' dir='ltr'>φησὶν,</span> <span class='ocrx_word' id='word_1_792' title='bbox 3232 4765 3455 4835; x_wconf 77' lang='grc' dir='ltr'>ἄγγελος</span> <span class='ocrx_word' id='word_1_793' title='bbox 3489 4768 3691 4840; x_wconf 81' lang='grc' dir='ltr'>Κυρίου</span> <span class='ocrx_word' id='word_1_794' title='bbox 3737 4770 3858 4822; x_wconf 83' lang='grc' dir='ltr'>κατ’</span> 
     </span>
    </p>
   </div>
   <div class='ocr_carea' id='block_1_106' title="bbox 2301 4847 3860 4926">
    <p class='ocr_par' dir='ltr' id='par_1_106' title="bbox 2301 4847 3860 4926">
     <span class='ocr_line' id='line_1_106' title="bbox 2301 4847 3860 4926; baseline 0.004 -23"><span class='ocrx_word' id='word_1_795' title='bbox 2301 4849 2451 4924; x_wconf 77' lang='grc' dir='ltr'>ὄναρ,</span> <span class='ocrx_word' id='word_1_796' title='bbox 2486 4851 2657 4922; x_wconf 85' lang='grc' dir='ltr'>λέγων</span> <span class='ocrx_word' id='word_1_797' title='bbox 2677 4870 2690 4883; x_wconf 78' lang='grc'><strong>⁸</strong></span> <span class='ocrx_word' id='word_1_798' title='bbox 2733 4856 2948 4926; x_wconf 81' lang='grc' dir='ltr'>Ἰωσὴφ,</span> <span class='ocrx_word' id='word_1_799' title='bbox 2977 4856 3088 4918; x_wconf 84' lang='grc' dir='ltr'>υίὸς</span> <span class='ocrx_word' id='word_1_800' title='bbox 3105 4852 3286 4918; x_wconf 74' lang='grc' dir='ltr'><strong>Δαϐὶδ,</strong></span> <span class='ocrx_word' id='word_1_801' title='bbox 3317 4850 3392 4924; x_wconf 83' lang='grc' dir='ltr'><strong>μὴ</strong></span> <span class='ocrx_word' id='word_1_802' title='bbox 3420 4847 3657 4926; x_wconf 74' lang='grc' dir='ltr'>φοϐηθῇς</span> <span class='ocrx_word' id='word_1_803' title='bbox 3680 4869 3860 4924; x_wconf 71' lang='grc' dir='ltr'>παραν-</span> 
     </span>
    </p>
   </div>
   <div class='ocr_carea' id='block_1_107' title="bbox 2301 4938 3854 5015">
    <p class='ocr_par' dir='ltr' id='par_1_107' title="bbox 2301 4938 3854 5015">
     <span class='ocr_line' id='line_1_107' title="bbox 2301 4938 3854 5015; baseline 0.003 -24"><span class='ocrx_word' id='word_1_804' title='bbox 2301 4938 2481 4995; x_wconf 77' lang='grc' dir='ltr'>λαόεῖν</span> <span class='ocrx_word' id='word_1_805' title='bbox 2516 4942 2746 5014; x_wconf 76' lang='grc' dir='ltr'>Μαριὰμ</span> <span class='ocrx_word' id='word_1_806' title='bbox 2793 4943 2889 5014; x_wconf 78' lang='grc' dir='ltr'><strong>τὴν</strong></span> <span class='ocrx_word' id='word_1_807' title='bbox 2933 4942 3165 5011; x_wconf 81' lang='grc' dir='ltr'>γυναῖκά</span> <span class='ocrx_word' id='word_1_808' title='bbox 3204 4957 3316 4995; x_wconf 87' lang='grc' dir='ltr'>σου.</span> <span class='ocrx_word' id='word_1_809' title='bbox 3369 4942 3442 4994; x_wconf 86' lang='grc' dir='ltr'>Τὸ</span> <span class='ocrx_word' id='word_1_810' title='bbox 3479 4943 3586 5015; x_wconf 76' lang='grc' dir='ltr'>γὰρ</span> <span class='ocrx_word' id='word_1_811' title='bbox 3627 4946 3687 4998; x_wconf 83' lang='grc' dir='ltr'>ὲν</span> <span class='ocrx_word' id='word_1_812' title='bbox 3712 4945 3854 5015; x_wconf 77' lang='grc' dir='ltr'>αὐτῇ</span> 
     </span>
    </p>
   </div>
   <div class='ocr_carea' id='block_1_108' title="bbox 2301 5028 3852 5106">
    <p class='ocr_par' dir='ltr' id='par_1_108' title="bbox 2301 5028 3852 5106">
     <span class='ocr_line' id='line_1_108' title="bbox 2301 5028 3852 5106; baseline 0.002 -23"><span class='ocrx_word' id='word_1_813' title='bbox 2301 5031 2575 5106; x_wconf 78' lang='grc' dir='ltr'>γεννηθὲν,</span> <span class='ocrx_word' id='word_1_814' title='bbox 2603 5035 2666 5086; x_wconf 80' lang='grc' dir='ltr'>ἐκ</span> <span class='ocrx_word' id='word_1_815' title='bbox 2691 5028 2998 5102; x_wconf 76' lang='grc' dir='ltr'>Πνεύματός</span> <span class='ocrx_word' id='word_1_816' title='bbox 3026 5031 3170 5084; x_wconf 78' lang='grc' dir='ltr'>ἐστιν</span> <span class='ocrx_word' id='word_1_817' title='bbox 3187 5029 3363 5098; x_wconf 84' lang='grc' dir='ltr'>ἁγίου.</span> <span class='ocrx_word' id='word_1_818' title='bbox 3391 5031 3611 5097; x_wconf 81' lang='grc' dir='ltr'>Τέξεται</span> <span class='ocrx_word' id='word_1_819' title='bbox 3635 5033 3690 5086; x_wconf 79' lang='grc' dir='ltr'><strong>δὲ</strong></span> <span class='ocrx_word' id='word_1_820' title='bbox 3715 5033 3852 5095; x_wconf 78' lang='grc' dir='ltr'>υίὸν,</span> 
     </span>
    </p>
   </div>
   <div class='ocr_carea' id='block_1_109' title="bbox 2302 5117 3852 5190">
    <p class='ocr_par' dir='ltr' id='par_1_109' title="bbox 2302 5117 3852 5190">
     <span class='ocr_line' id='line_1_109' title="bbox 2302 5117 3852 5190; baseline 0.001 -20"><span class='ocrx_word' id='word_1_821' title='bbox 2302 5119 2395 5170; x_wconf 79' lang='grc' dir='ltr'><strong>καὶ</strong></span> <span class='ocrx_word' id='word_1_822' title='bbox 2441 5119 2684 5182; x_wconf 85' lang='grc' dir='ltr'>καλέσεις</span> <span class='ocrx_word' id='word_1_823' title='bbox 2732 5120 2794 5173; x_wconf 83' lang='grc' dir='ltr'><strong>τὸ</strong></span> <span class='ocrx_word' id='word_1_824' title='bbox 2838 5120 3006 5189; x_wconf 73' lang='grc' dir='ltr'>ὄνομα</span> <span class='ocrx_word' id='word_1_825' title='bbox 3055 5117 3216 5172; x_wconf 76' lang='grc' dir='ltr'>αὐτοῦ</span> <span class='ocrx_word' id='word_1_826' title='bbox 3271 5119 3503 5190; x_wconf 78' lang='grc' dir='ltr'>Ἰησοῦν·</span> <span class='ocrx_word' id='word_1_827' title='bbox 3537 5121 3696 5184; x_wconf 76' lang='grc' dir='ltr'>αὐτὸς</span> <span class='ocrx_word' id='word_1_828' title='bbox 3740 5118 3852 5190; x_wconf 79' lang='grc' dir='ltr'>γὰρ</span> 
     </span>
    </p>
   </div>
   <div class='ocr_carea' id='block_1_110' title="bbox 2296 5207 3844 5288">
    <p class='ocr_par' dir='ltr' id='par_1_110' title="bbox 2296 5207 3844 5288">
     <span class='ocr_line' id='line_1_110' title="bbox 2296 5207 3844 5288; baseline 0 -27"><span class='ocrx_word' id='word_1_829' title='bbox 2296 5207 2454 5262; x_wconf 82' lang='grc' dir='ltr'>σώσει</span> <span class='ocrx_word' id='word_1_830' title='bbox 2497 5211 2592 5265; x_wconf 70' lang='grc' dir='ltr'><strong>τὸν</strong></span> <span class='ocrx_word' id='word_1_831' title='bbox 2623 5211 2748 5264; x_wconf 80' lang='grc' dir='ltr'>λαὸν</span> <span class='ocrx_word' id='word_1_832' title='bbox 2796 5210 2958 5264; x_wconf 79' lang='grc' dir='ltr'>αὐτοῦ</span> <span class='ocrx_word' id='word_1_833' title='bbox 2997 5210 3105 5264; x_wconf 74' lang='grc' dir='ltr'><strong>ἀπὸ</strong></span> <span class='ocrx_word' id='word_1_834' title='bbox 3148 5211 3255 5265; x_wconf 84' lang='grc' dir='ltr'><strong>τῶν</strong></span> <span class='ocrx_word' id='word_1_835' title='bbox 3296 5213 3574 5283; x_wconf 82' lang='grc' dir='ltr'>ἁμαρτιῶν</span> <span class='ocrx_word' id='word_1_836' title='bbox 3615 5209 3844 5288; x_wconf 66' lang='grc' dir='ltr'>αὐτοῦ.)</span> 
     </span>
    </p>
   </div>
   <div class='ocr_carea' id='block_1_111' title="bbox 2294 5288 3846 5376">
    <p class='ocr_par' dir='ltr' id='par_1_111' title="bbox 2294 5288 3846 5376">
     <span class='ocr_line' id='line_1_111' title="bbox 2294 5288 3846 5376; baseline 0.001 -23"><span class='ocrx_word' id='word_1_837' title='bbox 2294 5296 2427 5356; x_wconf 83' lang='grc' dir='ltr'>Εἶτα</span> <span class='ocrx_word' id='word_1_838' title='bbox 2485 5300 2662 5370; x_wconf 85' lang='grc' dir='ltr'>λόγιον</span> <span class='ocrx_word' id='word_1_839' title='bbox 2710 5299 2850 5373; x_wconf 76' lang='grc' dir='ltr'>ἱερὸν</span> <span class='ocrx_word' id='word_1_840' title='bbox 2897 5302 3229 5372; x_wconf 81' lang='grc' dir='ltr'>παρεκόμιζε</span> <span class='ocrx_word' id='word_1_841' title='bbox 3267 5303 3403 5375; x_wconf 80' lang='grc' dir='ltr'>πρὸς</span> <span class='ocrx_word' id='word_1_842' title='bbox 3446 5288 3846 5376; x_wconf 76' lang='grc' dir='ltr'>πληροφορίαν.</span> 
     </span>
    </p>
   </div>
   <div class='ocr_carea' id='block_1_112' title="bbox 2299 5391 3848 5466">
    <p class='ocr_par' dir='ltr' id='par_1_112' title="bbox 2299 5391 3848 5466">
     <span class='ocr_line' id='line_1_112' title="bbox 2299 5391 3848 5466; baseline 0.003 -23"><span class='ocrx_word' id='word_1_843' title='bbox 2299 5391 2439 5463; x_wconf 86' lang='grc' dir='ltr'>Ἔφη</span> <span class='ocrx_word' id='word_1_844' title='bbox 2475 5393 2583 5466; x_wconf 85' lang='grc' dir='ltr'><strong>γὰρ</strong></span> <span class='ocrx_word' id='word_1_845' title='bbox 2626 5392 2787 5447; x_wconf 80' lang='grc' dir='ltr'>πάλιν</span> <span class='ocrx_word' id='word_1_846' title='bbox 2819 5392 2914 5445; x_wconf 83' lang='grc' dir='ltr'>ὡδί</span> <span class='ocrx_word' id='word_1_847' title='bbox 2941 5411 2956 5425; x_wconf 87' lang='grc'><strong>·</strong></span> <span class='ocrx_word' id='word_1_848' title='bbox 2995 5412 3013 5445; x_wconf 86' lang='grc' dir='ltr'><strong>ι</strong></span> <span class='ocrx_word' id='word_1_849' title='bbox 3037 5393 3205 5448; x_wconf 77' lang='grc' dir='ltr'>Τοῦτο</span> <span class='ocrx_word' id='word_1_850' title='bbox 3245 5395 3302 5450; x_wconf 79' lang='grc' dir='ltr'><strong>δὲ</strong></span> <span class='ocrx_word' id='word_1_851' title='bbox 3332 5397 3450 5452; x_wconf 83' lang='grc' dir='ltr'>ὅλον</span> <span class='ocrx_word' id='word_1_852' title='bbox 3481 5397 3720 5465; x_wconf 84' lang='grc' dir='ltr'>γέγονεν,</span> <span class='ocrx_word' id='word_1_853' title='bbox 3759 5394 3848 5448; x_wconf 84' lang='grc' dir='ltr'><strong>ῐνα</strong></span> 
     </span>
    </p>
   </div>
   <div class='ocr_carea' id='block_1_113' title="bbox 2296 5466 3848 5556">
    <p class='ocr_par' dir='ltr' id='par_1_113' title="bbox 2296 5466 3848 5556">
     <span class='ocr_line' id='line_1_113' title="bbox 2296 5466 3848 5556; baseline 0.003 -24"><span class='ocrx_word' id='word_1_854' title='bbox 2296 5481 2554 5554; x_wconf 78' lang='grc' dir='ltr'>πληρωθῇ</span> <span class='ocrx_word' id='word_1_855' title='bbox 2583 5483 2644 5536; x_wconf 83' lang='grc' dir='ltr'><strong>τὸ</strong></span> <span class='ocrx_word' id='word_1_856' title='bbox 2672 5481 2831 5554; x_wconf 78' lang='grc' dir='ltr'>ῥηθὲν</span> <span class='ocrx_word' id='word_1_857' title='bbox 2854 5482 2939 5536; x_wconf 76' lang='grc' dir='ltr'><strong>διὰ</strong></span> <span class='ocrx_word' id='word_1_858' title='bbox 2981 5483 3202 5538; x_wconf 77' lang='grc' dir='ltr'>Ἡσαΐου</span> <span class='ocrx_word' id='word_1_859' title='bbox 3243 5486 3336 5540; x_wconf 78' lang='grc' dir='ltr'>τοῦ</span> <span class='ocrx_word' id='word_1_860' title='bbox 3360 5487 3634 5556; x_wconf 85' lang='grc' dir='ltr'>προφήτου</span> <span class='ocrx_word' id='word_1_861' title='bbox 3652 5466 3848 5551; x_wconf 71' lang='grc' dir='ltr'>’λέγον-</span> 
     </span>
    </p>
   </div>
   <div class='ocr_carea' id='block_1_114' title="bbox 710 5641 2204 5722">
    <p class='ocr_par' dir='ltr' id='par_1_114' title="bbox 710 5641 2199 5715">
     <span class='ocr_line' id='line_1_114' title="bbox 710 5641 2199 5715; baseline 0.003 -19"><span class='ocrx_word' id='word_1_862' title='bbox 710 5641 754 5673; x_wconf 75' lang='grc'><strong>²⁸</strong></span> <span class='ocrx_word' id='word_1_863' title='bbox 795 5641 960 5698; x_wconf 76' lang='lat' dir='ltr'><strong>Exod.</strong></span> <span class='ocrx_word' id='word_1_864' title='bbox 991 5657 1114 5708; x_wconf 77' lang='lat' dir='ltr'><strong>xxv,</strong></span> <span class='ocrx_word' id='word_1_865' title='bbox 1161 5643 1226 5698; x_wconf 78' lang='grc'><strong>10</strong></span> <span class='ocrx_word' id='word_1_866' title='bbox 1252 5659 1405 5715; x_wconf 85' lang='lat' dir='ltr'><strong>seqq.</strong></span> <span class='ocrx_word' id='word_1_867' title='bbox 1483 5646 1527 5679; x_wconf 82' lang='lat'><strong><em>“</em></strong></span> <span class='ocrx_word' id='word_1_868' title='bbox 1569 5643 1721 5703; x_wconf 80' lang='lat' dir='ltr'><strong>Joan.</strong></span> <span class='ocrx_word' id='word_1_869' title='bbox 1753 5662 1793 5714; x_wconf 86' lang='grc' dir='ltr'><strong>ι,</strong></span> <span class='ocrx_word' id='word_1_870' title='bbox 1827 5645 1913 5703; x_wconf 68' lang='grc'><strong>14.</strong></span> <span class='ocrx_word' id='word_1_871' title='bbox 1990 5647 2038 5680; x_wconf 78' lang='grc' dir='ltr'><strong>³ο</strong></span> <span class='ocrx_word' id='word_1_872' title='bbox 2068 5645 2199 5703; x_wconf 84' lang='lat' dir='ltr'><strong>Joan</strong></span> 
     </span>
    </p>
   </div>
   <div class='ocr_carea' id='block_1_115' title="bbox 2306 5641 3752 5722">
    <p class='ocr_par' dir='ltr' id='par_1_115' title="bbox 2306 5653 3752 5722">
     <span class='ocr_line' id='line_1_115' title="bbox 2306 5653 3752 5722; baseline 0.001 -16"><span class='ocrx_word' id='word_1_873' title='bbox 2306 5664 2338 5715; x_wconf 86' lang='lat' dir='ltr'><strong>I,</strong></span> <span class='ocrx_word' id='word_1_874' title='bbox 2384 5653 2462 5710; x_wconf 76' lang='lat' dir='ltr'><strong>i7.</strong></span> <span class='ocrx_word' id='word_1_875' title='bbox 2502 5655 2541 5684; x_wconf 85' lang='lat'><strong>&quot;</strong></span> <span class='ocrx_word' id='word_1_876' title='bbox 2573 5654 2724 5708; x_wconf 77' lang='lat' dir='ltr'><strong>Joau.</strong></span> <span class='ocrx_word' id='word_1_877' title='bbox 2783 5671 2816 5709; x_wconf 95' lang='lat' dir='ltr'><strong>ll</strong></span> <span class='ocrx_word' id='word_1_878' title='bbox 2847 5699 2860 5722; x_wconf 86' lang='lat'><strong>,</strong></span> <span class='ocrx_word' id='word_1_879' title='bbox 2921 5657 3102 5712; x_wconf 74' lang='lat' dir='ltr'><strong>H-l7.</strong></span> <span class='ocrx_word' id='word_1_880' title='bbox 3175 5659 3219 5690; x_wconf 83' lang='lat'><strong>&quot;</strong></span> <span class='ocrx_word' id='word_1_881' title='bbox 3256 5658 3442 5713; x_wconf 72' lang='lat' dir='ltr'><strong>Matth.</strong></span> <span class='ocrx_word' id='word_1_882' title='bbox 3475 5654 3752 5718; x_wconf 63' lang='lat'><strong>1.9.0.91.</strong></span> 
     </span>
    </p>
   </div>
  </div>
