4030 6318
237 287 353 347 993

1051 280 1601 340 COMMENTARIUS
1637 282 1707 338 IN
1747 281 2146 342 SOPHONIAM
2185 281 2636 372 PROPHET'AH.

3365 287 3475 348 996

235 419 380 464 πους
394 403 470 464 είς
482 397 700 472 δλεθρον
725 396 819 453 καὶ
840 395 1136 454 ἀπώλειαν.
1151 415 1169 451 ι
1181 427 1245 439 -
1257 418 1274 452 ι
1285 399 1510 471 Alpes-6v
1523 395 1616 454 οὖν
1634 401 1803 472 δνομα

1908 400 2107 455 divitiae
2134 400 2314 455 multa:
2336 400 2402 465 ⁸ο,
2433 417 2454 451 ι
2486 414 2617 455 sane
2649 399 2922 468 sapienter
2945 401 3320 457 admodum‘et
3346 416 3469 457 cum

234 493 405 547 καλὸν
438 491 472 562 ἦ
508 489 732 562 πλοῦτος
759 489 945 553 πολὺς,
977 507 996 540 ι
1028 488 1121 543 καὶ
1151 487 1295 544 ἔστιν
1318 488 1532 560 ἀληθῶς
1555 490 1714 560 σοφὸς
1742 490 1808 562 δὴ

232 585 361 637 λίαν
384 581 484 637 καὶ
520 581 753 651 ἀτρεκὴς
778 582 808 633 6
837 579 1012 647 λόγος.

310 676 377 728 οι
435 671 730 741 προφῆται
790 668 978 738 αὐτῆς
1030 670 1508 742 Πνευματοφόροι
1529 710 1546 737 ,
1594 670 1807 739 ἄνδρες
1863 704 1872 711 -

231 763 698 834 καταφρονηταί.

305 854 433 908 AA'.
477 848 617 922 Εὖγε
650 851 712 906 τὸ
739 850 909 920 αὐτῆς
936 849 1030 904 ἐπὶ
1058 849 1352 923 προφητῶν
1377 851 1584 914 ἐνθάδε.
1608 853 1687 906 δτι
1728 853 1805 926 μὴ

228 945 494 1014 γεγόνασι
521 943 676 1007 Θεοῦ,
705 943 991 1007 λαλοῦντες,
1017 942 1351 1014 ἐπισφαλῶς,
1378 943 1446 998 τὰ
1484 962 1504 994 ‹
1530 942 1639 997 ἀπὸ
1671 960 1806 1015 καρ-

226 1038 352 1103 δίας
387 1037 588 1100 αὐτῶν,
612 1034 706 1090 καὶ
747 1034 848 1088 οὐκ
885 1034 994 1089 ἀπὺ
1039 1035 1304 1105 στόματος
1345 1034 1569 1106 Κυρίου,
1595 1053 1615 1088 ι
1663 1037 1804 1091 κατά

226 1129 294 1184 τδ
323 1126 722 1199 γεγραμμένον.
746 1125 1212 1195 Κατειρωνεύεται
1251 1125 1307 1177 δὲ
1337 1124 1366 1175 6
1395 1123 1573 1192 λόγος,
1615 1127 1801 1179 Πνευ-
1863 1198 1870 1204 .

221 1221 604 1291 ματοφόρους
635 1213 950 1280 ἀποκαλῶν,
980 1216 1078 1286 οὐχ
1109 1214 1186 1279 ὡς
1227 1216 1300 1269 αν-
1326 1213 1540 1286 μεθέξει
1581 1217 1799 1287 γεγονό-

224 1328 340 1366 των
369 1309 598 1389 ὲκείνων
623 1303 716 1362 τοῦ
744 1305 904 1374 ἀγίου
942 1304 1258 1377 Πνιύματος
1303 1305 1537 1378 ἀληθῶς,
1582 1308 1698 1363 ἀλλ’
1722 1309 1800 1375 ὡς

224 1400 561 1458 πλάττεσθαι
585 1398 908 1471 τολμώντων
931 1398 994 1453 τὸ
1028 1397 1129 1468 τῆς
1161 1396 1494 1470 προφητείας
1522 1399 1792 1471 χάρισμα,

223 1494 327 1550 καὶ
349 1493 432 1548 ὃτι
476 1489 849 1564 μεμιστωνται
889 1488 985 1542 τοῦ
1026 1489 1182 1559 ἁγίου
1225 1487 1540 1559 Πνσύματος
1565 1491 1625 1542 οὐ
1662 1508 1794 1546 κατ-

221 1585 530 1642 οκνούντων
549 1582 740 1637 είπεῖν.
783 1581 1086 1645 Ἒθέλοντες
1115 1581 1294 1635 τοίνυν
1318 1575 1478 1646 εἶναι,
1507 1582 1660 1652 φησὶ,
1695 1583 1796 1637 ’καὶ

226 1675 528 1748 προφῆται,
555 1674 652 1728 καὶ
681 1671 1124 1749 Πνευματοφόροι
1146 1709 1160 1734 ,
1190 1671 1284 1725 καὶ
1308 1669 1370 1724 τδ
1399 1672 1593 1741 σεμνὸν
1620 1670 1792 1738 οὕτως

1913 493 2136 548 veritate
2166 494 2368 548 dictum
2399 498 2501 546 est.

1979 674 2140 728 Vsus.
2169 672 2221 727 4.
2261 671 2532 739 Propheta:
2572 687 2686 741 ejus
2726 678 2990 737 portantes
3046 668 3333 738 Spiritum,
3367 671 3466 725 viri

1906 774 2300 831 contemptores.

1979 853 2171 910 XXXI.
2213 855 2380 910 [tecte
2411 853 2498 909 hic
2529 869 2700 923 super.
2725 851 2998 922 prophetis
3042 854 3178 919 ejus,
3215 868 3316 907 non
3345 867 3464 908 esse

1903 945 2022 1013 Dei,
2063 949 2343 1018 loquentes
2386 947 2611 1012 incerta,
2646 949 2751 1000 «de
2781 946 3034 1000 cordibus
3073 946 3222 1026 suis,
3262 956 3317 999 et
3357 961 3460 999 non

1902 1053 1968 1094 ex
2003 1055 2098 1103 ore
2136 1039 2371 1102 Domini,
2409 1054 2430 1088 ο
2466 1047 2524 1091 ιιι
2555 1036 2812 1105 scriptum
2840 1044 2923 1094 est
2960 1035 3028 1089 ".
3074 1035 3240 1092 Vocat
3281 1045 3459 1090 autem

1903 1129 2156 1198 Spiritum
2190 1136 2457 1198 portantes
2485 1167 2501 1193 ,
2540 1137 2602 1181 ut
2645 1126 3048 1182 dissimulanter
3089 1125 3296 1180 illudat.
3339 1111 3466 1179 Non

1899 1221 2042 1290 quod
2069 1221 2332 1286 donorum
2371 1199 2585 1276 illorum
2625 1219 2860 1290 Spiritus
2894 1218 3066 1296 sancti
3109 1231 3296 1272 revera
3335 1231 3459 1282 paro

1901 1313 2098 1382 ticipes
2121 1311 2364 1375 iuerint;
2407 1312 2501 1366 sed
2537 1312 2661 1381 quia
2690 1311 2981 1382 prophetiae
3027 1309 3224 1363 donum
3258 1309 3458 1376 tingere

1899 1400 2015 1456 ausi
2049 1411 2195 1461 sunt.
2231 1416 2332 1456 nec
2358 1401 2518 1457 veriti
2551 1402 2735 1458 dicere
2782 1416 2842 1457 se
2869 1410 3058 1456 sancto
3095 1399 3296 1468 Spiritu
3340 1399 3454 1467 ple-

1895 1505 1997 1547 nos
2028 1505 2172 1546 esse.
2214 1489 2475 1546 Veientes
2505 1491 2668 1560 igitur
2694 1505 2817 1546 esse
2847 1490 3139 1559 praphette,
3174 1488 3368 1558 inquit,
3402 1479 3463 1542 et

1897 1580 2160 1648 Spiritum
2196 1589 2494 1649 portantes,
2528 1574 2583 1633 et
2633 1589 2740 1633 tam
2783 1590 3065 1649 augustum
3112 1594 3306 1634 nomen
3349 1577 3453 1634 sibi

1895 1671 2032 1730 falso
2077 1671 2372 1737 ascribere,
2413 1671 2549 1726 tales
2590 1670 2719 1726 facti
2768 1681 2908 1735 sunt
2940 1682 3363 1740 contemptores,
3395 1681 3454 1724 ut

218 1769 394 1838 δνομα
406 1767 526 1831 ταῖς
542 1764 693 1836 σφῶν
716 1763 1357 1834 αὑτῶνπεριπλάττοντες
1371 1764 1648 1834 κεφαλαῖς,
1672 1782 1796 1820 τοσ-

1897 1778 2072 1833 neque
2097 1765 2303 1818 scirent
2331 1763 2457 1834 quid
2482 1761 2694 1817 tandem
2720 1772 2865 1818 esset
2889 1764 3124 1826 bonitas,
3154 1772 3208 1818 et
3242 1762 3306 1818 iis
3331 1778 3452 1833 qua:

225 1858 386 1914 οὗτον
428 1857 685 1926 γεγόνασι
711 1855 1143 1927 καταφρονηταὶ,
1159 1855 1236 1920 ὼς
1259 1855 1392 1926 μηδὲ
1414 1857 1442 1908 δ
1457 1871 1508 1909 τι
1535 1858 1650 1909 ποτ’
1673 1859 1789 1912 ἐστὶ

1891 1857 1959 1911 de
2014 1858 2267 1913 cordibus
2305 1856 2417 1911 suis
2455 1855 2832 1926 loquebantur,
2871 1855 3008 1912 alios
3043 1871 3226 1910 secum
3266 1856 3453 1925 perde-

221 1950 288 2005 τὸ
313 1949 553 2013 lutatus;
585 1948 806 2012 ειδέναι,
849 1944 1290 2019 προσαπολλύναι
1336 1946 1393 2001 δὲ
1423 1948 1517 2001 καὶ
1547 1945 1787 2021 ἑτέρους,

1892 1956 2014 2004 rent
2063 1947 2268 2014 miseri,
2334 1947 2495 2018 idque
2553 1942 2770 2016 propter
2811 1961 3006 2018 parvos
3057 1957 3112 2002 et
3160 1946 3452 2003 vilissimus

217 2037 304 2104 οἷς
330 2039 554 2096 ὲλάλουν
577 2040 646 2095 τὰ
671 2029 778 2095 ἀπὸ
807 2039 1056 2111 καρδίας,
1084 2039 1178 2092 καὶ
1204 2029 1380 2103 τοῦτο,
1416 2039 1509 2093 ἐπὶ
1540 2042 1790 2110 σμικροῖς

1891 2028 2256 2111 quaesticulus,
2288 2031 2472 2111 atque,
2508 2052 2566 2095 ut
2599 2040 2858 2111 propheta
2891 2039 3134 2096 Ezechiel
3164 2041 3258 2104 ait,
3291 2038 3453 2112 «Pro-

220 2135 328 2188 καὶ’
363 2132 766 2196 εὐτελεστάτοις
802 2129 1132 2202 λημματίοις
1171 2131 1221 2184 oi
1252 2130 1509 2203 τάλανες,
1538 2130 1631 2183 καὶ
1657 2131 1732 2194 ὡς
1761 2131 1789 2184 6

1889 2145 2011 2202 pter
2039 2133 2294 2204 pusillum
2327 2134 2510 2188 hordei
2563 2144 2614 2188 et
2644 2133 3000 2201 fragmentum
3027 2134 3180 2201 panis
3209 2134 3277 2188 ".
3314 2150 3335 2184 ι
3372 2125 3449 2188 Ita

217 2223 507 2293 προφήτης
540 2214 702 2292 φησιν
737 2219 1024 2290 Ἰεζεχιήλ·
1063 2237 1082 2272 ι
1111 2219 1332 2273 Ἕνεκεν
1354 2219 1551 2290 δρακδς
1572 2219 1784 2290 κριθῆς,

218 2313 315 2367 καὶ
348 2312 660 2380 πλάσματος
711 2308 896 2379 ἄρτου.
930 2327 950 2361 ι
1000 2309 1111 2364 Καὶ
1163 2307 1512 2376 ἀποπληξίας
1548 2307 1605 2359 δὲ
1650 2308 1786 2376 πρὸς

215 2401 374 2456 τοῦτο
403 2398 756 2461 κατώλισθον,
798 2398 872 2460 ὡς
902 2399 1000 2468 τῆς
1046 2398 1361 2468 ἀπορρήτου
1402 2396 1558 2465 δόξης
1588 2396 1783 2467 βουλὰς

215 2485 355 2544 εἶναι
384 2488 564 2557 λέγειν
608 2488 704 2550 τὰς
746 2486 976 2552 ἃαυτῶν,
1009 2487 1102 2540 καὶ
1146 2486 1212 2539 τὰ
1238 2485 1346 2540 ἀπὸ
1383 2487 1606 2557 γνώμης
1649 2487 1784 2553 ίδίας

213 2574 675 2653 ἀποπραττόμενα
705 2578 945 2652 ῥήματα,
979 2576 1155 2654 θείους
1192 2572 1330 2630 εἶναι
1364 2576 1553 2646 λόγους
1579 2578 1786 2649 διϊσχυ-

218 2669 480 2739 ρίζεσθαι.
515 2669 623 2724 Καὶ
659 2662 791 2740 γοῦν
832 2668 1035 2740 ἔφασκε
1067 2670 1197 2738 περὶ
1231 2668 1410 2723 αὐτῶν
1436 2668 1524 2724 διά
1556 2671 1656 2742 τῆς
1690 2671 1784 2724 Ἰε-

218 2762 409 2832 ρεμίου
459 2763 671 2832 φωνῆς’
722 2779 743 2812 ι
772 2760 884 2814 Οὐκ
926 2759 1253 2816 ἀπέστελλον
1300 2762 1425 2826 τοὺς
1465 2760 1786 2834 προφήτας,

211 2853 306 2906 atat
333 2852 488 2931 αὐτοὶ
514 2852 734 2924 ἔτρεχον
754 2869 767 2883 ’
808 2850 943 2905 οὐδδ’
970 2851 1208 2922 ἐλάλησα
1247 2852 1384 2923 πρὸς
1424 2850 1639 2920 αὐτοὺς,
1691 2854 1785 2908 καὶ

209 2945 364 2999 αὐτοὶ
393 2937 786 3015 προεφήτευον.
816 2962 835 2996 ι
873 2944 1048 2999 Αὑτοῦ
1086 2945 1143 2999 δὲ
1179 2945 1269 2999 τοῦ
1301 2946 1576 3015 προφήτου
1608 2946 1785 3000 διακε-

1890 2233 2054 2287 porro
2085 2219 2481 2286 insaniverunt,
2510 2232 2569 2274 ut
2611 2221 2842 2289 cogitata
2874 2235 2970 2275 sua
3003 2220 3292 2276 ineﬂ'abilis
3337 2237 3452 2276 ma-
3553 2256 3564 2262 -

1884 2307 2095 2376 jestatis
2121 2323 2245 2363 esse
2277 2310 2539 2374 dicerent,
2569 2318 2625 2364 et
2659 2325 2724 2364 ex
2767 2322 2945 2365 mente
2973 2326 3070 2364 sua
3095 2311 3300 2366 eﬂutita
3329 2325 3452 2366 vero

1886 2398 1975 2460 ba,
2009 2399 2222 2452 divinos
2261 2414 2538 2455 sermones
2587 2415 2708 2454 esse
2754 2401 3165 2454 conﬁrmarent.
3214 2400 3447 2457 l’roindo

1885 2503 1984 2559 per
2031 2486 2321 2544 Jeremiam
2363 2489 2431 2544 de
2473 2491 2604 2560 ipsis
2645 2491 2853 2545 dicebat
2886 2482 2966 2544 εἰ
3003 2488 3117 2542 Non
3167 2490 3442 2544 mittebam

1885 2581 2208 2650 prophetas,
2244 2590 2297 2636 et
2332 2583 2432 2651 ipsi
2471 2580 2790 2646 currebant;
2861 2595 3035 2651 neque
3082 2581 3340 2648 loquebar
3374 2580 3443 2635 ad

1885 2687 1998 2734 eos,
2027 2683 2077 2727 et
2117 2672 2217 2743 ipsi
2256 2672 2651 2743 prophetabant
2672 2672 2718 2706 ⁷³
2750 2690 2772 2726 ι
2802 2672 3080 2732 Ciamante
3112 2680 3290 2727 autem
3318 2685 3445 2741 pro-

1886 2763 2049 2832 pheta
2083 2762 2200 2830 ipso
2226 2763 2536 2831 manifeste,
2565 2770 2620 2820 et
2647 2762 2897 2819 dicente:
2936 2781 2957 2813 ι
2998 2762 3097 2829 Qui
3144 2776 3221 2826 es,
3256 2759 3443 2816 Domi-

1886 2867 1954 2906 ne
1990 2852 2323 2921 dominator,
2370 2868 2498 2910 ecce
2545 2853 2820 2930 prophette
2861 2853 3202 2924 prophetam,
3256 2863 3311 2906 et
3361 2851 3443 2908 di-

1885 2954 2016 2998 cunt
2040 2955 2069 2996 ι’
2093 2942 2208 2998 Non
2241 2943 2490 3000 videbitis
2516 2944 2774 3015 gladium,
2822 2954 2880 3013 et
2907 2943 3074 2998 iantes
3108 2958 3212 2996 non
3251 2942 3356 2997 erit
3384 2943 3440 2998 iu

209 3036 479 3108 κραγότος
512 3036 787 3109 ἐναργῶς,
825 3038 920 3092 καὶ
953 3035 1230 3106 λέγοντοςο
1265 3055 1284 3088 ι
1325 3038 1383 3090 '0
1415 3036 1509 3101 ὣν,
1535 3037 1777 3090 Δέσποτα

1889 3034 2061 3099 vobis,
2089 3037 2215 3103 quia
2241 3035 2522 3090 veritatem
2555 3043 2610 3090 et
2636 3051 2820 3107 pacem
2850 3037 2989 3105 dabo
3018 3035 3072 3090 in
3104 3044 3266 3101 terra,
3305 3045 3360 3091 et
3386 3036 3440 3092 in

207 3095 414 3198 ὶίύριε,
458 3095 574 3181 ίδοὺ
703 3095 974 3198 προφῆται
1018 3095 1196 3179 αὐτῶν
1242 3095 1658 3205 προφητείόουσι,
1686 3127 1781 3178 καὶ

1883 3123 1999 3176 Ιυοο
2031 3125 2138 3178 isto
2165 3124 2229 3191 ",
2268 3142 2287 3174 ι
2329 3132 2534 3178 tantum
2574 3141 2681 3180 non
2724 3136 2914 3180 contra
2938 3126 3132 3180 clamat
3167 3127 3445 3182 universo-

206 3217 487 3284 λέγουσιν·
511 3215 623 3268 Οὐκ
649 3213 844 3281 ὄψεσθε
873 3215 1167 3283 μάχαιραν,
1199 3214 1290 3266 καὶ
1319 3213 1475 3283 λιμὸς
1501 3214 1600 3266 οὐκ
1631 3214 1780 3266 ἔσται

205 3310 268 3362 ἐν
303 3309 458 3380 ἡμῖν,
482 3305 563 3358 δτι
587 3302 842 3373 ἀλήθειαν
873 3303 968 3356 καὶ
990 3304 1210 3375 εἰρήνην
1240 3301 1394 3356 δώσω
1417 3303 1507 3356 ἐπὶ
1528 3303 1631 3374 τῆς
1653 3303 1776 3374 γῆς,

206 3398 304 3452 καὶ
322 3401 381 3452 ιν
408 3396 488 3467 τῷ
514 3397 663 3465 τόπῳ
683 3395 876 3463 τούτῳ·
904 3412 922 3444 ι
960 3394 1242 3465 μονονουχὶ
1267 3394 1364 3448 καὶ¹
1391 3385 1779 3468 ἀντεκεκράγει

205 3487 379 3558 λέγων
401 3490 432 3543 6
465 3487 575 3541 τῶν
609 3487 745 3540 ὅλων
775 3484 941 3548 Θεός·
982 3502 1000 3536 ι
1030 3484 1215 3556 Ψευδῆ
1255 3487 1304 3539 oi
1337 3486 1609 3557 προφῆται
1642 3503 1777 3558 προ-

206 3577 528 3648 φητεύουσιν
561 3576 654 3630 ἐπὶ
684 3575 762 3646 τῷ
790 3575 1011 3645 ὀνόματί
1052 3592 1176 3646 μου.
1214 3577 1327 3631 οὐκ
1356 3576 1648 3631 ἀπέστειλα
1678 3578 1776 3632 αὑ-

204 3670 352 3736 τοὺς,
384 3670 479 3722 καὶ
513 3667 614 3722 οὐκ
645 3666 995 3739 ἐνετειλάμην
1023 3667 1226 3732 αὐτοῖς,
1261 3668 1355 3722 καὶ
1394 3669 1493 3722 οὐκ
1535 3667 1772 3745 ὲλάλησα

209 3757 347 3827 πρὸς
377 3757 573 3820 αὐτούς
593 3775 608 3790 ο
645 3757 725 3810 ὃτι
752 3757 966 3827 ὁράσεις
989 3757 1222 3826 ψευδεῖς,
1251 3757 1344 3811 καὶ
1373 3757 1648 3828 μαντείας,
1671 3759 1765 3812 καὶ

203 3847 563 3919 οίωνίσματα,
599 3849 690 3902 καὶ
743 3848 1087 3920 προαιρέσεις
1127 3847 1350 3919 καρδίας
1403 3849 1582 3904 αὐτῶν
1614 3849 1770 3904 αὐτοὶ

203 3939 636 4011 προφητεύουσιν
675 3940 822 4011 ὑμῖν.
853 3939 917 3994 Εί
950 3940 1222 4011 προφῆται
1263 3942 1390 4005 είσι,
1421 3943 1516 3996 καὶ
1559 3944 1607 3995 εί
1654 3942 1768 3996 ἔστι

202 4027 358 4098 λόγος
397 4026 606 4101 Κυρίου
639 4031 697 4083 ἐν
736 4029 939 4096 αὐτοῖς,
967 4030 1437 4100 ἁπαντησάτωσάν
1467 4048 1578 4102 μοι.
1606 4033 1671 4086 Τί
1709 4031 1768 4086 τὺ

202 4118 403 4191 ἄχυρον
437 4118 573 4188 πρὸς
617 4118 709 4172 τὸν
742 4121 921 4185 σῖτονς
963 4119 1136 4184 οὕτως
1173 4124 1222 4173 oi
1265 4119 1412 4189 λόγοι
1459 4138 1582 4193 μου,
1624 4121 1770 4187 λέγει

124 4258 131 4262 .
204 4207 425 4278 Κύριος.
455 4206 565 4274 οὐχ
597 4208 649 4258 oi
686 4205 830 4272 λόγοι
874 4223 976 4275 μου
1010 4207 1198 4278 ὥσπερ
1235 4206 1344 4276 πῦρ
1371 4208 1586 4275 φλέγον,
1623 4208 1770 4274 λέγει

203 4297 422 4366 Κύριος,
452 4295 545 4348 καὶ
577 4293 653 4357 ὡς
674 4295 840 4358 πὲλυξ
873 4296 1088 4348 κόπτων
1121 4297 1326 4368 πέτραν
1349 4313 1393 4362 ;›
1418 4298 1768 4352 Καοικνεῖται

1882 3228 1999 3266 rum
2038 3214 2178 3266 Deus
2213 3212 2298 3266 his
2327 3213 2511 3266 verbis
2531 3227 2601 3264 τά
2633 3213 2790 3280 Falsa
2818 3214 3193 3281 prophetizant
3215 3218 3442 3285 prophe-

1883 3311 1946 3356 ιω
1975 3304 2026 3379 in
2055 3304 2270 3357 nomine
2299 3317 2441 3357 meo.
2497 3301 2614 3357 Non
2683 3303 2806 3357 misi
2839 3318 2954 3366 eos,
2982 3315 3036 3358 et
3074 3319 3177 3357 non
3208 3305 3437 3372 praecepi

1877 3389 1977 3453 eis,
2007 3399 2061 3443 et
2091 3406 2196 3444 non
2229 3405 2348 3445 sum
2374 3390 2582 3447 locutus
2605 3392 2670 3446 ad
2705 3407 2837 3458 eos;
2870 3392 2994 3462 quia
3033 3393 3264 3449 visiones
3289 3408 3437 3449 meu-

1877 3482 2060 3546 daees,
2107 3489 2162 3536 et
2215 3482 2597 3549 divinationes,
2655 3491 2712 3537 et
2757 3483 3008 3553 auguria,
3054 3492 3108 3540 et
3147 3484 3439 3540 electiones

1874 3571 2056 3626 cordis
2102 3572 2184 3648 sui
2243 3570 2344 3641 ipsi
2400 3573 2787 3644 prephetizant
2828 3574 3004 3629 vobis.
3057 3572 3114 3628 Si
3159 3576 3437 3645 propheta:

1873 3659 2017 3728 sunt,
2048 3673 2101 3718 et
2122 3663 2167 3720 si
2189 3675 2270 3720 est
2296 3680 2478 3720 sermo
2511 3666 2718 3738 Domini
2752 3666 2924 3737 609
2944 3666 2998 3720 in
3025 3651 3124 3729 eis,
3149 3679 3438 3735 occurrant

1873 3754 2027 3810 mihi.
2059 3755 2195 3822 Quid
2227 3756 2377 3825 palea
2428 3758 2494 3811 ad
2538 3756 2811 3812 triticum?
2837 3757 2919 3812 sic
2944 3756 3102 3812 verba
3154 3770 3273 3812 mea
3306 3757 3435 3813 dicit

1878 3847 2156 3904 Dominus.
2229 3847 2416 3903 Nonne
2472 3849 2636 3903 verba
2691 3862 2808 3904 mea
2839 3886 2856 3912 ,
2900 3847 3040 3903 s'icnt
3095 3847 3234 3916 ignis
3281 3863 3432 3902 com-

1874 3939 2099 4006 burens,
2126 3937 2259 4001 dicit
2311 3938 2589 4005 Dominus,
2619 3948 2697 3998 ,et
2744 3940 2883 3993 sicut
2933 3939 3143 3993 securis
3189 3939 3433 3997 incidens

1873 4038 2079 4097 petram
2108 4028 2192 4082 7‘?
2223 4047 2244 4080 ι
2277 4027 2532 4083 Penetrat
2553 4031 2695 4084 enim
2719 4031 2959 4084 animum
2984 4044 3164 4084 sermo
3193 4029 3433 4095 divinus,

1867 4131 1922 4174 et
1952 4121 2116 4175 corda
2164 4120 2494 4174 audientium
2546 4130 2751 4174 tantum
2792 4136 2900 4174 non
2943 4104 3237 4188 dirumpit:
3284 4119 3431 4190 frigi-

1869 4211 1968 4263 dus
1986 4219 2175 4277 autem
2215 4218 2272 4262 et
2323 4209 2614 4274 invalidus,
2638 4211 2728 4278 qui
2762 4224 2828 4263 ex
2877 4209 3110 4264 humana
3151 4210 3428 4267 voluntate

1868 4295 2252 4365 proficiscitur,
2278 4295 2453 4365 qualis
2483 4296 2767 4366 impiorum
2797 4296 3178 4366 prophetarum
3205 4308 3349 4352 erat.

198 4384 304 4458 γὰρ
331 4384 410 4447 είς
441 4381 531 4437 νοῦ
566 4383 727 4454 βάθος
752 4382 780 4435 6
817 4382 967 4453 παρὰ
993 4383 1129 4436 Θεοῦ
1156 4385 1333 4454 λόγος,
1366 4387 1460 4441 καὶ
1491 4386 1768 4457 μονονουχὶ
1807 4385 2160 4457 διαρρήγνυσι
2199 4384 2299 4455 τὴν
2333 4384 2442 4438 τῶν
2509 4386 2872 4457 ἀκροωμένων
2929 4386 3183 4457 καρδίαν·
3221 4387 3426 4461 ψυχρὸς

196 4479 252 4532 δὲ
298 4477 394 4532 καὶ
419 4475 642 4538 ἄναλκις
664 4478 693 4529 6
722 4473 782 4540 ἐξ
811 4471 1101 4544 ἀνθρώπου
1137 4475 1354 4549 βουλῆς,
1383 4479 1561 4543 ὁποῖός
1592 4495 1673 4540 τις
1699 4471 1766 4548 ἦν
1801 4477 1830 4528 ὁ
1861 4475 1971 4530 τῶν
2028 4474 2255 4529 ἀνοσίων
2291 4475 2762 4549 ψευδοπροφητῶν.

267 4575 353 4627 01‘
364 4571 538 4640 ἱερεῖς
584 4571 774 4641 αὐτῆς
803 4569 1138 4637 βεϐηλοῦσι
1175 4571 1247 4625 τὰ
1283 4573 1450 4642 ἅγια,
1484 4573 1581 4631 καί
1620 4575 1758 4628 dae-
1789 4577 1806 4632 1

1933 4569 2240 4626 Sacerdotes
2273 4573 2406 4654 ejus
2447 4573 2693 4642 polluant
2747 4584 2965 4644 sancta,
2993 4581 3044 4632 et
3073 4576 3226 4647 impie
3263 4589 3424 4650 agunt

192 4669 369 4725 δοῦσι
409 4669 498 4734 εὶς
526 4668 634 4722 τὸν
661 4667 865 4737 νόμον.
1081 4683 1087 4689 ε
1138 4713 1141 4716 .

262 4759 383 4813 ΑΒ.
425 4760 540 4813 Οὐκ
579 4758 684 4826 ἔξω
732 4759 952 4828 μομφῆς
986 4755 1118 4810 ὀὐδὲ
1158 4755 1292 4810 αὐτὸ
1328 4756 1650 4830 πεφώραται
1701 4761 1762 4813 τὸ

197 4850 490 4906 ἅπόλεκτον
521 4837 696 4918 γένος,
753 4848 1026 4912 τουτέστι,
1071 4846 1133 4899 τὸ
1177 4849 1240 4900 ὲκ
1277 4847 1447 4919 φυλῆς
1477 4850 1624 4903 Λευί.
1664 4850 1764 4904 Βε-
1803 4863 1807 4868 ’

197 4939 466 5009 outcome
495 4942 588 4995 καὶ
625 4943 820 5005 αὐτοὺς
858 4941 924 4995 τὰ
958 4939 1087 5009 ἀγιά
1119 4956 1274 5010 φησι,
1309 4939 1403 4992 καὶ
1441 4940 1654 4995 ἀσεϐεῖν
1682 4944 1762 5006 είς

197 5034 375 5102 νόμον.
409 5032 722 5104 Γέγραπται
763 5034 863 5106 μὲν
901 5032 1029 5104 γὰρ,
1055 5033 1136 5088 ὅτι
1173 5050 1192 5084 ι
1217 5030 1384 5100 Χείλη
1414 5029 1621 5100 ἱερέων
1659 5049 1758 5101 φυ-

197 5125 412 5189 λάξεται
445 5125 644 5193 κρίσιν,
676 5127 769 5180 καί
797 5127 956 5196 νόμον
977 5124 1364 5196 ὲκζητήσουσιν
1399 5123 1464 5176 ἐκ
1495 5124 1760 5194 στόματος

197 5215 389 5271 αὐτῶν.
415 5231 433 5266 ι
481 5215 619 5268 Ἀλλ’
643 5217 717 5280 ὡς
749 5218 912 5282 αὑτός
943 5234 1045 5271 που
1078 5214 1244 5270 πάλαι
1275 5214 1407 5286 φησι
1432 5214 1462 5266 6
1485 5212 1596 5266 τῶν
1622 5214 1758 5268 ὅλων
1806 5226 1809 5235 ’

198 5305 493 5372 Δεσπότης·
524 5322 545 5355 ι
571 5306 634 5358 Oi
667 5307 830 5376 ἱερεῖς
859 5307 958 5359 οὐκ
987 5299 1161 5358 εἵπονο
1189 5302 1299 5357 Ποῦ
1328 5303 1441 5355 ἔστι
1465 5300 1698 5372 Κύριοςς
1730 5319 1749 5353 ι

197 5398 268 5450 ’ίὺ
292 5394 388 5468 μέν
409 5412 492 5448 τοι
526 5393 601 5466 μὴ
633 5393 914 5478 βούλεσθαι
939 5393 1255 5468 διατρανοῦν
1307 5393 1399 5448 τὸν
1428 5392 1611 5464 νόμον,
1640 5394 1754 5458 τοῖς

1855 4666 1912 4718 in
1953 4663 2134 4732 legent.

1929 4750 2142 4806 XXXII.
2175 4751 2255 4808 Ne
2295 4752 2468 4824 ipsum
2509 4755 2720 4824 quidem
2743 4771 2913 4826 genus
2941 4757 3192 4838 electum,
3232 4759 3298 4814 de
3327 4759 3425 4814 tri-

1858 4845 1925 4901 bu
1960 4844 2088 4901 Levi
2121 4846 2406 4914 nimirum,
2441 4848 2675 4903 immune
2710 4865 2740 4903 a
2779 4849 2932 4917 culpa
2983 4850 3420 4919 deprehenditur.

1857 4937 2032 5009 ipsum
2061 4951 2274 5008 quoque
2298 4939 2583 5008 profanare
2635 4951 2843 5005 sancta,
2866 4951 2920 4994 et
2960 4939 3121 5010 impie
3153 4955 3311 5009 agere
3365 4943 3418 4996 in

1865 5031 2030 5101 legem
2079 5028 2331 5088 armat.
2385 5031 2652 5102 Scriptum
2704 5040 2785 5087 est
2829 5031 3015 5087 enim:
3062 5052 3080 5084 ι
3120 5033 3280 5088 Labia
3331 5048 3420 5089 sa-

1863 5123 2139 5177 cerdotum
2175 5122 2486 5178 custodiunt
2499 5121 2780 5188 judicium,
2827 5131 2882 5175 et
2935 5120 3104 5192 legem
3143 5125 3417 5195 requirent

1861 5228 1928 5267 ex
1955 5228 2051 5269 ore
2086 5227 2272 5268 eorum
2287 5213 2352 5266 τι.
2379 5229 2398 5262 ι
2439 5209 2652 5273 Verum,
2681 5220 2739 5265 ut
2778 5211 2890 5282 ipse
2925 5213 3294 5270 universorum
3321 5214 3414 5270 Do-

1832 5331 1834 5333 -
1861 5297 2044 5358 minus
2068 5319 2280 5359 rursum
2313 5302 2505 5358 alicubi
2538 5302 2706 5358 dixit:
2736 5321 2756 5356 ι
2782 5303 3098 5362 Sacerdotes
3130 5321 3234 5361 non
3265 5307 3413 5360 dixe.

1861 5405 1982 5450 runt
2010 5412 2023 5446 :
2055 5394 2160 5450 Ubi
2197 5404 2277 5449 est
2307 5393 2561 5451 Dominus
2585 5394 2680 5451 "2
2716 5414 2736 5456 ι
2765 5394 2931 5451 Porro
2966 5397 3109 5453 nolle
3136 5395 3412 5466 declarare

264 5603 306 5632 ι’
332 5598 507 5656 Ιεέοοίθ.
543 5610 637 5656 vn,
662 5594 716 5648 Ω.
791 5597 835 5627 ’⁸
861 5596 1058 5652 Jercm.
1095 5610 1250 5654 “ut.
1287 5593 1381 5658 16;
1425 5593 1770 5662 Ezechtstu,

1881 5634 1893 5647 .
1970 5594 2232 5651 "Ezech.
2261 5610 2380 5662 alii,
2415 5592 2501 5650 i9.
2539 5595 2586 5626 "
2609 5592 2986 5660 Jercmastu,
3008 5592 3099 5650 2|.
3133 5592 3180 5627 "
3202 5589 3403 5652 iorem.

196 5686 303 5740 xiv,
331 5671 416 5725 15.
489 5667 535 5700 ’θ
557 5663 686 5721 ibid.
718 5664 902 5720 H-lti.
981 5666 1028 5696 "
1055 5665 1281 5719 Halach.
1319 5680 1381 5730 ιι,
1413 5663 1466 5716 7.
1550 5662 1594 5693 ⁷⁸
1617 5658 1817 5719 Jerelt.
1851 5678 1915 5730 tt,
1950 5663 2005 5718 6.
