  <div class='ocr_page' id='page_1' title='image "/cluster/home/n/w/nwhite01/storage/ocr_20150623/71/hvd.32044020096954/010.png"; bbox 0 0 4086 6328; ppageno 0'>
   <div class='ocr_carea' id='block_1_1' title="bbox 319 334 3591 416">
    <p class='ocr_par' dir='ltr' id='par_1_1' title="bbox 323 338 3587 412">
     <span class='ocr_line' id='line_1_1' title="bbox 323 338 3587 412; baseline -0.006 -16"><span class='ocrx_word' id='word_1_1' title='bbox 323 338 3587 412; x_wconf 58' lang='lat' dir='ltr'>W</span> 
     </span>
     <span class='ocr_line' id='line_1_2' title="bbox 682 379 3432 406; baseline -0.001 -3"><span class='ocrx_word' id='word_1_2' title='bbox 682 379 3432 406; x_wconf 53' lang='lat' dir='ltr'>MM</span> 
     </span>
    </p>
   </div>
   <div class='ocr_carea' id='block_1_2' title="bbox 1622 559 2275 608">
    <p class='ocr_par' dir='ltr' id='par_1_2' title="bbox 1622 559 2275 608">
     <span class='ocr_line' id='line_1_3' title="bbox 1622 559 2275 608; baseline -0.008 -1"><span class='ocrx_word' id='word_1_3' title='bbox 1622 563 1789 608; x_wconf 72' lang='lat' dir='ltr'><strong>ANNO</strong></span> <span class='ocrx_word' id='word_1_4' title='bbox 1832 561 2062 605; x_wconf 75' lang='lat' dir='ltr'><strong><em>DOMINI</em></strong></span> <span class='ocrx_word' id='word_1_5' title='bbox 2107 559 2275 603; x_wconf 75' lang='grc' dir='ltr'><strong><em>ωιον</em></strong></span> 
     </span>
    </p>
   </div>
   <div class='ocr_carea' id='block_1_3' title="bbox 325 648 3589 1077">
    <p class='ocr_par' dir='ltr' id='par_1_3' title="bbox 325 648 3589 1077">
     <span class='ocr_line' id='line_1_4' title="bbox 325 648 3589 1077; baseline -0.005 -51"><span class='ocrx_word' id='word_1_6' title='bbox 325 798 1691 1025; x_wconf 84' lang='lat' dir='ltr'><strong><em>SANCTUS</em></strong></span> <span class='ocrx_word' id='word_1_7' title='bbox 1771 788 3589 1019; x_wconf 78' lang='lat' dir='ltr'><strong><em>GREGORIUS</em></strong></span> 
     </span>
    </p>
   </div>
   <div class='ocr_carea' id='block_1_4' title="bbox 1236 1208 2667 1371">
    <p class='ocr_par' dir='ltr' id='par_1_4' title="bbox 1236 1208 2667 1371">
     <span class='ocr_line' id='line_1_5' title="bbox 1236 1208 2667 1371; baseline -0.003 -6"><span class='ocrx_word' id='word_1_8' title='bbox 1236 1212 1846 1371; x_wconf 72' lang='lat' dir='ltr'><strong>EPISCM’US</strong></span> <span class='ocrx_word' id='word_1_9' title='bbox 1930 1208 2667 1366; x_wconf 75' lang='lat' dir='ltr'><strong><em>TURONENSIS.</em></strong></span> 
     </span>
    </p>
   </div>
   <div class='ocr_carea' id='block_1_5' title="bbox 1442 1542 2427 1627">
    <p class='ocr_par' dir='ltr' id='par_1_5' title="bbox 1442 1542 2427 1627">
     <span class='ocr_line' id='line_1_6' title="bbox 1442 1542 2427 1627; baseline -0.002 -21"><span class='ocrx_word' id='word_1_10' title='bbox 1442 1547 1580 1627; x_wconf 84' lang='lat' dir='ltr'><strong><em>(Ed.</em></strong></span> <span class='ocrx_word' id='word_1_11' title='bbox 1613 1544 1930 1606; x_wconf 75' lang='lat' dir='ltr'><strong><em>Ruinarlii</em></strong></span> <span class='ocrx_word' id='word_1_12' title='bbox 1966 1546 2168 1606; x_wconf 83' lang='lat' dir='ltr'><strong><em>Paris.</em></strong></span> <span class='ocrx_word' id='word_1_13' title='bbox 2219 1542 2427 1619; x_wconf 82' lang='lat'><strong><em>1699.)</em></strong></span> 
     </span>
    </p>
   </div>
   <div class='ocr_carea' id='block_1_6' title="bbox 1206 1764 2724 1822">
    <p class='ocr_par' dir='ltr' id='par_1_6' title="bbox 1206 1764 2724 1822">
     <span class='ocr_line' id='line_1_7' title="bbox 1206 1764 2724 1822; baseline -0.004 -5"><span class='ocrx_word' id='word_1_14' title='bbox 1206 1764 2724 1822; x_wconf 65' lang='lat' dir='ltr'><strong><em>W—</em></strong></span> 
     </span>
    </p>
   </div>
   <div class='ocr_carea' id='block_1_7' title="bbox 521 1992 3392 2103">
    <p class='ocr_par' dir='ltr' id='par_1_7' title="bbox 521 1992 3392 2103">
     <span class='ocr_line' id='line_1_8' title="bbox 521 1992 3392 2103; baseline -0.002 -5"><span class='ocrx_word' id='word_1_15' title='bbox 521 2010 1413 2103; x_wconf 80' lang='lat' dir='ltr'><strong><em>ILLUSTRISSIMO</em></strong></span> <span class='ocrx_word' id='word_1_16' title='bbox 1468 2010 1953 2101; x_wconf 87' lang='lat' dir='ltr'><strong>DOMINO</strong></span> <span class='ocrx_word' id='word_1_17' title='bbox 2007 2011 2125 2094; x_wconf 93' lang='lat' dir='ltr'><strong><em>D.</em></strong></span> <span class='ocrx_word' id='word_1_18' title='bbox 2175 2006 2649 2092; x_wconf 86' lang='lat' dir='ltr'><strong><em>ACHILLI</em></strong></span> <span class='ocrx_word' id='word_1_19' title='bbox 2702 2008 2865 2091; x_wconf 91' lang='lat' dir='ltr'><strong><em>DE</em></strong></span> <span class='ocrx_word' id='word_1_20' title='bbox 2921 2008 3392 2093; x_wconf 73' lang='lat' dir='ltr'><strong>HARLAY</strong></span> 
     </span>
    </p>
   </div>
   <div class='ocr_carea' id='block_1_8' title="bbox 640 2136 3317 2291">
    <p class='ocr_par' dir='ltr' id='par_1_8' title="bbox 640 2176 3317 2291">
     <span class='ocr_line' id='line_1_9' title="bbox 640 2176 3317 2291; baseline -0.007 1"><span class='ocrx_word' id='word_1_21' title='bbox 640 2200 641 2203; x_wconf 61' lang='lat'>‘</span> <span class='ocrx_word' id='word_1_22' title='bbox 783 2214 1294 2291; x_wconf 77' lang='lat' dir='ltr'><strong>SUPREMO</strong></span> <span class='ocrx_word' id='word_1_23' title='bbox 1351 2208 2005 2287; x_wconf 70' lang='lat' dir='ltr'><strong><em>GALLIARUM</em></strong></span> <span class='ocrx_word' id='word_1_24' title='bbox 2079 2187 2569 2281; x_wconf 76' lang='lat' dir='ltr'><strong><em>SENATUS</em></strong></span> <span class='ocrx_word' id='word_1_25' title='bbox 2636 2201 3123 2276; x_wconf 81' lang='lat' dir='ltr'><strong><em>PRINCIPI</em></strong></span> <span class='ocrx_word' id='word_1_26' title='bbox 3206 2182 3208 2186; x_wconf 74' lang='grc'><em>’</em></span> <span class='ocrx_word' id='word_1_27' title='bbox 3314 2176 3317 2179; x_wconf 67' lang='grc'>“</span> 
     </span>
    </p>
   </div>
   <div class='ocr_carea' id='block_1_9' title="bbox 1384 2422 2535 2540">
    <p class='ocr_par' dir='ltr' id='par_1_9' title="bbox 1384 2422 2535 2540">
     <span class='ocr_line' id='line_1_10' title="bbox 1384 2422 2535 2540; baseline -0.004 -25"><span class='ocrx_word' id='word_1_28' title='bbox 1384 2426 1796 2540; x_wconf 56' lang='lat' dir='ltr'><strong><em>«Epistolis</em></strong></span> <span class='ocrx_word' id='word_1_29' title='bbox 1883 2422 2535 2537; x_wconf 67' lang='lat' dir='ltr'><strong><em>nuncupatoﬁa.</em></strong></span> 
     </span>
    </p>
   </div>
   <div class='ocr_carea' id='block_1_10' title="bbox 415 2722 3610 2809">
    <p class='ocr_par' dir='ltr' id='par_1_10' title="bbox 415 2722 3610 2809">
     <span class='ocr_line' id='line_1_11' title="bbox 415 2722 3610 2809; baseline -0.003 -16"><span class='ocrx_word' id='word_1_30' title='bbox 415 2732 491 2793; x_wconf 88' lang='lat' dir='ltr'><strong><em>Si</em></strong></span> <span class='ocrx_word' id='word_1_31' title='bbox 534 2730 675 2809; x_wconf 86' lang='lat' dir='ltr'><strong><em>quis</em></strong></span> <span class='ocrx_word' id='word_1_32' title='bbox 711 2739 798 2791; x_wconf 88' lang='lat' dir='ltr'><strong><em>est</em></strong></span> <span class='ocrx_word' id='word_1_33' title='bbox 834 2729 1074 2809; x_wconf 80' lang='lat' dir='ltr'><strong><em>superis</em></strong></span> <span class='ocrx_word' id='word_1_34' title='bbox 1106 2747 1313 2792; x_wconf 88' lang='lat' dir='ltr'><strong><em>rerum</em></strong></span> <span class='ocrx_word' id='word_1_35' title='bbox 1346 2730 1755 2791; x_wconf 87' lang='lat' dir='ltr'><strong><em>humanarum</em></strong></span> <span class='ocrx_word' id='word_1_36' title='bbox 1788 2742 2024 2795; x_wconf 86' lang='lat' dir='ltr'><strong><em>sensus,</em></strong></span> <span class='ocrx_word' id='word_1_37' title='bbox 2050 2725 2109 2787; x_wconf 98' lang='lat' dir='ltr'><strong><em>si</em></strong></span> <span class='ocrx_word' id='word_1_38' title='bbox 2136 2744 2258 2804; x_wconf 89' lang='lat' dir='ltr'><strong><em>qua</em></strong></span> <span class='ocrx_word' id='word_1_39' title='bbox 2293 2724 2829 2805; x_wconf 85' lang='lat' dir='ltr'><strong><em>eospropriorum</em></strong></span> <span class='ocrx_word' id='word_1_40' title='bbox 2875 2740 3129 2803; x_wconf 83' lang='lat' dir='ltr'><strong><em>operum</em></strong></span> <span class='ocrx_word' id='word_1_41' title='bbox 3174 2739 3331 2785; x_wconf 88' lang='lat' dir='ltr'><strong><em>cura</em></strong></span> <span class='ocrx_word' id='word_1_42' title='bbox 3380 2722 3610 2801; x_wconf 85' lang='lat' dir='ltr'><strong><em>tangit,</em></strong></span> 
     </span>
    </p>
   </div>
   <div class='ocr_carea' id='block_1_11' title="bbox 338 2809 3613 2907">
    <p class='ocr_par' dir='ltr' id='par_1_11' title="bbox 338 2809 3613 2907">
     <span class='ocr_line' id='line_1_12' title="bbox 338 2809 3613 2907; baseline -0.003 -16"><span class='ocrx_word' id='word_1_43' title='bbox 338 2850 463 2892; x_wconf 91' lang='lat' dir='ltr'><strong><em>non</em></strong></span> <span class='ocrx_word' id='word_1_44' title='bbox 494 2832 740 2904; x_wconf 83' lang='lat' dir='ltr'><strong><em>dubito,</em></strong></span> <span class='ocrx_word' id='word_1_45' title='bbox 789 2831 1213 2894; x_wconf 89' lang='lat' dir='ltr'><strong><em>illustrissime</em></strong></span> <span class='ocrx_word' id='word_1_46' title='bbox 1262 2841 1515 2892; x_wconf 89' lang='lat' dir='ltr'><strong><em>senatus</em></strong></span> <span class='ocrx_word' id='word_1_47' title='bbox 1552 2829 1888 2906; x_wconf 77' lang='lat' dir='ltr'><strong><em>Princeps,</em></strong></span> <span class='ocrx_word' id='word_1_48' title='bbox 1915 2828 2070 2907; x_wconf 88' lang='lat' dir='ltr'><strong><em>quin</em></strong></span> <span class='ocrx_word' id='word_1_49' title='bbox 2108 2826 2377 2904; x_wconf 78' lang='lat' dir='ltr'><strong><em>insignis</em></strong></span> <span class='ocrx_word' id='word_1_50' title='bbox 2422 2825 2699 2903; x_wconf 81' lang='lat' dir='ltr'><strong><em>beneﬁcii</em></strong></span> <span class='ocrx_word' id='word_1_51' title='bbox 2730 2823 2864 2884; x_wconf 90' lang='lat' dir='ltr'><strong><em>loco</em></strong></span> <span class='ocrx_word' id='word_1_52' title='bbox 2895 2823 3225 2885; x_wconf 88' lang='lat' dir='ltr'><strong><em>habiturus</em></strong></span> <span class='ocrx_word' id='word_1_53' title='bbox 3263 2825 3345 2883; x_wconf 89' lang='lat' dir='ltr'><strong><em>sit</em></strong></span> <span class='ocrx_word' id='word_1_54' title='bbox 3374 2809 3613 2900; x_wconf 53' lang='lat' dir='ltr'><strong><em>Gregi-</em></strong></span> 
     </span>
    </p>
   </div>
   <div class='ocr_carea' id='block_1_12' title="bbox 339 2923 3614 3009">
    <p class='ocr_par' dir='ltr' id='par_1_12' title="bbox 339 2923 3614 3009">
     <span class='ocr_line' id='line_1_13' title="bbox 339 2923 3614 3009; baseline -0.001 -23"><span class='ocrx_word' id='word_1_55' title='bbox 339 2932 472 2991; x_wconf 80' lang='lat' dir='ltr'><strong><em>rius</em></strong></span> <span class='ocrx_word' id='word_1_56' title='bbox 501 2942 733 3001; x_wconf 88' lang='lat' dir='ltr'><strong><em>noster,</em></strong></span> <span class='ocrx_word' id='word_1_57' title='bbox 766 2928 933 3009; x_wconf 88' lang='lat' dir='ltr'><strong><em>quod</em></strong></span> <span class='ocrx_word' id='word_1_58' title='bbox 958 2948 1179 2991; x_wconf 86' lang='lat' dir='ltr'><strong><em>novam</em></strong></span> <span class='ocrx_word' id='word_1_59' title='bbox 1210 2949 1461 3007; x_wconf 89' lang='lat' dir='ltr'><strong><em>operum</em></strong></span> <span class='ocrx_word' id='word_1_60' title='bbox 1487 2947 1742 2988; x_wconf 90' lang='lat' dir='ltr'><strong><em>suorum</em></strong></span> <span class='ocrx_word' id='word_1_61' title='bbox 1769 2927 2103 2989; x_wconf 79' lang='lat' dir='ltr'><strong><em>editionem</em></strong></span> <span class='ocrx_word' id='word_1_62' title='bbox 2122 2925 2558 3004; x_wconf 79' lang='lat' dir='ltr'><strong><em>spectatissimi</em></strong></span> <span class='ocrx_word' id='word_1_63' title='bbox 2580 2924 2851 2985; x_wconf 86' lang='lat' dir='ltr'><strong><em>nominis</em></strong></span> <span class='ocrx_word' id='word_1_64' title='bbox 2876 2926 2972 2985; x_wconf 92' lang='lat' dir='ltr'><strong><em>tui</em></strong></span> <span class='ocrx_word' id='word_1_65' title='bbox 2992 2923 3290 3003; x_wconf 83' lang='lat' dir='ltr'><strong><em>auspiciis</em></strong></span> <span class='ocrx_word' id='word_1_66' title='bbox 3321 2923 3387 2983; x_wconf 87' lang='lat' dir='ltr'><strong><em>in</em></strong></span> <span class='ocrx_word' id='word_1_67' title='bbox 3416 2923 3614 2983; x_wconf 84' lang='lat' dir='ltr'><strong><em>lucem</em></strong></span> 
     </span>
    </p>
   </div>
   <div class='ocr_carea' id='block_1_13' title="bbox 341 3025 3617 3107">
    <p class='ocr_par' dir='ltr' id='par_1_13' title="bbox 341 3025 3617 3107">
     <span class='ocr_line' id='line_1_14' title="bbox 341 3025 3617 3107; baseline -0.001 -21"><span class='ocrx_word' id='word_1_68' title='bbox 341 3030 597 3106; x_wconf 82' lang='lat' dir='ltr'><strong><em>prodire</em></strong></span> <span class='ocrx_word' id='word_1_69' title='bbox 620 3030 914 3107; x_wconf 87' lang='lat' dir='ltr'><strong><em>patiaris.</em></strong></span> <span class='ocrx_word' id='word_1_70' title='bbox 947 3028 1205 3107; x_wconf 67' lang='lat' dir='ltr'><strong><em>Optavit</em></strong></span> <span class='ocrx_word' id='word_1_71' title='bbox 1238 3029 1342 3090; x_wconf 77' lang='lat' dir='ltr'><strong><em>ille</em></strong></span> <span class='ocrx_word' id='word_1_72' title='bbox 1372 3031 1435 3088; x_wconf 93' lang='lat' dir='ltr'><strong><em>in</em></strong></span> <span class='ocrx_word' id='word_1_73' title='bbox 1468 3029 1716 3105; x_wconf 90' lang='lat' dir='ltr'><strong><em>primis,</em></strong></span> <span class='ocrx_word' id='word_1_74' title='bbox 1745 3028 1889 3087; x_wconf 91' lang='lat' dir='ltr'><strong><em>dum</em></strong></span> <span class='ocrx_word' id='word_1_75' title='bbox 1926 3029 2182 3099; x_wconf 77' lang='lat' dir='ltr'><strong><em>viveret,</em></strong></span> <span class='ocrx_word' id='word_1_76' title='bbox 2216 3029 2452 3105; x_wconf 80' lang='lat' dir='ltr'><strong><em>scripta</em></strong></span> <span class='ocrx_word' id='word_1_77' title='bbox 2485 3038 2557 3088; x_wconf 89' lang='lat' dir='ltr'><strong><em>ut</em></strong></span> <span class='ocrx_word' id='word_1_78' title='bbox 2587 3048 2700 3089; x_wconf 90' lang='lat' dir='ltr'><strong><em>sua</em></strong></span> <span class='ocrx_word' id='word_1_79' title='bbox 2742 3029 2989 3105; x_wconf 86' lang='lat' dir='ltr'><strong><em>integra</em></strong></span> <span class='ocrx_word' id='word_1_80' title='bbox 3029 3036 3085 3086; x_wconf 87' lang='lat' dir='ltr'><strong><em>et</em></strong></span> <span class='ocrx_word' id='word_1_81' title='bbox 3119 3025 3429 3086; x_wconf 88' lang='lat' dir='ltr'><strong><em>inviolata</em></strong></span> <span class='ocrx_word' id='word_1_82' title='bbox 3464 3040 3617 3102; x_wconf 86' lang='lat' dir='ltr'><strong><em>per-</em></strong></span> 
     </span>
    </p>
   </div>
   <div class='ocr_carea' id='block_1_14' title="bbox 340 3124 3616 3206">
    <p class='ocr_par' dir='ltr' id='par_1_14' title="bbox 340 3124 3616 3206">
     <span class='ocr_line' id='line_1_15' title="bbox 340 3124 3616 3206; baseline -0.002 -19"><span class='ocrx_word' id='word_1_83' title='bbox 340 3130 623 3189; x_wconf 83' lang='lat' dir='ltr'><strong><em>venirent</em></strong></span> <span class='ocrx_word' id='word_1_84' title='bbox 684 3131 762 3189; x_wconf 78' lang='lat' dir='ltr'><strong><em>ad</em></strong></span> <span class='ocrx_word' id='word_1_85' title='bbox 791 3137 1100 3206; x_wconf 80' lang='lat' dir='ltr'><strong><em>posteros,</em></strong></span> <span class='ocrx_word' id='word_1_86' title='bbox 1137 3127 1482 3187; x_wconf 73' lang='lat' dir='ltr'><strong><em>obtestatus</em></strong></span> <span class='ocrx_word' id='word_1_87' title='bbox 1508 3127 1855 3187; x_wconf 74' lang='lat' dir='ltr'><strong><em>sacerdotes</em></strong></span> <span class='ocrx_word' id='word_1_88' title='bbox 1883 3130 2160 3205; x_wconf 80' lang='lat' dir='ltr'><strong><em>Domini,</em></strong></span> <span class='ocrx_word' id='word_1_89' title='bbox 2195 3128 2303 3206; x_wconf 85' lang='lat' dir='ltr'><strong><em>qui</em></strong></span> <span class='ocrx_word' id='word_1_90' title='bbox 2332 3136 2476 3205; x_wconf 84' lang='lat' dir='ltr'><strong><em>post</em></strong></span> <span class='ocrx_word' id='word_1_91' title='bbox 2505 3128 2703 3206; x_wconf 89' lang='lat' dir='ltr'><strong><em>ipsum</em></strong></span> <span class='ocrx_word' id='word_1_92' title='bbox 2749 3125 3126 3186; x_wconf 88' lang='lat' dir='ltr'><strong><em>Turonicam</em></strong></span> <span class='ocrx_word' id='word_1_93' title='bbox 3152 3124 3391 3184; x_wconf 84' lang='lat' dir='ltr'><strong><em>recturi</em></strong></span> <span class='ocrx_word' id='word_1_94' title='bbox 3417 3130 3616 3184; x_wconf 88' lang='lat' dir='ltr'><strong><em>essent</em></strong></span> 
     </span>
    </p>
   </div>
   <div class='ocr_carea' id='block_1_15' title="bbox 341 3222 3621 3305">
    <p class='ocr_par' dir='ltr' id='par_1_15' title="bbox 341 3222 3621 3305">
     <span class='ocr_line' id='line_1_16' title="bbox 341 3222 3621 3305; baseline -0.002 -18"><span class='ocrx_word' id='word_1_95' title='bbox 341 3226 719 3302; x_wconf 78' lang='lat' dir='ltr'><strong><em>Ecclesium,</em></strong></span> <span class='ocrx_word' id='word_1_96' title='bbox 754 3235 827 3287; x_wconf 87' lang='lat' dir='ltr'><strong><em>ut</em></strong></span> <span class='ocrx_word' id='word_1_97' title='bbox 874 3244 950 3285; x_wconf 86' lang='lat' dir='ltr'><strong><em>ne</em></strong></span> <span class='ocrx_word' id='word_1_98' title='bbox 982 3225 1094 3287; x_wconf 88' lang='lat' dir='ltr'><strong><em>hos</em></strong></span> <span class='ocrx_word' id='word_1_99' title='bbox 1130 3225 1326 3288; x_wconf 80' lang='lat' dir='ltr'><strong><em>libros</em></strong></span> <span class='ocrx_word' id='word_1_100' title='bbox 1355 3225 1593 3287; x_wconf 88' lang='lat' dir='ltr'><strong><em>aboleri</em></strong></span> <span class='ocrx_word' id='word_1_101' title='bbox 1619 3226 1920 3297; x_wconf 79' lang='lat' dir='ltr'><strong><em>sinerent,</em></strong></span> <span class='ocrx_word' id='word_1_102' title='bbox 1951 3244 2071 3287; x_wconf 91' lang='lat' dir='ltr'><strong><em>neu</em></strong></span> <span class='ocrx_word' id='word_1_103' title='bbox 2100 3225 2847 3305; x_wconf 39' lang='lat' dir='ltr'><strong><em>dimidiata..quibusdam</em></strong></span> <span class='ocrx_word' id='word_1_104' title='bbox 2873 3242 2993 3304; x_wconf 89' lang='lat' dir='ltr'><strong><em>pro</em></strong></span> <span class='ocrx_word' id='word_1_105' title='bbox 3025 3243 3134 3285; x_wconf 82' lang='lat' dir='ltr'><strong><em>suo</em></strong></span> <span class='ocrx_word' id='word_1_106' title='bbox 3160 3222 3430 3284; x_wconf 84' lang='lat' dir='ltr'><strong><em>arbitrio</em></strong></span> <span class='ocrx_word' id='word_1_107' title='bbox 3453 3241 3621 3304; x_wconf 70' lang='lat' dir='ltr'><strong><em>prc-</em></strong></span> 
     </span>
    </p>
   </div>
   <div class='ocr_carea' id='block_1_16' title="bbox 345 3325 3617 3407">
    <p class='ocr_par' dir='ltr' id='par_1_16' title="bbox 345 3325 3617 3407">
     <span class='ocr_line' id='line_1_17' title="bbox 345 3325 3617 3407; baseline -0.001 -20"><span class='ocrx_word' id='word_1_108' title='bbox 345 3328 672 3395; x_wconf 87' lang='lat' dir='ltr'><strong><em>termissis.</em></strong></span> <span class='ocrx_word' id='word_1_109' title='bbox 699 3327 993 3395; x_wconf 85' lang='lat' dir='ltr'><strong><em>rescribi;</em></strong></span> <span class='ocrx_word' id='word_1_110' title='bbox 1020 3327 1125 3387; x_wconf 89' lang='lat' dir='ltr'><strong><em>sed</em></strong></span> <span class='ocrx_word' id='word_1_111' title='bbox 1156 3327 1268 3396; x_wconf 88' lang='lat' dir='ltr'><strong><em>ita,</em></strong></span> <span class='ocrx_word' id='word_1_112' title='bbox 1301 3338 1365 3386; x_wconf 92' lang='lat' dir='ltr'><strong><em>ut</em></strong></span> <span class='ocrx_word' id='word_1_113' title='bbox 1396 3325 1471 3386; x_wconf 83' lang='lat' dir='ltr'><strong><em>ab</em></strong></span> <span class='ocrx_word' id='word_1_114' title='bbox 1502 3335 1759 3387; x_wconf 88' lang='lat' dir='ltr'><strong><em>auctore</em></strong></span> <span class='ocrx_word' id='word_1_115' title='bbox 1788 3326 1921 3405; x_wconf 85' lang='lat' dir='ltr'><strong><em>ipso</em></strong></span> <span class='ocrx_word' id='word_1_116' title='bbox 1954 3328 2173 3389; x_wconf 89' lang='lat' dir='ltr'><strong><em>relicta</em></strong></span> <span class='ocrx_word' id='word_1_117' title='bbox 2202 3338 2421 3398; x_wconf 87' lang='lat' dir='ltr'><strong><em>essent,</em></strong></span> <span class='ocrx_word' id='word_1_118' title='bbox 2454 3326 2720 3390; x_wconf 87' lang='lat' dir='ltr'><strong><em>inlibata</em></strong></span> <span class='ocrx_word' id='word_1_119' title='bbox 2748 3331 2998 3407; x_wconf 81' lang='lat' dir='ltr'><strong><em>suisque</em></strong></span> <span class='ocrx_word' id='word_1_120' title='bbox 3022 3328 3295 3386; x_wconf 86' lang='lat' dir='ltr'><strong><em>numeris</em></strong></span> <span class='ocrx_word' id='word_1_121' title='bbox 3337 3345 3410 3386; x_wconf 92' lang='lat' dir='ltr'><strong><em>ac</em></strong></span> <span class='ocrx_word' id='word_1_122' title='bbox 3457 3344 3617 3405; x_wconf 83' lang='lat' dir='ltr'><strong><em>par-</em></strong></span> 
     </span>
    </p>
   </div>
   <div class='ocr_carea' id='block_1_17' title="bbox 345 3424 3622 3507">
    <p class='ocr_par' dir='ltr' id='par_1_17' title="bbox 345 3424 3622 3507">
     <span class='ocr_line' id='line_1_18' title="bbox 345 3424 3622 3507; baseline 0 -22"><span class='ocrx_word' id='word_1_123' title='bbox 345 3424 511 3486; x_wconf 67' lang='lat' dir='ltr'><strong><em>tibus</em></strong></span> <span class='ocrx_word' id='word_1_124' title='bbox 540 3425 825 3487; x_wconf 85' lang='lat' dir='ltr'><strong><em>absoluta</em></strong></span> <span class='ocrx_word' id='word_1_125' title='bbox 857 3428 1113 3487; x_wconf 77' lang='lat' dir='ltr'><strong><em>exorari</em></strong></span> <span class='ocrx_word' id='word_1_126' title='bbox 1143 3436 1457 3488; x_wconf 87' lang='lat' dir='ltr'><strong><em>curarent.</em></strong></span> <span class='ocrx_word' id='word_1_127' title='bbox 1494 3427 1807 3502; x_wconf 85' lang='lat' dir='ltr'><strong><em>Quantam</em></strong></span> <span class='ocrx_word' id='word_1_128' title='bbox 1836 3428 2035 3505; x_wconf 86' lang='lat' dir='ltr'><strong><em>igitur</em></strong></span> <span class='ocrx_word' id='word_1_129' title='bbox 2061 3428 2241 3488; x_wconf 89' lang='lat' dir='ltr'><strong><em>modo</em></strong></span> <span class='ocrx_word' id='word_1_130' title='bbox 2271 3430 2540 3506; x_wconf 92' lang='lat' dir='ltr'><strong><em>gratiam</em></strong></span> <span class='ocrx_word' id='word_1_131' title='bbox 2572 3427 2900 3489; x_wconf 83' lang='lat' dir='ltr'><strong><em>habiturus</em></strong></span> <span class='ocrx_word' id='word_1_132' title='bbox 2931 3429 2982 3488; x_wconf 89' lang='lat' dir='ltr'><strong><em>ei</em></strong></span> <span class='ocrx_word' id='word_1_133' title='bbox 3011 3429 3114 3498; x_wconf 88' lang='lat' dir='ltr'><strong><em>sit,</em></strong></span> <span class='ocrx_word' id='word_1_134' title='bbox 3148 3427 3260 3507; x_wconf 85' lang='lat' dir='ltr'><strong><em>qui</em></strong></span> <span class='ocrx_word' id='word_1_135' title='bbox 3286 3428 3443 3487; x_wconf 90' lang='lat' dir='ltr'><strong><em>hanc</em></strong></span> <span class='ocrx_word' id='word_1_136' title='bbox 3486 3427 3622 3506; x_wconf 85' lang='lat' dir='ltr'><strong><em>ejus</em></strong></span> 
     </span>
    </p>
   </div>
   <div class='ocr_carea' id='block_1_18' title="bbox 345 3524 3622 3607">
    <p class='ocr_par' dir='ltr' id='par_1_18' title="bbox 345 3524 3622 3607">
     <span class='ocr_line' id='line_1_19' title="bbox 345 3524 3622 3607; baseline 0 -22"><span class='ocrx_word' id='word_1_137' title='bbox 345 3524 525 3586; x_wconf 87' lang='lat' dir='ltr'><strong><em>libris</em></strong></span> <span class='ocrx_word' id='word_1_138' title='bbox 553 3528 973 3605; x_wconf 85' lang='lat' dir='ltr'><strong><em>integritatem</em></strong></span> <span class='ocrx_word' id='word_1_139' title='bbox 1001 3537 1258 3597; x_wconf 89' lang='lat' dir='ltr'><strong><em>asserat,</em></strong></span> <span class='ocrx_word' id='word_1_140' title='bbox 1293 3538 1587 3587; x_wconf 88' lang='lat' dir='ltr'><strong><em>assertum</em></strong></span> <span class='ocrx_word' id='word_1_141' title='bbox 1624 3531 2000 3588; x_wconf 81' lang='lat' dir='ltr'><strong><em>auctoritate</em></strong></span> <span class='ocrx_word' id='word_1_142' title='bbox 2030 3547 2143 3588; x_wconf 87' lang='lat' dir='ltr'><strong><em>sua</em></strong></span> <span class='ocrx_word' id='word_1_143' title='bbox 2174 3538 2445 3601; x_wconf 87' lang='lat' dir='ltr'><strong><em>tueatur,</em></strong></span> <span class='ocrx_word' id='word_1_144' title='bbox 2477 3541 2584 3589; x_wconf 90' lang='lat' dir='ltr'><strong><em>aut</em></strong></span> <span class='ocrx_word' id='word_1_145' title='bbox 2621 3528 2881 3607; x_wconf 82' lang='lat' dir='ltr'><strong><em>denique</em></strong></span> <span class='ocrx_word' id='word_1_146' title='bbox 2908 3528 2980 3587; x_wconf 86' lang='lat' dir='ltr'><strong><em>ab</em></strong></span> <span class='ocrx_word' id='word_1_147' title='bbox 3012 3528 3370 3607; x_wconf 89' lang='lat' dir='ltr'><strong><em>iniquorum</em></strong></span> <span class='ocrx_word' id='word_1_148' title='bbox 3412 3525 3622 3587; x_wconf 86' lang='lat' dir='ltr'><strong><em>homi-</em></strong></span> 
     </span>
    </p>
   </div>
   <div class='ocr_carea' id='block_1_19' title="bbox 345 3626 3622 3707">
    <p class='ocr_par' dir='ltr' id='par_1_19' title="bbox 345 3626 3622 3707">
     <span class='ocr_line' id='line_1_20' title="bbox 345 3626 3622 3707; baseline 0.001 -25"><span class='ocrx_word' id='word_1_149' title='bbox 345 3641 492 3683; x_wconf 87' lang='lat' dir='ltr'><strong><em>num</em></strong></span> <span class='ocrx_word' id='word_1_150' title='bbox 524 3644 783 3685; x_wconf 88' lang='lat' dir='ltr'><strong><em>censura</em></strong></span> <span class='ocrx_word' id='word_1_151' title='bbox 817 3626 1134 3686; x_wconf 85' lang='lat' dir='ltr'><strong><em>vindicet?</em></strong></span> <span class='ocrx_word' id='word_1_152' title='bbox 1185 3626 1495 3687; x_wconf 73' lang='lat' dir='ltr'><strong><em>I’t&#39;wclare</em></strong></span> <span class='ocrx_word' id='word_1_153' title='bbox 1544 3628 1746 3704; x_wconf 87' lang='lat' dir='ltr'><strong><em>itaque</em></strong></span> <span class='ocrx_word' id='word_1_154' title='bbox 1802 3646 1940 3690; x_wconf 69' lang='lat' dir='ltr'><strong><em>ciem</em></strong></span> <span class='ocrx_word' id='word_1_155' title='bbox 1984 3627 2292 3705; x_wconf 87' lang='lat' dir='ltr'><strong><em>Gregorio</em></strong></span> <span class='ocrx_word' id='word_1_156' title='bbox 2324 3630 2484 3706; x_wconf 90' lang='lat' dir='ltr'><strong><em>agis,</em></strong></span> <span class='ocrx_word' id='word_1_157' title='bbox 2515 3632 2624 3707; x_wconf 90' lang='lat' dir='ltr'><strong><em>qui</em></strong></span> <span class='ocrx_word' id='word_1_158' title='bbox 2654 3629 3145 3690; x_wconf 84' lang='lat' dir='ltr'><strong><em>illustrissimum</em></strong></span> <span class='ocrx_word' id='word_1_159' title='bbox 3189 3645 3408 3688; x_wconf 87' lang='lat' dir='ltr'><strong><em>nomen</em></strong></span> <span class='ocrx_word' id='word_1_160' title='bbox 3446 3636 3622 3687; x_wconf 87' lang='lat' dir='ltr'><strong><em>tuum</em></strong></span> 
     </span>
    </p>
   </div>
   <div class='ocr_carea' id='block_1_20' title="bbox 346 3724 3624 3807">
    <p class='ocr_par' dir='ltr' id='par_1_20' title="bbox 346 3724 3624 3807">
     <span class='ocr_line' id='line_1_21' title="bbox 346 3724 3624 3807; baseline 0.001 -24"><span class='ocrx_word' id='word_1_161' title='bbox 346 3740 517 3783; x_wconf 77' lang='lat' dir='ltr'><strong><em>nova:</em></strong></span> <span class='ocrx_word' id='word_1_162' title='bbox 541 3724 688 3784; x_wconf 84' lang='lat' dir='ltr'><strong><em>huic</em></strong></span> <span class='ocrx_word' id='word_1_163' title='bbox 718 3726 848 3802; x_wconf 85' lang='lat' dir='ltr'><strong><em>ejus</em></strong></span> <span class='ocrx_word' id='word_1_164' title='bbox 879 3743 1131 3803; x_wconf 84' lang='lat' dir='ltr'><strong><em>operum</em></strong></span> <span class='ocrx_word' id='word_1_165' title='bbox 1160 3725 1584 3802; x_wconf 87' lang='lat' dir='ltr'><strong><em>recognitioni</em></strong></span> <span class='ocrx_word' id='word_1_166' title='bbox 1610 3727 1856 3803; x_wconf 69' lang='lat' dir='ltr'><strong><em>prteﬁgi</em></strong></span> <span class='ocrx_word' id='word_1_167' title='bbox 1878 3744 2003 3785; x_wconf 87' lang='lat' dir='ltr'><strong><em>non</em></strong></span> <span class='ocrx_word' id='word_1_168' title='bbox 2038 3729 2342 3804; x_wconf 84' lang='lat' dir='ltr'><strong><em>graveris.</em></strong></span> <span class='ocrx_word' id='word_1_169' title='bbox 2381 3728 2592 3807; x_wconf 86' lang='lat' dir='ltr'><strong><em>Neque</em></strong></span> <span class='ocrx_word' id='word_1_170' title='bbox 2617 3729 2775 3788; x_wconf 89' lang='lat' dir='ltr'><strong><em>enim</em></strong></span> <span class='ocrx_word' id='word_1_171' title='bbox 2807 3729 2950 3803; x_wconf 87' lang='lat' dir='ltr'><strong><em>erit,</em></strong></span> <span class='ocrx_word' id='word_1_172' title='bbox 2982 3737 3051 3787; x_wconf 88' lang='lat' dir='ltr'><strong><em>ut</em></strong></span> <span class='ocrx_word' id='word_1_173' title='bbox 3082 3739 3264 3807; x_wconf 87' lang='lat' dir='ltr'><strong><em>puto,</em></strong></span> <span class='ocrx_word' id='word_1_174' title='bbox 3297 3731 3624 3807; x_wconf 76' lang='lat' dir='ltr'><strong><em>quicquam</em></strong></span> 
     </span>
    </p>
   </div>
   <div class='ocr_carea' id='block_1_21' title="bbox 348 3824 3624 3908">
    <p class='ocr_par' dir='ltr' id='par_1_21' title="bbox 348 3824 3624 3908">
     <span class='ocr_line' id='line_1_22' title="bbox 348 3824 3624 3908; baseline 0 -22"><span class='ocrx_word' id='word_1_175' title='bbox 348 3834 472 3886; x_wconf 88' lang='lat' dir='ltr'><strong><em>tam</em></strong></span> <span class='ocrx_word' id='word_1_176' title='bbox 502 3826 718 3885; x_wconf 75' lang='lat' dir='ltr'><strong><em>audax</em></strong></span> <span class='ocrx_word' id='word_1_177' title='bbox 744 3835 851 3885; x_wconf 87' lang='lat' dir='ltr'><strong><em>aut</em></strong></span> <span class='ocrx_word' id='word_1_178' title='bbox 887 3824 1276 3895; x_wconf 89' lang='lat' dir='ltr'><strong><em>temerarius,</em></strong></span> <span class='ocrx_word' id='word_1_179' title='bbox 1323 3825 1433 3902; x_wconf 91' lang='lat' dir='ltr'><strong><em>qui</em></strong></span> <span class='ocrx_word' id='word_1_180' title='bbox 1463 3824 1870 3903; x_wconf 80' lang='lat' dir='ltr'><strong><em>Gregorianis</em></strong></span> <span class='ocrx_word' id='word_1_181' title='bbox 1901 3826 2157 3902; x_wconf 88' lang='lat' dir='ltr'><strong><em>scriptis</em></strong></span> <span class='ocrx_word' id='word_1_182' title='bbox 2183 3827 2277 3885; x_wconf 91' lang='lat' dir='ltr'><strong><em>vel</em></strong></span> <span class='ocrx_word' id='word_1_183' title='bbox 2310 3827 2625 3888; x_wconf 81' lang='lat' dir='ltr'><strong><em>tantillum</em></strong></span> <span class='ocrx_word' id='word_1_184' title='bbox 2659 3830 2887 3908; x_wconf 74' lang='lat' dir='ltr'><strong><em>inferre</em></strong></span> <span class='ocrx_word' id='word_1_185' title='bbox 2921 3828 3088 3887; x_wconf 86' lang='lat' dir='ltr'><strong><em>ausit</em></strong></span> <span class='ocrx_word' id='word_1_186' title='bbox 3127 3828 3451 3905; x_wconf 84' lang='lat' dir='ltr'><strong><em>injuriam,</em></strong></span> <span class='ocrx_word' id='word_1_187' title='bbox 3486 3845 3624 3887; x_wconf 89' lang='lat' dir='ltr'><strong><em>cum</em></strong></span> 
     </span>
    </p>
   </div>
   <div class='ocr_carea' id='block_1_22' title="bbox 349 3922 2666 4003">
    <p class='ocr_par' dir='ltr' id='par_1_22' title="bbox 349 3922 2666 4003">
     <span class='ocr_line' id='line_1_23' title="bbox 349 3922 2666 4003; baseline -0.001 -18"><span class='ocrx_word' id='word_1_188' title='bbox 349 3944 415 3986; x_wconf 92' lang='lat' dir='ltr'><strong><em>ea</em></strong></span> <span class='ocrx_word' id='word_1_189' title='bbox 446 3925 894 4003; x_wconf 73' lang='lat' dir='ltr'><strong><em>sapientissimi</em></strong></span> <span class='ocrx_word' id='word_1_190' title='bbox 928 3934 983 3983; x_wconf 90' lang='lat' dir='ltr'><strong><em>et</em></strong></span> <span class='ocrx_word' id='word_1_191' title='bbox 1034 3924 1368 4002; x_wconf 81' lang='lat' dir='ltr'><strong><em>tequissimi</em></strong></span> <span class='ocrx_word' id='word_1_192' title='bbox 1422 3923 1650 3983; x_wconf 87' lang='lat' dir='ltr'><strong><em>arbitri</em></strong></span> <span class='ocrx_word' id='word_1_193' title='bbox 1684 3922 1934 4001; x_wconf 88' lang='lat' dir='ltr'><strong><em>judicio</em></strong></span> <span class='ocrx_word' id='word_1_194' title='bbox 1984 3924 2382 4002; x_wconf 82' lang='lat' dir='ltr'><strong><em>comprobata</em></strong></span> <span class='ocrx_word' id='word_1_195' title='bbox 2418 3925 2666 3985; x_wconf 89' lang='lat' dir='ltr'><strong><em>viderit.</em></strong></span> 
     </span>
    </p>
   </div>
   <div class='ocr_carea' id='block_1_23' title="bbox 426 4049 3627 4132">
    <p class='ocr_par' dir='ltr' id='par_1_23' title="bbox 426 4049 3627 4132">
     <span class='ocr_line' id='line_1_24' title="bbox 426 4049 3627 4132; baseline 0.001 -25"><span class='ocrx_word' id='word_1_196' title='bbox 426 4051 526 4108; x_wconf 78' lang='lat' dir='ltr'><strong><em>Tu</em></strong></span> <span class='ocrx_word' id='word_1_197' title='bbox 562 4067 728 4115; x_wconf 80' lang='lat' dir='ltr'><strong><em>vero,</em></strong></span> <span class='ocrx_word' id='word_1_198' title='bbox 764 4051 863 4111; x_wconf 75' lang='lat' dir='ltr'><strong><em>vir</em></strong></span> <span class='ocrx_word' id='word_1_199' title='bbox 894 4055 1425 4128; x_wconf 74' lang='lat' dir='ltr'><strong><em>prteslantissime,</em></strong></span> <span class='ocrx_word' id='word_1_200' title='bbox 1455 4072 1581 4115; x_wconf 90' lang='lat' dir='ltr'><strong><em>rem</em></strong></span> <span class='ocrx_word' id='word_1_201' title='bbox 1616 4063 1724 4113; x_wconf 87' lang='lat' dir='ltr'><strong><em>tuo</em></strong></span> <span class='ocrx_word' id='word_1_202' title='bbox 1760 4052 2010 4112; x_wconf 85' lang='lat' dir='ltr'><strong><em>nomine</em></strong></span> <span class='ocrx_word' id='word_1_203' title='bbox 2044 4051 2250 4132; x_wconf 86' lang='lat' dir='ltr'><strong><em>(liceat</em></strong></span> <span class='ocrx_word' id='word_1_204' title='bbox 2281 4052 2434 4111; x_wconf 86' lang='lat' dir='ltr'><strong><em>mihi</em></strong></span> <span class='ocrx_word' id='word_1_205' title='bbox 2477 4051 2593 4112; x_wconf 82' lang='lat' dir='ltr'><strong><em>hoc</em></strong></span> <span class='ocrx_word' id='word_1_206' title='bbox 2642 4051 2864 4129; x_wconf 78' lang='lat' dir='ltr'><strong><em>dicere)</em></strong></span> <span class='ocrx_word' id='word_1_207' title='bbox 2924 4060 3149 4130; x_wconf 88' lang='lat' dir='ltr'><strong><em>tuaque</em></strong></span> <span class='ocrx_word' id='word_1_208' title='bbox 3198 4049 3507 4128; x_wconf 80' lang='lat' dir='ltr'><strong><em>dignitate</em></strong></span> <span class='ocrx_word' id='word_1_209' title='bbox 3554 4069 3627 4111; x_wconf 88' lang='lat' dir='ltr'><strong><em>ac</em></strong></span> 
     </span>
    </p>
   </div>
   <div class='ocr_carea' id='block_1_24' title="bbox 351 4147 3629 4231">
    <p class='ocr_par' dir='ltr' id='par_1_24' title="bbox 351 4147 3629 4231">
     <span class='ocr_line' id='line_1_25' title="bbox 351 4147 3629 4231; baseline 0.002 -28"><span class='ocrx_word' id='word_1_210' title='bbox 351 4148 656 4223; x_wconf 79' lang='lat' dir='ltr'><strong><em>gravitate</em></strong></span> <span class='ocrx_word' id='word_1_211' title='bbox 685 4147 854 4208; x_wconf 83' lang='lat' dir='ltr'><strong><em>haud</em></strong></span> <span class='ocrx_word' id='word_1_212' title='bbox 884 4150 1209 4227; x_wconf 84' lang='lat' dir='ltr'><strong><em>indignam</em></strong></span> <span class='ocrx_word' id='word_1_213' title='bbox 1239 4154 1423 4231; x_wconf 81' lang='lat' dir='ltr'><strong><em>facis,</em></strong></span> <span class='ocrx_word' id='word_1_214' title='bbox 1460 4171 1596 4212; x_wconf 87' lang='lat' dir='ltr'><strong><em>cum</em></strong></span> <span class='ocrx_word' id='word_1_215' title='bbox 1629 4161 1803 4211; x_wconf 91' lang='lat' dir='ltr'><strong><em>tuum</em></strong></span> <span class='ocrx_word' id='word_1_216' title='bbox 1832 4151 2140 4229; x_wconf 82' lang='lat' dir='ltr'><strong><em>Gregorio</em></strong></span> <span class='ocrx_word' id='word_1_217' title='bbox 2193 4160 2411 4210; x_wconf 87' lang='lat' dir='ltr'><strong><em>nostro</em></strong></span> <span class='ocrx_word' id='word_1_218' title='bbox 2445 4151 2812 4229; x_wconf 81' lang='lat' dir='ltr'><strong><em>prtesidium</em></strong></span> <span class='ocrx_word' id='word_1_219' title='bbox 2854 4152 3220 4229; x_wconf 76' lang='lat' dir='ltr'><strong><em>impertiris.</em></strong></span> <span class='ocrx_word' id='word_1_220' title='bbox 3271 4151 3425 4212; x_wconf 85' lang='lat' dir='ltr'><strong><em>Cum</em></strong></span> <span class='ocrx_word' id='word_1_221' title='bbox 3471 4152 3629 4211; x_wconf 90' lang='lat' dir='ltr'><strong><em>enim</em></strong></span> 
     </span>
    </p>
   </div>
   <div class='ocr_carea' id='block_1_25' title="bbox 352 4245 3629 4330">
    <p class='ocr_par' dir='ltr' id='par_1_25' title="bbox 352 4245 3629 4330">
     <span class='ocr_line' id='line_1_26' title="bbox 352 4245 3629 4330; baseline 0.003 -31"><span class='ocrx_word' id='word_1_222' title='bbox 352 4245 711 4322; x_wconf 70' lang='lat' dir='ltr'><strong><em>religionem</em></strong></span> <span class='ocrx_word' id='word_1_223' title='bbox 736 4248 975 4309; x_wconf 88' lang='lat' dir='ltr'><strong><em>sincere</em></strong></span> <span class='ocrx_word' id='word_1_224' title='bbox 1003 4267 1187 4323; x_wconf 72' lang='lat' dir='ltr'><strong><em>aines,</em></strong></span> <span class='ocrx_word' id='word_1_225' title='bbox 1218 4261 1270 4309; x_wconf 89' lang='lat' dir='ltr'><strong><em>et</em></strong></span> <span class='ocrx_word' id='word_1_226' title='bbox 1305 4252 1505 4329; x_wconf 84' lang='lat' dir='ltr'><strong><em>gentis</em></strong></span> <span class='ocrx_word' id='word_1_227' title='bbox 1535 4262 1764 4310; x_wconf 74' lang='lat' dir='ltr'><strong><em>nostra:</em></strong></span> <span class='ocrx_word' id='word_1_228' title='bbox 1790 4249 2142 4316; x_wconf 81' lang='lat' dir='ltr'><strong><em>historiam.</em></strong></span> <span class='ocrx_word' id='word_1_229' title='bbox 2173 4251 2490 4328; x_wconf 76' lang='lat' dir='ltr'><strong><em>avitasque</em></strong></span> <span class='ocrx_word' id='word_1_230' title='bbox 2513 4269 2709 4311; x_wconf 89' lang='lat' dir='ltr'><strong><em>mores</em></strong></span> <span class='ocrx_word' id='word_1_231' title='bbox 2735 4270 2868 4329; x_wconf 73' lang='lat' dir='ltr'><strong><em>pra:</em></strong></span> <span class='ocrx_word' id='word_1_232' title='bbox 2890 4250 3088 4313; x_wconf 87' lang='lat' dir='ltr'><strong><em>oculis</em></strong></span> <span class='ocrx_word' id='word_1_233' title='bbox 3108 4269 3340 4330; x_wconf 82' lang='lat' dir='ltr'><strong><em>semper</em></strong></span> <span class='ocrx_word' id='word_1_234' title='bbox 3362 4249 3582 4311; x_wconf 81' lang='lat' dir='ltr'><strong><em>habeas</em></strong></span> <span class='ocrx_word' id='word_1_235' title='bbox 3608 4271 3629 4320; x_wconf 73' lang='lat'><strong><em>,-</em></strong></span> 
     </span>
    </p>
   </div>
   <div class='ocr_carea' id='block_1_26' title="bbox 352 4344 3630 4429">
    <p class='ocr_par' dir='ltr' id='par_1_26' title="bbox 352 4344 3630 4429">
     <span class='ocr_line' id='line_1_27' title="bbox 352 4344 3630 4429; baseline 0.004 -29"><span class='ocrx_word' id='word_1_236' title='bbox 352 4355 477 4401; x_wconf 88' lang='lat' dir='ltr'><strong><em>non</em></strong></span> <span class='ocrx_word' id='word_1_237' title='bbox 527 4357 702 4422; x_wconf 82' lang='lat' dir='ltr'><strong><em>potes</em></strong></span> <span class='ocrx_word' id='word_1_238' title='bbox 751 4366 884 4406; x_wconf 87' lang='lat' dir='ltr'><strong><em>eum</em></strong></span> <span class='ocrx_word' id='word_1_239' title='bbox 913 4366 1037 4407; x_wconf 89' lang='lat' dir='ltr'><strong><em>non</em></strong></span> <span class='ocrx_word' id='word_1_240' title='bbox 1065 4344 1335 4426; x_wconf 81' lang='lat' dir='ltr'><strong><em>probare</em></strong></span> <span class='ocrx_word' id='word_1_241' title='bbox 1368 4359 1713 4423; x_wconf 88' lang='lat' dir='ltr'><strong><em>auctorem,</em></strong></span> <span class='ocrx_word' id='word_1_242' title='bbox 1742 4368 1916 4429; x_wconf 89' lang='lat' dir='ltr'><strong><em>quem</em></strong></span> <span class='ocrx_word' id='word_1_243' title='bbox 1954 4348 2284 4409; x_wconf 80' lang='lat' dir='ltr'><strong><em>Francica:</em></strong></span> <span class='ocrx_word' id='word_1_244' title='bbox 2325 4350 2607 4411; x_wconf 70' lang='lat' dir='ltr'><strong><em>historia?</em></strong></span> <span class='ocrx_word' id='word_1_245' title='bbox 2639 4361 2960 4428; x_wconf 87' lang='lat' dir='ltr'><strong><em>parentem</em></strong></span> <span class='ocrx_word' id='word_1_246' title='bbox 2988 4352 3344 4428; x_wconf 85' lang='lat' dir='ltr'><strong><em>suspiciunt</em></strong></span> <span class='ocrx_word' id='word_1_247' title='bbox 3374 4368 3581 4410; x_wconf 85' lang='lat' dir='ltr'><strong><em>omnes</em></strong></span> <span class='ocrx_word' id='word_1_248' title='bbox 3612 4376 3630 4412; x_wconf 76' lang='lat'><strong><em>.-</em></strong></span> 
     </span>
    </p>
   </div>
   <div class='ocr_carea' id='block_1_27' title="bbox 347 4444 3632 4529">
    <p class='ocr_par' dir='ltr' id='par_1_27' title="bbox 347 4444 3632 4529">
     <span class='ocr_line' id='line_1_28' title="bbox 347 4444 3632 4529; baseline 0.003 -29"><span class='ocrx_word' id='word_1_249' title='bbox 347 4465 383 4502; x_wconf 85' lang='lat' dir='ltr'><strong><em>a</em></strong></span> <span class='ocrx_word' id='word_1_250' title='bbox 417 4463 537 4521; x_wconf 85' lang='lat' dir='ltr'><strong><em>quo</em></strong></span> <span class='ocrx_word' id='word_1_251' title='bbox 571 4444 901 4523; x_wconf 88' lang='lat' dir='ltr'><strong><em>religionis</em></strong></span> <span class='ocrx_word' id='word_1_252' title='bbox 930 4447 1306 4509; x_wconf 77' lang='lat' dir='ltr'><strong><em>Christiana:</em></strong></span> <span class='ocrx_word' id='word_1_253' title='bbox 1336 4452 1399 4510; x_wconf 88' lang='lat' dir='ltr'><strong><em>in</em></strong></span> <span class='ocrx_word' id='word_1_254' title='bbox 1430 4449 1657 4511; x_wconf 79' lang='lat' dir='ltr'><strong><em>Galliis</em></strong></span> <span class='ocrx_word' id='word_1_255' title='bbox 1686 4448 1952 4510; x_wconf 70' lang='lat' dir='ltr'><strong><em>exordia</em></strong></span> <span class='ocrx_word' id='word_1_256' title='bbox 1986 4457 2040 4507; x_wconf 92' lang='lat' dir='ltr'><strong><em>et</em></strong></span> <span class='ocrx_word' id='word_1_257' title='bbox 2064 4465 2489 4528; x_wconf 81' lang='lat' dir='ltr'><strong><em>progressum,</em></strong></span> <span class='ocrx_word' id='word_1_258' title='bbox 2518 4450 2787 4529; x_wconf 83' lang='lat' dir='ltr'><strong><em>adeoque</em></strong></span> <span class='ocrx_word' id='word_1_259' title='bbox 2827 4453 3178 4529; x_wconf 89' lang='lat' dir='ltr'><strong><em>primorum</em></strong></span> <span class='ocrx_word' id='word_1_260' title='bbox 3234 4467 3448 4528; x_wconf 85' lang='lat' dir='ltr'><strong><em>regum</em></strong></span> <span class='ocrx_word' id='word_1_261' title='bbox 3480 4469 3632 4511; x_wconf 88' lang='lat' dir='ltr'><strong><em>nos-</em></strong></span> 
     </span>
    </p>
   </div>
   <div class='ocr_carea' id='block_1_28' title="bbox 350 4550 3631 4633">
    <p class='ocr_par' dir='ltr' id='par_1_28' title="bbox 350 4550 3631 4633">
     <span class='ocr_line' id='line_1_29' title="bbox 350 4550 3631 4633; baseline 0.004 -32"><span class='ocrx_word' id='word_1_262' title='bbox 350 4552 597 4604; x_wconf 87' lang='lat' dir='ltr'><strong><em>trorum</em></strong></span> <span class='ocrx_word' id='word_1_263' title='bbox 626 4556 796 4625; x_wconf 84' lang='lat' dir='ltr'><strong><em>gesta</em></strong></span> <span class='ocrx_word' id='word_1_264' title='bbox 829 4550 1197 4627; x_wconf 88' lang='lat' dir='ltr'><strong><em>accepimus.</em></strong></span> <span class='ocrx_word' id='word_1_265' title='bbox 1222 4552 1430 4629; x_wconf 86' lang='lat' dir='ltr'><strong><em>Neque</em></strong></span> <span class='ocrx_word' id='word_1_266' title='bbox 1466 4570 1607 4613; x_wconf 88' lang='lat' dir='ltr'><strong><em>vero</em></strong></span> <span class='ocrx_word' id='word_1_267' title='bbox 1639 4554 1694 4614; x_wconf 91' lang='lat' dir='ltr'><strong><em>si</em></strong></span> <span class='ocrx_word' id='word_1_268' title='bbox 1721 4552 1850 4624; x_wconf 89' lang='lat' dir='ltr'><strong><em>ille,</em></strong></span> <span class='ocrx_word' id='word_1_269' title='bbox 1872 4552 2008 4632; x_wconf 89' lang='lat' dir='ltr'><strong><em>jam</em></strong></span> <span class='ocrx_word' id='word_1_270' title='bbox 2031 4570 2226 4631; x_wconf 85' lang='lat' dir='ltr'><strong><em>supra</em></strong></span> <span class='ocrx_word' id='word_1_271' title='bbox 2254 4553 2612 4613; x_wconf 88' lang='lat' dir='ltr'><strong><em>mortalium</em></strong></span> <span class='ocrx_word' id='word_1_272' title='bbox 2640 4563 2866 4613; x_wconf 89' lang='lat' dir='ltr'><strong><em>sortem</em></strong></span> <span class='ocrx_word' id='word_1_273' title='bbox 2880 4554 3152 4633; x_wconf 86' lang='lat' dir='ltr'><strong><em>positus,</em></strong></span> <span class='ocrx_word' id='word_1_274' title='bbox 3179 4554 3422 4632; x_wconf 82' lang='lat' dir='ltr'><strong><em>scripta</em></strong></span> <span class='ocrx_word' id='word_1_275' title='bbox 3447 4552 3631 4614; x_wconf 87' lang='lat' dir='ltr'><strong><em>modo</em></strong></span> 
     </span>
    </p>
   </div>
   <div class='ocr_carea' id='block_1_29' title="bbox 349 4649 3633 4731">
    <p class='ocr_par' dir='ltr' id='par_1_29' title="bbox 349 4649 3633 4731">
     <span class='ocr_line' id='line_1_30' title="bbox 349 4649 3633 4731; baseline 0.003 -29"><span class='ocrx_word' id='word_1_276' title='bbox 349 4666 459 4704; x_wconf 88' lang='lat' dir='ltr'><strong><em>sua</em></strong></span> <span class='ocrx_word' id='word_1_277' title='bbox 497 4663 724 4723; x_wconf 88' lang='lat' dir='ltr'><strong><em>parum</em></strong></span> <span class='ocrx_word' id='word_1_278' title='bbox 757 4656 974 4720; x_wconf 88' lang='lat' dir='ltr'><strong><em>curat,</em></strong></span> <span class='ocrx_word' id='word_1_279' title='bbox 1010 4649 1188 4711; x_wconf 86' lang='lat' dir='ltr'><strong><em>nobis</em></strong></span> <span class='ocrx_word' id='word_1_280' title='bbox 1216 4669 1453 4725; x_wconf 87' lang='lat' dir='ltr'><strong><em>eorum,</em></strong></span> <span class='ocrx_word' id='word_1_281' title='bbox 1488 4670 1622 4730; x_wconf 72' lang='lat' dir='ltr'><strong><em>quae</em></strong></span> <span class='ocrx_word' id='word_1_282' title='bbox 1653 4653 1705 4712; x_wconf 89' lang='lat' dir='ltr'><strong><em>is</em></strong></span> <span class='ocrx_word' id='word_1_283' title='bbox 1734 4652 1802 4711; x_wconf 89' lang='lat' dir='ltr'><strong><em>in</em></strong></span> <span class='ocrx_word' id='word_1_284' title='bbox 1830 4670 1979 4711; x_wconf 89' lang='lat' dir='ltr'><strong><em>usus</em></strong></span> <span class='ocrx_word' id='word_1_285' title='bbox 2015 4661 2265 4710; x_wconf 91' lang='lat' dir='ltr'><strong><em>nostros</em></strong></span> <span class='ocrx_word' id='word_1_286' title='bbox 2292 4650 2503 4711; x_wconf 77' lang='lat' dir='ltr'><strong><em>vivens</em></strong></span> <span class='ocrx_word' id='word_1_287' title='bbox 2530 4650 2747 4721; x_wconf 88' lang='lat' dir='ltr'><strong><em>edidit,</em></strong></span> <span class='ocrx_word' id='word_1_288' title='bbox 2777 4669 2989 4713; x_wconf 89' lang='lat' dir='ltr'><strong><em>curam</em></strong></span> <span class='ocrx_word' id='word_1_289' title='bbox 3015 4650 3278 4731; x_wconf 86' lang='lat' dir='ltr'><strong><em>abjicere</em></strong></span> <span class='ocrx_word' id='word_1_290' title='bbox 3310 4652 3479 4714; x_wconf 89' lang='lat' dir='ltr'><strong><em>licet.</em></strong></span> <span class='ocrx_word' id='word_1_291' title='bbox 3511 4652 3633 4712; x_wconf 89' lang='lat' dir='ltr'><strong><em>ln-</em></strong></span> 
     </span>
    </p>
   </div>
   <div class='ocr_carea' id='block_1_30' title="bbox 352 4748 3635 4830">
    <p class='ocr_par' dir='ltr' id='par_1_30' title="bbox 352 4748 3635 4830">
     <span class='ocr_line' id='line_1_31' title="bbox 352 4748 3635 4830; baseline 0.002 -25"><span class='ocrx_word' id='word_1_292' title='bbox 352 4758 533 4808; x_wconf 89' lang='lat' dir='ltr'><strong><em>terest</em></strong></span> <span class='ocrx_word' id='word_1_293' title='bbox 573 4748 804 4828; x_wconf 81' lang='lat' dir='ltr'><strong><em>quippe</em></strong></span> <span class='ocrx_word' id='word_1_294' title='bbox 833 4749 925 4809; x_wconf 89' lang='lat' dir='ltr'><strong><em>rei</em></strong></span> <span class='ocrx_word' id='word_1_295' title='bbox 964 4750 1231 4829; x_wconf 81' lang='lat' dir='ltr'><strong><em>publij</em></strong></span> <span class='ocrx_word' id='word_1_296' title='bbox 1263 4752 1584 4814; x_wconf 79' lang='lat' dir='ltr'><strong><em>Francicae</em></strong></span> <span class='ocrx_word' id='word_1_297' title='bbox 1614 4771 1687 4813; x_wconf 88' lang='lat' dir='ltr'><strong><em>ac</em></strong></span> <span class='ocrx_word' id='word_1_298' title='bbox 1720 4752 2117 4822; x_wconf 59' lang='lat' dir='ltr'><strong><em>Christianis,</em></strong></span> <span class='ocrx_word' id='word_1_299' title='bbox 2152 4770 2219 4811; x_wconf 92' lang='lat' dir='ltr'><strong><em>ea</em></strong></span> <span class='ocrx_word' id='word_1_300' title='bbox 2265 4768 2393 4810; x_wconf 91' lang='lat' dir='ltr'><strong><em>non</em></strong></span> <span class='ocrx_word' id='word_1_301' title='bbox 2424 4750 2607 4811; x_wconf 89' lang='lat' dir='ltr'><strong><em>modo</em></strong></span> <span class='ocrx_word' id='word_1_302' title='bbox 2643 4751 2718 4811; x_wconf 87' lang='lat' dir='ltr'><strong><em>ab</em></strong></span> <span class='ocrx_word' id='word_1_303' title='bbox 2748 4753 3014 4813; x_wconf 89' lang='lat' dir='ltr'><strong><em>interitu</em></strong></span> <span class='ocrx_word' id='word_1_304' title='bbox 3042 4752 3393 4830; x_wconf 83' lang='lat' dir='ltr'><strong><em>vindicare,</em></strong></span> <span class='ocrx_word' id='word_1_305' title='bbox 3422 4770 3635 4813; x_wconf 84' lang='lat' dir='ltr'><strong><em>verum</em></strong></span> 
     </span>
    </p>
   </div>
   <div class='ocr_carea' id='block_1_31' title="bbox 350 4850 3635 4935">
    <p class='ocr_par' dir='ltr' id='par_1_31' title="bbox 350 4850 3635 4935">
     <span class='ocr_line' id='line_1_32' title="bbox 350 4850 3635 4935; baseline 0.003 -30"><span class='ocrx_word' id='word_1_306' title='bbox 350 4850 536 4908; x_wconf 89' lang='lat' dir='ltr'><strong><em>etiam</em></strong></span> <span class='ocrx_word' id='word_1_307' title='bbox 573 4866 783 4909; x_wconf 88' lang='lat' dir='ltr'><strong><em>eorum</em></strong></span> <span class='ocrx_word' id='word_1_308' title='bbox 812 4855 1257 4913; x_wconf 88' lang='lat' dir='ltr'><strong><em>auctoritatem</em></strong></span> <span class='ocrx_word' id='word_1_309' title='bbox 1282 4864 1767 4915; x_wconf 82' lang='lat' dir='ltr'><strong><em>sartum-tectam</em></strong></span> <span class='ocrx_word' id='word_1_310' title='bbox 1804 4855 1965 4915; x_wconf 91' lang='lat' dir='ltr'><strong><em>tueri</em></strong></span> <span class='ocrx_word' id='word_1_311' title='bbox 1992 4854 2286 4915; x_wconf 86' lang='lat' dir='ltr'><strong><em>adversus</em></strong></span> <span class='ocrx_word' id='word_1_312' title='bbox 2318 4874 2443 4931; x_wconf 89' lang='lat' dir='ltr'><strong><em>eos,</em></strong></span> <span class='ocrx_word' id='word_1_313' title='bbox 2469 4855 2580 4934; x_wconf 89' lang='lat' dir='ltr'><strong><em>qui</em></strong></span> <span class='ocrx_word' id='word_1_314' title='bbox 2608 4855 2703 4916; x_wconf 88' lang='lat' dir='ltr'><strong><em>vel</em></strong></span> <span class='ocrx_word' id='word_1_315' title='bbox 2730 4856 3013 4917; x_wconf 85' lang='lat' dir='ltr'><strong><em>auctoris</em></strong></span> <span class='ocrx_word' id='word_1_316' title='bbox 3046 4856 3225 4935; x_wconf 79' lang='lat' dir='ltr'><strong><em>[idem</em></strong></span> <span class='ocrx_word' id='word_1_317' title='bbox 3254 4857 3526 4927; x_wconf 83' lang='lat' dir='ltr'><strong><em>elevant,</em></strong></span> <span class='ocrx_word' id='word_1_318' title='bbox 3558 4853 3635 4915; x_wconf 85' lang='lat' dir='ltr'><strong><em>ob</em></strong></span> 
     </span>
    </p>
   </div>
   <div class='ocr_carea' id='block_1_32' title="bbox 350 4951 3635 5033">
    <p class='ocr_par' dir='ltr' id='par_1_32' title="bbox 350 4951 3635 5033">
     <span class='ocr_line' id='line_1_33' title="bbox 350 4951 3635 5033; baseline 0.001 -25"><span class='ocrx_word' id='word_1_319' title='bbox 350 4951 633 5024; x_wconf 87' lang='lat' dir='ltr'><strong><em>nimiam,</em></strong></span> <span class='ocrx_word' id='word_1_320' title='bbox 661 4960 732 5011; x_wconf 91' lang='lat' dir='ltr'><strong><em>ut</em></strong></span> <span class='ocrx_word' id='word_1_321' title='bbox 761 4952 917 5032; x_wconf 87' lang='lat' dir='ltr'><strong><em>ipsis</em></strong></span> <span class='ocrx_word' id='word_1_322' title='bbox 952 4954 1199 5033; x_wconf 91' lang='lat' dir='ltr'><strong><em>quidem</em></strong></span> <span class='ocrx_word' id='word_1_323' title='bbox 1233 4955 1505 5027; x_wconf 88' lang='lat' dir='ltr'><strong><em>videtur,</em></strong></span> <span class='ocrx_word' id='word_1_324' title='bbox 1559 4954 1830 5015; x_wconf 89' lang='lat' dir='ltr'><strong><em>hominis</em></strong></span> <span class='ocrx_word' id='word_1_325' title='bbox 1877 4955 2343 5032; x_wconf 86' lang='lat' dir='ltr'><strong><em>simplicitatem</em></strong></span> <span class='ocrx_word' id='word_1_326' title='bbox 2389 4972 2460 5014; x_wconf 88' lang='lat' dir='ltr'><strong><em>ac</em></strong></span> <span class='ocrx_word' id='word_1_327' title='bbox 2506 4953 2969 5021; x_wconf 87' lang='lat' dir='ltr'><strong><em>credulitatem:</em></strong></span> <span class='ocrx_word' id='word_1_328' title='bbox 3021 4953 3118 5015; x_wconf 90' lang='lat' dir='ltr'><strong><em>vel</em></strong></span> <span class='ocrx_word' id='word_1_329' title='bbox 3167 4952 3459 5033; x_wconf 82' lang='lat' dir='ltr'><strong><em>genuinis</em></strong></span> <span class='ocrx_word' id='word_1_330' title='bbox 3504 4953 3635 5030; x_wconf 86' lang='lat' dir='ltr'><strong><em>ejus</em></strong></span> 
     </span>
    </p>
   </div>
   <div class='ocr_carea' id='block_1_33' title="bbox 354 5049 3634 5132">
    <p class='ocr_par' dir='ltr' id='par_1_33' title="bbox 354 5049 3634 5132">
     <span class='ocr_line' id='line_1_34' title="bbox 354 5049 3634 5132; baseline 0.001 -25"><span class='ocrx_word' id='word_1_331' title='bbox 354 5049 649 5127; x_wconf 89' lang='lat' dir='ltr'><strong><em>operibus</em></strong></span> <span class='ocrx_word' id='word_1_332' title='bbox 683 5070 812 5113; x_wconf 87' lang='lat' dir='ltr'><strong><em>non</em></strong></span> <span class='ocrx_word' id='word_1_333' title='bbox 838 5054 1158 5115; x_wconf 89' lang='lat' dir='ltr'><strong><em>minimam</em></strong></span> <span class='ocrx_word' id='word_1_334' title='bbox 1188 5054 1526 5115; x_wconf 85' lang='lat' dir='ltr'><strong><em>detrahunt</em></strong></span> <span class='ocrx_word' id='word_1_335' title='bbox 1550 5064 1814 5132; x_wconf 86' lang='lat' dir='ltr'><strong><em>partem,</em></strong></span> <span class='ocrx_word' id='word_1_336' title='bbox 1838 5053 2015 5131; x_wconf 92' lang='lat' dir='ltr'><strong><em>quasi</em></strong></span> <span class='ocrx_word' id='word_1_337' title='bbox 2037 5051 2110 5112; x_wconf 87' lang='lat' dir='ltr'><strong><em>ab</em></strong></span> <span class='ocrx_word' id='word_1_338' title='bbox 2143 5051 2706 5130; x_wconf 87' lang='lat' dir='ltr'><strong><em>interpolatoribus</em></strong></span> <span class='ocrx_word' id='word_1_339' title='bbox 2730 5062 2945 5112; x_wconf 87' lang='lat' dir='ltr'><strong><em>temere</em></strong></span> <span class='ocrx_word' id='word_1_340' title='bbox 2981 5059 3278 5111; x_wconf 89' lang='lat' dir='ltr'><strong><em>assutam.</em></strong></span> <span class='ocrx_word' id='word_1_341' title='bbox 3317 5051 3456 5129; x_wconf 84' lang='lat' dir='ltr'><strong><em>Ego</em></strong></span> <span class='ocrx_word' id='word_1_342' title='bbox 3490 5068 3634 5111; x_wconf 87' lang='lat' dir='ltr'><strong><em>vero</em></strong></span> 
     </span>
    </p>
   </div>
   <div class='ocr_carea' id='block_1_34' title="bbox 353 5148 3638 5232">
    <p class='ocr_par' dir='ltr' id='par_1_34' title="bbox 353 5148 3638 5232">
     <span class='ocr_line' id='line_1_35' title="bbox 353 5148 3638 5232; baseline 0.001 -25"><span class='ocrx_word' id='word_1_343' title='bbox 353 5160 691 5229; x_wconf 85' lang='lat' dir='ltr'><strong><em>utrumque</em></strong></span> <span class='ocrx_word' id='word_1_344' title='bbox 717 5151 1024 5231; x_wconf 81' lang='lat' dir='ltr'><strong><em>Gregorio</em></strong></span> <span class='ocrx_word' id='word_1_345' title='bbox 1049 5163 1348 5230; x_wconf 63' lang='lat' dir='ltr'><strong><em>priestare</em></strong></span> <span class='ocrx_word' id='word_1_346' title='bbox 1376 5172 1512 5213; x_wconf 89' lang='lat' dir='ltr'><strong><em>sum</em></strong></span> <span class='ocrx_word' id='word_1_347' title='bbox 1548 5163 1831 5225; x_wconf 87' lang='lat' dir='ltr'><strong><em>conatus,</em></strong></span> <span class='ocrx_word' id='word_1_348' title='bbox 1867 5153 1969 5213; x_wconf 89' lang='lat' dir='ltr'><strong><em>cui</em></strong></span> <span class='ocrx_word' id='word_1_349' title='bbox 1993 5151 2235 5232; x_wconf 87' lang='lat' dir='ltr'><strong><em>quidem</em></strong></span> <span class='ocrx_word' id='word_1_350' title='bbox 2262 5154 2431 5230; x_wconf 80' lang='lat' dir='ltr'><strong><em>facto</em></strong></span> <span class='ocrx_word' id='word_1_351' title='bbox 2462 5152 2518 5212; x_wconf 90' lang='lat' dir='ltr'><strong><em>si</em></strong></span> <span class='ocrx_word' id='word_1_352' title='bbox 2550 5154 2869 5214; x_wconf 69' lang='lat' dir='ltr'><strong><em>sententia?</em></strong></span> <span class='ocrx_word' id='word_1_353' title='bbox 2903 5160 3025 5211; x_wconf 79' lang='lat' dir='ltr'><strong><em>luce</em></strong></span> <span class='ocrx_word' id='word_1_354' title='bbox 3051 5148 3332 5227; x_wconf 89' lang='lat' dir='ltr'><strong><em>gravitas</em></strong></span> <span class='ocrx_word' id='word_1_355' title='bbox 3363 5168 3638 5211; x_wconf 84' lang='lat' dir='ltr'><strong><em>accesse-</em></strong></span> 
     </span>
    </p>
   </div>
   <div class='ocr_carea' id='block_1_35' title="bbox 354 5249 3637 5333">
    <p class='ocr_par' dir='ltr' id='par_1_35' title="bbox 354 5249 3637 5333">
     <span class='ocr_line' id='line_1_36' title="bbox 354 5249 3637 5333; baseline 0 -23"><span class='ocrx_word' id='word_1_356' title='bbox 354 5255 469 5330; x_wconf 89' lang='lat' dir='ltr'><strong><em>rit,</em></strong></span> <span class='ocrx_word' id='word_1_357' title='bbox 497 5273 593 5315; x_wconf 83' lang='lat' dir='ltr'><strong><em>nte</em></strong></span> <span class='ocrx_word' id='word_1_358' title='bbox 626 5272 734 5332; x_wconf 88' lang='lat' dir='ltr'><strong><em>ego</em></strong></span> <span class='ocrx_word' id='word_1_359' title='bbox 764 5254 932 5315; x_wconf 89' lang='lat' dir='ltr'><strong><em>haud</em></strong></span> <span class='ocrx_word' id='word_1_360' title='bbox 960 5255 1085 5315; x_wconf 77' lang='lat' dir='ltr'><strong><em>leve</em></strong></span> <span class='ocrx_word' id='word_1_361' title='bbox 1119 5265 1419 5333; x_wconf 83' lang='lat' dir='ltr'><strong><em>suscepta:</em></strong></span> <span class='ocrx_word' id='word_1_362' title='bbox 1444 5273 1641 5333; x_wconf 72' lang='lat' dir='ltr'><strong><em>operte</em></strong></span> <span class='ocrx_word' id='word_1_363' title='bbox 1683 5256 1957 5332; x_wconf 87' lang='lat' dir='ltr'><strong><em>pretium</em></strong></span> <span class='ocrx_word' id='word_1_364' title='bbox 1986 5253 2271 5313; x_wconf 89' lang='lat' dir='ltr'><strong><em>retulisse</em></strong></span> <span class='ocrx_word' id='word_1_365' title='bbox 2303 5253 2453 5314; x_wconf 88' lang='lat' dir='ltr'><strong><em>mihi</em></strong></span> <span class='ocrx_word' id='word_1_366' title='bbox 2484 5252 2765 5328; x_wconf 86' lang='lat' dir='ltr'><strong><em>videbor,</em></strong></span> <span class='ocrx_word' id='word_1_367' title='bbox 2798 5263 2979 5332; x_wconf 91' lang='lat' dir='ltr'><strong><em>atque</em></strong></span> <span class='ocrx_word' id='word_1_368' title='bbox 3006 5249 3322 5311; x_wconf 83' lang='lat' dir='ltr'><strong><em>universis</em></strong></span> <span class='ocrx_word' id='word_1_369' title='bbox 3364 5270 3494 5311; x_wconf 87' lang='lat' dir='ltr'><strong><em>eam</em></strong></span> <span class='ocrx_word' id='word_1_370' title='bbox 3525 5268 3637 5328; x_wconf 83' lang='lat' dir='ltr'><strong><em>ap-</em></strong></span> 
     </span>
    </p>
   </div>
   <div class='ocr_carea' id='block_1_36' title="bbox 358 5353 3640 5438">
    <p class='ocr_par' dir='ltr' id='par_1_36' title="bbox 358 5353 3640 5438">
     <span class='ocr_line' id='line_1_37' title="bbox 358 5353 3640 5438; baseline -0.001 -21"><span class='ocrx_word' id='word_1_371' title='bbox 358 5359 675 5436; x_wconf 84' lang='lat' dir='ltr'><strong><em>probasse.</em></strong></span> <span class='ocrx_word' id='word_1_372' title='bbox 712 5361 815 5420; x_wconf 83' lang='lat' dir='ltr'><strong><em>Ea</em></strong></span> <span class='ocrx_word' id='word_1_373' title='bbox 847 5370 930 5435; x_wconf 86' lang='lat' dir='ltr'><strong><em>est</em></strong></span> <span class='ocrx_word' id='word_1_374' title='bbox 968 5359 1126 5419; x_wconf 83' lang='lat' dir='ltr'><strong><em>enim</em></strong></span> <span class='ocrx_word' id='word_1_375' title='bbox 1164 5369 1270 5419; x_wconf 90' lang='lat' dir='ltr'><strong><em>tua</em></strong></span> <span class='ocrx_word' id='word_1_376' title='bbox 1306 5361 1642 5438; x_wconf 86' lang='lat' dir='ltr'><strong><em>sagacitas,</em></strong></span> <span class='ocrx_word' id='word_1_377' title='bbox 1675 5377 1742 5416; x_wconf 91' lang='lat' dir='ltr'><strong><em>ea</em></strong></span> <span class='ocrx_word' id='word_1_378' title='bbox 1773 5360 2053 5436; x_wconf 82' lang='lat' dir='ltr'><strong><em>cequitas,</em></strong></span> <span class='ocrx_word' id='word_1_379' title='bbox 2092 5375 2160 5416; x_wconf 83' lang='lat' dir='ltr'><strong><em>ea</em></strong></span> <span class='ocrx_word' id='word_1_380' title='bbox 2189 5355 2452 5433; x_wconf 87' lang='lat' dir='ltr'><strong><em>denique</em></strong></span> <span class='ocrx_word' id='word_1_381' title='bbox 2500 5357 2845 5416; x_wconf 90' lang='lat' dir='ltr'><strong><em>auctoritas</em></strong></span> <span class='ocrx_word' id='word_1_382' title='bbox 2887 5354 3056 5433; x_wconf 84' lang='lat' dir='ltr'><strong><em>apud</em></strong></span> <span class='ocrx_word' id='word_1_383' title='bbox 3092 5372 3321 5427; x_wconf 88' lang='lat' dir='ltr'><strong><em>omnes,</em></strong></span> <span class='ocrx_word' id='word_1_384' title='bbox 3354 5363 3423 5414; x_wconf 89' lang='lat' dir='ltr'><strong><em>ut</em></strong></span> <span class='ocrx_word' id='word_1_385' title='bbox 3459 5353 3640 5433; x_wconf 81' lang='lat' dir='ltr'><strong><em>judi-</em></strong></span> 
     </span>
    </p>
   </div>
   <div class='ocr_carea' id='block_1_37' title="bbox 360 5456 3555 5539">
    <p class='ocr_par' dir='ltr' id='par_1_37' title="bbox 360 5456 3555 5539">
     <span class='ocr_line' id='line_1_38' title="bbox 360 5456 3555 5539; baseline -0.003 -18"><span class='ocrx_word' id='word_1_386' title='bbox 360 5462 521 5522; x_wconf 88' lang='lat' dir='ltr'><strong><em>cium</em></strong></span> <span class='ocrx_word' id='word_1_387' title='bbox 552 5471 728 5522; x_wconf 89' lang='lat' dir='ltr'><strong><em>tuum</em></strong></span> <span class='ocrx_word' id='word_1_388' title='bbox 753 5465 957 5525; x_wconf 90' lang='lat' dir='ltr'><strong><em>instar</em></strong></span> <span class='ocrx_word' id='word_1_389' title='bbox 989 5463 1263 5523; x_wconf 88' lang='lat' dir='ltr'><strong><em>omnium</em></strong></span> <span class='ocrx_word' id='word_1_390' title='bbox 1297 5462 1409 5533; x_wconf 89' lang='lat' dir='ltr'><strong><em>sit,</em></strong></span> <span class='ocrx_word' id='word_1_391' title='bbox 1442 5480 1552 5521; x_wconf 86' lang='lat' dir='ltr'><strong><em>nec</em></strong></span> <span class='ocrx_word' id='word_1_392' title='bbox 1588 5461 1937 5539; x_wconf 87' lang='lat' dir='ltr'><strong><em>quisquam,</em></strong></span> <span class='ocrx_word' id='word_1_393' title='bbox 1967 5458 2075 5537; x_wconf 89' lang='lat' dir='ltr'><strong><em>qui</em></strong></span> <span class='ocrx_word' id='word_1_394' title='bbox 2103 5456 2209 5517; x_wconf 88' lang='lat' dir='ltr'><strong><em>abs</em></strong></span> <span class='ocrx_word' id='word_1_395' title='bbox 2248 5466 2303 5517; x_wconf 90' lang='lat' dir='ltr'><strong><em>te</em></strong></span> <span class='ocrx_word' id='word_1_396' title='bbox 2338 5457 2723 5529; x_wconf 88' lang='lat' dir='ltr'><strong><em>dissenserit,</em></strong></span> <span class='ocrx_word' id='word_1_397' title='bbox 2774 5464 2937 5515; x_wconf 88' lang='lat' dir='ltr'><strong><em>recte</em></strong></span> <span class='ocrx_word' id='word_1_398' title='bbox 2971 5472 3180 5533; x_wconf 88' lang='lat' dir='ltr'><strong><em>sapere</em></strong></span> <span class='ocrx_word' id='word_1_399' title='bbox 3211 5464 3555 5516; x_wconf 87' lang='lat' dir='ltr'><strong><em>censeatur.</em></strong></span> 
     </span>
    </p>
   </div>
   <div class='ocr_carea' id='block_1_38' title="bbox 441 5576 3639 5659">
    <p class='ocr_par' dir='ltr' id='par_1_38' title="bbox 441 5576 3639 5659">
     <span class='ocr_line' id='line_1_39' title="bbox 441 5576 3639 5659; baseline -0.002 -19"><span class='ocrx_word' id='word_1_400' title='bbox 441 5580 714 5642; x_wconf 85' lang='lat' dir='ltr'><strong><em>Felicem</em></strong></span> <span class='ocrx_word' id='word_1_401' title='bbox 742 5581 954 5659; x_wconf 88' lang='lat' dir='ltr'><strong><em>itaque</em></strong></span> <span class='ocrx_word' id='word_1_402' title='bbox 992 5576 1262 5641; x_wconf 68' lang='lat' dir='ltr'><strong><em>dixerim</em></strong></span> <span class='ocrx_word' id='word_1_403' title='bbox 1294 5578 1665 5655; x_wconf 89' lang='lat' dir='ltr'><strong><em>Gregorium</em></strong></span> <span class='ocrx_word' id='word_1_404' title='bbox 1694 5585 2004 5651; x_wconf 86' lang='lat' dir='ltr'><strong><em>nostrum,</em></strong></span> <span class='ocrx_word' id='word_1_405' title='bbox 2049 5578 2158 5657; x_wconf 91' lang='lat' dir='ltr'><strong><em>qui</em></strong></span> <span class='ocrx_word' id='word_1_406' title='bbox 2189 5577 2367 5638; x_wconf 91' lang='lat' dir='ltr'><strong><em>talem</em></strong></span> <span class='ocrx_word' id='word_1_407' title='bbox 2393 5586 2734 5655; x_wconf 88' lang='lat' dir='ltr'><strong><em>patronum</em></strong></span> <span class='ocrx_word' id='word_1_408' title='bbox 2768 5594 2839 5635; x_wconf 91' lang='lat' dir='ltr'><strong><em>ac</em></strong></span> <span class='ocrx_word' id='word_1_409' title='bbox 2868 5576 3178 5639; x_wconf 86' lang='lat' dir='ltr'><strong><em>vindicem</em></strong></span> <span class='ocrx_word' id='word_1_410' title='bbox 3210 5580 3476 5640; x_wconf 87' lang='lat' dir='ltr'><strong><em>sortitus</em></strong></span> <span class='ocrx_word' id='word_1_411' title='bbox 3525 5578 3639 5654; x_wconf 70' lang='lat' dir='ltr'><strong><em>sit,</em></strong></span> 
     </span>
    </p>
   </div>
   <div class='ocr_carea' id='block_1_39' title="bbox 362 5675 3641 5757">
    <p class='ocr_par' dir='ltr' id='par_1_39' title="bbox 362 5675 3641 5757">
     <span class='ocr_line' id='line_1_40' title="bbox 362 5675 3641 5757; baseline 0 -17"><span class='ocrx_word' id='word_1_412' title='bbox 362 5680 697 5755; x_wconf 87' lang='lat' dir='ltr'><strong><em>sincerum,</em></strong></span> <span class='ocrx_word' id='word_1_413' title='bbox 726 5680 1087 5757; x_wconf 87' lang='lat' dir='ltr'><strong><em>sapientem,</em></strong></span> <span class='ocrx_word' id='word_1_414' title='bbox 1118 5680 1585 5757; x_wconf 86' lang='lat' dir='ltr'><strong><em>incorruptum,</em></strong></span> <span class='ocrx_word' id='word_1_415' title='bbox 1632 5677 1795 5753; x_wconf 86' lang='lat' dir='ltr'><strong><em>regis</em></strong></span> <span class='ocrx_word' id='word_1_416' title='bbox 1822 5678 2085 5741; x_wconf 72' lang='lat' dir='ltr'><strong><em>maximi</em></strong></span> <span class='ocrx_word' id='word_1_417' title='bbox 2112 5695 2183 5736; x_wconf 86' lang='lat' dir='ltr'><strong><em>ac</em></strong></span> <span class='ocrx_word' id='word_1_418' title='bbox 2213 5677 2657 5755; x_wconf 83' lang='lat' dir='ltr'><strong><em>sapientissimi</em></strong></span> <span class='ocrx_word' id='word_1_419' title='bbox 2687 5675 2923 5738; x_wconf 63' lang='lat' dir='ltr'><strong><em>iudicio</em></strong></span> <span class='ocrx_word' id='word_1_420' title='bbox 2954 5675 3239 5754; x_wconf 88' lang='lat' dir='ltr'><strong><em>dignum,</em></strong></span> <span class='ocrx_word' id='word_1_421' title='bbox 3269 5678 3404 5756; x_wconf 88' lang='lat' dir='ltr'><strong><em>qui,</em></strong></span> <span class='ocrx_word' id='word_1_422' title='bbox 3455 5689 3641 5757; x_wconf 67' lang='lat' dir='ltr'><strong><em>post.</em></strong></span> 
     </span>
    </p>
   </div>
   <div class='ocr_carea' id='block_1_40' title="bbox 649 5779 3241 5843">
    <p class='ocr_par' dir='ltr' id='par_1_40' title="bbox 649 5779 3241 5843">
     <span class='ocr_line' id='line_1_41' title="bbox 649 5779 3241 5843; baseline -0.005 0"><span class='ocrx_word' id='word_1_423' title='bbox 649 5784 921 5843; x_wconf 74' lang='lat' dir='ltr'><strong><em>PATROL.</em></strong></span> <span class='ocrx_word' id='word_1_424' title='bbox 968 5780 1195 5841; x_wconf 72' lang='lat' dir='ltr'><strong><em>LXXI.</em></strong></span> <span class='ocrx_word' id='word_1_425' title='bbox 3210 5779 3241 5839; x_wconf 86' lang='lat'><strong>1</strong></span> 
     </span>
    </p>
   </div>
  </div>
