4086 6328
456 354 519 409 Η
1662 348 1874 406 EPISTl
1908 348 1990 402 LA
2037 344 2519 400 DEDICATORIA.
3663 343 3732 401 η

453 483 633 532 quam
666 462 963 526 catholici
991 464 1304 542 regiarum
1341 478 1666 523 causarum
1709 463 2058 540 cognitoris
2095 462 2302 538 ofﬁcio
2340 457 2733 534 integerrime
2766 457 3020 530 functus
3081 464 3254 529 esset,
3275 475 3412 535 jam
3457 476 3731 520 summus

451 571 688 634 arbiter
717 570 789 631 de
819 569 1128 631 universis
1145 565 1462 647 judicium
1487 568 1688 645 ferat;
1719 567 1948 639 virum,
1978 564 2259 641 inquam,
2291 563 2400 641 qui
2431 561 2592 622 nihil
2622 579 2698 620 ea:
2721 561 2859 639 foro
2888 561 2953 621 in
2979 579 3152 619 suam
3183 559 3432 620 domum
3469 560 3734 640 derivet,

449 688 795 749 pauperum
822 670 950 748 ipse
971 685 1199 746 parcns
1228 676 1282 726 et
1308 665 1640 744 provisor;
1663 664 1958 744 quijuris
1980 685 2052 723 ac
2079 665 2276 742 legum
2299 661 2740 739 cognitionem,
2775 678 2904 719 non
2930 661 3406 720 ostentationem
3430 660 3732 733 scientias,

453 771 557 831 sed
589 771 778 849 legem
806 771 948 831 vitae
981 788 1107 829 sum
1124 774 1336 846 putet;
1366 766 1477 845 qui
1507 766 1742 825 ceteris
1759 764 2086 842 judicibus
2108 783 2235 823 non
2263 765 2466 824 minus
2494 763 2639 822 bene
2667 759 2941 831 dicendi,
2977 778 3158 838 quam
3194 760 3442 820 vivendi
3468 762 3732 840 formam

450 871 730 951 exemplo
759 891 873 933 suo
904 876 1336 934 commonstret
1361 889 1378 936 ;
1404 867 1513 948 qui
1540 867 1798 946 denique
1827 869 1893 926 in
1919 885 1981 926 se
1999 886 2127 926 uno
2157 865 2468 938 Harlceos,
2500 863 2885 936 Brulartios,
2915 862 3240 922 Thuaneos
3268 882 3340 923 ac
3360 863 3734 935 Beilevreos,

456 975 734 1054 aliosque
761 971 1088 1052 sanguinis
1114 970 1217 1029 sui
1249 967 1468 1029 heroas
1491 969 1748 1051 referat,
1777 974 2061 1043 totosque
2093 964 2322 1044 grandi
2356 973 2409 1024 et
2441 963 2680 1023 excelso
2713 963 2921 1023 animo
2956 963 3426 1040 complectatur.

535 1094 681 1154 Tali
708 1092 1069 1172 patrocinio
1097 1091 1376 1150 munitus
1404 1087 1772 1167 Gregorius,
1804 1087 2101 1165 despiciet
2132 1086 2409 1146 homines
2441 1086 2782 1146 nonnullos
2825 1086 3074 1162 fastidii
3125 1085 3276 1146 adeo
3327 1087 3601 1162 delicati,
3661 1101 3734 1148 ut

452 1195 583 1270 ejus
613 1194 938 1254 lectionem
971 1193 1145 1271 infra
1172 1209 1237 1250 se
1270 1191 1528 1264 ducant,
1560 1208 1808 1270 eumque
1860 1197 2154 1268 tanquam
2183 1201 2368 1267 gustu
2416 1208 2528 1248 suo
2583 1189 2906 1267 indignum
2956 1190 3211 1267 penitus
3258 1200 3578 1266 respuant.
3645 1195 3732 1254 "t

397 1291 403 1312 ‘
449 1309 646 1369 porro
678 1294 912 1354 rectius
941 1307 1153 1369 sapere
1182 1290 1511 1369 incipient,
1539 1289 1647 1351 ubi
1681 1297 1738 1348 te
1773 1288 1954 1366 longe
1985 1288 2195 1362 aliter,
2231 1299 2412 1366 atque
2447 1291 2596 1366 ipsi,
2620 1290 2694 1349 de
2719 1289 3022 1367 Gregorio
3054 1301 3273 1352 nostra
3307 1292 3536 1354 sentire
3566 1293 3735 1352 video

452 1397 612 1472 rint,
649 1414 783 1456 eum
816 1395 1055 1455 scilicet
1082 1393 1311 1470 virum,
1349 1392 1527 1469 cujus
1556 1391 1773 1450 nativa
1802 1401 1857 1451 et
1887 1392 2137 1452 minime
2166 1391 2459 1470 affectata
2491 1392 2842 1469 eloquentia
2868 1393 3111 1469 priscos
3147 1391 3293 1452 illos
3327 1395 3618 1453 Romanis
3637 1396 3738 1472 fa-

456 1494 702 1558 cundia:
729 1492 1065 1570 magistros
1099 1497 1488 1570 assequatur.
1516 1490 1774 1551 Memini
1809 1489 2016 1550 virum
2045 1490 2363 1568 quemdam
2400 1491 2733 1563 illustrem,
2775 1492 2877 1552 cui
2911 1492 3175 1552 maxime
3209 1493 3549 1570 familiares
3583 1502 3736 1553 sunt

455 1594 631 1656 bona
660 1593 908 1664 litterw,
941 1609 1078 1651 cum
1107 1609 1185 1651 ex
1215 1589 1362 1649 aula
1397 1591 1569 1667 regia
1599 1607 1799 1667 nuper
1839 1589 2096 1662 rediret,
2127 1591 2234 1650 ubi
2265 1602 2321 1649 te
2351 1594 2415 1651 in
2443 1595 2750 1671 frequenti
2798 1601 3046 1652 senatus
3110 1597 3500 1674 omniumque
3554 1595 3737 1656 ordi-

451 1712 604 1754 num
630 1693 932 1754 comitatu
959 1689 1093 1768 regi
1125 1689 1200 1750 ob
1226 1707 1439 1768 pacem
1466 1690 1744 1768 Europis
1770 1707 2120 1751 concessam
2145 1691 2565 1769 gratulantem
2600 1691 2914 1765 audierat,
2950 1693 3206 1763 dixisse,
3243 1713 3306 1753 se
3348 1713 3475 1754 non
3523 1713 3737 1774 quem—

453 1797 594 1857 dam
620 1796 824 1855 nostri
863 1792 1154 1871 temporis
1204 1800 1544 1864 oratorem,
1579 1792 1685 1853 sed
1713 1791 1908 1854 veluti
1955 1810 2158 1853 aureee
2204 1793 2382 1854 illius
2413 1793 2617 1854 (etatis
2663 1802 2940 1871 togatum
2972 1797 3317 1874 principem
3363 1795 3581 1857 audire
3614 1797 3739 1858 sibi

453 1901 657 1962 visum
689 1900 904 1976 fuisse.
941 1895 1090 1958 Cum
1128 1913 1269 1955 vero
1317 1894 1670 1974 pracellens
1707 1896 1831 1955 ista
1875 1896 2124 1957 dicendi
2166 1897 2464 1974 facultas,
2513 1913 2642 1955 non
2685 1897 2751 1956 in
2800 1896 3124 1957 verborum
3167 1900 3346 1960 inani
3393 1917 3572 1969 sono,
3633 1898 3741 1959 sed

451 1999 721 2059 maxime
750 2000 816 2059 in
843 1995 1022 2055 rebus
1059 1996 1215 2073 ipsis
1243 1994 1451 2073 posita
1478 1996 1603 2064 sit;
1637 1995 1805 2055 haud
1831 2012 2068 2069 vereor,
2094 2013 2168 2055 ne
2206 1996 2496 2073 Gregorii
2526 1995 2756 2065 nostri,
2787 1997 3184 2074 quantumvis
3211 1997 3498 2075 impolita
3535 2005 3590 2057 et
3626 1999 3735 2060 in-

453 2098 650 2170 culta,
684 2097 892 2157 oratio
927 2103 982 2155 te
1010 2094 1311 2174 offendat.
1345 2094 1426 2154 In
1458 2094 1763 2155 historico
1795 2095 2052 2173 quippe,
2101 2098 2158 2158 si
2193 2097 2420 2176 offerat
2449 2097 2882 2175 eloquentiam,
2915 2101 3428 2186 nonpspernaris
3458 2098 3738 2178 quidem,

454 2201 583 2274 sed,
619 2202 826 2262 sinon
854 2199 1099 2274 habeat,
1127 2216 1255 2258 non
1303 2195 1632 2258 admodum
1661 2197 1915 2276 ﬂagitas
1950 2217 1968 2258 :
2003 2197 2331 2259 dummodo
2370 2217 2466 2258 res
2515 2203 2684 2258 scitu
2723 2200 2946 2278 dignas
2998 2202 3256 2279 referat,
3312 2200 3522 2279 quales
3580 2210 3742 2262 certe

452 2305 798 2383 Gregorius
826 2304 1037 2379 refert,
1062 2319 1200 2362 cum
1227 2308 1499 2359 veterum
1523 2300 1917 2360 Francorum
1940 2299 2325 2376 religionem,
2354 2317 2552 2360 mores
2576 2319 2648 2361 ac
2677 2302 2883 2380 prima
2912 2311 3082 2379 gesta
3109 2303 3372 2378 genuine
3397 2321 3470 2364 ac
3503 2303 3744 2364 sincere

463 2409 915 2466 commemorat.
960 2397 1132 2461 Unde
1156 2398 1306 2460 mihi
1339 2416 1468 2458 non
1496 2400 1651 2460 satis
1679 2399 1935 2474 eruditi,
1962 2399 2065 2461 sed
2088 2402 2274 2480 plane
2299 2401 2573 2480 hospites
2600 2403 2669 2461 in
2701 2402 2914 2480 patria
2939 2409 3162 2462 nostra
3193 2402 3462 2462 historia
3490 2421 3612 2464 esse
3639 2404 3743 2464 vi-

453 2505 715 2572 dentur,
746 2497 970 2580 quibus
1000 2497 1297 2576 Gregorii
1329 2498 1511 2559 lectio
1549 2499 1769 2576 ignota
1803 2510 1918 2558 est.
1953 2500 2138 2574 Quod
2163 2503 2219 2562 si
2264 2512 2496 2579 tempus
2541 2500 2730 2574 illud,
2769 2519 2890 2580 quo
2945 2502 3199 2581 scripsit
3245 2502 3614 2580 Gregorius,
3666 2503 3744 2564 ob

456 2601 671 2662 oculos
696 2607 1000 2679 ponerent
1026 2599 1263 2660 morosi
1289 2598 1590 2677 ejusmodi
1618 2617 1925 2672 censores,
1959 2599 2375 2679 intelligerent
2409 2609 2591 2671 certe,
2630 2601 2816 2662 aliter
2839 2601 3110 2662 scribere
3139 2621 3248 2663 nec
3277 2604 3554 2681 potuisse
3580 2605 3745 2665 Gre-

451 2703 728 2780 gorium,
775 2708 1069 2779 pereunte
1116 2698 1440 2772 nimirum,
1490 2710 1560 2760 ut
1590 2702 1719 2778 ipse
1769 2701 1884 2772 ait,
1938 2699 2013 2759 ab
2071 2699 2220 2759 orbe
2269 2699 2512 2760 Gallico
2565 2700 2816 2762 cultura
2845 2719 2919 2760 ac
2966 2700 3176 2762 studio
3210 2701 3603 2766 litterarum:
3633 2721 3745 2767 nec

454 2818 602 2864 vero
635 2801 938 2872 debuisse,
975 2819 1114 2861 cum
1143 2799 1704 2880 philosOphanlem
1729 2798 2050 2859 rhetorem
2075 2799 2294 2876 pauci,
2329 2799 2694 2875 loquentem
2727 2800 3036 2861 rusticum
3071 2800 3334 2878 plurimi
3365 2811 3517 2861 tunc
3549 2802 3742 2863 intel-

459 2903 746 2980 ligerent.

532 3024 834 3088 Cteterum
856 3039 1216 3102 persuasum
1265 3019 1479 3098 habeo,
1511 3025 1611 3084 vir
1642 3020 2084 3097 illustrissime,
2117 3024 2256 3096 tibi,
2293 3043 2428 3086 eum
2462 3023 2541 3085 ob
2556 3028 2902 3102 pra-missas
2962 3046 3204 3100 causas,
3255 3036 3385 3090 tum
3439 3027 3513 3090 ob
3560 3029 3745 3102 alias,

453 3133 710 3194 omnino
738 3129 1129 3209 placiturum
1165 3127 1562 3205 Gregorium,
1598 3136 1820 3207 utpote
1847 3129 2069 3188 veteris
2099 3128 2475 3208 disciplina,
2508 3149 2693 3210 quam
2729 3139 3052 3211 tantopere
3099 3152 3291 3205 amas,
3340 3142 3744 3213 sequestrum,

447 3231 795 3295 sacerdotii
829 3238 883 3288 et
915 3229 1163 3307 imperii
1198 3229 1692 3299 conciliatorem,
1722 3228 1882 3307 aequi
1910 3228 2173 3308 denique
2204 3250 2274 3291 ac
2289 3230 2479 3308 justi,
2520 3233 2698 3310 cujus
2730 3233 3226 3292 studiosissimus
3261 3251 3344 3308 es,
3363 3251 3745 3312 propugna-

452 3347 648 3396 torem
673 3329 1044 3393 acerrimum
1071 3348 1094 3390 :
1126 3338 1195 3390 ut
1222 3330 1293 3390 in
1318 3328 1692 3391 Praetextati
1721 3329 2000 3408 episcopi
2020 3328 2273 3407 judicio
2309 3331 2549 3410 patuit,
2581 3332 2649 3392 in
2684 3349 2804 3409 quo
2835 3331 3210 3391 subornatos
3244 3349 3515 3392 canones
3563 3338 3739 3388 stre-

448 3450 571 3492 nue
598 3430 840 3510 rejecit,
866 3428 1047 3489 nullo
1073 3436 1236 3488 metu
1269 3427 1547 3488 humanae
1572 3429 1935 3506 potestatis,
1964 3431 2069 3491 cui
2115 3449 2239 3492 sese
2275 3430 2646 3510 apponebat.
2685 3431 2815 3490 llic
2859 3441 2946 3491 est
2999 3431 3104 3490 ille
3158 3430 3524 3509 Gregorius,
3561 3432 3745 3509 cujus

452 3532 762 3610 dissipata
794 3547 1007 3608 opera,
1035 3531 1104 3591 in
1139 3549 1333 3592 unum
1356 3529 1610 3591 redacta
1637 3548 1890 3608 corpus,
1919 3529 2030 3592 tibi
2059 3550 2491 3610 nuncupamus
2523 3553 2541 3593 :
2574 3533 2675 3593 vir
2706 3541 2866 3592 certe
2896 3530 3206 3591 natalium
3235 3530 3586 3608 splendore,
3617 3549 3728 3591 nec

449 3634 658 3693 minus
682 3631 1041 3703 sanctitate,
1078 3648 1260 3708 quam
1285 3629 1630 3709 episcopali
1657 3629 1970 3708 dignitate
2009 3632 2324 3701 illustris;
2351 3632 2683 3705 candidus,
2729 3639 3034 3705 sincerus,
3072 3650 3143 3691 ac
3188 3631 3436 3692 minime
3486 3631 3742 3710 fucatus

450 3739 703 3808 auctor,
733 3731 1010 3809 antiquis
1041 3730 1299 3809 denique
1328 3731 1635 3810 praeditus
1668 3730 1980 3806 moribus,
2013 3750 2171 3812 quos
2216 3754 2382 3794 amas
2416 3743 2468 3794 et
2505 3733 2781 3793 studiose
2827 3731 3111 3790 sectaris.
3145 3730 3327 3794 Nihil
3370 3748 3517 3792 vero
3559 3731 3738 3792 nobis

453 3832 882 3912 opportunius
907 3838 1016 3892 aut
1046 3832 1293 3910 felicius
1321 3833 1683 3911 contingere
1713 3841 1986 3911 poterat,
2031 3853 2212 3914 quam
2238 3837 2544 3913 Gregorio
2581 3835 2918 3909 interprete
2944 3831 3270 3910 publicum
3302 3831 3418 3893 hoc
3447 3834 3597 3893 dare
3630 3832 3739 3892 ob-

450 3933 783 3994 servantiae
810 3932 881 3993 in
918 3941 975 3991 te
1019 3941 1274 4005 nostrae,
1306 3933 1608 4011 simulque
1633 3933 1804 4012 grati
1849 3935 2046 3996 animi
2091 3935 2513 3995 testimonium
2548 3931 2622 3993 ob
2657 3932 3035 4010 singularem
3066 3931 3255 3991 istum
3285 3949 3578 4006 amorem,
3614 3950 3738 4012 quo

451 4034 720 4103 litteras,
756 4033 1190 4110 litteratosque
1217 4048 1420 4090 omnes
1441 4033 1863 4111 prosequeris.
1893 4034 2028 4096 Nos
2075 4051 2219 4093 vero
2255 4032 2508 4092 tantilla
2534 4031 2751 4108 portio
2781 4047 3014 4104 eorum,
3046 4029 3155 4105 qui
3190 4029 3469 4103 antiquis
3510 4037 3739 4090 aucto-

450 4135 626 4195 ribus
651 4135 851 4196 lucem
876 4133 1024 4193 dare
1047 4142 1155 4192 aut
1186 4134 1514 4194 restituere
1549 4136 1820 4208 student,
1852 4155 1992 4210 nos,
2022 4137 2295 4216 inquam,
2327 4134 2513 4212 plane
2541 4137 2905 4216 fortunatos
2939 4131 3386 4212 reputabimus,
3418 4132 3474 4194 si
3497 4147 3588 4204 ea,
3615 4147 3740 4208 qua

452 4237 635 4310 soles,
678 4234 1058 4314 benignitate
1084 4234 1242 4297 hanc
1273 4236 1536 4315 opellam
1561 4242 1858 4319 accipias,
1890 4260 2122 4321 nosque
2149 4242 2215 4303 in
2238 4251 2559 4318 posterum
2605 4239 2970 4319 patrocinio
3025 4246 3136 4298 tuo
3189 4237 3401 4313 fovere
3445 4252 3516 4294 ac
3567 4231 3736 4294 tueri

450 4355 701 4417 pergas.
736 4337 919 4411 Quod
945 4347 1014 4399 ut
1040 4337 1218 4399 nobis
1246 4339 1558 4416 impertiri
1587 4341 1890 4422 digneris,
1923 4362 2034 4423 ego
2061 4342 2353 4406 minimus
2384 4362 2619 4420 eorum,
2646 4345 2755 4424 qui
2784 4353 2865 4418 te,
2903 4352 3188 4422 tuamque
3217 4339 3587 4420 dignitatem
3621 4355 3726 4400 co-

456 4439 621 4509 lunt,
660 4437 846 4497 etiam
879 4447 1062 4504 atque
1091 4442 1273 4502 etiam
1299 4458 1456 4521 rogo
1491 4452 1548 4505 et
1583 4444 1875 4509 obtestor.

525 4555 938 4622 Cclsiludinis
986 4569 1108 4622 tum

537 4704 1021 4769 Mdiclissimus
1054 4726 1304 4772 nchxon
1326 4714 1962 4791 obsequentissimus‘
2393 4716 2501 4776 Fr.
2547 4711 3004 4776 Tuaonsmcus
3035 4713 3348 4772 Runumr.
3384 4709 3468 4769 M.
3498 4708 3566 4772 Β.
