4086 6328
1453 504 2479 795 ﬁrmitatis

490 929 642 1035 In
710 956 1119 1029 novam
1193 921 1793 1162 editiongwm
1866 955 1951 1025 ει

1714 1096 1951 1162 uror

2055 925 2243 1025 icti
2325 920 2861 1056 Gregorii
2914 917 3441 1063 Episcopi

2055 1099 2359 1162 mses.

1714 1096 2208 1166 ἰιγοηρηε
2222 1099 2320 1165 ιε
2333 1144 2359 1170 .

1398 1337 1816 1348 .—-———-——_

426 1498 474 1552 Ι.
514 1495 681 1551 Nemo
721 1497 818 1549 nisi
863 1496 1174 1565 peregrinus
1201 1496 1253 1547 in
1287 1493 1505 1547 historia
1536 1491 1737 1554 nescit,
1771 1506 1930 1557 quam
1964 1492 2010 1546 A
2111 1487 2164 1542 3.
2207 1487 2358 1554 Quod
2389 1505 2517 1544 vero
2545 1493 2902 1559 necessarium
2931 1496 3085 1550 luerit
3114 1496 3178 1550 ad
3204 1499 3414 1555 codices
3441 1517 3630 1558 manu.

354 1589 582 1643 celebris
621 1602 834 1653 semper
874 1589 1010 1654 apud
1043 1587 1279 1640 eruditos
1321 1587 1462 1638 viros
1512 1583 1672 1637 fuerit
1720 1590 1935 1635 sanctus

352 1680 641 1750 Gregorius
668 1679 994 1732 Turonensis
1018 1678 1322 1747 episcopus,
1350 1677 1438 1745 qui
1470 1675 1744 1728 nobilitate
1771 1688 1935 1743 gene-

354 1773 454 1837 ris,
485 1773 610 1824 vitze
641 1772 1016 1832 sanctimonia,
1041 1785 1103 1822 ac
1134 1769 1481 1832 multiplicum
1505 1768 1825 1834 scriptorum
1849 1782 1933 1819 va-

350 1863 543 1916 rietate
574 1862 710 1916 inter
732 1872 957 1915 caeteros
983 1860 1081 1914 πενί
1108 1861 1187 1913 sui
1215 1859 1480 1912 antistites
1503 1857 1786 1927 plurimum
1808 1858 1940 1911 emi-

350 1954 482 2008 cuit.
515 1953 610 2007 llic
641 1968 766 2007 vero
803 1951 871 2006 de
915 1951 1030 2020 ejus
1059 1950 1308 2017 aper-ibus
1340 1950 1671 2017 potissimum
1701 1949 1938 2010 dicturo,

353 2045 682 2108 exponenda:
706 2047 823 2111 ejus
844 2046 1026 2112 stirpis
1048 2044 1392 2113 praestantiae,
1417 2044 1795 2112 prmclarisqne
1825 2043 1941 2111 ejus

353 2135 510 2190 factis
541 2136 704 2188 fusius
732 2135 996 2189 enarrand
1024 2151 1050 2187 s
1090 2134 1362 2188 immorari
1413 2135 1625 2189 animus
1667 2150 1772 2188 non
1818 2144 1940 2196 est,

352 2244 474 2282 cum
493 2243 556 2282 ea
578 2238 685 2281 tum
709 2243 772 2281 ex
797 2225 914 2296 ejus
942 2228 1178 2296 scriptis,
1204 2235 1316 2280 tum
1338 2226 1499 2280 etiam
1523 2242 1591 2280 ex
1621 2227 1760 2288 Vita,
1785 2242 1942 2294 qnam

353 2334 475 2374 cum
506 2320 666 2373 variis
697 2320 763 2374 de
791 2334 856 2373 eo
887 2319 1120 2372 virorum
1158 2318 1444 2371 illustrium
1481 2317 1822 2379 teSIimonii-,
1867 2318 1946 2370 in-

355 2409 518 2463 ferius
542 2390 891 2476 proferemus,
917 2409 1049 2462 satis
1069 2423 1337 2476 superque
1359 2410 1713 2462 innotescunt.
1751 2407 1944 2461 Verum

351 2500 496 2553 circa
524 2515 712 2553 novam
741 2499 860 2568 ejus
884 2515 1108 2570 operum
1135 2499 1426 2553 editionem
1449 2510 1678 2568 quatuor
1700 2498 1827 2552 mihi
1855 2514 1948 2566 po-

353 2591 615 2646 tissimum
643 2602 954 2657 occurrunt,
979 2593 1044 2646 de
1066 2592 1260 2661 quibus
1281 2593 1543 2644 rationem
1569 2591 1796 2644 reddere
1827 2606 1948 2659 ope-

353 2698 426 2736 rae
459 2684 686 2750 pretium
736 2693 884 2751 puto.
926 2683 1160 2736 Primum
1207 2691 1323 2746 est,
1359 2697 1478 2750 quas
1518 2683 1676 2734 fuerit
1728 2681 1950 2747 lllliUSt‘e

353 2774 608 2828 editionis
637 2773 719 2827 vel
751 2775 1039 2828 necessitas
1070 2775 1150 2828 vel
1179 2774 1400 2828 utilitas.
1432 2773 1758 2836 Secundum,
1798 2789 1950 2840 qu:e-

2039 1579 2266 1646 scriptos
2289 1580 2530 1647 Gregorii
2557 1597 2715 1650 opera
2748 1585 2891 1639 edita
2910 1601 3213 1652 recensere,
3247 1606 3349 1644 non
3374 1594 3505 1648 meis
3533 1597 3629 1650 sed

2039 1669 2263 1724 aliorum
2296 1671 2472 1725 verbis
2500 1674 2729 1742 probare
2764 1675 2814 1729 in
2858 1690 3098 1747 promptu
3129 1689 3213 1735 est
3243 1699 3255 1734 :
3287 1697 3406 1736 cum
3435 1686 3630 1752 passim

2040 1761 2323 1827 conquesti
2353 1762 2549 1818 fuerint
2578 1766 2675 1819 viri
2703 1768 2917 1834 eruditi,
2951 1769 3064 1825 ltaac
3094 1787 3198 1826 non
3228 1774 3357 1828 satis
3383 1790 3634 1832 accurate

2041 1853 2112 1905 ob
2138 1863 2376 1907 veterum
2417 1857 2660 1911 codicum
2703 1859 2970 1916 deiectum
3015 1864 3078 1917 ad
3125 1867 3358 1920 auctoris
3399 1878 3632 1925 mentem

2043 1943 2183 1997 edita
2217 1945 2398 2000 fuisse.
2429 1949 2634 2016 Agtnen
2663 1950 2818 2004 ducet
2850 1951 2929 2006 vir
2960 1969 3229 2022 nunquam
3257 1959 3388 2014 satis
3415 1960 3635 2015 laudan-

2043 2035 2144 2089 dus
2168 2037 2524 2110 Hieronymus
2549 2041 2858 2108 Bignonius,
2882 2047 2966 2114 qui
2997 2048 3047 2100 in
3075 2050 3379 2115 prmfatione
3410 2055 3474 2105 ad
3499 2054 3638 2108 Mar-

2043 2129 2166 2181 culli
2202 2131 2456 2184 torniulas
2480 2131 2634 2201 plura
2670 2146 2940 2189 asseverat
2979 2138 3032 2190 in
3062 2139 3308 2210 Gregorio
3347 2142 3636 2198 Turonensi

2045 2235 2326 2285 occurrere,
2360 2233 2404 2274 et
2432 2223 2634 2290 inﬁnita
2663 2227 3059 2295 prapemodum,
3093 2246 3207 2300 qua:
3235 2234 3296 2284 ab
3325 2234 3385 2286 iis
3409 2237 3495 2303 qui
3523 2237 3636 2288 edi-

2046 2312 2245 2375 derunt,
2271 2315 2534 2367 immutata
2553 2327 2690 2369 sunt.
2712 2317 2854 2371 ldem
2880 2323 3077 2389 saepius
3098 2325 3400 2378 oliservatit
3417 2327 3610 2382 lladria
3625 2357 3639 2368 -

2049 2417 2147 2456 nus
2179 2403 2444 2472 Valesius,
2495 2406 2741 2462 Historias
2789 2409 3112 2465 Francorum
3155 2416 3385 2483 scriptor
3414 2432 3638 2473 accura-

2051 2497 2314 2562 tissimus,
2344 2499 2434 2568 qui
2472 2516 2592 2554 cum
2625 2505 2819 2570 saepius
2849 2519 3060 2560 errores
3113 2507 3165 2560 in
3214 2509 3369 2562 editis
3399 2509 3637 2581 Gregorii

2048 2589 2296 2655 operibus
2324 2592 2661 2656 advertisset,
2693 2596 2756 2648 ad
2789 2599 3000 2653 codices
3029 2604 3420 2669 manuscriptos
3458 2619 3639 2658 recur-

2050 2694 2168 2734 rere
2193 2692 2409 2736 coactus
2435 2683 2554 2738 fuit.
2585 2686 2646 2739 Et
2670 2689 2931 2756 quoniam,
2967 2691 3136 2758 inquit
3166 2693 3215 2745 in
3241 2695 3553 2762 pra-ratione
3575 2699 3641 2752 ad

2050 2772 2343 2825 secundum
2395 2775 2680 2843 volumen,
2712 2778 3023 2847 Gregorium
3065 2792 3247 2851 prwt-r
3289 2798 3496 2840 crateras
3525 2803 3642 2840 ror-

355 2879 478 2920 nam
506 2866 612 2918 sint
639 2863 880 2935 Gregorii
912 2878 1096 2933 opera,
1129 2878 1303 2932 quove
1346 2874 1587 2932 tempore
1625 2873 1718 2917 aut
1756 2863 1946 2917 ordine
1980 2876 2025 2934 Β
2052 2861 2403 2928 ruptissimum
2444 2881 2554 2919 esse
2595 2869 3054 2923 animadverteram
3075 2913 3088 2935 ,
3142 2874 3263 2926 dedi
3305 2894 3514 2946 operam
3536 2919 3552 2942 ,
3593 2889 3644 2932 ut

356 2959 552 3028 scripta
584 2959 799 3013 fuerint.
830 2959 1095 3023 Tertium,
1127 2973 1193 3011 an
1235 2973 1298 3012 ex
1342 2958 1458 3027 ejus
1501 2957 1751 3010 llismrize
1800 2956 1952 3010 libris

357 3050 632 3118 complura
665 3049 840 3118 capita
866 3049 976 3104 sint
1005 3047 1378 3116 expungenda,
1411 3057 1470 3100 ut
1495 3044 1578 3100 Cl.
1611 3047 1729 3100 viro
1757 3046 1953 3100 Carolo

357 3142 571 3197 Cointio
600 3143 770 3196 visum
797 3151 899 3196 est.
929 3142 1185 3209 Quartum
1211 3141 1460 3210 denique,
1486 3140 1610 3207 quid
1635 3139 1686 3192 in
1717 3139 1816 3192 hac
1837 3139 1955 3193 edi-

360 3236 505 3290 tione
531 3252 561 3290 a
591 3250 675 3289 me
700 3235 997 3306 praestitum
1029 3234 1207 3289 fuerit.
1243 3233 1334 3288 His
1365 3234 1644 3300 expositis,
1667 3249 1783 3303 qua:
1814 3233 1950 3286 Gre-

360 3327 566 3394 gorium
589 3335 851 3392 spectant,
876 3334 1061 3394 postea
1082 3325 1150 3378 de
1169 3323 1474 3394 Fredegarii
1494 3323 1761 3389 Epitome,
1785 3322 1954 3378 Chro-

363 3418 484 3475 nico
508 3428 566 3474 et
591 3418 1073 3483 continuatoribus,
1104 3433 1168 3473 ac
1194 3417 1263 3473 de
1285 3418 1590 3488 Appendice
1614 3428 1794 3472 nostra
1822 3432 1955 3485 pau-

361 3511 443 3568 cis
471 3522 759 3581 agendum.

435 3603 476 3656 Ι.
498 3601 629 3655 ——2.
664 3603 852 3656 Merito
879 3601 1018 3670 apud
1049 3616 1237 3657 omnes
1268 3601 1583 3655 temerarius
1611 3600 1881 3666 audirem,
1910 3599 1953 3654 si

363 3695 564 3764 absque
608 3695 843 3750 virorum
896 3694 1226 3750 eruditorum
1260 3694 1563 3749 testimonio
1592 3709 1786 3746 novam
1818 3693 1955 3748 Gre-

362 3801 396 3855 g
433 3787 497 3840 rii
514 3786 1035 3853 operumeditionem
1059 3801 1180 3841 esse
1193 3788 1573 3848 necessariam,
1595 3796 1711 3853 post
1730 3795 1806 3840 tot
1822 3786 1958 3839 alias

364 3889 416 3932 et
444 3879 657 3947 quidem
693 3878 1200 3945 variistemporibus
1233 3893 1261 3930 a
1283 3877 1414 3932 viris
1429 3877 1671 3931 doctrina
1701 3886 1753 3931 et
1780 3877 1958 3931 erudi-

367 3969 514 4022 tione
543 3967 911 4021 celeberrimis
941 3967 1256 4036 publicatas,
1288 3981 1599 4021 asseverare
1630 3980 1791 4019 ausus
1820 3962 1954 4019 luis-

369 4074 508 4113 sem.
540 4061 607 4112 At
641 4074 761 4112 cum
802 4074 935 4111 meae
978 4059 1294 4112 assertionis
1337 4057 1498 4112 uades
1548 4057 1771 4110 habeam
1813 4057 1957 4109 viros

363 4151 624 4212 eruditos,
656 4159 920 4220 quotquot
958 4151 1102 4205 hisco
1132 4151 1465 4217 temporibus
1499 4149 1736 4204 historic
1780 4153 1955 4218 gentis

2057 2954 2248 3021 scripta
2296 2956 2347 3006 in
2378 2957 2682 3010 membranis
2711 2962 2819 3029 ejus
2846 2962 3104 3015 volumina
3129 2968 3466 3021 n'mciscerer.
3509 2969 3552 3022 Τ
3557 2987 3642 3023 uttt

2057 3045 2337 3100 recensitis
2369 3048 2644 3103 codicibus
2686 3056 3060 3122 manuscriptis
3087 3057 3174 3125 qui
3217 3058 3269 3110 in
3300 3061 3414 3127 cjus
3457 3077 3645 3116 manus

2057 3148 2432 3204 pervenerant,
2455 3141 2735 3207 proﬁtetur
2759 3158 2819 3197 se
2850 3145 3070 3199 ιιιιιιῑιηη
3093 3163 3156 3201 ex
3187 3165 3372 3203 eorum
3402 3153 3644 3208 codicum

2057 3239 2306 3280 accurata
2340 3231 2570 3285 lectione
2593 3274 2607 3291 .
2641 3248 2702 3286 ac
2731 3239 3040 3291 eorurndem
3069 3239 3303 3309 diligenti
3332 3259 3454 3298 curn
3486 3245 3651 3300 editis

2059 3319 2210 3374 libris
2231 3321 2516 3376 collatione
2566 3324 2874 3394 profecisse,
2917 3343 3037 3383 cum
3073 3330 3125 3382 in
3168 3332 3438 3389 notatione
3479 3350 3647 3389 anno-

2058 3427 2198 3478 rum,
2231 3423 2341 3467 tum
2372 3416 2422 3468 in
2463 3419 2678 3485 propria
2711 3418 2983 3473 hominum
3025 3421 3372 3490 locorumque
3414 3428 3646 3495 appella-

2061 3501 2226 3567 tione,
2257 3519 2320 3558 ac
2358 3505 2410 3558 in
2451 3508 2706 3562 relatione
2737 3526 2911 3564 rerum
2945 3525 3234 3581 gestarum.
3282 3515 3519 3588 Denique
3544 3537 3640 3573 ex-

2061 3593 2210 3660 ponit
2238 3594 2541 3661 singillatim
2569 3598 2863 3664 prmcipuns
2886 3601 3052 3667 locos,
3077 3618 3212 3672 quos
3241 3613 3397 3659 antea
3427 3621 3648 3678 corrup-

2061 3690 2144 3737 tos
2173 3695 2226 3739 et
2256 3686 2468 3740 vitiatos
2496 3687 2738 3742 codicum
2767 3689 2977 3744 illorum
3008 3708 3110 3760 Ope
3140 3696 3393 3750 restituit.

2131 3773 2184 3828 4.
2256 3776 2379 3830 Haec
2430 3778 2698 3833 scribebat
2751 3780 2989 3836 Valesius
3023 3783 3183 3838 etiam
3236 3797 3353 3852 post
3401 3799 3643 3842 exactam

2060 3865 2288 3921 Audrea:
2305 3865 2524 3923 Cbesnii
2547 3869 2855 3934 editionem,
2875 3888 3030 3940 quam
3059 3883 3231 3927 tatnen
3263 3878 3362 3930 iste
3383 3892 3503 3930 cum
3537 3882 3650 3944 plu-

2063 3957 2211 4013 rimis
2239 3960 2514 4014 codicibus
2557 3965 2931 4032 mannscriptis
2971 3966 3220 4020 collatam
3258 3983 3317 4022 se
3355 3969 3649 4025 adornasse

2063 4059 2283 4104 testatus
2305 4061 2404 4103 est.
2435 4052 2640 4105 Valesio
2661 4054 2928 4107 consentit
2959 4055 3020 4108 lt.
3051 4056 3108 4109 P.
3133 4059 3352 4111 Carolus
3375 4061 3645 4125 Cointius,

2059 4137 2288 4193 Oratorii
2322 4139 2574 4195 Gallicani
2611 4144 2906 4214 presbyter,
2938 4146 3182 4201 doctrina
3205 4159 3258 4203 et
3285 4151 3479 4218 pietate
3503 4159 3648 4209 cete-

366 4255 564 4298 nustrm
596 4244 920 4298 "lustranda;
958 4259 1176 4312 operam
1215 4258 1364 4296 suam
1404 4243 1826 4304 collocaverunt,
1867 4258 1952 4297 me
1981 4250 2027 4312 ο
2061 4230 2192 4294 ιη’ἰς,
2220 4233 2308 4299 qui
2352 4232 2405 4286 ἰη
2437 4232 2529 4286 illo
2553 4234 2814 4288 immenso
2842 4251 3024 4304 opere,
3051 4239 3189 4307 quod
3221 4246 3454 4297 Annales
3475 4249 3647 4301 eccle-

365 4336 504 4401 apnd
560 4337 703 4388 viros
760 4335 1010 4388 cordatus
1065 4343 1373 4388 excusatum
1428 4334 1491 4387 iri
1565 4350 1668 4386 non
1722 4333 1952 4387 diflido:

366 4445 488 4482 cum
521 4428 753 4481 maxime
785 4428 834 4481 id
865 4442 998 4496 opus
1039 4429 1088 4482 in
1131 4443 1218 4482 me
1256 4443 1361 4480 non
1398 4428 1721 4492 susceperim
1759 4429 1959 4496 absque

368 4523 658 4576 multorum
685 4521 975 4574 amicorum
998 4521 1243 4585 consilio,
1267 4523 1352 4588 qui
1378 4521 1504 4574 mihi
1530 4521 1749 4574 haerenti
1774 4530 1828 4576 et
1853 4537 1958 4589 prre

367 4615 570 4668 laboris
613 4612 952 4667 multitudine
999 4613 1254 4666 deterrito
1301 4612 1537 4665 animum
1589 4612 1852 4681 adjecere.
1897 4614 1956 4665 Et

363 4704 582 4773 quidem
625 4703 750 4755 licet
779 4702 884 4755 illis
914 4703 1002 4771 qui
1049 4703 1256 4769 priores
1291 4702 1555 4756 editiones
1593 4713 1953 4765 curaverunt,

363 4813 466 4852 nec
485 4795 779 4850 doctiorem
802 4811 909 4858 me,
934 4810 1034 4849 nec
1055 4795 1444 4864 diligentiorem
1475 4794 1799 4860 existimem,
1824 4810 1959 4862 quos

365 4899 426 4942 ut
455 4888 743 4957 magistros
765 4886 905 4939 ultro
925 4900 1179 4940 revereor
1203 4896 1256 4939 et
1282 4886 1545 4953 suspicio;
1579 4901 1662 4939 me
1691 4897 1864 4940 tamen
1895 4901 1958 4937 eo

366 4979 660 5034 feliciorem
693 4992 855 5032 nemo
881 4977 1226 5044 inliciabitur,
1259 4978 1399 5046 quod
1442 4985 1498 5030 et
1541 4977 1717 5046 plures
1745 4977 1960 5032 codices

364 5069 778 5137 manuscriptos,
803 5067 891 5135 qui
920 5069 970 5120 in
997 5067 1436 5121 bibliothecarum
1460 5067 1651 5122 forulis
1679 5076 1803 5122 tunc
1829 5068 1960 5121 late-

364 5161 518 5224 bant,
553 5175 662 5229 prae
692 5159 937 5213 manibus
968 5159 1264 5220 habuerim,
1294 5161 1487 5229 quibus
1513 5161 1754 5229 Gregorii
1796 5177 1956 5228 (lpt’l'a

363 5253 654 5309 emendare
701 5250 865 5317 licuit,
909 5259 966 5304 et
1014 5251 1321 5306 innumeras
1350 5252 1584 5306 virorum
1630 5253 1956 5307 eruditorum

365 5342 859 5398 animadversiones
887 5342 954 5396 de
999 5358 1184 5411 regum
1230 5353 1534 5397 nostrorum
1580 5344 1741 5398 rebus
1770 5345 1954 5413 gestis,

365 5436 434 5490 de
458 5434 803 5502 cbronoloigia
833 5443 887 5487 et
912 5433 1240 5504 geographia
1272 5435 1541 5490 Gallicana
1565 5475 1580 5499 ,
1622 5436 1795 5504 deque
1839 5435 1958 5488 aliis

366 5531 528 5584 rebus
558 5528 625 5581 ad
649 5529 822 5597 gentis
853 5535 1049 5582 nostrae
1082 5527 1362 5582 historiam
1395 5528 1804 5597 pertinentibus,
1839 5529 1959 5598 qui-

367 5620 465 5674 bus
505 5619 818 5687 Gregorium
864 5620 1028 5673 variis
1065 5621 1205 5675 notis
1241 5630 1296 5675 et
1328 5621 1790 5677 observationibus
1832 5620 1954 5677 illu-

367 5724 540 5768 strare
568 5727 674 5767 non
700 5709 835 5767 adeo
864 5726 1148 5778 operosum
1181 5711 1297 5767 fuit.

2063 4325 2308 4377 stasticos
2357 4325 2683 4380 Francorum
2725 4326 3032 4395 inscripsit,
3085 4332 3282 4399 passim
3323 4333 3392 4388 de
3449 4337 3651 4391 vitiatis

2062 4416 2303 4486 Gregorii
2334 4419 2588 4479 operibus
2614 4431 2938 4487 conquestus
2965 4433 3067 4487 est,
3099 4425 3191 4478 sed
3223 4428 3553 4493 potissimum
3583 4433 3648 4484 ad

2061 4523 2256 4560 annum
2289 4505 2392 4560 617
2421 4524 2524 4576 quo
2571 4509 2798 4577 ptitlttttlt
2837 4512 2901 4562 de
2933 4513 3191 4580 Gregorio
3237 4531 3396 4585 agere
3439 4520 3648 4590 incipit,

2062 4597 2152 4650 ubi
2189 4597 2378 4651 Valesii
2421 4600 2582 4652 verba
2627 4603 2874 4666 superius
2915 4618 2942 4652 a
2996 4619 3081 4657 me
3135 4606 3342 4660 laudata
3393 4611 3650 4678 adoptat:

2059 4706 2180 4758 quae
2208 4706 2367 4745 causa
2396 4707 2520 4745 eum
2554 4692 2781 4761 impulit,
2807 4704 2864 4746 ut
2885 4704 3076 4758 printer
3101 4712 3194 4750 eos
3220 4701 3429 4755 codices
3450 4703 3644 4770 quibus

2066 4782 2307 4838 Valesius
2338 4799 2464 4838 usus
2495 4796 2634 4848 erat,
2666 4797 2823 4840 etiam
2851 4788 2981 4841 alios
3013 4791 3361 4859 perquireret,
3407 4813 3538 4862 quos
3589 4799 3639 4850 in

2062 4876 2334 4930 laudandis
2362 4876 2601 4947 Gregorii
2632 4881 2902 4944 operibus,
2943 4879 3370 4952 illustrandisqu.:
3404 4886 3640 4940 bistohae

2061 4981 2258 5024 nostra:
2283 4971 2410 5023 locis
2434 4969 2821 5024 difﬁcilioribus
2846 4972 3141 5027 adhiberet.
3161 4974 3414 5029 Sciebant
3449 4993 3641 5046 nempe

2062 5063 2158 5115 viri
2192 5063 2263 5116 illi
2295 5064 2509 5129 eruditi,
2555 5077 2712 5130 quam
2748 5066 3108 5118 necessarium
3150 5067 3218 5118 sit
3247 5067 3508 5122 editiones
3548 5087 3639 5124 ve-

2063 5164 2232 5208 terum
2262 5164 2538 5207 auctorum
2574 5154 2771 5207 habere
2799 5170 3052 5224 perquam
3101 5160 3438 5221 emendatas,
3487 5175 3640 5229 quem

2060 5246 2126 5299 ad
2183 5246 2521 5300 scribendam
2591 5248 2864 5299 historiam
2923 5249 3248 5300 recentiores
3296 5247 3638 5308 adiuventur.

2061 5344 2208 5397 Hanc
2237 5343 2306 5396 ob
2335 5357 2548 5396 causam
2580 5343 2850 5410 complura
2875 5341 3115 5408 exempla
3143 5341 3342 5407 profert
3375 5343 3641 5411 Valesius,

2058 5438 2254 5506 quibus
2285 5445 2376 5488 aut
2403 5437 2661 5503 seipsnm,
2697 5446 2784 5487 aut
2811 5435 2946 5487 alios
2976 5444 3128 5488 antea
3152 5451 3359 5488 errasse
3383 5441 3638 5506 ostendit,

2057 5531 2216 5599 quod'
2241 5530 2290 5582 in
2327 5531 2539 5582 codices
2570 5542 2674 5581 non
2723 5528 2850 5579 satis
2882 5535 3126 5580 accurate
3178 5539 3268 5581 aut
3313 5530 3632 5596 descriptos,

2061 5625 2152 5666 aut
2176 5611 2351 5665 editos
2384 5611 2747 5663 incurrissent.
2778 5607 2970 5660 Verum
3001 5609 3099 5661 etsi
3135 5609 3232 5660 hoc
3279 5611 3508 5661 maxime
3541 5624 3634 5663 cu-

2059 5704 2282 5761 randum
2305 5711 2387 5757 est
2415 5702 2481 5757 iis
2509 5702 2596 5770 qui
2622 5715 2690 5754 ex
2728 5700 2959 5769 antiquis
2993 5699 3354 5754 monumentis
3392 5699 3633 5755 historia
