4086 6328
434 372 503 432 ts
1748 368 1761 377 ο
1884 348 2269 417 nitier-arto.
3644 332 3715 405 te

431 488 758 545 illustrandae
799 501 1017 557 operam
1064 492 1286 549 navant,
1331 491 1388 535 ut
1426 496 1487 536 ea
1532 494 1662 549 pura
1711 488 1765 533 et
1810 477 2017 532 sincera
2050 479 2093 533 A
2124 489 2153 527 ιι
2180 470 2397 527 Francis
2416 469 2662 526 violatam
2679 468 2885 524 ulturus
2906 467 3097 522 Rheno
3115 475 3454 538 transgresso
3475 464 3527 520 in
3555 463 3729 520 Fran-

430 583 831 647 nanciscantur,
862 579 915 633 id
944 587 1122 631 tamen
1152 573 1482 645 potissimum
1522 580 1606 626 est
1628 562 2021 625 observandum

431 692 553 732 eum
576 677 772 732 desunt
807 673 895 727 alii
939 671 1184 741 ejusdem
1227 668 1326 722 arvi
1372 675 1641 727 auctores,
1668 678 1891 733 quorum
1920 674 2026 726 ope

436 769 576 823 [ιωνί
625 775 680 822 et
727 779 966 828 errores,
1013 763 1102 831 qui
1130 761 1267 815 forte
1315 759 1370 812 in
1416 756 1630 811 codices
1685 752 2021 820 irrepserint,

437 859 714 916 emendari
768 856 927 912 facile
953 856 1176 925 possint.
1208 851 1353 905 Talis
1376 858 1458 905 est
1490 848 1777 917 Gregorius
1821 852 2024 907 noster,

434 956 621 1008 unicus
650 951 856 1008 scilicet
880 950 1085 1010 auCtor,
1132 943 1463 1013 qni'quideni
1495 937 1753 1007 supersit,
1786 935 1875 1004 qui
1902 934 2027 989 data

400 1033 404 1037 ’
434 1062 598 1117 opera
630 1046 917 1114 primorum
949 1041 1121 1111 geritis
1154 1026 1586 1103 nostraeregum,
1620 1047 1845 1101 quorum
1885 1039 2024 1084 tein-

437 1155 569 1206 piire
597 1139 826 1202 vivebat,
859 1143 1006 1204 gesta
1040 1133 1229 1187 litteris
1258 1130 1611 1185 mandaverit.
1646 1125 1796 1181 Unde
1837 1124 2028 1177 merito

437 1232 681 1287 Valesius
707 1230 821 1299 ejus
852 1228 1020 1282 libros
1042 1225 1277 1297 appellat
1301 1222 1547 1277 Historiae
1570 1228 1758 1273 nostra:
1787 1217 2026 1286 fundum,

437 1342 500 1378 ex
535 1337 641 1391 quo
677 1321 940 1389 originum
982 1312 1280 1387 rerumque
1313 1315 1684 1369 Francicarurn
1721 1311 1888 1379 priora
1931 1323 2029 1360 no-

394 1415 548 1469 ititia
581 1411 915 1483 potissimum
947 1409 1237 1479 repetenda
1278 1410 1379 1473 sit,
1421 1422 1577 1475 quem
1624 1405 1751 1458 tanti
1807 1402 2032 1455 iaciebat

429 1504 517 1559 vir
534 1504 633 1559 ille
654 1502 1023 1567 doetissimus,
1046 1510 1104 1555 ut
1125 1500 1362 1554 historiae
1383 1513 1495 1553 suae
1517 1497 1704 1563 libros,
1730 1507 1864 1561 quos
1886 1508 2032 1546 surn-

426 1613 528 1652 tno
558 1598 741 1653 labore
768 1606 824 1650 et
850 1594 1127 1662 diligentia
1175 1608 1279 1647 non
1319 1591 1525 1659 vulgari
1554 1588 1861 1650 adornavit,
1892 1600 2029 1640 non-

424 1691 538 1745 =nisi
578 1687 993 1744 commentarios
1035 1685 1086 1738 in
1136 1682 1451 1752 Gregorium
1495 1681 1863 1735 Turonensein
1906 1691 2033 1729 cen-

434 1782 605 1836 suerit
633 1777 998 1850 appellandos.
1028 1775 1138 1830 Nec
1164 1774 1343 1827 minus
1373 1772 1583 1825 Cointiii
1609 1770 1726 1822 usui
1763 1767 1859 1821 fii'it
1892 1766 2024 1819 Gre-

2132 568 2265 620 ciam
2296 565 2611 634 trajecisset,
2649 564 2933 617 Bructeros
2961 563 3092 628 ripa:
3123 563 3415 629 proximos,
3449 572 3501 615 et
3528 576 3727 630 pagum

2126 674 2283 727 quem
2316 654 2921 718 incolebantCliarnavi,
2952 654 3105 708 nullo
3135 655 3237 708 sibi
3263 659 3600 718 occursante,
3628 652 3726 707 de-

2130 753 2411 817 popu'aius
2436 758 2539 811 est,
2569 751 2739 815 inquit
2766 747 2854 799 ille
2881 756 3092 811 auctor,
3130 746 3231 800 nisi
3275 743 3417 813 quod
3465 745 3616 813 pauci
3658 760 3727 799 ex

2128 840 2478 908 Ampsivariis
2506 848 2560 892 et
2586 837 2791 890 Chattis
2822 836 3153 890 Marcornere
3192 835 3329 889 duce
3360 835 3413 888 in
3445 834 3723 889 ulteriori-

2135 931 2233 985 hiis
2262 931 2476 983 collium
2504 930 2646 1000 iugis
2670 943 2992 998 apparuere.
3021 927 3076 981 Si
3098 928 3264 992 enim,
3292 935 3350 980 ut
3378 926 3512 980 scite
3538 927 3731 979 obser-

2132 1033 2216 1073 vat
2238 1022 2502 1083 Valesius,
2535 1021 2617 1073 liis
2645 1018 2856 1089 pupulis
2885 1034 2986 1072 non
3014 1017 3311 1081 praefuisset
3343 1014 3731 1084 Marcornerns,

2129 1129 2285 1182 quem
2323 1129 2477 1180 supra
2514 1112 2652 1165 idem
2695 1110 2967 1179 Sulpicius
3007 1106 3334 1161 Francorum
3375 1107 3599 1177 regalem
3634 1122 3729 1173 ap—

2132 1206 2444 1274 pellat-crat,
2480 1220 2575 1257 nec
2607 1200 2990 1271 priores'duos
3034 1199 3258 1269 populos
3305 1199 3595 1253 defendere
3634 1199 3731 1253 de-

2131 1299 2359 1361 buisset,
2374 1313 2471 1350 nec
2497 1298 2629 1350 deos
2654 1296 2980 1363 posteriores
3002 1294 3201 1347 habere
3225 1292 3484 1360 potuisset
3506 1291 3731 1345 milites.

2137 1390 2305 1458 lieges
2345 1405 2411 1442 an
2445 1400 2569 1441 tunc
2598 1388 2881 1442 habuerint
2925 1386 3139 1450 Franci,
3182 1401 3248 1439 an
3289 1399 3419 1438 vero
3448 1384 3613 1438 duces
3642 1398 3731 1437 soo

2133 1479 2445 1545 Imnutodo,
2493 1490 2583 1532 aut
2636 1480 2824 1547 quovis
2874 1479 2978 1531 alio
3032 1478 3248 1531 nomine
3300 1476 3732 1546 appellarentur,

2133 1574 2425 1641 principes,
2454 1573 2791 1641 subregulos,
2817 1582 2908 1626 aut
2930 1571 3156 1640 regales,
3174 1569 3394 1637 inquirit
3415 1567 3734 1638 Gregorius,

2136 1681 2355 1733 remque
2384 1666 2435 1717 in
2470 1664 2646 1718 medio
2676 1665 2980 1733 relinquere
3022 1662 3247 1725 videtur,
3281 1676 3405 1716 cum
3452 1659 3596 1731 apud
3635 1675 3734 1716 eos

2135 1773 2383 1816 auctores
2414 1769 2539 1813 ante
2570 1758 2793 1829 Eugenii
2828 1758 3038 1828 tyranni
3072 1768 3278 1825 tempus
3308 1770 3467 1811 nemo
3492 1770 3523 1810 e
3563 1754 3739 1827 Fraus

437 1872 622 1942 gorius
652 1847 717 1927 in
735 1867 1118 1925 ecclesiasticis
1155 1865 1481 1918 Francorum
1514 1860 1795 1914 annalibus
1820 1856 2029 1911 descri-
2062 1848 2109 1905 B
2136 1852 2215 1906 eis
2257 1854 2397 1921 regis
2428 1851 2583 1904 titulo
2610 1852 2840 1904 donatus
2865 1859 3139 1904 occurrat.
3164 1848 3277 1915 Qua
3317 1851 3367 1902 in
3405 1862 3463 1903 re
3496 1847 3733 1918 graviter

423 1965 648 2027 Ibendis,
682 1975 819 2031 quos
838 1974 903 2013 ex
932 1958 1049 2028 ejus
1078 1955 1228 2010 libris
1253 1965 1310 2007 ut
1337 1953 1623 2022 plurimum
1652 1957 1933 2004 contextus
1954 1946 2031 1998 vi—

424 2056 647 2111 demus.
672 2051 871 2120 Quanti
891 2058 1070 2105 autem
1093 2047 1284 2102 fecerit
1303 2043 1620 2115 Gregorium
1645 2052 1883 2095 nostrum
1908 2037 2027 2093 Hie-
2054 2080 2055 2083 η

438 2163 696 2221 ronymus
727 2146 1037 2217 Ilignonius,
1069 2158 1134 2202 ex
1161 2157 1229 2196 eo
1264 2138 1533 2209 conjicere
1572 2139 1695 2190 licet
1734 2133 1875 2202 quod
1915 2131 2047 2200 ejus

440 2240 770 2303 Historiam,
812 2237 1056 2292 codicem
1099 2234 1272 2302 legum
1304 2231 1672 2297 antiquarum,
1706 2235 1761 2280 et
1794 2223 2032 2279 Marculli

438 2332 699 2388 lormulas
720 2328 1032 2385 emendatas
1055 2333 1112 2380 et
1137 2323 1275 2394 notis
1297 2328 1611 2382 exornatas,
1634 2332 1740 2370 uno
1763 2314 2034 2366 volumine

440 2423 861 2492 comprehensas
885 2461 900 2485 ,
938 2430 1187 2486 tanquam
1235 2429 1397 2466 unum
1437 2424 1631 2478 corpus
1664 2407 1819 2477 prisci
1861 2404 2031 2474 juris,

440 2518 601 2570 edere
635 2513 988 2574 decrevisset,
1029 2518 1188 2575 atque
1222 2506 1297 2559 ob
1341 2506 1389 2557 id
1416 2502 1528 2571 jam
1575 2501 1789 2554 codices
1834 2500 2036 2563 aliquot

442 2609 629 2661 fuisset
658 2610 951 2664 mutuatus,
985 2609 1041 2653 ut
1068 2606 1293 2652 testatur
1324 2595 1404 2648 vir
1432 2592 1697 2655 eruditus,
1725 2590 1811 2657 qui
1842 2587 2033 2656 praeia-

443 2701 642 2753 tioncm
671 2696 973 2765 posthumat
1006 2690 1241 2744 Marculli
1275 2686 1621 2742 Eorttiularum
1651 2680 1875 2736 editioni
1902 2693 2036 2749 pra:-

436 2793 581 2859 tixit,
612 2790 767 2859 cujus
797 2787 882 2842 hie
912 2786 1071 2840 verba
1100 2781 1504 2848 descripsimus.

513 2885 569 2939 5.
612 2884 688 2940 Ea
735 2882 876 2937 enim
907 2890 988 2934 est
1019 2876 1263 2946 Gregorii
1306 2873 1475 2927 nostri
1512 2872 1740 2932 fortuna,
1776 2877 1832 2922 ut
1870 2883 2039 2935 quano

426 2976 690 3033 tumlibet
712 2973 912 3027 rustico
935 2982 1186 3024 sermone
1210 2982 1284 3019 sei
1299 2965 1501 3031 inserit,
1534 2978 1689 3015 nemo
1709 2961 1778 3013 de
1801 2958 2036 3012 Franco-

430 3084 559 3123 rum
589 3066 741 3137 regni
774 3062 1081 3134 primordiis
1124 3059 1329 3127 absque
1369 3058 1483 3125 ejus
1514 3055 1754 3109 subsidio
1796 3052 2036 3106 scribere

444 3162 638 3219 Valeat.
673 3158 731 3212 in
764 3158 864 3210 hoc
891 3167 1105 3223 quoque
1128 3150 1281 3204 laude
1304 3149 1519 3217 dignus,
1543 3144 1684 3215 quod
1711 3144 2037 3198 Francorum

2135 1944 2378 2006 culpatur
2407 1958 2436 1994 a
2475 1942 2701 2007 t'alesio,
2743 1942 2832 2013 qui
2876 1956 3030 2011 reges
3058 1940 3197 2010 apud
3238 1941 3472 1995 Francos
3513 1954 3728 2008 semper

2134 2034 2405 2087 exstitisse
2447 2033 2749 2087 contendit.
2806 2032 2999 2087 Verum
3051 2033 3150 2088 etsi
3205 2031 3273 2088 de
3321 2033 3460 2100 regis
3518 2032 3737 2086 nomine

2134 2124 2441 2192 disputandi
2472 2124 2683 2178 animus
2712 2138 2817 2178 non
2848 2123 2941 2189 sit,
2976 2139 3083 2177 non
3129 2132 3306 2177 tamen
3351 2124 3528 2178 evinci
3572 2135 3736 2191 posse

2134 2217 2367 2271 arbitror
2397 2232 2462 2271 ex
2492 2218 2709 2284 antiquo
2733 2216 2843 2270 ulto
2866 2225 3241 2282 monumento,
3273 2214 3516 2270 Francos
3540 2229 3735 2270 omnes

2134 2317 2263 2362 tunc
2293 2308 2548 2375 temporis
2591 2307 2748 2361 unico
2792 2308 2905 2375 regi
2950 2307 3212 2375 paruisse.
3244 2307 3500 2373 Quamvis
3526 2314 3738 2361 certum

2135 2405 2381 2459 videatur
2412 2403 2666 2457 familiam
2696 2403 2928 2471 aliquam
2960 2402 3101 2457 inter
3128 2417 3221 2457 eos
3262 2400 3429 2457 fuisse
3473 2401 3745 2469 primum,

2136 2504 2194 2547 ut
2223 2493 2459 2563 loquitur
2504 2493 2815 2562 Gregorius,
2848 2502 2903 2548 et
2948 2493 3269 2559 nobiliorem,
3317 2509 3381 2548 ex
3414 2508 3516 2562 qua
3552 2492 3737 2562 populi

2136 2598 2377 2645 rectores
2405 2590 2603 2643 assumi
2631 2596 3045 2652 consueverant,
3075 2602 3211 2654 quos
3252 2588 3473 2641 Romani
3506 2585 3737 2654 scripto-

2138 2694 2245 2746 res,
2267 2694 2366 2748 pro
2388 2679 2608 2733 aliarum
2639 2683 2878 2749 gentium
2892 2694 3038 2733 more
3059 2688 3111 2733 et
3141 2694 3243 2734 suo
3263 2678 3515 2748 loquendi
3542 2678 3735 2744 modo,

2135 2788 2280 2840 reges
2304 2780 2395 2824 aut.
2423 2772 2625 2839 regulas
2654 2770 3024 2839 appellarunt;
3051 2785 3156 2839 quo
3179 2785 3309 2825 vero
3338 2770 3553 2825 nomine
3596 2770 3741 2838 apud

2139 2862 2286 2931 ipsos
2319 2863 2553 2917 Francos
2583 2863 2913 2928 dicerentur,
2945 2862 3065 2930 quis
3093 2861 3337 2915 divinare
3380 2860 3547 2916 velit?
3595 2860 3736 2916 Inter

2140 2969 2233 3010 eos
2267 2962 2442 3007 tamen
2475 2969 2625 3023 reges
2657 2954 2889 3020 aliquem
2935 2953 3103 3007 fuisse
3150 2952 3360 3006 caneris
3401 2954 3737 3020 praestantio-

2141 3062 2257 3101 rem
2288 3047 2509 3101 inl‘icia-ri
2544 3048 2874 3111 noliin,cum
2906 3045 3173 3114 ejusmodi
3206 3045 3372 3101 fuisse
3400 3045 3641 3100 videatur
3664 3059 3738 3099 ex

2141 3140 2257 3206 ipso
2308 3140 2574 3210 Gregorio
2618 3155 2727 3193 non
2751 3139 2926 3193 solum
2972 3136 3222 3200 Clilodio,
3273 3138 3370 3193 sed
3412 3146 3468 3192 et
3514 3136 3749 3205 ipsemet

444 3251 704 3319 originem
746 3245 905 3300 nuilis
936 3242 1130 3296 fabulis
1159 3237 1497 3308 resperSerit,
1525 3234 1684 3288 sit-uti
1728 3234 1906 3287 fecere
1945 3232 2034 3300 qui
2063 3224 2110 3284 C
2143 3228 2500 3294 Clilodoveus,
2529 3245 2687 3298 quem
2723 3230 2949 3299 legimus
2976 3229 3281 3297 complures
3305 3244 3337 3283 e
3364 3229 3477 3282 suis
3506 3243 3738 3283 consan-

433 3351 631 3411 postea
659 3337 933 3394 subsecuti
956 3343 1082 3388 sunt
1110 3332 1353 3386 Historia:
1385 3339 1583 3382 nostra:
1612 3326 1922 3393 scriptores.
1952 3324 2041 3377 Ni-

449 3435 525 3489 hil
547 3432 688 3487 enim
721 3430 881 3493 habet
909 3428 975 3481 de
1003 3424 1249 3492 'l'rojanis
1291 3420 1551 3491 profugis,
1582 3432 1717 3489 quos
1754 3416 1831 3471 illi
1868 3416 2039 3470 Fran-

449 3539 635 3579 corum
668 3529 914 3592 parentes
937 3516 1297 3579 effinxerunt;
1333 3513 1464 3567 nihil
1506 3510 1574 3565 de
1616 3508 1737 3563 aliis
1775 3505 2039 3576 ejusmodi

450 3619 639 3673 muniis
655 3626 744 3670 aut
772 3612 986 3675 fabulis,
1009 3612 1201 3678 quibus
1227 3606 1457 3661 Historia
1478 3615 1657 3658 nostra
1680 3600 2037 3669 postmodum,

432 3720 620 3764 stante
647 3707 821 3761 adhuc
852 3704 1020 3772 prima
1048 3716 1230 3768 regum
1261 3707 1568 3752 nostrorum
1607 3694 1774 3760 stirpe
1797 3733 1810 3756 ,
1847 3691 2039 3763 ἰιιῐςιτιει

424 3812 566 3867 ~est,
613 3810 665 3853 nt
715 3806 859 3868 patet
903 3811 969 3849 ex
1016 3792 1317 3857 Fredegzirii
1355 3789 1647 3847 Lhronico,
1691 3799 1752 3843 ac
1797 3784 2036 3851 ejusdem

452 3892 809 3962 Fragirieiitis,
840 3902 957 3954 quae
982 3895 1099 3953 post
1132 3884 1299 3951 ipsius
1318 3884 1723 3936 continuatores
1752 3880 2036 3936 edidimus.

452 3989 522 4039 At
541 3983 828 4051 Gregorius
849 3984 915 4033 ite
935 3977 1142 4046 origine
1171 3974 1497 4028 Francorum
1527 3974 1786 4037 dicturus,
1812 3974 2040 4039 primum

432 4086 697 4131 auctores
729 4075 846 4141 ipso
873 4069 1177 4136 superiores
1205 4066 1493 4131 consuluit,
1520 4080 1743 4132 quoium
1774 4081 1895 4120 cum
1937 4076 2041 4119 tes-

454 4169 674 4223 timonia
707 4164 1014 4225 retulisset,
1051 4172 1215 4225 pauca
1254 4156 1324 4211 de
1358 4156 1422 4210 iis
1443 4173 1561 4226 quae
1600 4158 1753 4228 vulgo
1779 4172 1841 4210 ea
1873 4158 1940 4211 de
1983 4171 2045 4210 re

455 4254 962 4315 circumferebantur
990 4248 1286 4318 subjunxit.
1313 4247 1445 4301 Tres
1484 4252 1536 4301 in
1579 4248 1714 4301 hanc
1760 4263 1871 4300 rem
1913 4261 2039 4298 auc-

456 4363 601 4407 tores
628 4348 850 4418 profert,
875 4344 1172 4412 Suipicium
1201 4340 1586 4403 Aiexandrum,
1621 4340 1881 4395 Bonarum
1912 4339 2043 4393 Pro-

458 4435 1091 4506 tuturumiFrigeridum.
1123 4440 1194 4487 et
1238 4432 1485 4485 Urosium
1538 4431 2043 4499 liistoriogi-apbnrn.

458 4532 792 4586 Postremum
817 4540 974 4581 nemo
990 4538 1107 4578 non
1140 4522 1319 4587 novit;
1351 4522 1458 4575 duo
1478 4522 1566 4575 alii
1590 4521 1805 4575 noonisi
1828 4537 1888 4574 ex
1915 4521 2046 4574 Gre~

2142 3326 2353 3394 giiineis
2384 3324 2713 3379 Francorum
2757 3338 2909 3392 reges
2954 3321 3224 3389 habuisse,
3260 3335 3394 3391 quos
3424 3336 3585 3375 unum
3617 3327 3739 3389 post

2142 3422 2369 3474 alterum
2420 3417 2746 3471 nionarcliiie
2786 3415 3055 3470 desiderio
3101 3424 3290 3482 captus
3337 3413 3624 3481 oppressit.
3672 3410 3738 3468 Et

2141 3510 2353 3578 quidem
2386 3525 2505 3563 cum
2540 3517 2658 3577 post
2686 3506 2803 3575 ejus
2826 3517 3055 3560 mortem
3091 3505 3182 3558 lilii
3212 3505 3379 3573 ipsius
3408 3518 3628 3572 regnum
3658 3504 3738 3558 in-

2144 3609 2225 3655 ter
2253 3615 2311 3654 se
2338 3600 2639 3664 diviserint,
2660 3597 2803 3652 hunc
2830 3597 3104 3666 antiquum
3135 3594 3300 3650 luisse
3326 3596 3499 3665 gentis
3524 3609 3735 3651 rnorem

2142 3689 2232 3746 vix
2264 3690 2548 3759 quisquam
2577 3700 2773 3756 negare
2801 3694 2999 3754 potest.

2225 3784 2281 3837 7.
2322 3781 2648 3835 Francorum
2683 3780 2861 3847 itaque
2891 3779 2944 3833 in
2975 3777 3216 3833 ulteriori
3250 3778 3419 3833 Rheni
3449 3777 3560 3848 ripa
3582 3776 3741 3833 sedes

2142 3883 2259 3928 erat.
2284 3890 2301 3924 ι
2328 3871 2420 3925 sed
2451 3884 2584 3939 gens
2624 3869 2877 3923 bellicosa
2916 3876 2975 3923 et
3009 3868 3209 3937 quietis
3234 3867 3520 3935 impatiens
3550 3866 3741 3922 Rheno

2144 3980 2288 4034 sazpe
2320 3964 2641 4019 transmisso
2670 3963 3030 4017 Romanorum
3057 3961 3362 4029 provincias
3378 3962 3741 4029 depopulaba-

2146 4064 2255 4123 tur,
2284 4058 2430 4109 unde
2461 4065 2596 4109 naue
2628 4055 2829 4122 passim
2859 4053 3174 4109 occasiones
3202 4052 3372 4106 multa
3401 4052 3582 4119 praelia
3610 4066 3739 4106 com

2145 4150 2385 4215 serendi,
2420 4149 2471 4203 in
2522 4148 2716 4216 quibus
2757 4147 2950 4202 Franci
2995 4145 3156 4201 modo
3198 4145 3432 4213 repressi
3476 4158 3540 4199 ac
3588 4143 3741 4211 victi,

2147 4249 2307 4302 modo
2332 4247 2493 4300 etiarn
2522 4244 2758 4299 victores
2788 4241 3024 4297 fuerunt.
3056 4240 3305 4296 Turbatis
3334 4239 3538 4295 interea
3570 4238 3742 4306 impe-

2148 4341 2211 4393 rii
2244 4338 2402 4392 rebus
2433 4337 2503 4390 ob
2532 4346 2747 4390 exorlos
2796 4342 3073 4404 tyrannos,
3118 4342 3344 4403 utraque
3385 4347 3509 4401 pars
3548 4346 3643 4386 eos
3668 4328 3741 4387 ad

2147 4429 2247 4483 sibi
2277 4410 2639 4483 auxiliandum
2667 4424 2967 4479 advocavit.
2996 4422 3107 4478 Nec
3150 4422 3241 4477 diu
3286 4425 3427 4477 inter
3466 4423 3741 4477 Romanos

2151 4520 2391 4582 fuerunt,
2420 4520 2547 4587 quin
2579 4532 2645 4572 ex
2677 4517 2743 4570 iis
2773 4516 2924 4569 multi
2954 4530 3048 4569 sua
3079 4515 3295 4577 virtute,
3326 4525 3380 4569 et
3406 4514 3567 4569 animi
3594 4528 3739 4580 mag-

458 4623 611 4693 giirio
642 4628 824 4673 nuser
854 4615 960 4669 iioii
990 4624 1113 4668 sunt
1138 4630 1151 4667 :
1193 4629 1312 4682 quae
1350 4628 1481 4667 vero
1510 4613 1579 4665 ab
1610 4612 1673 4665 iis
1700 4611 1767 4665 de
1798 4612 2047 4666 ltoroanis
2079 4605 2128 4665 D
2158 4615 2398 4668 nitudine
2420 4614 2622 4682 primos
2650 4609 2858 4663 militiae
2881 4608 3099 4663 honoris
3122 4607 3337 4678 gradus,
3363 4608 3527 4661 immo
3545 4616 3600 4662 et
3625 4607 3739 4674 ipsa

462 4722 766 4776 narrantur,
797 4712 866 4764 ita
894 4708 1103 4763 ceteris
1132 4706 1370 4761 historiae
1392 4705 1646 4760 Romanae
1687 4704 2045 4758 monumentis

462 4815 587 4863 sunt
614 4817 868 4866 consona,
901 4813 959 4856 ut
985 4816 1080 4855 eos
1107 4814 1318 4868 quoque
1345 4798 1413 4852 de
1450 4797 1667 4852 Francis
1704 4812 1827 4850 vera
1871 4796 2043 4864 Scrip-

462 4902 600 4955 sisse
628 4897 711 4951 vix
743 4896 1024 4964 quisquam
1053 4892 1275 4947 iiiticiari
1309 4890 1496 4960 possit,
1528 4890 1764 4945 maxime
1804 4906 1923 4943 cuin
1968 4891 2048 4943 vi-

445 4994 688 5048 deantur
716 4990 854 5043 circa
885 4987 970 5041 illa
1002 4996 1239 5055 tempora
1271 4984 1535 5038 ﬂoruisse.

535 5083 590 5138 6.
635 5083 710 5136 Ex
744 5080 956 5135 illorqu
998 5092 1124 5131 vero
1169 5084 1446 5129 auctorum
1498 5071 1818 5127 testimoniis
1866 5081 2042 5138 patet,

452 5177 703 5231 ‘Francos
732 5175 823 5227 ditt
854 5173 906 5225 in
939 5186 1001 5226 ea
1028 5170 1245 5238 regione
1273 5168 1488 5221 stetisse
1513 5210 1527 5234 ,
1571 5181 1687 5233 quae
1710 5166 1847 5218 ultra
1879 5165 2049 5219 Ιιιιθιιὶ

456 5271 637 5335 ripam
656 5264 824 5335 posita
848 5272 951 5327 est,
973 5275 1131 5330 quam
1155 5258 1276 5313 ideo
1299 5258 1348 5310 in
1378 5255 1805 5324 Pcutingeririnis
1834 5258 2049 5321 tabulis,

466 5359 691 5427 aliisque
719 5355 918 5411 veteris
944 5349 1245 5408 Germania:
1280 5347 1731 5416 descriptionibus
1768 5344 2051 5399 Fmiiciam

468 5449 723 5519 appellari
757 5462 864 5504 non
890 5444 1092 5501 dubito.
1142 5444 1291 5497 lianc
1318 5451 1463 5495 certe
1500 5455 1565 5494 co
1607 5440 1823 5494 nomine
1852 5441 2051 5495 diserte

470 5541 797 5610 nuncupavit
816 5535 1078 5601 Sulpicius
1102 5532 1404 5587 Alexander
1425 5547 1455 5584 a
1479 5530 1739 5598 Gregorio
1763 5532 2004 5586 laudatus
2033 5550 2046 5584 :

468 5648 532 5686 ex
561 5647 668 5700 quo
695 5630 853 5684 etiam
885 5625 1179 5693 colligimus
1209 5620 1595 5689 Anipsivarios,
1628 5621 1864 5681 tLliattos.
1894 5624 2051 5675 liruc-

472 5735 615 5780 tros
645 5732 699 5775 et
745 5719 1044 5774 Chamavos
1081 5711 1322 5768 Francia:
1359 5712 1535 5777 gentis
1582 5711 1824 5764 surculos
1866 5712 2048 5766 [υἰεμρ.

444 5818 676 5888 Quippe
705 5830 823 5871 cum
856 5812 1175 5882 Ar'bogasles
1204 5808 1427 5864 Romani
1472 5808 1681 5878 imperii
1721 5808 2051 5878 majestalcin

2148 4707 2323 4760 civiiia
2353 4704 2526 4758 officia
2558 4700 2875 4757 meruerint.
2910 4702 2974 4754 Et
3001 4701 3215 4768 quidem
3243 4698 3354 4768 jam
3397 4700 3554 4768 longe
3579 4710 3741 4754 antea

2151 4798 2348 4851 hedera
2383 4794 2611 4848 inierant
2654 4791 2884 4846 Romani
2909 4806 3029 4843 cum
3066 4789 3322 4852 Francis,
3358 4805 3481 4858 qua:
3528 4790 3741 4843 nonnisi

2152 4896 2402 4943 renovata
2419 4886 2581 4940 fuisse
2606 4883 2827 4951 Eugenii
2853 4882 3182 4951 temporibus
3199 4896 3266 4935 ex
3278 4881 3495 4948 Sulpicii
3510 4883 3742 4936 Alexan-

2151 4982 2232 5035 dri
2264 4979 2441 5034 verbis
2476 4986 2704 5031 testator
2742 4973 3047 5044 Gregorius.
3089 4972 3199 5027 Nec
3238 4975 3524 5037 immerito,
3564 4974 3743 5028 sive-

2154 5088 2268 5125 rutn
2300 5070 2536 5136 sit-quod
2567 5070 2954 5121 Constantinus
2987 5065 3476 5136 Prirpltyrogenitus
3502 5056 3739 5133 impera-

2154 5176 2236 5221 tor
2265 5165 2329 5218 ad
2363 5164 2658 5216 liomunum
2703 5161 2865 5213 filium
2908 5174 3061 5213 suum
3098 5158 3314 5224 scribit,
3354 5157 3559 5213 scilicet
3597 5156 3741 5210 Con-

2154 5255 2373 5310 stantini
2405 5254 2577 5321 Magni
2617 5253 2837 5306 decreto
2865 5252 3124 5305 sancitum
3157 5249 3339 5314 fuisse,
3379 5264 3444 5301 ne
3482 5248 3737 5313 itomani,

2154 5348 2391 5417 exceptis
2417 5348 2545 5401 solis
2573 5345 2813 5407 Francis,
2847 5358 2965 5397 cum
3011 5340 3251 5395 barbatis
3296 5354 3527 5408 unquam
3567 5338 3741 5394 natio-

2157 5443 2308 5495 nibus
2339 5439 2510 5492 finitus
2539 5436 2752 5491 inirent.
2790 5437 2911 5489 llaec
2941 5434 3134 5503 quippe
3174 5434 3285 5487 sola
3318 5440 3443 5486 erat
3489 5431 3741 5487 vincendi

2159 5532 2389 5585 Francos
2416 5528 2578 5593 ratio,
2629 5528 2669 5577 si
2727 5524 3014 5580 foederibus
3046 5524 3211 5587 initis,
3263 5532 3353 5577 aut
3402 5523 3510 5577 alio
3546 5523 3743 5594 quovis

2159 5620 2316 5674 modo
2343 5635 2370 5671 a
2402 5616 2574 5671 soliti<
2622 5614 3036 5683 pl'wdalinnibtts
3082 5614 3350 5668 :ibStim-re
3398 5625 3737 5683 cogerentur.

2162 5712 2308 5766 Unde
2336 5708 2589 5763 Lilianius
2614 5708 2663 5759 in
2690 5705 3013 5775 Panegyrico
3032 5702 3352 5773 Constantio
3376 5716 3435 5761 et
3460 5705 3742 5761 Constanti

2160 5801 2571 5874 iriiperaioribus
2594 5798 2757 5865 dicto,
2789 5796 2871 5851 liis
2896 5796 3225 5867 principibus
3249 5795 3547 5867 gratulatur
3571 5797 3639 5852 ob
3665 5798 3729 5867 ju
