4086 6328
504 393 567 447 i9
1949 385 2073 441 ΡΩἈ

2174 384 2329 441 ιτιε).
3684 380 3753 439 20

456 516 459 519 ’
500 511 666 565 menti
694 518 748 563 ut
769 506 833 561 ad
866 507 1069 579 regium
1103 477 1353 578 palatium
1384 506 1577 562 deferri
1608 505 1891 572 deberent,
1925 505 2073 560 liuie-
2101 513 2151 568 Α
2184 504 2328 557 bium
2357 502 2707 572 quarumdam
2727 502 2931 557 civibus
2955 516 3046 555 sua
3064 499 3331 570 privilegia
3350 510 3559 555 servata
3586 500 3753 554 fuisse

503 607 713 658 bantur.
744 603 933 658 Postea
981 611 1035 658 et
1078 604 1128 657 in
1154 602 1285 657 vicis
1323 610 1375 655 et
1405 601 1615 669 oppidis
1658 601 1863 653 minora
1908 601 2068 655 etiam

492 697 693 764 placita
727 696 966 751 instituta
996 696 1230 757 fuerunt,
1260 695 1448 762 quibus
1480 706 1741 763 praeerant
1762 695 2017 749 ofliciales
2041 711 2071 749 a

498 789 692 841 comite
733 787 1017 857 designati,
1050 787 1137 855 qui
1187 786 1307 840 ideo
1350 785 1737 854 vice-comites,
1762 796 1851 838 aut
1891 786 2070 840 vicarii

495 879 743 950 appellati
776 877 1041 948 leguntur.

572 994 655 1047 11.
690 992 818 1048 Inde
848 1006 1005 1061 porro
1024 990 1136 1045 nati
1161 998 1285 1045 sunt
1314 991 1448 1045 varii
1482 990 1795 1045 ofﬁcialium
1819 997 1875 1044 et
1896 989 2072 1059 digni-

495 1095 665 1140 tatum
693 1084 890 1153 gradus
919 1083 1058 1136 inter
1088 1081 1345 1147 Francos,
1369 1097 1595 1152 quorum
1626 1084 1840 1135 nomina
1869 1089 1925 1136 et
1949 1080 2071 1135 oili-

493 1178 574 1229 eia
605 1184 662 1228 ut
689 1174 974 1243 plurimum
1004 1187 1035 1226 a
1059 1172 1313 1227 Romanis
1344 1183 1581 1227 mutuata
1610 1171 1845 1227 iuet-um.
1870 1172 1968 1236 Qui
1992 1186 2061 1225 ex

493 1266 838 1321 nobilissimis
863 1264 1080 1319 familiis
1106 1264 1297 1331 exorti,
1316 1258 1461 1318 nullo
1489 1263 1768 1333 peculiaris
1795 1262 2070 1332 dignitatis

489 1360 643 1413 titulo
696 1358 1133 1428 designabantur,
1190 1358 1223 1410 ii
1274 1357 1365 1411 viri
1414 1358 1594 1427 fortes,
1631 1357 1876 1423 seniores,
1907 1359 2074 1424 majo-

486 1460 742 1515 res-natu,
771 1451 1039 1516 primores,
1068 1449 1278 1516 priores,
1327 1448 1590 1516 primates,
1615 1448 1904 1517 Optimates,
1928 1463 2074 1517 mag-

458 1526 461 1527 ν
485 1550 633 1595 nates
648 1541 1070 1611 appellabantur,
1085 1554 1309 1607 quorum
1324 1539 1564 1594 consiliis
1582 1553 1674 1593 rex
1700 1538 1751 1592 in
1778 1538 1983 1608 placitis
1998 1538 2072 1591 uti

490 1633 719 1688 solebat.
754 1633 857 1689 Alii
881 1648 1011 1688 vero
1040 1633 1246 1688 aulicas
1279 1632 1569 1702 dignitates
1596 1632 1893 1696 consecuti,
1922 1639 2076 1686 erant

460 1710 821 1789 icancellarii,
868 1724 1242 1787 referendarii,
1274 1725 1578 1791 domestici,
1614 1723 1948 1787 cubicularii,
1986 1739 2075 1778 ca-

491 1817 729 1881 merarii,
757 1816 1210 1871 comites-stabuli
1234 1834 1249 1883 ;
1272 1817 1527 1886 ιιι-περιβιιί
1555 1827 1706 1870 erant
1725 1815 1903 1884 palatii
1931 1815 2075 1880 prin-

487 1907 635 1977 cipes
655 1911 1001 1978 autmajores,
1024 1918 1128 1963 etc.
1145 1908 1255 1963 Nec
1283 1909 1562 1963 omittendi
1588 1909 1729 1977 regis
1756 1907 2068 1972 nutritores,

491 2000 656 2072 bajuli
686 1999 844 2072 vulgo
870 2002 1027 2069 dicti,
1051 2004 1297 2057 maxima:
1320 2004 1459 2072 apud
1489 2003 1762 2073 principes
1791 2007 2073 2057 auctorita-

491 2094 580 2147 tis.
610 2097 677 2147 At
707 2093 783 2148 illi
812 2095 1006 2161 quibus
1036 2096 1313 2149 civitatum
1349 2110 1477 2150 cura
1506 2093 1790 2151 commissa
1826 2108 1962 2160 erat,
1988 2112 2075 2149 ea-

491 2188 638 2241 mites
678 2187 805 2242 dicti
852 2198 998 2254 suut-,
1031 2189 1121 2257 qui
1161 2198 1213 2243 et
1241 2204 1369 2243 suos
1399 2203 1617 2258 quoque
1668 2190 1720 2243 in
1767 2188 2073 2243 civitatibus

488 2281 783 2336 olllciarios
816 2281 1106 2347 habebant,
1135 2283 1223 2353 qui
1270 2285 1465 2352 passim
1505 2283 1563 2337 in
1596 2283 1843 2338 formulis
1887 2298 2073 2338 recen-

493 2379 700 2427 sentur.
722 2370 891 2426 Duces
914 2387 1041 2426 vero
1068 2388 1226 2442 supra
1258 2374 1451 2427 multos
1467 2376 1750 2427 comitatus
1771 2373 2069 2439 constituti,

492 2464 829 2530 potissimum
871 2464 1196 2520 exercitibus
1243 2464 1673 2535 pra-ficiebautur
1720 2484 1733 2523 :
1770 2482 2071 2536 quanquam

493 2562 550 2605 et
579 2568 706 2606 suos
753 2556 913 2609 etiam
947 2556 1143 2610 milites
1178 2556 1444 2611 habebant
1474 2559 1707 2623 comites,
1754 2559 2073 2627 quibuscum

495 2645 562 2699 ad
595 2645 817 2711 bellum,
840 2663 960 2701 cum
992 2649 1214 2718 urgebat
1235 2650 1547 2715 necessitas,
1575 2650 2071 2719 progrediebantur.

491 2738 592 2805 Qui
617 2754 747 2794 vero
776 2739 829 2793 ιιι
862 2739 1162 2810 Burgundia
1195 2741 1366 2795 autin
1395 2741 1662 2810 provincia
1692 2741 1903 2796 Patrii-ii
1928 2743 2073 2797 dice-

492 2831 710 2897 bantur,
743 2832 958 2886 nomine
983 2841 1137 2886 tenus
1163 2833 1263 2887 sub
1287 2832 1612 2887 Francorum
1644 2834 1898 2901 regimine
1926 2849 1954 2887 a
1982 2835 2075 2888 du-

491 2922 645 2977 cibus
674 2923 906 2978 distincti
935 2934 1109 2979 erant.
1127 2925 1420 2979 Tribunum
1444 2924 1634 2979 alicubi
1664 2924 2076 2980 memoratGre-

491 3014 695 3082 gorius,
725 3015 813 3084 qui
836 3022 892 3069 et
919 3014 1029 3069 alio
1060 3015 1110 3069 in
1140 3015 1259 3071 loco
1280 3015 1347 3069 de
1385 3016 1664 3069 tribunitia
1697 3025 1960 3084 potestate
1989 3016 2072 3069 lo-

468 3094 694 3173 iquitur.
726 3103 960 3161 Comites
983 3107 1277 3175 aute-utqui
1311 3110 1504 3162 tributa
1553 3107 1793 3176 aliosque
1831 3108 1943 3162 ﬁsci
1990 3122 2075 3161 re-

492 3197 637 3253 ditus
668 3197 720 3251 in
749 3197 1041 3267 provinciis
1067 3199 1279 3253 debitos
1308 3199 1373 3253 ad
1417 3199 1712 3271 principem
1743 3198 1941 3253 deferri
1982 3214 2074 3252 cu-

497 3289 709 3353 rabant,
737 3291 896 3343 etiam
924 3299 978 3344 et
1003 3293 1289 3345 comitatus
1318 3306 1441 3345 suos
1483 3290 1804 3361 quandoque
1831 3302 1922 3345 aut
1952 3308 2069 3357 pre-

497 3379 575 3433 tio
600 3378 886 3444 emebant,
920 3390 1030 3444 aut,
1064 3389 1122 3434 ut
1161 3382 1211 3434 in
1242 3382 1305 3457 iis
1335 3383 1793 3443 continuarentur,
1841 3384 2074 3449 prmtniis

493 3480 549 3525 et
580 3472 801 3539 pecunia
834 3471 1164 3526 obtinebant.
1190 3473 1321 3540 Qute
1350 3488 1507 3527 causa
1539 3472 1715 3526 fuitut
1741 3474 1834 3527 viri
1870 3475 2075 3540 ignobi-

501 3564 581 3616 les
624 3561 865 3616 nonnulli
911 3562 976 3616 ad
1007 3563 1269 3631 ejusmodi
1316 3564 1599 3634 dignitates
1636 3565 1805 3618 evecti
1858 3564 2071 3620 fuerint.

497 3654 733 3709 Fiscales
758 3664 932 3711 tamen
951 3668 1145 3727 praeter
1172 3671 1265 3712 eos
1286 3657 1527 3711 olliciarii
1552 3659 1784 3722 fuerunt,
1813 3658 1891 3712 sic
1921 3658 2072 3722 dicti,

495 3763 583 3814 qu:
604 3746 637 3799 d
686 3747 932 3801 villarum
961 3749 1224 3817 regiarum
1246 3764 1426 3803 curam
1461 3748 1740 3813 haberent;
1772 3750 1860 3815 qui
1892 3759 1947 3803 et
1973 3750 2071 3818 ipsi

495 3843 599 3897 sub
628 3857 688 3896 se
719 3841 929 3896 ﬁscales
959 3841 1225 3893 variorum
1252 3840 1513 3909 graduum
1552 3839 1840 3895 oiliciarios
1871 3850 1926 3895 et
1953 3857 2073 3895 ser-

497 3948 594 3989 vos
638 3932 936 3999 habebant,
988 3932 1078 4002 qui
1132 3929 1326 4000 passim
1372 3931 1653 3985 laudant-tr
1692 3930 1831 3999 apud
1872 3931 2075 4000 Grego-

496 4041 654 4079 l'lllm.

576 4135 657 4189 ιθ.
703 4134 874 4188 Locus
923 4134 1010 4188 hic
1061 4141 1206 4188 esset
1247 4134 1572 4200 inquirendi.
1618 4150 1863 4204 quianam
1911 4134 2073 4189 fuerit

474 4228 637 4301 apud
692 4235 901 4281 veteres
952 4226 1184 4279 Francos
1240 4226 1378 4279 inter
1432 4226 1658 4280 familias
1736 4226 2069 4292 differentia,

501 4330 748 4373 ntrumve
778 4317 985 4371 medius
1015 4316 1230 4386 quidam
1259 4317 1397 4370 inter
1425 4316 1632 4370 nobiles
1655 4325 1710 4369 et
1748 4331 1934 4371 servos
1963 4318 2073 4372 lue-

498 4413 564 4466 rit
594 4411 868 4465 hominum
892 4418 1081 4461 status.
1113 4412 1181 4462 At
1210 4409 1310 4461 iste
1332 4407 1501 4460 nodus
1524 4410 1725 4477 absque
1748 4407 1929 4476 aliquo
1960 4426 2075 4463 mo-

500 4508 756 4553 numento
795 4497 927 4550 solvi
956 4512 1061 4549 non
1090 4506 1283 4564 potest,
1310 4497 1611 4564 cuiusmodi
1636 4498 1702 4551 de
1734 4498 1953 4554 Francis
1980 4515 2075 4554 an-

500 4602 713 4661 tequam
753 4592 805 4645 in
832 4590 1022 4648 Galliis
1050 4590 1266 4643 stabiliti
1305 4587 1551 4653 fuissent,
1583 4606 1840 4659 nusquam
1873 4598 2067 4662 reperi.

484 4684 615 4749 _lluc
641 4697 801 4735 unum
824 4691 1078 4735 constans
1109 4679 1339 4738 invenio.
1361 4678 1547 4733 Franci
1571 4682 1783 4737 nomine
1807 4681 2072 4739 hominem

509 4775 736 4828 liberum
774 4782 826 4825 et
852 4787 881 4824 a
906 4771 1144 4840 qualibet
1181 4770 1439 4825 servitute
1472 4773 1758 4827 immunem
1785 4775 2076 4847 designari.

501 4864 636 4919 Cum
662 4880 790 4918 vero
820 4861 1009 4917 Franci
1050 4861 1209 4915 simul
1238 4876 1358 4916 cum
1383 4864 1652 4918 veteribus
1680 4865 1846 4921 Gallis
1871 4885 1987 4933 seu,
2019 4879 2079 4926 ut

503 4968 629 5010 tunc
661 4954 1031 5025 loquebantur,
1057 4952 1330 5015 Romanis.
1364 4955 1415 5007 in
1448 4971 1609 5010 unum
1649 4960 1900 5025 populum
1947 4976 2074 5016 eoa-

502 5047 741 5112 luerunt,
775 5044 1017 5100 homines
1050 5045 1183 5100 alios
1211 5060 1279 5099 ex
1310 5046 1659 5103 nobilissimis
1688 5062 1742 5104 et
1767 5053 2073 5120 senatoriis,

502 5149 558 5191 tit
601 5138 764 5191 habet
808 5136 1114 5205 Gregorius,
1160 5134 1374 5193 familiis
1417 5149 1636 5195 exortos
1666 5142 1899 5205 invenio,
1941 5143 2076 5197 alios

501 5229 747 5286 servituti
777 5229 1129 5298 mancipatus.
1162 5229 1297 5283 alios
1321 5230 1577 5301 ingenuos
1599 5235 1923 5299 natos,alios
1951 5250 2076 5288 vero

501 5322 774 5377 servitutis
796 5322 944 5392 jugo,
962 5323 1301 5378 dominorum
1324 5324 1839 5398 suorumlbeneficio,
1858 5327 2076 5379 omnino

506 5416 591 5471 vel
643 5431 708 5471 es
744 5425 890 5484 parte
924 5417 1219 5473 absolutos.
1251 5419 1350 5486 Qui
1378 5433 1444 5474 ex
1476 5419 1751 5475 veteribus
1790 5419 1955 5473 Gallis
1983 5428 2076 5472 aut

502 5509 693 5577 opibus
717 5507 1059 5576 praestabant,
1074 5518 1166 5565 aut
1191 5521 1344 5566 erant
1364 5526 1431 5567 ex
1454 5512 1689 5581 antiquis
1712 5511 1925 5565 familiis
1946 5509 2072 5573 orti,

502 5601 813 5669 dignitates,
836 5601 997 5658 etiam
1028 5606 1346 5674 praecipuas,
1379 5607 1517 5663 sicut
1543 5614 1599 5660 et
1625 5614 1831 5660 veteres
1862 5600 2074 5666 Franci,

504 5692 865 5759 obtinuerunt,
916 5693 1146 5761 factique
1182 5706 1306 5753 sunt
1346 5698 1570 5752 comites
1613 5708 1667 5752 et
1710 5696 1872 5750 duces
1898 5712 1913 5761 ;
1944 5710 2078 5764 quos

507 5784 630 5840 ideo
661 5787 854 5851 passim
879 5787 1014 5857 apud
1045 5788 1359 5857 Gregorium
1380 5790 1605 5859 legimus
1628 5789 1710 5842 his
1738 5787 1958 5842 Vocibus
1986 5787 2079 5842 de-

507 5880 765 5952 signatos,
794 5878 1026 5940 Francus
1066 5893 1155 5938 aut
1191 5883 1450 5937 liomamts
1492 5900 1697 5955 genere.
1726 5884 1863 5951 Quin
1905 5890 1955 5937 et
1986 5896 2078 5936 ur-

2174 594 2494 666 eolligimus,
2525 595 2666 665 quod
2706 613 2735 647 a
2763 610 2911 665 rege,
2957 609 3078 647 cttm
3129 608 3314 647 earnm
3358 593 3751 659 possessionem

2173 685 2361 754 inibat,
2394 696 2784 740 sacramentum
2816 687 3114 754 exigerent,
3146 696 3201 737 ut
3229 699 3325 738 sua
3369 683 3604 755 ipsarum
3640 687 3752 754 pri-

2176 779 2361 847 vilegia
2406 780 2608 848 integra
2637 788 2999 831 servarentur.

2247 870 2330 924 15.
2362 870 2507 923 llaud
2538 870 2716 923 minus
2747 870 2942 938 ignota:
2972 877 3095 921 sunt
3122 867 3287 939 leges.
3332 869 3485 935 queis
3517 867 3752 922 Franco-

2174 978 2291 1018 rum
2312 975 2443 1031 gens
2468 972 2591 1014 ante
2613 960 2899 1013 stabilitam
2930 974 3117 1014 eorum
3150 960 3201 1011 in
3216 957 3400 1013 Galliis
3422 959 3603 1012 sedem
3629 968 3751 1014 ule-

2175 1068 2382 1114 rentur.
2414 1057 2670 1111 Memorat
2698 1056 2949 1110 Libanius
2980 1056 3032 1109 iii
3064 1054 3381 1125 panegyrico
3424 1054 3534 1122 jam
3584 1070 3744 1123 supra

2171 1165 2200 1202 a
2233 1166 2318 1205 me
2342 1150 2553 1203 laudato
2578 1149 2741 1218 leges,
2757 1148 2944 1215 quibus
2969 1154 3083 1201 erat
3105 1148 3365 1199 sancitum
3397 1146 3535 1213 apud
3568 1145 3709 1199 Frau
3733 1177 3757 1188 -

2174 1257 2287 1303 cos.
2322 1252 2378 1295 ιιι
2425 1241 2518 1308 qui
2556 1241 2693 1308 apud
2742 1257 2835 1295 eos
2881 1239 3080 1306 majora
3133 1238 3411 1303 auderent,
3462 1239 3754 1307 majoribus

2175 1332 2338 1384 etiam
2393 1330 2687 1385 honoribus
2748 1330 3063 1397 potirentur.
3113 1328 3351 1382 Celebris
3397 1343 3610 1395 semper
3659 1330 3756 1383 fuit

2173 1426 2313 1495 apud
2345 1427 2576 1497 majores
2606 1436 2818 1481 nostros
2869 1426 2950 1479 lex
2983 1427 3178 1491 Salica,
3206 1426 3271 1478 de
3297 1430 3448 1491 cujus
3475 1428 3677 1497 origine
3703 1436 3757 1481 et

2177 1517 2344 1571 variis
2372 1518 2747 1571 additamentis
2778 1517 2874 1571 viri
2905 1516 3098 1570 eruditi
3141 1516 3337 1587 passim
3382 1519 3665 1585 scripsere.
3691 1521 3756 1572 At

2175 1623 2296 1662 cum
2339 1618 2543 1664 certum
2587 1609 2657 1663 sit
2699 1625 2815 1661 eam
2855 1609 2918 1660 ad
2971 1619 3251 1674 posteros,
3294 1610 3465 1676 qualis
3510 1610 3757 1676 primitus

2178 1697 2275 1752 fuit
2314 1714 2343 1752 a
2396 1699 2615 1754 Francis
2656 1700 2829 1752 adhuc
2872 1698 3102 1752 ethnicis
3152 1700 3386 1753 instituta
3432 1710 3484 1753 et
3528 1701 3753 1766 dictata,

2180 1806 2286 1845 ι.οη
2329 1792 2491 1845 inisse
2533 1793 3189 1855 transmissam;vetcrum
3228 1793 3550 1846 Francorum
3584 1809 3756 1849 mores

2106 1876 2148 1933 Β
2179 1883 2399 1947 exinde,
2421 1883 2655 1937 maxime
2686 1883 2737 1936 iu
2764 1884 2847 1936 his
2874 1900 2993 1952 qua:
3022 1886 3085 1935 ad
3119 1884 3433 1951 religionem
3465 1886 3754 1953 pertinent,

2173 1974 2491 2039 exploratos
2523 1973 2719 2028 habere
2750 1989 2853 2027 non
2886 1988 3187 2043 pOsSIttntts.
3222 1972 3436 2028 Modum
3470 1988 3573 2041 quo
3603 1975 3756 2043 leguli

2171 2064 2462 2119 Chlodovei
2492 2066 2710 2119 nomine
2730 2066 3048 2120 Chloiildem
3084 2066 3497 2133 de~ponsarunt,
3527 2066 3750 2119 exhibet

2177 2157 2528 2227 Fredegarius
2550 2160 2601 2211 in
2636 2159 2901 2225 Epitome,
2930 2159 3102 2229 capite
3130 2158 3209 2210 l8.
3234 2156 3537 2224 O/ferenti’s,
3567 2158 3756 2227 inquit,

2173 2252 2395 2303 solidum
2434 2260 2481 2303 et
2528 2253 2815 2315 denarium,
2856 2263 2908 2303 ut
2948 2268 3055 2305 nias
3103 2260 3209 2303 erat
3251 2250 3592 2315 Francorum,
3643 2267 3752 2303 eam

2175 2345 2404 2412 partibus
2427 2342 2701 2397 Chlodovei
2724 2344 3053 2409 desponsam.
3087 2344 3235 2409 Quod
3267 2341 3321 2396 in
3351 2344 3619 2396 veteribus
3649 2343 3756 2395 for-

2175 2432 2333 2487 mulis
2368 2435 2505 2501 apud
2538 2431 2877 2502 Biguonium,
2905 2449 3052 2486 num.
3086 2432 3140 2497 ὅ,
3168 2434 3447 2486 secundum
3467 2431 3627 2502 legem
3657 2432 3757 2486 Sa-

2174 2526 2325 2579 licam
2356 2525 2467 2579 ﬁeri
2514 2525 2728 2578 dicitur.
2760 2525 2828 2577 At
2858 2524 2984 2577 nihil
3023 2523 3090 2577 de
3120 2524 3182 2578 iis
3212 2524 3368 2578 habet
3414 2534 3593 2577 noster
3623 2523 3757 2578 Gre-

2174 2616 2355 2683 gorius
2380 2631 2393 2679 ;
2425 2614 2519 2668 sed
2552 2614 2642 2668 ιιι).
2675 2629 2723 2668 tx
2762 2614 3029 2680 llistorize,
3059 2616 3235 2683 capite
3264 2615 3357 2680 20,
3378 2614 3650 2682 exemplar
3672 2628 3755 2667 re-

2177 2710 2278 2759 tert
2306 2706 2587 2774 pactionis,
2623 2708 2673 2759 in
2703 2720 2802 2774 qua
2836 2707 2904 2759 de
2930 2705 3054 2760 dote
3078 2716 3131 2758 et
3163 2704 3562 2773 mnrganegiba,
3590 2703 3641 2756 id
3671 2714 3754 2757 est

2177 2801 2317 2851 ilono
2347 2799 2487 2867 quod
2515 2800 2737 2852 maritus
2769 2797 2919 2851 uxori
2957 2797 3128 2866 primo
3157 2797 3244 2851 die
3272 2801 3575 2865 nuptiarum
3597 2811 3754 2850 mane

2176 2887 2459 2952 olferebat,
2502 2888 2693 2957 agitur.
2732 2887 2950 2942 Veteres
2989 2888 3311 2943 Francorum
3360 2888 3503 2960 leges
3532 2903 3560 2941 a
3601 2904 3755 2959 paga-

2181 2978 2356 3031 nismo
2417 2982 2617 3047 prlmus
2672 2980 2987 3047 expurgavit
3036 2978 3427 3045 Tlieodoricus,
3489 2980 3756 3049 perfecero

2178 3069 2562 3124 Childebertus
2613 3080 2668 3123 et
2714 3071 3018 3125 (lblotarius
3045 3072 3161 3141 ejus
3213 3072 3424 3137 hatres,
3457 3088 3587 3142 quas
3629 3072 3755 3126 item

2181 3169 2369 3213 auctas
2404 3170 2460 3213 et
2510 3159 2822 3213 emendatas
2864 3160 3156 3229 publicavit
3192 3175 3332 3215 anno
3360 3160 3465 3214 650
3492 3160 3757 3229 Dagober-

2103 3243 2149 3305 C
2182 3262 2287 3315 tus.
2320 3263 2377 3306 ut
2415 3267 2481 3308 ex
2508 3252 2910 3321 praefatiuncula
2939 3254 3003 3307 ad
3033 3253 3273 3322 ejusdem
3322 3254 3465 3321 regis
3494 3254 3755 3321 capitula-

2180 3344 2257 3395 ria
2302 3352 2465 3411 patet,
2498 3358 2656 3413 quam
2691 3345 2744 3397 in
2770 3344 3065 3412 appendice
3093 3344 3356 3397 dabimus.
3379 3343 3534 3412 Legis
3574 3354 3754 3397 autem

2187 3432 2374 3485 Salii-te
2418 3442 2511 3485 aut
2547 3432 2768 3487 alterius
2798 3430 3104 3501 cujuslibet,
3155 3447 3221 3486 ne
3273 3446 3468 3486 nomen
3518 3432 3755 3500 quidem,

2180 3536 2374 3595 printer
2404 3526 2800 3580 ecclesiasticos
2846 3524 3092 3579 Canones
3138 3533 3196 3578 et
3237 3527 3406 3593 legem
3437 3524 3754 3594 Romanam,

2180 3630 2400 3684 usquam
2452 3617 2709 3682 exprimit
2735 3614 3029 3687 Gregorius
3066 3632 3077 3668 :
3110 3625 3163 3668 at
3191 3630 3256 3669 ex
3292 3615 3356 3669 iis
3397 3629 3514 3685 quae
3547 3624 3752 3679 narrat,

2179 3706 2335 3760 facile
2363 3706 2664 3775 colligimus
2716 3707 2904 3763 Salicre
2953 3707 3084 3771 legis
3112 3706 3243 3761 scita
3277 3722 3397 3776 quas
3422 3705 3487 3759 ad
3518 3708 3755 3774 regimen

2179 3802 2528 3867 pertinent,a
2578 3800 2797 3854 Francis
2848 3814 3063 3868 semper
3114 3799 3549 3854 constantissime
3591 3798 3758 3879 fuisse

2176 3892 2474 3945 observata.
2506 3891 2637 3946 Tale
2671 3900 2755 3946 est
2782 3890 2910 3944 illud
2951 3906 3015 3945 ex
3054 3890 3232 3958 capite
3260 3891 3349 3955 62,
3386 3906 3535 3943 num.
3565 3890 3619 3955 6,
3649 3906 3756 3959 quo

2176 3991 2415 4045 cavetur,
2444 3996 2512 4036 ne
2543 3981 2649 4033 ulla
2689 3981 2880 4036 Salicaa
2929 3988 3084 4034 terra:
3138 3980 3313 4047 portio
3361 3979 3428 4032 ad
3478 3980 3755 4035 mulierem

2175 4072 2377 4137 veniat,
2408 4070 2500 4126 sed
2531 4080 2637 4125 tota
2667 4070 2732 4124 ad
2763 4068 2976 4125 virilem
3019 4083 3205 4124 sexum
3236 4069 3570 4124 devolvatur.
3603 4071 3753 4136 Quod

2176 4170 2433 4215 accurate
2463 4161 2516 4214 in
2547 4160 2693 4229 regni
2727 4159 3158 4213 successionibus
3197 4161 3538 4214 observatum
3590 4160 3755 4217 fuisse

2176 4266 2240 4306 es
2274 4248 2517 4316 Gregorii
2567 4249 2795 4304 Historia
2824 4246 3097 4303 discimus.
3129 4248 3398 4319 Nusquam
3441 4249 3583 4303 enim
3613 4252 3752 4318 apud

2175 4355 2298 4393 eum
2346 4339 2572 4409 legimus
2616 4339 2667 4391 in
2703 4337 2854 4406 regni
2898 4337 3249 4393 divisionibus
3280 4340 3506 4394 feminas
3546 4341 3595 4394 in
3632 4356 3754 4409 par-

2181 4437 2287 4483 tem
2314 4429 2545 4481 venisse.
2577 4427 2765 4489 Immo,
2798 4428 2840 4479 si
2872 4427 2989 4495 quis
3028 4442 3120 4480 rex
3152 4428 3353 4496 absque
3383 4430 3616 4484 maribus
3642 4431 3750 4484 fato

2178 4520 2392 4575 functus
2425 4518 2543 4583 fuit,
2580 4532 2683 4571 non
2716 4517 2883 4586 ipsius
2912 4517 3055 4585 lilia»,
3087 4519 3179 4571 sed
3207 4528 3297 4571 aut
3323 4517 3515 4574 fratres
3544 4530 3635 4573 aut
3664 4537 3755 4575 ue~

2102 4637 2156 4697 D
2182 4624 2332 4680 potes
2352 4613 2416 4666 ad
2441 4610 2586 4678 regni
2617 4609 3008 4663 successionem
3040 4619 3405 4665 accesserunt.
3434 4608 3557 4665 Ηιυο
3585 4612 3756 4681 prima

2182 4702 2281 4757 fitit
2307 4703 2442 4755 inter
2471 4707 2699 4770 quatuor
2727 4698 3016 4753 Chlodovei
3047 4700 3217 4769 Magni
3258 4699 3395 4755 ﬁlios
3435 4702 3583 4771 regni
3624 4704 3758 4756 divi-

2179 4793 2343 4848 duudi
2372 4793 2536 4856 ratio;
2566 4791 2860 4860 eademque
2874 4799 2993 4859 post
3007 4791 3262 4845 Chlotarii
3282 4794 3588 4846 monarchai
3605 4809 3753 4848 moro

2182 4897 2287 4940 tem
2334 4886 2472 4939 inter
2526 4884 2693 4950 ipsius
2740 4883 2877 4935 lilios
2915 4895 3124 4936 servata
3160 4898 3173 4934 :
3205 4892 3259 4936 et
3303 4884 3625 4939 Chariberto
3669 4894 3759 4943 aut

2178 4977 2521 5032 Childeberto
2550 4976 2784 5044 regibus,
2818 4974 3020 5044 absque
3042 4974 3212 5027 virilis
3241 4990 3401 5030 sexus
3432 4977 3617 5031 liberis
3652 4977 3749 5031 de-

2183 5069 2402 5133 functis,
2432 5084 2536 5120 noo
2581 5082 2764 5121 eorum
2817 5066 2962 5132 lilim,
2991 5067 3085 5120 sed
3122 5066 3316 5121 l'ratres
3361 5079 3757 5126 successerunt.

2256 5160 2344 5216 Μ.
2376 5162 2631 5213 littamen
2659 5173 2722 5211 ea
2751 5168 2868 5213 erat
2893 5174 2923 5210 e
2948 5156 3109 5225 regiis
3134 5158 3315 5213 liberis
3334 5160 3561 5214 ﬁliarum
3591 5162 3760 5227 digiti.

2184 5264 2283 5316 tas,
2318 5263 2374 5306 ut
2400 5254 2452 5305 in
2486 5253 2661 5320 probis
2692 5251 3001 5305 auctoribus
3032 5267 3288 5320 nusquam
3318 5253 3557 5305 invenias
3589 5253 3755 5307 ullam

2181 5347 2303 5402 aliis
2344 5361 2504 5415 quam
2557 5346 2772 5413 regibus
2824 5344 2878 5397 in
2925 5343 3268 5397 matrimonio
3316 5344 3567 5400 locatam.
3616 5344 3756 5412 Quin

2182 5438 2345 5492 etiam
2375 5445 2486 5490 tum
2516 5449 2637 5487 cum
2669 5434 2722 5488 in
2765 5444 2985 5503 paterna
3028 5435 3188 5488 domo
3230 5433 3460 5506 coniugii
3505 5449 3757 5502 expertes

2187 5528 2508 5591 manebant,
2560 5524 2770 5596 Reginae
2817 5527 3283 5592 nuucupabantur;
3361 5526 3501 5580 forte
3547 5537 3607 5581 ut
3646 5544 3758 5580 me-

2189 5620 2467 5676 minissent
2515 5618 2646 5671 solis
2692 5631 2751 5669 se
2799 5617 3015 5685 regibus
3061 5619 3173 5672 fore
3212 5619 3631 5689 desponsandas.
3664 5636 3759 5677 nec

2185 5714 2305 5765 aliis
2332 5707 2661 5780 copulandas
2691 5707 2849 5771 viris,
2881 5722 2948 5759 ne
2984 5716 3088 5760 tam
3122 5708 3326 5765 illustre
3358 5728 3551 5766 nomen
3581 5712 3761 5767 detur-

2186 5810 2393 5873 parent.
2428 5800 2517 5854 Sic
2547 5807 2602 5851 et
2652 5812 2835 5864 regum
2890 5797 2978 5849 lilii
3026 5815 3178 5873 reg“
3221 5803 3416 5868 pagi."
3466 5805 3761 5872 appenmos

2189 5868 2352 5954 inisse
2384 5892 2628 5965 legimus,
2660 5888 2800 5963 quod
2833 5898 3053 5962 paterno
3085 5868 3250 5962 rcg‘no
3290 5868 3645 5953 substitueudi
3677 5896 3758 5956 foo
