4086 6328
375 329 440 381 ιιι
1841 322 2231 376 l‘lle-‘ATIO.
2373 370 2381 379 ,
3577 337 3662 393 n.

373 453 518 501 rent.
554 440 669 496 Mos
700 440 842 493 enim
870 441 1000 491 tunc
1031 435 1304 492 e‘ratinter
1335 435 1576 489 Francmt
1604 441 1873 501 receptus,
1905 445 1958 485 ιιι
1990 439 2037 494 Α
2098 450 2404 502 usurpasse,
2431 435 2580 505 quasi
2613 438 2900 506 aliquando
2929 439 3166 496 Francos
3202 445 3452 511 vicisset;
3494 464 3650 503 excr—

373 550 502 604 rege
528 540 759 596 mortuo,
792 545 888 598 pro
918 527 1145 582 ﬁliorum
1181 541 1405 581 numero
1437 540 1656 595 regnum
1689 523 1962 577 dividere~

377 639 497 686 tur;
529 636 583 681 et
613 626 684 679 ita
719 625 769 677 in
813 638 911 676 suo
943 623 1165 690 QUlStlue
1205 636 1368 690 regno
1412 629 1525 673 erat
1555 633 1584 671 a
1616 619 1824 672 caeteris
1857 617 1963 670 ira-

381 723 552 776 tribus
583 718 882 780 absolutus,
901 715 1154 768 utnullus
1181 721 1327 768 esset
1357 713 1446 781 qui
1479 713 1530 766 in
1565 711 1784 766 fraterni
1814 711 1962 780 regni

381 814 640 887 regimine
671 813 959 882 quidquam
995 811 1275 879 potestatis
1306 809 1548 864 haberet.
1585 809 1640 863 ld
1675 825 1738 860 ex
1772 822 1836 862 eo
1867 824 1960 878 pa-

376 916 452 959 tet
502 903 644 975 quod
689 904 1027 958 Guntramno
1059 901 1296 969 .aceidit.
1328 900 1459 955 Nam
1511 917 1630 954 cum
1669 899 1807 952 tilios
1859 916 1962 952 non

373 997 620 1056 haberet,
648 995 750 1047 etsi
789 1001 1042 1062 nepotum
1087 1007 1325 1057 suorum,
1370 1001 1425 1046 ut
1469 991 1765 1060 loquimur,
1797 990 1852 1045 id
1884 1000 1966 1045 est

373 1089 612 1143 (ἥξοι-,νιν
643 1086 869 1139 (ratium
903 1100 1145 1148 suorum,
1171 1095 1323 1154 pater
1351 1085 1506 1154 vulgo
1530 1097 1961 1154 nuncuparetur;

371 1200 498 1238 etim
544 1193 721 1235 tamen
764 1179 1051 1250 episcopos
1081 1181 1131 1233 in
1161 1178 1458 1234 Cblotbarii
1491 1177 1696 1248 parvuli
1744 1192 1962 1242 regnum

376 1278 635 1341 miSisset,
665 1273 754 1342 qui
786 1289 904 1326 eum
933 1272 1051 1341 eius
1099 1273 1247 1341 regni
1283 1272 1606 1340 primoribus
1632 1271 1697 1323 de
1729 1269 1965 1322 Prmtex-

374 1370 472 1423 tati
503 1367 650 1421 czcde
682 1366 734 1418 in
767 1365 883 1418 loco
908 1374 1092 1416 sancto
1119 1362 1256 1418 facta
1286 1363 1655 1432 inquirerent:
1701 1361 1964 1414 Chiotarii

383 1459 639 1526 primates
667 1455 717 1509 id
744 1471 802 1509 se
828 1470 933 1508 non
963 1454 1322 1524 permissuros
1359 1469 1480 1507 esse
1507 1453 1788 1506 contestati
1819 1462 1963 1517 sunt,

373 1570 499 1606 cum
529 1551 595 1604 ad
640 1551 806 1617 ipsos,
842 1548 982 1616 regis
1010 1548 1092 1601 sui
1126 1559 1350 1610 tutores,
1394 1547 1649 1600 attineret
1677 1545 1966 1598 auctoritas

375 1643 541 1714 regali
579 1642 840 1696 sanctione
885 1641 1024 1694 male
1062 1649 1183 1694 acta
1211 1640 1628 1707 comprimendi.
1666 1639 1732 1692 El.
1761 1655 1818 1693 re
1851 1635 1964 1705 ipsa

380 1751 654 1805 nunquam
707 1733 966 1801 impedire
1022 1733 1212 1802 potuit,
1245 1733 1370 1800 quin
1407 1733 1708 1796 Melautius,
1740 1734 1791 1786 in
1819 1733 1965 1787 Plae-

2066 525 2230 576 citum
2287 527 2489 592 movit,
2547 536 2603 580 ut
2643 529 3135 599 Constantinopolis
3181 535 3328 588 urbis
3374 552 3649 606 expugna-

2071 618 2235 681 tione,
2270 618 2553 687 snbjugato
2585 620 2826 688 imperio,
2864 630 3008 676 tanta
3051 623 3390 686 imperatoris
3435 629 3645 684 vanitas

2066 709 2381 762 dilueretur.
2418 711 2482 764 lit
2527 712 2742 779 quidem
2789 729 2892 767 non
2939 717 3203 770 minorem
3249 733 3309 772 se
3355 732 3649 788 agnoverat

2066 800 2428 853 (LhIndoveum
2453 803 2766 858 Anastasius
2793 805 3102 874 imperator,
3126 810 3231 872 cui,
3250 818 3480 864 testante
3505 812 3642 866 Gre-

2065 892 2234 958 gorio,
2263 892 2538 947 codicillos
2583 894 2649 946 de
2677 897 2960 950 consulatu
3009 901 3306 955 transmisit
3336 902 3386 954 in
3421 903 3640 957 honoris

2064 993 2122 1036 et
2157 986 2409 1039 amicitiae
2435 999 2715 1042 tesseram.
2747 991 2862 1045 NOII
2893 994 3038 1047 enim
3066 996 3302 1064 aliquam
3330 999 3397 1054 ab
3421 1000 3648 1067 impera-

2068 1091 2184 1134 tore
2246 1093 2559 1148 potestatem
2607 1101 2672 1137 ex
2731 1090 2832 1139 hoc
2880 1091 3154 1156 accepisse
3219 1094 3525 1147 censendus
3564 1104 3652 1147 est

2067 1172 2427 1236 Chludoveus,
2480 1176 2571 1244 qui
2623 1177 2731 1245 jam
2787 1187 2913 1232 tunc
2962 1183 3218 1249 temporis
3268 1183 3646 1251 imperatorem

2070 1266 2241 1330 ipsum
2278 1269 2509 1333 potentia
2545 1270 2852 1335 superabat.
2883 1271 3088 1327 Exinde
3109 1284 3288 1329 tamen
3310 1275 3647 1329 Chlodoveus

2071 1373 2219 1411 more
2246 1358 2625 1423 imperatorum
2657 1361 2962 1418 diademate
2993 1365 3270 1418 redimitus
3297 1367 3347 1420 in
3379 1368 3643 1434 publicum

2068 1449 2353 1515 procos-it,
2394 1460 2449 1503 et
2496 1451 2717 1513 blattea,
2751 1453 2800 1505 id
2846 1463 2931 1508 est
2984 1472 3248 1524 purpurea
3296 1469 3464 1526 veste,
3498 1474 3648 1523 usus,

2072 1542 2285 1609 Augusti
2309 1542 2522 1597 nomine
2550 1545 2780 1599 donatus
2807 1545 2924 1600 fuit.

2151 1634 2232 1686 15.
2286 1633 2432 1686 lianc
2476 1646 2653 1689 autem
2703 1652 2989 1702 summam,
3019 1654 3123 1708 qua
3175 1619 3449 1707 pollebant
3496 1657 3649 1711 reges

2070 1725 2240 1778 nostri
2271 1729 2667 1794 auctoritatem,
2703 1745 2807 1784 non
2838 1732 3127 1798 supercilio
3167 1732 3220 1786 in
3273 1734 3520 1801 populos,
3555 1748 3648 1788 ve-

383 1827 580 1881 textati
612 1825 793 1878 sedem
822 1825 933 1892 ip~a
967 1833 1159 1892 agente
1195 1821 1542 1889 Fredegunde
1575 1823 1832 1884 intrusus,
1862 1821 1968 1875 Ro-
2000 1826 2046 1884 Β
2076 1816 2165 1870 Iuli
2199 1817 2486 1871 orientales
2521 1835 2673 1889 reges
2701 1820 2792 1890 qui
2820 1837 2850 1874 a
2877 1821 3231 1891 papularibus
3278 1823 3394 1879 suis
3437 1823 3650 1879 adorari

380 1918 715 1986 thomagensi
750 1915 990 1969 Ecclesia
1029 1916 1307 1982 potiretur.
1339 1914 1514 1982 Reges
1543 1929 1666 1967 vero
1691 1925 1846 1968 aetate
1871 1916 1968 1967 iiii-

383 2026 546 2066 nores
587 2011 679 2080 qui
713 2023 882 2077 regno
929 2006 1358 2060 administrando
1393 2006 1627 2059 nondum
1680 2006 1885 2061 habiles
1915 2017 1970 2061 et

381 2101 561 2157 idonei
599 2109 770 2163 erant,
802 2099 1090 2153 manebant
1132 2097 1231 2152 sub
1280 2097 1443 2152 tutela
1474 2107 1526 2152 et
1566 2099 1772 2162 matris,
1800 2099 1842 2151 si
1875 2114 1964 2152 su-

384 2204 646 2264 peresset,
680 2202 735 2247 et
780 2191 930 2261 regni
980 2191 1146 2258 ipsius
1195 2191 1534 2260 Optimatum,
1569 2191 1717 2245 utde
1747 2191 1966 2244 Childe-

387 2289 541 2340 berto
565 2285 839 2355 Sigiberti,
869 2292 922 2336 et
971 2282 1244 2335 Chlotario
1275 2283 1559 2350 Cliilperici
1594 2280 1713 2336 ﬁliis
1744 2298 1807 2335 ex
1839 2282 1968 2336 Gre-

379 2378 536 2448 gorio
566 2379 752 2446 liquet.
775 2374 1151 2428 Childebertus
1183 2373 1324 2427 idem
1365 2389 1534 2430 annos
1565 2374 1688 2426 vita:
1715 2382 1971 2440 quatuor-

387 2470 561 2524 decim
594 2483 864 2537 egressus,
899 2483 926 2518 a
957 2483 1146 2533 patruo
1177 2481 1274 2517 suo
1307 2465 1636 2518 Guntramno
1667 2483 1707 2518 re
1728 2482 1779 2529 χ,
1815 2466 1864 2516 id
1887 2473 1970 2518 est

387 2562 599 2633 populis
623 2575 717 2630 per
747 2575 804 2614 se
831 2559 1006 2626 ipsum
1034 2559 1286 2625 regendis
1321 2569 1530 2625 potens,
1562 2572 1676 2618 seu,
1711 2568 1768 2610 ut
1792 2558 1966 2624 loqui-

385 2670 523 2714 mur,
542 2655 707 2721 major
727 2649 1032 2704 declaratus
1060 2657 1144 2701 est
1168 2647 1255 2700 lib.
1285 2664 1353 2701 vn
1386 2649 1652 2715 llistoiiar,
1679 2647 1968 2717 capile55;

384 2762 450 2800 ex
483 2762 590 2814 quo
619 2743 780 2797 cti.un
821 2742 998 2808 capite
1042 2740 1350 2794 instituendi
1391 2741 1531 2805 regis
1563 2741 1776 2793 modum
1806 2740 1970 2794 disci-

387 2853 530 2891 mus.
563 2837 692 2890 Nam
725 2835 793 2888 ibi
820 2832 1187 2888 Guntramnus
1215 2831 1337 2884 data
1367 2833 1420 2884 in
1460 2831 1772 2884 Childeberti
1819 2849 1973 2884 niani:

388 2932 558 2994 hasta,
585 2930 749 2983 dixit:
782 2927 894 2980 (Ioc
921 2939 996 2981 est
1020 2927 1286 2986 indicium,
1313 2924 1450 2992 quod
1469 2925 1563 2977 tibi
1588 2942 1735 2977 omne
1763 2942 1974 2995 regnum

386 3035 553 3073 nicum
584 3020 798 3072 tradidi.
829 3019 990 3072 Certe
1017 3034 1079 3071 ex
1119 3017 1388 3070 veteribus
1421 3016 1654 3068 nummis
1693 3017 1970 3084 discimus,

392 3116 597 3167 hastam
618 3113 754 3181 apud
790 3112 1024 3166 Francos
1056 3112 1213 3180 regiae
1247 3113 1528 3180 poti-statis
1556 3111 1764 3178 insigne
1787 3111 1972 3167 fuisse.

2076 1920 2498 1968 consueverunt.
2534 1929 2636 1966 non
2668 1916 2828 1968 etiam
2861 1916 2974 1968 auri
2996 1925 3052 1970 et
3072 1915 3380 1970 divitiarum
3403 1919 3653 1987 amplitu-

2071 2004 2194 2058 dine
2225 2005 2322 2057 sibi
2353 2006 2726 2070 eoueiliaruu,
2757 2009 2850 2063 sed
2884 2025 3067 2065 amore
3093 2011 3144 2064 in
3177 2012 3426 2081 populos,
3457 2022 3512 2067 et
3539 2029 3655 2068 ruu-

2074 2107 2162 2149 tuo
2205 2099 2535 2165 popularium
2565 2101 2616 2153 in
2666 2117 2842 2166 regem
2869 2118 3074 2168 amore,
3103 2107 3191 2172 qui
3236 2106 3286 2159 in
3320 2104 3651 2160 Francorum

2071 2192 2326 2245 cordibus
2366 2207 2398 2245 a
2429 2205 2615 2246 natura
2657 2192 2850 2248 insitus
2893 2196 3123 2250 videtur.
3161 2197 3296 2252 llinc
3341 2196 3541 2252 factum
3571 2207 3655 2252 est

2073 2291 2131 2336 ut
2157 2291 2367 2337 ceterae
2401 2285 2664 2349 nationes,
2695 2302 2814 2355 qua:
2854 2288 3108 2343 inclinato
3152 2290 3378 2359 imperio
3409 2291 3570 2343 variis
3599 2293 3652 2344 in

2075 2376 2363 2444 pres-inciis
2412 2377 2569 2431 sedes
2617 2389 2963 2445 acceperant,
3003 2380 3140 2434 haud
3176 2381 3266 2435 diu
3309 2396 3401 2436 eas
3437 2397 3654 2436 servare

2075 2469 2362 2537 potuerint,
2383 2469 2525 2538 quod
2557 2486 2653 2523 sua
2685 2482 2946 2535 potestate
2975 2473 3428 2527 abuterentur.At
3459 2473 3648 2527 Franci

2070 2575 2206 2629 quas
2234 2563 2537 2629 provincias
2567 2565 2762 2616 virtute
2785 2577 2880 2616 sua
2907 2563 3300 2632 acquisierunt,
3333 2579 3438 2619 non
3477 2564 3653 2618 solum

2072 2668 2362 2708 servavere
2387 2654 2698 2718 incolumes,
2729 2658 2822 2710 sed
2847 2657 3120 2711 etvicinas
3137 2657 3655 2726 autsibisubjecere,

2073 2753 2167 2798 aut
2214 2745 2325 2798 suis
2371 2748 2608 2802 contenti
2661 2747 2852 2802 finibus
2878 2748 3112 2804 ell'ecere
3161 2750 3488 2804 tributarias.
3523 2751 3654 2816 Quis

2074 2837 2278 2892 nesciat
2301 2837 2613 2905 Wandalos,
2636 2840 2819 2894 Alanis
2846 2840 3149 2904 exstinctis,
3180 2841 3417 2896 Africani
3435 2843 3519 2896 vix
3551 2859 3658 2896 uno

2075 2932 2274 2985 saeculo
2313 2931 2635 2996 obtinuisse,
2667 2948 2730 2986 ac
2758 2934 2914 3001 paulo
2943 2943 3067 3003 post
3090 2932 3298 2989 Suevos
3319 2934 3372 2988 in
3409 2932 3656 2988 Callaecia

2070 3021 2257 3091 jugum
2299 3021 2739 3088 WiSIgotthorum
2787 3023 2968 3076 subire
3006 3022 3172 3077 fuisse
3219 3026 3471 3077 coactos?
3503 3024 3653 3078 llaud

2079 3112 2279 3167 diutius
2310 3111 2599 3164 substitere
2639 3111 3040 3180 Burgundiones
3069 3113 3120 3166 in
3164 3111 3354 3176 Gallia,
3379 3113 3659 3182 Ostrogot-

388 3206 737 3258 tlhlodovecs
763 3215 938 3256 tamen
970 3215 1085 3273 post
1107 3204 1355 3272 Sigibcrti
1388 3203 1725 3256 Coloniensis
1756 3203 1895 3271 regis
1919 3211 1975 3257 et
2000 3208 2049 3271 ο
2083 3205 2156 3260 tbi
2197 3204 2249 3258 in
2298 3205 2466 3268 ltalia,
2495 3203 2805 3273 Wisigotthi
2848 3203 2902 3258 in
2946 3203 3296 3273 Septimania.
3345 3210 3414 3260 At
3462 3203 3655 3260 Franci

387 3284 639 3368 ejus-lilii
685 3313 867 3350 necem
904 3297 954 3348 in
1003 3295 1182 3364 clypeo
1221 3303 1442 3358 evectus,
1479 3309 1569 3348 rex
1619 3309 1804 3348 eorum
1855 3294 1974 3349 loco

389 3389 709 3443 constitutus
756 3388 873 3441 iuit.
905 3385 1205 3456 Sigibertus
1250 3399 1429 3441 autem
1477 3401 1506 3440 a
1557 3387 1886 3441 Neustrasiis
1922 3387 1974 3440 in

393 3496 572 3551 regem
604 3490 853 3548 aereptus
882 3495 1035 3543 super
1057 3478 1233 3548 clypeo
1262 3478 1532 3546 impositus
1551 3489 1648 3532 est.
1684 3479 1790 3533 Nec
1821 3479 1976 3532 aliter

393 3569 1174 3625 GUlldUllildlllll'Biililllllerl'lll
1200 3586 1226 3620 a
1260 3571 1370 3622 suis
1412 3571 1461 3622 in
1499 3585 1679 3639 regem
1730 3581 1976 3624 evectum

396 3667 560 3718 fuisse
593 3664 836 3729 legimus.
871 3661 1192 3728 Supremqu
1231 3673 1406 3716 autem
1454 3677 1636 3730 regum
1670 3671 1975 3715 nostrorum

397 3755 692 3806 dominium
727 3751 822 3804 soli
859 3750 967 3804 Deo
997 3749 1294 3817 subjectum
1329 3763 1590 3804 memorat
1620 3752 1817 3818 passim
1846 3752 1978 3807 Gre-

399 3844 596 3909 gorius,
623 3859 745 3896 cum
775 3857 888 3903 eos,
920 3838 1016 3893 nisi
1044 3841 1303 3908 juStitiam
1336 3842 1694 3904 excreueriut,
1715 3841 1975 3909 judicium

397 3937 489 3992 Dei
518 3937 615 3990 sibi
649 3935 925 3988 immittere
961 3934 1248 3996 admonet;
1278 3932 1428 4000 cujus
1473 3933 1546 3985 rei
1578 3933 1850 4002 egregium
1878 3934 1978 3986 lia-

398 4030 582 4082 benius
605 4025 910 4093 exemplum
945 4025 995 4077 in
1029 4024 1168 4077 libro
1199 4039 1227 4075 v
1262 4023 1529 4089 Historiae,
1554 4024 1729 4092 capite
1761 4026 1848 4088 l9,
1887 4024 1975 4076 ubi

394 4118 692 4188 Gregorius
720 4115 1080 4183 Cliilpi-ricum
1114 4115 1408 4184 alloquens,
1443 4116 1551 4185 regi
1598 4117 1814 4184 quidem
1862 4117 1976 4184 epi-

392 4228 590 4280 scopos
620 4226 810 4264 omnes
853 4225 975 4264 esse
1016 4209 1287 4278 subjectos
1329 4218 1583 4273 testatur;
1620 4225 1796 4278 regem
1851 4225 1978 4263 vero

395 4306 568 4371 ipsum
622 4305 830 4358 nonnisi
888 4303 1018 4364 Deo,
1051 4303 1137 4371 qui
1189 4301 1476 4353 criminum
1534 4317 1980 4370 quorumcunqne

395 4397 675 4450 hominum
710 4398 849 4448 ultor
875 4402 976 4446 est.
1002 4392 1061 4447 Si
1090 4394 1227 4462 quis,
1258 4392 1453 4461 inquit,
1490 4409 1551 4444 ex
1580 4392 1725 4445 nobis
1770 4395 1977 4446 aberra-

393 4495 539 4555 rerit,
571 4506 601 4540 α
625 4501 671 4541 ιε
701 4499 860 4559 potest
896 4488 1190 4550 emendari;
1214 4488 1256 4538 si
1295 4502 1410 4539 vero
1442 4496 1493 4538 tu
1537 4488 1830 4550 excesseris,
1865 4487 1976 4554 quis

2083 3297 2348 3367 hodieque
2371 3300 2423 3352 in
2445 3296 2638 3352 Galliis
2671 3305 3040 3365 perseverant,
3069 3296 3155 3364 qui
3195 3300 3246 3350 in
3274 3297 3406 3365 ipsis
3435 3297 3658 3355 stabiliti

2080 3392 2230 3458 regni
2262 3390 2588 3459 primordiis,
2621 3389 2968 3451 Alamannos.
3000 3388 3294 3456 Bajoarios,
3327 3389 3655 3459 'l'huringos.

2082 3486 2344 3545 Saxones,
2387 3480 2653 3542 Winidos,
2708 3481 2952 3546 Sclavos,
2996 3481 3235 3550 aliasque
3264 3481 3538 3546 nationes,
3568 3491 3661 3535 aut

2080 3575 2352 3642 sobjertas
2405 3574 2528 3637 sibi,
2573 3584 2666 3628 aut
2717 3575 3026 3628 tributarias
3075 3573 3273 3629 fecere.
3305 3572 3660 3642 Wisigottbos

2081 3667 2400 3733 expulerunt
2447 3682 2510 3717 ex
2559 3665 2913 3732 Septimania,
2949 3663 3386 3733 BurgundiOnum
3433 3678 3656 3731 regnum

2084 3758 2239 3826 plane
2268 3758 2663 3818 cxstinxerunt,
2693 3758 3070 3824 Ostrogotthos
3101 3755 3152 3809 in
3171 3755 3660 3818 ltaliaterruerunt,

2083 3851 2465 3915 [angebat-ds,
2501 3849 2590 3919 qui
2619 3848 2832 3904 Gotthis
2861 3849 2914 3902 in
2957 3847 3102 3901 Italia
3139 3856 3533 3912 successerant,
3566 3848 3663 3901 tri-

2081 3945 2204 3998 buta
2235 3944 2645 4011 imposuerunt:
2680 3941 2820 4008 iique
2867 3941 2934 3991 ita
2982 3949 3135 3993 erant
3191 3939 3324 4006 ipsis
3353 3936 3570 4001 addicti,
3602 3947 3660 3992 ut

2080 4051 2256 4101 neque
2282 4049 2460 4101 regem
2491 4033 2591 4086 sibi
2618 4031 2946 4084 constituere
2973 4029 3236 4082 auderent
3259 4028 3462 4098 absque
3487 4028 3657 4082 Frau-

2078 4141 2264 4178 corum
2294 4125 2465 4178 venia.
2500 4122 2615 4176 Uno
2652 4123 2816 4176 verbo
2849 4119 2980 4174 nihil
3009 4135 3113 4174 non
3147 4118 3366 4175 Francis
3399 4120 3657 4187 parebat:

2079 4235 2307 4288 quorum
2330 4217 2619 4272 amicitiam
2639 4227 2693 4270 et
2717 4216 2816 4283 ipsi
2837 4216 3190 4283 imperatores
3217 4213 3349 4267 tanti
3366 4214 3652 4284 iaciebant,

2080 4325 2136 4366 ut
2177 4329 2294 4366 eam
2329 4313 2533 4366 crebris
2581 4308 2955 4380 legationibus,
2999 4306 3372 4378 largitionibus
3413 4306 3662 4374 pecunia-

2081 4422 2222 4470 rum,
2249 4415 2301 4460 et
2327 4404 2722 4473 provinciarum
2754 4402 3084 4457 cessionibns
3109 4409 3415 4468 captarent;
3449 4414 3665 4468 parum-

2081 4515 2186 4568 que
2214 4497 2381 4552 abl‘uit
2411 4501 2536 4565 quin
2562 4497 2754 4550 tributa
2785 4494 2915 4562 ipsis
2947 4491 3262 4561 penderent,
3289 4492 3338 4546 id
3361 4492 3481 4544 sine
3495 4490 3660 4544 dubio

395 4594 444 4633 te
488 4582 765 4650 corripiet?
801 4579 1081 4646 Loquimur
1123 4580 1234 4645 tibi,
1258 4579 1347 4631 sed
1378 4579 1420 4631 si
1447 4580 1688 4643 volueris,
1720 4579 1901 4644 audis;
1933 4581 1971 4632 si

2085 4591 2294 4655 facturi,
2331 4590 2384 4644 ni
2418 4588 2587 4658 pudor
2613 4588 2933 4643 obstitisset.
2963 4585 3095 4639 Cum
3123 4585 3264 4638 enim
3293 4599 3353 4638 ea
3391 4583 3460 4636 ah
3488 4583 3658 4650 impe-

395 4690 513 4726 υιτνο
564 4675 810 4739 nolueris,
844 4674 954 4741 quis
993 4683 1040 4725 te
1076 4671 1453 4737 condemnabit,
1491 4673 1588 4725 nisi
1617 4673 1703 4740 qui
1733 4689 1787 4726 se
1818 4675 1977 4744 justi-

372 4739 521 4872 ltiam
550 4785 656 4822 esse
686 4767 1126 4837 pronuntiaveril?
1150 4766 1358 4819 Nullum
1388 4765 1549 4819 etiam
1584 4781 1742 4833 supra
1775 4781 1834 4819 se
1879 4765 1977 4818 ho-

396 4864 593 4916 tninem
624 4861 949 4928 agnoscebat
975 4859 1277 4912 Chlotarius
1295 4857 1580 4925 Chilperici
1613 4859 1776 4926 ipsius
1802 4868 1973 4925 pater,

382 4923 483 5024 iqui
519 4966 636 5021 post
662 4953 884 5007 fratrum
915 4967 1136 5005 suorum
1181 4965 1475 5018 eorumque
1508 4950 1736 5003 iiliorum
1784 4948 1970 5004 funera

385 5011 683 5120 intonat-cina
729 5044 919 5106 factus,
949 5058 1070 5096 cum
1105 5044 1378 5111 proximus
1405 5051 1552 5095 esset
1593 5042 1773 5105 morti,
1816 5056 1879 5094 ac
1923 5041 1973 5093 vi

385 5131 561 5200 Etebris
590 5154 912 5208 magnopere
959 5147 1246 5190 vexaretur
1272 5155 1285 5190 :
1321 5135 1454 5198 Ura,
1487 5137 1781 5202 inquiebat,
1811 5137 1975 5203 qualis

382 5221 425 5292 fe
459 5243 474 5283 t
507 5231 593 5283 ille
615 5248 704 5283 rex
746 5230 959 5283 (mlestis
998 5228 1084 5296 qui
1114 5238 1215 5280 tam
1243 5244 1456 5294 magnos
1506 5243 1646 5295 reges
1697 5227 1978 5294 inter/icit!

385 5298 534 5392 illinc
581 5339 850 5392 mmquam
913 5323 1082 5375 tulere
1131 5319 1452 5372 Francorum
1487 5334 1662 5387 reges,
1702 5329 1757 5372 ut
1785 5335 1852 5373 ne
1880 5320 1980 5373 mi-

402 5419 538 5469 nima
571 5416 784 5483 quidem
826 5410 1169 5480 subjet-tionis
1212 5413 1395 5463 umbra
1443 5425 1626 5463 eorum
1695 5409 1976 5477 imperium

398 5516 795 5564 obscuraretur.
830 5505 1178 5561 Memorabile
1208 5513 1290 5558 est
1323 5503 1456 5555 hanc
1501 5502 1554 5556 in
1588 5519 1700 5556 rem
1731 5503 1979 5557 Theode-

403 5605 535 5659 berti
560 5601 962 5657 Austrasiorum
997 5599 1136 5666 regis
1159 5599 1391 5664 facinus,
1415 5599 1504 5662 qui
1544 5598 1813 5653 referente
1836 5602 1977 5666 Aga-

400 5698 507 5750 thia
543 5704 763 5749 auctore
791 5693 1000 5753 Graeco.
1036 5707 1158 5747 cmn
1189 5690 1447 5744 audiisset
1491 5688 1850 5744 Justiniauum
1882 5690 1978 5744 itu-

402 5796 708 5856 peratorem
740 5783 881 5839 inter
911 5783 1044 5838 alios
1078 5782 1274 5849 titulos,
1310 5779 1550 5838 Francici
1581 5782 1742 5840 etiam
1784 5797 1976 5839 nomen

2086 4691 2266 4738 ratore
2317 4679 2640 4736 Theoderici
2691 4693 2832 4747 reg‘s
2881 4676 3038 4747 legati
3078 4677 3295 4742 exigere
3341 4675 3663 4734 voluissent,

2084 4775 2398 4840 imperator,
2437 4771 2610 4838 inquit
2643 4766 3078 4835 Theophylactus
3120 4764 3410 4819 Simocatta
3445 4764 3583 4817 libro
3613 4778 3666 4814 ιιι

2085 4849 2466 4925 Historiarum,
2493 4863 2698 4929 legatos
2730 4859 3034 4913 humaniter
3066 4867 3398 4921 muneratus,
3428 4854 3668 4909 Francos

2081 4959 2398 5012 adhortatus
2431 4965 2538 5021 est,
2581 4964 2635 5007 ut
2663 4953 2793 5006 citra
2825 4952 3054 5019 pretium
3094 4951 3408 5005 societatem
3441 4946 3661 5012 inirent,

2081 5066 2202 5104 cum
2235 5053 2373 5102 ferre
2397 5063 2502 5100 non
2545 5055 2726 5115 posset
2753 5044 3010 5099 barbaros
3037 5059 3067 5097 a
3111 5041 3370 5097 Romanis
3400 5041 3659 5094 tributum

2079 5144 2315 5210 exigere.

2155 5233 2242 5289 16.
2286 5231 2453 5286 Tanta
2485 5230 2681 5300 quippe
2700 5229 2812 5300 jam
2845 5239 2970 5284 tunc
2999 5238 3109 5280 erat
3142 5226 3469 5280 Francorum
3500 5223 3664 5286 fama,

2084 5335 2334 5393 tantaque
2362 5323 2462 5377 sub
2489 5323 2591 5377 illis
2624 5321 2954 5390 principibus
2981 5317 3299 5386 populorum
3334 5315 3581 5381 feliritas,
3609 5325 3668 5367 ut

2087 5427 2142 5472 et
2171 5419 2360 5473 vicina:
2388 5427 2597 5485 gentes,
2621 5430 2740 5482 qua!
2767 5429 2831 5465 ex
2866 5411 3090 5466 Romani
3120 5410 3329 5478 imperii
3363 5409 3603 5477 reliquiis
3631 5423 3660 5460 a

2092 5510 2330 5563 barbaris
2352 5507 2558 5561 fuerant
2588 5505 2904 5573 subjugatte,
2941 5510 3076 5556 teste
3106 5500 3402 5572 Gregorio,
3434 5498 3666 5553 Francos

2089 5605 2286 5660 habere
2315 5617 2469 5670 reges
2493 5601 2880 5658 desiderarent,
2909 5597 3011 5651 sub
3039 5597 3251 5666 quibus,
3281 5604 3336 5650 et
3366 5595 3553 5664 religio
3579 5609 3673 5646 ca-

2088 5697 2312 5757 tholica,
2357 5708 2515 5761 quam
2552 5704 2722 5757 nuper
2762 5687 2996 5757 amplexi
3046 5689 3258 5742 fuerant
3284 5727 3299 5752 ,
3341 5686 3588 5748 ﬂoreret,
3619 5693 3674 5736 et

2088 5787 2336 5844 libertate
2351 5798 2447 5841 sua
2471 5783 2682 5852 populis
2703 5782 2777 5837 uti
2801 5781 3008 5838 liceret.
3025 5779 3081 5837 ω
3103 5791 3280 5836 autem
3306 5780 3530 5848 contigit
3551 5784 3674 5843 post
