4086 6328
422 314 515 376 "'13
1899 308 2283 370 PRI‘EFATIO.
3640 311 3714 372 ει

443 436 732 496 Chlodbvei
752 437 1179 502 conversionem,
1210 452 1329 492 cum
1359 450 1465 490 non
1496 434 1666 491 solum
1697 434 2018 506 Remigium,
2051 439 2101 496 Α
2127 432 2266 485 ditas
2287 472 2301 497 ,
2332 438 2419 483 aut
2452 432 2553 485 alia
2586 432 2792 511 qumvis
2822 431 2959 488 ratio
3002 428 3332 502 principibus
3377 436 3712 489 contrarium

442 529 527 584 sui
582 539 637 583 et
682 531 843 583 totius
887 528 1059 598 gentis
1106 530 1433 597 apostolum,
1487 528 1581 583 sed
1628 528 1765 582 alios
1808 543 2021 597 quoque

443 618 746 689 episcopos,
778 633 843 674 ex
872 620 1065 690 quibus
1095 619 1246 674 multi
1277 618 1327 673 iu
1352 618 1540 673 Galliis
1574 630 1697 672 tunc
1723 629 1876 672 erant
1899 632 2025 672 san-

443 714 625 768 ctitate
647 714 892 768 celebres
913 753 929 778 ,
960 712 1295 767 consiliarios
1336 711 1598 765 adhibuit.
1636 710 1825 765 Exstat
1862 726 1927 765 ea
1954 703 2023 763 de

441 820 499 860 re
530 804 669 859 beati
695 805 921 874 Rernigii
943 804 1184 870 cpistola,
1217 818 1332 872 qua:
1358 802 1612 871 principis
1630 798 1743 854 olli:
1765 801 1810 853 ia
1842 800 2023 868 paucis

441 899 658 962 verbis,
706 897 799 949 sed
856 895 1244 951 efficacissimis
1298 896 1693 963 complectitur.
1753 892 2019 947 Cmteru’m

452 999 598 1049 tanta
630 1004 692 1042 ex
736 990 1042 1057 timet-(epit
1069 994 1189 1041 esse
1218 988 1590 1056 episcoporum
1623 986 1935 1050 auctoritas,
1968 994 2025 1039 ut

441 1080 571 1134 nihil
617 1082 726 1133 fere
773 1080 972 1144 absque
1015 1094 1199 1133 eorum
1247 1079 1474 1133 consilio
1524 1081 1694 1133 fieret.
1726 1078 1900 1132 Testis
1942 1062 2024 1133 est

438 1172 731 1238 Gregorius
788 1169 1090 1238 complures
1147 1185 1331 1223 eorum
1389 1169 1746 1239 legationibus
1813 1172 2023 1223 functos

438 1261 605 1316 fuisse
631 1263 696 1314 ad
726 1271 940 1316 exteros
967 1261 1254 1329 principes.
1284 1262 1337 1317 Si
1371 1276 1500 1315 vero
1527 1262 1667 1315 inter
1691 1266 1877 1315 fratres
1906 1271 2023 1328 post

410 1392 411 1395 η
439 1353 589 1422 regni
630 1353 947 1407 divisione."
979 1354 1157 1421 aliqua
1192 1354 1536 1407 exorirentur
1578 1354 1797 1407 dissidia
1821 1394 1835 1414 ,
1869 1369 2021 1407 com-

440 1444 780 1512 ponebautur
811 1459 908 1513 per
942 1445 1224 1513 episcopos
1255 1462 1268 1498 :
1296 1447 1428 1499 citra
1471 1461 1698 1514 quorum
1746 1445 2027 1498 interven-

440 1546 553 1590 tum
586 1536 673 1589 vix
703 1535 1005 1605 quisquam,
1029 1536 1118 1602 qui
1146 1551 1173 1587 a
1206 1537 1347 1607 regis
1369 1538 1539 1606 gratia
1570 1535 1877 1598 excidisset,
1905 1552 2022 1589 eam

441 1630 815 1697 recuperabat.
851 1630 1047 1686 Harum
1080 1630 1401 1692 similiumve
1431 1645 1606 1683 rerqu
1631 1630 1876 1696 exempla
1899 1644 2024 1682 cou-

441 1734 634 1790 gerere
665 1736 773 1775 non
802 1721 1011 1776 videtur
1045 1737 1225 1789 opera:
1253 1723 1485 1789 pretium
1512 1761 1528 1784 ,
1562 1737 1681 1774 cum
1714 1720 1911 1787 passim
1947 1721 2024 1773 lc-

2126 530 2416 597 suasisset,
2446 527 2823 597 episcoporum
2855 528 3238 583 tudnitionibus
3262 537 3317 583 et
3345 528 3698 584 intercessio-

2126 623 2283 695 nibus
2312 623 2593 677 cedebant.
2612 622 2741 676 Rem
2767 621 2925 691 paulo
2955 622 3071 690 plus
3090 636 3248 687 quam
3274 622 3455 675 caeteri
3490 637 3704 691 pronio-

2125 726 2276 769 verat
2304 715 2607 769 (lltlotarius
2638 711 2797 781 hujus
2827 712 3057 767 nominis
3089 714 3311 781 primus,
3342 714 3466 781 qui,
3502 721 3560 766 ut
3588 727 3709 767 om-

2128 824 2222 863 nes
2252 809 2503 864 Ecelesia:
2533 807 2793 860 redituutn
2837 820 3057 859 suorum
3099 814 3306 873 partem
3340 807 3470 857 fisco
3499 804 3710 873 persol-

2127 908 2338 966 verent,
2370 901 2588 954 decreto
2630 899 2953 952 sanciverat.
3004 896 3071 951 At
3115 895 3529 950 conniventibus
3574 896 3715 972 regis

2128 994 2389 1049 voluntati
2416 1036 2431 1056 ,
2466 1004 2612 1046 metu
2644 1002 2736 1045 aut
2766 991 3072 1044 aduluione
3094 1031 3108 1054 ,
3142 988 3357 1043 caateris
3404 989 3677 1056 episcopis
3704 1029 3720 1052 ,

2130 1087 2446 1156 lnjurioSus,
2481 1086 2776 1158 Turonum
2804 1085 3063 1148 antistes,
3096 1098 3208 1137 rem
3256 1083 3390 1135 adeo
3439 1082 3712 1135 insolitam

2127 1195 2231 1233 non
2264 1178 2459 1240 ferens,
2492 1178 2780 1231 insalutato
2802 1192 2926 1244 rege
2954 1174 3214 1229 abscessit
3234 1191 3244 1225 ε
3262 1188 3369 1241 quo
3397 1174 3536 1228 facto
3564 1188 3715 1227 com-

2127 1280 2302 1324 motus
2327 1286 2439 1331 rex,
2473 1270 2769 1338 ductusque
2802 1267 3139 1337 pmnitentia,
3174 1275 3231 1319 ut
3260 1268 3543 1334 cpiscopus
3565 1266 3714 1319 redi-

2128 1372 2209 1417 ret
2240 1367 2472 1433 rogavit;
2502 1378 2748 1431 eumque,
2786 1361 2955 1415 fracto
2987 1360 3216 1430 propriis
3241 1360 3486 1414 manibus
3510 1360 3715 1421 edicm,

2128 1455 2397 1509 laudatum
2432 1454 2743 1508 muneribus
2775 1454 3080 1518 honoravit,
3105 1451 3245 1521 quod
3277 1453 3323 1504 ei
3351 1461 3459 1504 tam
3489 1450 3709 1505 salubre

2128 1546 2405 1603 consilium
2428 1545 2763 1614 inSpirasset.
2791 1546 2959 1611 Quam
2985 1559 3112 1597 vero
3137 1545 3185 1596 in
3213 1542 3295 1596 his
3324 1540 3601 1597 servandis
3631 1556 3715 1595 re-

2128 1638 2299 1707 ligiosi
2331 1636 2525 1692 fuerint
2548 1652 2700 1705 reges
2726 1637 2915 1699 nostri,
2948 1631 3441 1703 scribitGregorius
3463 1632 3605 1685 libro
3632 1646 3709 1691 Ix.

2130 1731 2304 1797 capite
2332 1728 2429 1794 50;
2470 1727 2561 1781 sed
2601 1727 2855 1781 memoria
2898 1736 3097 1779 a‘terna
3131 1726 3348 1792 dignum
3390 1735 3474 1778 est
3520 1724 3713 1778 Chari-

439 1812 684 1867 ctoribus
731 1812 782 1865 in
827 1811 1069 1878 Gregorii
1104 1812 1334 1867 llistoria
1366 1820 1668 1865 occurrant.
1705 1809 1864 1863 Certe
1902 1825 2021 1864 cum
2060 1821 2103 1878 Β
2133 1822 2267 1876 beru
2300 1821 2443 1891 regis
2471 1820 2667 1873 factum
2696 1862 2709 1882 ,
2744 1818 2834 1889 ηιιί
2872 1835 2993 1873 cum
3043 1818 3112 1871 ab
3160 1816 3413 1871 Εηῃ-οηίο
3457 1819 3715 1884 episcopo

443 1904 500 1959 in
523 1903 865 1975 expeditione
894 1905 1181 1973 llispauica
1204 1903 1517 1959 Guntratnui
1537 1902 1804 1956 exercitus
1830 1901 2029 1969 rapinis

446 1997 661 2053 inhians
690 2014 804 2053 rem
835 2000 973 2052 male
997 1999 1273 2068 gessisset,
1307 1998 1616 2051 convocatis
1661 2012 1758 2050 rex
1803 2010 2033 2064 quatuor

445 2090 715 2159 episcopis
742 2107 863 2144 cum
888 2092 1006 2145 aliis
1036 2106 1067 2145 e
1099 2091 1245 2161 regni
1279 2090 1613 2159 primatibus,
1643 2088 1910 2143 exercitus
1936 2088 2029 2142 dus

443 2198 569 2237 cum
597 2198 810 2237 causam
842 2193 1098 2239 excutere
1124 2185 1307 2252 coepit.
1342 2184 1611 2237 referente
1640 2180 1906 2250 Gregorio
1930 2179 2026 2233 lib.

441 2282 540 2331 Vm
566 2277 830 2341 Historia},
861 2279 1036 2346 rapite
1063 2279 1151 2332 50.
1178 2277 1267 2332 Sic
1296 2286 1350 2331 et
1383 2288 1499 2346 post
1534 2274 1835 2329 Praetextati
1889 2288 2034 2326 mor—

450 2377 580 2433 tem,
613 2369 752 2422 idem
783 2372 1030 2439 prince-ps
1052 2369 1469 2438 tres-episcopos
1491 2367 1556 2422 ad
1586 2366 1846 2421 (Zhlotarii
1881 2366 2029 2435 regni

449 2462 737 2531 optimates
765 2464 1054 2531 delegavit,
1088 2465 1179 2533 qui
1209 2479 1269 2518 ea
1305 2462 1372 2517 de
1404 2477 1462 2517 re
1493 2460 1843 2529 inquirerent.
1872 2456 2034 2511 Deni-

449 2568 556 2621 que
602 2568 722 2607 cum
770 2555 909 2608 idem
953 2552 1320 2608 Guntramnus
1350 2553 1417 2607 de
1449 2552 1698 2619 legitimis
1727 2546 1989 2604 Cltlotarii
2014 2589 2029 2611 ,

448 2644 738 2713 Cbilperici
772 2661 835 2700 ex
879 2645 1230 2716 Fredegunde
1280 2645 1412 2709 filii,
1463 2642 1729 2696 natalibus
1781 2639 2033 2694 dubitare

450 2738 749 2804 videretur,
785 2738 965 2806 regina
995 2739 1272 2793 accersitis
1303 2736 1549 2805 inprimis
1583 2735 1724 2803 regni
1745 2731 2030 2802 prioribus,

449 2829 506 2882 id
530 2837 605 2882 est
627 2831 907 2896 episwpts,
932 2838 1063 2893 etc.,
1095 2828 1189 2881 lilii
1218 2829 1297 2881 sui
1326 2826 1657 2880 nativitatem
1708 2823 1873 2876 fuisse
1903 2822 2035 2891 legi-

452 2923 641 2977 timam
665 2932 998 2978 sacramento
1019 2922 1356 2991 approbavit.
1382 2921 1598 2976 Minime
1630 2920 1805 2988 itaque
1837 2917 2031 2971 mirum

433 3017 703 3087 vwiqtzam
732 3014 897 3070 videri
924 3015 1103 3079 debet,
1128 3015 1171 3069 si
1203 3015 1437 3082 episcopi
1462 3013 1573 3068 suis
1601 3014 1651 3065 in
1685 3012 1904 3067 urbibus
1927 3010 2036 3080 pri—

451 3118 698 3163 vatorum
748 3122 940 3162 causas
993 3123 1113 3162 cum
1159 3106 1425 3177 adjunctis
1475 3104 1761 3160 comitibus
1808 3104 2034 3171 aliisque

2131 1911 2363 1965 monitus
2391 1912 2575 1965 fuisset
2604 1908 2796 1964 tributa
2829 1925 2856 1961 a
2885 1910 2996 1962 suis
3019 1908 3276 1961 ministris
3299 1907 3438 1975 apud
3468 1906 3715 1961 Turones

2132 2001 2300 2057 fuisse
2331 2011 2540 2063 exacta,
2568 2000 2843 2070 ingemuit,
2874 2008 2983 2052 tum
3009 1998 3159 2052 libris
3179 2012 3434 2052 censuum
3468 1998 3716 2063 incendio

2134 2095 2357 2156 traditis,
2391 2108 2580 2146 aureos
2611 2108 2821 2162 quoque
2845 2090 2956 2162 jam
2992 2100 3238 2159 receptos
3268 2091 3516 2146 Turonos
3545 2090 3713 2145 remi-

2132 2182 2502 2247 sitzveritus,
2536 2198 2603 2237 ne
2642 2184 2782 2252 quod
2828 2182 3088 2238 officiales
3132 2198 3230 2238 suo
3286 2184 3501 2237 nomine
3547 2182 3712 2238 etiam

2134 2275 2251 2345 ipso
2282 2276 2449 2329 inscio
2494 2283 2820 2343 exegerant,
2851 2277 2902 2329 in
2936 2291 3089 2329 suum
3119 2286 3281 2345 caput
3323 2275 3417 2330 Dei
3456 2285 3511 2329 et
3538 2278 3713 2330 sancti

2135 2368 2345 2422 Martini
2375 2366 2792 2435 indignationem
2824 2368 3146 2421 ccucitaret.
3600 2424 3613 2433 ι

2211 2460 2297 2512 l8.
2339 2458 2604 2525 Quantum
2638 2474 2766 2512 vero
2807 2460 3090 2513 catholica:
3117 2458 3392 2528 religionis
3419 2457 3714 2528 professio-

2135 2551 2186 2603 ni
2217 2550 2411 2603 addicti
2442 2565 2661 2619 semper
2680 2550 2874 2603 fuerint
2904 2566 3056 2619 reges
3085 2552 3273 2614 nostri,
3300 2565 3363 2604 ex
3387 2566 3453 2604 eo
3476 2552 3709 2605 maxime

2138 2651 2303 2710 patet,
2335 2641 2472 2711 quod
2509 2658 2701 2695 uxores
2726 2642 2913 2696 haeresi
2964 2644 3186 2696 infectas
3212 2643 3410 2697 ducere
3440 2658 3713 2711 nunquam

2136 2736 2420 2789 voluerint.
2470 2734 2861 2789 Brunichildetn
2892 2734 3193 2803 Sigibertus
3225 2750 3446 2789 uxorem
3492 2734 3714 2799 habuit,

2138 2826 2535 2882 Galesvintham
2563 2824 2897 2895 Cbilpericus
2922 2830 3039 2894 ejus
3063 2825 3246 2892 frater,
3272 2828 3458 2881 ambas
3482 2827 3715 2881 Athana-

2139 2920 2263 2989 gildi
2297 2917 2739 2987 Wisigotthorum
2790 2917 2931 2989 regis
2977 2917 3141 2982 ﬁlias,
3175 2929 3228 2972 et
3274 2919 3469 2972 Ariana
3522 2918 3715 2973 lucresi

2139 3009 2526 3063 contaminatas
2559 3026 2572 3062 :
2604 3019 2658 3061 at
2706 3021 2894 3062 neutra
2944 3007 2996 3060 iu
3037 3008 3249 3062 tltornm
3301 3010 3443 3078 regis
3483 3008 3717 3063 admissa

2141 3113 2243 3167 est,
2272 3102 2399 3172 quin
2429 3102 2577 3171 prius
2601 3102 2845 3156 hmresim
2876 3116 3026 3156 suam
3056 3102 3342 3172 ejurasset.
3380 3104 3419 3157 E
3448 3104 3718 3175 contrario

432 3199 727 3256 rol‘llciariis
757 3199 1091 3269 judicarent,
1125 3208 1182 3253 ut
1231 3214 1295 3252 ex
1332 3198 1564 3266 antiquis
1602 3196 1843 3249 formulis
1885 3195 2033 3248 aliis—
2061 3206 2106 3267 ρ
2142 3208 2445 3251 nostrorum
2479 3211 2660 3265 regum
2698 3195 2819 3248 tilia:
2859 3196 3064 3250 exteris
3112 3197 3327 3265 regibus
3377 3210 3404 3247 a
3453 3195 3718 3249 catholica

448 3308 556 3362 que
581 3292 852 3346 veeribus
885 3293 1079 3354 passim
1113 3291 1470 3345 mouuuentis
1500 3330 1515 3344 .
1548 3290 1712 3342 immo
1732 3296 1786 3339 et
1806 3303 1870 3341 ex
1901 3286 2036 3341 Gre-

451 3382 604 3454 gorio
633 3393 819 3436 n0stro
846 3393 1051 3436 certum
1079 3390 1183 3448 est,
1209 3397 1330 3435 cum
1363 3381 1459 3450 ipsi
1484 3380 1551 3434 de
1573 3378 1866 3449 majoribus
1886 3393 2035 3448 regm

436 3474 631 3531 causis
660 3475 978 3527 sententiam
1007 3474 1231 3529 ferrent.
1656 3468 1660 3473 ’

527 3566 617 3621 17.
659 3565 933 3621 Neminem
965 3566 1106 3620 enim
1130 3566 1182 3620 in
1213 3563 1326 3620 suis
1353 3564 1526 3632 regnis
1548 3561 1804 3631 majorem
1830 3560 2037 3629 episco-

437 3660 539 3729 'pis
564 3660 926 3728 agnoscebant
947 3671 1101 3727 reges
1130 3658 1321 3720 nostri,
1343 3670 1474 3723 quos
1497 3654 1695 3709 Christi
1714 3653 1959 3716 ticarios,
1984 3661 2038 3706 et

456 3750 836 3822 mysteriorum
864 3750 967 3804 Del
1016 3748 1415 3817 dispensatores
1453 3760 1578 3800 esse
1601 3745 1866 3798 sciebant.
1900 3741 2036 3795 llinc

454 3841 614 3911 primi
642 3840 695 3894 in
728 3841 934 3910 placitis
965 3840 1301 3904 adsidebant,
1330 3851 1628 3905 eorumque
1652 3834 1871 3889 nomina
1902 3844 2030 3887 ante

448 3931 725 4002 quoslibet
746 3933 880 3987 alios
902 3933 1343 3987 recensebantur.
1363 3930 1529 3984 Filios
1556 3944 1740 3997 regum
1770 3928 1867 3995 ipsi
1892 3942 1922 3981 e
1950 3942 2039 3980 sa-

455 4038 551 4079 cro
576 4024 721 4077 fonte
749 4023 1142 4092 suscipiebant:
1172 4022 1236 4075 ad
1268 4036 1506 4076 mensam
1541 4020 1741 4090 regiam
1774 4034 1880 4073 non
1912 4032 2038 4073 raro

455 4118 618 4171 etiam
666 4114 1050 4178 invitabantur,
1083 4128 1379 4181 eorumque
1418 4111 1884 4166 benedictionibus
1916 4126 2037 4163 mu-

456 4208 561 4264 niri
594 4220 748 4276 reges
779 4206 881 4275 ipsi
910 4204 1239 4275 ﬂagitabant.
1271 4205 1419 4258 Unde
1453 4204 1739 4271 aliquando
1765 4203 2037 4270 Chilperi-

455 4315 556 4355 cus
585 4314 701 4363 rex,
730 4310 786 4352 ut
812 4298 939 4352 olim
969 4297 1137 4352 .lacob
1159 4296 1226 4350 ad
1251 4297 1532 4366 angelum,
1564 4310 1624 4349 se
1653 4309 1757 4349 non
1787 4294 2038 4349 dimisso-‘-

458 4406 577 4446 rum
608 4390 930 4462 Gregorium
977 4398 1219 4443 nostrum
1265 4386 1527 4453 asseruit,
1562 4388 1663 4441 nisi
1703 4388 1851 4456 prius
1878 4387 1946 4441 ab
1974 4400 2040 4440 eo

457 4484 884 4540 benedictionem
920 4481 1232 4550 recepisset.
1255 4481 1386 4547 Quae
1412 4495 1596 4549 regum
1626 4487 1927 4533 nostrorum
1957 4490 2041 4531 re-

2145 3289 2248 3342 lide
2277 3287 2466 3343 alienis
2498 3289 2549 3341 in
2591 3288 2936 3342 matrimonio
2966 3286 3274 3349 collocatur,
3306 3300 3456 3338 suam
3506 3284 3716 3352 religio.

2143 3396 2265 3435 nem
2298 3381 2603 3435 inviolatam
2637 3383 3115 3445 intemeratamquc
3138 3386 3490 3432 servaverunt
3516 3394 3527 3427 :
3557 3388 3718 3446 atque

2144 3472 2246 3526 hoc
2277 3472 2505 3541 primum
2541 3471 2977 3541 praecipuumque
3005 3456 3485 3522 matrimOnialium
3536 3478 3720 3536 pacto-

2142 3582 2258 3619 rum
2287 3565 2401 3627 fuit,
2428 3573 2487 3618 ut
2514 3578 2627 3617 sua:
2656 3563 2927 3630 religionis
2955 3560 3185 3615 liberum
3217 3561 3535 3615 exercitium
3571 3563 3718 3630 regi-

2145 3674 2227 3712 na:
2256 3657 2357 3711 illa:
2382 3655 2666 3709 haberent:
2691 3652 2831 3722 quod
2861 3651 3074 3720 quidem
3108 3663 3316 3719 pactum
3348 3667 3470 3706 cum
3502 3654 3720 3725 Amala-

2144 3751 2304 3811 ricus,
2329 3746 2418 3816 qui
2445 3744 2764 3799 Cilloltldettl
2796 3743 3086 3797 Cltlodovei
3112 3745 3284 3811 magni
3314 3743 3474 3796 filiam
3496 3744 3721 3798 duxerat

2145 3854 2389 3902 uxorem,
2414 3836 2615 3890 violare
2646 3846 2925 3903 tentasset,
2950 3843 3144 3899 morte,
3172 3851 3331 3905 quam
3363 3836 3410 3890 ei
3438 3836 3720 3890 Gblottldis

2144 3931 2336 3986 fratres
2367 3932 2679 3993 intulerunt,
2712 3929 2990 3998 perfidiam
3020 3944 3172 3983 suam
3203 3930 3371 3983 eluit:
3398 3930 3483 3982 illa
3519 3945 3644 3982 vero
3668 3928 3719 3981 in

2142 4025 2247 4079 [ide
2290 4022 2549 4078 catholica
2601 4022 3036 4076 constantissime
3089 4020 3472 4091 perseveravit.
3528 4021 3720 4075 Iisdem

2147 4118 2545 4175 conditionibus
2574 4115 2883 4171 Cblotsinda
2904 4158 2919 4181 ,
2950 4117 3211 4171 Chlotarii
3243 4116 3263 4171 ι
3316 4118 3419 4170 filia
3440 4157 3456 4181 ,
3487 4118 3721 4171 Albuiuo

2146 4211 2613 4280 Langobardorum
2662 4209 2808 4279 regi,
2858 4210 3108 4278 Ingundis
3161 4208 3559 4279 Ilermenigildo
3611 4208 3721 4274 regi

2144 4302 2590 4372 Wisigott'torum
2625 4303 2677 4355 in
2710 4302 2983 4369 Hispania,
3009 4310 3065 4355 et
3095 4301 3289 4354 Bertha
3319 4300 3631 4355 Cantiorum
3666 4298 3719 4352 in

2150 4396 2338 4463 Anglia
2384 4395 2494 4461 regi
2529 4402 2857 4459 nupserunt;
2891 4407 3009 4459 qua:
3036 4392 3248 4459 quidem
3280 4392 3476 4461 regina:
3502 4407 3722 4453 otunes,

2146 4502 2250 4539 non
2273 4486 2442 4539 solum
2466 4484 2782 4538 catholicam
2815 4483 2971 4535 fidem
2999 4495 3399 4551 perseveranter
3420 4484 3723 4549 coluerunt,

457 4578 586 4647 ligio
615 4588 678 4629 ac
709 4574 879 4644 pietas
905 4588 1001 4628 eos
1022 4572 1208 4635 movit.
1238 4582 1299 4626 ut
1320 4588 1425 4625 non
1457 4573 1627 4626 solum
1652 4571 1855 4640 priscas
1882 4569 2041 4624 cleri-
2068 4585 2120 4644 ι)
2145 4578 2238 4629 sed
2266 4592 2382 4630 eam
2411 4589 2624 4644 quoque
2653 4573 2784 4627 viris
2807 4573 2917 4627 suis
2950 4575 3295 4641 inspiraront,
3329 4576 3568 4645 adeoque
3597 4592 3724 4645 genv

457 4682 649 4723 corum
684 4665 1154 4733 Ecclesiarumque
1185 4663 1581 4730 immunitates,
1614 4677 1734 4732 quae
1764 4662 1831 4715 ab
1860 4662 2036 4728 impe-

461 4757 736 4813 ratoribus
762 4769 1037 4811 concessa:
1063 4756 1296 4819 fuerant,
1326 4757 1711 4809 confirmarent
1735 4793 1750 4817 ,
1777 4752 1870 4806 sed
1901 4761 1955 4806 et
1980 4760 2041 4805 ut

449 4865 633 4904 novas
664 4851 827 4903 etiam
855 4849 1130 4903 veteribus
1155 4848 1468 4917 adjicereut.
1496 4846 1777 4900 ltetnensis
1804 4844 2040 4898 Ecclesia

457 4942 512 4996 iu
538 4956 640 5010 qua
675 4939 888 4995 fuerant
932 4940 985 4992 in
1030 4937 1246 4992 Christo
1280 4938 1566 5008 generati,
1598 4935 1757 4991 simul
1800 4944 1855 4989 et
1894 4935 2036 4989 beati

460 5030 689 5102 Remigii
720 5030 1035 5085 eorumdem
1065 5030 1289 5099 apostoli
1329 5029 1576 5093 basilica,
1610 5028 1757 5081 omni
1790 5025 2040 5080 immuni-

463 5133 573 5176 tate
598 5122 904 5192 gaudebant
926 5164 942 5187 ,
974 5132 1109 5177 teste
1150 5122 1481 5175 Frodoardo.
1519 5120 1713 5174 Na‘rrat
1747 5118 2043 5188 Gregorius

460 5216 602 5271 libro
636 5230 691 5268 Ill
722 5213 972 5269 Historia
998 5256 1014 5279 ,
1056 5214 1229 5281 capite
1256 5212 1356 5275 25,
1387 5228 1447 5268 ea
1477 5214 1654 5267 omnia
1684 5226 1803 5280 quae
1833 5212 1901 5263 ab
1928 5209 2040 5263 Ar-

463 5322 756 5361 vernorum
789 5308 1044 5362 Ecclesiis
1071 5307 1200 5361 li‘sco
1229 5306 1379 5360 reddi
1411 5314 1821 5364 consueverant.
1854 5302 1985 5368 ipsis
2014 5314 2044 5355 a

460 5398 845 5453 ‘l'ltsodeberto
893 5408 1019 5468 rege
1065 5399 1269 5454 indulta
1314 5399 1512 5463 fuisse;
1545 5396 1686 5465 quod
1733 5396 2048 5451 Cbildeber-

464 5502 556 5547 tus
581 5492 618 5544 ll
638 5533 655 5557 ,
683 5491 777 5546 lib.
802 5507 834 5546 ι
857 5531 872 5556 ,
898 5493 1075 5561 capite
1104 5494 1136 5548 7
1156 5533 1172 5557 ,
1203 5494 1553 5548 confirmasse
1593 5499 1943 5544 memoratur.
1977 5488 2049 5540 At

464 5582 807 5639 Turoneuses
835 5598 939 5637 non
967 5583 1125 5637 modo
1153 5583 1356 5648 clerici,
1387 5584 1478 5636 sed
1511 5593 1564 5635 et
1592 5583 1737 5636 cives
1759 5593 1949 5632 omnes
1969 5617 1985 5637 .
2014 5592 2044 5629 a

464 5678 654 5744 quovis
680 5676 877 5731 tributo
900 5676 1224 5730 erantdiberi
1243 5677 1313 5726 ob
1336 5676 1690 5729 reverentiam
1716 5675 1886 5729 sancti
1906 5674 2046 5726 Mar-

458 5769 584 5825 tini.
609 5768 665 5826 Si
689 5770 1180 5846 autem’aliquando
1208 5768 1465 5822 fisculium
1499 5769 1865 5823 ministrorum
1892 5769 2043 5838 cupi-

2148 4668 2288 4722 tibus
2338 4668 2479 4721 inter
2534 4680 2668 4733 quas
2710 4667 2839 4733 ipsa;
2870 4667 3243 4719 versabantur.
3277 4668 3527 4719 llurtatur
3565 4683 3626 4719 ea
3658 4667 3728 4722 de

2145 4777 2205 4815 re
2224 4759 2846 4820 Nicetius,Trevirorum
2875 4761 3246 4813 sanctissimus
3276 4759 3534 4823 antistes,
3562 4758 3729 4812 Chlo-

2147 4851 2376 4904 tsindam
2406 4851 2456 4901 in
2489 4850 2733 4918 epistola,
2767 4850 2817 4902 in
2847 4848 3143 4918 appendice
3172 4848 3255 4902 hic
3282 4851 3467 4912 relata,
3503 4859 3557 4901 ut
3586 4849 3728 4902 scili-

2147 4955 2230 4997 cet
2260 4958 2362 4996 non
2393 4943 2566 4995 solum
2593 4942 2871 5011 religionis
2897 4956 3008 4995 suae
3038 4942 3399 5009 integritatem
3443 4944 3731 4995 virtutibus

2149 5047 2204 5091 et
2231 5037 2352 5087 vitae
2377 5035 2726 5087 sanctimonia
2770 5042 3149 5099 conservaret,
3178 5050 3359 5087 verum
3396 5036 3554 5088 etiam
3587 5043 3640 5087 ut
3679 5046 3732 5089 et

2151 5127 2432 5179 veritatem
2484 5126 2602 5193 ejus
2632 5125 2749 5177 viro
2774 5139 2905 5189 suo,
2938 5124 3165 5178 Alboino
3210 5126 3357 5193 regi,
3394 5134 3447 5177 et
3483 5125 3733 5177 omnibus

2154 5219 2519 5285 Langobardis
2551 5218 2654 5286 ipsi
2686 5217 2943 5287 subjectis
2968 5217 3288 5285 persuadere
3325 5229 3631 5272 conaretur.
3667 5217 3732 5269 Et

2154 5312 2369 5380 quidem
2403 5312 2526 5364 licet
2559 5309 2872 5364 infructuosi
2906 5312 3100 5363 fuerint
3141 5310 3372 5363 Alboino
3400 5310 3731 5364 Cltlotsindae

2155 5411 2411 5466 conatus,
2443 5416 2562 5468 qua:
2592 5410 2765 5452 tamen
2796 5400 2904 5466 ipsa
2935 5408 3061 5452 tunc
3092 5400 3477 5464 seminaverat,
3512 5411 3691 5468 postea
3713 5440 3730 5467 ,

2159 5501 2215 5544 ut
2245 5492 2456 5557 quidem
2489 5490 2796 5544 existimare
2822 5491 2966 5549 licet,
2994 5489 3416 5554 pullulaveruut,
3447 5505 3568 5545 eum
3600 5492 3733 5543 alte-

2153 5584 2262 5635 rius
2294 5585 2492 5649 reginae
2533 5596 2599 5634 ex
2648 5591 2809 5650 gente
2850 5564 3216 5645 Francorum,
3270 5590 3499 5637 testante
3547 5596 3732 5636 nostro

2150 5676 2432 5744 Gregorio,
2459 5674 2719 5739 oriuudre,
2751 5672 3132 5726 Theodelindm
3161 5674 3383 5741 scilicet,
3417 5691 3576 5728 suasu
3608 5675 3726 5741 Agi-

2150 5769 2307 5824 lulfus
2331 5785 2448 5824 cum
2482 5775 2638 5835 gente
2677 5766 2776 5822 sibi
2808 5765 3018 5820 subdita
3047 5767 3168 5822 fidei
3200 5767 3476 5822 catholica:
3514 5767 3722 5822 Confes"
