4086 6328
280 365 357 424 ,δ
1748 354 2136 412 vaesano.
3493 356 3566 424 2'6

284 482 493 537 sionem
524 477 802 548 amplexus
841 486 941 534 est.
980 477 1137 532 ldem
1165 474 1390 543 contigit
1434 471 1574 542 apud
1613 470 1869 540 Wisigot-
1899 476 1949 530 Α
1976 470 2069 523 sed
2101 471 2255 525 unica
2282 471 2604 527 auctoritate
2632 487 2812 543 regum
2848 472 3015 531 tuisse
3044 477 3313 535 institutos
3340 478 3566 538 innuere

283 573 407 626 tlms
429 589 443 635 ;
468 571 755 625 seminavit
784 568 1061 625 Cblutildis
1081 609 1095 631 ,
1122 583 1244 636 qua:
1285 566 1449 618 etiam
1485 564 1759 629 sanguinis
1789 561 1873 614 sui

280 663 545 719 eﬂusione
570 663 688 716 tidei
705 665 982 717 catholica:
1000 663 1279 715 veritatem
1300 660 1599 712 Amalarico
1616 665 1874 722 regnante

280 758 534 813 asseruit.
570 758 811 827 lrrigavit
835 756 1108 825 lngundis,
1132 770 1254 807 cum
1286 750 1731 819 Ilermenegildns
1755 748 1873 816 ejus

279 850 502 919 coniux,
534 849 727 903 Ariana
763 850 955 903 basresi
980 850 1187 911 eiurata
1212 889 1227 909 ,
1268 846 1335 899 ad
1363 846 1517 897 tidem
1547 842 1870 897 catholicam

280 942 511 995 accessit
534 957 549 994 :
572 952 626 995 at
650 942 843 995 messis
872 942 1080 1008 integra
1102 946 1423 1006 congregata
1452 936 1569 999 luit,
1595 948 1716 988 cum
1738 932 1874 984 licc-

281 1034 480 1088 caredo
510 1049 635 1099 rege
664 1044 771 1086 tota
806 1032 1260 1097 Wisigotlhorum
1292 1044 1425 1097 gens
1465 1027 1745 1081 catholicae
1771 1024 1874 1078 Ec-

282 1123 462 1177 clesia:
491 1138 687 1176 nomen
719 1121 890 1173 dedit.
921 1121 1029 1173 Nec
1059 1122 1234 1172 tniuus
1255 1117 1530 1171 feliciores
1559 1117 1705 1169 luere
1746 1115 1873 1167 Iler-

284 1216 390 1270 tbae
433 1217 481 1268 in
519 1216 705 1283 Anglia
737 1223 995 1278 conatus,
1043 1229 1163 1282 qum
1195 1214 1364 1265 virum
1411 1225 1602 1275 suum,
1640 1209 1867 1277 primum

282 1307 496 1375 Quidum
544 1322 752 1359 morum
794 1305 1060 1358 suavitate
1092 1305 1310 1357 lenitum
1331 1345 1344 1367 ,
1391 1318 1453 1355 ae
1486 1314 1665 1367 postea
1696 1301 1867 1353 sancti

280 1400 560 1465 Augustini
592 1401 924 1467 aliorumque
973 1403 1355 1453 monachorum
1387 1413 1415 1449 a
1447 1396 1707 1463 Gregorio
1757 1395 1867 1447 Ma~

281 1506 391 1560 guo
419 1507 483 1545 ex
517 1490 663 1543 Italia
695 1490 985 1543 missorum
1012 1487 1480 1556 prmiir-a‘ionibus
1502 1484 1866 1539 Chri~tianutn

278 1582 477 1635 factum
510 1582 695 1636 videre
723 1583 939 1634 meruit.
964 1584 1137 1648 Atque
1171 1580 1265 1640 ita,
1291 1580 1448 1647 juxta
1477 1578 1717 1640 Apostoli
1746 1591 1785 1628 si
1808 1593 1868 1628 n-

280 1672 523 1732 tentiam,
558 1671 653 1724 viri
690 1670 934 1724 inlideles
962 1686 991 1722 a
1019 1670 1331 1725 mulieribus
1363 1667 1607 1721 lidelibus
1631 1667 1869 1720 sanctili-

281 1762 410 1828 cati,
443 1762 736 1818 Ecclesium
767 1762 1091 1816 catholicam
1137 1777 1232 1829 per
1263 1761 1565 1815 totamt’ere
1597 1760 1863 1823 Europam

1979 562 2209 615 videtur.
2248 563 2443 617 Verum
2473 566 2516 618 si
2540 566 2783 634 Gregorii
2818 568 3004 633 verba,
3036 585 3230 641 resque
3258 572 3324 627 ab
3352 590 3415 628 eo
3446 590 3569 629 nar-

1980 664 2124 706 ratas
2155 654 2317 722 paulo
2354 658 2658 710 accuratius
2691 661 3099 724 perpendamus.
3133 678 3321 717 eorum
3362 676 3568 736 tempo-

1976 762 2092 799 rum
2123 746 2460 812 disciplinam
2510 749 2667 801 talem
2702 750 2862 805 fuisse
2899 753 3409 822 animadvertemus,
3440 775 3564 827 qua:

1976 840 2049 892 ita
2090 855 2272 907 regum
2314 843 2617 894 auctoritati
2662 845 2971 910 providerit,
3004 855 3061 899 ut
3091 862 3354 903 canonum
3395 853 3569 906 eccle-

1974 930 2313 984 siasticarum
2341 932 2575 999 vigorem
2606 950 2710 986 non
2741 937 3088 990 convelleret.
3118 939 3179 992 Et
3199 941 3412 1009 quidem
3440 958 3562 997 cum

1975 1032 2122 1077 tanta
2154 1033 2277 1077 tunc
2309 1036 2474 1087 esset,
2503 1025 2578 1077 uti
2609 1042 2674 1079 ex
2700 1026 2963 1096 Gregorio
3002 1030 3424 1097 observavimus,
3453 1034 3562 1102 epi-

1973 1130 2258 1181 scoporum
2290 1117 2341 1168 in
2375 1132 2541 1184 regno
2580 1120 2869 1171 auctoritas
2907 1129 2963 1172 et
2991 1120 3247 1189 dignitas,
3282 1124 3413 1176 nihil
3457 1140 3563 1177 non

1972 1207 2139 1275 magis
2166 1208 2354 1260 rationi
2380 1218 2433 1260 ct
2456 1210 2691 1275 aequitati
2721 1218 3141 1265 consentaneum
3171 1214 3288 1278 fuit,
3312 1230 3470 1281 quant
3505 1225 3563 1268 ut

1972 1313 2130 1351 nemo
2155 1298 2270 1351 sine
2293 1298 2431 1367 regis
2457 1314 2725 1353 consensu
2751 1311 2805 1353 et
2835 1304 3150 1357 auctoritate
3178 1304 3317 1357 hunc
3338 1306 3559 1375 gradum

1970 1390 2389 1457 adipisceretur;
2431 1391 2574 1445 sicut
2622 1404 2675 1446 et
2712 1408 2783 1447 ex
2823 1394 2991 1447 altera
3032 1404 3218 1463 parte,
3260 1398 3306 1451 si
3345 1399 3562 1466 quidem

1965 1483 2114 1551 juxta
2145 1498 2330 1536 eorum
2364 1494 2664 1553 temporum
2687 1485 3023 1556 disciplinam
3052 1489 3304 1543 Ecclesia:
3328 1494 3558 1545 viduata).

1966 1575 2249 1629 electionis
2290 1576 2539 1630 libertate
2571 1577 2899 1646 gauderent,
2928 1594 3137 1648 :equum
3167 1581 3325 1634 etiam
3363 1594 3478 1637 erat
3507 1592 3563 1638 ut

1967 1667 2076 1720 illas
2102 1672 2213 1720 suis
2242 1668 2490 1737 legitimis
2526 1669 2734 1736 juribus
2774 1669 3096 1725 fruerentur.
3144 1672 3232 1726 Sic
3253 1684 3430 1727 autem
3473 1691 3561 1730 res

1965 1760 2242 1829 agebatur.
2275 1761 2534 1815 Defuncto
2559 1762 2833 1831 episcOpo,
2866 1764 3059 1817 electio
3085 1766 3415 1819 successoris
3453 1776 3561 1821 sta-

278 1856 693 1925 ampliticarnnt.
721 1856 836 1909 Jam
857 1857 1055 1925 quippe
1081 1866 1237 1908 antea
1265 1854 1676 1921 Burgundiones
1706 1852 1863 1904 {idem
1898 1838 1945 1897 B
1975 1852 2066 1903 tim
2114 1852 2163 1903 in
2206 1866 2268 1905 ea
2310 1853 2471 1905 tiebat
2497 1853 2730 1914 civitate,
2768 1870 2885 1922 qua:
2928 1866 3038 1908 erat
3074 1868 3290 1924 pasmre
3317 1856 3560 1924 viduata;

277 1948 596 2000 catholicam
621 1948 853 2014 amplexi
888 1948 1119 2012 Inerant,
1148 1956 1204 2001 et
1236 1947 1287 1999 id
1319 1946 1649 1999 Francorum
1682 1959 1866 1998 exent-

282 2038 392 2105 pln,
421 2052 484 2091 ac
510 2039 731 2107 Remigii
754 2054 939 2094 corum
964 2040 1187 2107 apostoli
1208 2039 1587 2092 miraculorum
1619 2039 1755 2089 lama
1789 2039 1839 2088 iu

277 2126 450 2191 ducti,
476 2128 618 2197 quod
647 2132 759 2196 ipse
790 2133 976 2183 Avitus
1014 2132 1064 2182 in
1094 2129 1379 2182 collatione
1408 2140 1593 2181 contra
1635 2128 1875 2199 Ariaizos

279 2230 543 2286 pne-cute
567 2221 921 2276 Gundobaldo
948 2238 1076 2290 rege
1105 2220 1243 2276 facta
1276 2231 1584 2276 attestatur.
1619 2221 1687 2275 Ut
1716 2222 1864 2275 nulla

276 2323 587 2381 superesset
616 2314 667 2365 in
701 2322 812 2366 toto
839 2312 1131 2366 Occidente
1159 2313 1454 2379 provincia,
1487 2327 1607 2379 qua:
1640 2310 1863 2363 Francis

278 2406 509 2457 salutem
540 2420 689 2457 suam
721 2422 823 2457 non
856 2406 1095 2467 deberet,
1133 2406 1271 2459 unde
1297 2421 1399 2458 non
1432 2406 1703 2459 immerito
1734 2402 1865 2457 Gre-

276 2496 482 2563 gorius,
518 2512 574 2549 re
600 2500 767 2549 multo
795 2499 965 2563 magis
996 2513 1153 2564 quam
1184 2496 1398 2549 nomine
1420 2495 1656 2560 Magnus,
1682 2494 1775 2548 llb.
1808 2510 1862 2556 v,

276 2586 505 2651 epistola
552 2587 613 2648 t3,
663 2590 983 2653 prarclarum
1020 2589 1119 2641 hoc
1160 2590 1225 2641 de
1278 2587 1605 2639 Francorum
1654 2586 1866 2653 regibus

280 2678 497 2744 protulit
527 2678 761 2730 clintum.
804 2679 883 2741 Qu
902 2690 1005 2730 toto
1034 2688 1239 2730 Ctt’lt't‘os
1265 2677 1493 2729 [remittes
1519 2678 1659 2746 regia
1691 2678 1864 2743 digni-

280 2778 359 2821 tas
402 2772 690 2833 anteced't,
742 2782 886 2823 tanta
933 2783 1227 2825 cirtcrarum
1280 2771 1503 2840 gentium
1538 2786 1591 2821 re
1593 2786 1691 2838 J-na
1722 2771 1865 2837 regni

285 2858 603 2917 Francorum
632 2865 830 2915 culmen
862 2865 1081 2916 excellit.

353 2951 439 3005 19.
486 2953 650 3006 Tanta
694 2963 870 3005 autem
912 2966 1028 3007 erat
1065 2963 1121 3009 et
1160 2969 1342 3021 regum
1382 2962 1436 3007 et
1474 2954 1622 3022 regni
1664 2953 1714 3005 in
1754 2951 1863 3005 lio-

280 3060 497 3098 manum
541 3046 841 3111 pontilic-m
892 3048 1224 3107 reverentia,
1284 3052 1341 3097 ut
1380 3045 1543 3106 licet,
1587 3058 1683 3108 pro
1721 3057 1867 3095 more

280 3146 407 3191 tunc
435 3140 687 3205 temporis
718 3148 951 3205 t'cCcpto,
985 3140 1220 3205 episcopi
1245 3150 1431 3189 omnes
1457 3134 1723 3205 apostolici
1749 3135 1859 3197 viri,

1976 1952 2085 1997 tum
2119 1944 2227 2007 ille,
2267 1946 2317 1998 in
2345 1961 2503 2014 quem
2535 1946 2784 2016 sull‘ragia
2825 1961 3209 2014 convenerant,
3251 1962 3340 2003 aut
3368 1951 3563 2021 aliquis

1969 2037 2085 2104 ejus
2111 2038 2346 2097 nomine.
2375 2040 2488 2093 sive
2516 2040 2603 2094 alii
2632 2040 2701 2093 ab
2731 2041 2838 2108 ipsa
2866 2041 3098 2095 Ecclesia
3125 2042 3314 2096 delecti
3345 2044 3559 2099 delere-

1972 2129 2097 2182 haut
2119 2129 2183 2182 ad
2209 2145 2385 2197 regem
2407 2130 2685 2184 e'ectionis
2716 2131 3089 2197 instrumenta,
3112 2147 3231 2201 qua:
3252 2133 3298 2186 si
3325 2134 3559 2204 legitima

1965 2220 2260 2289 judicaret,
2296 2221 2533 2289 nihilque
2576 2222 2627 2274 in
2656 2222 2921 2275 electione
2950 2223 3199 2277 vitiosum
3232 2224 3555 2288 adverteret,

1968 2309 2284 2364 admittebat
2322 2312 2669 2374 elecuoneut;
2701 2320 2791 2364 aut
2829 2326 2946 2365 eam
2979 2311 3181 2364 instant
3214 2313 3486 2376 reddebat,
3514 2315 3558 2368 si

1970 2404 2105 2456 forte
2146 2406 2291 2455 cives
2336 2404 2389 2455 in
2441 2417 2721 2469 personam
2773 2402 2872 2455 sibi
2905 2414 2996 2455 aut
3042 2419 3209 2472 regno
3254 2416 3556 2471 suspectam

1968 2496 2385 2548 consensissent.
2430 2494 2561 2556 llex,
2604 2494 2831 2546 admissa
2864 2495 3142 2559 electione,
3185 2496 3453 2550 scribebat
3492 2497 3559 2551 ad

1969 2585 2432 2651 metropolitanum
2474 2586 2776 2653 epistolam,
2818 2602 2921 2654 qua
2960 2587 3007 2639 ei
3048 2585 3271 2655 ejusque
3307 2601 3561 2650 compro-

1969 2678 2282 2730 vincialibus
2307 2678 2572 2745 episcOpis
2601 2694 2796 2731 novum
2822 2680 3130 2746 episcopum
3160 2680 3436 2733 ordinandi
3465 2694 3561 2748 po-

1972 2778 2217 2823 testatem
2247 2769 2490 2821 faciebat.
2520 2769 2643 2822 "me
2670 2769 2845 2821 unruia
2877 2785 3018 2822 anno
3046 2771 3147 2823 349
3175 2773 3355 2838 paucis
3381 2770 3563 2828 verbis

1969 2875 2284 2928 exinessme
2309 2861 2490 2914 Patres
2515 2860 2737 2914 Concilii
2768 2879 2796 2913 v
2820 2862 3218 2916 Aurelianensis
3238 2878 3440 2917 canone
3458 2864 3556 2922 10,

1970 2953 2097 3006 Cum
2138 2954 2392 3006 voluntate
2438 2954 2592 3018 regis,
2610 2957 2765 3024 juxta
2798 2954 3090 3007 electionem
3127 2956 3249 3008 cleri
3278 2972 3339 3008 ac
3376 2957 3555 3025 plebis,

1969 3045 2101 3097 sicut
2125 3045 2176 3097 in
2198 3046 2419 3113 antiquis
2450 3046 2728 3096 canonibus
2749 3056 2947 3097 tenetur
2966 3048 3230 3115 scriptum,
3254 3064 3285 3100 a
3312 3060 3563 3116 metropo-

1974 3135 2161 3196 litano,
2199 3136 2275 3187 vel
2304 3151 2453 3203 quem
2482 3135 2532 3186 in
2564 3136 2669 3187 rice
2696 3152 2787 3187 sua
2825 3138 3146 3202 praemiserit,
3182 3155 3297 3191 cum
3330 3155 3563 3207 compro-

278 3239 373 3281 aut
396 3245 544 3295 papa:
572 3240 1038 3294 nuncuparentur;
1072 3244 1229 3281 nemo
1263 3237 1439 3279 tamen
1472 3241 1533 3277 ex
1568 3226 1645 3277 eis
1678 3232 1869 3290 prmter
1890 3213 1942 3274 ‘C
1975 3226 2273 3278 vincialibus
2300 3226 2527 3293 pontifex
2555 3236 2918 3280 consecretur:
2948 3243 3106 3296 quam
3138 3234 3370 3298 regulam
3411 3247 3564 3286 exse-

282 3318 579 3371 Romannm
623 3320 944 3387 pontiﬁcem,
986 3336 1140 3387 papa,
1183 3317 1236 3369 id
1276 3330 1353 3369 est
1423 3316 1658 3367 ninnium
1700 3324 1868 3380 pater,

282 3411 523 3464 abSrvlute
554 3413 837 3467 diceretur.
865 3414 994 3465 Item
1020 3413 1159 3464 sedis
1201 3410 1508 3479 apostolica:
1536 3410 1751 3462 nomine
1779 3408 1871 3461 de-

281 3502 591 3570 signabatnr
616 3520 707 3568 per
728 3505 1100 3557 excellentiam
1126 3502 1359 3557 Rontana
1385 3503 1474 3556 Ecl
1498 3501 1649 3566 lcsia,
1678 3509 1735 3552 ut
1762 3509 1869 3553 tum

280 3586 347 3645 ex
383 3606 570 3647 nostro
601 3595 882 3663 Gregorio,
930 3609 1039 3649 tum
1080 3614 1144 3650 ex
1186 3597 1346 3650 variis
1384 3596 1624 3649 cenciliis
1666 3594 1872 3648 illorum

284 3695 588 3751 temporum
617 3699 844 3740 constat.
873 3690 1043 3756 Atque
1072 3688 1157 3741 ind
1181 3710 1213 3751 -,
1239 3699 1291 3741 et
1323 3687 1461 3754 quod
1491 3689 1728 3756 plerique
1755 3686 1874 3739 bar-

281 3776 395 3829 bari
421 3776 690 3831 lurrcSi-os
711 3779 827 3831 tabe
852 3778 1033 3833 infecti
1056 3789 1258 3840 esseut,
1283 3778 1643 3831 Roiiianorunt
1661 3778 1875 3833 nomine

282 3868 553 3928 catholici,
579 3871 737 3922 etiam
771 3870 837 3923 ab
862 3870 991 3935 ipsis
1021 3869 1302 3932 limrcticis,
1333 3870 1729 3923 iudicabantur.

282 3960 287 3964 ’
354 3961 444 4015 20.
492 3962 539 4015 Is
568 3964 743 4031 itaque
771 3973 905 4027 erat,
940 3966 1202 4016 referente
1232 3962 1370 4032 Greg
1410 3966 1489 4015 rio
1520 3976 1723 4025 nostro,
1752 3961 1875 4016 ϐεν-

283 4050 473 4103 liarum
500 4062 669 4106 status
699 4056 799 4107 sub
823 4054 1128 4108 Chlodoveo
1178 4056 1366 4121 Magno
1395 4055 1617 4124 ejusque
1665 4057 1786 4109 liliis
1813 4073 1875 4110 ac

288 4144 592 4210 nepotibus.
627 4146 731 4199 Sed
758 4145 864 4213 jam
893 4159 957 4199 ex
988 4145 1085 4197 hoc
1112 4146 1227 4213 ipsi»
1251 4157 1469 4214 auctore
1502 4147 1873 4216 inquirendum

285 4242 386 4293 est,
416 4250 658 4300 «ιηίιιηθηι
693 4244 817 4293 tunc
841 4237 1095 4303 temporis
1123 4237 1322 4305 \igeret
1353 4239 1489 4299 apud
1518 4237 1752 4292 Franeus
1777 4239 1877 4292 Ec-

283 4324 465 4376 clesia:
491 4324 792 4393 disciplina.
839 4328 902 4380 Et
928 4327 1099 4395 primo
1121 4327 1335 4395 quidem
1365 4328 1737 4395 episeoporum
1768 4330 1877 4383 ele-

284 4413 491 4467 eticncs
522 4416 717 4470 liberas
739 4426 791 4469 rt
816 4417 1091 4470 absolutas
1116 4433 1272 4470 nemo
1299 4429 1380 4471 est
1406 4420 1493 4485 qui
1528 4436 1631 4472 non
1656 4421 1871 4483 dixerit,

284 4507 327 4557 si
354 4506 433 4558 vel
460 4507 644 4561 leviter
667 4507 783 4575 cjus
810 4508 908 4561 :evi
932 4510 1275 4563 conciliorum
1300 4527 1533 4565 canones
1557 4529 1870 4578 pereurrere

1974 3318 2172 3371 catiooi
2194 3317 2496 3372 mandatam
2516 3317 2677 3372 fuisse
2697 3319 2896 3372 intinita
2918 3325 3300 3389 propemodum
3322 3322 3563 3392 Gregorii

1977 3410 2090 3461 loca
2119 3409 2364 3476 probant,
2396 3409 2446 3461 in
2476 3408 2667 3476 quibus
2716 3410 3129 3464 instrumentum
3160 3427 3188 3464 a
3219 3414 3431 3466 civibus
3465 3429 3562 3481 pro

1976 3500 2240 3552 electione
2280 3500 2474 3552 factum
2515 3500 2742 3566 appellat
2770 3517 3074 3555 consensum
3100 3505 3317 3568 civium;
3359 3508 3563 3576 regiqu

1980 3607 2105 3645 vero
2130 3592 2387 3659 diploma,
2418 3602 2747 3661 praeceptum,
2780 3604 2870 3647 aut
2898 3599 3306 3666 prwceptimiem,
3340 3600 3453 3653 sive
3482 3602 3565 3653 in-

1977 3683 2223 3735 diculmn.
2258 3682 2407 3736 lianc
2431 3698 2557 3735 vero
2577 3688 2936 3753 praeceptionis
2964 3703 3146 3741 vocem
3170 3692 3245 3743 sic
3272 3707 3377 3743 non
3412 3694 3566 3747 intel—

1938 3775 2243 3842 Jigeudam
2276 3788 2418 3839 esse,
2456 3784 2515 3827 ut
2553 3776 2871 3831 electionem
2913 3781 3191 3845 excludat,
3216 3798 3278 3836 ex
3312 3784 3569 3851 Gregorio

1977 3874 2164 3918 nostro
2202 3874 2376 3934 patet,
2410 3867 2497 3935 qui
2533 3876 2653 3934 post
2686 3869 2918 3921 delatum
2956 3869 3020 3921 ad
3055 3887 3230 3937 regem
3264 3889 3565 3925 consensum

1978 3960 2183 4025 civium,
2210 3976 2362 4014 suam
2388 3962 2781 4030 prtrceptioncm
2812 3979 2932 4016 eum
2959 3964 3175 4018 dcdisse
3200 3967 3389 4031 passim
3421 3983 3567 4020 com-

1979 4062 2256 4105 memorat.
2299 4052 2433 4117 Quin
2465 4054 2625 4104 etiam
2663 4054 2786 4105 licet
2815 4055 2867 4106 iu
2900 4054 3057 4121 regiis
3089 4057 3278 4111 litteris
3309 4073 3403 4111 seu
3427 4074 3562 4128 pra:-

1977 4152 2228 4209 εεριιοηιι,
2265 4144 2403 4195 nulla
2438 4145 2589 4198 ﬂeret
2628 4145 2908 4198 electionis
2944 4158 3035 4199 aut
3062 4164 3339 4202 consensus
3370 4165 3568 4216 insece-

1978 4237 2155 4291 deutis
2202 4237 2422 4300 mentio,
2455 4247 2514 4291 ut
2542 4253 2608 4292 ex
2659 4236 2902 4292 formulis
2950 4240 3185 4294 Blarculli
3236 4244 3565 4313 colligimus;

1980 4330 2127 4384 illum
2169 4340 2345 4384 tamen
2385 4330 2579 4384 civium
2620 4345 2943 4385 consensum
2984 4349 3039 4386 re
3081 4336 3189 4403 ipsa
3225 4339 3567 4403 pra-cessisse

1979 4438 2083 4475 non
2114 4439 2152 4473 sa
2178 4422 2283 4474 lum
2314 4438 2381 4476 ex
2405 4421 2681 4490 Gregorio,
2717 4423 2809 4476 sed
2839 4425 3000 4476 etiam
3024 4441 3087 4477 ex
3114 4428 3283 4479 sancti
3309 4427 3567 4482 Desiderii

1978 4514 2319 4567 Caturccnsis
2351 4516 2455 4565 vita
2482 4513 2761 4575 discimus,
2794 4514 2845 4567 in
2879 4530 2980 4580 qua
3012 4516 3224 4583 quidem
3256 4517 3369 4570 Vita
3406 4517 3565 4587 rcgiae

284 4598 449 4661 Volet,
473 4616 605 4662 quos
645 4602 802 4653 etiam
837 4618 1091 4666 canones,
1120 4619 1185 4657 ue
1224 4604 1399 4658 debita
1443 4606 1522 4657 eis
1546 4606 1733 4661 deesse
1778 4625 1871 4676 pu-
1907 4591 1952 4648 9
1981 4607 2171 4660 littera:
2202 4607 2506 4659 ret'crnntur
2532 4606 2596 4657 ad
2620 4606 2923 4674 episeopos,
2952 4616 3082 4671 cum,
3105 4608 3244 4660 data-
3264 4608 3424 4661 simul
3446 4625 3566 4663 cum

284 4696 430 4753 tetur
468 4693 774 4755 auctoritas,
816 4709 845 4745 a
888 4694 1099 4761 regibus-
1139 4695 1514 4759 cotnprubatos
1551 4705 1605 4749 et
1638 4696 1874 4751 ﬁrmatos

286 4782 484 4848 passim
517 4783 759 4853 legimus.
796 4786 849 4839 Si
884 4795 1057 4839 tamen
1084 4785 1326 4855 Gregorii
1355 4789 1637 4843 llistoriam
1667 4791 1874 4860 aliaque

287 4872 403 4937 ejus
433 4888 595 4939 Opcra
626 4877 960 4938 evolvamus,
994 4880 1315 4932 contrariam
1347 4881 1567 4932 omnino
1601 4882 1681 4935 bis
1711 4899 1875 4935 (fuitn-

285 4965 445 5019 ttibus
472 4967 918 5022 consuetudinem
948 4979 1069 5023 tunc
1100 4972 1356 5040 temporis
1388 4973 1616 5040 vigui~se
1648 4975 1874 5028 nonnul-

287 5056 353 5109 lis
386 5056 673 5115 videbiinr.
715 5075 834 5113 cum
875 5058 945 5113 ibi
990 5062 1225 5130 legamus
1264 5063 1461 5131 passim
1502 5066 1871 5131 episcoporum

284 5150 653 5205 successiones
696 5153 1039 5220 prtccipiente
1082 5170 1206 5214 rege
1248 5166 1371 5209 tunc
1413 5165 1670 5223 temporis
1710 5158 1873 5212 factas

286 5242 469 5294 l'nisse.
515 5241 646 5307 llic,
675 5245 860 5313 inquit.
905 5246 1245 5315 prirccptionc
1270 5247 1401 5314 regis
1434 5248 1483 5300 iu
1516 5250 1745 5314 epist-opi
1777 5252 1872 5301 de-

285 5333 450 5388 fuzicti
487 5336 658 5389 locum
690 5350 767 5391 ρει
798 5338 1119 5392 substitutus
1149 5356 1160 5389 :
1192 5350 1305 5401 aut,
1337 5338 1454 5403 Ille,
1488 5340 1737 5395 defuncto
1761 5344 1871 5408 cpio

284 5440 447 5492 scopo
489 5444 518 5481 a
548 5444 671 5496 rege
710 5434 1092 5500 prwceptionem
1133 5431 1393 5495 obtinens;
1432 5444 1519 5486 aut
1550 5437 1702 5498 alius,
1732 5437 1868 5503 quod

278 5516 391 5586 jam
440 5532 594 5576 antea
645 5538 672 5574 a
723 5540 850 5593 rege
896 5532 1204 5579 mandatum
1256 5526 1603 5590 obtinuisset,
1659 5534 1870 5585 ca'teris

282 5612 624 5680 posthabitis,
659 5616 885 5670 viduata:
925 5619 1071 5671 urbis
1109 5618 1474 5687 episcopatum
1515 5620 1736 5689 adeptus
1766 5632 1869 5677 est.

282 5703 509 5773 Quibus,
545 5716 635 5759 aut
665 5722 796 5762 sane
823 5708 1083 5763 similibus
1111 5711 1293 5763 verbis
1324 5727 1442 5765 cum
1478 5715 1642 5766 utimr
1664 5713 1867 5782 Grego-

284 5796 418 5860 rius,
442 5796 726 5867 cpiscopos
752 5815 862 5854 non
893 5800 1279 5899 libera.civiuut
1311 5814 1398 5857 aut
1428 5804 1557 5858 cieri
1577 5804 1866 5870 electione,

1980 4695 2216 4749 indiculo
2258 4695 2323 4747 ad
2352 4694 2643 4761 Sulpicium
2673 4699 3141 4762 metmpolitauum
3172 4714 3186 4752 :
3219 4699 3311 4752 sed
3346 4700 3395 4751 in
3426 4700 3568 4752 indi-

1978 4786 2100 4838 eulo
2133 4802 2223 4839 rex
2254 4803 2321 4841 ne
2348 4787 2567 4840 verbum
2598 4787 2811 4856 quidem
2844 4789 3002 4843 habet
3027 4791 3094 4843 de
3122 4792 3248 4844 clcri
3283 4793 3363 4843 virl
3400 4793 3569 4859 plebis

1980 4881 2241 4934 electione
2278 4890 2369 4935 aut
2400 4896 2664 4935 consensu
2685 4920 2699 4941 .
2734 4882 2943 4935 tametsi
2982 4884 3033 4936 in
3064 4887 3177 4937 suis
3210 4886 3399 4938 litteris
3437 4901 3564 4938 mox

1982 4972 2223 5025 laudatis.
2273 4972 2409 5026 hanc
2451 4972 2837 5038 promotionem
2880 4991 2995 5027 cum
3036 4976 3275 5029 abbatum
3316 4980 3569 5046 totiusque

1982 5066 2106 5119 clcri
2136 5070 2462 5120 consensione
2490 5066 2682 5119 laetam
2718 5066 2880 5121 fuisse
2907 5077 3154 5125 testatur.

2053 5157 2142 5212 2|.
2189 5159 2335 5211 lland
2370 5168 2543 5211 tamen
2575 5159 2806 5214 diiiitear
2832 5161 3125 5215 electiones
3166 5177 3194 5214 a
3226 5163 3371 5216 clero
3395 5170 3450 5214 et
3475 5178 3568 5229 po-

1984 5252 2108 5318 pulo
2136 5250 2299 5304 factas
2352 5266 2731 5319 nonnunquam
2765 5269 2792 5306 a
2824 5254 3037 5322 regibus
3066 5255 3349 5321 abrogatas
3382 5255 3567 5322 fuisse,

1982 5344 2067 5396 vel
2111 5344 2249 5408 quod
2292 5343 2480 5397 divisis
2520 5347 2657 5399 inter
2696 5362 2756 5401 se
2785 5347 3079 5400 electorum
3121 5346 3406 5417 sull'ragiis,
3440 5367 3566 5405 una-

1979 5449 2202 5500 qua:que
2224 5449 2345 5501 pars
2364 5449 2481 5487 cum
2506 5450 2603 5488 suo
2623 5437 2899 5490 clecuionis
2921 5438 3277 5491 iustrutnento
3298 5441 3363 5491 ad
3389 5455 3565 5507 regem

1980 5526 2326 5591 accessisset,
2360 5528 2440 5577 vel
2471 5528 2608 5591 quod
2639 5527 2794 5580 electi
2830 5542 3056 5594 persona
3096 5530 3203 5598 regi
3233 5530 3567 5598 displiceret.

1977 5616 2085 5668 Nec
2115 5618 2270 5668 etiam
2302 5616 2522 5669 inliciari
2545 5618 2705 5669 velim
2736 5620 3024 5675 nonnullos
3048 5622 3384 5691 quandoque,
3408 5627 3569 5675 etiam

1979 5726 2083 5762 nou
2113 5718 2418 5776 exspectata
2446 5708 2577 5762 clcri
2600 5720 2688 5761 aut
2722 5711 2898 5778 populi
2932 5715 3213 5778 electione,
3236 5732 3263 5767 c
3294 5716 3485 5779 palatio
3516 5717 3569 5769 in

1976 5806 2150 5859 laeum
2183 5802 2555 5857 defunctorum
2587 5810 2962 5876 episcoporum
3010 5823 3040 5862 a
3087 5824 3210 5878 rege
3240 5808 3403 5864 "uisse
3444 5806 3571 5864 sub-
