  <div class='ocr_page' id='page_1' title='image "/cluster/home/n/w/nwhite01/storage/ocr_20150623/71/hvd.32044020096954/019.png"; bbox 0 0 4086 6328; ppageno 0'>
   <div class='ocr_carea' id='block_1_1' title="bbox 546 344 2373 412">
    <p class='ocr_par' dir='ltr' id='par_1_1' title="bbox 546 344 2373 412">
     <span class='ocr_line' id='line_1_1' title="bbox 546 344 2373 412; baseline 0.004 -12"><span class='ocrx_word' id='word_1_1' title='bbox 546 344 616 401; x_wconf 76' lang='lat'><strong>27</strong></span> <span class='ocrx_word' id='word_1_2' title='bbox 1898 406 1902 412; x_wconf 84' lang='grc'><em>,</em></span> <span class='ocrx_word' id='word_1_3' title='bbox 1978 352 2373 409; x_wconf 63' lang='grc' dir='ltr'><strong>ΡΠᾸΞΕΛΤΙυ.</strong></span> 
     </span>
    </p>
   </div>
   <div class='ocr_carea' id='block_1_2' title="bbox 3761 369 3844 429">
    <p class='ocr_par' dir='ltr' id='par_1_2' title="bbox 3761 369 3844 429">
     <span class='ocr_line' id='line_1_2' title="bbox 3761 369 3844 429; baseline 0 -4"><span class='ocrx_word' id='word_1_4' title='bbox 3761 369 3844 429; x_wconf 75' lang='grc'><strong>28</strong></span> 
     </span>
    </p>
   </div>
   <div class='ocr_carea' id='block_1_3' title="bbox 545 461 3832 556">
    <p class='ocr_par' dir='ltr' id='par_1_3' title="bbox 545 461 3832 556">
     <span class='ocr_line' id='line_1_3' title="bbox 545 461 3832 556; baseline 0.006 -40"><span class='ocrx_word' id='word_1_5' title='bbox 545 461 759 518; x_wconf 87' lang='lat' dir='ltr'><strong>stitutos</strong></span> <span class='ocrx_word' id='word_1_6' title='bbox 789 480 806 518; x_wconf 88' lang='lat'><strong>:</strong></span> <span class='ocrx_word' id='word_1_7' title='bbox 837 479 973 533; x_wconf 90' lang='lat' dir='ltr'><strong>quos</strong></span> <span class='ocrx_word' id='word_1_8' title='bbox 1010 466 1436 533; x_wconf 85' lang='lat' dir='ltr'><strong>metropolitani,</strong></span> <span class='ocrx_word' id='word_1_9' title='bbox 1466 466 1534 521; x_wconf 88' lang='lat' dir='ltr'><strong>de</strong></span> <span class='ocrx_word' id='word_1_10' title='bbox 1571 480 1758 521; x_wconf 90' lang='lat' dir='ltr'><strong>eorum</strong></span> <span class='ocrx_word' id='word_1_11' title='bbox 1799 467 2040 523; x_wconf 77' lang='lat' dir='ltr'><strong>dot:lt&#39;itta</strong></span> <span class='ocrx_word' id='word_1_12' title='bbox 2081 480 2134 523; x_wconf 91' lang='lat' dir='ltr'><strong>et</strong></span> <span class='ocrx_word' id='word_1_13' title='bbox 2163 470 2214 529; x_wconf 80' lang='grc' dir='ltr'><strong>Α</strong></span> <span class='ocrx_word' id='word_1_14' title='bbox 2244 485 2361 523; x_wconf 90' lang='lat' dir='ltr'><strong>rum</strong></span> <span class='ocrx_word' id='word_1_15' title='bbox 2412 469 2692 526; x_wconf 82' lang='lat' dir='ltr'><strong>Ortlittatus</strong></span> <span class='ocrx_word' id='word_1_16' title='bbox 2734 485 2815 529; x_wconf 72' lang='grc' dir='ltr'><strong>εει</strong></span> <span class='ocrx_word' id='word_1_17' title='bbox 2837 517 2852 539; x_wconf 97' lang='lat'><strong>,</strong></span> <span class='ocrx_word' id='word_1_18' title='bbox 2887 476 3186 533; x_wconf 78' lang='lat' dir='ltr'><strong>Aventinus</strong></span> <span class='ocrx_word' id='word_1_19' title='bbox 3211 477 3353 548; x_wconf 86' lang='lat' dir='ltr'><strong>apud</strong></span> <span class='ocrx_word' id='word_1_20' title='bbox 3391 478 3790 539; x_wconf 78' lang='lat' dir='ltr'><strong>Castrudunum</strong></span> <span class='ocrx_word' id='word_1_21' title='bbox 3812 530 3832 556; x_wconf 76' lang='lat'><strong>,</strong></span> 
     </span>
    </p>
   </div>
   <div class='ocr_carea' id='block_1_4' title="bbox 546 555 2134 628">
    <p class='ocr_par' dir='ltr' id='par_1_4' title="bbox 546 555 2134 628">
     <span class='ocr_line' id='line_1_4' title="bbox 546 555 2134 628; baseline 0.004 -19"><span class='ocrx_word' id='word_1_22' title='bbox 546 555 726 624; x_wconf 80' lang='lat' dir='ltr'><strong>probis</strong></span> <span class='ocrx_word' id='word_1_23' title='bbox 757 556 996 611; x_wconf 91' lang='lat' dir='ltr'><strong>moribus</strong></span> <span class='ocrx_word' id='word_1_24' title='bbox 1024 573 1053 612; x_wconf 90' lang='lat' dir='ltr'><strong>a</strong></span> <span class='ocrx_word' id='word_1_25' title='bbox 1080 572 1205 628; x_wconf 67' lang='lat' dir='ltr'><strong>rege</strong></span> <span class='ocrx_word' id='word_1_26' title='bbox 1229 558 1345 624; x_wconf 91' lang='lat' dir='ltr'><strong>ipso</strong></span> <span class='ocrx_word' id='word_1_27' title='bbox 1372 558 1490 611; x_wconf 86' lang='lat' dir='ltr'><strong>lacti</strong></span> <span class='ocrx_word' id='word_1_28' title='bbox 1535 559 1817 625; x_wconf 88' lang='lat' dir='ltr'><strong>certiores,</strong></span> <span class='ocrx_word' id='word_1_29' title='bbox 1847 575 2134 616; x_wconf 87' lang='lat' dir='ltr'><strong>consecra-</strong></span> 
     </span>
    </p>
   </div>
   <div class='ocr_carea' id='block_1_5' title="bbox 544 650 2135 723">
    <p class='ocr_par' dir='ltr' id='par_1_5' title="bbox 544 650 2135 723">
     <span class='ocr_line' id='line_1_5' title="bbox 544 650 2135 723; baseline 0.003 -20"><span class='ocrx_word' id='word_1_30' title='bbox 544 650 702 714; x_wconf 86' lang='lat' dir='ltr'><strong>bant;</strong></span> <span class='ocrx_word' id='word_1_31' title='bbox 734 650 827 706; x_wconf 80' lang='lat' dir='ltr'><strong>sed</strong></span> <span class='ocrx_word' id='word_1_32' title='bbox 850 652 1043 706; x_wconf 76' lang='lat' dir='ltr'><strong>civium</strong></span> <span class='ocrx_word' id='word_1_33' title='bbox 1066 662 1154 705; x_wconf 90' lang='lat' dir='ltr'><strong>aut</strong></span> <span class='ocrx_word' id='word_1_34' title='bbox 1177 652 1304 706; x_wconf 82' lang='lat' dir='ltr'><strong>cieri</strong></span> <span class='ocrx_word' id='word_1_35' title='bbox 1328 665 1643 718; x_wconf 80' lang='lat' dir='ltr'><strong>consensus,</strong></span> <span class='ocrx_word' id='word_1_36' title='bbox 1664 669 1782 706; x_wconf 83' lang='lat' dir='ltr'><strong>cum</strong></span> <span class='ocrx_word' id='word_1_37' title='bbox 1808 654 1881 707; x_wconf 88' lang='lat' dir='ltr'><strong>illi</strong></span> <span class='ocrx_word' id='word_1_38' title='bbox 1908 656 2135 723; x_wconf 89' lang='lat' dir='ltr'><strong>primum</strong></span> 
     </span>
    </p>
   </div>
   <div class='ocr_carea' id='block_1_6' title="bbox 544 742 2133 814">
    <p class='ocr_par' dir='ltr' id='par_1_6' title="bbox 544 742 2133 814">
     <span class='ocr_line' id='line_1_6' title="bbox 544 742 2133 814; baseline 0.003 -18"><span class='ocrx_word' id='word_1_39' title='bbox 544 742 601 798; x_wconf 90' lang='lat' dir='ltr'><strong>in</strong></span> <span class='ocrx_word' id='word_1_40' title='bbox 640 742 825 798; x_wconf 84' lang='lat' dir='ltr'><strong>urbem</strong></span> <span class='ocrx_word' id='word_1_41' title='bbox 855 758 1004 798; x_wconf 83' lang='lat' dir='ltr'><strong>suam</strong></span> <span class='ocrx_word' id='word_1_42' title='bbox 1039 744 1414 807; x_wconf 78' lang='lat' dir='ltr'><strong>adveniebant,</strong></span> <span class='ocrx_word' id='word_1_43' title='bbox 1444 744 1752 814; x_wconf 86' lang='lat' dir='ltr'><strong>rogabatur.</strong></span> <span class='ocrx_word' id='word_1_44' title='bbox 1794 746 1919 800; x_wconf 70' lang='lat' dir='ltr'><strong>llazc</strong></span> <span class='ocrx_word' id='word_1_45' title='bbox 1957 756 2133 801; x_wconf 90' lang='lat' dir='ltr'><strong>tamen</strong></span> 
     </span>
    </p>
   </div>
   <div class='ocr_carea' id='block_1_7' title="bbox 542 834 2137 893">
    <p class='ocr_par' dir='ltr' id='par_1_7' title="bbox 542 834 2137 893">
     <span class='ocr_line' id='line_1_7' title="bbox 542 834 2137 893; baseline 0.005 -11"><span class='ocrx_word' id='word_1_46' title='bbox 542 834 876 888; x_wconf 76' lang='lat' dir='ltr'><strong>consuetudo</strong></span> <span class='ocrx_word' id='word_1_47' title='bbox 906 835 1225 888; x_wconf 78' lang='lat' dir='ltr'><strong>electiontttn</strong></span> <span class='ocrx_word' id='word_1_48' title='bbox 1257 834 1555 889; x_wconf 86' lang='lat' dir='ltr'><strong>libertatem</strong></span> <span class='ocrx_word' id='word_1_49' title='bbox 1591 837 1814 890; x_wconf 90' lang='lat' dir='ltr'><strong>multum</strong></span> <span class='ocrx_word' id='word_1_50' title='bbox 1850 838 2137 893; x_wconf 87' lang='lat' dir='ltr'><strong>labefacta-</strong></span> 
     </span>
    </p>
   </div>
   <div class='ocr_carea' id='block_1_8' title="bbox 542 927 2133 997">
    <p class='ocr_par' dir='ltr' id='par_1_8' title="bbox 542 927 2133 997">
     <span class='ocr_line' id='line_1_8' title="bbox 542 927 2133 997; baseline 0.003 -17"><span class='ocrx_word' id='word_1_51' title='bbox 542 929 646 993; x_wconf 88' lang='lat' dir='ltr'><strong>vit;</strong></span> <span class='ocrx_word' id='word_1_52' title='bbox 692 943 849 997; x_wconf 88' lang='lat' dir='ltr'><strong>quam</strong></span> <span class='ocrx_word' id='word_1_53' title='bbox 897 928 1132 982; x_wconf 71' lang='lat' dir='ltr'><strong>conciliis</strong></span> <span class='ocrx_word' id='word_1_54' title='bbox 1178 927 1434 993; x_wconf 70' lang='lat' dir='ltr'><strong>ignotam,</strong></span> <span class='ocrx_word' id='word_1_55' title='bbox 1479 938 1533 982; x_wconf 83' lang='lat' dir='ltr'><strong>et</strong></span> <span class='ocrx_word' id='word_1_56' title='bbox 1578 929 1776 985; x_wconf 81' lang='lat' dir='ltr'><strong>sensim</strong></span> <span class='ocrx_word' id='word_1_57' title='bbox 1819 932 1936 985; x_wconf 85' lang='lat' dir='ltr'><strong>sine</strong></span> <span class='ocrx_word' id='word_1_58' title='bbox 1974 947 2133 986; x_wconf 74' lang='lat' dir='ltr'><strong>sensu</strong></span> 
     </span>
    </p>
   </div>
   <div class='ocr_carea' id='block_1_9' title="bbox 526 1018 2135 1078">
    <p class='ocr_par' dir='ltr' id='par_1_9' title="bbox 526 1018 2135 1078">
     <span class='ocr_line' id='line_1_9' title="bbox 526 1018 2135 1078; baseline 0.004 -7"><span class='ocrx_word' id='word_1_59' title='bbox 526 1019 896 1072; x_wconf 77' lang='lat' dir='ltr'><strong>introductam</strong></span> <span class='ocrx_word' id='word_1_60' title='bbox 925 1018 1230 1073; x_wconf 81' lang='lat' dir='ltr'><strong>Clilotarius</strong></span> <span class='ocrx_word' id='word_1_61' title='bbox 1261 1020 1301 1074; x_wconf 96' lang='lat' dir='ltr'><strong>ll</strong></span> <span class='ocrx_word' id='word_1_62' title='bbox 1364 1020 1414 1073; x_wconf 94' lang='lat' dir='ltr'><strong>in</strong></span> <span class='ocrx_word' id='word_1_63' title='bbox 1448 1021 1681 1076; x_wconf 90' lang='lat' dir='ltr'><strong>edictum</strong></span> <span class='ocrx_word' id='word_1_64' title='bbox 1714 1022 2135 1078; x_wconf 86' lang='lat' dir='ltr'><strong>conlirmat&#39;onis</strong></span> 
     </span>
    </p>
   </div>
   <div class='ocr_carea' id='block_1_10' title="bbox 543 1110 2132 1181">
    <p class='ocr_par' dir='ltr' id='par_1_10' title="bbox 543 1110 2132 1181">
     <span class='ocr_line' id='line_1_10' title="bbox 543 1110 2132 1181; baseline 0.004 -19"><span class='ocrx_word' id='word_1_65' title='bbox 543 1112 732 1181; x_wconf 74' lang='lat' dir='ltr'><strong>synodi</strong></span> <span class='ocrx_word' id='word_1_66' title='bbox 758 1127 787 1162; x_wconf 91' lang='lat' dir='ltr'><strong>v</strong></span> <span class='ocrx_word' id='word_1_67' title='bbox 827 1110 1141 1164; x_wconf 75' lang='lat' dir='ltr'><strong>Parisicnsis</strong></span> <span class='ocrx_word' id='word_1_68' title='bbox 1171 1112 1372 1177; x_wconf 89' lang='lat' dir='ltr'><strong>primus</strong></span> <span class='ocrx_word' id='word_1_69' title='bbox 1400 1112 1563 1167; x_wconf 87' lang='lat' dir='ltr'><strong>inseri</strong></span> <span class='ocrx_word' id='word_1_70' title='bbox 1591 1115 1817 1178; x_wconf 83' lang='lat' dir='ltr'><strong>curavit,</strong></span> <span class='ocrx_word' id='word_1_71' title='bbox 1844 1130 1983 1168; x_wconf 89' lang='lat' dir='ltr'><strong>anno</strong></span> <span class='ocrx_word' id='word_1_72' title='bbox 2005 1114 2132 1177; x_wconf 64' lang='lat' dir='ltr'><strong>M3,</strong></span> 
     </span>
    </p>
   </div>
   <div class='ocr_carea' id='block_1_11' title="bbox 547 1201 2132 1272">
    <p class='ocr_par' dir='ltr' id='par_1_11' title="bbox 547 1201 2132 1272">
     <span class='ocr_line' id='line_1_11' title="bbox 547 1201 2132 1272; baseline 0.003 -17"><span class='ocrx_word' id='word_1_73' title='bbox 547 1210 607 1256; x_wconf 90' lang='lat' dir='ltr'><strong>ut</strong></span> <span class='ocrx_word' id='word_1_74' title='bbox 635 1201 884 1268; x_wconf 81' lang='lat' dir='ltr'><strong>deinceps</strong></span> <span class='ocrx_word' id='word_1_75' title='bbox 915 1217 1011 1268; x_wconf 90' lang='lat' dir='ltr'><strong>pro</strong></span> <span class='ocrx_word' id='word_1_76' title='bbox 1042 1202 1157 1270; x_wconf 82' lang='lat' dir='ltr'><strong>lege</strong></span> <span class='ocrx_word' id='word_1_77' title='bbox 1189 1202 1495 1257; x_wconf 85' lang='lat' dir='ltr'><strong>haberetur.</strong></span> <span class='ocrx_word' id='word_1_78' title='bbox 1523 1202 1803 1272; x_wconf 74' lang='lat' dir='ltr'><strong>Episcopo,</strong></span> <span class='ocrx_word' id='word_1_79' title='bbox 1830 1208 1880 1258; x_wconf 90' lang='lat' dir='ltr'><strong>in</strong></span> <span class='ocrx_word' id='word_1_80' title='bbox 1902 1207 2020 1269; x_wconf 80' lang='lat' dir='ltr'><strong>mit,</strong></span> <span class='ocrx_word' id='word_1_81' title='bbox 2045 1208 2132 1259; x_wconf 85' lang='lat' dir='ltr'><strong>de-</strong></span> 
     </span>
    </p>
   </div>
   <div class='ocr_carea' id='block_1_12' title="bbox 537 1290 2135 1366">
    <p class='ocr_par' dir='ltr' id='par_1_12' title="bbox 537 1290 2135 1366">
     <span class='ocr_line' id='line_1_12' title="bbox 537 1290 2135 1366; baseline 0.003 -21"><span class='ocrx_word' id='word_1_82' title='bbox 537 1290 764 1354; x_wconf 77' lang='lat' dir='ltr'><strong>cedente,</strong></span> <span class='ocrx_word' id='word_1_83' title='bbox 790 1296 841 1345; x_wconf 86' lang='lat' dir='ltr'><strong>in</strong></span> <span class='ocrx_word' id='word_1_84' title='bbox 872 1295 985 1347; x_wconf 85' lang='lat' dir='ltr'><strong>loco</strong></span> <span class='ocrx_word' id='word_1_85' title='bbox 1010 1293 1173 1360; x_wconf 79' lang='lat' dir='ltr'><strong>ipsius</strong></span> <span class='ocrx_word' id='word_1_86' title='bbox 1193 1295 1282 1363; x_wconf 82' lang='lat' dir='ltr'><strong>qui</strong></span> <span class='ocrx_word' id='word_1_87' title='bbox 1306 1311 1338 1346; x_wconf 88' lang='lat' dir='ltr'><strong>a</strong></span> <span class='ocrx_word' id='word_1_88' title='bbox 1366 1298 1757 1366; x_wconf 69' lang='lat' dir='ltr'><strong>metrOpolilano</strong></span> <span class='ocrx_word' id='word_1_89' title='bbox 1787 1298 2018 1350; x_wconf 84' lang='lat' dir='ltr'><strong>ordinari</strong></span> <span class='ocrx_word' id='word_1_90' title='bbox 2046 1300 2135 1350; x_wconf 86' lang='lat' dir='ltr'><strong>de-</strong></span> 
     </span>
    </p>
   </div>
   <div class='ocr_carea' id='block_1_13' title="bbox 536 1384 2132 1457">
    <p class='ocr_par' dir='ltr' id='par_1_13' title="bbox 536 1384 2132 1457">
     <span class='ocr_line' id='line_1_13' title="bbox 536 1384 2132 1457; baseline 0.003 -20"><span class='ocrx_word' id='word_1_91' title='bbox 536 1384 633 1449; x_wconf 75' lang='lat' dir='ltr'><strong>bet,</strong></span> <span class='ocrx_word' id='word_1_92' title='bbox 665 1399 782 1438; x_wconf 85' lang='lat' dir='ltr'><strong>cum</strong></span> <span class='ocrx_word' id='word_1_93' title='bbox 804 1386 1197 1454; x_wconf 78' lang='lat' dir='ltr'><strong>provincialibus</strong></span> <span class='ocrx_word' id='word_1_94' title='bbox 1222 1403 1254 1438; x_wconf 88' lang='lat' dir='ltr'><strong>a</strong></span> <span class='ocrx_word' id='word_1_95' title='bbox 1279 1388 1415 1439; x_wconf 78' lang='lat' dir='ltr'><strong>clero</strong></span> <span class='ocrx_word' id='word_1_96' title='bbox 1444 1396 1489 1440; x_wconf 83' lang='lat' dir='ltr'><strong>et</strong></span> <span class='ocrx_word' id='word_1_97' title='bbox 1517 1387 1710 1456; x_wconf 83' lang='lat' dir='ltr'><strong>populo</strong></span> <span class='ocrx_word' id='word_1_98' title='bbox 1739 1389 1993 1457; x_wconf 81' lang='lat' dir='ltr'><strong>eligatur;</strong></span> <span class='ocrx_word' id='word_1_99' title='bbox 2021 1400 2067 1441; x_wconf 91' lang='lat' dir='ltr'><strong>et</strong></span> <span class='ocrx_word' id='word_1_100' title='bbox 2089 1391 2132 1441; x_wconf 85' lang='lat' dir='ltr'><strong>si</strong></span> 
     </span>
    </p>
   </div>
   <div class='ocr_carea' id='block_1_14' title="bbox 536 1477 2132 1548">
    <p class='ocr_par' dir='ltr' id='par_1_14' title="bbox 536 1477 2132 1548">
     <span class='ocr_line' id='line_1_14' title="bbox 536 1477 2132 1548; baseline 0.001 -19"><span class='ocrx_word' id='word_1_101' title='bbox 536 1492 754 1542; x_wconf 79' lang='lat' dir='ltr'><strong>persona</strong></span> <span class='ocrx_word' id='word_1_102' title='bbox 774 1477 1028 1547; x_wconf 82' lang='lat' dir='ltr'><strong>condigna</strong></span> <span class='ocrx_word' id='word_1_103' title='bbox 1052 1478 1228 1546; x_wconf 81' lang='lat' dir='ltr'><strong>fuerit,</strong></span> <span class='ocrx_word' id='word_1_104' title='bbox 1262 1493 1351 1544; x_wconf 85' lang='lat' dir='ltr'><strong>per</strong></span> <span class='ocrx_word' id='word_1_105' title='bbox 1375 1478 1750 1531; x_wconf 56' lang='lat' dir='ltr'><strong>ordinationem</strong></span> <span class='ocrx_word' id='word_1_106' title='bbox 1774 1480 2021 1548; x_wconf 79' lang='lat' dir='ltr'><strong>principis</strong></span> <span class='ocrx_word' id='word_1_107' title='bbox 2043 1496 2132 1531; x_wconf 86' lang='lat' dir='ltr'><strong>or-</strong></span> 
     </span>
    </p>
   </div>
   <div class='ocr_carea' id='block_1_15' title="bbox 533 1568 2132 1641">
    <p class='ocr_par' dir='ltr' id='par_1_15' title="bbox 533 1568 2132 1641">
     <span class='ocr_line' id='line_1_15' title="bbox 533 1568 2132 1641; baseline 0.003 -21"><span class='ocrx_word' id='word_1_108' title='bbox 533 1570 759 1620; x_wconf 80' lang='lat' dir='ltr'><strong>dinetur.</strong></span> <span class='ocrx_word' id='word_1_109' title='bbox 793 1568 918 1622; x_wconf 75' lang='lat' dir='ltr'><strong>Ibec</strong></span> <span class='ocrx_word' id='word_1_110' title='bbox 946 1570 1116 1637; x_wconf 89' lang='lat' dir='ltr'><strong>prima</strong></span> <span class='ocrx_word' id='word_1_111' title='bbox 1144 1570 1541 1624; x_wconf 87' lang='lat' dir='ltr'><strong>ordinationum</strong></span> <span class='ocrx_word' id='word_1_112' title='bbox 1583 1573 1789 1641; x_wconf 85' lang='lat' dir='ltr'><strong>regula,</strong></span> <span class='ocrx_word' id='word_1_113' title='bbox 1818 1585 1871 1626; x_wconf 91' lang='lat' dir='ltr'><strong>ut</strong></span> <span class='ocrx_word' id='word_1_114' title='bbox 1902 1573 2132 1627; x_wconf 82' lang='lat' dir='ltr'><strong>vidimus</strong></span> 
     </span>
    </p>
   </div>
   <div class='ocr_carea' id='block_1_16' title="bbox 534 1662 2132 1729">
    <p class='ocr_par' dir='ltr' id='par_1_16' title="bbox 534 1662 2132 1729">
     <span class='ocr_line' id='line_1_16' title="bbox 534 1662 2132 1729; baseline 0.007 -16"><span class='ocrx_word' id='word_1_115' title='bbox 534 1677 601 1715; x_wconf 75' lang='lat' dir='ltr'><strong>ex</strong></span> <span class='ocrx_word' id='word_1_116' title='bbox 617 1662 885 1716; x_wconf 89' lang='lat' dir='ltr'><strong>conciliov</strong></span> <span class='ocrx_word' id='word_1_117' title='bbox 905 1664 1296 1729; x_wconf 77' lang='lat' dir='ltr'><strong>Aurelianensi,</strong></span> <span class='ocrx_word' id='word_1_118' title='bbox 1327 1682 1515 1720; x_wconf 88' lang='lat' dir='ltr'><strong>novam</strong></span> <span class='ocrx_word' id='word_1_119' title='bbox 1533 1667 1683 1720; x_wconf 86' lang='lat' dir='ltr'><strong>addit</strong></span> <span class='ocrx_word' id='word_1_120' title='bbox 1709 1687 1722 1720; x_wconf 87' lang='lat'>:</span> <span class='ocrx_word' id='word_1_121' title='bbox 1756 1667 1831 1721; x_wconf 84' lang='lat' dir='ltr'><strong>rel</strong></span> <span class='ocrx_word' id='word_1_122' title='bbox 1851 1679 1983 1722; x_wconf 84' lang='lat' dir='ltr'><strong>certe</strong></span> <span class='ocrx_word' id='word_1_123' title='bbox 2003 1672 2046 1722; x_wconf 87' lang='lat' dir='ltr'><strong>si</strong></span> <span class='ocrx_word' id='word_1_124' title='bbox 2068 1672 2132 1724; x_wconf 79' lang='lat' dir='ltr'><strong>de</strong></span> 
     </span>
    </p>
   </div>
   <div class='ocr_carea' id='block_1_17' title="bbox 536 1753 2133 1827">
    <p class='ocr_par' dir='ltr' id='par_1_17' title="bbox 536 1753 2133 1827">
     <span class='ocr_line' id='line_1_17' title="bbox 536 1753 2133 1827; baseline 0.006 -24"><span class='ocrx_word' id='word_1_125' title='bbox 536 1753 732 1819; x_wconf 83' lang='lat' dir='ltr'><strong>palatio</strong></span> <span class='ocrx_word' id='word_1_126' title='bbox 759 1754 985 1821; x_wconf 81' lang='lat' dir='ltr'><strong>eligitur,</strong></span> <span class='ocrx_word' id='word_1_127' title='bbox 1015 1772 1106 1824; x_wconf 88' lang='lat' dir='ltr'><strong>per</strong></span> <span class='ocrx_word' id='word_1_128' title='bbox 1131 1757 1366 1809; x_wconf 86' lang='lat' dir='ltr'><strong>meritum</strong></span> <span class='ocrx_word' id='word_1_129' title='bbox 1393 1774 1626 1827; x_wconf 66' lang='lat' dir='ltr'><strong>personis</strong></span> <span class='ocrx_word' id='word_1_130' title='bbox 1652 1769 1699 1811; x_wconf 88' lang='lat' dir='ltr'><strong>et</strong></span> <span class='ocrx_word' id='word_1_131' title='bbox 1729 1760 1974 1813; x_wconf 70' lang='lat' dir='ltr'><strong>doctrina</strong></span> <span class='ocrx_word' id='word_1_132' title='bbox 1993 1764 2133 1814; x_wconf 82' lang='lat' dir='ltr'><strong>ardi-</strong></span> 
     </span>
    </p>
   </div>
   <div class='ocr_carea' id='block_1_18' title="bbox 2240 563 3831 641">
    <p class='ocr_par' dir='ltr' id='par_1_18' title="bbox 2240 563 3831 641">
     <span class='ocr_line' id='line_1_18' title="bbox 2240 563 3831 641; baseline 0.01 -28"><span class='ocrx_word' id='word_1_133' title='bbox 2240 563 2623 630; x_wconf 82' lang='lat' dir='ltr'><strong>Austrapinsin</strong></span> <span class='ocrx_word' id='word_1_134' title='bbox 2655 564 2883 620; x_wconf 84' lang='lat' dir='ltr'><strong>Sellensi</strong></span> <span class='ocrx_word' id='word_1_135' title='bbox 2911 579 3112 634; x_wconf 86' lang='lat' dir='ltr'><strong>castro,</strong></span> <span class='ocrx_word' id='word_1_136' title='bbox 3169 580 3272 625; x_wconf 87' lang='lat' dir='ltr'><strong>etc.</strong></span> <span class='ocrx_word' id='word_1_137' title='bbox 3323 571 3700 641; x_wconf 82' lang='lat' dir='ltr'><strong>Coadjutorem</strong></span> <span class='ocrx_word' id='word_1_138' title='bbox 3750 588 3831 631; x_wconf 77' lang='lat' dir='ltr'><strong>ta-</strong></span> 
     </span>
    </p>
   </div>
   <div class='ocr_carea' id='block_1_19' title="bbox 2240 656 3832 738">
    <p class='ocr_par' dir='ltr' id='par_1_19' title="bbox 2240 656 3832 738">
     <span class='ocr_line' id='line_1_19' title="bbox 2240 656 3832 738; baseline 0.011 -34"><span class='ocrx_word' id='word_1_139' title='bbox 2240 667 2362 705; x_wconf 88' lang='lat' dir='ltr'><strong>men</strong></span> <span class='ocrx_word' id='word_1_140' title='bbox 2405 656 2580 708; x_wconf 86' lang='lat' dir='ltr'><strong>renuit</strong></span> <span class='ocrx_word' id='word_1_141' title='bbox 2630 656 2881 711; x_wconf 86' lang='lat' dir='ltr'><strong>ordinare</strong></span> <span class='ocrx_word' id='word_1_142' title='bbox 2920 660 3220 738; x_wconf 82' lang='lat' dir='ltr'><strong>Gregorius</strong></span> <span class='ocrx_word' id='word_1_143' title='bbox 3268 672 3449 717; x_wconf 89' lang='lat' dir='ltr'><strong>noster</strong></span> <span class='ocrx_word' id='word_1_144' title='bbox 3489 664 3832 733; x_wconf 82' lang='lat' dir='ltr'><strong>Burgundio-</strong></span> 
     </span>
    </p>
   </div>
   <div class='ocr_carea' id='block_1_20' title="bbox 2240 745 3831 825">
    <p class='ocr_par' dir='ltr' id='par_1_20' title="bbox 2240 745 3831 825">
     <span class='ocr_line' id='line_1_20' title="bbox 2240 745 3831 825; baseline 0.012 -30"><span class='ocrx_word' id='word_1_145' title='bbox 2240 759 2399 811; x_wconf 91' lang='lat' dir='ltr'><strong>ncm,</strong></span> <span class='ocrx_word' id='word_1_146' title='bbox 2436 745 2628 802; x_wconf 76' lang='lat' dir='ltr'><strong>Felicis</strong></span> <span class='ocrx_word' id='word_1_147' title='bbox 2676 748 3052 806; x_wconf 82' lang='lat' dir='ltr'><strong>Namnetensis</strong></span> <span class='ocrx_word' id='word_1_148' title='bbox 3093 754 3329 823; x_wconf 81' lang='lat' dir='ltr'><strong>episcOpi</strong></span> <span class='ocrx_word' id='word_1_149' title='bbox 3380 768 3662 825; x_wconf 77' lang='lat' dir='ltr'><strong>nepotem,</strong></span> <span class='ocrx_word' id='word_1_150' title='bbox 3716 768 3831 814; x_wconf 89' lang='lat' dir='ltr'><strong>tum</strong></span> 
     </span>
    </p>
   </div>
   <div class='ocr_carea' id='block_1_21' title="bbox 2237 834 3835 911">
    <p class='ocr_par' dir='ltr' id='par_1_21' title="bbox 2237 834 3835 911">
     <span class='ocr_line' id='line_1_21' title="bbox 2237 834 3835 911; baseline 0.013 -27"><span class='ocrx_word' id='word_1_151' title='bbox 2237 834 2381 901; x_wconf 89' lang='lat' dir='ltr'><strong>quod</strong></span> <span class='ocrx_word' id='word_1_152' title='bbox 2412 839 2710 908; x_wconf 83' lang='lat' dir='ltr'><strong>neopliytus</strong></span> <span class='ocrx_word' id='word_1_153' title='bbox 2732 849 2898 905; x_wconf 88' lang='lat' dir='ltr'><strong>esset,</strong></span> <span class='ocrx_word' id='word_1_154' title='bbox 2934 853 3043 896; x_wconf 88' lang='lat' dir='ltr'><strong>tttm</strong></span> <span class='ocrx_word' id='word_1_155' title='bbox 3077 844 3223 911; x_wconf 80' lang='lat' dir='ltr'><strong>quod</strong></span> <span class='ocrx_word' id='word_1_156' title='bbox 3255 848 3393 899; x_wconf 83' lang='lat' dir='ltr'><strong>sacri</strong></span> <span class='ocrx_word' id='word_1_157' title='bbox 3422 861 3662 903; x_wconf 82' lang='lat' dir='ltr'><strong>canones</strong></span> <span class='ocrx_word' id='word_1_158' title='bbox 3684 860 3835 904; x_wconf 86' lang='lat' dir='ltr'><strong>vcta-</strong></span> 
     </span>
    </p>
   </div>
   <div class='ocr_carea' id='block_1_22' title="bbox 2238 932 3829 1001">
    <p class='ocr_par' dir='ltr' id='par_1_22' title="bbox 2238 932 3829 1001">
     <span class='ocr_line' id='line_1_22' title="bbox 2238 932 3829 1001; baseline 0.013 -22"><span class='ocrx_word' id='word_1_159' title='bbox 2238 937 2378 990; x_wconf 92' lang='lat' dir='ltr'><strong>rent,</strong></span> <span class='ocrx_word' id='word_1_160' title='bbox 2414 944 2481 984; x_wconf 86' lang='lat' dir='ltr'><strong>oe</strong></span> <span class='ocrx_word' id='word_1_161' title='bbox 2509 932 2629 999; x_wconf 88' lang='lat' dir='ltr'><strong>quis</strong></span> <span class='ocrx_word' id='word_1_162' title='bbox 2659 935 2943 1001; x_wconf 85' lang='lat' dir='ltr'><strong>episcopus</strong></span> <span class='ocrx_word' id='word_1_163' title='bbox 2972 936 3129 991; x_wconf 87' lang='lat' dir='ltr'><strong>alteri</strong></span> <span class='ocrx_word' id='word_1_164' title='bbox 3172 939 3347 992; x_wconf 91' lang='lat' dir='ltr'><strong>adhuc</strong></span> <span class='ocrx_word' id='word_1_165' title='bbox 3376 943 3576 995; x_wconf 77' lang='lat' dir='ltr'><strong>viventi</strong></span> <span class='ocrx_word' id='word_1_166' title='bbox 3624 944 3829 998; x_wconf 86' lang='lat' dir='ltr'><strong>substi-</strong></span> 
     </span>
    </p>
   </div>
   <div class='ocr_carea' id='block_1_23' title="bbox 2240 1022 3831 1095">
    <p class='ocr_par' dir='ltr' id='par_1_23' title="bbox 2240 1022 3831 1095">
     <span class='ocr_line' id='line_1_23' title="bbox 2240 1022 3831 1095; baseline 0.012 -26"><span class='ocrx_word' id='word_1_167' title='bbox 2240 1025 2497 1078; x_wconf 87' lang='lat' dir='ltr'><strong>tueretur.</strong></span> <span class='ocrx_word' id='word_1_168' title='bbox 2525 1030 2581 1073; x_wconf 93' lang='lat' dir='ltr'><strong>ut</strong></span> <span class='ocrx_word' id='word_1_169' title='bbox 2625 1022 2738 1091; x_wconf 88' lang='lat' dir='ltr'><strong>ipse</strong></span> <span class='ocrx_word' id='word_1_170' title='bbox 2774 1036 2958 1080; x_wconf 89' lang='lat' dir='ltr'><strong>narrat</strong></span> <span class='ocrx_word' id='word_1_171' title='bbox 2988 1027 3125 1081; x_wconf 87' lang='lat' dir='ltr'><strong>libro</strong></span> <span class='ocrx_word' id='word_1_172' title='bbox 3159 1045 3231 1090; x_wconf 87' lang='lat' dir='ltr'><strong>vt,</strong></span> <span class='ocrx_word' id='word_1_173' title='bbox 3256 1032 3430 1095; x_wconf 82' lang='lat' dir='ltr'><strong>capite</strong></span> <span class='ocrx_word' id='word_1_174' title='bbox 3459 1034 3493 1087; x_wconf 88' lang='lat'><strong>5</strong></span> <span class='ocrx_word' id='word_1_175' title='bbox 3514 1071 3529 1085; x_wconf 94' lang='lat'><strong>.</strong></span> <span class='ocrx_word' id='word_1_176' title='bbox 3560 1032 3714 1090; x_wconf 90' lang='lat' dir='ltr'><strong>Unde</strong></span> <span class='ocrx_word' id='word_1_177' title='bbox 3745 1035 3831 1088; x_wconf 89' lang='lat' dir='ltr'><strong>in-</strong></span> 
     </span>
    </p>
   </div>
   <div class='ocr_carea' id='block_1_24' title="bbox 2218 1111 3830 1191">
    <p class='ocr_par' dir='ltr' id='par_1_24' title="bbox 2218 1111 3830 1191">
     <span class='ocr_line' id='line_1_24' title="bbox 2218 1111 3830 1191; baseline 0.012 -29"><span class='ocrx_word' id='word_1_178' title='bbox 2218 1111 2418 1164; x_wconf 86' lang='lat' dir='ltr'><strong>solens</strong></span> <span class='ocrx_word' id='word_1_179' title='bbox 2446 1116 2668 1168; x_wconf 89' lang='lat' dir='ltr'><strong>omnino</strong></span> <span class='ocrx_word' id='word_1_180' title='bbox 2712 1117 2879 1172; x_wconf 87' lang='lat' dir='ltr'><strong>videri</strong></span> <span class='ocrx_word' id='word_1_181' title='bbox 2936 1120 3100 1175; x_wconf 87' lang='lat' dir='ltr'><strong>debet</strong></span> <span class='ocrx_word' id='word_1_182' title='bbox 3149 1122 3293 1191; x_wconf 88' lang='lat' dir='ltr'><strong>quod</strong></span> <span class='ocrx_word' id='word_1_183' title='bbox 3340 1122 3482 1177; x_wconf 90' lang='lat' dir='ltr'><strong>idem</strong></span> <span class='ocrx_word' id='word_1_184' title='bbox 3534 1126 3830 1191; x_wconf 76' lang='lat' dir='ltr'><strong>Gregorius</strong></span> 
     </span>
    </p>
   </div>
   <div class='ocr_carea' id='block_1_25' title="bbox 2238 1202 3827 1287">
    <p class='ocr_par' dir='ltr' id='par_1_25' title="bbox 2238 1202 3827 1287">
     <span class='ocr_line' id='line_1_25' title="bbox 2238 1202 3827 1287; baseline 0.012 -32"><span class='ocrx_word' id='word_1_185' title='bbox 2238 1202 2403 1259; x_wconf 83' lang='lat' dir='ltr'><strong>refert</strong></span> <span class='ocrx_word' id='word_1_186' title='bbox 2429 1205 2495 1260; x_wconf 88' lang='lat' dir='ltr'><strong>de</strong></span> <span class='ocrx_word' id='word_1_187' title='bbox 2518 1205 2801 1262; x_wconf 84' lang='lat' dir='ltr'><strong>Theodoro</strong></span> <span class='ocrx_word' id='word_1_188' title='bbox 2826 1220 2881 1263; x_wconf 91' lang='lat' dir='ltr'><strong>et</strong></span> <span class='ocrx_word' id='word_1_189' title='bbox 2912 1212 3135 1266; x_wconf 86' lang='lat' dir='ltr'><strong>Proculo</strong></span> <span class='ocrx_word' id='word_1_190' title='bbox 3164 1214 3433 1283; x_wconf 80' lang='lat' dir='ltr'><strong>episcopis</strong></span> <span class='ocrx_word' id='word_1_191' title='bbox 3460 1233 3492 1272; x_wconf 91' lang='lat' dir='ltr'><strong>e</strong></span> <span class='ocrx_word' id='word_1_192' title='bbox 3514 1219 3827 1287; x_wconf 76' lang='lat' dir='ltr'><strong>Burgundia</strong></span> 
     </span>
    </p>
   </div>
   <div class='ocr_carea' id='block_1_26' title="bbox 2235 1294 3828 1366">
    <p class='ocr_par' dir='ltr' id='par_1_26' title="bbox 2235 1294 3828 1366">
     <span class='ocr_line' id='line_1_26' title="bbox 2235 1294 3828 1366; baseline 0.011 -19"><span class='ocrx_word' id='word_1_193' title='bbox 2235 1294 2441 1363; x_wconf 89' lang='lat' dir='ltr'><strong>pulsis,</strong></span> <span class='ocrx_word' id='word_1_194' title='bbox 2487 1299 2576 1366; x_wconf 91' lang='lat' dir='ltr'><strong>qui</strong></span> <span class='ocrx_word' id='word_1_195' title='bbox 2618 1299 2920 1355; x_wconf 84' lang='lat' dir='ltr'><strong>Ecclesiam</strong></span> <span class='ocrx_word' id='word_1_196' title='bbox 2949 1302 3271 1358; x_wconf 83' lang='lat' dir='ltr'><strong>Turonicam</strong></span> <span class='ocrx_word' id='word_1_197' title='bbox 3304 1308 3461 1361; x_wconf 86' lang='lat' dir='ltr'><strong>simul</strong></span> <span class='ocrx_word' id='word_1_198' title='bbox 3508 1321 3713 1365; x_wconf 80' lang='lat' dir='ltr'><strong>texisse</strong></span> <span class='ocrx_word' id='word_1_199' title='bbox 3740 1311 3828 1364; x_wconf 85' lang='lat' dir='ltr'><strong>di-</strong></span> 
     </span>
    </p>
   </div>
   <div class='ocr_carea' id='block_1_27' title="bbox 2236 1391 3823 1469">
    <p class='ocr_par' dir='ltr' id='par_1_27' title="bbox 2236 1391 3823 1469">
     <span class='ocr_line' id='line_1_27' title="bbox 2236 1391 3823 1469; baseline 0.013 -32"><span class='ocrx_word' id='word_1_200' title='bbox 2236 1400 2456 1453; x_wconf 90' lang='lat' dir='ltr'><strong>cuntur,</strong></span> <span class='ocrx_word' id='word_1_201' title='bbox 2489 1399 2608 1457; x_wconf 77' lang='lat' dir='ltr'><strong>pust</strong></span> <span class='ocrx_word' id='word_1_202' title='bbox 2638 1391 2825 1445; x_wconf 86' lang='lat' dir='ltr'><strong>Licinii</strong></span> <span class='ocrx_word' id='word_1_203' title='bbox 2886 1404 2977 1447; x_wconf 89' lang='lat' dir='ltr'><strong>aut</strong></span> <span class='ocrx_word' id='word_1_204' title='bbox 3009 1394 3202 1450; x_wconf 86' lang='lat' dir='ltr'><strong>Leonis</strong></span> <span class='ocrx_word' id='word_1_205' title='bbox 3239 1399 3448 1452; x_wconf 85' lang='lat' dir='ltr'><strong>obitum</strong></span> <span class='ocrx_word' id='word_1_206' title='bbox 3484 1418 3495 1451; x_wconf 91' lang='lat'><strong>:</strong></span> <span class='ocrx_word' id='word_1_207' title='bbox 3529 1417 3697 1469; x_wconf 89' lang='lat' dir='ltr'><strong>quare</strong></span> <span class='ocrx_word' id='word_1_208' title='bbox 3725 1418 3823 1457; x_wconf 88' lang='lat' dir='ltr'><strong>eos</strong></span> 
     </span>
    </p>
   </div>
   <div class='ocr_carea' id='block_1_28' title="bbox 2238 1479 3825 1561">
    <p class='ocr_par' dir='ltr' id='par_1_28' title="bbox 2238 1479 3825 1561">
     <span class='ocr_line' id='line_1_28' title="bbox 2238 1479 3825 1561; baseline 0.013 -31"><span class='ocrx_word' id='word_1_209' title='bbox 2238 1479 2416 1545; x_wconf 86' lang='lat' dir='ltr'><strong>potius</strong></span> <span class='ocrx_word' id='word_1_210' title='bbox 2462 1482 2930 1540; x_wconf 76' lang='lat' dir='ltr'><strong>adtniuistratores</strong></span> <span class='ocrx_word' id='word_1_211' title='bbox 2973 1503 3137 1557; x_wconf 90' lang='lat' dir='ltr'><strong>quam</strong></span> <span class='ocrx_word' id='word_1_212' title='bbox 3200 1492 3483 1561; x_wconf 83' lang='lat' dir='ltr'><strong>episc0pos</strong></span> <span class='ocrx_word' id='word_1_213' title='bbox 3525 1494 3825 1551; x_wconf 84' lang='lat' dir='ltr'><strong>Turonicos</strong></span> 
     </span>
    </p>
   </div>
   <div class='ocr_carea' id='block_1_29' title="bbox 2234 1571 3823 1655">
    <p class='ocr_par' dir='ltr' id='par_1_29' title="bbox 2234 1571 3823 1655">
     <span class='ocr_line' id='line_1_29' title="bbox 2234 1571 3823 1655; baseline 0.011 -32"><span class='ocrx_word' id='word_1_214' title='bbox 2234 1571 2584 1636; x_wconf 81' lang='lat' dir='ltr'><strong>appellandos</strong></span> <span class='ocrx_word' id='word_1_215' title='bbox 2633 1589 2757 1631; x_wconf 88' lang='lat' dir='ltr'><strong>esse</strong></span> <span class='ocrx_word' id='word_1_216' title='bbox 2822 1577 3145 1634; x_wconf 80' lang='lat' dir='ltr'><strong>existimem.</strong></span> <span class='ocrx_word' id='word_1_217' title='bbox 3199 1583 3591 1655; x_wconf 85' lang='lat' dir='ltr'><strong>Nonnunquam</strong></span> <span class='ocrx_word' id='word_1_218' title='bbox 3645 1597 3823 1642; x_wconf 88' lang='lat' dir='ltr'><strong>tamen</strong></span> 
     </span>
    </p>
   </div>
   <div class='ocr_carea' id='block_1_30' title="bbox 2235 1659 3820 1741">
    <p class='ocr_par' dir='ltr' id='par_1_30' title="bbox 2235 1659 3820 1741">
     <span class='ocr_line' id='line_1_30' title="bbox 2235 1659 3820 1741; baseline 0.016 -31"><span class='ocrx_word' id='word_1_219' title='bbox 2235 1659 2497 1727; x_wconf 81' lang='lat' dir='ltr'><strong>episcopi,</strong></span> <span class='ocrx_word' id='word_1_220' title='bbox 2525 1664 2685 1718; x_wconf 84' lang='lat' dir='ltr'><strong>etiam</strong></span> <span class='ocrx_word' id='word_1_221' title='bbox 2719 1667 3063 1736; x_wconf 89' lang='lat' dir='ltr'><strong>sanctissimi,</strong></span> <span class='ocrx_word' id='word_1_222' title='bbox 3090 1673 3320 1741; x_wconf 78' lang='lat' dir='ltr'><strong>aliquem</strong></span> <span class='ocrx_word' id='word_1_223' title='bbox 3349 1692 3379 1731; x_wconf 92' lang='lat' dir='ltr'><strong>e</strong></span> <span class='ocrx_word' id='word_1_224' title='bbox 3412 1692 3512 1731; x_wconf 90' lang='lat' dir='ltr'><strong>suo</strong></span> <span class='ocrx_word' id='word_1_225' title='bbox 3533 1680 3681 1733; x_wconf 85' lang='lat' dir='ltr'><strong>clero</strong></span> <span class='ocrx_word' id='word_1_226' title='bbox 3718 1684 3820 1736; x_wconf 88' lang='lat' dir='ltr'><strong>sibi</strong></span> 
     </span>
    </p>
   </div>
   <div class='ocr_carea' id='block_1_31' title="bbox 2233 1758 3821 1833">
    <p class='ocr_par' dir='ltr' id='par_1_31' title="bbox 2233 1758 3821 1833">
     <span class='ocr_line' id='line_1_31' title="bbox 2233 1758 3821 1833; baseline 0.014 -29"><span class='ocrx_word' id='word_1_227' title='bbox 2233 1765 2599 1810; x_wconf 85' lang='lat' dir='ltr'><strong>successorem</strong></span> <span class='ocrx_word' id='word_1_228' title='bbox 2640 1758 3027 1827; x_wconf 83' lang='lat' dir='ltr'><strong>designarunt,</strong></span> <span class='ocrx_word' id='word_1_229' title='bbox 3055 1779 3216 1833; x_wconf 89' lang='lat' dir='ltr'><strong>quem</strong></span> <span class='ocrx_word' id='word_1_230' title='bbox 3255 1768 3499 1823; x_wconf 82' lang='lat' dir='ltr'><strong>sciebant</strong></span> <span class='ocrx_word' id='word_1_231' title='bbox 3540 1773 3605 1824; x_wconf 88' lang='lat' dir='ltr'><strong>ad</strong></span> <span class='ocrx_word' id='word_1_232' title='bbox 3640 1773 3690 1826; x_wconf 91' lang='lat' dir='ltr'><strong>id</strong></span> <span class='ocrx_word' id='word_1_233' title='bbox 3720 1776 3821 1827; x_wconf 85' lang='lat' dir='ltr'><strong>mi-</strong></span> 
     </span>
    </p>
   </div>
   <div class='ocr_carea' id='block_1_32' title="bbox 531 1846 2125 1937">
    <p class='ocr_par' dir='ltr' id='par_1_32' title="bbox 531 1846 2125 1908">
     <span class='ocr_line' id='line_1_32' title="bbox 531 1846 2125 1908; baseline 0.006 -9"><span class='ocrx_word' id='word_1_234' title='bbox 531 1855 703 1901; x_wconf 79' lang='lat' dir='ltr'><strong>netur.</strong></span> <span class='ocrx_word' id='word_1_235' title='bbox 735 1848 801 1900; x_wconf 84' lang='lat' dir='ltr'><strong>At</strong></span> <span class='ocrx_word' id='word_1_236' title='bbox 833 1846 945 1901; x_wconf 79' lang='lat' dir='ltr'><strong>lucc</strong></span> <span class='ocrx_word' id='word_1_237' title='bbox 974 1864 1107 1901; x_wconf 90' lang='lat' dir='ltr'><strong>nova</strong></span> <span class='ocrx_word' id='word_1_238' title='bbox 1135 1851 1468 1904; x_wconf 87' lang='lat' dir='ltr'><strong>consuetudo</strong></span> <span class='ocrx_word' id='word_1_239' title='bbox 1490 1852 1773 1905; x_wconf 84' lang='lat' dir='ltr'><strong>multorum</strong></span> <span class='ocrx_word' id='word_1_240' title='bbox 1801 1853 1851 1905; x_wconf 93' lang='lat' dir='ltr'><strong>in</strong></span> <span class='ocrx_word' id='word_1_241' title='bbox 1884 1853 2125 1908; x_wconf 80' lang='lat' dir='ltr'><strong>Ecclesia</strong></span> 
     </span>
    </p>
   </div>
   <div class='ocr_carea' id='block_1_33' title="bbox 2229 1846 3818 1937">
    <p class='ocr_par' dir='ltr' id='par_1_33' title="bbox 2237 1846 3818 1937">
     <span class='ocr_line' id='line_1_33' title="bbox 2237 1846 3818 1937; baseline 0.016 -41"><span class='ocrx_word' id='word_1_242' title='bbox 2237 1846 2515 1904; x_wconf 89' lang='lat' dir='ltr'><strong>nisterium</strong></span> <span class='ocrx_word' id='word_1_243' title='bbox 2545 1867 2653 1919; x_wconf 74' lang='lat' dir='ltr'><strong>pra:</strong></span> <span class='ocrx_word' id='word_1_244' title='bbox 2694 1857 2909 1911; x_wconf 68' lang='lat' dir='ltr'><strong>caeteris</strong></span> <span class='ocrx_word' id='word_1_245' title='bbox 2938 1857 3188 1915; x_wconf 81' lang='lat' dir='ltr'><strong>idoneum</strong></span> <span class='ocrx_word' id='word_1_246' title='bbox 3216 1877 3357 1920; x_wconf 89' lang='lat' dir='ltr'><strong>esse.</strong></span> <span class='ocrx_word' id='word_1_247' title='bbox 3408 1865 3483 1920; x_wconf 91' lang='lat' dir='ltr'><strong>lta</strong></span> <span class='ocrx_word' id='word_1_248' title='bbox 3531 1868 3818 1937; x_wconf 74' lang='lat' dir='ltr'><strong>Sacerdos,</strong></span> 
     </span>
    </p>
   </div>
   <div class='ocr_carea' id='block_1_34' title="bbox 535 1936 2124 2009">
    <p class='ocr_par' dir='ltr' id='par_1_34' title="bbox 535 1936 2124 2009">
     <span class='ocr_line' id='line_1_34' title="bbox 535 1936 2124 2009; baseline 0.006 -20"><span class='ocrx_word' id='word_1_249' title='bbox 535 1936 794 1991; x_wconf 89' lang='lat' dir='ltr'><strong>malorum</strong></span> <span class='ocrx_word' id='word_1_250' title='bbox 805 1939 1015 1993; x_wconf 85' lang='lat' dir='ltr'><strong>occasio</strong></span> <span class='ocrx_word' id='word_1_251' title='bbox 1033 1938 1151 2008; x_wconf 87' lang='lat' dir='ltr'><strong>luit,</strong></span> <span class='ocrx_word' id='word_1_252' title='bbox 1167 1942 1394 1995; x_wconf 87' lang='lat' dir='ltr'><strong>favendo</strong></span> <span class='ocrx_word' id='word_1_253' title='bbox 1405 1942 1810 1998; x_wconf 88' lang='lat' dir='ltr'><strong>ambitiosornm</strong></span> <span class='ocrx_word' id='word_1_254' title='bbox 1824 1945 2124 2009; x_wconf 86' lang='lat' dir='ltr'><strong>conatibus,</strong></span> 
     </span>
    </p>
   </div>
   <div class='ocr_carea' id='block_1_35' title="bbox 540 2030 2130 2105">
    <p class='ocr_par' dir='ltr' id='par_1_35' title="bbox 540 2030 2130 2105">
     <span class='ocr_line' id='line_1_35' title="bbox 540 2030 2130 2105; baseline 0.007 -22"><span class='ocrx_word' id='word_1_255' title='bbox 540 2030 781 2086; x_wconf 79' lang='lat' dir='ltr'><strong>maxime</strong></span> <span class='ocrx_word' id='word_1_256' title='bbox 810 2031 1121 2088; x_wconf 84' lang='lat' dir='ltr'><strong>officialium</strong></span> <span class='ocrx_word' id='word_1_257' title='bbox 1146 2036 1450 2103; x_wconf 77' lang='lat' dir='ltr'><strong>regiorum,</strong></span> <span class='ocrx_word' id='word_1_258' title='bbox 1485 2039 1575 2105; x_wconf 91' lang='lat' dir='ltr'><strong>qui</strong></span> <span class='ocrx_word' id='word_1_259' title='bbox 1608 2047 1790 2105; x_wconf 82' lang='lat' dir='ltr'><strong>postea</strong></span> <span class='ocrx_word' id='word_1_260' title='bbox 1828 2040 2130 2105; x_wconf 83' lang='lat' dir='ltr'><strong>pinguiores</strong></span> 
     </span>
    </p>
   </div>
   <div class='ocr_carea' id='block_1_36' title="bbox 530 2122 2126 2202">
    <p class='ocr_par' dir='ltr' id='par_1_36' title="bbox 530 2122 2126 2202">
     <span class='ocr_line' id='line_1_36' title="bbox 530 2122 2126 2202; baseline 0.005 -26"><span class='ocrx_word' id='word_1_261' title='bbox 530 2122 869 2195; x_wconf 84' lang='lat' dir='ltr'><strong>episcopatus</strong></span> <span class='ocrx_word' id='word_1_262' title='bbox 894 2129 1141 2194; x_wconf 84' lang='lat' dir='ltr'><strong>aucupati</strong></span> <span class='ocrx_word' id='word_1_263' title='bbox 1165 2138 1292 2182; x_wconf 89' lang='lat' dir='ltr'><strong>sunt</strong></span> <span class='ocrx_word' id='word_1_264' title='bbox 1316 2147 1328 2182; x_wconf 92' lang='lat'><strong>:</strong></span> <span class='ocrx_word' id='word_1_265' title='bbox 1353 2139 1407 2184; x_wconf 88' lang='lat' dir='ltr'><strong>et</strong></span> <span class='ocrx_word' id='word_1_266' title='bbox 1427 2132 1606 2184; x_wconf 83' lang='lat' dir='ltr'><strong>statim</strong></span> <span class='ocrx_word' id='word_1_267' title='bbox 1629 2146 1693 2184; x_wconf 75' lang='lat' dir='ltr'><strong>ex</strong></span> <span class='ocrx_word' id='word_1_268' title='bbox 1721 2132 1869 2185; x_wconf 88' lang='lat' dir='ltr'><strong>Iaicis</strong></span> <span class='ocrx_word' id='word_1_269' title='bbox 1892 2132 2126 2202; x_wconf 86' lang='lat' dir='ltr'><strong>episcopi</strong></span> 
     </span>
    </p>
   </div>
   <div class='ocr_carea' id='block_1_37' title="bbox 534 2216 2131 2278">
    <p class='ocr_par' dir='ltr' id='par_1_37' title="bbox 534 2216 2131 2278">
     <span class='ocr_line' id='line_1_37' title="bbox 534 2216 2131 2278; baseline 0.007 -11"><span class='ocrx_word' id='word_1_270' title='bbox 534 2216 678 2275; x_wconf 82' lang='lat' dir='ltr'><strong>facti,</strong></span> <span class='ocrx_word' id='word_1_271' title='bbox 707 2217 959 2273; x_wconf 71' lang='lat' dir='ltr'><strong>Ecclesia:</strong></span> <span class='ocrx_word' id='word_1_272' title='bbox 982 2217 1270 2274; x_wconf 69' lang='lat' dir='ltr'><strong>Gallicanae</strong></span> <span class='ocrx_word' id='word_1_273' title='bbox 1293 2223 1631 2276; x_wconf 83' lang='lat' dir='ltr'><strong>sanctitatem</strong></span> <span class='ocrx_word' id='word_1_274' title='bbox 1657 2239 1763 2277; x_wconf 87' lang='lat' dir='ltr'><strong>non</strong></span> <span class='ocrx_word' id='word_1_275' title='bbox 1786 2225 2131 2278; x_wconf 86' lang='lat' dir='ltr'><strong>mediocriter</strong></span> 
     </span>
    </p>
   </div>
   <div class='ocr_carea' id='block_1_38' title="bbox 531 2308 2123 2382">
    <p class='ocr_par' dir='ltr' id='par_1_38' title="bbox 531 2308 2123 2382">
     <span class='ocr_line' id='line_1_38' title="bbox 531 2308 2123 2382; baseline 0.005 -21"><span class='ocrx_word' id='word_1_276' title='bbox 531 2308 935 2365; x_wconf 82' lang='lat' dir='ltr'><strong>imminuerunt.</strong></span> <span class='ocrx_word' id='word_1_277' title='bbox 984 2313 1086 2366; x_wconf 83' lang='lat' dir='ltr'><strong>Alii</strong></span> <span class='ocrx_word' id='word_1_278' title='bbox 1129 2328 1259 2365; x_wconf 89' lang='lat' dir='ltr'><strong>vero</strong></span> <span class='ocrx_word' id='word_1_279' title='bbox 1293 2317 1515 2382; x_wconf 88' lang='lat' dir='ltr'><strong>pecunia</strong></span> <span class='ocrx_word' id='word_1_280' title='bbox 1559 2326 1615 2369; x_wconf 91' lang='lat' dir='ltr'><strong>et</strong></span> <span class='ocrx_word' id='word_1_281' title='bbox 1661 2318 1999 2381; x_wconf 83' lang='lat' dir='ltr'><strong>muneribus,</strong></span> <span class='ocrx_word' id='word_1_282' title='bbox 2033 2316 2123 2370; x_wconf 85' lang='lat' dir='ltr'><strong>alii</strong></span> 
     </span>
    </p>
   </div>
   <div class='ocr_carea' id='block_1_39' title="bbox 529 2399 2130 2476">
    <p class='ocr_par' dir='ltr' id='par_1_39' title="bbox 529 2399 2130 2476">
     <span class='ocr_line' id='line_1_39' title="bbox 529 2399 2130 2476; baseline 0.005 -24"><span class='ocrx_word' id='word_1_283' title='bbox 529 2399 947 2467; x_wconf 76' lang='lat' dir='ltr'><strong>adulationibus,</strong></span> <span class='ocrx_word' id='word_1_284' title='bbox 979 2412 1073 2456; x_wconf 88' lang='lat' dir='ltr'><strong>aut</strong></span> <span class='ocrx_word' id='word_1_285' title='bbox 1120 2402 1490 2459; x_wconf 88' lang='lat' dir='ltr'><strong>ministrorum</strong></span> <span class='ocrx_word' id='word_1_286' title='bbox 1535 2407 1805 2475; x_wconf 74' lang='lat' dir='ltr'><strong>regiorum</strong></span> <span class='ocrx_word' id='word_1_287' title='bbox 1833 2423 1970 2476; x_wconf 91' lang='lat' dir='ltr'><strong>quos</strong></span> <span class='ocrx_word' id='word_1_288' title='bbox 2009 2424 2130 2460; x_wconf 85' lang='lat' dir='ltr'><strong>cor—</strong></span> 
     </span>
    </p>
   </div>
   <div class='ocr_carea' id='block_1_40' title="bbox 529 2495 2126 2571">
    <p class='ocr_par' dir='ltr' id='par_1_40' title="bbox 529 2495 2126 2571">
     <span class='ocr_line' id='line_1_40' title="bbox 529 2495 2126 2571; baseline 0.007 -27"><span class='ocrx_word' id='word_1_289' title='bbox 529 2503 789 2559; x_wconf 84' lang='lat' dir='ltr'><strong>ruperant</strong></span> <span class='ocrx_word' id='word_1_290' title='bbox 809 2495 870 2548; x_wconf 85' lang='lat' dir='ltr'><strong>of</strong></span> <span class='ocrx_word' id='word_1_291' title='bbox 870 2497 1023 2560; x_wconf 85' lang='lat' dir='ltr'><strong>liciis,</strong></span> <span class='ocrx_word' id='word_1_292' title='bbox 1044 2509 1296 2566; x_wconf 68' lang='lat' dir='ltr'><strong>prmerpta</strong></span> <span class='ocrx_word' id='word_1_293' title='bbox 1318 2516 1500 2571; x_wconf 87' lang='lat' dir='ltr'><strong>regum</strong></span> <span class='ocrx_word' id='word_1_294' title='bbox 1525 2504 1725 2570; x_wconf 88' lang='lat' dir='ltr'><strong>adepti,</strong></span> <span class='ocrx_word' id='word_1_295' title='bbox 1744 2505 2126 2570; x_wconf 70' lang='lat' dir='ltr'><strong>S‘moniacauv,</strong></span> 
     </span>
    </p>
   </div>
   <div class='ocr_carea' id='block_1_41' title="bbox 532 2586 2129 2663">
    <p class='ocr_par' dir='ltr' id='par_1_41' title="bbox 532 2586 2129 2663">
     <span class='ocr_line' id='line_1_41' title="bbox 532 2586 2129 2663; baseline 0.009 -29"><span class='ocrx_word' id='word_1_296' title='bbox 532 2592 589 2635; x_wconf 90' lang='lat' dir='ltr'><strong>ut</strong></span> <span class='ocrx_word' id='word_1_297' title='bbox 618 2586 908 2649; x_wconf 84' lang='lat' dir='ltr'><strong>vocabant,</strong></span> <span class='ocrx_word' id='word_1_298' title='bbox 950 2589 1196 2642; x_wconf 59' lang='lat' dir='ltr'><strong>lia&#39;resim</strong></span> <span class='ocrx_word' id='word_1_299' title='bbox 1236 2591 1616 2658; x_wconf 75' lang='lat' dir='ltr'><strong>introduxere;</strong></span> <span class='ocrx_word' id='word_1_300' title='bbox 1660 2596 1888 2663; x_wconf 90' lang='lat' dir='ltr'><strong>indeque</strong></span> <span class='ocrx_word' id='word_1_301' title='bbox 1930 2604 2009 2649; x_wconf 87' lang='lat' dir='ltr'><strong>tot</strong></span> <span class='ocrx_word' id='word_1_302' title='bbox 2038 2611 2129 2649; x_wconf 87' lang='lat' dir='ltr'><strong>ca-</strong></span> 
     </span>
    </p>
   </div>
   <div class='ocr_carea' id='block_1_42' title="bbox 529 2680 2128 2754">
    <p class='ocr_par' dir='ltr' id='par_1_42' title="bbox 529 2680 2128 2754">
     <span class='ocr_line' id='line_1_42' title="bbox 529 2680 2128 2754; baseline 0.009 -25"><span class='ocrx_word' id='word_1_303' title='bbox 529 2688 700 2729; x_wconf 82' lang='lat' dir='ltr'><strong>nones</strong></span> <span class='ocrx_word' id='word_1_304' title='bbox 727 2680 987 2734; x_wconf 85' lang='lat' dir='ltr'><strong>adversus</strong></span> <span class='ocrx_word' id='word_1_305' title='bbox 1017 2683 1321 2754; x_wconf 79' lang='lat' dir='ltr'><strong>neophylos</strong></span> <span class='ocrx_word' id='word_1_306' title='bbox 1350 2696 1404 2739; x_wconf 91' lang='lat' dir='ltr'><strong>et</strong></span> <span class='ocrx_word' id='word_1_307' title='bbox 1424 2686 1760 2741; x_wconf 79' lang='lat' dir='ltr'><strong>Simoniacos</strong></span> <span class='ocrx_word' id='word_1_308' title='bbox 1792 2689 1897 2742; x_wconf 88' lang='lat' dir='ltr'><strong>illis</strong></span> <span class='ocrx_word' id='word_1_309' title='bbox 1924 2699 2128 2754; x_wconf 79' lang='lat' dir='ltr'><strong>tempo—</strong></span> 
     </span>
    </p>
   </div>
   <div class='ocr_carea' id='block_1_43' title="bbox 533 2767 2128 2847">
    <p class='ocr_par' dir='ltr' id='par_1_43' title="bbox 533 2767 2128 2847">
     <span class='ocr_line' id='line_1_43' title="bbox 533 2767 2128 2847; baseline 0.01 -29"><span class='ocrx_word' id='word_1_310' title='bbox 533 2767 682 2841; x_wconf 85' lang='lat' dir='ltr'><strong>ribus</strong></span> <span class='ocrx_word' id='word_1_311' title='bbox 713 2769 764 2821; x_wconf 91' lang='lat' dir='ltr'><strong>in</strong></span> <span class='ocrx_word' id='word_1_312' title='bbox 791 2769 1079 2825; x_wconf 86' lang='lat' dir='ltr'><strong>Gallicanis</strong></span> <span class='ocrx_word' id='word_1_313' title='bbox 1107 2774 1351 2829; x_wconf 83' lang='lat' dir='ltr'><strong>conciliis</strong></span> <span class='ocrx_word' id='word_1_314' title='bbox 1377 2776 1622 2830; x_wconf 88' lang='lat' dir='ltr'><strong>conditos</strong></span> <span class='ocrx_word' id='word_1_315' title='bbox 1656 2779 1903 2845; x_wconf 79' lang='lat' dir='ltr'><strong>legimus,</strong></span> <span class='ocrx_word' id='word_1_316' title='bbox 1933 2780 2023 2847; x_wconf 89' lang='lat' dir='ltr'><strong>qui</strong></span> <span class='ocrx_word' id='word_1_317' title='bbox 2048 2790 2128 2833; x_wconf 87' lang='lat' dir='ltr'><strong>ta-</strong></span> 
     </span>
    </p>
   </div>
   <div class='ocr_carea' id='block_1_44' title="bbox 532 2865 2125 2939">
    <p class='ocr_par' dir='ltr' id='par_1_44' title="bbox 532 2865 2125 2939">
     <span class='ocr_line' id='line_1_44' title="bbox 532 2865 2125 2939; baseline 0.009 -29"><span class='ocrx_word' id='word_1_318' title='bbox 532 2874 653 2912; x_wconf 77' lang='lat' dir='ltr'><strong>men</strong></span> <span class='ocrx_word' id='word_1_319' title='bbox 705 2876 996 2930; x_wconf 88' lang='lat' dir='ltr'><strong>nunquam,</strong></span> <span class='ocrx_word' id='word_1_320' title='bbox 1064 2865 1203 2920; x_wconf 86' lang='lat' dir='ltr'><strong>sicut</strong></span> <span class='ocrx_word' id='word_1_321' title='bbox 1254 2883 1354 2922; x_wconf 90' lang='lat' dir='ltr'><strong>nec</strong></span> <span class='ocrx_word' id='word_1_322' title='bbox 1384 2868 1748 2923; x_wconf 83' lang='lat' dir='ltr'><strong>Romanorum</strong></span> <span class='ocrx_word' id='word_1_323' title='bbox 1792 2872 2125 2939; x_wconf 82' lang='lat' dir='ltr'><strong>pontificum,</strong></span> 
     </span>
    </p>
   </div>
   <div class='ocr_carea' id='block_1_45' title="bbox 527 2952 2125 3029">
    <p class='ocr_par' dir='ltr' id='par_1_45' title="bbox 527 2952 2125 3029">
     <span class='ocr_line' id='line_1_45' title="bbox 527 2952 2125 3029; baseline 0.011 -25"><span class='ocrx_word' id='word_1_324' title='bbox 527 2959 585 3004; x_wconf 88' lang='lat' dir='ltr'><strong>et</strong></span> <span class='ocrx_word' id='word_1_325' title='bbox 612 2952 942 3015; x_wconf 77' lang='lat' dir='ltr'><strong>potissimum</strong></span> <span class='ocrx_word' id='word_1_326' title='bbox 976 2957 1216 3026; x_wconf 77' lang='lat' dir='ltr'><strong>Gregorii</strong></span> <span class='ocrx_word' id='word_1_327' title='bbox 1250 2960 1443 3026; x_wconf 81' lang='lat' dir='ltr'><strong>Magni,</strong></span> <span class='ocrx_word' id='word_1_328' title='bbox 1476 2963 1739 3029; x_wconf 73' lang='lat' dir='ltr'><strong>cpistolte,</strong></span> <span class='ocrx_word' id='word_1_329' title='bbox 1770 2973 1876 3018; x_wconf 92' lang='lat' dir='ltr'><strong>tam</strong></span> <span class='ocrx_word' id='word_1_330' title='bbox 1904 2967 2125 3021; x_wconf 66' lang='lat' dir='ltr'><strong>nefaria!</strong></span> 
     </span>
    </p>
   </div>
   <div class='ocr_carea' id='block_1_46' title="bbox 528 3044 2127 3129">
    <p class='ocr_par' dir='ltr' id='par_1_46' title="bbox 528 3044 2127 3129">
     <span class='ocr_line' id='line_1_46' title="bbox 528 3044 2127 3129; baseline 0.013 -35"><span class='ocrx_word' id='word_1_331' title='bbox 528 3044 667 3111; x_wconf 67' lang='lat' dir='ltr'><strong>pesti</strong></span> <span class='ocrx_word' id='word_1_332' title='bbox 695 3047 1031 3102; x_wconf 69' lang='lat' dir='ltr'><strong>eradic&#39;tnnlm</strong></span> <span class='ocrx_word' id='word_1_333' title='bbox 1058 3066 1216 3121; x_wconf 85' lang='lat' dir='ltr'><strong>pares</strong></span> <span class='ocrx_word' id='word_1_334' title='bbox 1248 3051 1416 3110; x_wconf 71' lang='lat' dir='ltr'><strong>fuere.</strong></span> <span class='ocrx_word' id='word_1_335' title='bbox 1440 3054 1639 3109; x_wconf 85' lang='lat' dir='ltr'><strong>Omitto</strong></span> <span class='ocrx_word' id='word_1_336' title='bbox 1670 3056 1954 3122; x_wconf 76' lang='lat' dir='ltr'><strong>singularia</strong></span> <span class='ocrx_word' id='word_1_337' title='bbox 1980 3076 2127 3129; x_wconf 49' lang='lat' dir='ltr'><strong>qua»</strong></span> 
     </span>
    </p>
   </div>
   <div class='ocr_carea' id='block_1_47' title="bbox 529 3135 2120 3215">
    <p class='ocr_par' dir='ltr' id='par_1_47' title="bbox 529 3135 2120 3215">
     <span class='ocr_line' id='line_1_47' title="bbox 529 3135 2120 3215; baseline 0.011 -27"><span class='ocrx_word' id='word_1_338' title='bbox 529 3135 653 3188; x_wconf 88' lang='lat' dir='ltr'><strong>dam</strong></span> <span class='ocrx_word' id='word_1_339' title='bbox 683 3141 948 3205; x_wconf 73' lang='lat' dir='ltr'><strong>exempla,</strong></span> <span class='ocrx_word' id='word_1_340' title='bbox 979 3157 1100 3211; x_wconf 71' lang='lat' dir='ltr'><strong>qua:</strong></span> <span class='ocrx_word' id='word_1_341' title='bbox 1129 3158 1251 3197; x_wconf 89' lang='lat' dir='ltr'><strong>cum</strong></span> <span class='ocrx_word' id='word_1_342' title='bbox 1291 3147 1487 3215; x_wconf 78' lang='lat' dir='ltr'><strong>regulis</strong></span> <span class='ocrx_word' id='word_1_343' title='bbox 1514 3152 1784 3203; x_wconf 90' lang='lat' dir='ltr'><strong>contraria</strong></span> <span class='ocrx_word' id='word_1_344' title='bbox 1818 3150 2034 3215; x_wconf 88' lang='lat' dir='ltr'><strong>fuerint,</strong></span> <span class='ocrx_word' id='word_1_345' title='bbox 2067 3152 2120 3206; x_wconf 91' lang='lat' dir='ltr'><strong>in</strong></span> 
     </span>
    </p>
   </div>
   <div class='ocr_carea' id='block_1_48' title="bbox 2237 1938 3820 2024">
    <p class='ocr_par' dir='ltr' id='par_1_48' title="bbox 2237 1938 3820 2024">
     <span class='ocr_line' id='line_1_48' title="bbox 2237 1938 3820 2024; baseline 0.018 -33"><span class='ocrx_word' id='word_1_346' title='bbox 2237 1938 2607 2009; x_wconf 69' lang='lat' dir='ltr'><strong>Lugdunensis</strong></span> <span class='ocrx_word' id='word_1_347' title='bbox 2654 1950 2911 2015; x_wconf 88' lang='lat' dir='ltr'><strong>antistes,</strong></span> <span class='ocrx_word' id='word_1_348' title='bbox 2945 1954 3102 2007; x_wconf 90' lang='lat' dir='ltr'><strong>morti</strong></span> <span class='ocrx_word' id='word_1_349' title='bbox 3136 1960 3415 2023; x_wconf 74' lang='lat' dir='ltr'><strong>prox‘mus</strong></span> <span class='ocrx_word' id='word_1_350' title='bbox 3439 2002 3454 2024; x_wconf 89' lang='lat'><strong>,</strong></span> <span class='ocrx_word' id='word_1_351' title='bbox 3498 1960 3820 2019; x_wconf 82' lang='lat' dir='ltr'><strong>Cbildeber-</strong></span> 
     </span>
    </p>
   </div>
   <div class='ocr_carea' id='block_1_49' title="bbox 2235 2041 3816 2114">
    <p class='ocr_par' dir='ltr' id='par_1_49' title="bbox 2235 2041 3816 2114">
     <span class='ocr_line' id='line_1_49' title="bbox 2235 2041 3816 2114; baseline 0.018 -30"><span class='ocrx_word' id='word_1_352' title='bbox 2235 2041 2344 2086; x_wconf 83' lang='lat' dir='ltr'><strong>tuin</strong></span> <span class='ocrx_word' id='word_1_353' title='bbox 2378 2051 2558 2105; x_wconf 86' lang='lat' dir='ltr'><strong>regem</strong></span> <span class='ocrx_word' id='word_1_354' title='bbox 2591 2051 2926 2099; x_wconf 85' lang='lat' dir='ltr'><strong>contestatus</strong></span> <span class='ocrx_word' id='word_1_355' title='bbox 2954 2056 3060 2114; x_wconf 86' lang='lat' dir='ltr'><strong>est,</strong></span> <span class='ocrx_word' id='word_1_356' title='bbox 3095 2060 3152 2102; x_wconf 91' lang='lat' dir='ltr'><strong>ut</strong></span> <span class='ocrx_word' id='word_1_357' title='bbox 3176 2049 3441 2107; x_wconf 82' lang='lat' dir='ltr'><strong>Nicetium</strong></span> <span class='ocrx_word' id='word_1_358' title='bbox 3468 2053 3571 2107; x_wconf 86' lang='lat' dir='ltr'><strong>sibi</strong></span> <span class='ocrx_word' id='word_1_359' title='bbox 3603 2056 3655 2108; x_wconf 93' lang='lat' dir='ltr'><strong>in</strong></span> <span class='ocrx_word' id='word_1_360' title='bbox 3685 2057 3816 2111; x_wconf 86' lang='lat' dir='ltr'><strong>sede</strong></span> 
     </span>
    </p>
   </div>
   <div class='ocr_carea' id='block_1_50' title="bbox 2236 2122 3816 2202">
    <p class='ocr_par' dir='ltr' id='par_1_50' title="bbox 2236 2122 3816 2202">
     <span class='ocr_line' id='line_1_50' title="bbox 2236 2122 3816 2202; baseline 0.018 -28"><span class='ocrx_word' id='word_1_361' title='bbox 2236 2122 2577 2190; x_wconf 85' lang='lat' dir='ltr'><strong>Lugdunensi</strong></span> <span class='ocrx_word' id='word_1_362' title='bbox 2609 2130 2856 2187; x_wconf 88' lang='lat' dir='ltr'><strong>substitni</strong></span> <span class='ocrx_word' id='word_1_363' title='bbox 2896 2148 3130 2194; x_wconf 89' lang='lat' dir='ltr'><strong>curaret.</strong></span> <span class='ocrx_word' id='word_1_364' title='bbox 3180 2140 3425 2196; x_wconf 84' lang='lat' dir='ltr'><strong>Maurilio</strong></span> <span class='ocrx_word' id='word_1_365' title='bbox 3472 2144 3816 2202; x_wconf 77' lang='lat' dir='ltr'><strong>Caturcensis</strong></span> 
     </span>
    </p>
   </div>
   <div class='ocr_carea' id='block_1_51' title="bbox 2228 2214 3816 2306">
    <p class='ocr_par' dir='ltr' id='par_1_51' title="bbox 2228 2214 3816 2306">
     <span class='ocr_line' id='line_1_51' title="bbox 2228 2214 3816 2306; baseline 0.016 -40"><span class='ocrx_word' id='word_1_366' title='bbox 2228 2214 2515 2285; x_wconf 90' lang='lat' dir='ltr'><strong>episcopus</strong></span> <span class='ocrx_word' id='word_1_367' title='bbox 2547 2221 2777 2291; x_wconf 75' lang='lat' dir='ltr'><strong>podagra</strong></span> <span class='ocrx_word' id='word_1_368' title='bbox 2816 2223 3082 2292; x_wconf 76' lang='lat' dir='ltr'><strong>afflictus,</strong></span> <span class='ocrx_word' id='word_1_369' title='bbox 3113 2232 3419 2299; x_wconf 55' lang='lat' dir='ltr'><strong>praevidens</strong></span> <span class='ocrx_word' id='word_1_370' title='bbox 3462 2234 3666 2291; x_wconf 84' lang='lat' dir='ltr'><strong>futuras</strong></span> <span class='ocrx_word' id='word_1_371' title='bbox 3695 2255 3816 2306; x_wconf 78' lang='lat' dir='ltr'><strong>gra-</strong></span> 
     </span>
    </p>
   </div>
   <div class='ocr_carea' id='block_1_52' title="bbox 2233 2320 3815 2393">
    <p class='ocr_par' dir='ltr' id='par_1_52' title="bbox 2233 2320 3815 2393">
     <span class='ocr_line' id='line_1_52' title="bbox 2233 2320 3815 2393; baseline 0.019 -38"><span class='ocrx_word' id='word_1_372' title='bbox 2233 2320 2327 2358; x_wconf 81' lang='lat' dir='ltr'><strong>ves</strong></span> <span class='ocrx_word' id='word_1_373' title='bbox 2356 2322 2498 2361; x_wconf 83' lang='lat' dir='ltr'><strong>circa</strong></span> <span class='ocrx_word' id='word_1_374' title='bbox 2544 2325 2699 2365; x_wconf 86' lang='lat' dir='ltr'><strong>suum</strong></span> <span class='ocrx_word' id='word_1_375' title='bbox 2742 2328 3111 2375; x_wconf 89' lang='lat' dir='ltr'><strong>successorem</strong></span> <span class='ocrx_word' id='word_1_376' title='bbox 3160 2326 3571 2393; x_wconf 84' lang='lat' dir='ltr'><strong>contentiones,</strong></span> <span class='ocrx_word' id='word_1_377' title='bbox 3620 2338 3675 2381; x_wconf 90' lang='lat' dir='ltr'><strong>ut</strong></span> <span class='ocrx_word' id='word_1_378' title='bbox 3712 2331 3815 2385; x_wconf 87' lang='lat' dir='ltr'><strong>sibi</strong></span> 
     </span>
    </p>
   </div>
   <div class='ocr_carea' id='block_1_53' title="bbox 2230 2398 3814 2483">
    <p class='ocr_par' dir='ltr' id='par_1_53' title="bbox 2230 2398 3814 2483">
     <span class='ocr_line' id='line_1_53' title="bbox 2230 2398 3814 2483; baseline 0.016 -32"><span class='ocrx_word' id='word_1_379' title='bbox 2230 2398 2391 2452; x_wconf 87' lang='lat' dir='ltr'><strong>etiam</strong></span> <span class='ocrx_word' id='word_1_380' title='bbox 2444 2403 2643 2458; x_wconf 86' lang='lat' dir='ltr'><strong>viventi</strong></span> <span class='ocrx_word' id='word_1_381' title='bbox 2702 2406 2979 2465; x_wconf 88' lang='lat' dir='ltr'><strong>Ursicinus</strong></span> <span class='ocrx_word' id='word_1_382' title='bbox 3055 2415 3493 2483; x_wconf 74' lang='lat' dir='ltr'><strong>substituerc&#39;ur,</strong></span> <span class='ocrx_word' id='word_1_383' title='bbox 3549 2425 3814 2477; x_wconf 80' lang='lat' dir='ltr'><strong>exoravit.</strong></span> 
     </span>
    </p>
   </div>
   <div class='ocr_carea' id='block_1_54' title="bbox 2234 2491 3817 2586">
    <p class='ocr_par' dir='ltr' id='par_1_54' title="bbox 2234 2491 3817 2586">
     <span class='ocr_line' id='line_1_54' title="bbox 2234 2491 3817 2586; baseline 0.018 -44"><span class='ocrx_word' id='word_1_384' title='bbox 2234 2491 2375 2546; x_wconf 73' lang='lat' dir='ltr'><strong>Idem</strong></span> <span class='ocrx_word' id='word_1_385' title='bbox 2408 2493 2638 2562; x_wconf 80' lang='lat' dir='ltr'><strong>fecerat,</strong></span> <span class='ocrx_word' id='word_1_386' title='bbox 2672 2510 2731 2553; x_wconf 89' lang='lat' dir='ltr'><strong>ut</strong></span> <span class='ocrx_word' id='word_1_387' title='bbox 2763 2519 2883 2557; x_wconf 81' lang='lat' dir='ltr'><strong>tuox</strong></span> <span class='ocrx_word' id='word_1_388' title='bbox 2937 2507 3249 2562; x_wconf 75' lang='lat' dir='ltr'><strong>dicebamus</strong></span> <span class='ocrx_word' id='word_1_389' title='bbox 3272 2552 3287 2575; x_wconf 94' lang='lat'><strong>,</strong></span> <span class='ocrx_word' id='word_1_390' title='bbox 3334 2512 3480 2567; x_wconf 79' lang='lat' dir='ltr'><strong>Felix</strong></span> <span class='ocrx_word' id='word_1_391' title='bbox 3529 2516 3817 2586; x_wconf 85' lang='lat' dir='ltr'><strong>episcopus</strong></span> 
     </span>
    </p>
   </div>
   <div class='ocr_carea' id='block_1_55' title="bbox 2232 2583 3810 2675">
    <p class='ocr_par' dir='ltr' id='par_1_55' title="bbox 2232 2583 3810 2675">
     <span class='ocr_line' id='line_1_55' title="bbox 2232 2583 3810 2675; baseline 0.022 -40"><span class='ocrx_word' id='word_1_392' title='bbox 2232 2583 2624 2655; x_wconf 76' lang='lat' dir='ltr'><strong>Namnetensis,</strong></span> <span class='ocrx_word' id='word_1_393' title='bbox 2658 2594 2913 2649; x_wconf 80' lang='lat' dir='ltr'><strong>conlecm</strong></span> <span class='ocrx_word' id='word_1_394' title='bbox 2937 2612 2998 2651; x_wconf 92' lang='lat' dir='ltr'><strong>ea</strong></span> <span class='ocrx_word' id='word_1_395' title='bbox 3036 2599 3107 2655; x_wconf 88' lang='lat' dir='ltr'><strong>de</strong></span> <span class='ocrx_word' id='word_1_396' title='bbox 3151 2617 3211 2656; x_wconf 86' lang='lat' dir='ltr'><strong>re</strong></span> <span class='ocrx_word' id='word_1_397' title='bbox 3263 2603 3635 2668; x_wconf 86' lang='lat' dir='ltr'><strong>instrumento.</strong></span> <span class='ocrx_word' id='word_1_398' title='bbox 3669 2611 3810 2675; x_wconf 76' lang='lat' dir='ltr'><strong>ttIIOd</strong></span> 
     </span>
    </p>
   </div>
   <div class='ocr_carea' id='block_1_56' title="bbox 2229 2678 3816 2761">
    <p class='ocr_par' dir='ltr' id='par_1_56' title="bbox 2229 2678 3816 2761">
     <span class='ocr_line' id='line_1_56' title="bbox 2229 2678 3816 2761; baseline 0.02 -36"><span class='ocrx_word' id='word_1_399' title='bbox 2229 2678 2764 2741; x_wconf 85' lang='lat' dir='ltr'><strong>comprovincialium</strong></span> <span class='ocrx_word' id='word_1_400' title='bbox 2803 2686 3179 2757; x_wconf 82' lang='lat' dir='ltr'><strong>episcoporum</strong></span> <span class='ocrx_word' id='word_1_401' title='bbox 3222 2694 3709 2761; x_wconf 84' lang='lat' dir='ltr'><strong>subsciiotionibns</strong></span> <span class='ocrx_word' id='word_1_402' title='bbox 3732 2719 3816 2754; x_wconf 75' lang='lat' dir='ltr'><strong>ro-</strong></span> 
     </span>
    </p>
   </div>
   <div class='ocr_carea' id='block_1_57' title="bbox 2230 2770 3811 2863">
    <p class='ocr_par' dir='ltr' id='par_1_57' title="bbox 2230 2770 3811 2863">
     <span class='ocr_line' id='line_1_57' title="bbox 2230 2770 3811 2863; baseline 0.02 -43"><span class='ocrx_word' id='word_1_403' title='bbox 2230 2770 2409 2824; x_wconf 87' lang='lat' dir='ltr'><strong>borari</strong></span> <span class='ocrx_word' id='word_1_404' title='bbox 2438 2788 2739 2833; x_wconf 88' lang='lat' dir='ltr'><strong>curaverat.</strong></span> <span class='ocrx_word' id='word_1_405' title='bbox 2771 2778 3254 2855; x_wconf 69' lang='lat' dir='ltr'><strong>Chorepiscopum,</strong></span> <span class='ocrx_word' id='word_1_406' title='bbox 3286 2806 3353 2845; x_wconf 90' lang='lat' dir='ltr'><strong>ne</strong></span> <span class='ocrx_word' id='word_1_407' title='bbox 3384 2809 3546 2847; x_wconf 91' lang='lat' dir='ltr'><strong>unum</strong></span> <span class='ocrx_word' id='word_1_408' title='bbox 3569 2795 3811 2863; x_wconf 86' lang='lat' dir='ltr'><strong>quidem,</strong></span> 
     </span>
    </p>
   </div>
   <div class='ocr_carea' id='block_1_58' title="bbox 2231 2869 3815 2956">
    <p class='ocr_par' dir='ltr' id='par_1_58' title="bbox 2231 2869 3815 2956">
     <span class='ocr_line' id='line_1_58' title="bbox 2231 2869 3815 2956; baseline 0.019 -43"><span class='ocrx_word' id='word_1_409' title='bbox 2231 2877 2490 2920; x_wconf 85' lang='lat' dir='ltr'><strong>memorat</strong></span> <span class='ocrx_word' id='word_1_410' title='bbox 2521 2869 2845 2939; x_wconf 83' lang='lat' dir='ltr'><strong>Gregorius.</strong></span> <span class='ocrx_word' id='word_1_411' title='bbox 2879 2879 2980 2933; x_wconf 86' lang='lat' dir='ltr'><strong>nisi</strong></span> <span class='ocrx_word' id='word_1_412' title='bbox 3023 2878 3099 2935; x_wconf 83' lang='lat' dir='ltr'><strong>illi</strong></span> <span class='ocrx_word' id='word_1_413' title='bbox 3151 2898 3217 2937; x_wconf 87' lang='lat' dir='ltr'><strong>eo</strong></span> <span class='ocrx_word' id='word_1_414' title='bbox 3265 2887 3483 2940; x_wconf 84' lang='lat' dir='ltr'><strong>nomine</strong></span> <span class='ocrx_word' id='word_1_415' title='bbox 3524 2887 3815 2956; x_wconf 82' lang='lat' dir='ltr'><strong>donentur,</strong></span> 
     </span>
    </p>
   </div>
   <div class='ocr_carea' id='block_1_59' title="bbox 2228 2954 3811 3035">
    <p class='ocr_par' dir='ltr' id='par_1_59' title="bbox 2228 2954 3811 3035">
     <span class='ocr_line' id='line_1_59' title="bbox 2228 2954 3811 3035; baseline 0.02 -32"><span class='ocrx_word' id='word_1_416' title='bbox 2228 2954 2338 3023; x_wconf 90' lang='lat' dir='ltr'><strong>qui,</strong></span> <span class='ocrx_word' id='word_1_417' title='bbox 2374 2971 2424 3009; x_wconf 87' lang='lat' dir='ltr'><strong>ut</strong></span> <span class='ocrx_word' id='word_1_418' title='bbox 2458 2975 2583 3014; x_wconf 80' lang='lat' dir='ltr'><strong>mox</strong></span> <span class='ocrx_word' id='word_1_419' title='bbox 2612 2962 2958 3035; x_wconf 87' lang='lat' dir='ltr'><strong>dicebamus,</strong></span> <span class='ocrx_word' id='word_1_420' title='bbox 3001 2972 3053 3024; x_wconf 93' lang='lat' dir='ltr'><strong>in</strong></span> <span class='ocrx_word' id='word_1_421' title='bbox 3085 2974 3278 3028; x_wconf 82' lang='lat' dir='ltr'><strong>castris</strong></span> <span class='ocrx_word' id='word_1_422' title='bbox 3305 2978 3536 3030; x_wconf 89' lang='lat' dir='ltr'><strong>ordinati</strong></span> <span class='ocrx_word' id='word_1_423' title='bbox 3577 2954 3811 3035; x_wconf 81' lang='lat' dir='ltr'><strong>fuerant.</strong></span> 
     </span>
    </p>
   </div>
   <div class='ocr_carea' id='block_1_60' title="bbox 2228 3045 3815 3127">
    <p class='ocr_par' dir='ltr' id='par_1_60' title="bbox 2228 3045 3815 3127">
     <span class='ocr_line' id='line_1_60' title="bbox 2228 3045 3815 3127; baseline 0.018 -28"><span class='ocrx_word' id='word_1_424' title='bbox 2228 3045 2358 3101; x_wconf 80' lang='lat' dir='ltr'><strong>Nam</strong></span> <span class='ocrx_word' id='word_1_425' title='bbox 2377 3048 2738 3122; x_wconf 61' lang='lat' dir='ltr'><strong>Mundericue,</strong></span> <span class='ocrx_word' id='word_1_426' title='bbox 2759 3073 2916 3126; x_wconf 69' lang='lat' dir='ltr'><strong>quem</strong></span> <span class='ocrx_word' id='word_1_427' title='bbox 2936 3062 2985 3115; x_wconf 84' lang='lat' dir='ltr'><strong>in</strong></span> <span class='ocrx_word' id='word_1_428' title='bbox 3002 3071 3183 3117; x_wconf 83' lang='lat' dir='ltr'><strong>castro</strong></span> <span class='ocrx_word' id='word_1_429' title='bbox 3196 3065 3593 3123; x_wconf 86' lang='lat' dir='ltr'><strong>Tornodoi-ensi</strong></span> <span class='ocrx_word' id='word_1_430' title='bbox 3610 3071 3815 3127; x_wconf 80' lang='lat' dir='ltr'><strong>sedisse</strong></span> 
     </span>
    </p>
   </div>
   <div class='ocr_carea' id='block_1_61' title="bbox 2228 3139 3815 3228">
    <p class='ocr_par' dir='ltr' id='par_1_61' title="bbox 2228 3139 3815 3228">
     <span class='ocr_line' id='line_1_61' title="bbox 2228 3139 3815 3228; baseline 0.018 -37"><span class='ocrx_word' id='word_1_431' title='bbox 2228 3139 2487 3207; x_wconf 73' lang='lat' dir='ltr'><strong>diximus,</strong></span> <span class='ocrx_word' id='word_1_432' title='bbox 2512 3160 2574 3197; x_wconf 81' lang='lat' dir='ltr'><strong>ea</strong></span> <span class='ocrx_word' id='word_1_433' title='bbox 2599 3151 2796 3213; x_wconf 70' lang='lat' dir='ltr'><strong>specie.</strong></span> <span class='ocrx_word' id='word_1_434' title='bbox 2831 3151 2995 3222; x_wconf 89' lang='lat' dir='ltr'><strong>inquit</strong></span> <span class='ocrx_word' id='word_1_435' title='bbox 3019 3154 3733 3228; x_wconf 75' lang='lat' dir='ltr'><strong>Gregorius,ordinatnscst,</strong></span> <span class='ocrx_word' id='word_1_436' title='bbox 3756 3174 3815 3219; x_wconf 89' lang='lat' dir='ltr'><strong>ut</strong></span> 
     </span>
    </p>
   </div>
   <div class='ocr_carea' id='block_1_62' title="bbox 532 3228 2125 3322">
    <p class='ocr_par' dir='ltr' id='par_1_62' title="bbox 532 3228 2125 3312">
     <span class='ocr_line' id='line_1_62' title="bbox 532 3228 2125 3312; baseline 0.011 -31"><span class='ocrx_word' id='word_1_437' title='bbox 532 3228 703 3290; x_wconf 70' lang='lat' dir='ltr'><strong>legem</strong></span> <span class='ocrx_word' id='word_1_438' title='bbox 735 3234 962 3286; x_wconf 88' lang='lat' dir='ltr'><strong>transire</strong></span> <span class='ocrx_word' id='word_1_439' title='bbox 992 3251 1094 3289; x_wconf 92' lang='lat' dir='ltr'><strong>non</strong></span> <span class='ocrx_word' id='word_1_440' title='bbox 1128 3236 1348 3293; x_wconf 87' lang='lat' dir='ltr'><strong>debent.</strong></span> <span class='ocrx_word' id='word_1_441' title='bbox 1372 3240 1465 3293; x_wconf 88' lang='lat' dir='ltr'><strong>Sic</strong></span> <span class='ocrx_word' id='word_1_442' title='bbox 1498 3241 1550 3295; x_wconf 90' lang='lat' dir='ltr'><strong>in</strong></span> <span class='ocrx_word' id='word_1_443' title='bbox 1578 3242 1881 3312; x_wconf 79' lang='lat' dir='ltr'><strong>longinquis</strong></span> <span class='ocrx_word' id='word_1_444' title='bbox 1911 3246 2125 3312; x_wconf 85' lang='lat' dir='ltr'><strong>quihus-</strong></span> 
     </span>
    </p>
   </div>
   <div class='ocr_carea' id='block_1_63' title="bbox 2229 3228 3815 3322">
    <p class='ocr_par' dir='ltr' id='par_1_63' title="bbox 2234 3230 3815 3322">
     <span class='ocr_line' id='line_1_63' title="bbox 2234 3230 3815 3322; baseline 0.017 -41"><span class='ocrx_word' id='word_1_445' title='bbox 2234 3230 2360 3283; x_wconf 90' lang='lat' dir='ltr'><strong>dum</strong></span> <span class='ocrx_word' id='word_1_446' title='bbox 2391 3249 2610 3291; x_wconf 74' lang='lat' dir='ltr'><strong>sanctus</strong></span> <span class='ocrx_word' id='word_1_447' title='bbox 2637 3239 2903 3309; x_wconf 84' lang='lat' dir='ltr'><strong>Tetricus,</strong></span> <span class='ocrx_word' id='word_1_448' title='bbox 2935 3247 3023 3313; x_wconf 91' lang='lat' dir='ltr'><strong>qui</strong></span> <span class='ocrx_word' id='word_1_449' title='bbox 3053 3257 3178 3300; x_wconf 88' lang='lat' dir='ltr'><strong>tunc</strong></span> <span class='ocrx_word' id='word_1_450' title='bbox 3206 3249 3502 3319; x_wconf 87' lang='lat' dir='ltr'><strong>Lingonum</strong></span> <span class='ocrx_word' id='word_1_451' title='bbox 3526 3255 3815 3322; x_wconf 87' lang='lat' dir='ltr'><strong>episcopus</strong></span> 
     </span>
    </p>
   </div>
   <div class='ocr_carea' id='block_1_64' title="bbox 533 3318 2116 3405">
    <p class='ocr_par' dir='ltr' id='par_1_64' title="bbox 533 3318 2116 3405">
     <span class='ocr_line' id='line_1_64' title="bbox 533 3318 2116 3405; baseline 0.012 -34"><span class='ocrx_word' id='word_1_452' title='bbox 533 3318 656 3373; x_wconf 87' lang='lat' dir='ltr'><strong>dam</strong></span> <span class='ocrx_word' id='word_1_453' title='bbox 688 3324 977 3387; x_wconf 89' lang='lat' dir='ltr'><strong>provinciis</strong></span> <span class='ocrx_word' id='word_1_454' title='bbox 1006 3326 1244 3396; x_wconf 77' lang='lat' dir='ltr'><strong>cpi-copi</strong></span> <span class='ocrx_word' id='word_1_455' title='bbox 1273 3329 1497 3400; x_wconf 62' lang='lat' dir='ltr'><strong>aliquot,</strong></span> <span class='ocrx_word' id='word_1_456' title='bbox 1551 3333 1925 3389; x_wconf 72' lang='lat' dir='ltr'><strong>dissimulante</strong></span> <span class='ocrx_word' id='word_1_457' title='bbox 1972 3352 2116 3405; x_wconf 81' lang='lat' dir='ltr'><strong>rege,</strong></span> 
     </span>
    </p>
   </div>
   <div class='ocr_carea' id='block_1_65' title="bbox 528 3416 2116 3494">
    <p class='ocr_par' dir='ltr' id='par_1_65' title="bbox 528 3416 2116 3494">
     <span class='ocr_line' id='line_1_65' title="bbox 528 3416 2116 3494; baseline 0.013 -29"><span class='ocrx_word' id='word_1_458' title='bbox 528 3417 627 3465; x_wconf 74' lang='lat' dir='ltr'><strong>aut</strong></span> <span class='ocrx_word' id='word_1_459' title='bbox 653 3426 761 3477; x_wconf 74' lang='lat' dir='ltr'><strong>pra:</strong></span> <span class='ocrx_word' id='word_1_460' title='bbox 783 3416 973 3469; x_wconf 67' lang='lat' dir='ltr'><strong>minori</strong></span> <span class='ocrx_word' id='word_1_461' title='bbox 997 3426 1155 3473; x_wconf 60' lang='lat' dir='ltr'><strong>aetate</strong></span> <span class='ocrx_word' id='word_1_462' title='bbox 1176 3428 1269 3473; x_wconf 87' lang='lat' dir='ltr'><strong>aut</strong></span> <span class='ocrx_word' id='word_1_463' title='bbox 1289 3423 1436 3489; x_wconf 82' lang='lat' dir='ltr'><strong>regni</strong></span> <span class='ocrx_word' id='word_1_464' title='bbox 1461 3424 1631 3479; x_wconf 89' lang='lat' dir='ltr'><strong>turbis</strong></span> <span class='ocrx_word' id='word_1_465' title='bbox 1657 3441 1761 3479; x_wconf 91' lang='lat' dir='ltr'><strong>non</strong></span> <span class='ocrx_word' id='word_1_466' title='bbox 1786 3428 2116 3494; x_wconf 79' lang='lat' dir='ltr'><strong>attenden&#39;e,</strong></span> 
     </span>
    </p>
   </div>
   <div class='ocr_carea' id='block_1_66' title="bbox 532 3499 2121 3589">
    <p class='ocr_par' dir='ltr' id='par_1_66' title="bbox 532 3499 2121 3589">
     <span class='ocr_line' id='line_1_66' title="bbox 532 3499 2121 3589; baseline 0.016 -40"><span class='ocrx_word' id='word_1_467' title='bbox 532 3499 736 3565; x_wconf 77' lang='lat' dir='ltr'><strong>absque</strong></span> <span class='ocrx_word' id='word_1_468' title='bbox 755 3502 874 3571; x_wconf 88' lang='lat' dir='ltr'><strong>ejus</strong></span> <span class='ocrx_word' id='word_1_469' title='bbox 899 3506 1053 3560; x_wconf 89' lang='lat' dir='ltr'><strong>venia</strong></span> <span class='ocrx_word' id='word_1_470' title='bbox 1085 3514 1384 3566; x_wconf 86' lang='lat' dir='ltr'><strong>consecrati</strong></span> <span class='ocrx_word' id='word_1_471' title='bbox 1415 3512 1649 3571; x_wconf 87' lang='lat' dir='ltr'><strong>fuerunt.</strong></span> <span class='ocrx_word' id='word_1_472' title='bbox 1682 3518 1850 3587; x_wconf 81' lang='lat' dir='ltr'><strong>Major</strong></span> <span class='ocrx_word' id='word_1_473' title='bbox 1873 3520 1968 3572; x_wconf 81' lang='lat' dir='ltr'><strong>fuit</strong></span> <span class='ocrx_word' id='word_1_474' title='bbox 1989 3535 2121 3589; x_wconf 88' lang='lat' dir='ltr'><strong>pon-</strong></span> 
     </span>
    </p>
   </div>
   <div class='ocr_carea' id='block_1_67' title="bbox 534 3589 2122 3674">
    <p class='ocr_par' dir='ltr' id='par_1_67' title="bbox 534 3589 2122 3674">
     <span class='ocr_line' id='line_1_67' title="bbox 534 3589 2122 3674; baseline 0.015 -33"><span class='ocrx_word' id='word_1_475' title='bbox 534 3589 737 3645; x_wconf 81' lang='lat' dir='ltr'><strong>tificum</strong></span> <span class='ocrx_word' id='word_1_476' title='bbox 776 3598 1075 3665; x_wconf 72' lang='lat' dir='ltr'><strong>Aquitanitc</strong></span> <span class='ocrx_word' id='word_1_477' title='bbox 1118 3601 1155 3654; x_wconf 90' lang='lat' dir='ltr'><strong>ll</strong></span> <span class='ocrx_word' id='word_1_478' title='bbox 1200 3616 1385 3668; x_wconf 85' lang='lat' dir='ltr'><strong>ausus,</strong></span> <span class='ocrx_word' id='word_1_479' title='bbox 1424 3607 1511 3674; x_wconf 90' lang='lat' dir='ltr'><strong>qui</strong></span> <span class='ocrx_word' id='word_1_480' title='bbox 1547 3607 1875 3674; x_wconf 78' lang='lat' dir='ltr'><strong>Eumerinm,</strong></span> <span class='ocrx_word' id='word_1_481' title='bbox 1931 3612 2122 3665; x_wconf 86' lang='lat' dir='ltr'><strong>Santo-</strong></span> 
     </span>
    </p>
   </div>
   <div class='ocr_carea' id='block_1_68' title="bbox 535 3689 2124 3775">
    <p class='ocr_par' dir='ltr' id='par_1_68' title="bbox 535 3689 2124 3775">
     <span class='ocr_line' id='line_1_68' title="bbox 535 3689 2124 3775; baseline 0.016 -42"><span class='ocrx_word' id='word_1_482' title='bbox 535 3698 753 3737; x_wconf 76' lang='lat' dir='ltr'><strong>no-nsem</strong></span> <span class='ocrx_word' id='word_1_483' title='bbox 778 3689 1116 3755; x_wconf 87' lang='lat' dir='ltr'><strong>episcopum,</strong></span> <span class='ocrx_word' id='word_1_484' title='bbox 1140 3708 1171 3747; x_wconf 93' lang='lat' dir='ltr'><strong>e</strong></span> <span class='ocrx_word' id='word_1_485' title='bbox 1197 3695 1335 3749; x_wconf 89' lang='lat' dir='ltr'><strong>solio</strong></span> <span class='ocrx_word' id='word_1_486' title='bbox 1361 3696 1738 3766; x_wconf 80' lang='lat' dir='ltr'><strong>detttrharttnt,</strong></span> <span class='ocrx_word' id='word_1_487' title='bbox 1764 3704 1903 3771; x_wconf 91' lang='lat' dir='ltr'><strong>quod</strong></span> <span class='ocrx_word' id='word_1_488' title='bbox 1935 3706 2124 3775; x_wconf 78' lang='lat' dir='ltr'><strong>absque</strong></span> 
     </span>
    </p>
   </div>
   <div class='ocr_carea' id='block_1_69' title="bbox 528 3778 2147 3859">
    <p class='ocr_par' dir='ltr' id='par_1_69' title="bbox 528 3778 2147 3859">
     <span class='ocr_line' id='line_1_69' title="bbox 528 3778 2147 3859; baseline 0.015 -31"><span class='ocrx_word' id='word_1_489' title='bbox 528 3778 915 3845; x_wconf 77' lang='lat' dir='ltr'><strong>metropolitani</strong></span> <span class='ocrx_word' id='word_1_490' title='bbox 929 3784 1141 3837; x_wconf 69' lang='lat' dir='ltr'><strong>consilio</strong></span> <span class='ocrx_word' id='word_1_491' title='bbox 1164 3786 1371 3853; x_wconf 75' lang='lat' dir='ltr'><strong>fuisset,</strong></span> <span class='ocrx_word' id='word_1_492' title='bbox 1401 3790 1743 3859; x_wconf 72' lang='lat' dir='ltr'><strong>prmclpientc</strong></span> <span class='ocrx_word' id='word_1_493' title='bbox 1764 3810 1908 3854; x_wconf 65' lang='lat' dir='ltr'><strong>rege.</strong></span> <span class='ocrx_word' id='word_1_494' title='bbox 1933 3810 2147 3852; x_wconf 73' lang='lat' dir='ltr'><strong>conse-o</strong></span> 
     </span>
    </p>
   </div>
   <div class='ocr_carea' id='block_1_70' title="bbox 531 3875 2119 3946">
    <p class='ocr_par' dir='ltr' id='par_1_70' title="bbox 531 3875 2119 3946">
     <span class='ocr_line' id='line_1_70' title="bbox 531 3875 2119 3946; baseline 0.018 -29"><span class='ocrx_word' id='word_1_495' title='bbox 531 3876 712 3920; x_wconf 71' lang='lat' dir='ltr'><strong>oratus</strong></span> <span class='ocrx_word' id='word_1_496' title='bbox 738 3886 751 3922; x_wconf 89' lang='lat'><strong>:</strong></span> <span class='ocrx_word' id='word_1_497' title='bbox 774 3878 829 3923; x_wconf 91' lang='lat' dir='ltr'><strong>at</strong></span> <span class='ocrx_word' id='word_1_498' title='bbox 849 3889 969 3927; x_wconf 87' lang='lat' dir='ltr'><strong>cum</strong></span> <span class='ocrx_word' id='word_1_499' title='bbox 994 3875 1045 3928; x_wconf 88' lang='lat' dir='ltr'><strong>id</strong></span> <span class='ocrx_word' id='word_1_500' title='bbox 1079 3878 1779 3946; x_wconf 83' lang='lat' dir='ltr'><strong>rescivissetharihcrtus.</strong></span> <span class='ocrx_word' id='word_1_501' title='bbox 1810 3889 2119 3946; x_wconf 79' lang='lat' dir='ltr'><strong>Euntcrinm</strong></span> 
     </span>
    </p>
   </div>
   <div class='ocr_carea' id='block_1_71' title="bbox 532 3958 2124 4042">
    <p class='ocr_par' dir='ltr' id='par_1_71' title="bbox 532 3958 2124 4042">
     <span class='ocr_line' id='line_1_71' title="bbox 532 3958 2124 4042; baseline 0.016 -31"><span class='ocrx_word' id='word_1_502' title='bbox 532 3958 589 4012; x_wconf 89' lang='lat' dir='ltr'><strong>in</strong></span> <span class='ocrx_word' id='word_1_503' title='bbox 616 3962 800 4015; x_wconf 81' lang='lat' dir='ltr'><strong>sedem</strong></span> <span class='ocrx_word' id='word_1_504' title='bbox 834 3966 1041 4021; x_wconf 84' lang='lat' dir='ltr'><strong>restitui</strong></span> <span class='ocrx_word' id='word_1_505' title='bbox 1074 3968 1375 4038; x_wconf 85' lang='lat' dir='ltr'><strong>imperavit,</strong></span> <span class='ocrx_word' id='word_1_506' title='bbox 1398 3974 1689 4042; x_wconf 82' lang='lat' dir='ltr'><strong>mulctatis,</strong></span> <span class='ocrx_word' id='word_1_507' title='bbox 1715 3989 1768 4030; x_wconf 92' lang='lat' dir='ltr'><strong>ut</strong></span> <span class='ocrx_word' id='word_1_508' title='bbox 1804 3980 1966 4033; x_wconf 77' lang='lat' dir='ltr'><strong>refert</strong></span> <span class='ocrx_word' id='word_1_509' title='bbox 1993 3980 2124 4035; x_wconf 81' lang='lat' dir='ltr'><strong>Gre-</strong></span> 
     </span>
    </p>
   </div>
   <div class='ocr_carea' id='block_1_72' title="bbox 538 4055 2116 4135">
    <p class='ocr_par' dir='ltr' id='par_1_72' title="bbox 538 4055 2116 4135">
     <span class='ocr_line' id='line_1_72' title="bbox 538 4055 2116 4135; baseline 0.015 -30"><span class='ocrx_word' id='word_1_510' title='bbox 538 4055 741 4121; x_wconf 64' lang='lat' dir='ltr'><strong>gorius,</strong></span> <span class='ocrx_word' id='word_1_511' title='bbox 764 4058 1052 4127; x_wconf 85' lang='lat' dir='ltr'><strong>episcopis,</strong></span> <span class='ocrx_word' id='word_1_512' title='bbox 1092 4064 1180 4126; x_wconf 91' lang='lat' dir='ltr'><strong>qui</strong></span> <span class='ocrx_word' id='word_1_513' title='bbox 1214 4064 1319 4118; x_wconf 73' lang='lat' dir='ltr'><strong>tale</strong></span> <span class='ocrx_word' id='word_1_514' title='bbox 1353 4065 1557 4121; x_wconf 85' lang='lat' dir='ltr'><strong>facinus</strong></span> <span class='ocrx_word' id='word_1_515' title='bbox 1598 4073 1830 4135; x_wconf 69' lang='lat' dir='ltr'><strong>aggressi</strong></span> <span class='ocrx_word' id='word_1_516' title='bbox 1888 4070 2116 4129; x_wconf 85' lang='lat' dir='ltr'><strong>fuerant.</strong></span> 
     </span>
    </p>
   </div>
   <div class='ocr_carea' id='block_1_73' title="bbox 522 4145 2118 4236">
    <p class='ocr_par' dir='ltr' id='par_1_73' title="bbox 522 4145 2118 4236">
     <span class='ocr_line' id='line_1_73' title="bbox 522 4145 2118 4236; baseline 0.016 -39"><span class='ocrx_word' id='word_1_517' title='bbox 522 4145 685 4199; x_wconf 12' lang='lat' dir='ltr'><strong>illaud</strong></span> <span class='ocrx_word' id='word_1_518' title='bbox 734 4160 910 4204; x_wconf 79' lang='lat' dir='ltr'><strong>tamen</strong></span> <span class='ocrx_word' id='word_1_519' title='bbox 938 4153 1075 4206; x_wconf 66' lang='lat' dir='ltr'><strong>adeo</strong></span> <span class='ocrx_word' id='word_1_520' title='bbox 1104 4158 1303 4210; x_wconf 84' lang='lat' dir='ltr'><strong>exarsit</strong></span> <span class='ocrx_word' id='word_1_521' title='bbox 1327 4158 1675 4216; x_wconf 71' lang='lat' dir='ltr'><strong>Cbaribertus</strong></span> <span class='ocrx_word' id='word_1_522' title='bbox 1721 4164 1774 4217; x_wconf 89' lang='lat' dir='ltr'><strong>in</strong></span> <span class='ocrx_word' id='word_1_523' title='bbox 1816 4167 2118 4236; x_wconf 87' lang='lat' dir='ltr'><strong>episcopos,</strong></span> 
     </span>
    </p>
   </div>
   <div class='ocr_carea' id='block_1_74' title="bbox 532 4240 2120 4323">
    <p class='ocr_par' dir='ltr' id='par_1_74' title="bbox 532 4240 2120 4323">
     <span class='ocr_line' id='line_1_74' title="bbox 532 4240 2120 4323; baseline 0.014 -32"><span class='ocrx_word' id='word_1_524' title='bbox 532 4240 677 4300; x_wconf 82' lang='lat' dir='ltr'><strong>quod</strong></span> <span class='ocrx_word' id='word_1_525' title='bbox 710 4242 945 4297; x_wconf 85' lang='lat' dir='ltr'><strong>Eumerii</strong></span> <span class='ocrx_word' id='word_1_526' title='bbox 972 4248 1364 4304; x_wconf 84' lang='lat' dir='ltr'><strong>ordinationem</strong></span> <span class='ocrx_word' id='word_1_527' title='bbox 1389 4254 1699 4308; x_wconf 81' lang='lat' dir='ltr'><strong>examinare</strong></span> <span class='ocrx_word' id='word_1_528' title='bbox 1725 4257 2042 4323; x_wconf 88' lang='lat' dir='ltr'><strong>voluissent,</strong></span> <span class='ocrx_word' id='word_1_529' title='bbox 2070 4259 2120 4313; x_wconf 91' lang='lat' dir='ltr'><strong>id</strong></span> 
     </span>
    </p>
   </div>
   <div class='ocr_carea' id='block_1_75' title="bbox 532 4330 2121 4418">
    <p class='ocr_par' dir='ltr' id='par_1_75' title="bbox 532 4330 2121 4418">
     <span class='ocr_line' id='line_1_75' title="bbox 532 4330 2121 4418; baseline 0.015 -38"><span class='ocrx_word' id='word_1_530' title='bbox 532 4330 679 4383; x_wconf 82' lang='lat' dir='ltr'><strong>enim</strong></span> <span class='ocrx_word' id='word_1_531' title='bbox 698 4333 776 4385; x_wconf 84' lang='lat' dir='ltr'><strong>eis</strong></span> <span class='ocrx_word' id='word_1_532' title='bbox 802 4349 895 4400; x_wconf 84' lang='lat' dir='ltr'><strong>per</strong></span> <span class='ocrx_word' id='word_1_533' title='bbox 922 4351 1154 4391; x_wconf 82' lang='lat' dir='ltr'><strong>canones</strong></span> <span class='ocrx_word' id='word_1_534' title='bbox 1178 4339 1378 4392; x_wconf 90' lang='lat' dir='ltr'><strong>licitum</strong></span> <span class='ocrx_word' id='word_1_535' title='bbox 1408 4351 1546 4406; x_wconf 89' lang='lat' dir='ltr'><strong>erat,</strong></span> <span class='ocrx_word' id='word_1_536' title='bbox 1566 4343 1660 4397; x_wconf 91' lang='lat' dir='ltr'><strong>sed</strong></span> <span class='ocrx_word' id='word_1_537' title='bbox 1682 4347 1821 4413; x_wconf 89' lang='lat' dir='ltr'><strong>quod</strong></span> <span class='ocrx_word' id='word_1_538' title='bbox 1847 4347 1991 4401; x_wconf 90' lang='lat' dir='ltr'><strong>illum</strong></span> <span class='ocrx_word' id='word_1_539' title='bbox 2010 4348 2121 4418; x_wconf 88' lang='lat' dir='ltr'><strong>jam</strong></span> 
     </span>
    </p>
   </div>
   <div class='ocr_carea' id='block_1_76' title="bbox 534 4422 2123 4507">
    <p class='ocr_par' dir='ltr' id='par_1_76' title="bbox 534 4422 2123 4507">
     <span class='ocr_line' id='line_1_76' title="bbox 534 4422 2123 4507; baseline 0.016 -34"><span class='ocrx_word' id='word_1_540' title='bbox 534 4422 625 4475; x_wconf 87' lang='lat' dir='ltr'><strong>diu</strong></span> <span class='ocrx_word' id='word_1_541' title='bbox 658 4441 777 4478; x_wconf 83' lang='lat' dir='ltr'><strong>rum</strong></span> <span class='ocrx_word' id='word_1_542' title='bbox 820 4429 1134 4485; x_wconf 86' lang='lat' dir='ltr'><strong>auctoritate</strong></span> <span class='ocrx_word' id='word_1_543' title='bbox 1162 4434 1302 4496; x_wconf 77' lang='lat' dir='ltr'><strong>regis</strong></span> <span class='ocrx_word' id='word_1_544' title='bbox 1329 4435 1639 4502; x_wconf 75' lang='lat' dir='ltr'><strong>episcopatu</strong></span> <span class='ocrx_word' id='word_1_545' title='bbox 1673 4440 1979 4507; x_wconf 87' lang='lat' dir='ltr'><strong>pollentem,</strong></span> <span class='ocrx_word' id='word_1_546' title='bbox 2005 4443 2123 4497; x_wconf 88' lang='lat' dir='ltr'><strong>abs-</strong></span> 
     </span>
    </p>
   </div>
   <div class='ocr_carea' id='block_1_77' title="bbox 528 4514 1587 4593">
    <p class='ocr_par' dir='ltr' id='par_1_77' title="bbox 528 4514 1587 4593">
     <span class='ocr_line' id='line_1_77' title="bbox 528 4514 1587 4593; baseline 0.014 -27"><span class='ocrx_word' id='word_1_547' title='bbox 528 4528 640 4582; x_wconf 83' lang='lat' dir='ltr'><strong>que</strong></span> <span class='ocrx_word' id='word_1_548' title='bbox 666 4514 781 4584; x_wconf 76' lang='lat' dir='ltr'><strong>ejus</strong></span> <span class='ocrx_word' id='word_1_549' title='bbox 797 4518 1003 4585; x_wconf 82' lang='lat' dir='ltr'><strong>judicio</strong></span> <span class='ocrx_word' id='word_1_550' title='bbox 1030 4536 1061 4575; x_wconf 93' lang='lat' dir='ltr'><strong>e</strong></span> <span class='ocrx_word' id='word_1_551' title='bbox 1091 4523 1217 4575; x_wconf 86' lang='lat' dir='ltr'><strong>sede</strong></span> <span class='ocrx_word' id='word_1_552' title='bbox 1245 4524 1587 4593; x_wconf 84' lang='lat' dir='ltr'><strong>dejecissent.</strong></span> 
     </span>
    </p>
   </div>
   <div class='ocr_carea' id='block_1_78' title="bbox 2223 3330 3817 3413">
    <p class='ocr_par' dir='ltr' id='par_1_78' title="bbox 2223 3330 3817 3413">
     <span class='ocr_line' id='line_1_78' title="bbox 2223 3330 3817 3413; baseline 0.015 -36"><span class='ocrx_word' id='word_1_553' title='bbox 2223 3337 2360 3389; x_wconf 83' lang='lat' dir='ltr'><strong>erat,</strong></span> <span class='ocrx_word' id='word_1_554' title='bbox 2396 3330 2631 3397; x_wconf 89' lang='lat' dir='ltr'><strong>viveret,</strong></span> <span class='ocrx_word' id='word_1_555' title='bbox 2665 3334 2749 3390; x_wconf 82' lang='lat' dir='ltr'><strong>hic</strong></span> <span class='ocrx_word' id='word_1_556' title='bbox 2778 3336 3193 3397; x_wconf 84' lang='lat' dir='ltr'><strong>Tornodoreuse</strong></span> <span class='ocrx_word' id='word_1_557' title='bbox 3235 3356 3493 3413; x_wconf 85' lang='lat' dir='ltr'><strong>castrum,</strong></span> <span class='ocrx_word' id='word_1_558' title='bbox 3529 3354 3590 3399; x_wconf 89' lang='lat' dir='ltr'><strong>ut</strong></span> <span class='ocrx_word' id='word_1_559' title='bbox 3638 3347 3817 3401; x_wconf 82' lang='lat' dir='ltr'><strong>arcui-</strong></span> 
     </span>
    </p>
   </div>
   <div class='ocr_carea' id='block_1_79' title="bbox 2226 3420 3623 3499">
    <p class='ocr_par' dir='ltr' id='par_1_79' title="bbox 2226 3420 3623 3499">
     <span class='ocr_line' id='line_1_79' title="bbox 2226 3420 3623 3499; baseline 0.012 -27"><span class='ocrx_word' id='word_1_560' title='bbox 2226 3420 2507 3491; x_wconf 73' lang='lat' dir='ltr'><strong>presbyter</strong></span> <span class='ocrx_word' id='word_1_561' title='bbox 2533 3436 2776 3492; x_wconf 75' lang='lat' dir='ltr'><strong>regeret,</strong></span> <span class='ocrx_word' id='word_1_562' title='bbox 2807 3440 2967 3499; x_wconf 89' lang='lat' dir='ltr'><strong>atque</strong></span> <span class='ocrx_word' id='word_1_563' title='bbox 3002 3432 3052 3484; x_wconf 92' lang='lat' dir='ltr'><strong>in</strong></span> <span class='ocrx_word' id='word_1_564' title='bbox 3085 3448 3149 3487; x_wconf 90' lang='lat' dir='ltr'><strong>eo</strong></span> <span class='ocrx_word' id='word_1_565' title='bbox 3175 3445 3623 3490; x_wconf 86' lang='lat' dir='ltr'><strong>commoraretur.</strong></span> 
     </span>
    </p>
   </div>
   <div class='ocr_carea' id='block_1_80' title="bbox 2296 3511 3811 3599">
    <p class='ocr_par' dir='ltr' id='par_1_80' title="bbox 2296 3511 3811 3599">
     <span class='ocr_line' id='line_1_80' title="bbox 2296 3511 3811 3599; baseline 0.012 -34"><span class='ocrx_word' id='word_1_566' title='bbox 2296 3511 2389 3568; x_wconf 64' lang='lat'><strong>25.</strong></span> <span class='ocrx_word' id='word_1_567' title='bbox 2439 3515 2813 3575; x_wconf 87' lang='lat' dir='ltr'><strong>Ordinationes</strong></span> <span class='ocrx_word' id='word_1_568' title='bbox 2861 3523 2927 3575; x_wconf 89' lang='lat' dir='ltr'><strong>ad</strong></span> <span class='ocrx_word' id='word_1_569' title='bbox 2962 3525 3399 3593; x_wconf 87' lang='lat' dir='ltr'><strong>metropolitanos</strong></span> <span class='ocrx_word' id='word_1_570' title='bbox 3447 3530 3811 3599; x_wconf 83' lang='lat' dir='ltr'><strong>pertinebant,</strong></span> 
     </span>
    </p>
   </div>
   <div class='ocr_carea' id='block_1_81' title="bbox 2233 3601 3810 3689">
    <p class='ocr_par' dir='ltr' id='par_1_81' title="bbox 2233 3601 3810 3689">
     <span class='ocr_line' id='line_1_81' title="bbox 2233 3601 3810 3689; baseline 0.012 -35"><span class='ocrx_word' id='word_1_571' title='bbox 2233 3601 2284 3655; x_wconf 93' lang='lat' dir='ltr'><strong>in</strong></span> <span class='ocrx_word' id='word_1_572' title='bbox 2318 3606 2531 3672; x_wconf 90' lang='lat' dir='ltr'><strong>propria</strong></span> <span class='ocrx_word' id='word_1_573' title='bbox 2558 3607 2820 3679; x_wconf 84' lang='lat' dir='ltr'><strong>cujusque</strong></span> <span class='ocrx_word' id='word_1_574' title='bbox 2842 3613 3134 3680; x_wconf 87' lang='lat' dir='ltr'><strong>provincia.</strong></span> <span class='ocrx_word' id='word_1_575' title='bbox 3171 3616 3323 3672; x_wconf 82' lang='lat' dir='ltr'><strong>Unde</strong></span> <span class='ocrx_word' id='word_1_576' title='bbox 3357 3618 3644 3689; x_wconf 86' lang='lat' dir='ltr'><strong>Gregorius</strong></span> <span class='ocrx_word' id='word_1_577' title='bbox 3671 3620 3810 3675; x_wconf 88' lang='lat' dir='ltr'><strong>libro</strong></span> 
     </span>
    </p>
   </div>
   <div class='ocr_carea' id='block_1_82' title="bbox 2228 3696 3812 3781">
    <p class='ocr_par' dir='ltr' id='par_1_82' title="bbox 2228 3696 3812 3781">
     <span class='ocr_line' id='line_1_82' title="bbox 2228 3696 3812 3781; baseline 0.014 -34"><span class='ocrx_word' id='word_1_578' title='bbox 2228 3710 2279 3747; x_wconf 84' lang='lat' dir='ltr'><strong>tv</strong></span> <span class='ocrx_word' id='word_1_579' title='bbox 2312 3696 2579 3765; x_wconf 67' lang='lat' dir='ltr'><strong>Historim,</strong></span> <span class='ocrx_word' id='word_1_580' title='bbox 2612 3704 2788 3771; x_wconf 86' lang='lat' dir='ltr'><strong>capite</strong></span> <span class='ocrx_word' id='word_1_581' title='bbox 2817 3706 2905 3768; x_wconf 76' lang='lat'><strong>35,</strong></span> <span class='ocrx_word' id='word_1_582' title='bbox 2940 3708 3081 3774; x_wconf 88' lang='lat' dir='ltr'><strong>quod</strong></span> <span class='ocrx_word' id='word_1_583' title='bbox 3111 3709 3162 3762; x_wconf 91' lang='lat' dir='ltr'><strong>in</strong></span> <span class='ocrx_word' id='word_1_584' title='bbox 3191 3711 3351 3765; x_wconf 89' lang='lat' dir='ltr'><strong>editis</strong></span> <span class='ocrx_word' id='word_1_585' title='bbox 3380 3712 3812 3781; x_wconf 61' lang='lat' dir='ltr'><strong>praecedentibus</strong></span> 
     </span>
    </p>
   </div>
   <div class='ocr_carea' id='block_1_83' title="bbox 2226 3787 3808 3873">
    <p class='ocr_par' dir='ltr' id='par_1_83' title="bbox 2226 3787 3808 3873">
     <span class='ocr_line' id='line_1_83' title="bbox 2226 3787 3808 3873; baseline 0.013 -31"><span class='ocrx_word' id='word_1_586' title='bbox 2226 3787 2656 3861; x_wconf 68' lang='lat' dir='ltr'><strong>desiderabatur,</strong></span> <span class='ocrx_word' id='word_1_587' title='bbox 2713 3814 2937 3852; x_wconf 82' lang='lat' dir='ltr'><strong>narrans</strong></span> <span class='ocrx_word' id='word_1_588' title='bbox 2986 3803 3126 3855; x_wconf 82' lang='lat' dir='ltr'><strong>Aviti</strong></span> <span class='ocrx_word' id='word_1_589' title='bbox 3170 3804 3524 3863; x_wconf 85' lang='lat' dir='ltr'><strong>Arvernensis</strong></span> <span class='ocrx_word' id='word_1_590' title='bbox 3570 3807 3808 3873; x_wconf 80' lang='lat' dir='ltr'><strong>episcopi</strong></span> 
     </span>
    </p>
   </div>
   <div class='ocr_carea' id='block_1_84' title="bbox 2228 3885 3807 3970">
    <p class='ocr_par' dir='ltr' id='par_1_84' title="bbox 2228 3885 3807 3970">
     <span class='ocr_line' id='line_1_84' title="bbox 2228 3885 3807 3970; baseline 0.016 -38"><span class='ocrx_word' id='word_1_591' title='bbox 2228 3885 2654 3953; x_wconf 85' lang='lat' dir='ltr'><strong>ordinationem,</strong></span> <span class='ocrx_word' id='word_1_592' title='bbox 2682 3891 2837 3959; x_wconf 82' lang='lat' dir='ltr'><strong>jussu</strong></span> <span class='ocrx_word' id='word_1_593' title='bbox 2886 3895 3138 3963; x_wconf 81' lang='lat' dir='ltr'><strong>Sigiberti</strong></span> <span class='ocrx_word' id='word_1_594' title='bbox 3185 3902 3325 3967; x_wconf 80' lang='lat' dir='ltr'><strong>regis</strong></span> <span class='ocrx_word' id='word_1_595' title='bbox 3364 3900 3538 3955; x_wconf 84' lang='lat' dir='ltr'><strong>Mettis</strong></span> <span class='ocrx_word' id='word_1_596' title='bbox 3570 3902 3761 3957; x_wconf 83' lang='lat' dir='ltr'><strong>factam</strong></span> <span class='ocrx_word' id='word_1_597' title='bbox 3789 3945 3807 3970; x_wconf 91' lang='lat'><strong>,</strong></span> 
     </span>
    </p>
   </div>
   <div class='ocr_carea' id='block_1_85' title="bbox 2226 3974 3811 4053">
    <p class='ocr_par' dir='ltr' id='par_1_85' title="bbox 2226 3974 3811 4053">
     <span class='ocr_line' id='line_1_85' title="bbox 2226 3974 3811 4053; baseline 0.015 -27"><span class='ocrx_word' id='word_1_598' title='bbox 2226 3974 2481 4031; x_wconf 84' lang='lat' dir='ltr'><strong>observat</strong></span> <span class='ocrx_word' id='word_1_599' title='bbox 2508 3979 2607 4033; x_wconf 88' lang='lat' dir='ltr'><strong>hac</strong></span> <span class='ocrx_word' id='word_1_600' title='bbox 2640 3982 2689 4033; x_wconf 90' lang='lat' dir='ltr'><strong>in</strong></span> <span class='ocrx_word' id='word_1_601' title='bbox 2719 3998 2778 4037; x_wconf 86' lang='lat' dir='ltr'><strong>re</strong></span> <span class='ocrx_word' id='word_1_602' title='bbox 2807 3986 3109 4038; x_wconf 79' lang='lat' dir='ltr'><strong>canonicum</strong></span> <span class='ocrx_word' id='word_1_603' title='bbox 3131 3989 3351 4053; x_wconf 84' lang='lat' dir='ltr'><strong>rigorem</strong></span> <span class='ocrx_word' id='word_1_604' title='bbox 3376 4007 3479 4043; x_wconf 91' lang='lat' dir='ltr'><strong>non</strong></span> <span class='ocrx_word' id='word_1_605' title='bbox 3514 3991 3675 4045; x_wconf 83' lang='lat' dir='ltr'><strong>fuisse</strong></span> <span class='ocrx_word' id='word_1_606' title='bbox 3695 4008 3811 4048; x_wconf 79' lang='lat' dir='ltr'><strong>ser-</strong></span> 
     </span>
    </p>
   </div>
   <div class='ocr_carea' id='block_1_86' title="bbox 2226 4070 3810 4141">
    <p class='ocr_par' dir='ltr' id='par_1_86' title="bbox 2226 4070 3810 4141">
     <span class='ocr_line' id='line_1_86' title="bbox 2226 4070 3810 4141; baseline 0.015 -24"><span class='ocrx_word' id='word_1_607' title='bbox 2226 4074 2428 4123; x_wconf 84' lang='lat' dir='ltr'><strong>vatum.</strong></span> <span class='ocrx_word' id='word_1_608' title='bbox 2450 4070 2566 4137; x_wconf 85' lang='lat' dir='ltr'><strong>Ipse</strong></span> <span class='ocrx_word' id='word_1_609' title='bbox 2594 4082 2769 4127; x_wconf 77' lang='lat' dir='ltr'><strong>tamen</strong></span> <span class='ocrx_word' id='word_1_610' title='bbox 2794 4073 3079 4141; x_wconf 79' lang='lat' dir='ltr'><strong>Gregorius</strong></span> <span class='ocrx_word' id='word_1_611' title='bbox 3106 4078 3324 4133; x_wconf 79' lang='lat' dir='ltr'><strong>Rbemis</strong></span> <span class='ocrx_word' id='word_1_612' title='bbox 3345 4092 3689 4135; x_wconf 54' lang='lat' dir='ltr'><strong>consecratus</strong></span> <span class='ocrx_word' id='word_1_613' title='bbox 3714 4085 3810 4140; x_wconf 89' lang='lat' dir='ltr'><strong>fuit</strong></span> 
     </span>
    </p>
   </div>
   <div class='ocr_carea' id='block_1_87' title="bbox 2226 4158 3807 4236">
    <p class='ocr_par' dir='ltr' id='par_1_87' title="bbox 2226 4158 3807 4236">
     <span class='ocr_line' id='line_1_87' title="bbox 2226 4158 3807 4236; baseline 0.013 -27"><span class='ocrx_word' id='word_1_614' title='bbox 2226 4159 2293 4211; x_wconf 90' lang='lat' dir='ltr'><strong>ab</strong></span> <span class='ocrx_word' id='word_1_615' title='bbox 2322 4158 2534 4216; x_wconf 67' lang='lat' dir='ltr'><strong>Eaitlio</strong></span> <span class='ocrx_word' id='word_1_616' title='bbox 2558 4163 2678 4233; x_wconf 89' lang='lat' dir='ltr'><strong>ejus</strong></span> <span class='ocrx_word' id='word_1_617' title='bbox 2705 4166 2852 4220; x_wconf 88' lang='lat' dir='ltr'><strong>urbis</strong></span> <span class='ocrx_word' id='word_1_618' title='bbox 2877 4170 3320 4236; x_wconf 83' lang='lat' dir='ltr'><strong>metropolitano,</strong></span> <span class='ocrx_word' id='word_1_619' title='bbox 3355 4182 3411 4225; x_wconf 90' lang='lat' dir='ltr'><strong>ut</strong></span> <span class='ocrx_word' id='word_1_620' title='bbox 3447 4174 3589 4228; x_wconf 88' lang='lat' dir='ltr'><strong>canit</strong></span> <span class='ocrx_word' id='word_1_621' title='bbox 3620 4174 3807 4230; x_wconf 83' lang='lat' dir='ltr'><strong>Fortu-</strong></span> 
     </span>
    </p>
   </div>
   <div class='ocr_carea' id='block_1_88' title="bbox 2225 4255 3811 4326">
    <p class='ocr_par' dir='ltr' id='par_1_88' title="bbox 2225 4255 3811 4326">
     <span class='ocr_line' id='line_1_88' title="bbox 2225 4255 3811 4326; baseline 0.014 -25"><span class='ocrx_word' id='word_1_622' title='bbox 2225 4261 2402 4319; x_wconf 82' lang='lat' dir='ltr'><strong>natus,</strong></span> <span class='ocrx_word' id='word_1_623' title='bbox 2437 4269 2534 4307; x_wconf 86' lang='lat' dir='ltr'><strong>nec</strong></span> <span class='ocrx_word' id='word_1_624' title='bbox 2579 4255 2817 4311; x_wconf 91' lang='lat' dir='ltr'><strong>alterutri</strong></span> <span class='ocrx_word' id='word_1_625' title='bbox 2872 4276 3102 4326; x_wconf 85' lang='lat' dir='ltr'><strong>unquam</strong></span> <span class='ocrx_word' id='word_1_626' title='bbox 3132 4261 3232 4316; x_wconf 83' lang='lat' dir='ltr'><strong>hoc</strong></span> <span class='ocrx_word' id='word_1_627' title='bbox 3259 4263 3452 4317; x_wconf 88' lang='lat' dir='ltr'><strong>factum</strong></span> <span class='ocrx_word' id='word_1_628' title='bbox 3482 4265 3611 4318; x_wconf 75' lang='lat' dir='ltr'><strong>vizio</strong></span> <span class='ocrx_word' id='word_1_629' title='bbox 3631 4266 3811 4323; x_wconf 80' lang='lat' dir='ltr'><strong>vertit.</strong></span> 
     </span>
    </p>
   </div>
   <div class='ocr_carea' id='block_1_89' title="bbox 2229 4345 3810 4432">
    <p class='ocr_par' dir='ltr' id='par_1_89' title="bbox 2229 4345 3810 4432">
     <span class='ocr_line' id='line_1_89' title="bbox 2229 4345 3810 4432; baseline 0.008 -35"><span class='ocrx_word' id='word_1_630' title='bbox 2229 4345 2291 4397; x_wconf 82' lang='lat' dir='ltr'><strong>At</strong></span> <span class='ocrx_word' id='word_1_631' title='bbox 2320 4360 2442 4399; x_wconf 90' lang='lat' dir='ltr'><strong>cum</strong></span> <span class='ocrx_word' id='word_1_632' title='bbox 2473 4346 2614 4401; x_wconf 90' lang='lat' dir='ltr'><strong>idem</strong></span> <span class='ocrx_word' id='word_1_633' title='bbox 2665 4349 2913 4418; x_wconf 65' lang='lat' dir='ltr'><strong>Aﬂgidins</strong></span> <span class='ocrx_word' id='word_1_634' title='bbox 2947 4370 3050 4406; x_wconf 88' lang='lat' dir='ltr'><strong>non</strong></span> <span class='ocrx_word' id='word_1_635' title='bbox 3081 4356 3252 4407; x_wconf 84' lang='lat' dir='ltr'><strong>solum</strong></span> <span class='ocrx_word' id='word_1_636' title='bbox 3302 4357 3553 4411; x_wconf 88' lang='lat' dir='ltr'><strong>ordinare</strong></span> <span class='ocrx_word' id='word_1_637' title='bbox 3598 4358 3810 4432; x_wconf 82' lang='lat' dir='ltr'><strong>episco-</strong></span> 
     </span>
    </p>
   </div>
   <div class='ocr_carea' id='block_1_90' title="bbox 2228 4442 3806 4513">
    <p class='ocr_par' dir='ltr' id='par_1_90' title="bbox 2228 4442 3806 4513">
     <span class='ocr_line' id='line_1_90' title="bbox 2228 4442 3806 4513; baseline 0.009 -25"><span class='ocrx_word' id='word_1_638' title='bbox 2228 4453 2344 4505; x_wconf 78' lang='lat' dir='ltr'><strong>pos,</strong></span> <span class='ocrx_word' id='word_1_639' title='bbox 2362 4454 2549 4493; x_wconf 87' lang='lat' dir='ltr'><strong>verum</strong></span> <span class='ocrx_word' id='word_1_640' title='bbox 2571 4442 2732 4496; x_wconf 74' lang='lat' dir='ltr'><strong>etiam</strong></span> <span class='ocrx_word' id='word_1_641' title='bbox 2753 4452 2807 4496; x_wconf 84' lang='lat' dir='ltr'><strong>et</strong></span> <span class='ocrx_word' id='word_1_642' title='bbox 2833 4445 3197 4513; x_wconf 67' lang='lat' dir='ltr'><strong>episcopatum</strong></span> <span class='ocrx_word' id='word_1_643' title='bbox 3226 4448 3501 4503; x_wconf 73' lang='lat' dir='ltr'><strong>iust&#39;tuere</strong></span> <span class='ocrx_word' id='word_1_644' title='bbox 3527 4451 3576 4502; x_wconf 93' lang='lat' dir='ltr'><strong>in</strong></span> <span class='ocrx_word' id='word_1_645' title='bbox 3597 4449 3806 4503; x_wconf 65' lang='lat' dir='ltr'><strong>Castro-</strong></span> 
     </span>
    </p>
   </div>
   <div class='ocr_carea' id='block_1_91' title="bbox 2231 4528 3808 4605">
    <p class='ocr_par' dir='ltr' id='par_1_91' title="bbox 2231 4528 3808 4605">
     <span class='ocr_line' id='line_1_91' title="bbox 2231 4528 3808 4605; baseline 0.008 -23"><span class='ocrx_word' id='word_1_646' title='bbox 2231 4528 2485 4597; x_wconf 78' lang='lat' dir='ltr'><strong>Dunensi,</strong></span> <span class='ocrx_word' id='word_1_647' title='bbox 2516 4534 2658 4601; x_wconf 87' lang='lat' dir='ltr'><strong>quod</strong></span> <span class='ocrx_word' id='word_1_648' title='bbox 2692 4535 2740 4587; x_wconf 91' lang='lat' dir='ltr'><strong>in</strong></span> <span class='ocrx_word' id='word_1_649' title='bbox 2773 4535 3077 4590; x_wconf 87' lang='lat' dir='ltr'><strong>Carnolena</strong></span> <span class='ocrx_word' id='word_1_650' title='bbox 3109 4538 3326 4590; x_wconf 73' lang='lat' dir='ltr'><strong>dimensi</strong></span> <span class='ocrx_word' id='word_1_651' title='bbox 3360 4542 3519 4594; x_wconf 89' lang='lat' dir='ltr'><strong>situm</strong></span> <span class='ocrx_word' id='word_1_652' title='bbox 3567 4551 3668 4605; x_wconf 83' lang='lat' dir='ltr'><strong>est,</strong></span> <span class='ocrx_word' id='word_1_653' title='bbox 3696 4552 3808 4595; x_wconf 86' lang='lat' dir='ltr'><strong>ten-</strong></span> 
     </span>
    </p>
   </div>
   <div class='ocr_carea' id='block_1_92' title="bbox 600 4609 3811 4693">
    <p class='ocr_par' dir='ltr' id='par_1_92' title="bbox 600 4609 3811 4693">
     <span class='ocr_line' id='line_1_92' title="bbox 600 4609 3811 4693; baseline 0.011 -28"><span class='ocrx_word' id='word_1_654' title='bbox 600 4609 702 4670; x_wconf 60' lang='grc' dir='ltr'><strong>ειι.</strong></span> <span class='ocrx_word' id='word_1_655' title='bbox 743 4610 1144 4669; x_wconf 83' lang='lat' dir='ltr'><strong>Translationes</strong></span> <span class='ocrx_word' id='word_1_656' title='bbox 1171 4617 1544 4685; x_wconf 79' lang='lat' dir='ltr'><strong>episcOporum</strong></span> <span class='ocrx_word' id='word_1_657' title='bbox 1576 4637 1643 4675; x_wconf 83' lang='lat' dir='ltr'><strong>ex</strong></span> <span class='ocrx_word' id='word_1_658' title='bbox 1679 4637 1782 4678; x_wconf 90' lang='lat' dir='ltr'><strong>una</strong></span> <span class='ocrx_word' id='word_1_659' title='bbox 1816 4624 1867 4677; x_wconf 93' lang='lat' dir='ltr'><strong>in</strong></span> <span class='ocrx_word' id='word_1_660' title='bbox 1898 4626 2117 4681; x_wconf 79' lang='lat' dir='ltr'><strong>alteram</strong></span> <span class='ocrx_word' id='word_1_661' title='bbox 2152 4628 2200 4687; x_wconf 88' lang='lat' dir='ltr'><strong>D</strong></span> <span class='ocrx_word' id='word_1_662' title='bbox 2230 4627 2413 4687; x_wconf 58' lang='lat'><strong>“556&#39;.</strong></span> <span class='ocrx_word' id='word_1_663' title='bbox 2448 4624 2680 4689; x_wconf 62' lang='lat' dir='ltr'><strong>Emme&quot;</strong></span> <span class='ocrx_word' id='word_1_664' title='bbox 2708 4627 2775 4677; x_wconf 63' lang='lat' dir='ltr'><strong>ab</strong></span> <span class='ocrx_word' id='word_1_665' title='bbox 2804 4627 3070 4693; x_wconf 65' lang='lat' dir='ltr'><strong>episcopis</strong></span> <span class='ocrx_word' id='word_1_666' title='bbox 3129 4632 3340 4684; x_wconf 68' lang='lat' dir='ltr'><strong>COW&#39;im</strong></span> <span class='ocrx_word' id='word_1_667' title='bbox 3406 4648 3454 4685; x_wconf 74' lang='grc' dir='ltr'><strong>ιν</strong></span> <span class='ocrx_word' id='word_1_668' title='bbox 3499 4634 3811 4689; x_wconf 70' lang='grc' dir='ltr'><strong>Ρπίείθηείε</strong></span> 
     </span>
    </p>
   </div>
   <div class='ocr_carea' id='block_1_93' title="bbox 540 4702 2122 4782">
    <p class='ocr_par' dir='ltr' id='par_1_93' title="bbox 540 4702 2122 4782">
     <span class='ocr_line' id='line_1_93' title="bbox 540 4702 2122 4782; baseline 0.013 -29"><span class='ocrx_word' id='word_1_669' title='bbox 540 4702 722 4755; x_wconf 69' lang='lat' dir='ltr'><strong>sedem</strong></span> <span class='ocrx_word' id='word_1_670' title='bbox 756 4719 1013 4771; x_wconf 88' lang='lat' dir='ltr'><strong>nusquam</strong></span> <span class='ocrx_word' id='word_1_671' title='bbox 1040 4704 1091 4758; x_wconf 89' lang='lat' dir='ltr'><strong>iu</strong></span> <span class='ocrx_word' id='word_1_672' title='bbox 1124 4706 1362 4775; x_wconf 76' lang='lat' dir='ltr'><strong>Gregorii</strong></span> <span class='ocrx_word' id='word_1_673' title='bbox 1398 4709 1545 4764; x_wconf 88' lang='lat' dir='ltr'><strong>libris</strong></span> <span class='ocrx_word' id='word_1_674' title='bbox 1575 4714 1811 4780; x_wconf 83' lang='lat' dir='ltr'><strong>reperire</strong></span> <span class='ocrx_word' id='word_1_675' title='bbox 1838 4715 1982 4782; x_wconf 86' lang='lat' dir='ltr'><strong>licet,</strong></span> <span class='ocrx_word' id='word_1_676' title='bbox 2023 4718 2122 4773; x_wconf 86' lang='lat' dir='ltr'><strong>nisi</strong></span> 
     </span>
    </p>
   </div>
   <div class='ocr_carea' id='block_1_94' title="bbox 540 4797 2122 4875">
    <p class='ocr_par' dir='ltr' id='par_1_94' title="bbox 540 4797 2122 4875">
     <span class='ocr_line' id='line_1_94' title="bbox 540 4797 2122 4875; baseline 0.01 -28"><span class='ocrx_word' id='word_1_677' title='bbox 540 4809 748 4857; x_wconf 85' lang='lat' dir='ltr'><strong>eorum,</strong></span> <span class='ocrx_word' id='word_1_678' title='bbox 783 4797 871 4863; x_wconf 89' lang='lat' dir='ltr'><strong>qui</strong></span> <span class='ocrx_word' id='word_1_679' title='bbox 898 4811 962 4849; x_wconf 79' lang='lat' dir='ltr'><strong>ex</strong></span> <span class='ocrx_word' id='word_1_680' title='bbox 999 4800 1226 4865; x_wconf 82' lang='lat' dir='ltr'><strong>propiiis</strong></span> <span class='ocrx_word' id='word_1_681' title='bbox 1258 4801 1479 4854; x_wconf 89' lang='lat' dir='ltr'><strong>urbibus</strong></span> <span class='ocrx_word' id='word_1_682' title='bbox 1523 4803 1894 4860; x_wconf 81' lang='lat' dir='ltr'><strong>luercticorum</strong></span> <span class='ocrx_word' id='word_1_683' title='bbox 1926 4809 2122 4875; x_wconf 86' lang='lat' dir='ltr'><strong>princi-</strong></span> 
     </span>
    </p>
   </div>
   <div class='ocr_carea' id='block_1_95' title="bbox 538 4887 2122 4966">
    <p class='ocr_par' dir='ltr' id='par_1_95' title="bbox 538 4887 2122 4966">
     <span class='ocr_line' id='line_1_95' title="bbox 538 4887 2122 4966; baseline 0.011 -28"><span class='ocrx_word' id='word_1_684' title='bbox 538 4903 661 4956; x_wconf 90' lang='lat' dir='ltr'><strong>pum</strong></span> <span class='ocrx_word' id='word_1_685' title='bbox 697 4887 850 4958; x_wconf 78' lang='lat' dir='ltr'><strong>jnssu</strong></span> <span class='ocrx_word' id='word_1_686' title='bbox 882 4891 1089 4957; x_wconf 73' lang='lat' dir='ltr'><strong>expulsi</strong></span> <span class='ocrx_word' id='word_1_687' title='bbox 1113 4933 1127 4953; x_wconf 92' lang='lat'><strong>,</strong></span> <span class='ocrx_word' id='word_1_688' title='bbox 1158 4891 1209 4943; x_wconf 89' lang='lat' dir='ltr'><strong>iu</strong></span> <span class='ocrx_word' id='word_1_689' title='bbox 1243 4891 1567 4947; x_wconf 77' lang='lat' dir='ltr'><strong>Francorum</strong></span> <span class='ocrx_word' id='word_1_690' title='bbox 1595 4912 1814 4966; x_wconf 79' lang='lat' dir='ltr'><strong>regnum</strong></span> <span class='ocrx_word' id='word_1_691' title='bbox 1860 4903 2122 4955; x_wconf 66' lang='lat' dir='ltr'><strong>accedi-n-</strong></span> 
     </span>
    </p>
   </div>
   <div class='ocr_carea' id='block_1_96' title="bbox 537 4980 2121 5062">
    <p class='ocr_par' dir='ltr' id='par_1_96' title="bbox 537 4980 2121 5062">
     <span class='ocr_line' id='line_1_96' title="bbox 537 4980 2121 5062; baseline 0.008 -28"><span class='ocrx_word' id='word_1_692' title='bbox 537 4989 637 5040; x_wconf 73' lang='lat' dir='ltr'><strong>trs.</strong></span> <span class='ocrx_word' id='word_1_693' title='bbox 670 4980 898 5035; x_wconf 87' lang='lat' dir='ltr'><strong>viduatis</strong></span> <span class='ocrx_word' id='word_1_694' title='bbox 931 4982 1181 5037; x_wconf 61' lang='lat' dir='ltr'><strong>Ecclesiis</strong></span> <span class='ocrx_word' id='word_1_695' title='bbox 1207 4985 1457 5052; x_wconf 74' lang='lat' dir='ltr'><strong>&#39;prml‘ecti</strong></span> <span class='ocrx_word' id='word_1_696' title='bbox 1501 4989 1646 5044; x_wconf 83' lang='lat' dir='ltr'><strong>tuere</strong></span> <span class='ocrx_word' id='word_1_697' title='bbox 1667 5031 1681 5053; x_wconf 91' lang='lat'><strong>,</strong></span> <span class='ocrx_word' id='word_1_698' title='bbox 1722 4992 1862 5047; x_wconf 74' lang='grc' dir='ltr'><strong>(ιιιθὸ</strong></span> <span class='ocrx_word' id='word_1_699' title='bbox 1907 5009 2121 5062; x_wconf 87' lang='lat' dir='ltr'><strong>semper</strong></span> 
     </span>
    </p>
   </div>
   <div class='ocr_carea' id='block_1_97' title="bbox 540 5072 2120 5146">
    <p class='ocr_par' dir='ltr' id='par_1_97' title="bbox 540 5072 2120 5146">
     <span class='ocr_line' id='line_1_97' title="bbox 540 5072 2120 5146; baseline 0.01 -22"><span class='ocrx_word' id='word_1_700' title='bbox 540 5072 853 5141; x_wconf 78' lang='lat' dir='ltr'><strong>approbavit</strong></span> <span class='ocrx_word' id='word_1_701' title='bbox 885 5073 1143 5128; x_wconf 79' lang='lat' dir='ltr'><strong>Ecclesia.</strong></span> <span class='ocrx_word' id='word_1_702' title='bbox 1176 5076 1525 5146; x_wconf 83' lang='lat' dir='ltr'><strong>Coadjutores</strong></span> <span class='ocrx_word' id='word_1_703' title='bbox 1566 5082 1870 5137; x_wconf 86' lang='lat' dir='ltr'><strong>viventibus</strong></span> <span class='ocrx_word' id='word_1_704' title='bbox 1919 5086 2120 5140; x_wconf 82' lang='lat' dir='ltr'><strong>substi-</strong></span> 
     </span>
    </p>
   </div>
   <div class='ocr_carea' id='block_1_98' title="bbox 539 5165 2120 5244">
    <p class='ocr_par' dir='ltr' id='par_1_98' title="bbox 539 5165 2120 5244">
     <span class='ocr_line' id='line_1_98' title="bbox 539 5165 2120 5244; baseline 0.011 -28"><span class='ocrx_word' id='word_1_705' title='bbox 539 5165 636 5217; x_wconf 89' lang='lat' dir='ltr'><strong>tuti</strong></span> <span class='ocrx_word' id='word_1_706' title='bbox 691 5165 931 5220; x_wconf 87' lang='lat' dir='ltr'><strong>n0nnu|li</strong></span> <span class='ocrx_word' id='word_1_707' title='bbox 985 5178 1308 5232; x_wconf 91' lang='lat' dir='ltr'><strong>occurrunt,</strong></span> <span class='ocrx_word' id='word_1_708' title='bbox 1356 5173 1444 5238; x_wconf 90' lang='lat' dir='ltr'><strong>qui</strong></span> <span class='ocrx_word' id='word_1_709' title='bbox 1477 5173 1558 5226; x_wconf 80' lang='lat' dir='ltr'><strong>vel</strong></span> <span class='ocrx_word' id='word_1_710' title='bbox 1592 5189 1775 5244; x_wconf 80' lang='lat' dir='ltr'><strong>regum</strong></span> <span class='ocrx_word' id='word_1_711' title='bbox 1802 5175 2003 5244; x_wconf 77' lang='lat' dir='ltr'><strong>favore,</strong></span> <span class='ocrx_word' id='word_1_712' title='bbox 2038 5178 2120 5232; x_wconf 91' lang='lat' dir='ltr'><strong>vcl</strong></span> 
     </span>
    </p>
   </div>
   <div class='ocr_carea' id='block_1_99' title="bbox 528 5255 2117 5334">
    <p class='ocr_par' dir='ltr' id='par_1_99' title="bbox 528 5255 2117 5334">
     <span class='ocr_line' id='line_1_99' title="bbox 528 5255 2117 5334; baseline 0.007 -25"><span class='ocrx_word' id='word_1_713' title='bbox 528 5255 636 5309; x_wconf 67' lang='lat' dir='ltr'><strong>alia</strong></span> <span class='ocrx_word' id='word_1_714' title='bbox 670 5257 856 5323; x_wconf 89' lang='lat' dir='ltr'><strong>quavis</strong></span> <span class='ocrx_word' id='word_1_715' title='bbox 885 5272 953 5311; x_wconf 77' lang='lat' dir='ltr'><strong>ex</strong></span> <span class='ocrx_word' id='word_1_716' title='bbox 987 5272 1167 5321; x_wconf 87' lang='lat' dir='ltr'><strong>causa,</strong></span> <span class='ocrx_word' id='word_1_717' title='bbox 1190 5274 1311 5313; x_wconf 89' lang='lat' dir='ltr'><strong>cum</strong></span> <span class='ocrx_word' id='word_1_718' title='bbox 1334 5276 1434 5331; x_wconf 26' lang='lat' dir='ltr'><strong>‘spe</strong></span> <span class='ocrx_word' id='word_1_719' title='bbox 1461 5263 1525 5315; x_wconf 85' lang='lat' dir='ltr'><strong>ad</strong></span> <span class='ocrx_word' id='word_1_720' title='bbox 1556 5264 1785 5334; x_wconf 86' lang='lat' dir='ltr'><strong>aliquam</strong></span> <span class='ocrx_word' id='word_1_721' title='bbox 1822 5266 2117 5320; x_wconf 78' lang='lat' dir='ltr'><strong>Ecclesiam</strong></span> 
     </span>
    </p>
   </div>
   <div class='ocr_carea' id='block_1_100' title="bbox 538 5349 2120 5421">
    <p class='ocr_par' dir='ltr' id='par_1_100' title="bbox 538 5349 2120 5421">
     <span class='ocr_line' id='line_1_100' title="bbox 538 5349 2120 5421; baseline 0.005 -22"><span class='ocrx_word' id='word_1_722' title='bbox 538 5349 880 5414; x_wconf 68' lang='lat' dir='ltr'><strong>succedendi,</strong></span> <span class='ocrx_word' id='word_1_723' title='bbox 913 5351 1141 5405; x_wconf 90' lang='lat' dir='ltr'><strong>ordinati</strong></span> <span class='ocrx_word' id='word_1_724' title='bbox 1172 5350 1416 5417; x_wconf 79' lang='lat' dir='ltr'><strong>fuerunt;</strong></span> <span class='ocrx_word' id='word_1_725' title='bbox 1450 5362 1504 5407; x_wconf 89' lang='lat' dir='ltr'><strong>at</strong></span> <span class='ocrx_word' id='word_1_726' title='bbox 1526 5370 1630 5408; x_wconf 92' lang='lat' dir='ltr'><strong>non</strong></span> <span class='ocrx_word' id='word_1_727' title='bbox 1661 5370 1818 5421; x_wconf 79' lang='lat' dir='ltr'><strong>vano,</strong></span> <span class='ocrx_word' id='word_1_728' title='bbox 1872 5365 1928 5408; x_wconf 92' lang='lat' dir='ltr'><strong>ut</strong></span> <span class='ocrx_word' id='word_1_729' title='bbox 1960 5356 2120 5409; x_wconf 73' lang='lat' dir='ltr'><strong>hodie</strong></span> 
     </span>
    </p>
   </div>
   <div class='ocr_carea' id='block_1_101' title="bbox 536 5438 2117 5515">
    <p class='ocr_par' dir='ltr' id='par_1_101' title="bbox 536 5438 2117 5515">
     <span class='ocr_line' id='line_1_101' title="bbox 536 5438 2117 5515; baseline 0.006 -25"><span class='ocrx_word' id='word_1_730' title='bbox 536 5438 618 5501; x_wconf 84' lang='lat' dir='ltr'><strong>lit,</strong></span> <span class='ocrx_word' id='word_1_731' title='bbox 648 5440 822 5501; x_wconf 88' lang='lat' dir='ltr'><strong>titulo,</strong></span> <span class='ocrx_word' id='word_1_732' title='bbox 857 5455 1025 5507; x_wconf 86' lang='lat' dir='ltr'><strong>neque</strong></span> <span class='ocrx_word' id='word_1_733' title='bbox 1053 5441 1102 5495; x_wconf 90' lang='lat' dir='ltr'><strong>in</strong></span> <span class='ocrx_word' id='word_1_734' title='bbox 1135 5458 1195 5497; x_wconf 88' lang='lat' dir='ltr'><strong>ea</strong></span> <span class='ocrx_word' id='word_1_735' title='bbox 1226 5442 1335 5509; x_wconf 81' lang='lat' dir='ltr'><strong>ipsa</strong></span> <span class='ocrx_word' id='word_1_736' title='bbox 1364 5444 1618 5507; x_wconf 81' lang='lat' dir='ltr'><strong>Ecclesia,</strong></span> <span class='ocrx_word' id='word_1_737' title='bbox 1649 5461 1806 5514; x_wconf 92' lang='lat' dir='ltr'><strong>quam</strong></span> <span class='ocrx_word' id='word_1_738' title='bbox 1832 5446 2117 5515; x_wconf 79' lang='lat' dir='ltr'><strong>aliquando</strong></span> 
     </span>
    </p>
   </div>
   <div class='ocr_carea' id='block_1_102' title="bbox 491 5530 2116 5607">
    <p class='ocr_par' dir='ltr' id='par_1_102' title="bbox 491 5530 2116 5607">
     <span class='ocr_line' id='line_1_102' title="bbox 491 5530 2116 5607; baseline 0.005 -23"><span class='ocrx_word' id='word_1_739' title='bbox 491 5538 501 5595; x_wconf 63' lang='grc' dir='ltr'><strong>ι</strong></span> <span class='ocrx_word' id='word_1_740' title='bbox 534 5541 717 5585; x_wconf 74' lang='lat' dir='ltr'><strong>essent</strong></span> <span class='ocrx_word' id='word_1_741' title='bbox 740 5530 980 5598; x_wconf 86' lang='lat' dir='ltr'><strong>adepturi</strong></span> <span class='ocrx_word' id='word_1_742' title='bbox 1004 5535 1407 5601; x_wconf 88' lang='lat' dir='ltr'><strong>ordinabantnr,</strong></span> <span class='ocrx_word' id='word_1_743' title='bbox 1432 5537 1525 5590; x_wconf 88' lang='lat' dir='ltr'><strong>sed</strong></span> <span class='ocrx_word' id='word_1_744' title='bbox 1567 5538 1716 5607; x_wconf 80' lang='lat' dir='ltr'><strong>quasi</strong></span> <span class='ocrx_word' id='word_1_745' title='bbox 1747 5538 1868 5592; x_wconf 89' lang='lat' dir='ltr'><strong>novi</strong></span> <span class='ocrx_word' id='word_1_746' title='bbox 1910 5539 2116 5606; x_wconf 77' lang='lat' dir='ltr'><strong>cpisco-</strong></span> 
     </span>
    </p>
   </div>
   <div class='ocr_carea' id='block_1_103' title="bbox 535 5623 2115 5698">
    <p class='ocr_par' dir='ltr' id='par_1_103' title="bbox 535 5623 2115 5698">
     <span class='ocr_line' id='line_1_103' title="bbox 535 5623 2115 5698; baseline 0.007 -25"><span class='ocrx_word' id='word_1_747' title='bbox 535 5635 691 5691; x_wconf 76' lang='lat' dir='ltr'><strong>pazus</strong></span> <span class='ocrx_word' id='word_1_748' title='bbox 720 5623 991 5679; x_wconf 79' lang='lat' dir='ltr'><strong>erectiune</strong></span> <span class='ocrx_word' id='word_1_749' title='bbox 1015 5670 1027 5689; x_wconf 89' lang='lat'><strong>,</strong></span> <span class='ocrx_word' id='word_1_750' title='bbox 1063 5627 1114 5681; x_wconf 93' lang='lat' dir='ltr'><strong>in</strong></span> <span class='ocrx_word' id='word_1_751' title='bbox 1137 5628 1317 5698; x_wconf 88' lang='lat' dir='ltr'><strong>aliquo</strong></span> <span class='ocrx_word' id='word_1_752' title='bbox 1354 5629 1541 5681; x_wconf 70' lang='lat' dir='ltr'><strong>futura:</strong></span> <span class='ocrx_word' id='word_1_753' title='bbox 1569 5645 1630 5682; x_wconf 86' lang='lat' dir='ltr'><strong>su</strong></span> <span class='ocrx_word' id='word_1_754' title='bbox 1650 5649 1677 5677; x_wconf 82' lang='grc' dir='ltr'><strong>ι·</strong></span> <span class='ocrx_word' id='word_1_755' title='bbox 1702 5630 2000 5685; x_wconf 75' lang='lat' dir='ltr'><strong>dimcescos</strong></span> <span class='ocrx_word' id='word_1_756' title='bbox 2027 5646 2056 5684; x_wconf 89' lang='lat' dir='ltr'><strong>c</strong></span> <span class='ocrx_word' id='word_1_757' title='bbox 2078 5658 2115 5670; x_wconf 69' lang='grc' dir='ltr'><strong>ι-</strong></span> 
     </span>
    </p>
   </div>
   <div class='ocr_carea' id='block_1_104' title="bbox 530 5714 2115 5790">
    <p class='ocr_par' dir='ltr' id='par_1_104' title="bbox 530 5714 2115 5790">
     <span class='ocr_line' id='line_1_104' title="bbox 530 5714 2115 5790; baseline 0.003 -21"><span class='ocrx_word' id='word_1_758' title='bbox 530 5722 649 5769; x_wconf 85' lang='lat' dir='ltr'><strong>stro</strong></span> <span class='ocrx_word' id='word_1_759' title='bbox 677 5714 963 5780; x_wconf 61' lang='lat' dir='ltr'><strong>sedvbant,</strong></span> <span class='ocrx_word' id='word_1_760' title='bbox 990 5733 1109 5771; x_wconf 91' lang='lat' dir='ltr'><strong>cum</strong></span> <span class='ocrx_word' id='word_1_761' title='bbox 1150 5720 1418 5789; x_wconf 85' lang='lat' dir='ltr'><strong>assignata</strong></span> <span class='ocrx_word' id='word_1_762' title='bbox 1452 5720 1553 5775; x_wconf 89' lang='lat' dir='ltr'><strong>sibi</strong></span> <span class='ocrx_word' id='word_1_763' title='bbox 1601 5722 1651 5773; x_wconf 94' lang='lat' dir='ltr'><strong>in</strong></span> <span class='ocrx_word' id='word_1_764' title='bbox 1685 5721 1885 5775; x_wconf 86' lang='lat' dir='ltr'><strong>vicinos</strong></span> <span class='ocrx_word' id='word_1_765' title='bbox 1914 5720 2115 5790; x_wconf 87' lang='lat' dir='ltr'><strong>aliquot</strong></span> 
     </span>
    </p>
   </div>
   <div class='ocr_carea' id='block_1_105' title="bbox 533 5805 2113 5882">
    <p class='ocr_par' dir='ltr' id='par_1_105' title="bbox 533 5805 2113 5882">
     <span class='ocr_line' id='line_1_105' title="bbox 533 5805 2113 5882; baseline 0.008 -25"><span class='ocrx_word' id='word_1_766' title='bbox 533 5806 682 5864; x_wconf 79' lang='lat' dir='ltr'><strong>vicos</strong></span> <span class='ocrx_word' id='word_1_767' title='bbox 714 5805 1106 5878; x_wconf 84' lang='lat' dir='ltr'><strong>jurisdictiune.</strong></span> <span class='ocrx_word' id='word_1_768' title='bbox 1149 5812 1239 5866; x_wconf 83' lang='lat' dir='ltr'><strong>Sic</strong></span> <span class='ocrx_word' id='word_1_769' title='bbox 1269 5811 1614 5869; x_wconf 79' lang='lat' dir='ltr'><strong>Mundericus</strong></span> <span class='ocrx_word' id='word_1_770' title='bbox 1657 5813 1798 5882; x_wconf 75' lang='lat' dir='ltr'><strong>apud</strong></span> <span class='ocrx_word' id='word_1_771' title='bbox 1832 5813 2113 5870; x_wconf 79' lang='lat' dir='ltr'><strong>Tornodo-</strong></span> 
     </span>
    </p>
   </div>
   <div class='ocr_carea' id='block_1_106' title="bbox 2232 4712 3813 4785">
    <p class='ocr_par' dir='ltr' id='par_1_106' title="bbox 2232 4712 3813 4785">
     <span class='ocr_line' id='line_1_106' title="bbox 2232 4712 3813 4785; baseline 0.01 -22"><span class='ocrx_word' id='word_1_772' title='bbox 2232 4712 2590 4777; x_wconf 83' lang='lat' dir='ltr'><strong>reprehensus</strong></span> <span class='ocrx_word' id='word_1_773' title='bbox 2622 4714 2759 4784; x_wconf 84' lang='lat' dir='ltr'><strong>fuit,</strong></span> <span class='ocrx_word' id='word_1_774' title='bbox 2795 4719 2936 4785; x_wconf 88' lang='lat' dir='ltr'><strong>quod</strong></span> <span class='ocrx_word' id='word_1_775' title='bbox 2986 4735 3097 4773; x_wconf 90' lang='lat' dir='ltr'><strong>rem</strong></span> <span class='ocrx_word' id='word_1_776' title='bbox 3149 4721 3285 4773; x_wconf 81' lang='lat' dir='ltr'><strong>adeo</strong></span> <span class='ocrx_word' id='word_1_777' title='bbox 3337 4723 3604 4776; x_wconf 70' lang='lat' dir='ltr'><strong>instilitam</strong></span> <span class='ocrx_word' id='word_1_778' title='bbox 3653 4735 3813 4779; x_wconf 77' lang='lat' dir='ltr'><strong>extra</strong></span> 
     </span>
    </p>
   </div>
   <div class='ocr_carea' id='block_1_107' title="bbox 2229 4804 3802 4884">
    <p class='ocr_par' dir='ltr' id='par_1_107' title="bbox 2229 4804 3802 4884">
     <span class='ocr_line' id='line_1_107' title="bbox 2229 4804 3802 4884; baseline 0.009 -27"><span class='ocrx_word' id='word_1_779' title='bbox 2229 4818 2340 4858; x_wconf 71' lang='lat' dir='ltr'><strong>suae</strong></span> <span class='ocrx_word' id='word_1_780' title='bbox 2353 4804 2580 4859; x_wconf 84' lang='lat' dir='ltr'><strong>civitatis</strong></span> <span class='ocrx_word' id='word_1_781' title='bbox 2601 4816 2654 4861; x_wconf 92' lang='lat' dir='ltr'><strong>et</strong></span> <span class='ocrx_word' id='word_1_782' title='bbox 2677 4809 2963 4876; x_wconf 71' lang='lat' dir='ltr'><strong>provinciae</strong></span> <span class='ocrx_word' id='word_1_783' title='bbox 2987 4813 3248 4865; x_wconf 86' lang='lat' dir='ltr'><strong>terminos</strong></span> <span class='ocrx_word' id='word_1_784' title='bbox 3276 4810 3465 4868; x_wconf 87' lang='lat' dir='ltr'><strong>fuis-et</strong></span> <span class='ocrx_word' id='word_1_785' title='bbox 3492 4830 3802 4884; x_wconf 80' lang='lat' dir='ltr'><strong>aggressus.</strong></span> 
     </span>
    </p>
   </div>
   <div class='ocr_carea' id='block_1_108' title="bbox 2232 4898 3813 4975">
    <p class='ocr_par' dir='ltr' id='par_1_108' title="bbox 2232 4898 3813 4975">
     <span class='ocr_line' id='line_1_108' title="bbox 2232 4898 3813 4975; baseline 0.005 -24"><span class='ocrx_word' id='word_1_786' title='bbox 2232 4898 2295 4951; x_wconf 77' lang='lat' dir='ltr'><strong>Et</strong></span> <span class='ocrx_word' id='word_1_787' title='bbox 2326 4900 2544 4961; x_wconf 88' lang='lat' dir='ltr'><strong>merito,</strong></span> <span class='ocrx_word' id='word_1_788' title='bbox 2578 4915 2698 4955; x_wconf 81' lang='lat' dir='ltr'><strong>eum</strong></span> <span class='ocrx_word' id='word_1_789' title='bbox 2734 4918 2800 4954; x_wconf 88' lang='lat' dir='ltr'><strong>ne</strong></span> <span class='ocrx_word' id='word_1_790' title='bbox 2831 4903 2880 4955; x_wconf 89' lang='lat' dir='ltr'><strong>id</strong></span> <span class='ocrx_word' id='word_1_791' title='bbox 2912 4904 3129 4970; x_wconf 85' lang='lat' dir='ltr'><strong>quidem</strong></span> <span class='ocrx_word' id='word_1_792' title='bbox 3159 4904 3254 4971; x_wconf 90' lang='lat' dir='ltr'><strong>ipsi</strong></span> <span class='ocrx_word' id='word_1_793' title='bbox 3288 4906 3469 4957; x_wconf 80' lang='lat' dir='ltr'><strong>liceret</strong></span> <span class='ocrx_word' id='word_1_794' title='bbox 3493 4922 3555 4958; x_wconf 79' lang='lat' dir='ltr'><strong>cx</strong></span> <span class='ocrx_word' id='word_1_795' title='bbox 3585 4916 3813 4975; x_wconf 84' lang='lat' dir='ltr'><strong>aposto-</strong></span> 
     </span>
    </p>
   </div>
   <div class='ocr_carea' id='block_1_109' title="bbox 2229 4987 3810 5064">
    <p class='ocr_par' dir='ltr' id='par_1_109' title="bbox 2229 4987 3810 5064">
     <span class='ocr_line' id='line_1_109' title="bbox 2229 4987 3810 5064; baseline 0.009 -24"><span class='ocrx_word' id='word_1_796' title='bbox 2229 4987 2343 5041; x_wconf 57' lang='lat' dir='ltr'><strong>lica!</strong></span> <span class='ocrx_word' id='word_1_797' title='bbox 2367 4989 2510 5043; x_wconf 89' lang='lat' dir='ltr'><strong>sedis</strong></span> <span class='ocrx_word' id='word_1_798' title='bbox 2534 4988 2643 5043; x_wconf 89' lang='lat' dir='ltr'><strong>vica</strong></span> <span class='ocrx_word' id='word_1_799' title='bbox 2655 4992 2787 5044; x_wconf 87' lang='lat' dir='ltr'><strong>riattt</strong></span> <span class='ocrx_word' id='word_1_800' title='bbox 2813 4993 2922 5047; x_wconf 89' lang='lat' dir='ltr'><strong>sedi</strong></span> <span class='ocrx_word' id='word_1_801' title='bbox 2948 5007 3058 5047; x_wconf 68' lang='lat' dir='ltr'><strong>sua:</strong></span> <span class='ocrx_word' id='word_1_802' title='bbox 3078 4995 3216 5046; x_wconf 88' lang='lat' dir='ltr'><strong>beati</strong></span> <span class='ocrx_word' id='word_1_803' title='bbox 3246 4995 3464 5063; x_wconf 79' lang='lat' dir='ltr'><strong>Itemigli</strong></span> <span class='ocrx_word' id='word_1_804' title='bbox 3483 4998 3810 5064; x_wconf 80' lang='lat' dir='ltr'><strong>temporibus</strong></span> 
     </span>
    </p>
   </div>
   <div class='ocr_carea' id='block_1_110' title="bbox 2225 5082 3810 5154">
    <p class='ocr_par' dir='ltr' id='par_1_110' title="bbox 2225 5082 3810 5154">
     <span class='ocr_line' id='line_1_110' title="bbox 2225 5082 3810 5154; baseline 0.007 -21"><span class='ocrx_word' id='word_1_805' title='bbox 2225 5095 2515 5147; x_wconf 83' lang='lat' dir='ltr'><strong>concesso;</strong></span> <span class='ocrx_word' id='word_1_806' title='bbox 2544 5082 2587 5135; x_wconf 94' lang='lat' dir='ltr'><strong>si</strong></span> <span class='ocrx_word' id='word_1_807' title='bbox 2621 5084 2837 5151; x_wconf 88' lang='lat' dir='ltr'><strong>quidem</strong></span> <span class='ocrx_word' id='word_1_808' title='bbox 2865 5084 3129 5152; x_wconf 88' lang='lat' dir='ltr'><strong>ejusmodi</strong></span> <span class='ocrx_word' id='word_1_809' title='bbox 3166 5087 3445 5154; x_wconf 75' lang='lat' dir='ltr'><strong>privilegia</strong></span> <span class='ocrx_word' id='word_1_810' title='bbox 3482 5090 3691 5143; x_wconf 86' lang='lat' dir='ltr'><strong>nonnisi</strong></span> <span class='ocrx_word' id='word_1_811' title='bbox 3726 5092 3810 5143; x_wconf 85' lang='lat' dir='ltr'><strong>in-</strong></span> 
     </span>
    </p>
   </div>
   <div class='ocr_carea' id='block_1_111' title="bbox 2226 5172 3807 5244">
    <p class='ocr_par' dir='ltr' id='par_1_111' title="bbox 2226 5172 3807 5244">
     <span class='ocr_line' id='line_1_111' title="bbox 2226 5172 3807 5244; baseline 0.005 -21"><span class='ocrx_word' id='word_1_812' title='bbox 2226 5172 2392 5238; x_wconf 81' lang='lat' dir='ltr'><strong>tegris</strong></span> <span class='ocrx_word' id='word_1_813' title='bbox 2425 5186 2486 5225; x_wconf 80' lang='lat' dir='ltr'><strong>ac</strong></span> <span class='ocrx_word' id='word_1_814' title='bbox 2522 5174 2683 5225; x_wconf 80' lang='lat' dir='ltr'><strong>salvis</strong></span> <span class='ocrx_word' id='word_1_815' title='bbox 2708 5175 3238 5240; x_wconf 82' lang='lat' dir='ltr'><strong>metropolitanorum</strong></span> <span class='ocrx_word' id='word_1_816' title='bbox 3284 5175 3492 5244; x_wconf 87' lang='lat' dir='ltr'><strong>jnrilms</strong></span> <span class='ocrx_word' id='word_1_817' title='bbox 3542 5180 3807 5232; x_wconf 88' lang='lat' dir='ltr'><strong>concede-</strong></span> 
     </span>
    </p>
   </div>
   <div class='ocr_carea' id='block_1_112' title="bbox 2224 5261 3809 5337">
    <p class='ocr_par' dir='ltr' id='par_1_112' title="bbox 2224 5261 3809 5337">
     <span class='ocr_line' id='line_1_112' title="bbox 2224 5261 3809 5337; baseline 0.004 -20"><span class='ocrx_word' id='word_1_818' title='bbox 2224 5262 2436 5317; x_wconf 85' lang='lat' dir='ltr'><strong>bantur.</strong></span> <span class='ocrx_word' id='word_1_819' title='bbox 2472 5261 2624 5318; x_wconf 90' lang='lat' dir='ltr'><strong>Unde</strong></span> <span class='ocrx_word' id='word_1_820' title='bbox 2653 5267 2799 5320; x_wconf 89' lang='lat' dir='ltr'><strong>brevi</strong></span> <span class='ocrx_word' id='word_1_821' title='bbox 2830 5269 3026 5322; x_wconf 87' lang='lat' dir='ltr'><strong>cecidit</strong></span> <span class='ocrx_word' id='word_1_822' title='bbox 3052 5268 3139 5320; x_wconf 91' lang='lat' dir='ltr'><strong>illa</strong></span> <span class='ocrx_word' id='word_1_823' title='bbox 3172 5268 3436 5322; x_wconf 72' lang='lat' dir='ltr'><strong>Iluncnsis</strong></span> <span class='ocrx_word' id='word_1_824' title='bbox 3466 5272 3809 5337; x_wconf 81' lang='lat' dir='ltr'><strong>episcopatus</strong></span> 
     </span>
    </p>
   </div>
   <div class='ocr_carea' id='block_1_113' title="bbox 2223 5354 3807 5422">
    <p class='ocr_par' dir='ltr' id='par_1_113' title="bbox 2223 5354 3807 5422">
     <span class='ocr_line' id='line_1_113' title="bbox 2223 5354 3807 5422; baseline 0 -16"><span class='ocrx_word' id='word_1_825' title='bbox 2223 5354 2461 5418; x_wconf 87' lang='lat' dir='ltr'><strong>erectio,</strong></span> <span class='ocrx_word' id='word_1_826' title='bbox 2494 5368 2615 5422; x_wconf 69' lang='lat' dir='ltr'><strong>qua:</strong></span> <span class='ocrx_word' id='word_1_827' title='bbox 2653 5365 2837 5407; x_wconf 91' lang='lat' dir='ltr'><strong>contra</strong></span> <span class='ocrx_word' id='word_1_828' title='bbox 2880 5372 3141 5409; x_wconf 88' lang='lat' dir='ltr'><strong>canonum</strong></span> <span class='ocrx_word' id='word_1_829' title='bbox 3181 5357 3310 5407; x_wconf 81' lang='lat' dir='ltr'><strong>scita</strong></span> <span class='ocrx_word' id='word_1_830' title='bbox 3356 5358 3644 5411; x_wconf 70' lang='lat' dir='ltr'><strong>temerario</strong></span> <span class='ocrx_word' id='word_1_831' title='bbox 3677 5373 3807 5408; x_wconf 83' lang='lat' dir='ltr'><strong>ausu</strong></span> 
     </span>
    </p>
   </div>
   <div class='ocr_carea' id='block_1_114' title="bbox 2223 5442 3803 5514">
    <p class='ocr_par' dir='ltr' id='par_1_114' title="bbox 2223 5442 3803 5514">
     <span class='ocr_line' id='line_1_114' title="bbox 2223 5442 3803 5514; baseline 0.002 -18"><span class='ocrx_word' id='word_1_832' title='bbox 2223 5442 2359 5496; x_wconf 88' lang='lat' dir='ltr'><strong>facta</strong></span> <span class='ocrx_word' id='word_1_833' title='bbox 2393 5443 2604 5509; x_wconf 87' lang='lat' dir='ltr'><strong>fuerat;</strong></span> <span class='ocrx_word' id='word_1_834' title='bbox 2638 5448 2790 5499; x_wconf 80' lang='lat' dir='ltr'><strong>stetit</strong></span> <span class='ocrx_word' id='word_1_835' title='bbox 2818 5462 2967 5508; x_wconf 83' lang='lat' dir='ltr'><strong>vero,</strong></span> <span class='ocrx_word' id='word_1_836' title='bbox 3005 5447 3273 5513; x_wconf 85' lang='lat' dir='ltr'><strong>hodieque</strong></span> <span class='ocrx_word' id='word_1_837' title='bbox 3315 5446 3567 5514; x_wconf 89' lang='lat' dir='ltr'><strong>perdurat</strong></span> <span class='ocrx_word' id='word_1_838' title='bbox 3591 5447 3803 5501; x_wconf 84' lang='lat' dir='ltr'><strong>Laudu-</strong></span> 
     </span>
    </p>
   </div>
   <div class='ocr_carea' id='block_1_115' title="bbox 2217 5538 3803 5608">
    <p class='ocr_par' dir='ltr' id='par_1_115' title="bbox 2217 5538 3803 5608">
     <span class='ocr_line' id='line_1_115' title="bbox 2217 5538 3803 5608; baseline -0.001 -16"><span class='ocrx_word' id='word_1_839' title='bbox 2217 5539 2402 5592; x_wconf 89' lang='lat' dir='ltr'><strong>nensis</strong></span> <span class='ocrx_word' id='word_1_840' title='bbox 2433 5539 2672 5592; x_wconf 81' lang='lat' dir='ltr'><strong>Ecclesia</strong></span> <span class='ocrx_word' id='word_1_841' title='bbox 2703 5556 2731 5593; x_wconf 89' lang='lat' dir='ltr'><strong>a</strong></span> <span class='ocrx_word' id='word_1_842' title='bbox 2764 5550 2953 5592; x_wconf 86' lang='lat' dir='ltr'><strong>sancto</strong></span> <span class='ocrx_word' id='word_1_843' title='bbox 2975 5538 3215 5607; x_wconf 74' lang='lat' dir='ltr'><strong>ltonugio</strong></span> <span class='ocrx_word' id='word_1_844' title='bbox 3234 5540 3495 5606; x_wconf 86' lang='lat' dir='ltr'><strong>instituta,</strong></span> <span class='ocrx_word' id='word_1_845' title='bbox 3520 5540 3660 5608; x_wconf 87' lang='lat' dir='ltr'><strong>quod</strong></span> <span class='ocrx_word' id='word_1_846' title='bbox 3686 5555 3803 5593; x_wconf 83' lang='lat' dir='ltr'><strong>eam</strong></span> 
     </span>
    </p>
   </div>
   <div class='ocr_carea' id='block_1_116' title="bbox 2221 5632 3800 5702">
    <p class='ocr_par' dir='ltr' id='par_1_116' title="bbox 2221 5632 3800 5702">
     <span class='ocr_line' id='line_1_116' title="bbox 2221 5632 3800 5702; baseline -0.002 -15"><span class='ocrx_word' id='word_1_847' title='bbox 2221 5633 2271 5687; x_wconf 91' lang='lat' dir='ltr'><strong>in</strong></span> <span class='ocrx_word' id='word_1_848' title='bbox 2290 5633 2707 5689; x_wconf 70' lang='lat' dir='ltr'><strong>sttzedimcescos</strong></span> <span class='ocrx_word' id='word_1_849' title='bbox 2725 5641 2903 5687; x_wconf 68' lang='lat' dir='ltr'><strong>castro</strong></span> <span class='ocrx_word' id='word_1_850' title='bbox 2914 5634 3270 5697; x_wconf 84' lang='lat' dir='ltr'><strong>constituens,</strong></span> <span class='ocrx_word' id='word_1_851' title='bbox 3287 5632 3487 5688; x_wconf 87' lang='lat' dir='ltr'><strong>nemini</strong></span> <span class='ocrx_word' id='word_1_852' title='bbox 3514 5635 3800 5702; x_wconf 76' lang='lat' dir='ltr'><strong>irroga~sul</strong></span> 
     </span>
    </p>
   </div>
   <div class='ocr_carea' id='block_1_117' title="bbox 2219 5722 3795 5793">
    <p class='ocr_par' dir='ltr' id='par_1_117' title="bbox 2219 5722 3795 5793">
     <span class='ocr_line' id='line_1_117' title="bbox 2219 5722 3795 5793; baseline 0.001 -17"><span class='ocrx_word' id='word_1_853' title='bbox 2219 5723 2489 5793; x_wconf 87' lang='lat' dir='ltr'><strong>iujuriam.</strong></span> <span class='ocrx_word' id='word_1_854' title='bbox 2533 5725 2738 5778; x_wconf 79' lang='lat' dir='ltr'><strong>Novum</strong></span> <span class='ocrx_word' id='word_1_855' title='bbox 2772 5724 2894 5776; x_wconf 84' lang='lat' dir='ltr'><strong>itetr</strong></span> <span class='ocrx_word' id='word_1_856' title='bbox 2929 5726 3013 5789; x_wconf 86' lang='lat' dir='ltr'><strong>epi</strong></span> <span class='ocrx_word' id='word_1_857' title='bbox 3046 5732 3296 5787; x_wconf 87' lang='lat' dir='ltr'><strong>cupatum</strong></span> <span class='ocrx_word' id='word_1_858' title='bbox 3333 5726 3382 5776; x_wconf 91' lang='lat' dir='ltr'><strong>in</strong></span> <span class='ocrx_word' id='word_1_859' title='bbox 3429 5734 3606 5777; x_wconf 81' lang='lat' dir='ltr'><strong>castro</strong></span> <span class='ocrx_word' id='word_1_860' title='bbox 3633 5722 3795 5777; x_wconf 71' lang='lat' dir='ltr'><strong>Mclm</strong></span> 
     </span>
    </p>
   </div>
   <div class='ocr_carea' id='block_1_118' title="bbox 2215 5812 3793 5896">
    <p class='ocr_par' dir='ltr' id='par_1_118' title="bbox 2215 5812 3793 5896">
     <span class='ocr_line' id='line_1_118' title="bbox 2215 5812 3793 5896; baseline -0.008 -26"><span class='ocrx_word' id='word_1_861' title='bbox 2215 5813 2445 5871; x_wconf 76' lang='lat' dir='ltr'><strong>dimensi</strong></span> <span class='ocrx_word' id='word_1_862' title='bbox 2474 5813 2802 5867; x_wconf 78' lang='lat' dir='ltr'><strong>constituere</strong></span> <span class='ocrx_word' id='word_1_863' title='bbox 2831 5821 3128 5896; x_wconf 60' lang='lat' dir='ltr'><strong>mutaverat</strong></span> <span class='ocrx_word' id='word_1_864' title='bbox 3159 5829 3248 5866; x_wconf 76' lang='lat' dir='ltr'><strong>rex</strong></span> <span class='ocrx_word' id='word_1_865' title='bbox 3276 5812 3656 5866; x_wconf 75' lang='lat' dir='ltr'><strong>Cliildcbcrtus</strong></span> <span class='ocrx_word' id='word_1_866' title='bbox 3689 5815 3793 5867; x_wconf 81' lang='lat' dir='ltr'><strong>ori.</strong></span> 
     </span>
    </p>
   </div>
  </div>
