4086 6328
280 392 353 442 ιε,
1691 339 2072 405 ιιιιΑςνΑτιο.
3469 320 3543 377 so

286 512 442 561 mus;
496 499 549 545 at
593 487 922 543 reclamante
950 476 1131 533 Leone
1170 473 1445 529 Senonum
1480 464 1765 535 episcopo,
1793 460 1857 510 ad
1887 455 1937 514 Α
1964 466 2028 506 ex
2059 449 2326 506 universis
2349 446 2639 503 Galliarum
2665 441 2949 514 provinciis
2971 436 3396 509 congregandant
3418 449 3543 491 esse

1518 558 1527 561 _
1582 557 1597 561 _
1741 554 1761 561 -
1796 553 1807 561 .
1984 544 2188 561 ,θη-μ-.
2260 541 2499 561 _.,_-_--:.
2545 536 2835 561 n---....:....
2913 534 3000 561 -..ε
3051 541 3177 561 unus
3217 524 3543 561 l‘lnilJnIm-uﬂ

285 593 439 655 cuius
465 578 739 637 dioecesim
773 578 923 629 locus
948 570 1038 624 ille
1061 563 1382 634 pertinebat,
1403 575 1489 615 res
1517 557 1715 612 iniecta
1736 553 1859 607 fuit.

284 644 379 737 Sic
408 687 462 731 et
492 671 652 742 periit
681 666 995 721 Arisitensis
1024 659 1365 725 episcopatus
1388 695 1404 719 ,
1449 664 1603 720 quem
1655 644 1861 708 Gottlti,

286 738 545 825 detractis
570 763 775 827 aliquot
802 771 833 811 e
854 751 1075 809 dioecesi
1098 745 1451 807 Rutbenensi,
1480 742 1569 813 qui
1603 738 1735 809 ipsis
1768 751 1865 807 pa-

288 862 500 923 rebant,
533 856 687 917 vicis,
718 851 1081 906 instituerant.

360 951 454 1006 2t.
488 949 530 1003 Ε
556 943 732 1001 laicali
752 948 894 995 statu
926 936 991 991 ad
1023 930 1381 989 sacerdotium
1411 922 1740 996 promoveri,
1761 918 1862 974 ui-l

292 1054 415 1111 post
443 1051 693 1096 emensos
721 1037 899 1086 varios
925 1028 1149 1099 gradus,
1182 1034 1451 1090 nunquam
1506 1032 1601 1086 per
1635 1026 1868 1068 canones

291 1108 464 1193 licuit.
495 1131 665 1199 Quam
698 1124 970 1194 regulam,
1000 1119 1099 1174 etsi
1137 1119 1443 1182 frequenter
1481 1108 1754 1166 violatam,
1778 1119 1868 1158 se-

292 1228 403 1283 cuti
432 1194 555 1280 sunt
583 1231 762 1275 tamen
793 1227 1007 1277 semper
1025 1207 1260 1279 episcopi
1292 1200 1675 1273 religiosiores.
1704 1194 1871 1264 Hujus

294 1319 376 1374 rei
401 1314 706 1383 exemplum
748 1308 956 1362 illustre
994 1303 1062 1357 de
1101 1315 1164 1354 se
1192 1300 1310 1367 ipso
1342 1302 1523 1349 narrat
1557 1288 1870 1359 Gregorius,

294 1414 419 1468 loco
441 1380 604 1478 jam’a
632 1402 787 1456 nobis
808 1396 1053 1466 superius
1098 1391 1313 1447 laudato
1351 1404 1415 1442 ex
1464 1384 1603 1439 libro
1632 1399 1662 1434 v
1696 1380 1873 1434 Histo-

294 1504 415 1567 riae,
436 1467 611 1568 capite
639 1495 737 1560 15;
761 1506 879 1547 cum
906 1489 1049 1544 enim
1074 1480 1381 1551 Burgundio
1412 1478 1605 1531 Felicis
1634 1467 1875 1542 episcopi

278 1597 468 1661 ‘nepos
496 1588 565 1644 ad
590 1601 711 1641 eum
744 1581 1093 1640 accessisset,
1145 1569 1391 1628 avunculi
1421 1568 1503 1621 sui
1532 1575 1877 1620 cancrorum-

295 1702 402 1758 que
424 1678 953 1752 comprovincialium
991 1670 1368 1740 episcottorum
1404 1673 1670 1716 consensu
1702 1651 1877 1706 muni-

296 1744 408 1843 tus,
439 1786 495 1829 ut
527 1777 579 1827 in
612 1770 920 1838 episcopum
967 1768 1410 1817 consecraretur;
1442 1747 1718 1819 respondit
1744 1744 1877 1799 Gre-

297 1869 482 1934 gorius
512 1882 525 1917 :
576 1860 830 1914 Habemus
870 1854 1116 1921 scriptum
1145 1849 1199 1901 in
1242 1842 1513 1899 canonibus
1539 1882 1554 1905 ,
1592 1853 1694 1890 non
1724 1850 1870 1904 posse

298 1969 602 2028 quemquam
626 1949 695 2004 ad
743 1947 1089 2018 episwpatunt
1117 1940 1383 1999 accedere,
1414 1932 1513 1986 nisi
1549 1930 1693 2000 prius
1721 1926 1877 1979 eccle-

300 2016 532 2102 siasticos
560 2043 751 2114 gradus
774 2016 1090 2106 regulariter
1137 2029 1401 2084 sortiatur.
1434 2023 1569 2078 Tum
1617 2034 1736 2074 enm
1782 2016 1878 2069 do-

301 2138 413 2191 ιοιιίι
440 2107 641 2206 quid'ei
671 2130 975 2185 faciendum
1007 2133 1183 2187 esset,
1217 2131 1275 2175 ιιι
1316 2132 1436 2172 sese
1464 2116 1683 2184 dignum
1728 2107 1880 2163 exiti-

304 2232 459 2285 leret
491 2224 779 2294 episcopali
824 2222 1047 2274 bonore.
1079 2215 1409 2281 Quibusnam
1452 2221 1584 2262 vero
1628 2201 1881 2274 gradibus

303 2322 370 2374 ad
403 2328 600 2373 tantam
629 2315 940 2384 dignitatem
961 2306 1219 2364 canonice
1268 2298 1655 2369 assequendam
1689 2308 1878 2348 ascen-

304 2413 544 2468 dendum
574 2410 743 2469 foret,
797 2406 864 2460 ab
893 2403 1084 2458 eodem
1123 2395 1383 2469 Gregorio
1426 2392 1682 2448 dist-imus
1711 2403 1776 2443 ex
1818 2387 1885 2440 li-

309 2509 406 2560 bro
436 2521 511 2570 lV,
542 2502 717 2571 capite
737 2501 789 2562 ti,
819 2496 907 2550 ubi
930 2495 1061 2549 Cato
1084 2491 1360 2561 presbyter
1386 2503 1444 2541 se
1474 2484 1746 2537 clericatus
1766 2494 1884 2548 gra-

306 2598 404 2650 dus
417 2594 661 2649 canonica
673 2587 983 2644 institutione
993 2583 1237 2639 sortitum
1260 2576 1419 2633 fuisse
1435 2574 1516 2629 ltis
1532 2573 1715 2628 verbis
1727 2584 1887 2637 expo-

311 2688 388 2741 ttit
418 2705 431 2739 :
467 2685 646 2737 Lector
683 2683 850 2733 decem
875 2678 1024 2730 annis
1051 2676 1157 2742 fui,
1184 2676 1237 2727 in
1266 2670 1661 2725 subdiaconatus
1713 2662 1886 2731 officio

310 2778 533 2847 quinque
559 2773 707 2827 annis
739 2768 1019 2824 ministravi
1038 2784 1055 2829 ;
1100 2762 1395 2817 diaconatni
1430 2774 1547 2812 vero
1597 2752 1886 2824 quindecim

302 2871 460 2923 annis
490 2866 810 2928 mancipatus
843 2860 953 2931 fui,
994 2855 1285 2927 presbyterii
1336 2853 1524 2902 honore
1569 2849 1681 2918 jam
1708 2843 1890 2914 viginti

312 2962 462 3015 annis
491 2960 679 3027 potior.
710 2956 774 3010 Et
796 2953 1008 3023 quidem
1034 2949 1285 3009 Nicetius,
1311 2938 1680 3011 Lugdunensis
1704 2946 1886 3004 postea

315 3055 619 3124 lpiscopus,
652 3046 862 3101 nonnisi
894 3054 1042 3098 (etate
1066 3040 1337 3094 tricenario
1376 3036 1654 3105 presbyter
1676 3028 1889 3082 ordina-

318 3160 402 3199 tus
430 3117 550 3199 fuit.
596 3142 789 3195 Verum
838 3137 890 3191 id
938 3134 1136 3201 regulae
1179 3128 1462 3197 exigebant
1494 3132 1587 3176 :at
1616 3117 1889 3174 contraria

321 3239 603 3310 plurimum
650 3232 751 3287 fuit
795 3229 978 3300 praxis
1025 3235 1079 3279 et
1121 3218 1487 3279 consuetudo,
1538 3228 1696 3283 quam
1727 3192 1961 3262 νειτίωο

320 3298 495 3385 causa:
526 3298 951 3383 introduxeraut.
990 3320 1063 3371 Ex
1099 3316 1183 3370 bis
1229 3310 1479 3380 legitimas
1522 3306 1763 3363 luerunt,
1793 3298 1894 3352 Ec-

321 3423 499 3477 clesim
527 3416 816 3475 necessitas
836 3456 851 3476 ,
883 3411 1174 3478 insignisve
1199 3406 1399 3473 aliquot
1428 3399 1664 3452 virormn
1690 3389 1891 3447 sancti-

322 3526 429 3583 tas,
458 3528 617 3584 quam
648 3507 869 3564 illustria
901 3504 1035 3557 facta
1085 3499 1166 3552 vel
1213 3496 1372 3551 etiam
1406 3487 1662 3545 miracula
1702 3483 1895 3553 proba-

321 3614 469 3667 bant.
503 3604 801 3674 lmprobata
835 3613 962 3652 vero
991 3590 1344 3663 quorumdam
1365 3580 1735 3652 episcoporum
1764 3574 1897 3630 iaci-

324 3704 446 3757 li»as
467 3740 484 3765 ,
512 3706 570 3751 ut
585 3670 839 3761 exemplo
853 3682 1242 3755 Burgundionis
1256 3693 1359 3732 non
1374 3672 1539 3728 semel
1554 3670 1716 3723 allato
1732 3676 1896 3736 patet,

324 3793 478 3863 cujus
529 3788 705 3841 adhuc
753 3780 873 3836 laici
938 3770 1257 3846 promotioni
1311 3764 1551 3838 episcopi
1612 3757 1900 3832 provincias

326 3883 699 3959 Lugdunensis
728 3879 796 3933 111
824 3878 1242 3934 consenserant,
1275 3866 1368 3921 scd
1407 3876 1567 3932 quam
1608 3854 1900 3924 Gregorius

328 3992 532 4045 uoster,
561 3989 828 4031 canonum
858 3967 1151 4024 acerrimus
1196 3961 1386 4015 vindex
1407 4001 1423 4025 ,
1464 3971 1557 4009 sua
1580 3949 1902 4007 auctoritate

320 4069 635 4141 impedivit.
665 4063 965 4133 lmprobata
993 4070 1206 4127 quoque
1229 4049 1607 4106 nonnullorum
1654 4039 1900 4101 ambitio,

329 4166 415 4233 qui
445 4173 627 4229 regum
650 4154 964 4209 auctoritate
986 4149 1347 4217 episcopatum
1369 4132 1665 4197 coasecuti,
1694 4128 1905 4183 caeteris

332 4221 593 4321 imperare
622 4247 976 4305 conabantur,
1016 4241 1350 4309 priusquam,
1394 4240 1455 4285 ut
1495 4230 1569 4283 ait
1615 4221 1906 4292 Gregorius

330 4313 575 4413 lla-guns,
609 4339 830 4394 obedire
863 4333 1197 4389 didicissent.
1246 4321 1523 4394 Ejusmodi
1577 4327 1754 4371 tamen
1804 4313 1903 4366 ali-

331 4442 542 4513 quantis
567 4433 817 4492 diebusiu
839 4429 1093 4484 clericatu
1121 4413 1546 4491 probatosfuisse
1559 4406 1902 4472 crediderim,

335 4538 641 4607 priusquam
663 4532 1122 4585 consecrarentur,
1162 4526 1220 4570 ut
1246 4516 1313 4569 de
1364 4506 1677 4578 Badegesilo
1726 4502 1908 4556 obsero

336 4591 422 4680 vat
441 4591 726 4692 Gregorius
745 4625 946 4676 noster,
969 4611 1058 4682 qui
1078 4615 1395 4669 tonsuratus,
1418 4600 1615 4670 gradus
1645 4609 1777 4664 quos
1795 4591 1905 4645 cle-

337 4718 431 4773 rici
464 4713 756 4771 shrtiuntur
783 4704 1096 4764 ascendens,
1115 4709 1232 4770 post
1255 4693 1599 4764 quadraginta
1625 4689 1742 4742 dies
1762 4686 1914 4738 Dom-

337 4811 441 4865 noli
474 4803 706 4876 episcopi
736 4793 1157 4854 Cenomanensis
1180 4787 1410 4844 defuncti
1429 4796 1706 4839 successor
1719 4777 1909 4833 evasit.

405 4870 611 4954 25.-Ad
643 4892 871 4950 concilia
897 4886 1035 4956 quod
1062 4883 1283 4947 attinet,
1309 4879 1409 4931 alia
1438 4883 1590 4928 erant
1616 4870 1913 4941 provincia-

339 4994 405 5048 lia
431 5032 447 5057 ,
493 5003 649 5044 umus
690 4984 893 5040 scilicet
932 4975 1216 5049 provincia:
1255 4972 1664 5041 episcoporum;
1694 4965 1794 5018 alia
1836 4971 1917 5015 to-

341 5086 446 5136 tius
477 5078 711 5135 nationis
740 5090 835 5128 seu
863 5070 1033 5141 regni.
1070 5067 1251 5122 Priora
1286 5056 1682 5129 ntelrupolitaui
1721 5055 1914 5128 quique

339 5172 495 5228 statis
533 5168 863 5237 temporibus
888 5164 1038 5230 juxta
1068 5172 1330 5213 canonum
1364 5150 1653 5222 proscripta
1684 5160 1915 5214 Cougre-

340 5266 541 5337 gabnut
566 5280 580 5318 :
610 5262 835 5315 aliorum
862 5269 992 5308 veto
1024 5249 1241 5305 imlictio
1271 5246 1336 5299 ad
1370 5258 1546 5312 regem
1577 5238 1916 5308 pertinebat,

342 5336 569 5422 quorum
602 5349 837 5420 episcopi
864 5341 1076 5401 etiamsi
1108 5338 1243 5393 forte
1272 5336 1603 5389 diversorum
1633 5341 1917 5398 regnorum

340 5456 525 5508 erant,
552 5460 616 5498 cx
645 5452 829 5497 mutuo
860 5446 1036 5492 tamen
1068 5447 1249 5501 regum
1280 5426 1517 5481 omnium
1549 5435 1814 5477 consensu
1846 5418 1921 5471 fa-

340 5540 441 5594 (ile
465 5535 816 5604 cogebantur.
859 5531 915 5584 ln
947 5528 1031 5583 his
1059 5526 1124 5579 de
1156 5522 1276 5577 ﬁdei
1320 5519 1478 5574 rebus
1519 5530 1581 5569 ac
1625 5512 1922 5584 majoribus

344 5632 611 5701 negotiis,
644 5637 736 5682 aut
761 5634 909 5683 certe
937 5622 1004 5677 de
1035 5634 1165 5689 pace
1196 5618 1335 5671 inter
1365 5628 1517 5681 reges
1549 5605 1919 5675 componenda

346 5724 603 5791 agebatur
636 5737 652 5776 :
683 5734 802 5789 qua:
827 5731 890 5770 ex
920 5707 1180 5780 Gregorio
1209 5706 1465 5761 discimus
1492 5702 1628 5756 libro
1656 5714 1707 5753 ιι
1740 5698 1919 5752 [listo-

344 5789 470 5886 rile,
500 5811 677 5886 capite
717 5808 821 5879 ΞΟ,
861 5805 951 5865 ubi
993 5819 1113 5861 cum
1143 5801 1506 5859 Guntramnus
1531 5808 1622 5877 rex
1655 5789 1919 5862 synodum

1964 544 2230 605 dixisset,
2259 541 2504 610 reposuit
2544 536 2872 606 Gregorius,
2911 534 3001 601 qui
3051 541 3178 586 tunc
3217 524 3545 583 Childeberti

1966 636 2112 705 regis
2146 634 2351 704 legatus
2380 641 2526 694 erat,
2560 629 2799 683 inutilem
2836 627 2999 680 videri
3030 635 3190 679 tanta;
3233 621 3423 694 synodi
3453 632 3545 675 ce-

1968 722 2322 779 lebrationem
2342 762 2354 784 ,
2385 736 2506 774 cum
2547 720 2686 772 nulla
2722 727 2847 770 tunc
2876 724 3019 769 esset
3047 722 3227 769 exorta
3259 725 3394 765 nova
3429 708 3547 762 ba:-

1968 817 2106 871 resis
2127 858 2141 878 ,
2174 814 2485 882 nullumque
2515 812 2819 865 immineret
2847 808 2900 862 in
2932 806 3033 860 lide
3063 804 3356 875 periculum
3384 799 3542 856 reed

1968 910 2246 969 sufﬁcere,
2278 915 2337 960 ut
2365 904 2727 971 unusquisque
2757 895 3196 964 metrOpolitanus
3232 896 3388 954 juxta
3413 906 3540 944 con—

1969 1001 2291 1054 suetudinem
2321 1011 2569 1050 canonum
2599 1008 2718 1046 cum
2762 991 2863 1046 sibi
2904 990 3162 1059 subjectis
3205 984 3539 1042 conveniret.

1970 1092 2226 1160 Mapiuius
2244 1101 2419 1144 tamen
2442 1088 2768 1143 themorum
2792 1086 3015 1138 antistes
3034 1082 3099 1136 ad
3122 1080 3402 1136 concilium
3417 1077 3547 1131 Tul-

1954 1185 2117 1237 lense
2159 1198 2187 1235 a
2230 1177 2608 1235 Tlteodebaldo
2646 1192 2773 1246 rege
2810 1183 3162 1231 convocatum
3204 1172 3284 1226 ire
3332 1169 3545 1233 renuit,

1972 1275 2111 1346 quod
2143 1290 2235 1330 rex
2263 1272 2572 1329 evocationis
2600 1284 2804 1323 causam
2836 1266 2885 1321 ei
2920 1281 3024 1319 non
3055 1263 3366 1325 indicasset;
3405 1258 3547 1313 unde

1976 1369 2291 1436 conjicimus
2321 1365 2635 1435 episcopos,
2666 1361 2857 1415 saltem
2892 1357 3278 1427 prmcipuarum
3306 1350 3511 1405 sedium
3531 1391 3548 1416 ,

1980 1462 2048 1513 de
2079 1459 2309 1523 negotiis
2338 1472 2456 1527 quae
2484 1457 2536 1509 in
2567 1453 2763 1508 talibus
2792 1449 3035 1505 conciliis
3065 1443 3335 1500 tractanda
3365 1448 3551 1503 erant,

1980 1551 2094 1607 ﬁeri
2121 1549 2370 1604 debuisse
2399 1547 2684 1602 certiores.
2718 1545 2785 1597 Et
2811 1542 3026 1612 quidem
3058 1538 3318 1607 Mapinius
3355 1550 3416 1589 ea
3455 1547 3557 1586 oce

1978 1641 2194 1696 casioue
2240 1640 2498 1693 Nicetium
2552 1635 2928 1690 Trevireosem
2976 1626 3359 1700 reprehendit,
3409 1621 3551 1693 quod

1980 1733 2159 1803 potius
2189 1732 2255 1786 ad
2301 1745 2478 1798 regem
2500 1769 2515 1795 ,
2546 1742 2704 1798 quam
2738 1726 2803 1779 ad
2834 1725 3009 1794 ipsum
3040 1715 3392 1791 reprimenda:
3420 1730 3559 1785 quo-

1904 1823 1944 1881 Β
1975 1823 2215 1877 rumdam
2246 1822 2506 1876 malorum
2538 1818 2813 1872 hominum
2847 1816 3129 1883 proterviae
3159 1825 3320 1865 causa
3377 1822 3563 1863 recur-

1979 1916 2156 1971 risset.
2215 1914 2343 1982 Ejus
2391 1911 2671 1981 epistolam
2716 1909 2963 1963 dabimus
3005 1906 3060 1959 in
3099 1901 3394 1973 appendice
3435 1912 3557 1951 cum

1979 2008 2236 2079 Sigiberti
2280 2007 2422 2075 regis
2462 2005 2564 2058 alia
2603 2002 2862 2072 cpistola,
2904 2014 3006 2068 qua
3057 1994 3335 2051 Desiderio
3371 1989 3563 2045 Catur-

1988 2102 2137 2158 censi
2187 2100 2441 2161 mandat,
2488 2106 2543 2150 ut
2593 2110 2661 2149 ne
2705 2092 2929 2147 accedat
2973 2090 3041 2144 ad
3092 2088 3393 2158 synodum,
3444 2096 3566 2151 quas

1984 2194 2165 2261 seipso
2194 2190 2501 2245 inconsulto
2533 2188 2703 2239 fuerat
2733 2183 2953 2238 indicta.

2058 2285 2150 2339 26.
2176 2285 2441 2337 Caeterum
2472 2295 2535 2333 ex
2568 2277 2652 2331 bis
2690 2291 2807 2345 quas
2833 2274 3197 2329 Gutttramntts
3228 2267 3295 2321 ad
3323 2263 3566 2332 Gregorii

1983 2377 2145 2431 verba
2176 2371 2425 2442 superius
2450 2371 2657 2424 laudata
2682 2364 2962 2434 respondit
2980 2406 2992 2423 ,
3026 2369 3172 2431 patet
3195 2359 3567 2426 episcoporum

1985 2481 2177 2521 causas
2208 2481 2271 2518 ex
2303 2464 2368 2517 iis
2397 2463 2592 2525 luisse,
2618 2460 2688 2513 ob
2716 2473 2849 2527 quas
2875 2454 3211 2522 potissimum
3235 2448 3461 2505 concilia
3486 2456 3567 2500 to-

1988 2561 2093 2613 tius
2125 2556 2355 2611 nationis
2386 2556 2761 2623 episcoporum
2790 2544 3159 2617 congreganda
3188 2552 3386 2597 essent.
3432 2537 3568 2604 Illa,

1990 2650 2198 2719 inquit,
2242 2648 2338 2700 Dei
2364 2660 2519 2698 causa
2547 2652 2712 2696 exstat
2738 2639 2970 2694 omnibus
2999 2638 3189 2706 major,
3219 2644 3270 2686 ut
3309 2632 3567 2699 inquirere

1990 2743 2233 2805 debeatis,
2262 2755 2354 2792 cur
2390 2736 2729 2789 Prtetextattts
2755 2732 3022 2800 episc0pus
3051 2726 3227 2780 aladio
3262 2724 3314 2777 in
3360 2721 3572 2776 ecclesia

1990 2837 2141 2908 fuerit
2178 2835 2538 2896 interemptus,
2584 2839 2691 2881 tum
2726 2828 2788 2880 de
2830 2822 3056 2877 dissidiis
3112 2821 3495 2889 episcOporum,
3523 2820 3573 2866 et

1980 2928 2149 2982 uariis
2174 2924 2501 2986 criminibus,
2532 2921 2712 2990 quibus
2752 2932 2924 2971 eorum
2967 2912 3202 2967 nonnulli
3241 2919 3569 2961 accusantur.

1995 3020 2162 3072 Immo
2178 3026 2235 3072 et
2248 3030 2400 3083 reges
2414 3013 2512 3081 ipsi
2528 3024 2717 3065 causas
2729 3009 3099 3075 episcoporum
3118 3043 3132 3067 ,
3148 3017 3284 3070 quos
3305 2999 3403 3052 sibi
3431 2995 3571 3051 baud

1995 3110 2182 3163 ﬁdeles
2208 3108 2370 3160 fuisse
2390 3103 2791 3164 existimabant,
2815 3100 2879 3153 ad
2901 3096 3124 3151 concilia
3150 3092 3487 3147 referebant:
3516 3097 3574 3143 ut

1995 3202 2060 3253 de
2080 3200 2267 3253 eodem
2286 3198 2606 3251 Praetextato
2628 3201 2791 3263 patet,
2806 3205 2964 3260 quem
2982 3186 3317 3254 Chilpericus
3336 3197 3456 3247 rex,
3480 3196 3571 3234 ve-

2002 3295 2096 3349 luti
2120 3310 2267 3349 reum
2293 3289 2613 3361 majestatis,
2633 3288 2683 3343 itt
2711 3286 2939 3341 concilio
2962 3279 3247 3338 Parisicusi
3279 3277 3572 3332 accusavit.

1998 3391 2069 3445 Et
2093 3391 2322 3461 ipsemet
2347 3396 2529 3440 uoster
2550 3381 2839 3453 Gregorius
2862 3387 3144 3433 accusatus
3169 3390 3196 3427 a
3212 3372 3465 3461 ‘Bladaste
3486 3384 3578 3423 co-

2002 3447 2151 3546 utile,
2167 3480 2304 3550 quod
2328 3478 2585 3532 adversus
2608 3447 2844 3542 reginam
2863 3447 3267 3537 Fredegundeiu
3297 3462 3467 3518 malos
3490 3475 3576 3512 ru-

2001 3588 2175 3630 mores
2197 3574 2517 3641 sparsisset,
2545 3570 2777 3634 seipsum
2796 3564 2847 3618 in
2868 3562 3093 3617 concilio
3111 3553 3467 3613 Brennacensi
3494 3566 3579 3603 sa-

2004 3674 2278 3721 cramento
2311 3661 2570 3732 purgavit.
2601 3659 2708 3712 Nec
2728 3657 3135 3726 pnetermittere
3161 3650 3280 3703 licet
3302 3647 3574 3715 egregium

2003 3754 2327 3812 Cltildeberti
2359 3755 2397 3806 II
2432 3750 2762 3817 lacinus,qui
2795 3762 2913 3799 cum
2942 3742 3212 3814 [Egidiutn
3245 3738 3576 3791 themorum

2008 3851 2334 3913 antistitem,
2380 3846 2668 3899 multorum
2710 3839 2921 3910 quidem
2961 3835 3241 3889 criminum
3273 3844 3451 3891 reum,
3486 3825 3578 3879 scd

2010 3945 2237 4000 necdum
2270 3943 2321 3994 iu
2352 3940 2453 3991 ulla
2487 3936 2697 4008 synodo
2725 3932 2961 3985 auditum
2983 3967 2998 3992 ,
3032 3927 3218 3979 Multas
3252 3919 3439 3972 adduci
3468 3917 3582 3985 jus.

2008 4041 2200 4099 sisset,
2245 4033 2307 4086 ab
2346 4031 2464 4083 aliis
2508 4025 2756 4097 episcopis
2792 4019 3106 4088 increpitus,
3151 4029 3272 4067 eum
3314 4009 3432 4064 urbi
3473 4023 3582 4060 sum

2010 4128 2214 4183 restitui
2247 4123 2566 4178 incolumem
2592 4114 2861 4185 pratccpit.
2887 4109 2992 4165 Sed
3040 4109 3132 4161 ille
3163 4114 3342 4174 postea
3376 4102 3429 4155 itt
3472 4101 3584 4168 cpi-

2010 4233 2291 4291 scoporum
2323 4215 2529 4287 synodo
2555 4211 2691 4281 apttd
2738 4208 2925 4262 Mettus
2965 4201 3260 4273 majestatis
3302 4200 3441 4251 lsesze
3465 4209 3587 4250 reus

2012 4288 2292 4370 inventus.
2321 4319 2375 4361 et
2403 4301 2693 4373 episcopali
2721 4299 2849 4353 sede
2876 4297 3115 4367 privatus
3134 4334 3149 4358 ,
3179 4307 3206 4344 a
3235 4306 3358 4359 regc
3385 4288 3588 4356 Argeu-

2015 4412 2242 4458 toratttm
2273 4398 2421 4452 exsul
2454 4396 2700 4449 mittitur.
2732 4390 2847 4445 Jam
2872 4402 2999 4442 vero
3022 4385 3279 4440 adversus
3306 4382 3589 4449 episcopos

2018 4510 2120 4547 non
2146 4491 2367 4559 quilibet
2392 4489 2488 4541 viri
2513 4483 2929 4537 admittcbantur
2951 4479 3001 4531 in
3026 4475 3408 4537 testimonium;
3429 4485 3592 4540 quare

1943 4573 1996 4631 Ῑ)
2020 4602 2140 4640 cum
2174 4581 2445 4637 inferioris
2473 4577 2681 4631 ordinis
2712 4572 2952 4629 nonnulli
2985 4580 3148 4624 testes
3179 4568 3431 4621 adversus
3460 4565 3592 4620 Gre-

2017 4679 2225 4748 gorium
2259 4677 2309 4727 in
2340 4671 2546 4744 synodo
2577 4666 2932 4723 Brennacensi
2962 4663 3127 4718 auditi
3157 4663 3411 4725 fuissent,
3438 4675 3499 4712 ea
3526 4659 3594 4710 de

2020 4785 2077 4825 te
2103 4766 2383 4834 conquesti
2416 4771 2536 4815 sunt
2565 4756 2825 4830 cpiscotti.
2852 4756 2940 4809 llle
2967 4771 3094 4808 vero
3117 4768 3234 4807 cum
3265 4751 3479 4806 testium
3514 4765 3595 4800 res

2020 4863 2220 4916 latione
2241 4857 2487 4913 convinci
2515 4869 2618 4907 non
2644 4851 2905 4923 potuisset
2930 4847 3086 4902 ullius
3111 4844 3372 4906 criminis,
3398 4854 3593 4909 resque

2026 4969 2244 5010 manere
2275 4951 2547 5004 videretur
2580 4948 2632 4998 iu
2667 4943 2953 5013 ambiguo,
2984 4941 3133 4993 dictis
3161 4938 3327 4991 missis
3357 4937 3409 4988 in
3441 4932 3595 4985 tribus

2018 5048 2263 5101 altaribus
2283 5086 2299 5106 ,
2345 5058 2464 5097 sese
2517 5042 2631 5107 ipse
2661 5043 2997 5090 sacramento
3026 5040 3273 5102 purgant
3300 5045 3314 5093 ;
3350 5025 3486 5096 quod
3522 5035 3572 5077 ta

2021 5157 2141 5195 men
2172 5155 2276 5193 non
2306 5139 2423 5190 sine
2462 5132 2652 5202 injuria
2699 5146 2758 5185 se
2798 5128 2988 5183 iecisse
3030 5124 3300 5194 professus
3328 5130 3444 5183 est,
3474 5134 3598 5172 cum

2027 5236 2075 5291 id
2104 5233 2399 5289 canonibus
2428 5240 2572 5285 esset
2596 5230 2947 5293 contrarium.
2972 5222 3236 5274 Caeterum
3262 5218 3381 5270 latae
3408 5216 3460 5270 in
3485 5214 3603 5269 istis

2029 5328 2271 5384 conciliis
2294 5325 2572 5380 sententias
2605 5322 2648 5374 si
2690 5320 2895 5373 nollent
2935 5312 3170 5383 damnati
3219 5311 3602 5379 acquiescere,

2028 5421 2135 5477 illis
2151 5424 2430 5486 supererat
2446 5414 2511 5469 ad
2534 5412 2879 5483 apostolicam
2904 5405 3086 5461 sedem
3102 5403 3429 5475 confugium.
3453 5399 3605 5457 Unde

2025 5529 2146 5568 cum
2176 5509 2494 5578 Sagittarius
2523 5518 2576 5561 et
2604 5500 2852 5558 Salonius
2880 5498 3119 5568 episcopi
3150 5511 3270 5552 sese
3324 5494 3517 5563 injuria
3546 5492 3603 5546 in

2026 5602 2255 5658 concilio
2267 5595 2605 5669 Lugduneosi
2629 5599 3003 5647 exauctoratos
3025 5588 3192 5643 fuisse
3212 5585 3489 5655 conquesti
3511 5595 3604 5635 es-

2025 5703 2179 5757 sent,
2213 5693 2415 5747 licentia
2447 5688 2591 5759 prius
2623 5700 2651 5737 a
2682 5697 2808 5752 rege
2839 5680 3169 5736 Guntramno
3198 5677 3411 5731 obtenta
3434 5714 3449 5738 ,
3479 5686 3601 5726 euut

2025 5785 2215 5844 litteris
2242 5782 2358 5854 ejus
2386 5774 2838 5837 commendatitiis
2866 5772 3088 5829 Romam
3122 5768 3426 5841 petierunt,
3456 5763 3543 5819 ubi
3571 5777 3601 5821 ι
