4086 6328
490 325 564 398 ¹δι
1853 324 1859 330 ·
1918 317 2093 375 ΡΠΕΙ

2195 318 2328 374 HO-
3696 319 3768 389 se

511 440 720 498 103mm
760 443 1013 512 pontiﬁce
1041 441 1204 496 audiri
1223 481 1242 509 ,
1274 439 1514 510 ejusdem
1542 439 1693 510 jussu
1721 437 1937 491 sedibus
1963 436 2079 491 suis
2106 438 2155 496 Α
2184 433 2438 486 dinationi
2479 433 2879 498 commendavit,
2925 433 3235 498 invaderet,
3279 435 3321 487 si
3365 450 3550 502 eorum
3601 436 3768 493 nollet

515 535 745 590 restituti
777 547 902 590 sunt
922 579 940 606 ,
968 545 1028 590 ut
1057 545 1238 591 narrat
1269 534 1560 604 Gregorius
1591 532 1726 588 libro
1758 547 1785 583 v
1816 530 2084 600 Historiae,

509 627 682 695 capite
709 628 799 683 2i.

582 717 671 772 9.7.
707 719 1022 787 Colligimus
1044 729 1221 774 autem
1243 735 1308 773 ex
1334 719 1574 785 ejusdem
1600 719 1840 789 Gregorii
1861 727 1915 772 et
1934 718 2090 772 dictis

516 819 570 862 et
602 809 776 873 laetis,
808 819 1005 880 quanta
1038 819 1164 864 tunc
1192 820 1333 865 esset
1357 811 1412 863 in
1439 825 1620 864 sacros
1650 825 1881 864 Canones
1908 810 2092 864 Eccle-

513 903 608 956 sia:
627 899 918 956 Gallicana:
940 903 1256 956 reverentia.
1277 900 1518 970 Egidius
1537 901 1856 956 Rhemeusis
1884 901 2091 969 episco-

526 1011 536 1057 ι
561 1010 621 1046 trs
641 1033 658 1053 .
691 994 902 1046 nonnisi
935 994 1078 1047 lectis
1101 993 1368 1046 Canonum
1396 993 1761 1056 sanctionibus,
1787 1009 1816 1045 e
1837 993 1974 1046 solio
1993 1007 2100 1063 suo

515 1085 826 1140 deturbatus
877 1092 988 1147 est,
1025 1093 1302 1153 postquam
1353 1100 1474 1139 reus
1504 1085 1888 1153 conjurationis
1927 1085 1978 1137 in
2007 1100 2089 1140 re-

517 1191 636 1242 gem
662 1177 908 1228 iuventus
933 1175 1138 1228 fuisset.
1166 1176 1370 1242 Quanta
1395 1191 1521 1231 vero
1543 1175 1703 1229 animi
1729 1174 2093 1244 magnitudine

514 1278 568 1319 et
595 1268 892 1320 constantia
921 1281 1104 1324 eorum
1133 1269 1504 1322 auctoritatem
1534 1271 1790 1322 adversus
1813 1283 1990 1337 regem
2014 1267 2093 1336 ip-

512 1366 745 1422 sutn,.et
771 1356 1005 1424 reginam
1038 1358 1156 1425 ejus
1204 1359 1516 1428 conjugem,
1563 1358 1726 1412 tuitus
1764 1355 1924 1412 fuerit
1959 1358 2091 1412 Gre-

515 1446 699 1513 gorius
728 1447 777 1500 in
811 1462 970 1500 causa
1003 1447 1350 1512 Praetextati,
1383 1465 1540 1503 nemo
1566 1459 1647 1502 est
1675 1450 1762 1518 qui
1795 1451 2028 1515 nesciat,
2061 1466 2092 1503 a

504 1521 744 1609 quorum
775 1536 1147 1591 observatione
1175 1554 1273 1592 nec
1300 1539 1455 1591 minis
1475 1583 1488 1606 ,
1523 1554 1623 1592 nec
1656 1539 1961 1604 blanditiis,
1997 1553 2094 1592 nec

520 1643 653 1682 auro
682 1640 775 1684 aut
797 1642 1019 1697 argento
1047 1645 1277 1698 unquam
1322 1630 1581 1684 dimoveri
1623 1631 1811 1698 potuit.
1856 1630 2006 1686 Unde
2049 1631 2092 1686 si

516 1721 690 1784 aliqua
718 1733 1018 1791 emergeret
1049 1724 1098 1776 in
1147 1723 1307 1776 rebus
1348 1723 1569 1791 agendis
1615 1723 1927 1787 dillicuitas,
1973 1739 2095 1790 pro-

2190 525 2442 596 lacrymis
2472 526 2717 590 enecari,
2750 542 2873 581 curn
2903 527 2977 580 illi
3009 527 3076 582 de
3105 526 3365 582 fructibus
3409 529 3524 583 i5tis
3561 531 3628 582 ali
3674 531 3769 588 de-

2191 619 2396 671 herent.
2430 619 2594 687 llojus
2626 619 2702 672 rei
2733 634 2892 673 causa
2923 630 3079 674 erant
3107 621 3158 674 in
3205 623 3448 676 ecclesiis
3493 625 3721 695 catalngi
3748 666 3765 691 ,

2189 709 2497 764 ntatricnlas
2528 711 2900 776 appellabant,
2933 713 2984 765 in
3014 712 3207 781 quibus
3235 713 3479 783 inscripti
3507 732 3770 792 pauperes

2193 801 2436 854 ecclesia:
2468 803 2619 856 bonis
2665 817 2728 858 ac
2782 804 3016 857 fidelium
3056 805 3419 862 oblationibus
3459 809 3765 866 alebantur.

2192 893 2326 947 Aliis
2352 895 2590 962 episcopi
2636 911 3015 963 nonnunquam
3054 897 3262 952 litteras
3303 916 3466 955 manu
3509 918 3605 956 sua
3645 907 3772 970 sub-

2192 986 2416 1053 scriptas
2445 985 2673 1050 dabant,
2701 989 2893 1054 quibus
2923 988 3126 1042 incitati
3159 989 3345 1044 ﬁdeles
3370 993 3768 1068 eleemosynam

2191 1077 2494 1144 petentibus
2534 1077 2742 1132 facilius
2784 1080 3124 1147 largirentur.
3179 1081 3416 1153 Denique
3456 1095 3598 1142 tanta
3645 1101 3764 1144 erat

2193 1168 2428 1220 omnium
2461 1168 2513 1220 in
2541 1168 2851 1237 episcopos,
2886 1187 3019 1240 quos
3056 1173 3287 1241 Spiritus
3317 1188 3535 1231 sanctus
3585 1181 3768 1246 posuit

2195 1271 2379 1324 regere
2417 1257 2711 1312 Ecclesium
2752 1258 2881 1326 Dei,
2931 1263 3264 1327 reverentia,
3309 1274 3364 1318 ut
3405 1267 3543 1335 apud
3582 1282 3772 1324 omnes

2195 1357 2467 1416 receptum
2503 1349 2663 1404 fuerit
2693 1351 2822 1404 illtrd
2857 1353 3071 1408 effatum
3089 1395 3106 1419 ,
3129 1359 3247 1422 quia
3268 1373 3356 1410 nec
3379 1360 3515 1412 istud
3538 1361 3646 1414 sine
3669 1362 3774 1416 luc-

2193 1441 2327 1503 resi,
2361 1441 2527 1508 inquit
2561 1442 2853 1510 Gregorius
2883 1445 2978 1500 lib.
3016 1462 3081 1508 tt,
3117 1463 3236 1516 cap.
3269 1450 3368 1515 22'),
3400 1463 3563 1518 potest
3585 1454 3771 1520 accipi,

2198 1541 2250 1586 ut
2279 1533 2330 1585 in
2357 1535 2570 1588 ecclesia
2600 1552 2702 1588 non
2730 1539 3033 1591 obaudiatur
3064 1542 3319 1595 sacerdoti
3346 1584 3362 1609 ,
3405 1559 3510 1614 quo
3553 1548 3773 1615 nomine

2200 1624 2286 1678 hic
2315 1635 2367 1678 et
2398 1626 2598 1695 passim
2625 1629 2932 1698 episcopum
2961 1631 3222 1700 designat.

2273 1716 2361 1769 30.
2405 1718 2483 1770 Ad
2515 1719 2919 1776 archidiaconos
2951 1732 3128 1779 autem
3159 1725 3432 1792 spectabat
3461 1744 3638 1784 rerum
3671 1730 3777 1785 Ec-

519 1808 641 1864 latis
669 1826 932 1865 canonum
965 1814 1143 1867 verbis
1171 1830 1288 1867 eam
1319 1815 1630 1868 elevandam
1661 1830 1783 1870 esse
1811 1817 2084 1870 censebat.
2120 1811 2168 1869 B
2196 1808 2372 1863 desim
2402 1811 2708 1868 distributio
2728 1856 2742 1876 .
2782 1830 3076 1884 eorumque
3120 1832 3263 1872 cura:
3295 1836 3399 1874 non
3430 1823 3603 1877 solum
3641 1841 3776 1893 pau-

518 1899 585 1952 Et
613 1901 827 1969 quidem
859 1902 1234 1971 Bertegundis,
1263 1920 1381 1971 quae
1411 1904 1596 1958 relicto
1627 1921 1724 1959 suo
1751 1905 1866 1958 viro
1895 1905 1947 1958 in
1979 1921 2091 1959 mo-

520 1995 808 2050 nasterium
838 1995 1152 2050 'l‘urouense
1179 1998 1494 2066 confugerat
1516 2039 1530 2062 ,
1562 1998 1914 2065 pervicaciam
1948 2003 2092 2067 refu-

520 2091 674 2150 tauit,
703 2102 960 2142 canonem
987 2075 1256 2142 Niczenum
1289 2092 1593 2160 relegendo.
1639 2091 1729 2147 Sic
1767 2101 1821 2146 et
1852 2092 2093 2162 Burgun-

523 2176 701 2230 dionis
750 2179 1096 2244 postulationi
1147 2181 1450 2249 respondit,
1504 2183 1593 2250 qui
1643 2183 1800 2236 Felici
1842 2182 2093 2252 epi8copo

522 2267 696 2322 adhuc
728 2270 926 2324 viventi
957 2273 1006 2324 in
1038 2273 1219 2325 sedem
1251 2274 1664 2328 Namnetcnsem
1705 2275 1977 2344 subrogari
2017 2279 2094 2329 el-

520 2359 812 2428 llagitahal.
854 2361 1103 2415 Codicem
1138 2374 1317 2418 autem
1350 2381 1613 2419 (aIIOIIUIII
1637 2409 1652 2432 ,
1681 2384 1787 2437 quo
1819 2377 1942 2422 tunc
1972 2369 2094 2422 Gal-

521 2454 690 2508 licana
739 2459 984 2510 utebatur
1035 2459 1300 2527 Ecclesia,
1345 2460 1503 2514 aliutn
1549 2476 1578 2514 a
1623 2459 1859 2530 Dionysii
1905 2457 2091 2527 Exigui

519 2548 838 2602 collectione
881 2551 1043 2604 luisse
1081 2552 1410 2620 colligimus,
1443 2564 1551 2607 tum
1579 2570 1645 2606 ex
1676 2568 1883 2605 canone
1923 2551 2093 2605 Nicat-

519 2653 626 2702 n't,
656 2641 777 2708 qui,
812 2653 868 2694 ιιι
912 2657 940 2694 a
985 2642 1244 2712 Gregorio
1288 2645 1554 2708 laudatur,
1598 2646 1738 2713 apud
1783 2644 2094 2713 Dionysium

503 2744 631 2803 ‘nou
659 2730 907 2794 habetur,
931 2741 1038 2785 tum
1063 2748 1125 2786 ex
1150 2749 1289 2785 novo
1318 2736 1670 2802 quateruione
1695 2733 1868 2786 codici
1893 2747 1924 2784 a
1951 2731 2098 2786 Chil-

523 2821 702 2886 pcriCo
735 2839 858 2888 rege
887 2834 1068 2878 assuto
1105 2837 1290 2879 contra
1339 2825 1743 2880 Praetextatutn.
1777 2827 1830 2881 In
1860 2842 1927 2882 eo
1955 2827 2096 2881 enim

525 2915 876 2978 quaternione
903 2933 1118 2970 canones
1150 2921 1298 2987 quasi
1347 2920 1684 2986 apostolicos,
1713 2921 1802 2990 qui
1834 2921 1887 2973 in
1916 2921 2100 2974 codice

524 3003 760 3074 Dionysii
796 3007 967 3059 locum
1013 3009 1235 3072 habent,
1284 3013 1553 3066 exstitisse
1588 3022 1848 3066 tnemorat
1889 3011 2101 3081 Grego-

522 3099 670 3163 rius,
700 3101 786 3168 qui
820 3101 1042 3167 proinde
1085 3120 1187 3154 non
1219 3104 1549 3159 habebantur
1579 3106 1631 3159 in
1659 3105 1872 3162 sincero
1913 3106 2099 3162 codice

515 3205 782 3253 canonum
811 3191 1222 3248 Gallicanorum.

590 3279 681 3334 28.
719 3281 998 3335 Dimcesitn
1031 3299 1180 3336 suam
1208 3295 1455 3340 accurate
1485 3287 1770 3340 vi~itabant
1799 3298 1924 3340 tunc
1963 3296 2097 3340 tem-

521 3373 668 3440 poris
695 3373 930 3439 e;:isc0pi
954 3415 968 3436 ,
1003 3375 1152 3428 vicos
1183 3386 1236 3430 et
1267 3378 1458 3444 oppida
1490 3393 1600 3430 sum
1627 3379 1817 3430 ditioni
1855 3377 2095 3446 subjecta

527 3466 940 3528 circumeundo,
974 3467 1047 3517 uti
1079 3481 1142 3520 ex
1174 3468 1537 3534 compluribus
1565 3467 1802 3538 Gregorii
1836 3469 1965 3522 locis
1989 3484 2099 3523 cer-

522 3565 633 3608 tum
665 3565 767 3609 est.
805 3555 1066 3624 Plerique
1087 3557 1332 3610 solebant
1358 3560 1510 3612 statis
1539 3560 1867 3627 temporibus
1893 3559 1944 3612 in
1978 3575 2096 3612 mo-

525 3652 791 3713 nasteria,
824 3665 918 3704 scu
948 3649 998 3702 iu
1033 3651 1268 3705 solitaria
1299 3651 1410 3705 loca
1459 3654 1742 3719 secedere,
1782 3663 1838 3707 nt
1872 3653 1942 3706 ibi
1980 3669 2097 3706 ora-

528 3741 673 3793 tione
699 3754 761 3792 ac
787 3741 1152 3807 Spiritnahbus
1177 3740 1444 3795 exercitiis
1473 3744 1730 3808 recreati,
1766 3744 1887 3798 inde
1913 3743 1977 3796 ad
2007 3760 2099 3797 cu-

521 3843 644 3880 ram
694 3831 992 3884 animarum
1040 3831 1138 3885 sibi
1185 3835 1592 3886 commissarum
1637 3836 1931 3904 vegetiores
1975 3835 2098 3889 facti

526 3935 956 3990 reverterentur;
990 3925 1129 3992 quod
1161 3925 1384 3979 solemni
1415 3942 1600 3994 pornpt
1636 3925 1687 3979 in
1715 3927 1981 3991 aliquibus
2017 3929 2099 3992 los-

520 4016 598 4068 cis
629 4017 713 4068 die
741 4017 1022 4070 dominicae
1053 4032 1222 4071 οωιιειε
1264 4018 1441 4072 facere
1484 4019 1744 4072 solebant.
1787 4019 1933 4072 Licet
1973 4034 2098 4072 vero

527 4104 672 4156 onuti
707 4113 948 4173 tempore
975 4117 1138 4160 sancta
1171 4107 1244 4160 illi
1273 4109 1506 4177 episcopi
1538 4107 1792 4162 Ecclesiis
1823 4107 1921 4162 sibi
1951 4123 2095 4161 com-

523 4193 698 4248 missis
744 4211 1033 4260 trrescntes
1076 4199 1267 4250 adesse
1304 4201 1607 4262 studerent,
1647 4200 1698 4252 id
1739 4207 1912 4252 tamen
1947 4215 2094 4253 sum-

525 4302 742 4353 rnopcre
785 4289 1079 4353 curabant,
1127 4290 1169 4341 si
1197 4289 1373 4356 aliqua
1412 4291 1717 4345 calamitate
1769 4291 1949 4359 plebes
1993 4291 2094 4346 sibi

519 4378 820 4429 coturnissm
839 4379 1227 4448 afﬂigerentur.
1258 4381 1389 4435 llinc
1417 4398 1534 4435 cum
1563 4381 1798 4452 Albigam
1825 4384 1909 4437 civ
1935 4392 2093 4439 tatem

528 4473 642 4523 lues
690 4473 982 4537 inguinaria
1034 4475 1367 4538 devastat-et,
1420 4475 1632 4528 Salvius
1678 4479 1794 4540 ejus
1845 4477 2097 4531 [Sceleste

2195 1915 2382 1968 perum
2407 1906 2722 1958 sustentatio
2747 1906 3032 1962 commissa
3059 1919 3203 1968 erat.
3229 1911 3320 1964 sed
3355 1913 3517 1968 etiam
3551 1917 3776 1972 clerico-

2195 2007 2336 2055 rum,
2365 1994 2476 2062 qui,
2504 1994 2554 2048 in
2603 1997 2871 2064 plerisque
2908 2000 3094 2053 saltem
3145 2001 3407 2065 ecclesiis,
3437 2019 3774 2062 communem

2195 2084 2424 2154 agebant
2450 2086 2632 2139 vitam.
2677 2087 2788 2140 lloc
2816 2097 2928 2151 est,
2975 2091 3025 2142 ni
3058 2089 3230 2156 fallor,
3264 2093 3406 2161 quod
3438 2111 3660 2149 mensam
3687 2115 3777 2151 ca-

2196 2178 2497 2230 nonicorum
2544 2178 2776 2244 appellat
2828 2177 3141 2250 Gregorius,
3197 2197 3350 2251 quam
3403 2185 3542 2239 libro
3589 2190 3777 2242 ultimo

2191 2269 2448 2335 Historia:
2475 2270 2646 2336 capite
2678 2271 2768 2334 50,
2799 2288 2852 2326 ιι.
2893 2273 2975 2336 l6,
3022 2290 3052 2326 a
3083 2273 3317 2329 itaudino
3355 2279 3491 2342 apud
3533 2281 3777 2342 Turonos

2197 2361 2492 2413 institutam
2527 2361 2687 2416 fuisse
2718 2363 2920 2422 scribit.
2957 2364 3113 2434 idque
3137 2381 3203 2419 ex
3233 2371 3403 2434 capite
3437 2369 3470 2424 9
3505 2371 3633 2426 Viue
3685 2391 3778 2440 pa-

2201 2461 2337 2505 trum
2364 2452 2702 2522 intelligitttr,
2734 2453 2820 2506 tibi
2862 2470 2979 2507 eum
3026 2455 3337 2524 Patroclus,
3373 2461 3461 2527 qui
3490 2472 3596 2516 tttm
3629 2466 3778 2520 Ilitu-

2200 2543 2399 2610 rigibus
2430 2543 2720 2610 residebat,
2740 2543 2804 2596 ad
2837 2546 3138 2599 coavivium
3170 2566 3352 2603 menste
3377 2557 3633 2609 canonica
3655 2573 3777 2617 cum

2199 2633 2420 2702 reliquis
2472 2633 2680 2688 clericis
2727 2636 2982 2692 accedere
3007 2639 3335 2708 negligeret,
3384 2644 3610 2713 malens,
3645 2649 3773 2704 dum

2199 2728 2374 2780 ceteri
2403 2742 2600 2796 corpus
2633 2729 2915 2784 reﬁcerent
2936 2771 2950 2795 ,
2982 2732 3098 2794 ipse
3126 2735 3350 2788 orationi
3378 2752 3440 2789 ac
3472 2754 3637 2794 sacra:
3671 2741 3779 2797 lec-

2199 2815 2327 2869 tioni
2350 2832 2565 2885 operam
2596 2818 2724 2873 dare
2749 2861 2764 2883 ,
2813 2819 2881 2874 ab
2921 2821 3101 2875 archid
3126 2838 3296 2878 acerno
3335 2828 3564 2894 graviter
3593 2846 3778 2899 repre-

2201 2906 2399 2960 hensus
2417 2918 2519 2972 est,
2543 2909 2981 2979 admonitusque,
3012 2923 3178 2966 utaut
3207 2931 3323 2968 cum
3367 2919 3572 2985 reliquis
3595 2921 3778 2989 fratri-

2201 2999 2293 3052 bus
2319 3000 2484 3054 cibum
2509 3006 2752 3066 tumrret,
2783 3011 2878 3055 aut
2923 3015 3070 3060 certe
3097 3006 3396 3062 diseed--ret
3425 3025 3453 3062 a
3488 3011 3637 3074 loco;
3671 3029 3776 3066 non

2199 3089 2343 3158 enim
2371 3101 2573 3144 rectum
2599 3091 2690 3144 ille
2719 3092 3079 3157 existimabat,
3113 3105 3171 3148 ιιι
3199 3113 3328 3150 unus
3351 3115 3464 3150 cum
3489 3101 3564 3152 Itis
3596 3102 3778 3156 habere

2123 3197 2168 3259 (ς
2200 3181 2385 3233 victum
2405 3182 2782 3249 dissimularet,
2817 3198 2937 3237 cum
2969 3186 3160 3253 quibus
3202 3188 3597 3244 ecclesiasticum
3625 3205 3775 3262 puta—

2198 3283 2340 3327 retur
2359 3275 2568 3344 implere
2589 3276 2828 3344 ofﬁcium.
2876 3277 2951 3330 Ex
2993 3279 3181 3333 eodem
3223 3281 3355 3333 libro
3411 3293 3551 3350 patet
3593 3287 3778 3344 erebi-

2199 3364 2424 3417 diacono
2445 3366 2784 3419 commissam
2813 3367 2973 3420 fuisse
2995 3368 3432 3424 instituendorum
3459 3374 3775 3432 clericorum

2197 3469 2401 3521 curam,
2427 3467 2656 3522 eumque
2686 3457 2880 3512 scholae
2907 3459 3213 3527 prazl'ectum
3248 3461 3410 3516 fuisse
3436 3480 3449 3526 ;
3483 3466 3622 3533 quod
3656 3485 3776 3532 pas-

2198 3543 2297 3596 sim
2333 3543 2498 3598 innuit
2523 3546 2828 3615 Grcgorius.
2872 3551 3136 3605 Clericum
3165 3539 3368 3616 tamen,
3394 3571 3549 3624 quem
3580 3557 3772 3612 IEthe-

2197 3635 2310 3689 rius
2340 3635 2660 3691 Lexoviensi
2688 3639 2892 3694 scholae
2932 3643 3267 3710 praefecerat,
3299 3644 3580 3700 diaconum
3614 3649 3776 3706 fuisse

2201 3744 2458 3797 nusquam
2489 3731 2732 3799 legimus.
2799 3733 2990 3788 Verum
3035 3736 3418 3804 archidiaconi,
3451 3742 3548 3794 etsi
3577 3744 3777 3798 sobolis

2201 3823 2436 3892 prtelecti
2461 3861 2478 3888 ,
2518 3825 2639 3893 quia
2691 3827 2867 3879 multis
2891 3829 3033 3880 ruris
3064 3829 3302 3883 distracti
3331 3842 3516 3900 erant,
3537 3834 3776 3903 juniores

2193 3914 2424 3984 _clericos
2455 3933 2546 3982 per
2573 3917 2706 3970 alios
2733 3918 2928 3971 erudiri
2961 3921 3239 3976 curabant.

2272 4007 2361 4060 5|.
2402 4007 2499 4073 Qui
2531 4009 2773 4062 ecclesiis
2819 4011 3084 4065 ruralibus
3104 4051 3118 4074 ,
3146 4028 3278 4080 quas
3308 4012 3466 4068 hodie
3497 4018 3775 4083 parochias

2199 4111 2291 4150 seu
2318 4113 2472 4152 curras
2503 4100 2831 4168 appellamus
2851 4139 2866 4166 ,
2910 4102 3354 4169 praaliciebantur,
3401 4106 3433 4158 ii
3465 4105 3775 4164 dicebantur

2201 4191 2538 4258 presbyteri,
2597 4206 2731 4258 quos
2785 4208 3160 4261 nonnunquam
3205 4194 3696 4266 archipresbyteros
3745 4215 3776 4257 a

2201 4279 2459 4347 Gregorio
2487 4281 2661 4335 dictos
2689 4282 2936 4352 legimus,
2971 4286 3082 4338 sive
3114 4288 3251 4353 quod
3293 4286 3619 4356 presbyteris
3650 4291 3777 4345 vici.

2202 4374 2305 4438 nis,
2337 4383 2390 4426 ut
2421 4374 2578 4428 hodie
2603 4377 2680 4441 lit,
2710 4387 3031 4442 praeessent,
3074 4378 3186 4431 sive
3215 4379 3354 4446 quod
3395 4380 3445 4434 in
3475 4394 3568 4434 sua
3595 4381 3777 4436 Eccle-

2199 4461 2277 4514 sia
2309 4463 2488 4530 plures
2519 4464 2617 4515 sob
2643 4478 2735 4516 sua
2761 4463 3037 4532 disciplina
3066 4467 3288 4520 clericos
3316 4468 3590 4524 baberent.
3612 4470 3778 4525 Erant

527 4567 651 4610 tunc
691 4560 1062 4614 sanctissimus
1103 4566 1354 4628 antistes,
1399 4575 1638 4633 tanquam
1680 4564 1839 4617 bonus
1900 4577 2090 4635 pastor,

2202 4563 2375 4606 tamen
2441 4564 2494 4608 et
2545 4555 2632 4608 alii
2685 4557 2919 4609 minores
2976 4557 3156 4611 clerici
3205 4561 3472 4614 nonnullis
3521 4561 3776 4618 Ecelesiis

525 4650 693 4718 inquit
723 4651 1037 4718 Gregorius,
1062 4654 1128 4706 ab
1155 4669 1215 4707 ea
1249 4656 1378 4732 urbe
1410 4673 1677 4726 nunquam
1727 4658 1976 4712 recedere
2001 4675 2090 4709 Vn-

527 4743 643 4796 luit.
676 4744 990 4799 Theodorus
1034 4762 1159 4800 vero
1203 4748 1606 4802 Massiliensium
1645 4751 1927 4818 episcopus
1971 4767 2089 4806 cum

523 4846 726 4904 pestem
759 4839 1124 4905 gravissimam
1160 4841 1209 4893 in
1243 4831 1334 4893 nm
1384 4843 1515 4897 urbe
1559 4846 1750 4898 διιεγὶιό
1798 4851 2090 4912 accepisset

522 4927 738 4989 absens,
761 4929 937 4980 Statim
962 4944 1204 4982 reversus
1231 4931 1293 4984 ad
1320 4933 1487 4986 sancti
1514 4933 1742 4988 Vtctoris
1764 4935 2091 5001 sepulcrum,

522 5021 851 5072 orationibus
897 5035 961 5073 ac
1008 5019 1202 5090 vigiliis
1249 5038 1475 5093 vacans,
1529 5025 1622 5080 Dei
1673 5025 2089 5080 misericordiam

525 5109 742 5163 ﬂeetcre
771 5119 994 5164 conatus
1021 5121 1119 5163 est.

589 5197 682 5254 29.
717 5199 831 5253 Jarn
863 5216 992 5255 vero
1022 5206 1394 5272 episc0porum
1424 5206 1733 5258 ordinutioni
1756 5222 1820 5259 ac
1848 5207 2094 5274 potesmti

521 5291 855 5357 potissimum
890 5297 1280 5349 commendata:
1307 5307 1460 5350 erant
1494 5297 1746 5350 Ecclesia:
1775 5296 2051 5351 facultates
2078 5338 2093 5362 ,

518 5395 639 5444 qua:
668 5397 851 5436 eorum
881 5396 1008 5438 nutu
1052 5396 1105 5440 et
1146 5387 1460 5440 auctoritate
1501 5384 1766 5438 debebant
1802 5385 2046 5437 distribui
2077 5424 2092 5448 ,

523 5473 665 5526 unde
695 5482 750 5527 et
779 5491 1066 5542 panperum
1098 5495 1158 5532 ac,
1201 5479 1474 5530 viduarum
1515 5474 1803 5529 nutritores
1844 5475 2093 5527 dicebat]?

524 5573 608 5618 tur
634 5583 646 5617 :
677 5581 841 5635 quare
869 5584 989 5621 cum
1035 5569 1262 5623 Gotthus
1293 5571 1506 5638 quidam
1541 5567 1794 5619 Ecclesia:
1827 5567 2091 5633 Agatho-n-

518 5659 593 5712 sis
625 5660 759 5714 bona
797 5664 1091 5731 rapuisSet,
1129 5666 1333 5715 monuit
1358 5679 1479 5714 eum
1524 5663 1627 5713 Leo
1670 5661 1949 5728 episcopus
1973 5698 1990 5718 ,
2035 5667 2092 5711 ut

517 5765 584 5804 ne
613 5766 698 5808 res
730 5769 1018 5822 pauperum
1043 5795 1056 5820 ,
1092 5770 1220 5822 quas
1241 5796 1256 5820 ,
1291 5755 1587 5820 inquiebat,
1625 5753 1762 5807 Deus
1795 5761 1980 5806 nostra:
2009 5769 2090 5803 or-

2205 4644 2506 4714 praepositi,
2531 4647 2824 4715 cujusmodi
2858 4649 2950 4700 fuit
2977 4647 3263 4714 Cautinus,
3298 4659 3480 4729 postea
3509 4654 3778 4707 Arverno-

2203 4753 2315 4790 rum
2375 4741 2686 4805 episcOpus,
2741 4740 2828 4808 qui
2887 4741 2936 4792 in
2985 4740 3120 4795 libro
3159 4741 3224 4794 de
3279 4741 3454 4796 Gloria
3505 4744 3780 4798 confesso-

2200 4844 2338 4890 rttrn,
2361 4831 2533 4898 capite
2559 4831 2648 4891 30,
2666 4830 2860 4884 dicitur
2881 4832 2931 4883 in
2961 4847 3051 4884 suo
3079 4832 3355 4885 diaconatu
3380 4832 3772 4890 lciodorensem

2201 4917 2493 4972 Ecclesiam
2537 4922 2766 4973 rexisse.
2837 4919 3086 4974 Urbanus
3126 4936 3251 4974 vero
3307 4921 3552 4976 diaconus
3604 4927 3776 4980 sancti

2199 5011 2394 5065 Juliarti
2452 5013 2777 5066 llrivatenst‘s
2834 5013 3179 5082 martyrarius
3233 5013 3397 5067 factus
3443 5025 3544 5070 est.
3606 5015 3776 5071 Immo

2202 5103 2334 5156 libro
2361 5121 2374 5158 ι
2406 5104 2472 5157 de
2499 5102 2613 5157 Glut
2631 5105 2676 5157 ia
2700 5104 3011 5175 Martyrum,
3033 5107 3206 5175 Capite
3229 5105 3317 5169 66,
3353 5120 3611 5162 memorat
3633 5110 3773 5164 Gre-

2197 5199 2375 5266 gorius
2426 5197 2702 5266 parvulum
2748 5199 3079 5265 oratorium,
3137 5209 3321 5253 sancto
3363 5199 3605 5256 Patroclo
3633 5203 3773 5270 apud

2199 5287 2394 5340 Trecas
2424 5285 2814 5353 consecratum,
2834 5289 2918 5342 cui
2951 5304 3088 5341 unus
3119 5299 3320 5342 tantum
3351 5291 3581 5354 clericus,
3614 5308 3773 5360 quem

2199 5380 2355 5445 paulo
2385 5389 2503 5448 post
2545 5383 2776 5449 appellat
2824 5381 3102 5444 lectorem,
3151 5383 3433 5435 serviebat.
3475 5385 3770 5438 Occurrunt

2197 5473 2355 5524 etiam
2403 5471 2542 5538 apud
2587 5472 2832 5526 eumdem
2865 5479 3179 5538 auctorem,
3213 5473 3299 5540 qui
3349 5482 3440 5524 aut
3485 5473 3621 5537 soli,
3683 5486 3772 5528 aut

2193 5574 2339 5617 certe
2370 5565 2522 5632 pauci
2557 5566 2774 5617 omnino
2805 5564 2855 5616 in
2899 5563 3031 5618 locis
3055 5564 3218 5618 sacris
3247 5563 3528 5633 degebant,
3559 5565 3625 5620 de
3656 5568 3771 5635 qui-

2194 5656 2292 5708 bus
2325 5655 2494 5708 lusius
2515 5668 2670 5723 agere
2702 5671 2805 5707 non
2837 5666 3005 5708 vacat.

2265 5745 2352 5800 52.
2395 5745 2588 5801 Clerici
2618 5754 2816 5814 autem,
2845 5745 3032 5800 saltem
3068 5746 3324 5809 minores,
3359 5762 3460 5800 non
3491 5756 3642 5800 crant
3675 5760 3756 5799 ne-
