4086 6328
240 349 315 407 33

1668 354 2049 411 Pii/EFATIO.
3443 360 3535 420 ων

238 461 477 515 cessario
505 474 531 511 a
560 458 794 527 propriis
843 461 1108 530 cpiscoiiis
1142 462 1263 515 huic
1291 462 1473 517 cilicio
1498 462 1822 520 destinandi.
1858 476 1903 527 Α
1935 468 2249 533 Clianaonc,
2277 484 2426 523 suam
2452 485 2667 525 uxorem
2697 469 3006 539 recepisset,
3034 489 3066 526 a
3094 476 3291 528 (reteri:
3316 476 3540 545 cpisco-’

238 551 491 605 Nonnulli
523 552 664 605 enim
698 568 793 617 pro
835 564 1134 620 tetuporunt
1168 563 1256 606 aut
1307 556 1542 609 locorum
1573 568 1827 625 Opportu-

235 646 424 703 nitate,
483 657 512 694 a
561 643 753 706 quovis
799 642 1054 711 episcopo
1107 653 1197 696 aut
1228 644 1419 698 abbate
1445 688 1458 710 ,
1485 647 1636 715 juxta
1668 662 1824 700 suum

235 742 327 786 aut
361 744 646 801 parentato
676 742 890 798 vottnn,
925 735 988 787 ad
1033 735 1339 789 clericatum
1369 738 1821 793 admittebantur:

235 838 345 890 quo
383 833 539 891 pacto
560 823 883 893 Gregorius,
916 837 973 879 ut
1000 825 1223 894 ipsemet
1254 837 1468 891 narrat,
1506 830 1824 883 Winnucum

235 928 430 968 recens
457 931 488 969 e
512 915 783 968 llritannia
811 917 860 968 iu
891 932 1041 968 suam
1068 918 1340 971 dioecesim
1368 920 1827 985 advectum,pres—

241 1006 489 1071 byterum
520 1005 785 1058 ordinavit
814 1046 828 1069 ,
878 1016 932 1058 nt
956 1006 1107 1060 illum
1139 1010 1275 1075 apud
1306 1025 1365 1063 se
1410 1011 1685 1064 retineret.
1725 1013 1825 1077 Qui

239 1097 385 1149 enim
433 1096 596 1149 semel
629 1096 680 1148 in
731 1097 921 1164 quavis
976 1097 1211 1151 Ecclesia
1266 1100 1494 1152 ordinati
1544 1110 1726 1165 erant,
1759 1104 1823 1154 ad

241 1188 403 1240 aliam
463 1190 689 1242 transire
736 1204 841 1241 non
877 1199 1163 1259 poterant,
1212 1191 1375 1245 immo
1411 1207 1508 1245 nec
1553 1194 1825 1260 aliquanto

240 1280 442 1334 diutius
493 1283 543 1335 in
592 1283 766 1335 aliena
798 1282 1017 1336 ditecesi
1076 1284 1387 1348 immorari,
1440 1285 1638 1352 absque
1672 1287 1823 1340 venia

240 1373 498 1440 episcopi,
533 1375 619 1441 qui
644 1375 789 1439 ipsos
826 1374 1171 1428 ordinaverat
1198 1394 1209 1427 :
1240 1377 1383 1428 unde
1407 1391 1527 1430 cum
1555 1376 1821 1430 Theodul-

240 1464 344 1528 ius,
372 1463 460 1532 qui
493 1464 714 1518 Parisiis
742 1462 999 1518 diaconus
1026 1467 1301 1518 ordinatus
1333 1466 1502 1519 luvrat
1528 1509 1541 1531 ,
1573 1467 1822 1536 Andcga-

238 1568 362 1609 vum
396 1557 825 1625 trausmigrasset
843 1598 858 1622 ,
885 1573 910 1608 a
938 1556 1281 1625 ltaguemodo
1300 1557 1584 1611 Parisieust
1617 1563 1825 1626 episco-

238 1661 346 1714 po,
381 1655 436 1700 ut
478 1647 992 1715 narratGregorius
1040 1649 1175 1701 libro
1214 1664 1243 1700 x
1316 1648 1591 1711 Historiae,
1652 1652 1824 1718 Capite

239 1739 328 1803 Η,
360 1739 549 1806 sa’pius
572 1739 1034 1790 excommunicatus
1056 1749 1147 1804 est,
1182 1740 1317 1805 quod
1336 1740 1406 1791 ad
1453 1738 1735 1792 Ecclesium
1767 1741 1819 1792 in

1934 561 2013 629 pis
2039 565 2507 618 excommunicauit
2535 574 2627 618 est.
2673 565 2932 620 Memorat
2972 569 3167 634 passim
3218 568 3506 641 Gregorius

1929 652 2231 722 episcopos,
2276 655 2361 722 qui
2392 664 2517 709 ante
2544 671 2695 709 suam
2724 657 3112 713 ordinationem
3146 664 3352 715 uxorati
3391 663 3505 719 fue-

1931 754 2047 796 rant
2073 759 2088 797 :
2116 755 2171 797 at
2198 746 2376 799 statim
2428 746 2695 818 subjuugit
2720 788 2735 812 ,
2765 763 2857 803 eos
2888 751 2953 803 ab
2992 751 3220 807 invicem
3240 755 3397 824 juxta
3422 773 3508 809 ca-

1930 851 2117 888 nonum
2153 839 2451 906 prtescripta
2480 837 2641 891 fuisse
2673 849 3071 907 seque~tratosz
3105 844 3243 911 quod
3274 844 3535 899 ordinem'

1929 928 2259 981 institutionis
2289 930 2556 983 catholicae
2585 932 2815 997 appellat
2838 933 2888 984 in
2920 931 3054 985 libro
3082 934 3148 988 de
3175 934 3353 990 Gloria
3378 952 3509 992 con-

1931 1021 2212 1084 lessorum,
2263 1022 2438 1088 capite
2491 1021 2592 1085 78,
2640 1033 2697 1075 ut
2725 1024 2863 1076 hunc
2906 1040 3104 1077 morem
3156 1043 3260 1081 non
3302 1027 3355 1081 in
3404 1045 3506 1082 una

1929 1112 2101 1164 solum
2137 1121 2226 1163 aut
2260 1113 2309 1165 in
2342 1113 2505 1164 altera
2539 1114 2791 1182 regione,
2825 1116 2916 1167 sed
2949 1118 3145 1185 ubique
3185 1119 3235 1172 in
3272 1130 3379 1173 tota
3411 1121 3511 1176 Ec-

1929 1202 2089 1254 cle-ia
2141 1201 2401 1256 catholica
2434 1200 2773 1255 unifortniter
2818 1213 3083 1258 servatum
3134 1206 3294 1263 fuisse
3332 1220 3510 1265 osten-

1928 1294 2101 1347 deret.
2182 1292 2334 1347 Unde
2395 1294 2682 1346 maximum
2738 1294 2874 1362 apud
2930 1297 3149 1363 populos
3201 1300 3507 1355 scandalum

1928 1388 2220 1445 oriebatur,
2275 1385 2318 1436 si
2368 1386 2655 1453 episcopus
2702 1386 2863 1439 etiam
2913 1403 3032 1440 cum
3080 1404 3244 1444 uxore
3294 1394 3505 1460 propria

1927 1475 2301 1528 commercium
2335 1475 2549 1543 aliquod
2599 1476 2851 1531 habuisse
2898 1489 3198 1547 putaretur.
3269 1481 3509 1538 Habebat

1927 1563 2202 1619 Aitherius
2245 1565 2545 1632 episcopus
2582 1566 2925 1623 Lexovieusis
2954 1572 3091 1623 circa
3136 1573 3318 1625 lectum
3360 1592 3508 1628 suum

1926 1657 2117 1708 multo:
2164 1655 2375 1708 lectulos
2425 1656 2761 1720 clericorum,
2810 1670 2864 1710 ut
2908 1658 3068 1711 dubio
3118 1663 3297 1728 procul
3329 1675 3509 1718 essent

1927 1744 2044 1813 ejus
2072 1746 2412 1799 continentia:
2445 1756 2628 1800 testes.
2673 1747 2735 1799 Et
2764 1748 2980 1816 quidem
3019 1750 3260 1819 episcopi
3290 1751 3537 1806 deauni-‘

239 1846 339 1897 qua
360 1831 605 1882 diaconus
636 1829 902 1883 ordinatus
933 1832 1096 1900 fuerat
1152 1827 1320 1883 redire
1351 1830 1598 1896 cii/ferret.
1640 1830 1814 1883 Abba-

1930 1837 2125 1891 bebant
2156 1838 2208 1891 iti
2240 1837 2510 1901 domibus,
2543 1854 2674 1905 quas
2705 1837 2990 1909 Gregorius
3023 1840 3178 1909 vulgo
3202 1842 3376 1895 domos
3407 1840 3510 1895 Ec-
3536 1858 3539 1859 '

242 1929 322 1974 tes
347 1921 511 1973 etiam
562 1921 612 1973 in
662 1923 773 1973 suis
817 1921 1157 1974 monasteriis
1186 1921 1414 1974 clericos
1455 1920 1820 1986 inStituebaut,

242 2014 316 2065 uti
360 2010 649 2080 Gregorius
681 2013 915 2080 passim,
968 2012 1298 2078 potissimum
1348 2011 1399 2063 itt
1445 2010 1851 2065 IllittICUitzl‘lllli'

238 2103 389 2156 libris
440 2110 743 2167 attestatur.
806 2102 932 2155 Inde
978 2102 1311 2154 consuetudo
1360 2100 1723 2169 produxerat,
1767 2111 1853 2153 ut‘

238 2195 478 2247 monac/ti
508 2209 568 2246 ac
589 2194 761 2245 clerici
785 2208 979 2247 nomen
1007 2193 1306 2261 promiscue
1330 2194 1606 2246 monachis
1628 2194 1824 2247 tribue-

237 2295 388 2341 retur
418 2304 429 2338 ;
456 2287 595 2356 quod
628 2286 743 2339 fuse
770 2289 957 2353 probat
984 2286 1061 2339 vir
1090 2287 1331 2339 eruddus
1360 2286 1658 2339 Ludovicus
1682 2284 1825 2338 Tito-

237 2380 525 2433 taassinus.
576 2379 639 2431 Et
672 2378 887 2445 quidem
931 2376 1211 2430 ordinandi
1235 2416 1248 2438 ,
1281 2378 1442 2429 etiam
1476 2377 1540 2429 ad
1569 2376 1823 2429 sacerdo-

236 2474 410 2537 tium,
483 2472 537 2525 iu
597 2468 935 2523 monasteriis
1003 2470 1403 2531 erudiebautur,
1466 2477 1522 2520 ut
1570 2472 1819 2535 exemplo

236 2560 466 2618 Ierovei
506 2561 790 2628 Chilperici
827 2561 966 2628 regis
998 2559 1090 2613 tilii
1118 2568 1346 2619 constat,
1381 2559 1469 2627 qui
1504 2560 1554 2611 iu
1585 2557 1821 2611 Aniusu-

237 2652 372 2706 leusi
430 2652 754 2705 monasterio
803 2652 1009 2719 positus
1055 2658 1139 2703 est
1159 2650 1467 2702 sacerdotali
1491 2650 1668 2719 regula
1695 2666 1822 2703 eru-

237 2743 487 2797 diendus.

307 2838 393 2889 55.
436 2836 733 2891 Clericatus
782 2837 878 2890 fuit
915 2835 1111 2903 smpius
1158 2844 1514 2905 opportunum
1562 2835 1821 2890 adversus

237 2929 605 2983 imminentem
655 2943 838 2981 necem
893 2928 1142 2996 asylum,
1199 2927 1429 2980 maxime
1496 2927 1846 2995 principibus-

237 3022 387 3085 viris,
416 3036 569 3087 quos,
598 3036 663 3074 ne
693 3020 874 3073 turbas
900 3032 1297 3073 commoverent
1318 3060 1334 3085 ,
1365 3002 1644 3088 suspectos
1672 3036 1824 3087 reges

238 3112 524 3166 habebant.
570 3112 732 3166 Certe
776 3110 1099 3166 Chararicus
1141 3126 1270 3174 rex,
1321 3127 1442 3163 cum
1492 3110 1602 3163 lilio
1650 3126 1749 3163 suo
1792 3126 1821 3163 a

239 3204 556 3258 (llilodoveo
583 3215 797 3272 captus,
834 3218 935 3256 nOn
965 3202 1123 3256 aliter
1154 3203 1339 3255 mortis
1378 3202 1673 3270 periculum
1701 3218 1826 3254 eva—
1853 3215 1897 3277 ρ

241 3298 344 3359 sit;
389 3310 555 3363 quare
600 3309 717 3348 earn
762 3292 943 3347 subite
984 3293 1140 3346 ambo
1172 3303 1351 3359 postea
1385 3292 1554 3345 coacti
1588 3291 1819 3355 fuerunt,

239 3402 358 3441 cum
385 3388 637 3442 clericatu
666 3396 969 3453 contemplo
990 3386 1055 3439 ad
1078 3385 1385 3439 saecularem
1414 3393 1610 3437 statum
1640 3386 1823 3439 volue-

239 3489 364 3535 runt
384 3481 599 3534 reverti.
642 3479 775 3533 Hinc
803 3488 886 3533 est
908 3478 1047 3547 quod
1079 3477 1467 3532 Clilodoaldum
1495 3477 1821 3531 Chlodome-

240 3573 315 3626 ris
346 3572 514 3625 lilium
543 3571 681 3625 ultra
709 3569 774 3623 ad
800 3584 982 3623 necem
1014 3569 1177 3636 ipsius
1205 3570 1375 3637 patrui
1409 3583 1514 3621 non
1538 3566 1821 3636 qumoierc,

241 3679 359 3717 cum
383 3663 484 3717 sibi
511 3663 610 3731 ipsi
654 3662 860 3729 capillis
903 3660 1114 3723 incisis,
1166 3666 1447 3730 presbyter
1475 3657 1825 3713 luissetordi-

241 3765 418 3809 natus.
476 3755 586 3808 Nec
630 3753 771 3807 aliud
822 3761 968 3806 certe
1018 3751 1174 3805 iidem
1216 3752 1291 3805 illi
1324 3765 1473 3818 teges
1504 3766 1531 3801 a
1558 3748 1824 3804 Cblotilde

239 3854 525 3915 exegerunt
548 3885 565 3909 ,
591 3858 751 3911 quam
795 3853 850 3895 ut
881 3852 1100 3910 nepotes
1135 3857 1260 3895 suos
1282 3842 1507 3895 clericos
1535 3841 1647 3894 lieri
1679 3850 1824 3908 pate—

245 3947 415 4002 retur,
440 3936 485 3989 si
517 3950 611 3990 eos
636 3934 792 3988 morti
822 3943 1036 3998 ereptos
1064 3943 1303 3998 cuperet.
1363 3935 1531 3987 Nemo
1561 3947 1689 3986 vero
1712 3931 1826 3984 exi-

244 4027 469 4091 stimet,
499 4024 801 4094 huiusmodi
857 4023 1100 4077 homines
1146 4023 1344 4078 invitos
1384 4038 1445 4077 ac
1475 4024 1826 4079 reclatnantes

244 4118 313 4169 ab
358 4115 625 4185 episcopis
674 4113 946 4168 ordinatos
995 4113 1189 4168 luisse:
1217 4113 1268 4167 id
1316 4114 1525 4183 quippe
1556 4128 1825 4180 nunquam

243 4207 462 4260 admisit
511 4206 787 4259 Ecclesia:
821 4204 1005 4269 immo,
1057 4216 1111 4258 ut
1158 4204 1294 4258 scite
1341 4204 1646 4259 observavit
1685 4205 1828 4258 Tho-

245 4298 512 4349 massiuus
541 4335 557 4360 ,
610 4298 852 4349 volentes
882 4308 935 4348 et
965 4293 1433 4348 vehementissime
1466 4295 1709 4349 volentes
1734 4311 1825 4348 or-

242 4391 602 4455 dinabantur,
654 4392 787 4444 certi
840 4389 979 4458 quod
1031 4389 1175 4441 nulla
1214 4387 1318 4442 sibi
1363 4398 1668 4457 superesset
1722 4388 1824 4443 alia

245 4483 477 4550 propria:
504 4484 623 4536 vita:
665 4483 716 4535 iu
746 4492 861 4534 tutu
913 4480 1171 4549 ponenda:
1209 4480 1316 4533 via.
1360 4481 1423 4533 Et
1448 4481 1659 4549 quidem
1694 4496 1826 4535 nau-

247 4575 378 4629 nulli
412 4576 608 4642 passim
640 4586 925 4628 occurrunt
954 4572 1031 4626 sic
1061 4572 1329 4636 ordinati,
1358 4572 1447 4641 qui
1473 4573 1676 4641 reliquo
1705 4571 1823 4625 vita:
1857 4588 1901 4643 ο

242 4680 354 4718 sua:
381 4676 621 4732 tempore
667 4663 739 4718 ita
772 4662 873 4731 piis
901 4663 1179 4717 exercitiis
1207 4677 1435 4729 operam
1452 4661 1735 4725 dederunt,
1766 4671 1823 4714 ut

243 4755 457 4810 tandem
501 4758 553 4810 ia
583 4764 888 4809 sanctorum
932 4768 1209 4808 numerum
1256 4753 1547 4807 meruerint
1593 4753 1818 4818 referri;

241 4847 366 4903 licet
396 4859 450 4903 et
479 4850 610 4903 alios
639 4848 801 4901 fuisse
849 4846 1132 4911 fateamur,
1184 4848 1272 4914 qui
1298 4846 1633 4914 postmodum
1662 4846 1820 4899 liber-

244 4951 407 4996 tatem
440 4941 717 5009 pristinam
743 4940 945 5009 adepti,
974 4938 1243 5007 prOposito
1266 4939 1502 5009 abiecto,
1522 4938 1588 4990 ad
1614 4938 1824 5006 nuptias

239 5034 630 5096 convolarunt,
680 5040 772 5085 aut
823 5042 968 5086 certe
1009 5031 1074 5083 ad
1126 5032 1369 5098 proprias
1401 5043 1595 5083 uxores
1620 5027 1823 5082 reversi

239 5133 406 5179 sunt:
439 5124 635 5194 quippe
658 5126 747 5193 qui
778 5137 872 5191 per
902 5123 1005 5175 vim
1038 5122 1267 5176 ordinati
1309 5121 1464 5174 nullis
1485 5120 1822 5174 continentia:

240 5219 450 5283 legibus
495 5232 554 5270 se
595 5216 862 5275 obnoxios
907 5228 1028 5268 esse
1072 5213 1446 5266 causabantur.
1498 5218 1565 5264 At
1606 5211 1657 5263 id
1689 5226 1823 5263 nun-

240 5324 398 5376 quaui
448 5309 665 5376 impune
695 5306 816 5359 tulit
862 5304 1099 5358 Ecclesia
1128 5344 1142 5365 ,
1192 5318 1310 5370 qua:
1342 5301 1500 5355 variis
1525 5300 1821 5355 canvnibus

238 5399 504 5469 ejusmodi
526 5398 888 5454 temeritatem
939 5396 1269 5463 prescripsit.
1317 5394 1426 5447 lloc
1458 5395 1659 5447 crimen
1691 5410 1818 5459 apo-

239 5491 450 5543 stasiam
472 5490 712 5559 appellat
744 5499 923 5542 uoster
972 5485 1263 5554 Gregorius
1293 5485 1426 5538 libro
1459 5500 1507 5535 tv
1550 5484 1812 5548 liistoria',

236 5581 415 5649 capite
468 5583 521 5644 4,
573 5579 663 5633 ubi
726 5578 961 5632 biacliavi
1009 5578 1304 5631 Brittouutn
1353 5576 1563 5629 comitis
1612 5576 1818 5627 facinus

238 5682 476 5734 enarrat,
508 5674 596 5739 qui
624 5687 746 5723 cuin
777 5672 831 5722 in
864 5669 1120 5723 extremis
1146 5669 1403 5737 angustiis
1442 5666 1644 5735 positus
1673 5666 1820 5717 ordi-

235 5775 391 5831 natus
417 5764 608 5821 inisset
632 5763 920 5832 episcOpus
936 5760 1285 5837 ,V’enetensis,
1310 5769 1362 5814 ct
1403 5770 1581 5829 postea
1608 5772 1819 5812 tuorin

1927 1929 2095 1981 clesitc
2122 1940 2213 1982 aut
2258 1929 2625 1982 ecclesiasticas
2658 1939 2850 1995 vocat,
2888 1946 3006 1999 quae
3048 1931 3198 1999 juxta
3229 1935 3539 1989 ecclesiam-

1926 2018 2045 2071 sitae
2088 2031 2262 2083 erant,
2308 2022 2370 2071 ut
2418 2019 2622 2073 facilior
2643 2030 2785 2073 esset
2820 2022 3083 2088 episcopis
3126 2023 3413 2083 etclet‘icis
3443 2026 3509 2079 ad

1926 2112 2209 2164 coclesiatn
2237 2110 2436 2166 aditus.
2499 2110 2690 2164 Rarius
2724 2126 2854 2165 vero
2894 2113 3203 2168 muli-tribus
3233 2116 3298 2168 ad
3330 2114 3539 2186 liujus-'

1927 2186 2070 2256 mudi
2118 2205 2306 2255 domos
2364 2203 2773 2272 permittebatur
2800 2218 3047 2257 accessus
3074 2245 3088 2269 ,
3139 2215 3190 2259 et
3214 2208 3423 2275 quidem
3457 2208 3508 2261 in
3538 2204 3543 2233 λ

1929 2296 2172 2349 Ecclesia
2215 2295 2559 2365 Lugdunensi
2601 2300 2933 2349 consuetudo
2962 2296 3131 2351 fuerat
3154 2298 3262 2365 jam
3290 2315 3319 2351 a
3350 2298 3509 2368 longo
3535 2300 3541 2327 ⁵

1926 2397 2167 2456 tempore
2189 2391 2497 2451 observata,
2526 2397 2579 2439 ut
2603 2387 2786 2439 mulier
2818 2388 3040 2440 ecclesiae
3069 2388 3277 2441 domum
3306 2406 3405 2442 non
3429 2391 3509 2443 ἕης

1924 2479 2264 2547 gradiantur;
2304 2488 2449 2547 quod
2502 2478 2844 2531 interdictum
2896 2493 3017 2531 cuto
3060 2482 3312 2533 v.olasset
3342 2468 3535 2536 Prisci

1925 2570 2160 2638 cpiscOpi
2198 2584 2352 2634 uxor,
2405 2568 2660 2622 divinitus
2711 2569 2889 2636 punita
2922 2578 3038 2634 est,
3066 2578 3123 2621 ut
3153 2570 3407 2624 discimus
3436 2586 3508 2626 ex
3542 2598 3547 2603 ο

1928 2662 2065 2713 libro
2115 2676 2164 2713 tv
2216 2659 2458 2729 Gregorii
2491 2659 2735 2712 Historia:
2759 2698 2773 2722 ,
2806 2659 2980 2726 capite
3002 2658 3088 2723 56,
3120 2660 3261 2727 quod
3294 2664 3343 2713 in
3374 2676 3508 2729 prat-

1925 2753 2238 2807 cedentibus
2270 2752 2595 2806 editionibus
2645 2750 3007 2805 desideratum
3054 2767 3121 2806 ex
3147 2753 3332 2807 codice
3358 2755 3509 2808 Casi-

1925 2845 2076 2897 neusi
2105 2843 2467 2912 snpplevimus

1994 2973 2084 3028 54.
2126 2977 2389 3028 Caeterum
2425 2988 2528 3027 non
2561 2973 2734 3026 minus
2766 2973 3001 3027 vestibus
3045 2988 3107 3027 ac
3136 2987 3355 3030 externa
3383 2991 3506 3032 cor-

1926 3070 2071 3136 poris
2099 3068 2300 3136 specie,
2330 3083 2487 3135 quam
2517 3068 2754 3119 moribus
2780 3068 2958 3121 clerici
2986 3083 3014 3120 a
3046 3071 3393 3125 sweularibus
3421 3072 3506 3125 vi-

1928 3161 2003 3215 ris
2033 3169 2154 3213 tunc
2185 3159 2440 3227 temporis
2469 3159 2951 3228 distinguebantur.
3011 3161 3286 3217 Meroveus
3315 3166 3509 3235 quippe
3536 3150 3543 3162 ί

1928 3270 1958 3309 a
1988 3263 2135 3324 patre
2164 3253 2463 3321 Chilperico
2504 3253 2808 3320 aliquandiu
2839 3253 2937 3306 sub
2966 3255 3209 3309 custodia
3237 3246 3517 3324 detentus,

1930 3344 2264 3411 postmodum
2290 3352 2603 3406 tonant-titus,
2636 3350 2943 3412 mutataque
2975 3354 3117 3398 veste
3171 3362 3272 3415 qua
3301 3348 3536 3417 clericis,

1927 3437 2001 3488 uti
2030 3451 2146 3489 mos
2175 3444 2277 3501 est,
2314 3437 2481 3505 inqut
2510 3432 2798 3503 Gregorius
2830 3445 3009 3490 noster
3054 3436 3148 3490 lib.
3180 3454 3229 3503 v,
3264 3454 3382 3509 cap.
3421 3442 3507 3508 ll,

1926 3529 2209 3599 presbyter
2242 3536 2324 3582 est
2365 3528 2643 3581 ordinatus
2675 3544 2688 3578 :
2722 3527 2860 3581 unde
2892 3538 3076 3596 postea
3104 3546 3222 3583 ctnn
3254 3531 3509 3588 clericatu

1927 3620 2136 3689 abjecto
2168 3619 2478 3687 aufugisset,
2507 3618 2742 3671 swt'ulari
2775 3629 2905 3671 reste
2932 3620 3142 3673 indutus
3175 3621 3338 3677 fuisse
3367 3623 3507 3678 dici-

1928 3721 2031 3766 tur.
2056 3713 2176 3765 Alio
2204 3712 2257 3765 in
2286 3712 2403 3764 loco
2429 3721 2644 3763 sanctus
2668 3711 2925 3765 Martinus
2950 3712 3095 3782 nigra
3124 3723 3273 3768 veste
3295 3715 3537 3781 indutus,

1925 3804 2133 3856 cuidam
2185 3801 2499 3871 apparuisse
2545 3801 2758 3857 dicitur.
2814 3803 3051 3856 Clericos
3097 3819 3245 3870 vero,
3294 3807 3537 3871 sirutet

1926 3894 2238 3960 monachos,
2273 3904 2397 3948 tunc
2424 3894 2677 3960 temporis
2705 3901 2885 3947 tonsos
2917 3894 3081 3948 l‘ui~se
3115 3911 3273 3949 nemo
3309 3909 3391 3951 est
3416 3900 3508 3967 qui

1929 3985 2154 4039 inliciari
2203 3986 2360 4050 velit;
2395 3995 2448 4037 at
2490 4000 2703 4039 coronae
2736 3998 2894 4051 quam
2925 3983 2995 4035 illi
3036 3986 3368 4052 deferebant,
3400 3990 3509 4054 pri-

1928 4092 2051 4130 nam
2084 4077 2352 4130 notionem
2397 4074 2652 4141 Gregorio
2684 4084 2866 4126 nostro
2895 4073 3073 4128 deberi
3122 4089 3304 4131 censet
3338 4080 3541 4145 l.udo-,

1926 4166 2074 4221 vicus
2097 4165 2500 4230 Tltoniassinus,
2529 4165 2615 4234 qui
2644 4164 2868 4218 clericos
2895 4176 3047 4218 antea
3076 4165 3287 4236 quidem
3323 4180 3509 4226 tousos

1927 4259 2090 4313 fuisse
2115 4258 2327 4323 fatetur,
2356 4272 2460 4311 non
2486 4271 2612 4310 vero
2641 4256 2954 4325 capillorum
2979 4272 3172 4312 corona
3201 4259 3509 4330 insignitas.
3534 4250 3541 4256 ’

1925 4338 2097 4406 Locus
2124 4349 2365 4418 Gregorii
2405 4348 2629 4402 habetur
2674 4347 2728 4401 iu
2762 4347 2895 4401 Vitis
2932 4350 3164 4412 l’atrunt,
3210 4353 3389 4420 capite
3420 4353 3505 4419 l7,

1927 4444 2014 4498 tibi
2040 4451 2221 4496 narrat
2249 4441 2537 4505 Nicetium,
2564 4450 2741 4507 postea
2774 4437 3145 4495 Trevireusem
3173 4424 3545 4511 episcoiiuiup

1926 4553 1991 4590 ex
2018 4536 2202 4589 matris
2230 4532 2349 4587 alvo
2372 4533 2695 4601 processisse
2720 4546 2839 4585 cum
2864 4532 2982 4601 pilis
3012 4533 3084 4586 ita
3115 4534 3163 4586 iu
3197 4536 3372 4603 capite
3395 4522 3535 4614 ejus;

1928 4628 2208 4692 ordinatis,
2243 4636 2296 4679 ut
2338 4634 2545 4697 putares
2574 4623 2634 4676 ab
2665 4623 2851 4676 eisdem
2892 4640 3133 4679 coronam
3161 4628 3333 4680 clerici
3356 4629 3510 4698 fuisse

1924 4721 2199 4790 signatam.
3242 4710 3243 4713 “
3532 4712 3533 4715 “

1995 4830 2083 4885 '53.
2110 4829 2431 4883 Monasticus
2461 4827 2595 4882 ordo
2614 4828 2724 4897 jam
2755 4837 2995 4897 tempore
3021 4830 3266 4898 Gregorii
3298 4831 3371 4885 ita
3396 4841 3512 4887 erat

1925 4920 2197 4976 clericatui
2225 4921 2560 4987 coniunctus,
2596 4929 2653 4973 ut
2680 4920 2819 4975 idem
2849 4920 3008 4975 fuerit
3041 4924 3361 4976 monachum
3385 4938 3509 4978 esse

1926 5029 1987 5067 ac
2023 5014 2300 5078 clericum,
2354 5013 2492 5081 quod
2527 5010 2664 5074 fuse,
2707 5022 2760 5065 et
2810 5027 2905 5081 pro
2946 5027 3044 5067 suo
3091 5028 3241 5068 more
3280 5014 3538 5078 eruditct

1931 5107 2114 5172 probat
2136 5103 2434 5157 Ludovicus
2449 5103 2489 5156 T
2497 5102 2866 5169 lion-assimis;
2894 5105 3203 5174 etquidem,
3233 5112 3292 5158 ut
3311 5108 3507 5173 passim

1925 5200 2037 5251 suis
2066 5198 2199 5250 locis
2227 5195 2596 5261 observamus,
2621 5208 2754 5264 quos
2778 5194 3066 5266 Gregorius
3092 5194 3324 5263 appellat
3352 5196 3540 5269 clari».

1923 5304 2014 5343 cos
2036 5287 2185 5342 iuitio
2210 5287 2421 5355 capitis,
2443 5285 2660 5340 eosdem
2690 5296 2873 5355 postea
2895 5287 3185 5341 monachos
3211 5299 3505 5357 nuncupat.

1924 5379 2032 5435 Nec
2053 5379 2266 5443 mirum,
2291 5393 2410 5431 cum
2437 5377 2540 5430 illis
2564 5378 2910 5445 temporibus.
2934 5376 3113 5445 etjatn
3139 5377 3303 5433 multo
3326 5388 3507 5447 antea,
3524 5438 3533 5451 ᾖ

1925 5472 2169 5527 monachi
2198 5470 2533 5525 clericalthus
2558 5470 2805 5521 omnibus
2826 5468 3019 5522 ol'liciis
3044 5469 3161 5537 peri
3163 5482 3529 5541 ungerentur,‘

1928 5566 2354 5636 principuamque
2419 5560 2718 5613 divinorqu
2795 5559 3091 5613 olliciurutn
3158 5561 3509 5615 celebratiuni

1928 5635 2144 5728 operam
2178 5654 2575 5723 impenderent;
2609 5652 2771 5703 immo
2797 5663 2849 5706 et
2877 5652 3114 5715 abhates,
3150 5665 3207 5706 ut
3234 5654 3397 5707 modo
3427 5635 3527 5721 (ιλ-ί

1929 5755 2203 5815 cehatuus,
2236 5748 2458 5801 clericos
2489 5744 2822 5810 ordinabant,
2851 5755 2904 5800 et
2931 5762 3051 5800 cum
3082 5746 3277 5817 aliquid
3308 5748 3507 5823 soletur
