4086 6328
552 313 629 373 35
1988 293 2375 354 rnﬂ‘arto.
3761 298 3827 352 re

551 431 747 492 Iupiter
776 426 828 482 in
857 424 1097 481 Ecclesia
1143 422 1402 493 agendum
1434 420 1765 485 occurrebat,
1796 420 1974 473 statin
2014 420 2121 488 epi-
2153 419 2200 474 Α
2232 417 2443 480 fuerint,
2476 435 2577 472 non
2607 428 2984 488 usquequaque
3013 411 3200 484 liquet.
3234 413 3393 467 Certe
3425 428 3652 467 narrans
3685 413 3829 468 Gre-

551 520 722 589 scopi,
754 527 811 572 ut
848 517 1044 586 passim
1087 524 1347 569 memorat
1377 513 1680 580 Gregorius,
1726 527 1838 566 sua:
1884 511 2134 565 dimensis

549 613 774 667 abbates
803 618 859 665 et
889 609 1232 679 presbyteros
1278 605 1663 660 convocabant.
1711 605 1865 658 Tanti
1899 619 2022 657 vero
2055 603 2132 654 ia-

548 702 764 758 ciebaut
795 702 1088 755 monachos
1113 698 1431 752 sanctissimi
1463 697 1657 766 quique
1685 696 1896 750 illorqu
1929 707 2133 761 tempo-

551 809 669 848 rum
713 791 973 860 episcopi,
1005 802 1062 844 ut
1092 789 1180 842 vix
1221 804 1405 842 eorum
1435 787 1716 857 quisquam
1749 797 2013 851 occurrat,
2046 786 2133 852 qui

551 885 931 940 monasterium
983 881 1190 949 aliquod
1236 896 1341 934 non
1393 879 1702 934 instituerit.
1749 877 2037 946 Gregorius
2081 878 2132 930 in

549 978 746 1033 itinere
788 976 1111 1030 constitutus
1155 973 1220 1026 ad
1254 971 1578 1026 monasteria
1610 972 1816 1024 solebat
1844 970 2134 1033 divertere,

550 1081 612 1124 ut
639 1069 1024 1123 monachorum
1073 1064 1148 1118 ibi
1193 1064 1484 1118 viventium
1515 1068 1696 1115 sancta
1727 1062 2136 1115 conversatione

548 1159 836 1222 frueretur,
868 1168 920 1209 et
943 1154 1358 1225 prati-edendum
1385 1153 1626 1220 egregias
1656 1151 1894 1206 actiones
1921 1151 2132 1206 edisce-

547 1261 668 1315 ret;
701 1250 928 1317 indeque
961 1246 1137 1300 hausit
1166 1255 1242 1298 tot
1269 1245 1493 1298 illustria
1535 1253 1839 1297 sanctorum
1893 1246 2129 1298 virorum

546 1342 802 1412 praeclara
830 1342 988 1403 facta,
1012 1354 1129 1406 quae
1162 1348 1269 1390 tum
1304 1338 1353 1390 in
1387 1335 1532 1390 libris
1560 1336 1628 1389 de
1653 1335 1832 1389 Gloria
1862 1334 2137 1388 confesso-

545 1449 684 1497 rutn,
745 1443 856 1486 tum
909 1433 962 1484 in
1004 1431 1221 1484 Patrum
1255 1428 1390 1481 Vitis
1440 1437 1621 1495 postea
1672 1427 1988 1494 publicavit;
2039 1440 2138 1480 nec

545 1524 782 1579 lliStoria
829 1523 1003 1591 gentis
1032 1528 1234 1573 nostra:
1283 1519 1558 1588 indignum
1588 1517 1792 1585 putavit
1830 1529 2135 1570 sanctorum

552 1613 940 1668 monachorum
972 1612 1148 1664 obitus
1177 1619 1231 1663 ct
1260 1609 1512 1663 miracula
1563 1611 1820 1670 inserere,
1861 1608 2013 1676 queis
2062 1607 2139 1660 le-

552 1719 757 1760 Ctorum
790 1703 952 1757 animi
997 1712 1048 1754 et
1083 1701 1181 1755 hac
1226 1717 1404 1755 rerum
1443 1710 1718 1770 gestarum
1763 1699 2022 1753 varietate
2053 1715 2136 1752 re-

2236 511 2417 579 gorius
2443 510 2583 564 viros
2611 526 2640 564 a
2667 509 2989 563 Chrodielde
3015 507 3234 575 ejusque
3271 504 3587 573 sequacibus
3619 502 3670 556 iu
3707 521 3826 558 rno-

2239 604 2529 658 nasteriutn
2575 612 2772 657 sancta:
2810 602 2995 656 Crucis
3037 600 3333 664 immi~sos,
3371 598 3458 667 qui
3500 597 3826 651 abbatissam

2239 711 2333 764 per
2383 698 2484 749 vim
2534 712 2564 750 e
2617 698 2732 751 loco
2784 710 2937 748 sacro
2986 702 3267 760 raperent,
3331 693 3408 746 ait
3463 694 3512 745 in
3553 692 3824 746 .lostinam

2240 789 2574 856 praepositam
2606 787 2920 850 incurrisse,
2947 802 3104 853 quam
3134 801 3164 836 a
3187 784 3351 852 capite
3378 785 3598 836 solutam
3619 786 3831 837 ορεστ-ἐι

2236 893 2264 929 a
2298 878 2504 931 sicariis
2536 878 2636 930 illis
2661 885 2861 946 raptam
2888 875 3049 930 fuisse
3075 875 3323 927 aflirmat.
3353 875 3411 926 Al
3442 874 3486 926 is
3515 879 3672 927 etiam
3708 875 3828 927 illo-

2238 985 2354 1022 rum
2399 980 2695 1037 temporum
2731 969 3091 1020 monumentis
3129 965 3430 1018 conlirmari
3460 976 3637 1032 posset
3669 967 3832 1034 virgi-

2239 1077 2337 1115 nes
2385 1076 2568 1115 sacras
2615 1069 2742 1114 tunc
2786 1059 3011 1129 capillos
3058 1073 3330 1120 servasse;
3379 1068 3430 1110 at
3485 1072 3588 1110 non
3632 1056 3835 1110 desunt

2237 1153 2398 1206 etiam
2430 1167 2548 1222 quae
2586 1153 2907 1206 contrariam
2949 1152 3266 1205 sententiam
3315 1150 3564 1204 suadent.
3613 1149 3724 1216 Qua
3758 1151 3832 1205 de

2238 1259 2299 1299 re
2338 1243 2546 1298 consuli
2577 1254 2750 1312 potest
2774 1243 2925 1311 Hugo
2952 1241 3235 1295 Menardus
3267 1241 3316 1292 in
3364 1239 3834 1294 observationibus

2239 1335 2305 1388 ad
2340 1335 2815 1390 sacramentarium
2844 1335 3249 1402 Grcgoriauum,
3283 1342 3371 1386 attt
3403 1347 3495 1386 cer
3517 1348 3548 1387 e
3580 1331 3835 1386 .lllahillo-

2239 1426 2359 1479 nius
2390 1426 2444 1478 in
2473 1427 2612 1478 notis
2641 1426 2705 1478 ad
2741 1425 2913 1478 Vitam
2943 1436 3142 1478 sancta:
3183 1421 3464 1478 Gertrudis
3510 1422 3835 1477 Nivialensis

2239 1518 2546 1580 abbatissa}.
2589 1533 2707 1587 qua:
2745 1519 2970 1570 habetur
3022 1517 3074 1568 in
3120 1516 3320 1568 sacculo
3362 1530 3413 1568 xt
3460 1515 3831 1577 Benedictino,

2241 1612 2327 1664 ubi
2380 1611 2555 1678 agitur
2600 1624 2814 1679 quoque
2863 1609 2930 1662 de
2975 1622 3248 1662 sacrarum
3275 1608 3540 1676 virginum
3563 1609 3834 1673 mitrellis.

2240 1704 2431 1773 quibus
2462 1703 2787 1757 successisse
2817 1701 3064 1754 videntur
3091 1718 3150 1754 ea
3181 1701 3504 1764 linteamina,
3552 1716 3670 1770 quae
3695 1700 3838 1756 Gre-

547 1804 878 1858 creareutur,
910 1793 1294 1861 ethujusmodi
1343 1793 1740 1846 narrationibus
1790 1794 2137 1846 incitarentur
2169 1781 2421 1862 Bgorius
2457 1793 2720 1847 Justinam
2789 1792 2842 1845 in
2893 1793 3067 1858 capite
3115 1791 3365 1845 habuisse
3421 1799 3837 1848 commemorat.

551 1888 618 1942 ad
651 1886 901 1941 imitanda
933 1903 1116 1938 eorum
1144 1885 1397 1939 virtutum
1423 1884 1688 1954 exempla.

616 1976 706 2031 36.
741 1976 851 2030 Nec
880 1979 1055 2030 minor
1083 1985 1201 2030 erat
1229 1978 1612 2029 monachorum
1643 1974 1899 2026 adversus
1925 1971 2137 2042 episco-

547 2083 647 2137 pos
678 2070 974 2123 reverentia
1020 2080 1073 2122 et
1112 2068 1439 2132 obedientia,
1472 2068 1610 2135 quod
1642 2066 1720 2120 vel
1752 2081 1818 2120 ex
1849 2081 1954 2118 uno
2005 2061 2138 2117 Ulli-

545 2162 674 2217 laici
704 2163 948 2216 monachi
993 2161 1246 2228 exemplo
1293 2158 1598 2213 confirmari
1651 2169 1846 2229 potest,
1891 2158 2005 2226 qui,
2058 2156 2135 2210 uti

545 2261 732 2308 narrat
779 2250 1069 2321 Gregorius
1101 2251 1236 2304 libro
1273 2265 1366 2302 vin
1399 2249 1672 2312 Ilistoriaa,
1704 2251 1878 2316 capite
1909 2246 1996 2312 15,
2027 2245 2141 2313 epi-

550 2348 732 2416 scopis
753 2346 1064 2414 jubentibus
1081 2356 1132 2398 ut
1153 2360 1182 2396 a
1208 2343 1478 2409 Columna,
1508 2345 1588 2396 cui
1620 2340 1930 2410 Stylitarum
1959 2353 2140 2392 exen—

551 2441 641 2508 plo
670 2439 956 2504 insidebat,
986 2438 1359 2501 descenderet,
1393 2436 1572 2488 Statim
1602 2432 1862 2497 obedivit,
1886 2431 2028 2500 quia,
2062 2431 2142 2483 iu-

545 2528 783 2598 quiebat,
809 2529 1099 2581 sacerdotes
1125 2544 1227 2579 non
1249 2526 1492 2579 obaudire
1515 2525 1703 2575 crimen
1741 2531 1848 2583 est;
1877 2531 1931 2573 et
1955 2519 2142 2572 maluit

546 2621 712 2673 vitam
757 2631 1100 2673 communem
1150 2633 1270 2670 cum
1315 2616 1526 2669 caeteris
1588 2609 1866 2666 monachis
1909 2609 2140 2674 ducere,

549 2732 710 2787 quam
751 2716 815 2767 ad
871 2714 1255 2784 perfectionem
1302 2711 1525 2764 tendere
1589 2707 1876 2760 contrarius
1923 2704 2141 2757 existens

546 2811 860 2882 fossionibus
881 2808 1231 2862 sacerrimum.
1267 2805 1348 2858 An
1379 2817 1508 2855 vero
1549 2799 1792 2867 quaedam
1819 2796 2142 2851 monasteria

548 2916 679 2960 tunc
706 2910 891 2956 essent
914 2899 982 2953 ab
1008 2899 1382 2968 episcoporum
1423 2893 1680 2963 regimine
1707 2890 1982 2956 immunia,
2011 2905 2143 2944 nus-

545 3009 705 3064 quam
734 2993 966 3061 explicat
991 2991 1300 3057 Gregorius.
1333 2985 1411 3040 Ex
1439 2999 1505 3040 eo
1539 2996 1715 3038 tamen
1759 2983 2034 3046 discimus,
2076 2981 2141 3033 in

547 3089 616 3144 iis
645 3084 981 3139 monasteriis
1011 3096 1130 3150 quae
1159 3080 1258 3134 sub
1288 3079 1426 3146 regis
1475 3076 1700 3130 tuitione
1727 3086 1902 3138 erant,
1933 3073 2141 3139 episco-

551 3195 654 3251 pos
685 3179 812 3232 nihil
845 3175 1125 3246 potestatis
1159 3173 1427 3232 habuisse,
1459 3171 1661 3238 absque
1690 3166 1907 3236 speciali
1941 3162 2140 3234 princi-
2165 3150 2213 3213 C

549 3273 633 3342 pis
671 3268 943 3324 mandato.
977 3265 1184 3320 Etenim
1215 3278 1334 3316 cum
1369 3261 1650 3314 Maroveus
1708 3258 1986 3311 Pictonum
2023 3254 2138 3320 epi-

556 3376 754 3428 scOpus
785 3373 965 3410 curam
1001 3354 1307 3409 monasterii
1335 3361 1531 3405 sanctae
1559 3349 1934 3414 ltadegundis,
1965 3348 2016 3399 itt
2041 3359 2137 3398 sua

549 3453 720 3524 ipsius
749 3449 882 3503 urbe
926 3444 1243 3510 constructi,
1277 3442 1553 3509 suscipere
1604 3440 1888 3502 renuisset,
1919 3452 2018 3490 nec
2048 3453 2140 3489 vo-

549 3543 739 3599 luisset
768 3545 968 3594 sauctze
995 3537 1182 3591 Crucis
1231 3532 1629 3587 translationem
1675 3530 1869 3592 facere,
1903 3528 2043 3596 quod
2073 3526 2138 3581 ab

552 3650 622 3690 eo
668 3632 840 3687 enixis
873 3630 1124 3699 precibus
1169 3626 1582 3694 elllagitahatur,
1631 3621 1969 3691 Radegundis
2013 3619 2141 3673 adiit

550 3738 734 3792 regem
768 3721 1117 3789 aigibertum,
1163 3716 1252 3786 qui
1287 3717 1424 3768 hanc
1472 3730 1652 3767 curaui
1689 3713 1945 3766 Eufronio
1973 3712 2143 3765 Turo-

550 3820 702 3872 nensi
752 3815 1006 3883 ονίδοοῃυ
1056 3808 1419 3864 demandavit.
1476 3807 1716 3875 Cumque
1755 3803 2140 3858 monasterium

546 3909 653 3967 sub
693 3908 823 3979 regis
866 3904 1079 3959 tuitione
1129 3902 1314 3957 fuisset
1354 3901 1616 3970 positum.
1672 3897 1884 3951 nonnisi
1927 3896 2142 3950 obtenta

551 4002 773 4073 speciali
799 4016 828 4054 a
853 3997 1198 4053 Childeberto
1221 3994 1577 4066 praeceptione,
1610 3992 1763 4058 illud,
1788 3992 1923 4046 sicut
1951 3998 2144 4045 castera

549 4109 665 4148 sua:
691 4093 986 4146 diceeeseos
1013 4088 1354 4150 monasteria,
1386 4085 1640 4153 episcopo
1663 4082 1956 4138 Pictavensi
1989 4096 2144 4151 regu-

551 4184 731 4236 lariter
774 4181 1054 4250 gubernare
1099 4179 1261 4243 licuit,
1315 4186 1371 4229 ut
1427 4176 1587 4228 habet
1615 4175 1907 4244 Gregorius
1955 4173 2049 4227 lib.
2093 4187 2146 4224 Ix

554 4274 826 4340 Historiis,
859 4273 1032 4340 capite
1063 4270 1152 4324 40.
1188 4269 1252 4323 Et
1278 4268 1495 4337 quidem
1527 4267 1774 4320 defuncta
1803 4263 2146 4332 Radegunde,

545 4381 675 4420 cum
701 4364 769 4418 ab
800 4363 932 4417 urbe
955 4361 1238 4416 Maroveus
1267 4360 1554 4428 episcopus
1581 4359 1808 4422 abesset,
1836 4357 2146 4423 Gregorius,

551 4457 645 4526 qui
676 4467 913 4525 praesens
949 4455 1168 4520 aderat,
1211 4449 1297 4504 vix
1328 4450 1518 4504 adduci
1551 4451 1738 4518 potttit,
1785 4456 1842 4501 ut
1869 4447 2148 4515 exsequias

2238 1886 2502 1940 Caeterum
2523 1885 2719 1955 Papula
2746 1884 2913 1952 virgo,
2939 1884 2990 1938 in
3017 1884 3150 1937 libro
3162 1884 3228 1938 de
3249 1883 3427 1938 Gloria
3441 1884 3837 1950 conlessorum,

2239 1980 2413 2047 capite
2457 1978 2556 2044 16,
2589 1976 2787 2032 srcculo
2827 1977 3132 2032 valedicens
3182 1993 3389 2031 comam
3430 1978 3532 2031 sibi
3578 1980 3830 2044 totondit,

2238 2071 2334 2126 sed
2375 2080 2430 2124 ut
2469 2070 2642 2124 virum
2693 2070 2996 2124 simularet.
3044 2069 3332 2122 Monachus
3376 2071 3576 2140 quippe
3623 2087 3836 2126 comam

2239 2178 2344 2216 non
2386 2163 2672 2216 nutrivisse
2715 2173 2922 2216 certum
2963 2169 3068 2224 est,
3101 2164 3239 2216 inter
3267 2178 3402 2231 quos
3432 2164 3533 2217 sub
3562 2163 3700 2216 virili
3731 2162 3835 2216 ha-

2242 2252 2351 2306 bitu
2381 2251 2581 2319 Papula
2611 2251 2875 2321 reliquum
2906 2267 3014 2304 sua:
3041 2253 3166 2304 vitae
3199 2262 3410 2320 tempus
3438 2254 3636 2322 exegit.
3687 2253 3830 2306 San-

2241 2341 2582 2397 ctimoniales
2610 2356 2637 2392 a
2668 2342 2814 2396 Iaicis
2843 2341 3126 2396 distinctas
3147 2342 3330 2407 fuisse,
3365 2343 3446 2398 vel
3475 2357 3538 2398 cx
3572 2358 3680 2396 uno
3705 2343 3839 2397 Gre-

2240 2432 2378 2503 gorii
2409 2435 2529 2487 loco
2561 2432 2926 2500 intelligimus,
2954 2434 3041 2487 ubi
3065 2434 3405 2502 Badegundis
3429 2449 3490 2490 se
3515 2450 3543 2486 a
3565 2435 3837 2489 laicalious

2243 2527 2459 2580 vinculis
2501 2526 2802 2579 absolutam
2849 2527 3136 2594 profitetur
3172 2529 3238 2580 ad
3280 2528 3544 2597 religionis
3587 2544 3836 2585 normam

2244 2620 2553 2674 transiisse.
2582 2616 2682 2673 Ubi
2705 2620 2866 2672 etiam
2893 2628 3039 2688 patet
3062 2619 3328 2689 religionis
3352 2622 3612 2676 vocabulo
3651 2637 3840 2676 mona-

2241 2711 2432 2766 sticum
2472 2712 2710 2765 ordinem
2751 2711 2860 2780 jam
2905 2719 3029 2765 tunc
3059 2711 3395 2778 designatum
3446 2712 3639 2776 fuisse;
3689 2715 3834 2782 quod

2244 2804 2423 2858 multis
2447 2803 2568 2857 aliis
2595 2802 2731 2857 locis
2761 2802 2975 2870 probari
3013 2803 3169 2858 facile
3211 2815 3407 2872 posset.
3444 2805 3580 2860 Hinc
3609 2807 3837 2876 religiosi

2245 2904 2302 2949 et
2349 2895 2604 2966 religiosa
2655 2893 2872 2949 nomina
2927 2895 3313 2962 proﬂuxerunt.
3386 2897 3838 2953 Sanctimoniales

2243 3004 2454 3061 quoque
2485 2991 2791 3058 frequenter
2816 2988 3046 3059 appellat
3073 2986 3360 3059 Gregorius
3392 3004 3573 3045 sacras
3595 2992 3832 3060 virgines

2245 3097 2366 3152 qua:
2396 3082 2450 3136 in
2476 3081 2819 3136 monasteriis
2857 3083 3332 3136 conversabautur.
3370 3081 3836 3148 Quemadimidum

2247 3191 2376 3231 vero
2415 3176 2469 3229 in
2507 3175 2991 3230 sanctimonialium
3022 3175 3268 3228 caenobia
3302 3177 3572 3244 ingressus
3603 3175 3733 3229 viris
3759 3176 3839 3228 ἱει-

2244 3271 2499 3325 terdictus
2524 3278 2669 3334 erat,
2697 3271 2775 3322 sic
2800 3278 2853 3323 et
2881 3283 2910 3321 a
2943 3268 3177 3322 virorum
3210 3268 3546 3322 monasteriis
3577 3268 3840 3322 arceban.

2243 3373 2329 3416 tur
2367 3363 2641 3426 mulieres,
2671 3362 2864 3432 quibus
2881 3377 2948 3415 ne
2977 3362 3188 3428 quidem
3233 3361 3283 3413 in
3316 3359 3592 3415 ecilesiam
3622 3359 3833 3426 patebat

2243 3453 2417 3507 aditus
2437 3455 2487 3505 in
2515 3453 2780 3523 plerisque
2801 3454 3137 3507 monasteriis
3158 3467 3171 3517 ;
3195 3453 3335 3522 quod
3359 3451 3426 3507 de
3446 3451 3840 3507 Condatescen-

2245 3546 2291 3599 si
2320 3561 2382 3600 eat
2415 3546 2522 3597 vita
2554 3545 2725 3599 sancti
2756 3544 3004 3609 Romani,
3038 3543 3089 3598 id
3123 3556 3206 3598 est
3235 3545 3411 3613 capite
3437 3560 3451 3596 I
3480 3544 3548 3597 de
3578 3543 3710 3596 Vitis
3738 3545 3839 3597 Pa-

2247 3647 2412 3702 trum,
2445 3652 2566 3690 man
2593 3636 2782 3690 featum
2809 3647 2911 3690 est.
2940 3638 3010 3690 At
3040 3635 3164 3689 licet
3193 3635 3489 3699 monachis,
3519 3635 3609 3704 qui
3643 3635 3838 3689 reclusi

2249 3744 2355 3782 non
2398 3739 2570 3793 erant,
2603 3739 2753 3782 extra
2802 3728 3125 3782 monasteria
3173 3728 3357 3781 liceret
3403 3726 3571 3789 exire,
3617 3726 3668 3781 id
3705 3727 3842 3780 adeo

2249 3821 2493 3874 districte
2540 3821 2862 3874 utonialibus
2905 3831 3105 3873 sanctae
3151 3819 3338 3872 tirucis
3387 3818 3716 3872 Pictavensis
3774 3835 3838 3871 ex

2251 3913 2564 3979 praescripto
2593 3912 2810 3980 Regula:
2840 3911 3010 3966 sancti
3034 3909 3250 3964 Caisarii
3279 3919 3396 3963 erat
3419 3910 3663 3971 vetitum,
3692 3920 3747 3961 ut
3774 3925 3843 3964 ne

2251 4003 2462 4072 quidem
2509 4005 2574 4056 ad
2637 4003 3001 4071 sepeliendum
3050 4003 3216 4055 beata:
3266 3999 3606 4070 [ladegundis
3647 4015 3843 4069 corpus

2251 4094 2616 4148 cmmeterium
2647 4095 2794 4148 adire
2824 4093 2904 4147 eis
2946 4093 3147 4146 licitum
3191 4093 3368 4146 fuerit.
3405 4091 3459 4145 Id
3487 4107 3553 4145 ex
3580 4090 3844 4158 Gregorio

2253 4185 2512 4239 discimus
2545 4186 2596 4238 in
2627 4186 2762 4238 libro
2790 4185 2857 4239 de
2886 4184 3066 4238 Gloria
3091 4183 3491 4245 Confessorum,
3523 4182 3697 4249 capite
3717 4181 3841 4242 £06.

2254 4273 2343 4326 ubi
2377 4276 2659 4341 exsequias
2689 4274 2856 4328 beatae
2888 4273 3103 4341 Regina:
3132 4272 3468 4337 describens,
3495 4270 3722 4325 clericos
3755 4287 3846 4323 re-

2256 4373 2542 4433 praesentat
2567 4366 2723 4417 luuus
2746 4365 3024 4432 psallendo
3043 4364 3391 4428 deducentes,
3415 4363 3557 4431 quod
3583 4364 3845 4416 moniales

2255 4471 2286 4507 e
2325 4455 2572 4508 fenestris
2621 4461 2677 4508 et
2719 4453 2856 4508 muri
2902 4454 3355 4524 propugnaculis.
3405 4452 3746 4508 lamentando
3791 4462 3846 4506 ct

560 4547 682 4620 ejus
725 4554 959 4608 curaret,
986 4544 1129 4614 quod
1167 4543 1477 4597 monasterii
1521 4543 1882 4596 caemeterium
1914 4541 2148 4594 nondum
2179 4536 2233 4595 D
2258 4550 2458 4615 ﬂendo,
2507 4550 2718 4604 nonnisi
2768 4549 2939 4602 oculis
2989 4559 3044 4602 et
3073 4549 3310 4609 ﬂetibus,
3363 4547 3841 4616 prosequebantur.

555 4641 864 4696 sacerdotali
886 4638 1229 4692 benedictione
1249 4646 1503 4690 sacratum
1537 4637 1743 4699 fuisset,
1775 4636 1974 4705 vixque
2001 4633 2146 4689 efﬂa-

552 4733 844 4805 gitantibus
873 4731 1120 4786 omnibus
1148 4730 1240 4799 qui
1270 4729 1522 4790 aderant,
1557 4728 1877 4797 praesumpsit
1921 4743 1983 4780 ex
2010 4725 2145 4779 cari-

553 4833 656 4877 tate
685 4825 863 4893 fratris
890 4821 970 4874 sui
1011 4819 1194 4873 altaris
1237 4819 1736 4884 consecrationem,
1768 4818 1837 4871 ita
1885 4827 2058 4870 tamen
2091 4826 2148 4870 ut

555 4928 754 4985 corpus
787 4915 839 4968 in
870 4911 1181 4969 cmmeterio
1221 4911 1385 4966 humo
1413 4926 1520 4965 non
1563 4912 1778 4976 texerit,
1826 4909 1876 4964 id
1905 4912 2147 4979 episcopo

555 5008 656 5062 loci
688 5020 989 5062 reservans.

629 5100 717 5153 57.
737 5099 974 5153 Abhates
993 5107 1045 5152 et
1068 5095 1347 5151 abbatissa:
1367 5095 1740 5150 communibus
1765 5095 2146 5150 monachorum

554 5196 672 5248 sive
700 5192 1009 5247 mouialium
1043 5189 1184 5244 votis
1231 5189 1586 5258 eligebantur,
1633 5187 1728 5242 sed
1776 5190 1845 5243 ab
1884 5187 2147 5258 episcopis

553 5285 988 5341 benedictionem
1013 5283 1279 5339 debebant
1306 5284 1575 5352 accipere.
1602 5282 1788 5336 Vestes
1815 5293 1989 5336 autem
2023 5297 2146 5336 san-

558 5377 947 5434 ctimonialium
974 5379 1104 5432 alias
1126 5391 1154 5429 a
1169 5376 1503 5431 smcularium
1524 5375 1854 5430 vestimentis
1879 5376 2044 5431 fuisse
2065 5377 2147 5432 vel

563 5484 631 5524 ex
663 5482 729 5523 eo
758 5469 1143 5534 convincimur,
1176 5468 1317 5538 quod
1353 5467 1640 5537 Gregorius
1683 5469 1897 5535 passim,
1940 5483 2146 5532 earum,

565 5566 706 5621 sicut
751 5570 808 5618 et
853 5562 1233 5616 monachorum
1261 5607 1276 5630 ,
1327 5564 1732 5619 conversionem
1779 5564 2145 5630 memorando,

562 5669 823 5726 utrosque
847 5662 979 5709 veste
1004 5663 1200 5707 mutata
1227 5655 1296 5709 ad
1320 5653 1640 5710 monasteria
1668 5655 1980 5709 convolasse
2009 5654 2148 5709 scri-

562 5749 673 5806 bat.
707 5752 788 5805 An
827 5762 954 5805 vero
997 5749 1231 5818 virgines
1267 5762 1453 5805 omnes
1501 5762 1671 5805 sacra:
1716 5759 1886 5810 tonsae
1926 5747 2146 5804 omnino

2258 4645 2441 4700 Plures
2495 4660 2622 4699 vero
2663 4645 2714 4698 in
2765 4643 3106 4698 monasteriis
3138 4644 3372 4697 \irorum
3407 4643 3633 4710 [tegulas
3682 4640 3846 4695 simul

2259 4736 2496 4806 viguisse
2524 4753 2588 4790 ex
2629 4736 2801 4804 capite
2829 4734 2898 4787 29
2960 4736 3077 4789 libri
3111 4751 3140 4787 κ
3187 4735 3504 4802 colligimus,
3540 4735 3626 4787 ubi
3658 4733 3710 4786 in
3736 4748 3848 4787 ca:-

2259 4829 2418 4882 nobio
2449 4827 2706 4882 Atanensi
2748 4842 2856 4880 non
2902 4828 3061 4881 modo
3089 4826 3350 4890 Cassiani,
3372 4825 3476 4896 .sed
3513 4835 3567 4879 et
3589 4824 3772 4876 Basilii
3800 4831 3848 4876 i-t

2257 4919 2571 4989 reliquorum
2603 4919 2864 4985 abbatum,
2906 4920 2992 4987 qui
3044 4919 3452 4971 monasterialem
3495 4920 3653 4969 vitam
3692 4916 3848 4969 insti-

2255 5020 2479 5074 tuerunt,
2512 5011 2712 5081 regulas
2755 5011 3041 5065 invaluisse
3070 5011 3257 5065 scribit
3283 5010 3591 5078 Gregorius.

2321 5103 2411 5158 58.
2453 5104 2616 5159 Porro
2639 5104 2759 5159 licet
2776 5118 2932 5157 nemo
2961 5118 3065 5156 non
3097 5103 3323 5158 fateatur
3346 5102 3674 5173 praecipuam
3697 5117 3849 5155 sem-

2254 5210 2348 5264 per
2366 5194 2686 5250 clericorum
2716 5203 2771 5249 et
2799 5197 3188 5250 monachorum
3223 5195 3628 5264 occupationem
3655 5193 3847 5258 fuisse,

2252 5287 2509 5342 orationis
2552 5301 2615 5342 ac
2661 5300 2934 5341 sacrarum
2967 5288 3363 5358 Scripturarum
3426 5285 3686 5348 studium.
3737 5298 3845 5337 non

2255 5379 2480 5434 defuere
2517 5387 2692 5432 tamen
2730 5380 2818 5448 qui
2860 5378 3298 5434 consuetudinem
3332 5378 3470 5432 hanc
3507 5375 3659 5431 statis
3701 5373 3845 5427 horis

2257 5469 2513 5534 officium,
2565 5477 2624 5523 ut
2657 5480 2866 5534 vocant,
2904 5470 3146 5524 divinum
3197 5471 3413 5538 publice
3458 5478 3550 5522 aut
3598 5467 3846 5537 privatint

2255 5561 2537 5625 recitandi,
2564 5576 2667 5616 non
2698 5561 2832 5616 adeo
2853 5562 3128 5631 antiquam
3166 5561 3330 5616 fuisse
3362 5560 3714 5616 crediderint.
3745 5555 3847 5611 Ve-

2255 5673 2372 5712 rum
2416 5657 2533 5726 ejus
2561 5656 2823 5726 originem
2863 5655 2929 5709 ad
2960 5657 3072 5726 ipsa
3117 5656 3374 5711 Ecclesia:
3411 5655 3702 5710 Gallicanae
3742 5653 3850 5720 prio

2255 5747 2462 5805 mordia
2519 5755 2736 5804 revocat
2779 5755 2964 5804 uoster
2992 5746 3284 5818 Gregorius
3330 5747 3515 5805 librat
3562 5743 3850 5809 Historia,
