4086 6328
205 347 280 402 57
1662 335 1819 392 ΡΙιῶ

1926 337 2048 395 ΠΟ.
3441 329 3509 388 58

201 456 387 526 capite
423 451 516 519 ΞΟ,
558 451 645 507 ubi
669 449 735 506 de
783 459 967 505 sancto
1003 447 1234 519 quodam
1282 448 1418 515 viro,
1469 447 1556 517 qui
1609 447 1806 502 Bituri-
1840 460 1882 513 Α
1913 449 2169 516 seriptum
2205 445 2323 512 fuit,
2356 448 2407 501 iu
2439 447 2661 503 dubimu
2703 448 2888 504 Petrus
2920 448 3158 506 Pithmus
3183 453 3458 506 revocavit
3489 469 3502 505 :

200 563 335 617 gum
379 546 669 600 Ecclesium
711 544 1003 597 instituisse
1041 542 1198 610 paulo
1239 549 1358 610 post
1390 539 1532 595 Decii
1567 549 1810 609 tempora

201 636 439 703 dicitur,
466 634 542 688 ait
574 651 588 687 :
611 631 796 688 Clerici
821 635 890 686 ab
912 648 977 686 eo
1003 632 1229 685 ordinati
1261 632 1413 684 ritum
1431 630 1684 698 psallendi
1708 646 1814 682 sus-

201 730 438 799 cipiunt,
491 738 538 781 et
571 727 786 796 qualiter
828 726 1089 780 ecclesiam
1123 734 1436 789 construant,
1469 722 1543 775 rel
1584 723 1814 791 omnipo-

200 818 330 872 tenti
367 818 478 872 Deo
505 818 754 872 solemnia
796 816 1051 870 celebrare
1087 816 1298 868 debeant
1329 814 1644 867 imbuuntur.
1684 813 1813 866 Data

206 911 478 966 l-Icclesiie
512 927 642 981 pace
679 911 867 966 Ol'licia
894 911 1071 963 divina
1097 910 1305 976 publice
1328 908 1378 960 iu
1408 906 1649 962 ecclesiis
1673 908 1816 959 cele-

207 1012 370 1058 hrata
407 1004 569 1058 fuisse
595 1005 717 1073 quis
745 1004 1054 1057 iulicietur?
1088 1004 1228 1056 Idem
1263 1002 1458 1054 factum
1491 1010 1574 1054 est
1617 1000 1667 1052 in
1701 1015 1817 1053 mo-

217 1097 490 1161 nasteriis,
523 1112 628 1150 non
674 1096 847 1149 solum
899 1093 1214 1162 majoribus,
1243 1094 1335 1146 sc-l
1379 1102 1432 1146 et
1465 1091 1515 1143 in
1551 1090 1654 1144 illis
1684 1105 1816 1159 quo-

217 1204 347 1255 que,
378 1190 429 1243 in
455 1189 648 1258 quibus
697 1187 848 1255 pauci
883 1202 1108 1241 nurnero
1140 1185 1386 1240 monachi
1418 1186 1818 1240 conversabaua

225 1291 332 1343 tur,
362 1290 415 1332 ιιι
442 1295 506 1332 es
533 1277 698 1332 variis
721 1277 960 1347 Gregorii
991 1278 1121 1330 locis
1150 1286 1355 1330 certum
1379 1286 1481 1338 est,
1516 1276 1604 1329 tibi
1636 1277 1818 1343 quoti-

224 1370 444 1422 dianum
492 1369 629 1422 i5lttd
681 1383 903 1436 pensum
964 1370 1315 1437 psallentium,
1362 1368 1648 1434 aliquando
1689 1382 1818 1420 vero

223 1459 456 1527 ofﬁcium
506 1459 821 1510 (lounnicunt
851 1457 1107 1526 appellat.
1131 1458 1344 1526 Vigilias
1370 1468 1676 1521 nocturnas,
1708 1467 1817 1511 tum

223 1567 252 1603 a
283 1566 363 1615 se,
390 1561 499 1604 tum
523 1550 588 1602 ab
611 1550 729 1602 aliis
753 1551 1052 1603 celebratas
1081 1550 1389 1617 frequenter
1409 1560 1816 1619 commemorat,

223 1657 253 1692 ιι
289 1642 484 1707 quihus
510 1639 672 1692 etiam
713 1637 1024 1691 Matutinum
1049 1655 1142 1692 seu
1173 1639 1392 1703 Laudes,
1433 1653 1485 1690 ιιι
1508 1637 1618 1706 jam
1651 1640 1819 1708 loqui-

224 1745 366 1794 mur,
395 1731 576 1796 aliquo
601 1740 856 1798 lt‘lllpUI'IS
888 1731 1168 1782 intervallo
1203 1730 1480 1782 distinctas
1517 1730 1700 1793 fuisse,
1735 1730 1814 1782 vel

1916 540 2136 592 omnino
2166 549 2344 592 autem
2373 549 2532 608 negat
2580 541 2919 595 Mabillonius
2962 553 3146 597 noster
3173 544 3223 597 in
3255 543 3506 600 Tractatu

1916 631 1984 684 de
2015 646 2173 683 cursu
2211 629 2509 695 Gallicano,
2563 633 2631 685 ob
2682 631 2733 686 iti
2785 633 3142 702 potissimum,
3197 636 3337 706 quod
3397 638 3510 706 ipse

1917 723 2206 792 Gregorius
2232 723 2388 777 aliam
2423 727 2724 779 versionem
2758 737 3068 782 co.;st.inter
3111 729 3427 792 laudaverit,
3458 739 3515 784 et

1917 814 2134 884 quidem
2183 815 2236 867 in
2282 815 2530 869 llistorizc
2563 816 2735 883 libris,
2768 834 2902 887 quos
2932 821 3145 874 ultimos
3173 822 3513 889 conscripsit,

1917 918 1973 960 et
2005 906 2092 959 ubi
2143 907 2341 974 passim
2389 908 2693 971 complures
2720 909 3046 976 psalmorum
3082 910 3229 964 locos
3262 911 3511 976 adduxit,

1923 997 2011 1064 qui
2045 998 2095 1048 in
2127 996 2306 1049 oftieio
2334 997 2700 1051 ecclesiastico
2731 998 3059 1064 legebantur.
3110 1002 3337 1070 ldipsum
3381 1017 3516 1056 cou~

1921 1093 2097 1142 lirmat
2127 1089 2368 1158 ejusdem
2412 1088 2652 1157 Gregorii
2686 1092 2925 1156 pra:fati0
2958 1094 3010 1146 in
3059 1095 3311 1162 psalmos,
3359 1096 3512 1161 cujus
3573 1121 3576 1123 λ

1919 1182 2270 1249 fragmentum
2305 1181 2428 1233 huic
2455 1181 2676 1234 editioni
2702 1184 2949 1247 accessit,
2979 1185 3029 1236 in
3061 1200 3161 1253 qua
3195 1185 3332 1238 tituli
3363 1187 3510 1254 ps.d-

1922 1288 2150 1336 morum,
2181 1286 2315 1340 quos
2345 1272 2698 1341 esponcndos
2720 1273 2944 1342 suscipit
2975 1274 3284 1344 Gregorius,
3313 1294 3504 1331 ouines

1920 1372 2044 1416 sunt
2070 1364 2218 1430 juxta
2247 1364 2593 1433 Septuaginta
2625 1365 2978 1436 Interpretum
3011 1366 3320 1422 editionem.
3343 1368 3519 1422 c:ete—

1924 1468 2040 1505 ium
2071 1453 2304 1506 officium
2335 1455 2574 1507 divinum
2609 1465 2732 1508 tunc
2761 1459 3045 1510 vernacula
3077 1457 3254 1526 lingua
3276 1461 3518 1514 celebra-

1923 1555 2032 1598 tum
2075 1562 2178 1598 noti
2214 1545 2378 1600 fuisse
2413 1563 2476 1600 ex
2517 1547 2649 1601 Vitis
2696 1548 2935 1613 Patrum,
2978 1549 3154 1617 capite
3191 1550 3271 1616 l2,
3298 1555 3512 1621 colligi-

1924 1651 2063 1698 mus,
2098 1636 2185 1689 ubi
2218 1640 2283 1690 de
2341 1638 2660 1701 Braehione,
2701 1641 2790 1707 qui
2830 1656 2951 1693 sese
2999 1641 3062 1694 ad
3115 1643 3543 1698 eonveisioin-m'

1927 1725 2222 1782 Aiiniliano
2265 1730 2590 1797 sobjecerat,
2617 1731 2812 1784 dicitur
2833 1731 3086 1787 nesciisse
3131 1738 3266 1800 quod
3296 1747 3518 1798 caueret,

225 1837 292 1877 es
325 1839 431 1875 uno
455 1822 573 1875 libri
607 1837 621 1874 ι
656 1821 724 1874 de
754 1821 1018 1874 Miraculis
1057 1822 1223 1875 StllCli
1258 1821 1490 1883 Martini,
1523 1823 1698 1892 capite
1726 1824 1814 1884 53,
1851 1827 1895 1886 Β
1921 1823 2040 1888 quia
2075 1822 2276 1874 litteras
2307 1823 2595 1891 ignorabat,
2628 1822 2676 1874 id
2713 1835 2792 1876 est
2823 1823 3052 1892 linguam
3087 1825 3351 1878 Latinam.

227 1916 346 1969 loco
392 1914 755 1983 intelligimus.
791 1914 863 1968 lbi
908 1915 1050 1967 enim
1099 1925 1216 1982 post
1255 1915 1473 1986 vigilias
1508 1917 1558 1968 in
1591 1917 1815 1970 ecclesia

226 2020 546 2070 transactas,
571 2009 719 2078 signo
748 2009 813 2059 ad
854 2008 1130 2059 matutinas
1157 2018 1408 2059 commoto
1431 2023 1488 2060 se
1519 2009 1815 2062 recessisse

228 2099 530 2168 profitetur.
565 2099 725 2152 Iidem
751 2099 1132 2151 matutiuorum
1160 2099 1392 2152 ollicium
1432 2117 1600 2163 omne,
1632 2112 1684 2154 et
1719 2101 1817 2153 hoc

229 2193 347 2245 loco
368 2203 422 2245 et
451 2191 624 2259 capite
649 2206 684 2244 ιι
709 2191 824 2244 lihri
852 2191 1090 2256 scenmli,
1120 2192 1375 2245 celebrari
1401 2194 1618 2245 solitum
1651 2191 1818 2246 fuisse

227 2283 484 2344 insinuat,
521 2281 571 2335 id
612 2293 693 2334 est
738 2282 1022 2334 albescente
1066 2281 1210 2344 (telo,
1261 2293 1316 2335 ut
1344 2285 1575 2351 loquitur
1617 2283 1667 2336 in
1703 2281 1819 2336 Vita

229 2375 404 2427 sancti
458 2373 591 2426 Galli
644 2371 780 2426 inter
819 2371 961 2424 Vitas
1008 2371 1247 2435 l’atrum,
1297 2371 1474 2437 capite
1521 2380 1575 2437 tv,
1614 2388 1678 2426 ex
1719 2387 1820 2442 qua

231 2464 363 2519 item
415 2462 530 2517 Vita
589 2463 870 2527 discimus,
933 2463 1152 2517 00sdem
1204 2466 1368 2517 ferme
1403 2464 1655 2532 psalmos,
1689 2480 1823 2532 quos

231 2559 390 2612 hodie
420 2557 485 2610 ad
518 2556 724 2610 Laudes
752 2556 1017 2618 cauimus,
1046 2555 1156 2624 jam
1191 2569 1316 2609 tunc
1346 2560 1604 2624 temporis
1632 2557 1820 2611 eadem

232 2654 365 2705 hora
387 2651 563 2705 dictos
593 2651 776 2704 fuisse.
807 2650 938 2704 Cum
969 2652 1110 2703 enim
1141 2651 1220 2702 vir
1260 2660 1477 2702 sanctus
1507 2651 1662 2703 morti
1695 2665 1820 2719 pro-

238 2747 418 2801 ximus
447 2747 572 2815 quid
619 2745 671 2798 in
698 2745 923 2798 ecclesia
954 2752 1236 2798 caneretur
1282 2743 1684 2811 interrogasset,
1734 2759 1822 2796 rc-

231 2854 490 2910 sponsum
533 2847 617 2892 est
646 2841 716 2903 ei,
759 2837 984 2892 clericos
1015 2838 1386 2889 bcnrdrrtionrs
1419 2839 1682 2904 psallere;
1713 2846 1821 2889 tum

232 2933 343 2996 ille,
367 2932 571 2998 psalmo
598 2932 1041 2998 quinquagesimo,
1075 2939 1121 2981 et
1163 2930 1507 2982 benedictione
1532 2933 1821 2993 decantata,

233 3034 281 3076 et
305 3023 624 3075 nlleluiatico
651 3037 766 3072 cum
790 3019 1030 3086 capuello
1064 3022 1286 3085 expleto,
1317 3019 1684 3071 consummarit
1724 3035 1826 3071 ma-

233 3113 448 3167 tutinos.
500 3111 765 3165 Caeterum
821 3111 1027 3179 vigilias
1078 3121 1369 3163 nocturnas
1423 3111 1744 3179 quandoque
1792 3126 1822 3164 a

1988 1914 2077 1968 :30.
2116 1916 2382 1980 Quantum
2417 1930 2543 1969 vero
2573 1916 2786 1970 solliciti
2833 1927 3015 1970 essent
3063 1917 3130 1970 ad
3173 1919 3288 1971 hinc
3339 1917 3515 1973 officia

1919 2006 2073 2059 statis
2097 2009 2242 2060 horis
2271 2007 2432 2060 etiam
2464 2007 2708 2072 privatim
2740 2008 3116 2074 liCl‘SUlVeltda,
3160 2015 3374 2078 quando
3397 2025 3518 2062 eum

1928 2097 2140 2151 c:eteris
2164 2100 2353 2151 adesse
2383 2114 2487 2151 non
2525 2099 2739 2163 licebat,
2785 2099 3131 2154 ecclesiaSIiei
3163 2101 3400 2154 onmium
3429 2117 3520 2154 or-

1925 2190 2111 2244 dinmn
2139 2189 2259 2254 viri,
2284 2206 2347 2244 ex
2375 2189 2535 2242 rariis
2554 2188 2798 2260 Gregorii
2832 2191 2962 2245 locis
2985 2202 3039 2245 et
3056 2193 3318 2260 exemplis
3334 2200 3518 2246 osten-

1922 2285 2128 2335 demus.
2165 2282 2280 2349 Ipse
2309 2281 2451 2335 enim
2496 2281 2787 2348 Gregorius
2844 2281 3058 2336 l'arisiis
3113 2299 3300 2352 agens,
3352 2299 3517 2353 ιιι-ονε

1924 2375 2090 2427 sancti
2131 2373 2327 2428 Juliani
2356 2373 2639 2426 ecclesiam
2667 2374 2992 2433 morabatur,
3023 2390 3180 2443 quam
3206 2385 3364 2428 nocte
3396 2393 3508 2429 meo

1923 2466 2010 2520 dia
2047 2467 2433 2534 frequentabat,
2473 2477 2525 2517 ut
2576 2481 2725 2518 suum
2755 2469 2977 2535 expleret
3025 2484 3253 2520 cursum.
3317 2470 3407 2523 Sic
3462 2480 3516 2523 et

1929 2558 2221 2625 Gregorius
2275 2555 2694 2626 Lingoncnsinm
2753 2558 2977 2612 antistes
3032 2559 3253 2612 Ditione
3301 2559 3519 2615 domum

1929 2649 2158 2703 habebat
2191 2648 2502 2718 baptisterio
2548 2646 2932 2713 adherentem,
2974 2650 3026 2703 in
3073 2666 3178 2718 quo
3227 2651 3516 2705 multorum

1929 2744 2265 2796 habebantur
2286 2751 2593 2795 sanctorum
2625 2741 2885 2811 reliquie,
2917 2757 3076 2809 quem
3103 2742 3276 2794 locum
3307 2759 3517 2796 sat-rum

1926 2832 2151 2901 singulis
2201 2831 2446 2886 noctibus
2485 2832 2686 2896 adibat,
2740 2833 2967 2900 indeque
2998 2834 3206 2901 impleto
3250 2850 3401 2887 cursu
3450 2834 3518 2889 ad

1927 2924 2122 2980 lectum
2145 2928 2528 2981 revertebatur.
2560 2925 2816 2980 Memoria
2849 2942 3067 2994 prorsus
3094 2942 3143 2982 et
3178 2927 3333 2981 laude
3359 2929 3519 2998 digna

1927 3029 2010 3072 est
2038 3019 2330 3073 beatissimi
2357 3019 2610 3074 Germani
2639 3019 2965 3073 Parisiorum
2997 3021 3252 3074 antistitis
3290 3023 3341 3074 in
3373 3023 3519 3090 ejus-

1929 3111 2073 3164 modi
2115 3111 2308 3165 ol'licits
2364 3112 2733 3180 persolvendis
2787 3111 3115 3176 sollicitudo,
3147 3114 3234 3180 qui
3293 3113 3343 3164 in
3391 3114 3521 3181 ipsis

232 3206 487 3274 Gregorio
513 3204 672 3258 etiam
697 3205 974 3257 matutinas
1026 3205 1315 3273 appellatas
1365 3204 1530 3258 luisse
1596 3205 1824 3259 intieiari
1855 3204 1901 3266 C
1934 3203 2217 3257 itineribus
2268 3203 2538 3272 equitans,
2599 3203 2645 3257 si
2697 3203 2854 3257 aliter
2905 3221 3007 3257 non
3060 3214 3258 3272 posset,
3315 3221 3521 3259 rursum

248 3299 438 3351 nolim.
493 3296 623 3350 Nam
664 3297 838 3364 capite
876 3297 947 3349 23
996 3297 1110 3350 lilori
1162 3312 1218 3350 ιιι
1265 3297 1332 3350 de
1368 3296 1632 3351 Miraculis
1661 3301 1827 3354 sancti

235 3387 474 3453 Martini,
506 3391 710 3458 signum
750 3391 890 3442 ltoris
939 3390 1204 3441 matutinis
1245 3401 1467 3453 motmn,
1495 3401 1546 3443 et
1573 3391 1774 3459 vigilias
1798 3405 1828 3444 a

235 3479 434 3547 pepulo
466 3479 762 3532 celebratas
797 3477 960 3533 fuisse
994 3477 1254 3546 perliihet.
1288 3479 1511 3533 Tertiam
1534 3490 1588 3536 et
1615 3481 1828 3536 Scitam

235 3571 288 3625 in
320 3570 547 3624 ecclesia
581 3569 876 3623 Turonensi
911 3570 978 3623 ab
1013 3570 1272 3637 lnjurioso
1316 3571 1570 3639 episc0po
1616 3573 1827 3626 institu-

235 3670 317 3716 tas
343 3660 506 3715 fuisse
530 3659 657 3714 dicit
689 3661 821 3713 libro
853 3677 902 3724 ιι,
933 3664 1108 3729 capite
1149 3662 1338 3714 ultimo
1385 3649 1668 3723 llistorizc;
1721 3680 1828 3717 cur-

235 3767 346 3805 sum
367 3755 505 3806 hora:
530 3750 715 3805 Tertia:
752 3752 1013 3820 appellat,
1045 3754 1220 3821 capite
1256 3753 1324 3807 96
1362 3753 1482 3807 libri
1530 3755 1598 3808 de
1645 3753 1824 3809 Gloria

235 3843 638 3898 Confessorum.
672 3844 1023 3910 Vesperaruin
1079 3860 1228 3904 vero,
1275 3861 1407 3912 quas
1439 3846 1681 3900 nonimlli
1712 3851 1828 3915 ejus

236 3935 332 3988 avi
363 3945 608 3987 auctores
634 3933 1003 3986 Lucernarium
1035 3937 1432 4003 nuncupabant,
1483 3936 1728 3990 meminit
1773 3937 1825 3990 iii

235 4025 373 4080 libro
410 4024 477 4078 de
503 4025 768 4079 Miraculis
798 4027 966 4079 sancti
997 4025 1213 4090 .luliatti,
1246 4041 1363 4094 cap.
1410 4029 1499 4089 20,
1535 4027 1621 4080 uhi
1665 4028 1828 4082 histo-

237 4117 371 4170 riam
415 4129 801 4170 cominemorat
849 4116 982 4170 furis
1010 4119 1307 4184 cujusdam,
1342 4118 1429 4186 qui
1461 4127 1581 4185 post
1608 4119 1828 4188 gratiam

235 4212 572 4276 vespertinam
600 4207 916 4264 discedente
956 4211 1153 4278 pepulo
1197 4212 1248 4263 in
1301 4209 1516 4263 basilica
1549 4213 1824 4275 remansit,

237 4309 295 4352 ut
323 4300 576 4352 latitaret.
617 4298 742 4352 Non:
797 4299 1070 4353 adveniens
1110 4299 1220 4369 jam
1279 4303 1526 4352 mundum
1575 4301 1830 4370 operiebat

238 4391 476 4456 tenebris,
525 4405 645 4444 cum
681 4390 863 4445 clerici
889 4391 1058 4444 sancti
1090 4390 1230 4445 Petri
1262 4390 1557 4460 Burdigala:
1586 4408 1830 4447 accesse-

237 4491 361 4534 runt
389 4481 440 4534 in
472 4481 778 4546 ecclesiam,
825 4492 983 4550 atque
1035 4481 1188 4535 dictis
1236 4483 1551 4548 psalmorum
1591 4485 1829 4553 capitulis

1933 3297 2073 3350 nullo
2102 3295 2287 3363 capite,
2328 3305 2384 3349 ut
2426 3296 2586 3350 habet
2628 3293 2953 3350 Fortunatus
2982 3297 3033 3349 in
3061 3296 3177 3364 ejus
3211 3297 3345 3361 Vita,
3380 3300 3522 3352 reci-

1933 3389 2076 3444 tabat
2104 3389 2300 3442 etiamsi
2343 3391 2432 3442 nix
2459 3399 2548 3440 aut
2591 3388 2750 3441 imber
2791 3398 3013 3459 urgeret.
3047 3390 3235 3443 Gallus
3263 3405 3390 3444 vero
3419 3395 3522 3446 Ar-

1931 3498 2215 3538 vernorum
2238 3482 2524 3552 episcopus
2555 3482 2713 3536 morti
2745 3485 3025 3550 prosimus
3057 3483 3415 3553 interrogans,
3463 3495 3522 3538 ut

1930 3591 2057 3628 mox
2093 3575 2424 3638 dicebamus,
2457 3574 2723 3642 quodnam
2755 3573 2992 3628 officium
3024 3575 3076 3628 in
3106 3576 3329 3630 ecclesia
3359 3591 3522 3630 cane-

1931 3675 2105 3732 retur,
2134 3680 2257 3719 cum
2306 3679 2620 3732 reSponsom
2652 3673 2795 3718 esset
2837 3663 3206 3719 benedictioucs
3249 3681 3278 3718 a
3311 3666 3531 3721 clericis

1930 3762 2158 3824 absolvi,
2214 3760 2355 3814 idem
2408 3761 2521 3829 ipse
2569 3761 2812 3814 recitavit
2866 3761 3131 3826 oilieinm;
3171 3773 3224 3816 et
3273 3777 3530 3817 οοιιειιιιιι

1931 3865 2075 3907 malo
2102 3853 2398 3906 matutiuali
2427 3867 2586 3908 cursu
2628 3855 2909 3909 defunctus
2945 3864 3049 3909 est.
3090 3855 3204 3909 Non
3234 3856 3376 3910 enim
3410 3857 3522 3910 esi-

1930 3945 2221 3999 stimabant
2247 3946 2415 3999 sancti
2450 3945 2526 3999 illi
2559 3946 2658 3998 \‘iri
2709 3947 2908 4000 licitam
2937 3948 3016 3999 eis
3052 3962 3170 4000 esse
3197 3946 3358 4000 divini
3397 3949 3532 4000 olli-

1931 4038 1996 4090 cii
2021 4038 2391 4093 omissionem.
2437 4036 2593 4092 Certe
2619 4053 2740 4092 cum
2788 4039 3092 4103 l’oriiauns,
3143 4039 3295 4107 cujus
3347 4041 3525 4096 Vitatis

1935 4130 2093 4183 habet
2119 4130 2410 4198 Gregorius
2441 4132 2581 4184 inter
2615 4131 2759 4185 Vitas
2815 4134 3048 4196 l'atrum,
3111 4138 3228 4203 capi
3256 4151 3286 4190 e
3342 4137 3395 4203 5,
3450 4140 3523 4191 ab

1932 4223 2188 4289 eptimate
2214 4222 2442 4290 quodam
2474 4220 2524 4275 in
2553 4223 2672 4278 aula
2702 4223 3017 4278 Theoderici
3041 4228 3182 4296 regis
3212 4239 3520 4298 urgeretur,

1933 4324 1990 4368 ut
2019 4315 2306 4382 pauxillum
2339 4315 2446 4368 viui
2484 4315 2811 4384 degustaret.
2863 4317 2912 4370 id
2946 4318 3121 4372 renuit
3148 4320 3525 4376 sanctissimus

1930 4406 2115 4470 abbas,
2146 4421 2212 4460 eo
2243 4407 2598 4474 potissimum,
2624 4409 2764 4474 quod
2788 4409 3012 4462 necdum
3044 4408 3267 4463 Domino
3298 4413 3522 4466 debitam

1934 4499 2244 4567 psalmorum
2271 4499 2671 4553 decantationcm
2693 4501 3028 4555 exsolvisset.
3063 4503 3212 4556 Alias
3243 4518 3374 4557 vero
3403 4506 3530 4558 lao-

237 4581 600 4626 rccesserunt.
662 4573 736 4627 De
783 4573 901 4626 aliis
964 4575 1111 4627 horis
1165 4575 1305 4627 nulla
1352 4575 1632 4643 peculiaris
1683 4577 1820 4645 apud

1930 4593 2086 4644 datur
2119 4592 2397 4659 presbyter
2419 4590 2656 4659 quidam,
2685 4593 2773 4661 qui
2790 4594 2948 4662 juxta
2977 4597 3296 4647 sacerdotum
3328 4612 3526 4650 morem

239 4664 379 4717 hunc
419 4675 690 4718 auctorem
720 4666 954 4720 occurrit
995 4668 1217 4728 mentio,
1256 4666 1348 4721 sed
1393 4683 1580 4722 omnes
1625 4670 1820 4735 passim

235 4753 468 4821 generali
495 4769 674 4807 cursus
704 4755 860 4807 divini
883 4757 1099 4810 nomine
1124 4757 1548 4826 comprehendit.
1582 4760 1820 4814 Alternis

235 4855 412 4897 autem
441 4843 618 4896 choris
665 4844 716 4896 in
767 4845 989 4900 ecclesia
1035 4845 1199 4900 fuisse
1230 4849 1532 4916 persolutas
1567 4849 1819 4918 perhibet

237 4935 288 4988 in
314 4935 450 4988 libro
476 4934 544 4988 de
572 4935 755 4990 Gloria
783 4935 1186 5004 Confessorum,
1210 4938 1382 5007 capite
1409 4941 1500 4994 47.

307 5045 399 5100 59.
443 5045 680 5110 Plenam,
708 5049 777 5101 uti
813 5051 1078 5118 ceajicere
1104 5051 1249 5116 licet,
1283 5064 1336 5106 et
1364 5053 1622 5123 integram
1654 5054 1821 5110 habe-

237 5151 418 5192 remus
457 5151 643 5191 cursus
675 5139 921 5194 Ecclesiai
948 5131 1232 5195 Gallicana:
1253 5144 1517 5211 uetitiam,
1550 5146 1594 5197 si
1621 5146 1687 5199 ad
1721 5162 1822 5199 nos

240 5242 410 5298 usque
438 5231 764 5295 pervenisset
805 5239 1082 5296 tractatus,
1112 5247 1268 5300 quem
1315 5232 1384 5288 de
1413 5250 1477 5288 eo
1505 5249 1821 5304 argumento

239 5322 532 5388 scripserat
557 5331 736 5376 noster
773 5322 1085 5391 Gregorius.
1135 5323 1336 5378 Auctor
1378 5335 1461 5381 est
1502 5326 1819 5386 Walalridus

241 5409 455 5477 Strabo,
479 5411 546 5466 de
590 5411 769 5467 Rebus
809 5415 1207 5480 ecclesiasticis,
1252 5415 1425 5486 capite
1473 5417 1567 5482 ‘25,
1595 5421 1819 5488 psalmos

239 5504 516 5556 secundum
538 5507 965 5573 emendationem,
1017 5525 1170 5577 quam
1204 5507 1547 5578 Hieronymus
1573 5523 1714 5580 pater
1756 5515 1819 5568 de

241 5594 383 5648 LXX
426 5596 646 5650 editione
690 5601 995 5668 composuit,
1033 5616 1065 5652 a
1105 5598 1348 5669 Gregorio
1395 5601 1680 5658 Tursnensi
1708 5607 1818 5673 epi-

237 5703 395 5752 scopo
416 5704 444 5740 e
465 5689 692 5757 partibus
717 5689 961 5746 Romanis
989 5703 1297 5761 mutuatum,
1324 5694 1374 5746 iu
1399 5693 1688 5748 Galliarum
1723 5695 1821 5750 Ec-

236 5779 419 5833 clesias
462 5781 700 5835 invectas
740 5780 922 5837 fuisse.
972 5783 1037 5838 At
1065 5785 1203 5852 quod
1251 5785 1318 5838 ah
1349 5788 1508 5841 unico
1559 5786 1821 5842 Strabone

1929 4699 2082 4738 noete
2121 4704 2150 4738 a
2181 4699 2279 4738 suo
2333 4697 2500 4739 strato
2551 4699 2884 4755 consurgens
2932 4689 3228 4743 orationem
3265 4691 3521 4750 faciebat.

1931 4775 2187 4844 Denique,
2213 4793 2315 4828 non
2344 4777 2486 4829 enim
2516 4776 2694 4830 omnia
2727 4779 2778 4831 in
2812 4780 2948 4834 hanc
2971 4795 3082 4834 rem
3111 4780 3357 4851 Gregorii
3392 4786 3506 4841 loca

1927 4872 2166 4935 proferre
2195 4877 2368 4931 vacat,
2411 4867 2658 4923 Salonius
2697 4879 2752 4923 et
2790 4869 3112 4939 Sagittarius
3145 4876 3407 4945 episcopi,
3444 4881 3522 4931 ob

1928 4975 2016 5014 sua
2047 4961 2248 5015 scelera
2283 4960 2491 5026 famosi,
2517 4962 2750 5030 graviter
2770 4978 2797 5014 a
2822 4963 3079 5031 Gregorio
3110 4969 3520 5035 reprehendun—

1930 5062 2015 5105 tur
2048 5053 2117 5106 lib
2147 5068 2181 5107 ο
2218 5068 2270 5115 ν,
2302 5052 2476 5121 capite
2513 5053 2604 5117 '21,
2649 5053 2790 5122 quod
2822 5055 2963 5110 nulla
3006 5073 3224 5124 prorsus
3249 5061 3386 5128 apud
3420 5077 3521 5116 eos

1927 5147 1993 5199 de
2026 5147 2133 5198 Deo
2162 5146 2364 5199 mentio
2405 5156 2568 5212 esset,
2619 5148 2894 5218 nulfusque
2931 5152 3138 5204 omnino
3185 5169 3365 5208 cursus
3415 5172 3515 5210 meo

1929 5238 2102 5289 moria:
2139 5235 2430 5290 traheretur.
2464 5237 2588 5290 [hec
2616 5239 2683 5293 de
2709 5239 3029 5296 clericorum
3073 5243 3514 5314 obligationibus.

1928 5333 1993 5383 At
2026 5329 2163 5393 laici,
2193 5331 2436 5398 quamvis
2485 5331 2746 5400 ejusmodi
2795 5350 2962 5389 onere
3015 5339 3248 5407 exempti
3304 5351 3514 5409 essent,

1928 5420 2119 5474 officiis
2150 5427 2325 5478 "tamen
2355 5422 2568 5491 divinis,
2611 5434 2666 5479 et
2706 5427 3038 5493 potissimum
3070 5433 3343 5488 nocturnis
3381 5435 3518 5505 vigi-

1930 5515 2013 5569 liis
2065 5515 2308 5580 aderant,
2359 5517 2547 5571 diebus
2602 5518 2790 5572 saltem
2852 5521 3132 5578 dominicis
3178 5535 3233 5580 et
3286 5529 3512 5586 festivis.

1934 5605 2082 5660 Unde
2113 5607 2165 5661 in
2192 5607 2331 5662 libro
2359 5608 2426 5662 de
2481 5610 2650 5663 sancti
2692 5609 2884 5665 Juliani
2934 5613 3218 5671 virtutibus
3261 5618 3510 5675 Fedamia

1930 5698 2264 5768 objurgatur,
2287 5699 2427 5768 quod
2450 5703 2659 5754 c:eteris
2681 5705 2916 5758 excubias
2939 5716 3218 5761 nocturnas
3244 5711 3517 5768 celebran-

1934 5791 2093 5857 tibus,
2128 5792 2237 5858 ipsa
2269 5791 2379 5845 sola
2427 5805 2617 5844 somno
2646 5792 2824 5848 dedita
2874 5797 3014 5850 lecto
3054 5797 3421 5858 deminueret.
3457 5803 3519 5859 lu
