4086 6328
523 336 594 394 39
1980 327 2376 386 PREFATIO.

3735 329 3819 386 ω

522 449 789 521 ejusmodi
819 457 997 502 autem
1045 446 1323 502 solemniis
1350 444 1594 500 convivia
1645 423 1970 513 parabantur
1995 446 2105 500 cle-
2137 449 2187 508 Α
2213 443 2441 511 ctiones,
2476 446 2527 499 in
2570 444 2823 501 natalitiis
2866 454 3042 499 autent
3096 452 3409 499 sanctorum
3453 445 3571 501 dua:
3602 426 3815 502 solum-

524 542 675 606 rieis,
702 547 759 595 et
785 539 1107 608 pauperibus
1164 540 1215 591 in
1271 537 1554 591 matricula
1596 551 1691 591 seu
1725 537 1967 603 catalogo
2014 536 2108 591 de-

526 634 760 700 scriptis,
786 633 950 685 immo
980 641 1034 685 et
1062 632 1346 700 aliquando
1384 632 1515 685 viris
1546 630 1863 694 illuStribus,
1891 630 2108 699 potissi-

528 740 671 777 mum
704 722 755 775 in
789 722 1077 792 majoribus
1132 723 1403 786 Ecclesiis,
1459 723 1514 775 in
1565 722 1756 791 quibus
1807 721 2113 776 celebrabat

524 818 828 883 episcopus,
858 830 976 883 qua:
1002 815 1239 868 convivia
1277 815 1329 867 in
1355 816 1508 867 domo
1536 816 1760 868 ecclestte
1782 813 1923 868 facta
1948 815 2112 867 fuisse

528 922 633 961 nun
665 907 826 961 semel
859 906 1145 974 Gregorius
1187 916 1432 960 testatur.

570 1016 571 1019 η
598 999 687 1050 41.
732 996 879 1049 Hand
911 997 1085 1050 minus
1117 996 1260 1049 utilis
1290 1004 1373 1049 est
1395 995 1687 1063 Gregorius
1721 1004 1902 1049 noster
1934 995 1985 1049 in
2018 996 2113 1050 de-

528 1088 907 1158 prehendendo
938 1088 1162 1156 Iiturgite
1186 1088 1471 1142 Gallicana:
1506 1087 1631 1152 ritu,
1669 1104 1827 1155 quam
1862 1087 1915 1142 in
1940 1104 2115 1157 expoo

532 1183 923 1237 nendiscursus
961 1184 1124 1237 divini
1179 1183 1439 1251 partibus.
1501 1172 1840 1253 Deperditum
1894 1183 2114 1252 quidem

530 1287 634 1326 non
669 1288 950 1341 possumus
980 1291 1081 1327 non
1111 1274 1292 1327 dolere
1328 1274 1517 1328 librmn
1561 1275 1712 1329 illum
1759 1275 1827 1330 de
1860 1275 2039 1329 Missis
2086 1289 2117 1328 a

529 1374 717 1417 sancto
749 1347 1041 1433 Apollinari
1072 1364 1292 1419 Sidonio
1331 1367 1663 1431 cmupositis,
1720 1368 1802 1420 cui
1851 1366 2120 1434 prtct'atio-

529 1472 651 1510 nem
705 1457 1021 1523 adiunxerat
1050 1467 1228 1511 noster
1257 1456 1567 1526 Gregorius,
1602 1466 1657 1510 ut
1687 1458 1798 1525 ipse
1834 1465 2119 1510 attestatur

531 1548 669 1602 libro
715 1563 751 1600 ιι
785 1547 1049 1609 llistorim,
1081 1550 1256 1616 capite
1274 1548 1366 1612 '22,
1392 1565 1508 1600 cum
1539 1549 1739 1601 exinde
1772 1559 1934 1600 totam
1961 1549 2116 1601 litur-

530 1641 629 1709 εἰει
660 1651 859 1694 nostra:
882 1643 1074 1693 seriem
1105 1640 1500 1694 didicissemus.
1529 1642 1603 1693 Ex
1635 1642 1735 1694 hoc
1763 1651 1938 1695 autem
1971 1639 2109 1694 Gre-

515 1730 665 1799 gorii
698 1733 813 1783 loco
845 1730 1103 1785 refutatur
1131 1747 1315 1786 eorum
1347 1733 1632 1797 sententia,
1666 1732 1755 1799 qui
1782 1730 2112 1785 Gallicanam

2213 537 2372 590 modo
2400 537 2718 600 referuntur,
2768 539 2906 604 quod
2938 538 3165 599 scilicet,
3218 548 3276 590 ut
3311 538 3528 607 quidem
3583 537 3820 609 conjici—

2214 643 2363 700 mus,
2390 630 2507 684 loco
2540 632 2724 698 prima:
2766 629 3007 683 lectionis
3036 628 3301 696 ejusmodi
3334 639 3637 683 sanctorum
3690 632 3822 685 vitae

2213 741 2276 779 ex
2307 728 2412 777 alio
2443 722 2628 775 codice
2660 721 2981 788 legerentur.
3033 718 3174 771 Idem
3225 719 3391 772 innuit
3444 721 3559 788 ipse
3609 720 3822 789 Grego-

2216 818 2328 869 rius
2358 815 2410 867 iit
2438 813 2610 882 capite
2639 810 2706 865 8'3
2740 809 2859 864 libri
2893 809 2957 862 de
2986 808 3168 861 Gloria
3218 809 3533 879 Martyrum,
3587 812 3674 864 ubi
3719 812 3823 863 lia-

2217 910 2343 962 bet:
2380 905 2532 960 Lecta
2572 904 2830 974 passione,
2865 902 3035 955 sancti
3072 900 3375 972 I’olycarpi,
3419 902 3571 969 enjus
3614 902 3822 957 festum

2216 998 2586 1063 celebrabatur,
2612 1014 2728 1049 cum
2765 995 2973 1064 reliquis
3004 995 3329 1061 lectionibus,
3358 1011 3483 1063 quas
3522 1012 3685 1049 canon
3726 1013 3822 1049 sa-

2215 1091 2488 1143 cerdotalis
2538 1089 2745 1149 invexit,
2778 1097 2975 1155 tempus
3020 1083 3089 1137 ad
3137 1086 3453 1153 sacri/icium
3498 1086 3824 1154 offerendum

2218 1180 2443 1233 advenit.
2489 1177 2762 1247 Ejusmodi
2793 1186 3101 1231 sanctorum
3128 1178 3260 1232 Acta
3308 1192 3337 1230 a
3371 1177 3561 1231 lectore
3591 1181 3822 1233 recitata

2218 1274 2387 1327 fuisse
2428 1279 2654 1325 testatur
2683 1270 2972 1337 Gregorius
3020 1269 3158 1322 libro
3184 1284 3219 1321 ti
3248 1269 3317 1322 de
3347 1267 3620 1324 Miraculis
3649 1270 3826 1327 sancti

2220 1364 2430 1419 Martini
2462 1378 2581 1432 cap.
2615 1363 2702 1427 49,
2738 1377 2844 1430 quo
2879 1362 3094 1415 nomine
3124 1362 3378 1415 clericum
3409 1364 3474 1413 ad
3519 1362 3568 1414 id
3609 1363 3828 1430 specia-

2221 1456 2344 1510 liter
2374 1453 3123 1521 ordinatumintelligendum
3174 1468 3295 1507 esse
3344 1453 3568 1507 inliciari
3623 1455 3824 1518 nolim,

2219 1561 2519 1614 qumquam
2546 1555 2599 1599 et
2624 1544 2690 1597 ab
2719 1544 2834 1596 aliis
2876 1544 3087 1597 clericis
3132 1543 3427 1612 majoribus
3461 1544 3562 1613 legi
3611 1546 3828 1615 potuis-

2220 1648 2362 1693 sent.
2406 1637 2647 1691 Meminit
2694 1635 2835 1689 idem
2882 1635 3174 1704 Gregorius
3237 1635 3373 1689 libro
3430 1652 3545 1699 vm,
3596 1651 3719 1704 eap.
3766 1637 3825 1699 5,

2220 1726 2809 1799 psalmi-responsorii,
2860 1726 2952 1794 qui
3008 1742 3036 1778 a
3065 1725 3296 1779 diacOrio
3350 1726 3404 1779 in
3453 1726 3612 1780 Missa
3640 1742 3826 1782 coram

531 1823 797 1892 liturgiam
830 1840 892 1877 ex
922 1823 1259 1877 Mozarabutn
1303 1824 1407 1876 ritu
1454 1832 1746 1876 mutuatam
1796 1821 1963 1876 fuisse
1994 1821 2125 1875 scrl-
2158 1819 2204 1876 B
2234 1838 2358 1891 rege
2384 1831 2627 1875 cantatus
2660 1820 2851 1873 fuerat.
2881 1817 3033 1885 Quod
3076 1818 3216 1872 inter
3267 1817 3401 1873 duas
3444 1820 3705 1874 lectiones
3749 1820 3828 1873 la—

533 1918 767 1981 psernnt,
809 1919 947 1980 quod
983 1922 1124 1981 patet
1166 1929 1228 1966 ex
1261 1913 1378 1965 aliis
1429 1914 1623 1981 paSsim
1675 1910 1919 1980 Gregorii
1976 1912 2127 1965 testi—

534 2006 753 2071 moniis,
783 2006 973 2074 quibus
1003 2017 1208 2058 certum
1248 2018 1329 2058 ρει
1376 2005 1539 2057 multo
1584 2012 1707 2057 ante
1747 2016 1989 2057 sanctum
2033 2003 2128 2057 lsi-

534 2101 720 2152 dorum
757 2098 1121 2167 llispalenscm
1152 2100 1486 2167 episeopum,
1533 2113 1689 2166 quem
1743 2097 1919 2151 ferunt
1954 2098 2127 2152 Moza-

535 2190 704 2243 rabici
746 2191 880 2243 ritus
918 2204 1215 2254 auctorem,
1265 2189 1593 2244 Gallicanam
1614 2192 1883 2259 liturgiam
1914 2190 2129 2242 ordina-

536 2293 640 2336 tam
674 2282 857 2336 fuisse.
890 2284 1129 2336 Sulliciat
1182 2284 1267 2336 liic
1320 2298 1482 2335 unmn
1537 2297 1801 2351 promere,
1861 2298 1927 2336 ex
1983 2282 2120 2336 libro

538 2374 742 2428 scilicet
796 2376 863 2427 de
895 2373 1029 2427 Vitis
1062 2373 1300 2438 Patrum,
1349 2374 1522 2441 capite
1566 2372 1649 2439 l7,
1700 2372 1785 2426 ubi
1815 2372 2125 2441 Gregorius,

540 2466 764 2531 loquens
792 2464 859 2516 de
887 2464 1204 2517 lectionibus
1227 2479 1344 2531 qua:
1376 2465 1512 2516 inter
1539 2463 1815 2517 Missurum
1843 2463 2126 2529 solemnia,

544 2566 812 2623 praesente
845 2554 1227 2609 Tlieodeberto
1277 2570 1426 2624 rege,
1478 2558 1717 2609 recitane
1767 2556 2000 2621 fuerant,
2054 2556 2132 2610 sic

542 2649 701 2699 liabet
732 2663 745 2696 :
789 2645 951 2699 Lectis
973 2646 1292 2710 lectionibus,
1319 2664 1443 2715 quas
1481 2664 1645 2700 canon
1671 2649 1839 2700 sanxit
1865 2648 2126 2715 antiquus.

545 2738 803 2807 Antiquos
832 2748 1007 2806 itaque
1032 2741 1141 2806 jam
1172 2748 1297 2792 tunc
1320 2748 1434 2793 erat
1461 2740 1547 2793 ille
1578 2740 1710 2795 ritus
1731 2740 1918 2794 Missas
1939 2740 1993 2795 iit
2026 2742 2129 2796 Ec-

544 2829 704 2882 clesia
736 2829 1007 2883 Gallicana
1033 2830 1362 2894 celebrandi,
1412 2842 1698 2899 antequam
1752 2832 1987 2885 lsidorus
2039 2831 2132 2885 lli-

543 2922 843 2990 spalensem
869 2921 1115 2974 thronum
1143 2922 1367 2975 subiret.
1397 2923 1464 2975 Et
1487 2927 1597 2975 tunc
1618 2923 1719 2976 fuit
1747 2932 2001 2975 constans
2032 2937 2131 2991 pa-

545 3026 686 3067 trum
731 3025 1032 3067 nostiorum
1066 3015 1298 3078 traditio,
1332 3030 1491 3083 quam
1535 3016 1730 3067 saeculo
1760 3029 1902 3068 nono
1932 3014 2132 3067 conﬁr-

549 3114 717 3161 numt
750 3107 1049 3168 llilduinus,
1084 3107 1249 3161 abbas
1277 3104 1456 3159 Sancti
1511 3106 1770 3176 Dionysii,
1800 3106 1866 3159 ad
1898 3105 2136 3160 Ludovi-

2229 1922 2372 1968 ctum
2402 1911 2567 1967 fuisse
2596 1927 2699 1965 non
2729 1911 3057 1975 dubitamus,
3098 1926 3164 1965 eo
3218 1920 3458 1981 tempore
3506 1928 3613 1981 quo
3662 1912 3829 1972 hodie

2228 2007 2483 2077 graduale
2516 2006 2726 2058 concini
2757 2005 2914 2057 solet.
2963 2003 3057 2057 His
3091 2004 3342 2070 peractis,
3373 2003 3629 2058 diaconus
3656 2004 3829 2059 lectu-

2231 2113 2322 2151 rus
2364 2096 2714 2163 Evangelium
2746 2095 3058 2149 Solemniter
3088 2094 3430 2163 procedebat,
3469 2096 3545 2149 uti
3598 2095 3829 2151 refertur

2236 2188 2370 2240 libro
2394 2201 2488 2239 vttt
2514 2227 2529 2250 ,
2557 2188 2732 2253 capite
2756 2188 2808 2251 4,
2837 2196 2999 2254 atque
3026 2187 3076 2239 ei
3110 2185 3379 2254 Evangelii
3412 2185 3695 2240 lectionem
3718 2205 3818 2241 an-

2232 2278 2517 2344 nuntianti,
2552 2276 2699 2345 plebs
2724 2278 2898 2330 omnis
2926 2277 3150 2346 gloriam
3188 2276 3296 2331 Deo
3322 2277 3563 2331 rel’ereus
3593 2293 3823 2347 respon-

2232 2371 2413 2434 debat,
2444 2371 2633 2424 iisdem
2684 2370 2911 2424 fortasse
2944 2372 3146 2435 verbis,
3191 2371 3384 2439 quibus
3429 2370 3697 2441 hodieque
3726 2372 3830 2426 uti-

2234 2480 2372 2519 mur.
2400 2463 2530 2517 Nam
2561 2462 2927 2518 Guntramnus
2956 2463 3095 2531 apud
3125 2464 3439 2530 Gregorium
3468 2464 3584 2516 loco
3608 2462 3831 2518 laudato

2234 2564 2437 2617 narrat,
2466 2556 2711 2611 eamdem
2754 2556 2922 2611 luisse
2955 2556 3133 2624 populi
3166 2556 3569 2622 responsionem
3600 2557 3831 2611 diacono

2234 2650 2600 2717 evangelicam
2646 2648 2932 2703 lectionem
2978 2646 3359 2717 pronuntianti,
3390 2662 3450 2700 ac
3486 2647 3692 2700 homini
3739 2650 3832 2717 qui

2233 2742 2503 2811 Sigiberto
2556 2744 2666 2811 regi
2718 2753 2897 2795 natum
2930 2742 2977 2795 ei
3022 2742 3186 2794 luisse
3244 2740 3407 2792 liliutn
3464 2744 3829 2795 nuntiaverat.

2239 2832 2388 2888 Unde
2419 2834 2613 2903 factum
2646 2842 2739 2896 est,
2772 2832 2960 2899 inquit,
2991 2840 3044 2883 ut
3083 2822 3245 2883 omnis
3273 2829 3493 2901 populus
3535 2832 3587 2882 in
3620 2844 3836 2899 utraque

2238 2922 2631 2979 annuntiatione
2657 2925 2996 2994 proclamaret
3026 2934 3217 2993 pariter
3248 2939 3282 2993 :c
3306 2922 3484 2976 Gloria
3527 2922 3639 2978 Deo
3669 2925 3835 2978 omni-

2237 3017 2448 3087 potenti.

2310 3107 2401 3161 45.
2443 3107 2717 3163 Absolutis
2744 3106 3083 3173 lectionibus,
3121 3107 3378 3161 diaconus
3428 3108 3623 3174 populo
3668 3105 3837 3161 silen-

550 3213 674 3251 cum
727 3198 878 3250 Pium
912 3198 1175 3259 scribens,
1224 3200 1311 3265 qui
1357 3197 1675 3265 peculiarem
1705 3196 1881 3250 Missa:
1907 3198 2139 3250 ordinem
2166 3195 2212 3256 C
2249 3203 2377 3257 tium
2404 3204 2694 3268 indicebat,
2736 3215 2791 3256 ut
2817 3202 2993 3257 Missa:
3021 3219 3179 3255 auscu
3205 3211 3454 3265 terentur,
3485 3216 3549 3255 et
3581 3201 3830 3272 Gregorii

549 3304 689 3340 more
718 3287 915 3339 Gallico
961 3292 1021 3339 ab
1066 3288 1209 3339 initio
1256 3299 1470 3355 recepta.-
1501 3288 1622 3355 ﬁdei
1647 3288 1699 3340 in
1732 3286 1813 3340 Itis
1843 3285 2132 3341 Galliarum

549 3377 791 3447 partibus
821 3377 1118 3431 adhibitum
1164 3380 1328 3431 luisse
1372 3380 1586 3433 asserit.
1618 3380 1798 3445 Qualis
1825 3394 1953 3433 vero
1976 3380 2137 3433 luerit

551 3470 641 3523 ille
660 3470 815 3531 ordo,
842 3468 1143 3536 intelligere
1174 3466 1298 3521 licet
1326 3482 1391 3522 ex
1424 3456 1667 3537 antiquis
1701 3468 1932 3538 liturgiis
1961 3484 1990 3521 ιι
2024 3468 2134 3523 γν.

553 3559 635 3613 ιιι.
682 3557 916 3626 Joseplio
945 3558 1215 3610 'l‘botnaso
1248 3559 1561 3626 presbytero
1589 3559 1839 3628 regulari,
1875 3570 1930 3613 et
1956 3568 2140 3614 nostro

554 3650 860 3704 Mabillonio
899 3648 1079 3711 editis,
1128 3663 1259 3717 quas
1305 3663 1369 3703 ex
1420 3650 1663 3716 plurimis
1694 3650 1939 3720 Gregorii
1971 3653 2141 3706 nostri

555 3743 899 3806 testimoniis,
933 3742 1159 3810 aliisque
1194 3746 1466 3797 veteribus
1496 3747 1879 3811 monumentis,
1926 3755 1980 3799 et
2009 3746 2144 3797 invi-

556 3838 653 3889 ctis
677 3835 1028 3901 argumentis,
1064 3848 1191 3887 vere
1230 3834 1535 3888 Gallicauas
1580 3835 1742 3889 luiSse
1769 3835 2147 3904 deprehende-

555 3930 986 3993 ιιιηι.ριιωιιςιιιι
1042 3938 1221 3981 autem
1280 3926 1477 3981 fuerint
1539 3928 1768 3998 liturgia:
1828 3938 2025 3997 partes,
2058 3938 2148 3983 aut

562 4021 685 4090 quis
708 4037 827 4073 eam
880 4020 1189 4075 celebrandi
1236 4022 1392 4086 ritus,
1426 4036 1490 4074 ex
1534 4020 1775 4090 Gregorii
1814 4021 2027 4089 scriptis
2055 4036 2151 4075 ex-

561 4114 899 4181 pendendutn
927 4122 1032 4166 est.
1725 4125 1729 4129 '

628 4201 715 4254 4:1.
759 4204 894 4256 .Tres
920 4204 1177 4256 lectioiies
1221 4219 1285 4256 ex
1322 4205 1482 4258 variis
1526 4220 1692 4258 sacrae
1739 4204 2033 4274 Scriptum
2084 4205 2153 4259 li-

560 4292 672 4346 bris
696 4295 848 4346 initio
877 4294 1054 4347 Missa:
1085 4294 1251 4347 lectas
1310 4294 1474 4347 fuisse
1513 4294 1772 4347 discimus
1815 4297 2150 4363 potissimum

559 4402 626 4441 ex
659 4388 794 4439 libro
842 4401 886 4437 tv
944 4385 1211 4449 Historia-,
1257 4387 1433 4452 capite
1486 4385 1572 4449 ili,
1618 4400 1847 4452 quarum
1898 4384 2043 4454 prior
2086 4401 2155 4441 ex

567 4476 875 4545 Proplietis,
912 4475 1080 4529 altera
1127 4491 1190 4528 ex
1225 4473 1503 4527 canonicis
1549 4475 1823 4543 Epistolis,
1852 4488 1913 4528 ac
1943 4478 2155 4530 demum

2239 3298 2378 3354 libro
2408 3312 2507 3363 vti,
2545 3297 2720 3365 capite
2764 3295 2817 3362 8,
2879 3308 3095 3365 tumque
3143 3296 3423 3350 celebrans
3471 3295 3538 3349 de
3584 3294 3839 3363 praesenti

2242 3391 2580 3443 solemnitate
2606 3398 2843 3443 astantes
2875 3389 3018 3442 brevi
3047 3388 3348 3454 erudiebat,
3379 3398 3539 3456 atque
3581 3386 3682 3439 ltac
3716 3403 3837 3441 tno-

2246 3482 2450 3533 nitione
2481 3478 2614 3534 laeta
2656 3478 3014 3547 subjungebat
3058 3479 3355 3531 orationem
3405 3492 3500 3531 seu
3532 3476 3836 3542 tollectam,

2246 3587 2365 3641 qua:
2396 3572 2559 3639 volgo
2592 3570 2755 3623 Missa
2809 3571 2863 3623 in
2891 3570 3057 3624 veteri
3114 3568 3529 3624 sacramentario
3588 3568 3840 3625 Bobiensi

2247 3663 2566 3732 appellatur.
2614 3664 2780 3733 llujus
2826 3677 2987 3733 porro
3026 3664 3306 3715 occasione
3354 3661 3551 3715 silentii
3598 3670 3839 3730 accepta,

2249 3769 2304 3808 ut
2328 3754 2525 3808 ibdem
2552 3753 2839 3823 Gregorius
2865 3764 3065 3818 narrat,
3091 3753 3453 3807 Guntramnus
3478 3768 3568 3806 rex
3597 3761 3839 3809 amantes

2249 3846 2529 3915 aliquando
2551 3857 2881 3902 contestatus
2903 3857 3004 3911 est,
3039 3864 3105 3901 ne
3126 3861 3155 3899 a
3184 3861 3474 3917 quoquam,
3501 3856 3554 3899 ut
3586 3845 3841 3901 liatrtbus

2251 3938 2362 3991 suis
2410 3943 2728 4010 contigerat,
2777 3939 3199 4004 inter-liceretur;
3234 3948 3282 3991 et
3315 3938 3495 3990 statim
3537 3939 3715 3992 omnis
3746 3954 3842 4008 po-

2255 4028 2408 4098 pulus
2434 4045 2529 4099 pro
2550 4031 2692 4102 regis
2720 4029 3088 4085 incolumitate
3133 4029 3200 4082 ad
3232 4028 3514 4082 Dominum
3561 4032 3842 4105 orationem

2257 4121 2413 4189 fudit.

2326 4215 2418 4269 44.
2460 4214 2587 4268 l’ost
2614 4214 2874 4271 lectiones
2903 4232 3016 4268 cum
3060 4215 3300 4283 sacriﬁcii
3349 4214 3620 4281 o/ferendi,
3673 4213 3842 4284 inquit

2259 4306 2550 4376 Gregorius
2584 4309 2766 4363 libr01
2809 4308 2876 4362 de
2922 4306 3103 4362 Gloria
3156 4307 3472 4379 Martyrum,
3530 4307 3705 4375 capite
3753 4305 3840 4370 86,

2262 4412 2454 4471 tempus
2485 4404 2789 4469 advenisset,
2841 4403 3086 4455 diaconus
3133 4401 3316 4453 turrim
3369 4402 3422 4453 in
3467 4417 3567 4470 qua
3620 4401 3844 4469 corporis

2264 4495 2511 4549 dominici
2546 4499 2834 4567 mysterium
2867 4495 3239 4561 continebatur,
3269 4495 3461 4560 attulit,
3486 4510 3551 4547 ex
3580 4493 3839 4555 sacrario,

563 4567 720 4621 tertia
747 4583 811 4620 es
846 4566 1133 4636 Evangelia
1164 4568 1272 4632 peti
1321 4565 1589 4619 solebant.
1643 4566 1985 4634 Pi0plietiam
2016 4567 2155 4635 ipse-
2184 4576 2236 4635 Ι)
2264 4590 2335 4642 mi
2369 4589 2497 4643 mihi
2527 4565 2755 4643 videtur.
2790 4589 3001 4643 omam,
3034 4590 3185 4655 panis
3234 4594 3288 4640 ει
3318 4586 3426 4639 vi",
3475 4585 3635 4637 uel,“
3681 4599 3710 4637 ς,
3755 4596 3845 4651 ρο.

563 4669 674 4712 met
703 4658 973 4713 Palladius
1016 4660 1299 4726 cpiscOpus
1347 4658 1628 4710 celebrans
1674 4657 1903 4724 legebat,
1951 4673 2071 4711 cum
2125 4675 2153 4711 a

565 4749 898 4803 Guntratuno
950 4764 1098 4817 rege,
1153 4748 1244 4815 qui
1302 4762 1538 4815 pra-scus
1583 4747 1789 4815 aderat,
1843 4749 2038 4803 vetitus
2076 4758 2159 4804 est

580 4839 794 4895 Missam
852 4839 1078 4893 ulterius
1131 4835 1403 4906 prosequi.
1453 4837 1739 4906 Martyrum
1798 4839 2074 4908 passiones
2103 4848 2159 4895 et

570 4932 953 4988 Conlessorum
979 4940 1118 4985 Vitas
1140 4932 1462 4999 quandoque
1489 4931 1626 4984 inter
1657 4931 1935 4986 Missarum
1959 4933 2156 4987 solem-

570 5028 857 5082 nialectas
902 5026 1066 5079 fuisse
1133 5039 1241 5077 non
1293 5026 1460 5079 semel
1526 5026 1697 5079 innuit
1742 5025 2052 5096 Gregorius,
2105 5039 2159 5084 at

571 5135 832 5188 nusquam
869 5118 1001 5172 satis
1029 5118 1233 5170 diserte
1261 5117 1515 5184 exprimit
1543 5132 1650 5186 quo
1683 5129 1921 5187 tempore
1945 5122 2043 5174 iSta
2076 5120 2157 5176 le-

572 5212 679 5279 ctio
706 5213 876 5263 tlcret.
911 5209 1056 5260 lianc
1081 5218 1255 5261 tamen
1310 5211 1494 5275 prima:
1540 5210 1782 5264 lectionis
1823 5212 1940 5265 loco
1968 5213 2161 5267 iactam

572 5301 740 5374 fuisse
766 5299 1068 5366 colligimus
1094 5315 1158 5352 ex
1184 5298 1497 5354 lectionario
1522 5302 1795 5357 Gallicana
1820 5304 2164 5372 Luxoviensi,

572 5392 714 5463 quod
746 5408 774 5443 a
807 5392 1112 5445 Mabiltuttio
1139 5395 1336 5447 editum
1368 5405 1470 5458 est,
1497 5396 1582 5450 ubi
1611 5397 1662 5448 in
1694 5395 1829 5451 festo
1854 5409 2162 5453 sanctorum

575 5488 718 5542 Petri
745 5496 800 5541 et
832 5488 976 5540 Pauli
1004 5528 1019 5550 ,
1068 5490 1259 5542 ()llllSSd
1294 5494 1568 5558 preplietia
1591 5534 1605 5557 ,
1652 5493 2014 5560 apostolorum
2047 5508 2167 5560 pas-

574 5583 656 5634 sio
681 5581 900 5649 legeuda
916 5584 1251 5651 preponitur.
1272 5584 1323 5636 ld
1338 5592 1521 5650 aperte
1551 5595 1693 5652 patet
1718 5602 1781 5637 ex
1802 5596 2166 5640 sacramenta-

577 5677 660 5729 rio
690 5675 958 5743 Bobiensi,
987 5678 1055 5733 ab
1103 5679 1295 5733 eodem
1351 5678 1673 5743 Mabillonio,
1734 5690 1878 5733 tomo
1934 5678 1952 5732 Ι
2000 5678 2167 5733 Musei

580 5766 745 5824 Italici
774 5768 940 5839 edito,
967 5771 1055 5825 ubi
1078 5771 1129 5825 in
1161 5769 1339 5826 Missis
1365 5768 1433 5824 de
1456 5779 1695 5839 tempore
1727 5781 1835 5827 tres
1858 5770 2055 5841 ubique
2088 5770 2166 5828 le-

2264 4684 2425 4753 pulo;
2458 4700 2667 4737 munera
2691 4698 2816 4737 vero
2848 4693 2965 4752 post
3006 4681 3328 4735 oblationem
3374 4694 3533 4747 super
3557 4681 3725 4730 altare
3755 4677 3844 4729 de-

2261 4778 2457 4846 posita,
2492 4777 2628 4845 palla
2661 4791 2756 4829 seu
2781 4777 2941 4844 pallio
2970 4774 3307 4843 tegebantur,
3337 4772 3481 4838 quod
3513 4771 3583 4823 ita
3612 4766 3846 4836 amplum

2261 4886 2380 4925 esse
2403 4871 2650 4933 debebat,
2680 4878 2738 4923 ut
2763 4868 3009 4920 altarium
3035 4866 3193 4920 simul
3236 4872 3290 4918 et
3325 4862 3627 4919 oblationes
3655 4868 3842 4912 conte.

2263 4978 2391 5030 gere
2422 4972 2624 5029 posset.
2659 4959 2891 5013 Pallium
2914 4959 3129 5011 sericum
3179 4957 3415 5026 appellat
3442 4949 3732 5024 Gregorius
3786 4949 3847 5003 li-

2266 5055 2363 5109 bro
2388 5070 2480 5118 vn,
2512 5055 2687 5120 capite
2717 5050 2819 5118 22;
2871 5046 3262 5119 coopertorium
3314 5062 3442 5101 vero
3491 5041 3845 5099 Sarmaticum

2269 5148 2320 5201 in
2354 5146 2470 5199 Vita
2502 5146 2670 5199 sancti
2725 5143 2910 5197 Nicetii
2968 5139 3337 5210 Lugdunensis
3384 5139 3450 5193 ad
3501 5137 3552 5192 id
3608 5136 3847 5189 oblatum

2272 5240 2431 5292 fuisse
2456 5237 2652 5291 dicitur
2684 5244 2698 5291 :
2741 5239 2833 5290 sed
2868 5236 2993 5288 illud
3043 5234 3204 5300 recipi
3236 5232 3400 5287 vetuit
3448 5238 3668 5285 sanctus
3710 5227 3851 5287 anti-

2274 5343 2404 5399 stes,
2440 5332 2579 5401 quod
2615 5348 2719 5386 non
2745 5340 2889 5386 esset
2920 5327 3191 5381 sul’ticiens
3230 5326 3293 5377 ad
3335 5322 3748 5393 c00perieudum
3778 5324 3850 5376 al-

2280 5437 2391 5479 tare
2421 5427 2577 5479 simul
2610 5442 2729 5479 cum
2782 5422 3088 5475 muneribus
3126 5419 3326 5482 sacris;
3356 5430 3410 5471 et
3458 5420 3527 5469 ita
3565 5431 3767 5485 rarum,
3801 5425 3851 5471 ut

2271 5531 2334 5569 eo
2361 5533 2465 5571 non
2492 5517 2622 5569 satis
2655 5525 2920 5582 tegeretur
2946 5515 3173 5580 corporis
3223 5521 3269 5564 et
3314 5510 3583 5579 sanguinis
3613 5509 3850 5561 dominici

2271 5607 2587 5676 mysterium.
2624 5604 2897 5658 Diversmn
2923 5614 3096 5655 autem
3130 5607 3197 5656 ab
3226 5603 3304 5655 liis
3340 5603 3555 5671 pallium
3589 5612 3726 5663 erat,
3751 5612 3852 5669 quo

2270 5709 2421 5756 extra
2470 5699 2751 5751 Missarum
2800 5695 3056 5751 solemnia
3110 5698 3278 5751 altare
3329 5706 3639 5763 coopertum
3689 5694 3877 5771 fuisse

2272 5793 2527 5867 discimus
2556 5807 2621 5848 ex
2656 5792 2794 5847 libro
2821 5794 2890 5858 ιι,
2928 5791 3101 5860 capite
3145 5791 3229 5857 15,
3265 5789 3352 5844 ubi
3375 5788 3581 5843 Justina
3612 5790 3756 5853 palla
3781 5787 3837 5843 al-
