4086 6328
261 337 331 395 ιι
1714 336 2104 393 ῬΒᾹΣῈΛἹῚΟ.
3446 334 3517 391 ﬂ

260 450 393 505 turis
420 456 597 518 operta
640 454 995 510 memoratur,
1052 462 1116 501 co
1168 456 1407 513 tempore
1450 460 1554 514 quo
1596 446 1839 500 homines
1869 454 1914 510 Α
1946 446 2182 502 meminit
2210 448 2261 501 in
2300 447 2430 503 Vitis
2458 447 2691 514 Patrum,
2718 448 2893 518 capite
2926 447 3011 514 16,
3037 448 3126 504 ubi
3162 447 3325 503 etiam
3350 449 3520 505 refert

259 538 528 594 furibundi
546 579 560 602 ,
596 538 906 592 Pictavensc
929 538 1152 603 ingrcssi
1176 538 1577 601 monasterium,
1605 539 1841 594 abbatis-

260 644 375 685 sam
399 644 587 699 rapere
608 629 961 683 conabantur.
989 630 1155 682 l’orro
1179 627 1423 696 Gregorii
1457 628 1651 689 locum,
1684 643 1842 695 quem

262 735 383 775 mox
414 720 765 784 laudavimus,
790 720 946 788 paulo
974 720 1130 773 alter
1156 719 1413 772 exhibent
1441 717 1592 785 editi,
1629 718 1715 773 ubi
1747 733 1843 788 pro

262 811 580 882 mysterium,
624 823 730 863 vox
779 810 1117 863 ministerium
1175 809 1424 873 habetur,
1482 810 1629 877 quasi
1685 809 1737 863 in
1780 824 1843 863 ea

264 911 412 955 turre
438 915 557 969 qum
585 915 614 952 a
636 901 860 955 diacono
880 899 1059 955 all‘erri
1081 900 1306 964 solebat,
1339 898 1468 952 nihil
1518 899 1662 952 aliud
1716 901 1849 955 l‘uis-

263 1004 366 1057 sel,
395 1007 553 1061 quam
585 1006 711 1047 vasa
738 1000 796 1047 et
826 993 931 1046 alia
954 992 1020 1046 ad
1068 991 1442 1046 celebrandam
1492 991 1705 1045 Missam
1754 1008 1848 1045 ne-

264 1086 522 1139 cessaria.
554 1084 661 1137 Sed
694 1090 930 1137 nostram
963 1082 1248 1137 lectionem
1270 1082 1425 1137 alteri
1454 1082 1847 1151 praeferendam

264 1190 386 1232 esse
406 1174 617 1239 suadet,
649 1182 847 1241 praeter
865 1181 1174 1243 argumenta
1205 1188 1324 1242 qua:
1347 1173 1399 1227 in
1431 1174 1573 1229 netis
1604 1174 1672 1228 ad
1703 1174 1844 1228 hunc

264 1271 440 1325 locum
469 1270 813 1339 protulimus,
852 1270 1093 1330 omium
1122 1272 1342 1325 omnino
1364 1272 1849 1342 manuscriptorum

264 1361 513 1416 codicum
548 1360 864 1416 auctoritas.
896 1361 966 1416 Et
1011 1363 1227 1432 quidem
1264 1362 1539 1431 aptissima
1567 1348 1651 1420 est
1690 1366 1756 1419 ad
1788 1365 1853 1419 il-

267 1455 599 1507 lustrandum
647 1454 861 1509 concilii
914 1453 1068 1524 primi
1126 1456 1849 1526 Arausicanicanonen12‘2,

265 1546 353 1612 qui
385 1547 517 1599 adeo
575 1546 807 1600 virorum
851 1547 1184 1602 eruditorum
1233 1548 1445 1618 ingenia
1492 1551 1668 1604 torsit.
1716 1552 1849 1605 Cum

266 1638 411 1691 enim
442 1638 509 1692 ibi
558 1636 885 1707 praecipitur,
938 1655 1052 1692 cum
1080 1655 1235 1709 capsa
1276 1650 1323 1694 et
1352 1641 1565 1694 calicem
1592 1658 1702 1696 esse
1726 1642 1855 1710 o/fe-

268 1729 575 1793 rendum,et
598 1730 911 1783 admixtione
941 1728 1281 1784 Eucliaristite
1308 1733 1729 1797 consecrandum,
1767 1734 1852 1787 ni-

1944 544 2176 589 sanctum
2220 553 2406 590 munus
2444 538 2591 607 signo
2627 540 2792 592 crucis
2832 540 3152 609 superposito
3203 537 3518 592 benedictum

1944 624 2130 691 fuisse,
2162 626 2319 696 idque
2340 629 2500 697 juxta
2538 643 2727 682 morem
2754 628 3076 683 catholicum.
3103 629 3308 695 Quibus
3336 638 3517 684 extre-

1947 718 2050 772 mis
2072 718 2248 773 verbis
2269 720 2440 773 innuit
2465 720 2756 775 Ecclesiam
2777 720 3090 775 catholicam
3118 734 3211 789 per
3238 728 3405 774 totum
3434 734 3522 773 or-

1946 807 2068 863 bem
2101 817 2365 864 terrarum
2394 809 2642 865 diffusam
2661 850 2679 877 ,
2715 813 2852 865 hanc
2878 811 3030 881 signo
3057 810 3235 866 crucis
3263 810 3407 864 edito
3430 809 3526 864 be-

1948 898 2303 955 nedictionem
2326 901 2378 955 in
2396 900 2750 956 Eueharistite
2767 902 3169 957 consecratione
3188 900 3525 955 adhibuisse.

1947 990 2108 1051 Unde
2134 992 2259 1048 licet
2279 993 2331 1048 in
2350 993 2469 1047 aliis
2498 993 2689 1048 ritibus
2713 993 2965 1049 Ecclesia:
2987 995 3280 1064 peculiares
3305 1010 3336 1048 a
3362 1008 3422 1049 se
3441 993 3525 1047 in-

1948 1086 2120 1141 vicem
2152 1095 2528 1149 nonnunquam
2572 1078 2970 1150 discreparent,
2998 1082 3053 1135 in
3084 1082 3195 1150 ipsa
3226 1091 3403 1135 tamen
3433 1094 3524 1135 ac-

1950 1178 2096 1232 tione
2141 1173 2579 1238 consecrationis,
2620 1172 2756 1227 sicut
2788 1172 2839 1226 in
2868 1172 3047 1227 verbis
3083 1172 3284 1227 Christi
3315 1172 3529 1228 Domini

1951 1268 2263 1334 recitandis,
2293 1268 2373 1321 sic
2399 1275 2455 1322 et
2482 1266 2532 1319 in
2563 1264 2949 1320 benedictionis
2992 1265 3151 1317 modo
3179 1274 3294 1319 erat
3334 1265 3530 1331 ubique

1952 1361 2312 1416 uniformitas.
2354 1358 2517 1413 Verba
2554 1373 2699 1411 sacra
2726 1356 2903 1412 laudat
2930 1357 2986 1411 in
3028 1356 3163 1412 libro
3200 1372 3215 1411 ι
3251 1356 3319 1411 de
3346 1355 3529 1411 Gloria

1953 1453 2266 1523 Martyrum,
2290 1450 2464 1519 capite
2485 1450 2575 1515 87,
2601 1449 2779 1519 ibique
2802 1448 3044 1503 meminit
3068 1448 3319 1517 confracti
3344 1463 3533 1517 carpo-

1952 1546 2027 1599 ris
2056 1545 2316 1599 Dominici
2346 1552 2471 1597 ante
2496 1541 2952 1598 communionem.
2979 1541 3307 1596 Dominicam
3338 1545 3536 1597 oratio-

1953 1648 2075 1689 nem
2115 1634 2183 1687 ad
2223 1633 2413 1688 Missas
2444 1633 2766 1687 decantatam
2816 1632 2979 1688 fuisse
3023 1631 3281 1688 habemus
3319 1635 3371 1688 in
3402 1633 3535 1689 Vitis

1957 1728 2194 1791 Patrum,
2223 1725 2397 1792 capite
2424 1725 2510 1790 16,
2539 1739 2697 1795 quam
2727 1725 2794 1779 ab
2819 1723 3089 1793 omnibus,
3116 1726 3276 1780 etiam
3305 1726 3539 1781 mulieri-

277 1818 356 1874 hil
388 1819 533 1873 aliud
561 1820 779 1874 voluere
816 1820 1029 1884 Patres,
1060 1836 1218 1888 quam
1246 1830 1305 1874 ut
1334 1830 1454 1889 post
1480 1822 1714 1875 oblatam
1750 1823 1856 1877 Deo
1889 1821 1935 1881 Β
1965 1818 2085 1885 bus,
2118 1817 2301 1872 itidem
2332 1818 2655 1869 deeantatam
2673 1812 2841 1870 fuisse
2865 1815 3163 1885 colligimus
3191 1830 3255 1870 ex
3280 1816 3369 1871 lib.
3404 1831 3443 1870 ιι
3470 1816 3540 1872 de

267 1924 506 1979 capsam,
545 1911 597 1965 in
621 1926 721 1980 qua
756 1913 927 1979 panis,
958 1920 1012 1964 et
1035 1911 1255 1965 calicem
1280 1912 1329 1964 in
1362 1926 1468 1980 quo
1501 1912 1680 1965 vinum
1710 1928 1844 1966 con-

276 2000 573 2065 tinehatur,
616 2002 668 2054 in
697 2002 917 2055 calicem
962 2000 1273 2054 immittatur
1317 2002 1569 2069 particula
1600 2002 1859 2057 Euchari-

278 2095 497 2147 stizeex
539 2091 853 2146 sacrarioin
892 2092 1021 2146 turri
1070 2091 1262 2159 allatae,
1308 2102 1367 2146 ut
1416 2095 1631 2162 exponit
1682 2105 1863 2150 uoster

276 2185 616 2241 Mabillonius
649 2187 700 2241 in
728 2186 1126 2242 Commentario
1154 2188 1219 2242 ad
1249 2187 1507 2243 Ordinem
1542 2188 1858 2251 Romanum,

276 2292 469 2345 parag.
499 2277 592 2331 20.

284 2404 289 2405 ν
368 2370 460 2423 45.
498 2369 664 2425 Facta
696 2370 875 2440 itaque
896 2370 1047 2440 panis
1074 2380 1122 2427 et
1147 2372 1256 2427 v'ni
1281 2372 1571 2436 oblatione,
1599 2372 1685 2440 qui
1713 2378 1865 2426 erant

275 2462 347 2513 ah
377 2462 629 2517 Ecclesia:
654 2465 1036 2519 communione
1077 2465 1343 2535 segregati
1386 2465 1567 2533 egredi
1596 2465 1865 2531 cogeban-

275 2562 383 2603 tur.
409 2552 540 2605 Cum
573 2567 765 2621 nempe
794 2553 836 2607 Τ
841 2553 1202 2609 heodebertns
1244 2571 1340 2610 rex
1370 2555 1507 2624 apud
1537 2555 1789 2610 Treviros
1808 2557 1860 2611 in

275 2642 561 2698 ecclesiam
617 2645 955 2713 accessisset,
989 2646 1040 2699 in
1082 2645 1220 2700 Vit-is
1276 2645 1514 2713 Patrum,
1544 2647 1720 2714 capite
1763 2648 1857 2715 17η,

275 2734 521 2788 Nicetius
570 2735 891 2795 urbisillius
918 2736 1229 2806 episcopus,
1275 2741 1363 2807 qui
1412 2754 1562 2795 sacra
1610 2738 1861 2811 faciebat,

277 2835 404 2896 post
441 2826 607 2880 lectas
651 2840 831 2881 sacras
889 2828 1166 2893 lectiones,
1211 2829 1498 2899 oblataque
1529 2845 1749 2884 munera
1781 2847 1869 2886 su-

279 2931 380 2984 per
436 2917 604 2972 altare
660 2917 778 2981 Dei,
826 2932 1005 2988 regem
1053 2919 1434 2988 interpellavit,
1486 2919 1754 2987 professus
1810 2935 1869 2975 se

278 3007 564 3062 ﬁssarnm
613 3009 871 3062 solemnia
926 3023 1028 3064 non
1074 3019 1590 3076 consummaturum,
1641 3011 1742 3065 nisi
1770 3027 1867 3065 cx-

285 3098 678 3163 communicati,
705 3113 839 3169 quos
862 3099 912 3153 in
939 3113 1036 3154 suo
1067 3100 1317 3154 comitatu
1352 3100 1601 3167 habebat,
1625 3101 1774 3169 prius
1801 3101 1869 3155 ab

1962 1907 2234 1963 Miraculis
2255 1909 2427 1962 sancti
2454 1908 2685 1971 Martini,
2711 1922 2830 1973 cap.
2862 1906 2930 1961 30
2951 1924 2966 1973 ;
2990 1922 3091 1977 qua
3116 1909 3166 1963 in
3198 1922 3254 1962 re
3268 1906 3540 1963 Gallicana

1963 2002 2230 2069 Ecclesia,
2260 2011 2318 2057 ut
2338 2002 2645 2058 observavit
2666 2001 3021 2064 Mabillonius,
3044 2016 3169 2055 cum
3201 2003 3383 2057 Graeca
3409 2016 3541 2057 con-

1964 2091 2262 2157 veniens,,a
2300 2092 2540 2146 Romano
2569 2092 2673 2145 ritu
2700 2090 3055 2160 discrepabat.
3084 2092 3317 2159 Etenim,
3350 2094 3425 2148 uti
3456 2093 3541 2148 di-

1964 2184 2161 2238 scimus
2198 2198 2262 2238 es
2289 2183 2511 2252 epistola
2539 2182 2606 2236 67
2636 2183 2876 2253 Gregorii
2926 2183 3116 2253 Magni,
3150 2184 3287 2239 libro
3337 2199 3409 2239 vn
3462 2184 3542 2239 ln-

1963 2274 2092 2330 dict.
2121 2275 2186 2330 'll
2208 2315 2226 2341 ,
2258 2289 2377 2345 qum
2401 2284 2485 2329 est
2522 2274 2589 2328 ad
2618 2275 2876 2330 Joannem
2907 2277 3217 2347 episcopum
3253 2279 3544 2347 Syracusa-

1965 2382 2117 2430 num,
2150 2367 2424 2422 Dominica
2450 2369 2623 2422 oratio
2647 2372 2782 2437 apud
2809 2366 3026 2423 Graecos
3053 2369 3120 2423 ab
3148 2369 3293 2423 omni
3325 2369 3543 2438 populo,

1965 2460 2019 2512 in
2043 2458 2278 2514 Ecclesia
2304 2472 2432 2514 vero
2457 2458 2691 2513 Romana
2720 2474 2749 2513 a
2787 2460 2906 2514 solo
2942 2462 3218 2515 sacerdote
3244 2462 3543 2515 dicebatur.

2037 2554 2128 2608 47.
2186 2550 2470 2606 Confrastt.
2525 2562 2702 2607 autem
2774 2552 3034 2607 Dominici
3088 2555 3327 2623 corporis
3376 2568 3547 2608 sacra-

1972 2653 2173 2709 mento,
2205 2653 2263 2698 ut
2290 2643 2524 2713 loquitur
2547 2640 2834 2712 Gregorius
2864 2653 3044 2700 noster
3074 2644 3208 2699 libro
3231 2660 3245 2698 ι
3270 2644 3341 2699 de
3368 2644 3546 2700 Gloria

1972 2738 2282 2809 Martyrum,
2311 2737 2486 2806 capite
2507 2735 2597 2802 87,
2628 2736 2880 2791 sacerdos
2910 2736 3023 2804 ipse
3043 2735 3433 2790 Eucharistiam
3460 2750 3548 2789 su-

1972 2832 2170 2895 mebat,
2200 2838 2255 2884 et
2280 2828 2399 2884 aliis
2424 2828 2777 2884 distribuebat
2803 2827 2874 2883 ad
2903 2827 3188 2883 edendum.
3213 2828 3333 2895 Quo
3357 2828 3408 2882 in
3432 2827 3548 2881 loco

1972 2924 2196 2976 innuere
2234 2920 2528 2989 videretur,
2576 2927 2633 2975 et
2670 2918 3003 2975 sacerdotem
3034 2918 3205 2988 ipsum
3250 2927 3310 2973 ct
3358 2932 3549 2973 omnes

1973 3026 2208 3070 astantes
2234 3027 2300 3067 ex
2327 3013 2515 3068 eadem
2544 3012 2717 3067 hostia
2740 3011 3188 3074 communicasse,
3219 3010 3317 3065 nisi
3346 3021 3551 3065 certum

1974 3114 2118 3160 esset
2143 3104 2382 3174 singulos
2409 3103 2613 3169 ﬁdeles,
2639 3111 2729 3156 aut
2755 3114 2904 3157 certe
2927 3099 3369 3170 qnamplurimos,
3402 3100 3551 3154 obla-

281 3191 509 3245 ecclesia
550 3189 882 3245 recederent.
933 3188 1190 3245 Cautinus
1237 3200 1416 3245 tamen
1448 3189 1729 3259 cpiscopus
1773 3190 1870 3245 Ar-
1897 3183 1945 3242 (5
1978 3196 2176 3251 tionem
2208 3208 2360 3249 suam
2386 3193 2451 3248 ad
2491 3194 2659 3248 altare
2684 3191 2892 3247 defirre
2921 3191 3086 3247 fuisse
3108 3190 3315 3256 solitos,
3358 3206 3423 3245 ex
3449 3207 3550 3259 qua

289 3295 573 3336 vernorum
601 3280 738 3337 libro
768 3298 800 3335 ι
842 3281 1112 3347 Historiae,
1152 3295 1271 3350 cap.
1317 3282 1371 3346 8,
1425 3281 1633 3336 Eulalio
1659 3297 1874 3337 excom—

287 3376 559 3429 municato
580 3375 806 3444 permisit
835 3391 951 3427 cum
992 3374 1187 3428 ueteris
1227 3383 1454 3444 spectare
1489 3374 1766 3428 Missurum
1791 3392 1873 3429 δο-

284 3465 497 3520 lemnia.
522 3467 589 3519 At
612 3466 714 3529 illi,
741 3481 875 3534 quos
915 3464 1153 3520 Nicetius
1179 3466 1375 3535 expelli
1406 3466 1640 3532 volebat,
1682 3467 1734 3520 in
1766 3467 1875 3521 suis

290 3557 603 3612 criminibus
630 3566 973 3612 contumaces
999 3566 1183 3622 erant;
1229 3557 1466 3612 Eulalins
1500 3573 1629 3611 vero
1654 3558 1875 3626 pedibus

284 3648 528 3717 episcOpi
548 3647 831 3702 obvolutus
857 3648 1247 3717 protestabatur
1276 3664 1336 3704 se
1357 3648 1651 3704 inauditum
1682 3659 1742 3703 et
1773 3649 1871 3702 im-

293 3741 543 3794 meritum
569 3754 600 3793 a
628 3739 1001 3795 communione
1050 3753 1366 3808 suspensum
1400 3741 1563 3795 luisse
1597 3758 1609 3793 :
1655 3741 1798 3796 unde
1824 3751 1878 3796 et

294 3840 484 3896 postea
511 3830 939 3884 communionem
968 3830 1192 3899 recepit,
1230 3839 1500 3885 reservata
1546 3831 1637 3886 Dei
1673 3831 1877 3900 judicio

293 3919 536 3974 criminis
563 3919 757 3974 occulti
787 3919 1080 3988 punitione,
1132 3919 1175 3974 si
1205 3933 1353 3984 vere,
1402 3929 1460 3974 ut
1515 3935 1698 3975 rumor
1739 3930 1878 3986 erat,

296 4010 475 4078 ipsum
507 4008 834 4063 admisis-et.
866 4008 1059 4064 Narrat
1087 4008 1377 4078 Gregorius
1398 4010 1533 4067 libro
1560 4025 1598 4065 ιι
1627 4011 1694 4066 de
1723 4006 1880 4067 Miia-

295 4099 431 4152 culis
453 4099 624 4155 sancti
651 4099 881 4165 Martini,
918 4098 1167 4169 populum
1193 4114 1432 4165 omnem,
1468 4102 1588 4156 viso
1620 4101 1880 4158 miraculo

294 4189 436 4258 quod
467 4204 498 4243 a
522 4199 710 4244 sancto
736 4190 974 4245 antistite
1018 4199 1283 4257 patratum
1324 4189 1521 4256 fuerat,
1552 4193 1795 4267 epipisse
1825 4193 1878 4248 in

296 4295 474 4346 voces,
508 4282 849 4349 cecinisseqtte
896 4282 1140 4351 hymnum
1167 4280 1349 4335 Gloria
1395 4283 1448 4335 in
1493 4282 1705 4336 excelsis
1750 4282 1876 4349 Deo,

297 4371 390 4425 sed
419 4385 540 4426 cum
558 4370 670 4440 jam
695 4380 822 4425 tunc
842 4386 1056 4425 munera
1082 4386 1236 4425 sacra
1266 4386 1427 4441 super
1456 4372 1624 4426 altare
1646 4373 1880 4440 deposita

293 4472 494 4527 essent,
526 4461 656 4514 nihil
700 4460 823 4515 inde
842 4461 1068 4516 fortasse
1104 4461 1283 4530 colligi
1332 4470 1529 4531 potest,
1582 4462 1685 4516 nisi
1735 4462 1877 4519 hunc

1979 3298 2162 3357 postea
2190 3286 2673 3343 communicabant.
2701 3284 3067 3341 Censebantur
3088 3285 3343 3339 solemnia
3368 3283 3551 3338 Missa-

1974 3396 2094 3436 rum
2120 3390 2488 3436 consummata
2507 3418 2523 3445 ,
2550 3378 2858 3449 priusquam
2880 3377 3211 3434 communio.
3241 3376 3433 3432 saltem
3458 3377 3552 3433 lai-

1976 3469 2078 3532 cis,
2106 3470 2534 3535 distribueretur,
2568 3481 2623 3523 ut
2646 3485 2710 3523 ex
2742 3468 3015 3524 nonnullis
3044 3466 3283 3537 Gregorii
3317 3468 3445 3523 locis
3473 3469 3552 3522 fa-

1975 3558 2076 3615 cile
2104 3560 2393 3630 colligitur.
2412 3560 2572 3617 Certe
2597 3559 2958 3616 Guntranmus
2989 3575 3102 3625 rex,
3134 3558 3272 3615 libro
3296 3574 3349 3612 ix
3380 3559 3554 3613 Histo-

1977 3650 2106 3715 rite,
2158 3652 2333 3720 capite
2385 3650 2451 3717 5,
2505 3652 2724 3719 peractis
2781 3650 3129 3715 solemnibus,
3195 3649 3264 3703 ad
3315 3648 3553 3702 altarium

1976 3745 2389 3797 conmmnicandi
2411 3745 2577 3814 gratia
2620 3743 2865 3799 accessit.
2896 3743 2960 3796 Et
2987 3756 3053 3797 ne
3089 3741 3205 3810 quis
3245 3757 3429 3797 vocem
3470 3758 3555 3794 so-

1978 3835 2220 3888 lemnium
2252 3836 2315 3887 ad
2346 3836 2510 3887 alium
2539 3848 2755 3889 sensum
2782 3833 3107 3902 detorquere
3136 3833 3280 3896 velit,
3315 3834 3431 3886 loca
3450 3833 3554 3886 alia

1978 3940 2097 3994 qua:
2119 3925 2264 3979 omni
2292 3924 2633 3994 ambiguitate
2668 3933 2851 3979 carent
2882 3922 3221 3991 proferimus.
3257 3920 3428 3975 Umnu
3470 3935 3554 3977 est

1979 4031 2046 4071 ex
2070 4017 2206 4070 libro
2228 4031 2270 4069 ιι
2296 4016 2366 4070 de
2392 4016 2659 4070 Miraculis
2696 4014 2864 4068 sancti
2892 4014 3119 4079 Martini,
3150 4015 3322 4081 capite
3341 4014 3432 4078 47,
3465 4013 3555 4069 ubi

1980 4106 2209 4175 legitur:
2238 4106 2461 4174 Cumque
2498 4104 2711 4174 expletis
2747 4104 2921 4159 Missis
2950 4104 3173 4175 populus
3205 4106 3431 4175 erupisset
3470 4123 3555 4161 sa-

1978 4206 2297 4249 crosanctum
2326 4211 2511 4262 corpus
2538 4193 2885 4265 Redemptoris
2908 4196 3153 4264 accipere,
3174 4205 3281 4263 etc.
3311 4197 3393 4250 Ad
3416 4196 3551 4264 huic,

1981 4291 2170 4346 ntulier
2198 4291 2349 4345 vidua
2369 4331 2384 4357 ,
2418 4290 2588 4358 capite
2611 4286 2679 4341 65
2709 4288 2829 4342 libri
2858 4288 2926 4343 de
2950 4286 3127 4343 Gloria
3153 4286 3553 4353 confessorem,

1979 4382 2214 4452 expletis,
2238 4381 2596 4451 celebratisque
2636 4380 2831 4447 Missis,
2857 4380 3086 4435 accessit
3112 4379 3178 4433 ad
3205 4384 3444 4449 poculum
3463 4397 3556 4433 sa-

1982 4479 2166 4531 lutare.
2192 4476 2530 4531 Accedebant
2556 4483 2733 4529 autem
2763 4489 2951 4530 omnes
2975 4475 3043 4529 ad
3064 4476 3235 4532 altare
3254 4478 3319 4530 ad
3345 4493 3557 4533 sacram

297 4552 555 4622 hymnum
580 4553 649 4605 οι)
679 4551 947 4604 “mulum
977 4552 1117 4606 hunc
1150 4551 1407 4617 (δνοτθηιν
1440 4567 1471 4605 ³
1500 4552 1697 4621 Populo
1722 4562 1872 4607 0W3
1905 4540 1952 4599 θ
1978 4571 2408 4623 communionem
2451 4567 2837 4636 recipiendam.
2862 4569 2998 4633 Quin
3038 4576 3095 4623 et
3122 4584 3187 4623 et
3211 4570 3366 4624 unito
3387 4571 3553 4625 calice

290 4655 501 4707 Vmorem
524 4651 838 4694 consuetum
871 4651 995 4694 tunc
1023 4650 1292 4695 cantatum
1331 4641 1514 4696 fuisse.
1552 4643 1683 4697 Nam
1713 4644 1873 4698 simili

295 4730 489 4797 gaudio
534 4728 778 4797 perfusus
829 4729 1189 4797 Eberegisilus
1230 4730 1567 4787 Coloniensis
1614 4734 1870 4801 pontifex,

296 4822 517 4887 invento
545 4822 712 4874 sancti
753 4820 956 4875 Mallosi
1004 4836 1254 4890 corpore,
1296 4825 1525 4876 emittens
1569 4840 1736 4877 vocem
1762 4840 1872 4876 ma-

294 4928 469 4981 gnam,
502 4911 677 4965 Gloria
699 4913 752 4963 in
777 4913 986 4966 excelsis
1018 4912 1123 4965 Deo
1145 4929 1315 4967 secum
1339 4930 1534 4967 omnem
1564 4916 1755 4967 clerum
1778 4932 1869 4982 pa-

297 5007 418 5055 riter
439 5004 657 5071 psallere
703 5004 856 5071 fecit;
896 5012 953 5057 ut
983 5006 1097 5072 ipse
1125 5004 1416 5073 Gregorius
1454 5005 1640 5060 scribit
1688 5006 1822 5061 libro
1852 5022 1869 5060 ι

296 5095 365 5167 de
410 5092 587 5147 Gloria
626 5095 943 5165 Martyrum,
974 5095 1145 5162 capite
1180 5092 1269 5150 65.

302 5252 305 5253 ν
367 5205 454 5260 46.
497 5206 947 5261 Contestationem
976 5206 1537 5277 memoratGregorius
1562 5207 1699 5262 libro
1739 5223 1775 5261 ιι
1804 5208 1871 5262 de

296 5294 564 5355 Bliraculis
593 5302 764 5355 sancti
797 5302 1030 5362 Martini,
1060 5302 1233 5367 capite
1257 5300 1345 5366 14,
1371 5301 1422 5354 in
1449 5315 1550 5369 qua
1574 5301 1713 5355 beati
1742 5315 1872 5355 con-

296 5393 512 5448 lessoris
545 5393 796 5446 virtutum
828 5394 1097 5447 enarratio
1130 5390 1523 5456 continebatur,
1552 5392 1867 5469 respondet-

291 5498 397 5550 que
427 5484 695 5537 hodierna:
722 5494 918 5537 nostrae
948 5483 1262 5551 praefationi.
1298 5480 1428 5536 llinc
1447 5491 1566 5535 eam
1597 5496 1626 5534 a
1653 5497 1730 5546 se,
1756 5483 1873 5551 epi-

291 5588 454 5640 scopo
494 5573 696 5627 scilicet
738 5572 1073 5639 celebrante,
1115 5580 1379 5626 cantatam
1419 5569 1585 5625 fuisse
1621 5581 1868 5638 testatur,

292 5678 396 5728 qua
429 5662 661 5727 expedita
686 5663 847 5714 omnis
886 5662 1104 5728 populus
1124 5660 1341 5715 Sanctus
1361 5660 1414 5712 in
1435 5660 1639 5713 laudem
1665 5659 1870 5715 Domini

291 5753 646 5821 proclamavit,
678 5753 755 5806 uti
788 5753 1046 5821 hodieque
1072 5754 1183 5808 ﬁeri
1215 5753 1369 5809 solet.
1404 5752 1654 5822 Ejusdem
1687 5752 1873 5823 hymni

574 5848 844 5911 ΡΑτιιοι..
892 5846 1118 5906 LXXI.

1980 4675 2169 4716 omnes
2196 4659 2393 4715 Christi
2425 4662 2685 4731 sanguine
2714 4662 3053 4730 potabantur,
3083 4678 3202 4732 quae
3225 4678 3337 4719 erat
3368 4668 3555 4721 catho-

1978 4752 2109 4807 licos
2135 4752 2271 4807 inter
2301 4762 2353 4807 et
2393 4753 2619 4806 Arianns
2656 4752 2979 4819 ditfercntin,
3012 4764 3066 4806 ut
3110 4754 3225 4822 ipse
3268 4756 3556 4827 Gregorius

1976 4845 2223 4899 observat
2265 4844 2400 4898 libro
2430 4858 2496 4912 ¹ιιι
2531 4845 2795 4909 Historiae,
2840 4846 3010 4913 capite
3040 4846 3129 4900 51.
3160 4847 3367 4903 Etenim
3415 4856 3555 4919 apud

1974 4932 2200 4988 Arianos
2215 4934 2484 4989 consuedo
2512 4934 2626 4999 fuit,
2652 4948 2707 4988 ut
2734 4937 2802 4987 ad
2821 4936 3061 4991 altarium
3092 4940 3341 4993 venientes
3363 4942 3426 4994 de
3448 4943 3553 4996 alio

1979 5024 2136 5075 calice
2181 5021 2343 5093 [teges
2381 5024 2783 5090 communicent,
2810 5033 2856 5077 et
2882 5027 2945 5078 de
2976 5027 3079 5080 alio
3116 5030 3336 5096 populus
3364 5033 3551 5087 minor.

1980 5111 2057 5164 Ex
2087 5127 2191 5182 quo
2216 5111 2375 5167 etiam
2408 5112 2523 5167 loco
2553 5122 2715 5183 patet,
2742 5118 3169 5172 communionem
3199 5120 3298 5173 sub
3330 5119 3557 5190 utraque

1979 5211 2158 5276 specie
2184 5208 2537 5262 communiter
2562 5209 2809 5265 omnibus
2838 5209 2999 5267 fuisse
3025 5215 3555 5284 porreeta‘m,.quamo

1979 5300 2059 5354 vis
2087 5299 2325 5353 nonnulli
2349 5298 2502 5353 unica
2524 5301 2758 5354 contenti
2779 5311 2977 5357 essent.
3000 5301 3131 5356 Nam
3152 5317 3272 5357 cum
3294 5302 3553 5363 Cautinus

1978 5390 2284 5459 episcopus,
2317 5389 2452 5442 libro
2489 5404 2544 5452 ι,
2569 5392 2746 5459 capite
2767 5391 2822 5457 8,
2858 5391 3065 5445 Eulalio
3093 5393 3318 5450 dixisset
3345 5414 3359 5450 :
3397 5398 3554 5454 Sume

1977 5478 2065 5531 tibi
2097 5476 2438 5533 Eucharistiw
2460 5482 2797 5547 particulam,
2824 5491 2975 5550 atque
3004 5482 3206 5551 impone
3230 5487 3308 5539 ori
3330 5499 3438 5553 tuo,
3465 5491 3555 5545 ille

1978 5577 2183 5637 accepta
2223 5567 2551 5623 Eucharistia
2595 5566 2971 5636 communicatis
3008 5574 3266 5630 abscessit.
3308 5577 3405 5633 Ubi
3437 5579 3552 5632 Eu-

1974 5662 2223 5716 charistiaz
2239 5664 2453 5717 nomine
2477 5664 2629 5716 unica
2650 5663 2855 5731 species
2870 5675 3053 5733 aperte
3073 5669 3404 5737 designatur,
3428 5688 3552 5741 qum

1975 5754 2028 5813 in
2051 5753 2231 5824 plures
2253 5746 2541 5824 particulas
2560 5764 2649 5809 aut
2674 5754 2876 5812 oblatas
2901 5756 3069 5811 divi~a
3093 5761 3553 5823 communicandis

3075 5847 3116 5908 2
