4086 6328
547 279 616 337 43
2000 273 2386 333 ΡΒΑΞῩΑΤΙΟ.
3732 272 3808 332 ιι

546 395 941 466 porrigebatur,
975 407 1079 449 non
1105 392 1316 464 quidem
1346 393 1396 448 iu
1429 406 1539 457 ore,
1581 390 1655 446 uti
1684 388 1844 446 hodie
1884 389 1941 446 flt
1961 431 1975 455 ,
2019 389 2114 445 sed
2144 389 2196 446 A
2220 403 2443 442 sacrum.
2483 388 2822 445 Ministerium
2850 401 2974 445 vero
2995 389 3346 458 quotidianum
3377 385 3608 456 appellat
3631 401 3694 442 ea
3714 400 3808 443 so-

545 485 762 555 singuli,
793 484 954 539 etiam
981 484 1119 548 laici,
1151 498 1268 539 eam
1299 499 1452 536 manu
1484 482 1696 552 propria
1725 490 2012 550 sumptam,
2045 481 2122 533 si-

547 578 714 631 bimet
736 577 863 646 ipsis
891 577 968 630 ori
1001 574 1358 644 imponebant.
1382 573 1627 627 Mulieres
1649 581 1823 627 tamen
1854 587 1958 627 non
1983 571 2126 626 nuda

547 683 727 730 manu,
764 668 836 720 uti
860 681 921 720 ex
955 666 1075 718 aliis
1106 664 1463 718 monumentis
1490 663 1770 729 discimus,
1793 662 2123 732 accipiebant

547 756 955 819 Eucharistiam,
979 754 1073 808 scd
1101 769 1164 808 es
1193 769 1254 806 ea
1287 755 1338 806 in
1369 756 1507 819 vclu,
1532 754 1673 822 quod
1703 754 1860 823 vulgo
1886 753 2119 806 orarium

545 848 912 915 appellabant,
948 862 976 900 a
1003 846 1370 900 sacerdotibus
1399 854 1634 913 recepta,
1667 854 1846 914 postea
1879 859 2122 898 commu-

545 937 811 990 uitabant.
842 937 897 992 Si
925 937 1014 1004 qui
1045 950 1172 989 vero
1216 951 1280 989 ex
1312 934 1610 987 as:an:ibus
1647 943 1846 1000 essent,
1880 948 1984 986 non
2023 947 2122 987 ex-

543 1031 918 1084 communicati
969 1029 1206 1098 quidem,
1260 1027 1351 1080 sed
1401 1027 1489 1096 qui
1543 1035 1738 1091 tamen,
1790 1036 1846 1081 ut
1889 1026 2123 1094 loquitur

545 1119 889 1183 Hincmarus,
933 1117 1330 1172 communicare
1370 1131 1474 1169 non
1524 1116 1746 1170 fuissent
1795 1116 1988 1185 parati,
2019 1116 2122 1170 illis

544 1210 765 1280 eulogia:
811 1209 1284 1271 distribuebantur,
1335 1207 1384 1260 id
1433 1216 1516 1261 est
1560 1206 1758 1276 aliquid
1799 1208 1865 1260 de
1897 1207 2122 1275 panibus

542 1299 736 1353 oblatis
757 1339 772 1363 ,
801 1299 889 1366 qui
921 1296 1220 1351 consecrati
1251 1311 1353 1349 non
1387 1297 1626 1359 fuerant,
1663 1305 1719 1349 ut
1759 1295 1898 1352 idem
1933 1306 2122 1350 auctor

541 1389 880 1457 prosequitur
903 1388 955 1441 in
981 1385 1239 1454 Capitulis
1261 1387 1382 1439 anui
1407 1385 1535 1452 852,
1570 1396 1624 1440 et
1656 1386 1704 1439 id
1731 1387 1782 1441 iti
1805 1388 2114 1441 communio-

537 1483 615 1533 nis
645 1491 923 1534 tesseram.
957 1478 1109 1534 Unde
1139 1492 1258 1532 cum
1282 1479 1560 1532 Merovcus
1583 1478 1868 1544 Chilperici
1901 1460 2060 1545 filius,
2089 1493 2121 1537 ο

540 1568 867 1623 monasterio
895 1567 1064 1622 sancti
1095 1567 1310 1622 Garileli
1342 1567 1567 1631 fugiens,
1599 1569 1664 1621 ad
1696 1568 1968 1624 basilicam
1997 1584 2122 1624 san-

537 1661 610 1712 cti
641 1658 848 1714 Martini
893 1659 1229 1726 accessisset,
1262 1659 1349 1713 ubi
1391 1670 1516 1713 tunc
1543 1659 1833 1729 Gregorius
1859 1673 2010 1713 sacra
2043 1659 2121 1713 fa-

2227 483 2501 538 lummodo
2539 498 2696 550 vasa,
2744 499 2862 553 quas
2902 483 3078 538 Missae
3125 481 3461 536 celebrandae
3500 481 3808 535 necessaria

2223 577 2464 631 absolute
2493 589 2660 640 erant,
2694 577 2745 630 id
2775 585 2880 642 est,
2913 575 3206 646 patenulam
3234 590 3442 643 paream
3473 589 3588 626 cum
3619 574 3808 638 calice,

2223 681 2342 736 quae
2373 667 2640 720 Maximus
2673 667 2954 737 presbyter
3001 667 3053 720 in
3090 666 3281 720 itinere
3321 661 3644 720 constitutus
3681 677 3808 717 cum

2223 758 2405 812 codice
2427 757 2830 827 Evangeliorum
2857 758 2908 811 in
2931 756 3065 811 collo
3085 773 3328 827 suspensa
3349 754 3640 810 deferebat.
3670 753 3808 808 Nam

2221 851 2352 905 alias
2381 852 2515 905 calix
2551 853 2601 904 in
2648 851 2824 906 Missis
2871 851 3200 905 solemnibus
3243 848 3602 917 amplissimus
3645 857 3807 915 erat,

2223 941 2358 996 sicut
2387 951 2440 995 et
2472 951 2683 1009 patena,
2716 957 2836 996 cum
2865 957 2930 997 ex
2961 941 3120 996 unico
3145 940 3338 1005 calice,
3369 947 3425 991 ut
3446 953 3567 992 mox
3593 938 3812 993 diceba-

2224 1047 2361 1098 mus,
2392 1047 2579 1088 omnes
2609 1032 3092 1097 communicarent;
3119 1041 3173 1086 et
3195 1039 3383 1100 patena
3407 1044 3468 1084 ea
3493 1043 3613 1084 esse
3639 1028 3811 1084 debe-

2223 1132 2304 1178 ret
2321 1139 2437 1192 quae
2464 1124 2749 1178 astantiutn
2769 1124 3066 1179 oblationes
3087 1136 3274 1176 omnes
3293 1129 3475 1190 posset
3495 1121 3806 1184 continere;

2221 1215 2315 1271 sed
2365 1217 2664 1284 patenulam
2713 1216 2867 1270 istam
2915 1229 3038 1270 cum
3086 1215 3252 1269 calice
3296 1227 3478 1266 secum
3531 1209 3809 1265 deferebat

2222 1308 2504 1372 Maximus,
2535 1317 2592 1362 ut
2633 1307 2835 1362 scilicet
2864 1305 3102 1377 quotidie
3134 1313 3314 1374 posset
3343 1317 3491 1356 sacra
3523 1315 3806 1372 peragere.

2220 1400 2454 1470 Singulis
2483 1402 2627 1455 enim
2651 1399 2838 1456 diebus
2865 1399 3022 1454 Missa
3051 1407 3262 1468 poterat
3292 1395 3572 1451 celebrari.
3606 1393 3670 1448 Et
3689 1393 3812 1463 qui-

2220 1491 2346 1546 dem
2378 1492 2572 1546 mulier
2601 1491 2755 1544 vidua
2784 1505 2876 1559 per
2901 1503 3096 1543 annum
3130 1487 3392 1557 integrum
3423 1485 3648 1555 quotidie
3674 1483 3810 1536 Mis-

2219 1597 2394 1634 surum
2414 1582 2661 1635 solemnia
2681 1581 2960 1634 celebrasse
2998 1579 3194 1634 dicitur
3215 1619 3233 1642 ,
3267 1577 3440 1646 capite
3476 1575 3544 1628 65
3583 1574 3704 1630 libri
3741 1573 3812 1629 de

2224 1671 2408 1726 Gloria
2438 1670 2823 1726 Confessorum
2844 1711 2860 1735 ,
2888 1671 2959 1725 ob
2988 1670 3040 1724 id
3079 1669 3284 1724 scilicet
3313 1669 3507 1731 solum,
3549 1665 3686 1736 quod
3714 1680 3812 1721 ne-

538 1752 735 1814 CiCbal,
777 1761 888 1814 ροα
929 1749 1136 1815 Μίδεω,
1180 1750 1330 1818 Peli“
1372 1749 1604 1819 eulogias
1643 1750 1742 1802 5'“
1790 1763 1821 1802 ³
1863 1750 2119 1819 Gregorio
2150 1761 2198 1821 Β
2223 1779 2453 1820 cessarta
2504 1765 2574 1818 ad
2615 1763 2946 1819 offerendum
2996 1762 3314 1817 saCrilicium
3359 1760 3703 1824 ministraret,
3755 1767 3812 1813 et

533 1844 672 1898 dari.
713 1843 862 1908 Ouod
907 1858 1027 1899 cum
1071 1844 1159 1898 ille
1192 1842 1366 1896 facere
1410 1843 1699 1908 renuisset,
1732 1843 2012 1898 Meroveus
2060 1857 2120 1898 se

538 1937 859 1990 immeritum
919 1951 947 1988 a
1003 1937 1354 1989 communione
1409 1952 1714 2004 suspensum
1767 1946 2119 2005 conquestus,

541 2027 707 2080 multa
745 2027 975 2082 minatus
1023 2037 1105 2082 est
1144 2043 1194 2080 tn
1241 2029 1426 2082 urbem
1473 2029 1837 2083 'l‘uronensem
1879 2029 2015 2083 mala
2063 2045 2122 2084 se

535 2120 827 2182 facturum,
852 2117 953 2172 nisi
980 2119 1216 2187 episc0pi
1237 2121 1643 2172 communionem
1664 2127 1978 2173 mereretur.
2007 2118 2122 2173 Istis

539 2222 700 2275 porro
742 2207 966 2277 eulogiis
993 2209 1250 2262 successit
1295 2209 1477 2276 panis,
1513 2219 1569 2262 ut
1599 2219 1826 2276 vocant,
1859 2209 2120 2264 benedicti

539 2299 867 2363 dist‘ributio,
900 2315 1019 2369 qua:
1061 2299 1348 2368 hodieque,
1395 2301 1728 2369 potissimum
1776 2302 1827 2355 in
1877 2302 2120 2356 ecclesiis

538 2389 954 2458 parochialibus,
981 2390 1269 2444 Domiuicis
1291 2391 1479 2445 diebus
1497 2392 1607 2444 ﬁeri
1631 2393 1789 2447 solet.
1815 2397 1981 2462 Atque
2007 2393 2119 2449 hinc

538 2487 664 2532 sunt
692 2494 810 2548 qua:
835 2479 902 2534 de
934 2479 1210 2533 Missarum
1247 2479 1604 2534 celebratione
1634 2497 1698 2535 ex
1734 2481 1894 2536 variis
1916 2484 2120 2552 Grego-

540 2572 600 2623 rii
633 2569 764 2624 locis
803 2571 1056 2638 colligere
1093 2570 1268 2635 licuit,
1301 2587 1363 2624 ex
1405 2571 1597 2640 quibus
1634 2572 1994 2637 Mabillonius,
2025 2572 2119 2626 ad-

537 2662 732 2731 iunctis
769 2676 834 2716 ex
877 2662 1100 2716 aliorum
1144 2670 1420 2716 auctorum
1466 2663 1830 2731 compluribus
1875 2664 2119 2718 testimo-

536 2753 639 2806 niis
661 2793 676 2817 ,
709 2750 1030 2804 Gallicanam
1061 2751 1322 2819 liturgiam
1365 2751 1647 2818 plurimum
1681 2752 1982 2807 illustravit.
2010 2754 2118 2808 Nos

536 2859 688 2910 vero,
719 2844 999 2898 utfacilius
1028 2845 1222 2912 cuique
1252 2851 1424 2909 pateat
1451 2843 1695 2910 quisnam
1723 2844 1880 2898 fuerit
1911 2856 2032 2899 tunc
2057 2848 2117 2900 il-

537 2937 644 2992 lius
676 2937 840 3003 ritus,
876 2937 1148 3004 specimen
1195 2935 1389 3000 Missae,
1421 2947 1678 3004 quantum
1713 2934 1789 2988 las
1815 2937 1952 3003 erit,
1982 2939 2117 2992 inte-

533 3043 640 3096 grre
673 3043 734 3080 ex
777 3028 1000 3097 liturgiis
1037 3038 1091 3082 et
1130 3027 1250 3081 aliis
1287 3028 1644 3084 monumentis
1676 3029 1747 3082 ab
1785 3030 1970 3085 eodem
2003 3032 2113 3085 Mi—

2229 1859 2388 1914 etiam
2433 1857 2532 1926 ipsi
2581 1856 2886 1919 interesset,
2919 1863 2976 1907 ut
3015 1867 3083 1907 ex
3135 1851 3322 1922 capitis
3366 1858 3620 1904 contextu
3653 1848 3813 1905 facile

2229 1951 2520 2021 colligitur.
2551 1949 2709 2003 Binas
2730 1963 2858 2002 vero
2888 1947 3074 2001 Missas
3101 1945 3324 2014 singulis
3349 1942 3637 1998 Dominicis
3661 1942 3810 1998 cele-

2225 2043 2412 2096 brabat
2441 2042 2674 2096 Severus
2695 2039 2996 2109 presbyter,
3020 2052 3083 2091 ex
3106 2037 3280 2105 capite
3299 2034 3366 2087 5'0
3392 2034 3630 2104 ejusdem
3660 2033 3810 2098 libri,

2225 2135 2278 2187 in
2308 2133 2512 2186 duabus
2532 2131 2740 2185 scilicet
2762 2130 2925 2194 villis,
2957 2142 3074 2196 qua:
3095 2141 3124 2181 a
3155 2141 3213 2180 se
3237 2126 3462 2180 invicem
3488 2122 3672 2194 viginti
3689 2121 3812 2177 mil-

2224 2224 2350 2278 liurn
2381 2221 2553 2290 spatio
2603 2221 2805 2275 dissita:
2854 2227 3028 2274 erant.
3069 2217 3307 2286 Denique
3344 2215 3411 2270 ad
3457 2215 3669 2270 Missam
3721 2228 3812 2268 so-

2223 2315 2451 2367 lemnem
2484 2315 2612 2366 hora
2635 2312 2810 2376 tertia,
2834 2325 2992 2379 quam
3023 2309 3180 2364 hodie
3207 2322 3402 2363 nonam
3431 2308 3677 2372 dicimus,
3709 2320 3806 2375 po-

2221 2403 2402 2472 pulum
2434 2402 2750 2456 convenisse
2773 2408 3016 2455 narratur
3038 2398 3091 2454 in
3127 2399 3258 2453 Vitis
3277 2398 3511 2460 Patrum,
3544 2398 3719 2466 capite
3748 2395 3810 2450 8.

2290 2496 2382 2548 49.
2423 2493 2694 2547 Ministros
2741 2491 2945 2555 altaris,
2975 2506 3095 2546 cum
3127 2505 3279 2544 sacra
3330 2491 3538 2553 tierent,
3569 2488 3698 2541 albis
3729 2489 3813 2542 in-

2221 2587 2377 2640 dutos
2419 2585 2580 2639 fuisse
2617 2584 2873 2638 discimus
2915 2599 2978 2638 es
3018 2599 3222 2638 canone
3254 2582 3320 2637 12
3350 2583 3561 2635 concilii
3606 2579 3813 2636 Narbo-

2223 2677 2425 2738 nensis,
2457 2675 2599 2744 quod
2630 2690 2771 2728 anno
2795 2673 2900 2728 589
2924 2672 3160 2727 habitum
3186 2681 3287 2726 est.
3316 2671 3458 2745 Idem
3492 2671 3664 2724 innuit
3678 2670 3812 2726 Gre-

2222 2770 2404 2838 gorius
2435 2770 2486 2820 in
2519 2768 2654 2820 libro
2683 2766 2750 2820 de
2781 2766 2958 2820 Gloria
2986 2763 3389 2828 Gonfessorum,
3411 2762 3584 2830 capite
3604 2761 3697 2826 20,
3721 2762 3809 2816 ubi

2221 2859 2402 2913 laudat
2441 2860 2763 2912 sacerdotum
2798 2875 2858 2910 ac
2897 2858 3162 2910 levitarum
3203 2857 3254 2908 in
3283 2855 3412 2907 albis
3458 2855 3669 2906 vestibus
3710 2869 3810 2906 non

2220 2951 2484 3004 minimum
2515 2953 2751 3016 chorum,
2797 2951 2886 3017 qui
2931 2946 3151 3006 oratorii
3183 2949 3262 3001 sui
3307 2945 3628 3000 dedicatiuni
3661 2945 3810 2999 inter

2221 3042 2336 3098 fuit.
2371 3043 2427 3097 In
2443 3043 2617 3110 capite
2637 3040 2706 3095 44
2735 3039 3007 3104 liistorizr,
3036 3040 3176 3107 quod
3202 3038 3254 3091 in
3286 3037 3402 3090 aliis
3429 3035 3588 3090 editis
3613 3045 3696 3090 est
3716 3034 3809 3100 '58,

533 3123 750 3178 billonio
785 3121 942 3176 editis
978 3121 1317 3188 proferemus
1356 3123 1406 3178 in
1438 3123 1734 3192 :tppcndice
1779 3123 1936 3193 hujus
1967 3125 2116 3178 volu—

2226 3136 2640 3189 archidiaconus
2670 3133 2883 3186 indutus
2913 3129 3029 3183 alba
3049 3130 3380 3198 episcopum,
3405 3138 3460 3181 ut
3482 3144 3587 3180 mos
3617 3137 3712 3192 est,
3743 3127 3810 3182 ad

604 3330 694 3386 48.
734 3330 938 3397 Quanta
970 3341 1144 3386 autem
1169 3347 1287 3386 cum
1313 3333 1612 3387 reverentia
1639 3331 1703 3385 ad
1727 3332 1902 3384 divina
1928 3341 2118 3400 myste-

534 3420 610 3473 ria
641 3429 732 3474 aut
763 3421 1079 3474 celebranda
1105 3462 1118 3486 ,
1149 3431 1240 3475 aut
1270 3422 1575 3492 recipienda
1605 3421 1944 3484 accederent,
1981 3425 2115 3476 mul-

534 3513 604 3565 tis
637 3513 685 3565 in
723 3511 851 3566 locis
882 3512 1057 3579 prodit
1086 3513 1396 3582 Gregorius.
1428 3515 1618 3566 Narrat
1645 3513 1697 3566 in
1731 3514 1867 3566 libro
1894 3514 1961 3568 de
1991 3513 2116 3568 Glo-

534 3607 611 3658 ria
645 3605 955 3670 Martyrum,
987 3607 1160 3675 capite
1195 3607 1282 3670 8'7,
1318 3607 1605 3674 Epachium
1641 3607 2011 3677 presbyterum
2036 3609 2115 3661 di-

533 3697 730 3749 vinitus
758 3697 923 3749 fuisse
950 3695 1187 3764 punitum
1215 3696 1351 3759 quod
1380 3705 1561 3750 temere
1586 3712 1700 3762 qum
1727 3707 1837 3750 erat
1873 3699 2114 3765 indignus

532 3805 684 3857 agere
711 3789 1138 3856 prwsumpsisset.
1179 3787 1436 3841 Eumdem
1467 3788 1662 3856 arguit,
1693 3789 1833 3857 quod
1864 3791 1962 3842 etsi
1998 3800 2115 3858 post

531 3879 656 3948 galli
697 3887 910 3932 cantum
957 3878 1213 3946 bibisset,
1244 3891 1396 3931 sacra
1429 3888 1604 3931 tamen
1652 3881 1904 3948 mysteria
1954 3896 2114 3934 ausus

531 3968 715 4021 fuisset
743 3968 1015 4021 celebrare
1046 3983 1058 4020 :
1094 3967 1263 4034 Quod,
1311 3966 1506 4036 inquit,
1532 3969 1747 4039 jejunus
1775 3971 1986 4036 quisque
2016 3987 2114 4023 non

533 4062 639 4112 sine
663 4068 798 4111 metu
823 4069 981 4128 potest
1001 4068 1217 4112 terrente
1237 4060 1547 4113 conscientia
1563 4063 1837 4131 explicare,
1860 4072 1912 4115 et
1941 4063 2113 4130 capite

536 4152 878 4222 pratcedenti,
913 4153 1146 4220 deﬂenda
1177 4166 1282 4205 esse
1306 4160 1353 4204 el
1375 4153 1661 4221 plangenda
1687 4155 1880 4206 scelera
1910 4165 2112 4222 monet,

530 4256 650 4295 cum
682 4240 749 4294 ad
789 4241 958 4293 altare
990 4239 1351 4293 accedendum
1382 4248 1496 4304 est,
1525 4255 1593 4295 ne
1617 4257 1800 4309 corpus
1825 4252 1872 4294 et
1899 4245 2112 4313 sangui-

530 4347 644 4384 nem
675 4328 886 4382 Domini
909 4340 1023 4381 actu
1051 4330 1236 4398 polluti
1267 4330 1433 4398 potius
1458 4332 1525 4383 ad
1545 4332 1805 4402 judicium
1830 4348 2111 4400 sumamus,

529 4439 679 4490 quant
702 4432 754 4475 ut
771 4422 968 4474 ueniam
989 4436 1376 4490 consequamur.
1403 4421 1694 4490 Nequidem
1713 4423 1878 4477 videri
1905 4424 1981 4477 fas
2001 4433 2114 4478 erat

2221 3227 2388 3280 altare
2422 3227 2676 3278 invitasse
2714 3233 3066 3287 memoratur,
3113 3233 3170 3276 ut
3207 3222 3399 3275 natalis
3443 3221 3700 3275 Domiuici
3730 3233 3811 3274 so-

2220 3318 2547 3372 lemnitatem
2575 3315 2892 3370 celebraret.
2923 3315 3210 3367 Albentium
3240 3330 3449 3384 quoque
3473 3315 3811 3368 diaronorunl

2221 3412 2373 3466 turba
2403 3409 2584 3461 aderat
2617 3407 2753 3460 beati
2787 3406 2981 3458 Nicetii
3003 3407 3376 3475 Lugdunensis
3399 3404 3634 3474 episcOpi
3663 3419 3812 3459 exse-

2217 3503 2375 3573 quiis,
2410 3516 2475 3554 ex
2527 3501 2662 3552 l.bru
2706 3500 2773 3553 de
2815 3497 2997 3552 Gloria
3041 3499 3449 3562 Cunt'essorum,
3495 3498 3670 3565 capite
3715 3496 3809 3550 61.

2217 3592 2592 3649 Sacerdutales
2627 3599 2802 3645 vestes
2835 3589 2954 3643 aliis
2984 3589 3034 3642 in
3061 3589 3190 3642 locis
3214 3599 3621 3643 commemorat.
3647 3586 3811 3642 llabe

2219 3702 2338 3739 mus
2371 3699 2496 3738 vero
2517 3683 2570 3736 itt
2595 3683 2730 3737 libro
2751 3681 2818 3736 de
2850 3681 2980 3735 Vitis
3011 3680 3246 3746 Patrum,
3282 3682 3455 3749 capite
3480 3678 3533 3744 8,
3559 3680 3808 3750 candida,

2216 3791 2392 3832 vestes
2444 3777 2648 3831 scilicet
2690 3775 2895 3843 amplas
2927 3815 2944 3841 ,
2985 3774 3061 3828 uti
3108 3773 3180 3828 ibi
3225 3774 3620 3838 describuntur,
3677 3788 3812 3843 quas

2217 3870 2368 3924 festis
2413 3866 2756 3938 paschalibus
2808 3865 3144 3920 sacerdotum
3179 3864 3414 3919 humeris
3445 3865 3642 3932 imponi
3689 3879 3810 3920 mos

2217 3971 2352 4016 erat.
2404 3962 2635 4028 ldipsum
2667 3970 2747 4014 est
2781 3961 3153 4013 vestimentum
3173 3998 3187 4021 ,
3219 3958 3270 4011 ni
3320 3958 3497 4024 fallor,
3523 3959 3661 4028 quod
3694 3973 3811 4019 san.

2216 4064 2334 4108 ctus
2364 4051 2636 4120 Remigius
2665 4049 3018 4116 amphibalum
3047 4048 3220 4101 album
3259 4050 3547 4118 pascltalcm
3575 4049 3810 4116 appellat

2217 4148 2270 4202 in
2322 4163 2420 4201 suo
2449 4155 2807 4208 testamento,
2857 4159 3013 4214 quem
3063 4143 3314 4214 episcopo
3359 4145 3460 4198 sibi
3491 4157 3809 4199 successuro

2219 4238 2455 4307 reliquit.
2485 4237 2810 4290 Vestimenta
2836 4248 3012 4290 autem
3035 4237 3097 4288 ad
3120 4251 3272 4289 sacra
3297 4233 3536 4289 iacienda
3562 4235 3612 4288 in
3631 4249 3809 4289 sacra-

2219 4331 2300 4384 rio
2333 4329 2758 4393 assumebantur,
2793 4329 2879 4381 ubi
2931 4329 3162 4396 peractis
3192 4329 3468 4381 solemniis
3497 4328 3692 4396 deponi
3726 4346 3804 4384 so-

2221 4419 2419 4474 lebant.
2454 4419 2662 4473 Etenim
2708 4433 2827 4473 eum
2861 4435 2998 4486 a-gre
3026 4418 3189 4475 ferret
3233 4421 3612 4486 Guntramnus,
3659 4420 3806 4491 quod

530 4479 683 4569 sacra
707 4531 928 4569 munera
956 4514 1112 4568 altari
1141 4479 1420 4583 imposita,
1450 4479 1617 4583 quare
1644 4515 1875 4570 Nicetius
1900 4516 2113 4586 Lugdu-
2141 4479 2194 4539 Β
2220 4512 2489 4566 Palladius
2537 4511 2830 4565 Santonum
2859 4479 3163 4580 episcOpus,
3207 4513 3295 4581 qui
3335 4479 3691 4567 Gundovaldd
3720 4513 3812 4566 ad.

530 4609 712 4663 nensis
739 4610 961 4664 antistes
991 4609 1042 4662 itt
1075 4609 1189 4662 visu
1216 4609 1426 4662 cuidam
1461 4609 1773 4679 presbytero
1801 4609 2111 4679 apparuisse

530 4699 722 4754 dicitur
754 4700 805 4753 in
839 4698 973 4752 Vitis
1007 4699 1252 4762 Patrum,
1283 4699 1458 4767 capite
1490 4699 1545 4766 8,
1595 4708 1651 4752 ut
1684 4700 2007 4768 prohiberet,
2043 4717 2112 4756 ne

530 4793 950 4862 coopertorium,
985 4792 1124 4860 quod
1155 4808 1332 4846 rarum
1362 4802 1524 4859 esset,
1561 4806 1660 4848 nec
1686 4807 1752 4848 eo
1782 4793 1940 4862 plane
1969 4803 2112 4863 tege—

531 4896 718 4942 rentur
744 4899 894 4940 sacra
925 4885 1203 4954 mysteria,
1234 4899 1394 4953 super
1427 4885 1594 4939 altare
1631 4894 1938 4953 poneretur.
1971 4885 2106 4940 Vasa

531 4980 642 5046 ipsa
687 4993 805 5046 qua:
843 4977 911 5030 ad
947 4989 1156 5028 sacrum
1193 4975 1544 5031 ministerium
1581 4976 1988 5042 adhibebantur,
2028 4994 2111 5030 sa-

529 5078 670 5122 crala
701 5068 895 5138 passim
937 5072 1209 5135 nuncupat
1250 5066 1558 5136 Gregorius,
1589 5083 1812 5138 quorum
1845 5068 1986 5122 varia
2018 5084 2111 5138 ge.

529 5177 657 5216 nera
690 5177 784 5231 pro
809 5161 930 5216 data
965 5159 1251 5215 occasione
1279 5172 1684 5231 commemorat,
1711 5163 1927 5230 calices,
1961 5171 2110 5232 pate-

528 5266 649 5318 nas,
689 5261 896 5320 turres,
927 5265 1143 5318 cruces,
1175 5260 1281 5308 etc.
1314 5252 1387 5306 Ea
1414 5267 1542 5308 vero
1573 5253 1646 5308 ad
1697 5254 1945 5309 humanos
1989 5271 2111 5311 usus

527 5349 714 5410 aptare
739 5342 1000 5409 piaculum
1024 5342 1224 5411 grande
1249 5342 1611 5412 computabat,
1637 5345 2103 5412 praevaricatorum

526 5431 885 5486 temeritatem
931 5445 959 5482 a
1006 5431 1112 5485 Deo
1156 5431 1391 5501 punitam
1437 5429 1600 5487 fuisse
1636 5433 1800 5487 variis
1838 5435 2108 5491 miraculis

526 5519 904 5588 comprobans.
951 5518 1040 5572 Illa
1070 5529 1241 5574 autem
1271 5521 1450 5575 omnia
1482 5535 1608 5576 vasa
1636 5537 1740 5576 non
1771 5521 1942 5577 solum
1974 5524 2108 5581 Gre-

529 5613 711 5681 gorius
731 5652 746 5677 ,
775 5611 868 5666 sed
910 5619 964 5665 et
998 5613 1176 5665 cmteri
1206 5613 1321 5683 ejus
1360 5615 1458 5669 arvi
1487 5625 1734 5671 auctores
1767 5616 1922 5670 unico
1951 5633 2106 5672 voca-

520 5706 653 5762 bulo
675 5707 1009 5761 ministerium
1036 5706 1392 5774 appellabant,
1425 5709 1738 5774 quandoque
1775 5711 2108 5768 ministerium

2221 4605 2470 4669 haeserat,
2501 4619 2678 4658 c0ram
2710 4619 2774 4658 eo
2811 4618 2963 4658 sacra
2993 4604 3213 4670 faceret,
3245 4605 3332 4660 ille
3363 4606 3450 4675 qui
3477 4605 3586 4674 jam
3627 4604 3807 4659 lectio-

2220 4710 2314 4751 nes
2346 4697 2658 4765 iucmperat,
2693 4696 2744 4749 in
2770 4696 3058 4749 sacrarium
3083 4697 3325 4750 recessit.

2289 4790 2378 4844 50.
2419 4790 2636 4844 Munera
2682 4788 2864 4844 fideles
2905 4789 3236 4856 offerebant,
3281 4799 3337 4844 ut
3383 4805 3477 4860 pro
3504 4791 3583 4846 eis
3624 4791 3804 4846 Missae

2218 4884 2615 4939 celebrarentur
2648 4899 2661 4934 :
2702 4881 2842 4950 quod
2886 4882 3056 4936 innuit
3092 4882 3377 4952 Gregorius
3420 4881 3473 4936 in
3524 4885 3657 4938 libro
3685 4899 3702 4937 ι
3733 4883 3804 4937 de

2214 4975 2394 5032 Gloria
2424 4974 2737 5044 Martyrum,
2767 4973 2940 5042 capite
2966 4973 3054 5038 75,
3087 4974 3174 5028 ubi
3199 4971 3496 5043 Frigoritici
3517 4975 3800 5029 sanitatem

2213 5083 2561 5138 recuperasse
2593 5079 2988 5134 memorantur,
3020 5068 3108 5135 qui
3139 5067 3326 5121 Missas
3352 5068 3403 5120 in
3432 5067 3636 5122 honore
3680 5081 3802 5120 san-

2214 5161 2283 5213 cti
2315 5157 2643 5229 Sigismundi
2673 5155 2970 5221 celebrare,
3003 5165 3057 5210 et
3087 5155 3409 5211 oblationem
3445 5170 3540 5225 pro
3577 5155 3695 5225 ejus
3724 5171 3803 5210 re-

2213 5251 2337 5322 quie
2376 5251 2488 5304 Deo
2521 5247 2724 5304 offerre
2770 5256 3105 5303 curaverant.
3149 5246 3283 5300 Rem
3321 5247 3516 5302 clarius
3546 5246 3800 5316 exprimit

2215 5342 2353 5396 libro
2381 5356 2396 5394 I
2426 5341 2492 5395 de
2524 5339 2788 5394 Miraculis
2814 5338 2985 5393 sancti
3013 5337 3243 5404 Martini,
3275 5337 3450 5407 capite
3478 5335 3564 5404 12,
3595 5338 3682 5392 ubi
3710 5337 3772 5393 Ul

2213 5436 2477 5504 trogottlta
2502 5434 2682 5504 regina
2705 5431 2770 5485 ad
2799 5431 2968 5485 sancti
2986 5430 3196 5485 Martini
3214 5432 3492 5486 ecclesiam
3513 5430 3801 5486 advenisse

2213 5529 2428 5593 dicitur,
2477 5537 2533 5580 et
2580 5525 2751 5576 multis
2797 5523 3090 5576 muneribus
3142 5523 3324 5576 oblatis
3371 5522 3679 5591 expetiisse,
3739 5529 3800 5575 ut

2214 5622 2368 5677 Missa
2403 5621 2452 5673 in
2495 5617 2664 5671 sancti
2708 5614 3028 5670 confessoris
3059 5619 3265 5672 honore
3303 5625 3645 5671 revocaretur.
3693 5614 3800 5670 Vi-

2213 5729 2337 5770 num
2367 5708 2623 5766 offerebat
2667 5705 2903 5777 quotidie
2948 5708 3010 5764 ad
3061 5709 3379 5765 sacriﬁcium
3430 5707 3800 5777 peragendum
