4086 6328
232 275 312 331 λιε
1709 257 1869 316 rita

1974 256 2114 315 .‘l‘lO.
3460 256 3529 316 16

241 408 341 465 pro
371 393 487 447 viro
512 404 613 446 suo
634 387 886 445 defuncto
916 387 1106 444 mulier
1130 386 1293 443 vidua
1317 385 1369 441 in
1393 384 1530 439 libro
1559 381 1626 438 de
1651 378 1834 437 Gloria
1861 378 1914 439 Δ
1940 389 2197 442 concavo,
2231 383 2323 430 aut
2351 373 2405 430 in
2453 366 2687 444 am‘pulla
2732 374 2846 429 sive
2876 372 3094 445 capsula
3134 374 3427 444 conclusas,
3475 376 3533 433 in

241 484 657 548 Conlessorum,
705 481 883 548 capite
908 479 1002 546 65,
1034 480 1161 535 licet
1200 479 1313 548 ipsa
1344 477 1409 531 ad
1454 475 1834 531 communican-

241 577 368 630 dum
394 574 568 628 rarius
596 572 902 627 accederet.
934 571 1039 627 Sed
1072 581 1125 625 et
1149 570 1390 625 diversas
1420 583 1598 623 rerum
1627 567 1835 635 species

249 682 280 721 a
314 666 566 721 ﬁdelibus
596 664 806 719 oblatas
832 663 1081 719 ecclesiis
1118 661 1283 716 fuisse
1310 676 1374 715 ex
1412 659 1586 729 capite
1623 658 1660 713 2
1693 657 1839 729 ejus-

242 760 367 814 dem
398 759 520 813 libri
550 766 759 812 certum
785 764 893 820 est,
936 764 994 810 et
1021 754 1238 824 quidem
1278 767 1438 823 super
1462 752 1654 816 altare,
1694 751 1836 821 quod

245 860 393 921 patet
422 864 487 903 ex
524 846 763 915 pluribus
792 845 915 900 aliis
944 844 1097 899 locis.
1128 843 1210 898 Ob
1237 843 1580 903 decimarum,
1595 854 1725 897 vero
1752 855 1842 895 so-

242 940 483 995 lutiones
503 952 532 991 a
563 937 772 1007 populis
797 936 1069 1006 neglectas
1098 935 1332 1004 regionis
1372 933 1641 988 exscidium
1671 930 1843 984 mina-

248 1044 335 1088 tus
356 1038 440 1085 est
456 1030 644 1084 beatus
666 1028 971 1099 Hospicius,
993 1029 1048 1083 in
1074 1029 1211 1084 libro
1232 1042 1281 1081 vt
1306 1024 1572 1090 Historiae,
1597 1023 1770 1092 capite
1785 1021 1839 1075 6.

250 1119 621 1177 Memorabilis
654 1129 830 1174 autem
866 1131 950 1173 est
989 1118 1329 1173 Lemovicum
1352 1115 1587 1179 devotio,
1619 1113 1707 1183 qui
1743 1126 1849 1167 non

248 1214 425 1270 solum
465 1213 631 1268 semel
656 1222 749 1266 aut
773 1213 988 1275 iterum,
1022 1219 1116 1264 aut
1137 1210 1351 1278 quando
1380 1209 1592 1274 liberet,
1625 1220 1849 1260 munera

257 1306 508 1360 ecclesia:
538 1306 709 1359 sancti
737 1303 950 1358 luniani
975 1303 1175 1357 efferre
1219 1308 1634 1368 consueverant,
1666 1314 1852 1355 verum

256 1401 420 1453 etiam
435 1399 551 1467 ejus
563 1398 1020 1461 velutitribtuarit',
1042 1397 1186 1463 lacti,
1210 1398 1280 1450 ad
1308 1396 1498 1450 tributa
1517 1393 1741 1464 singulis
1763 1407 1858 1447 an-

254 1495 345 1545 nis
359 1490 513 1545 statis
527 1489 719 1545 diebus
730 1488 779 1543 ei
798 1489 1148 1559 persolvenda
1165 1494 1296 1544 sese
1311 1489 1455 1558 ipsos
1464 1486 1853 1556 obligaveranto

281 1611 287 1615 -
327 1579 417 1635 51.
464 1578 829 1634 Ecclesiarum
858 1591 954 1632 seu
981 1577 1321 1633 basilicarum
1368 1576 1594 1631 formam
1626 1583 1680 1631 et
1710 1588 1859 1644 mag-

254 1670 585 1724 niﬁcentiam
608 1682 713 1723 non
736 1669 789 1722 in
814 1682 919 1722 uno
942 1668 1062 1722 loco
1084 1668 1344 1724 describit
1366 1666 1681 1738 Gregorius.
1707 1664 1863 1722 Unde

1939 468 2052 538 ipsa
2084 467 2268 522 altaris
2295 475 2561 522 structura
2593 465 3020 538 deponebantur,
3067 469 3253 537 quales
3282 481 3343 523 se
3370 481 3531 525 mve-

1940 560 2085 615 nisse
2115 568 2339 613 testatur
2361 559 2649 629 Gregorius
2680 559 2732 613 in
2761 559 2867 615 line
2891 560 3010 615 libri
3036 560 3253 616 decimi.
3280 560 3534 616 Loculum

1940 652 2171 724 appellat
2199 651 2334 706 libro
2362 669 2380 704 t
2409 653 2477 706 de
2512 650 2696 707 Gloria
2727 651 3041 723 Martyrum,
3080 652 3256 722 capite
3284 652 3375 720 54,
3409 668 3533 722 par-

1946 754 2049 798 tem
2084 743 2228 797 illam
2259 741 2465 810 altaris,
2499 744 2550 797 in
2575 758 2679 813 qua
2724 743 2943 799 inclusa:
2979 743 3240 812 ejusmodi
3274 744 3533 814 reliquiae.

1945 834 2056 890 Nos
2082 834 2237 888 hodie
2257 833 2547 903 sepulcrum
2572 847 2963 902 nuncupamus,
2982 833 3122 903 quod
3150 838 3539 904 reprazsentare

1949 926 2193 981 videatur
2234 934 2540 980 sanctorum
2581 926 2847 994 sepulcra,
2896 941 3058 995 super
3082 943 3200 996 quae
3247 928 3541 999 antiquitus

1949 1018 2143 1073 altaria
2169 1018 2301 1089 erigi
2328 1018 2592 1095 solebant.
2626 1018 2736 1073 Nec
2760 1018 2906 1073 enim
2938 1019 3065 1072 olim
3097 1018 3291 1074 licebat
3319 1021 3423 1076 nisi
3444 1034 3541 1076 su-

1952 1123 2048 1177 per
2091 1122 2398 1163 sanctorum
2450 1116 2749 1178 martyrum
2792 1108 3046 1176 reliquias
3083 1108 3270 1164 altaria
3313 1110 3542 1181 erigere.

1955 1200 2107 1255 Unde
2138 1202 2189 1253 in
2212 1199 2506 1268 majoribus
2527 1182 2771 1254 ecclesiis
2787 1200 2954 1255 altare
2975 1203 3144 1269 majus
3165 1211 3223 1255 ut
3250 1201 3546 1271 plurimum

1955 1292 2009 1347 in
2057 1292 2174 1347 loco
2200 1292 2347 1347 edito
2392 1298 2654 1345 structum
2685 1298 2822 1357 erat,
2856 1290 2957 1345 sub
2986 1305 3045 1345 se
3075 1289 3276 1346 habens
3300 1300 3547 1363 cryptam

1958 1389 2265 1434 sanctorum
2294 1379 2538 1450 reliquiis
2575 1380 2895 1436 instructam
2920 1396 2933 1431 :
2962 1394 3083 1450 quae
3110 1389 3165 1437 et
3192 1395 3345 1435 suum
3376 1384 3548 1438 altare

1961 1472 2208 1527 habebat.
2239 1472 2454 1541 Gryptat
2487 1485 2616 1526 vero
2647 1469 2757 1525 illa:
2785 1485 2905 1541 quae
2936 1483 3094 1539 supra
3126 1480 3427 1525 sanctorum
3460 1477 3550 1524 tu-

1962 1565 2135 1620 mulos
2162 1569 2484 1617 constructa:
2513 1568 2688 1627 erant,
2721 1559 2993 1615 nonnullis
3024 1560 3078 1613 itt
3108 1559 3241 1615 locis
3271 1559 3553 1629 confessio-

1965 1672 2052 1710 nes
2074 1662 2394 1723 nuncupata).
2440 1651 2680 1722 luerunt,
2710 1652 2964 1707 Romana:
2994 1650 3247 1708 Ecclesia:
3274 1651 3549 1721 exemplo.

250 1761 561 1831 intelligere
592 1760 718 1815 licet
749 1772 947 1829 quanta
973 1759 1132 1815 fuerit
1162 1770 1376 1829 patrum
1406 1768 1717 1815 nostrorum
1747 1758 1859 1828 pie-
1889 1752 1937 1813 Β
1968 1750 2176 1807 Etenim
2208 1749 2464 1819 confessio
2492 1750 2658 1803 sancti
2686 1748 2831 1803 Petri
2851 1748 3039 1805 Romae
3055 1750 3165 1820 jam
3191 1749 3468 1805 dicebatur
3489 1764 3555 1821 ea

260 1863 366 1918 tas,
411 1853 505 1923 qui
542 1866 644 1909 nec
672 1852 972 1921 sumptibus
1004 1862 1357 1922 pepercerunt
1394 1866 1495 1907 nec
1533 1851 1812 1907 laboribus
1836 1890 1854 1916 ,

256 1960 385 2002 eum
415 1946 486 2002 de
511 1945 811 2003 condendis
836 1954 891 2000 et
912 1943 1241 1999 adornandis
1270 1942 1522 1998 domibus
1553 1942 1663 1997 Deo
1690 1954 1863 1996 sacra'

256 2040 333 2094 tis
360 2048 539 2093 actum
578 2047 682 2094 est.
722 2037 938 2107 Lege~is
970 2037 1089 2092 libri
1135 2052 1174 2091 tt
1204 2036 1454 2091 Historia:
1494 2035 1673 2103 capita
1706 2030 1776 2085 Μ
1802 2039 1863 2088 et

268 2130 360 2196 £6,
393 2130 446 2184 in
472 2143 700 2199 quorum
732 2129 895 2197 priori
924 2128 1254 2182 Turonensis
1283 2126 1453 2181 sancti
1482 2124 1692 2179 Martini
1717 2122 1865 2178 basi-

264 2219 393 2288 lica,
423 2222 476 2275 in
504 2222 677 2276 altero
697 2221 870 2274 senior
889 2220 1116 2275 ecclesia
1142 2218 1497 2274 Arvernensis
1517 2215 1861 2273 describitur.

270 2313 558 2380 Marmora,
591 2314 851 2383 picturas,
879 2327 1065 2380 aurea,
1112 2321 1471 2382 argenteaque
1512 2318 1862 2375 ornamenta,

268 2405 415 2470 vela,
447 2404 680 2475 palliola,
717 2412 859 2459 tecta
888 2404 1001 2474 ipsa
1023 2418 1093 2457 ex
1137 2418 1246 2459 aere
1283 2401 1553 2469 confecta,
1586 2401 1653 2457 ad
1681 2417 1729 2456 οι
1744 2415 1869 2456 nan-

269 2497 370 2550 das
411 2494 668 2551 ecclesias
722 2494 962 2550 adhibita
1004 2494 1173 2549 fuisse
1215 2496 1414 2566 passim
1456 2501 1865 2550 commemorat.

272 2587 415 2642 Duas
442 2588 687 2642 ecclesia:
732 2588 1029 2656 praecipuas
1070 2595 1248 2655 partes
1294 2584 1458 2640 fuisse
1486 2600 1551 2639 ex
1579 2585 1769 2641 eodem
1802 2584 1872 2637 di‘

1963 1845 2212 1901 Vaticani
2240 1859 2384 1917 pars,
2408 1846 2460 1899 in
2486 1858 2587 1914 qua
2612 1843 2895 1900 beatorum
2922 1846 3299 1915 Apostolorum
3326 1860 3557 1916 corpora

1962 1939 2323 2010 requiescunt.
2355 1937 2448 1996 Sic
2473 1948 2533 1994 et
2561 1938 2739 1993 limina
2768 1939 2939 1994 sancti
2968 1940 3217 2006 Martini,
3248 1950 3340 1997 aut
3385 1943 3556 2001 sancti

1962 2028 2151 2086 Hilarii
2177 2030 2585 2101 appellabantur
2615 2030 2929 2086 eorumdem
2958 2041 3266 2088 sanctorum
3298 2034 3554 2103 basilicae,

1964 2123 2108 2193 quod
2139 2137 2265 2191 eas,
2296 2123 2378 2179 uti
2404 2132 2456 2179 et
2485 2122 2669 2176 limina
2697 2124 3061 2193 Apostolorum
3090 2124 3276 2181 Romae
3319 2127 3559 2184 existen-

1967 2212 2037 2268 tia
2068 2215 2333 2286 peregrini
2380 2215 2616 2270 invisere
2659 2214 2917 2269 solerent.
2950 2215 3196 2287 Legimus
3226 2218 3387 2273 etiam
3419 2219 3561 2290 apud

1966 2304 2286 2375 Gregorium
2318 2314 2623 2361 sanctorum
2657 2307 2913 2376 reliquias
2945 2311 3001 2363 in
3028 2311 3355 2380 baptisteriis
3385 2329 3561 2368 asser-

1968 2407 2117 2453 vatas
2145 2398 2310 2453 fuisse
2341 2416 2353 2451 :
2383 2386 2453 2453 at
2476 2398 2566 2453 illa
2596 2398 2910 2468 baptisteria
2949 2401 3163 2458 diversa
3212 2404 3280 2459 ab
3309 2406 3563 2461 oratoriis

1966 2493 2185 2547 een~eri
2215 2506 2321 2547 non
2346 2492 2567 2559 debent,
2598 2494 2739 2561 quod
2771 2495 2843 2549 ibi
2874 2510 2980 2550 non
3011 2497 3185 2551 solum
3211 2497 3561 2553 administra-

1972 2592 2123 2636 retur
2165 2583 2415 2653 baptismi
2461 2592 2889 2652 sacramentum,
2922 2585 3018 2642 sed
3062 2594 3117 2641 et
3158 2601 3311 2642 sacra
3351 2602 3566 2658 quoque

273 2680 496 2743 scinms,
525 2691 745 2745 capsum
772 2676 990 2747 (navim
1034 2676 1493 2747 interpretamur)
1522 2685 1577 2732 et
1604 2678 1872 2748 presbyte-
1974 2677 2262 2745 mysteria,
2312 2685 2368 2731 et
2404 2690 2597 2731 cursus
2626 2674 2793 2730 divini
2840 2677 3262 2734 celebrarentur.
3297 2680 3567 2751 Reliquias

272 2769 441 2835 rium,
474 2768 554 2822 sic
572 2766 799 2832 dictum,
821 2766 961 2836 quod
991 2766 1062 2821 ibi
1088 2767 1388 2838 presbyteri
1419 2774 1565 2821 stare
1588 2781 1874 2827 censuere.
1973 2767 2147 2824 sancti
2180 2765 2353 2837 Sergii
2391 2766 2641 2837 martyris
2666 2767 2719 2820 in
2759 2768 2962 2823 sublimi
2994 2771 3202 2838 parietis
3231 2780 3407 2825 contra
3434 2770 3569 2825 alta-

276 2864 408 2918 rint.
454 2858 831 2929 Nuucupatum
876 2869 962 2914 est
1002 2860 1168 2914 etiam
1226 2874 1330 2914 non
1378 2860 1547 2914 semel
1592 2859 1868 2925 altarium,
1970 2854 2737 2929 riumin'capsulareconditas
2758 2859 3009 2916 servabat
3031 2860 3321 2918 Eufronius
3349 2862 3569 2934 quidam

276 2952 423 3024 quod
464 2952 537 3008 ibi
566 2952 737 3006 altare
783 2949 958 3021 majus
981 2951 1293 3007 exsisteret.
1326 2952 1644 3020 Analogium
1674 2951 1729 3006 in
1773 2950 1876 3004 Ec-
1976 2951 2147 3021 Syrus
2175 2951 2229 3005 in
2257 2950 2420 3004 domo
2444 2963 2563 3015 sua,
2590 2964 2751 3018 quam
2777 2950 2914 3020 apud
2948 2951 3286 3021 Burdigalam
3318 2954 3369 3007 in
3392 2953 3570 3008 eccle-

278 3044 445 3100 clesia
461 3043 633 3100 sancti
651 3042 953 3100 Venerandi
973 3042 1113 3113 apud
1135 3044 1405 3099 Arvernos
1421 3043 1695 3099 exstitisse
1711 3052 1874 3099 testa-
1918 3113 1942 3115 _
1978 3044 2113 3097 siam
2137 3043 2470 3097 convertisse
2493 3052 2822 3097 memoratur
2837 3043 2975 3113 apud
2999 3043 3312 3115 Gregorium
3339 3046 3476 3101 libro
3500 3061 3572 3101 vn

281 3146 373 3193 tur
402 3137 455 3191 in
481 3136 617 3191 libro
647 3136 715 3190 de
742 3133 919 3190 Gloria
948 3136 1355 3202 Gonl’essorum,
1396 3138 1573 3201 capite
1596 3136 1687 3201 57,
1729 3136 1870 3207 quod
1899 3113 1948 3178 ο
1980 3134 2248 3199 Historia,
2273 3135 2447 3203 capite
2470 3132 2563 3188 5i.
2602 3135 2709 3193 Sed
2746 3142 2803 3189 et
2832 3134 2886 3189 in
2929 3135 3050 3190 aliis
3078 3113 3277 3207 passim
3322 3137 3454 3192 locis
3481 3152 3572 3192 oc-

285 3227 574 3282 Lribunalis
597 3228 815 3281 nomine
836 3228 968 3281 alias
988 3226 1275 3295 designare
1300 3229 1529 3282 videtur.
1560 3228 1634 3282 lbi
1662 3229 1872 3296 episco-

285 3330 388 3385 pus
431 3316 876 3382 concionabatur,
907 3332 1013 3387 quo
1050 3320 1210 3370 etiam
1254 3319 1307 3372 in
1357 3317 1475 3372 loco
1518 3317 1769 3386 Epistolas
1818 3328 1875 3374 et

287 3407 580 3477 Evangelia
600 3408 980 3477 legebanturin
999 3409 1351 3463 conventibus
1369 3410 1595 3479 publicis
1609 3410 1871 3465 lidelium.

287 3498 537 3568 Analogii
577 3500 777 3553 veteris
815 3508 1118 3553 accuratam
1147 3499 1565 3566 descriptionem
1607 3516 1673 3556 ex
1702 3502 1873 3557 sancti

287 3588 579 3645 Clementis
603 3592 832 3645 ecclesia
857 3588 1041 3645 Romae
1070 3591 1237 3645 habes
1266 3593 1405 3661 apud
1433 3592 1792 3648 Mabillonium
1821 3595 1875 3649 in

288 3680 687 3736 Gottimentario
699 3682 898 3750 pratvio
909 3682 978 3736 ad
998 3682 1241 3737 ordinem
1261 3682 1583 3752 llomanum,
1606 3685 1693 3739 ubi
1713 3686 1875 3740 etiam

288 3771 410 3841 ejus
431 3770 875 3842 icbnographiam
917 3779 1292 3842 representat.
1323 3774 1489 3828 Erant
1520 3786 1778 3844 praeterea
1800 3791 1881 3831 ec-

289 3866 577 3920 clesiarum
602 3865 858 3934 porticus,
899 3875 1124 3934 cryptae,
1152 3879 1216 3920 ac
1239 3880 1619 3936 nonnunquam
1647 3872 1880 3924 oratoria

291 3956 729 4025 ipsis'adjuncta,
752 3971 872 4026 qua:
896 3964 956 4011 et
979 3970 1074 4011 sua
1105 3956 1376 4012 habebant
1413 3958 1625 4014 altaria.
1657 3959 1796 4027 Quin
1827 3970 1883 4017 et

292 4046 448 4118 plura
477 4048 534 4103 in
564 4049 719 4102 unica
756 4047 979 4103 basilica
1010 4049 1244 4104 oratoria
1290 4064 1673 4119 nonnunquam
1714 4051 1884 4111 fuisse

293 4156 363 4196 ex
406 4141 588 4198 multis
619 4138 863 4211 Gregorii
894 4141 1030 4197 locis
1062 4140 1221 4197 facile
1263 4144 1586 4212 probaretur
1614 4160 1630 4197 :
1658 4143 1777 4214 lege
1805 4144 1886 4198 lli-

294 4232 516 4288 storiani
529 4233 666 4288 libro
680 4249 709 4287 v
724 4234 901 4303 capite
912 4234 1113 4300 50,etc.
1128 4234 1401 4290 Ecclesias
1414 4248 1543 4291 vero
1551 4235 1884 4304 complures,

292 4325 527 4381 oratoria
579 4336 636 4382 et
681 4326 869 4383 altaria
920 4341 952 4382 a
1000 4343 1062 4383 se
1108 4338 1425 4385 consecrata
1479 4328 1647 4385 luisse
1698 4330 1889 4385 scribit

304 4418 428 4474 libri
453 4435 509 4487 x,
532 4418 714 4489 capite
739 4420 950 4486 ultimo,
975 4420 1070 4477 sed
1090 4420 1447 4478 dedicationis
1467 4421 1710 4477 ecclesiae
1729 4436 1888 4478 caere-

1974 3233 2203 3280 currunt
2240 3234 2546 3280 sanctorum
2580 3226 2770 3281 tumuli
2809 3228 2860 3281 in
2893 3226 3239 3283 ecclesiarum
3281 3229 3574 3309 parjetibus

1977 3318 2193 3385 inclusi,
2226 3330 2322 3373 seu
2353 3318 2531 3387 potius
2561 3319 2614 3371 in
2646 3319 2897 3385 arcubus,
2929 3321 3018 3387 qui
3053 3319 3191 3374 intra
3218 3321 3365 3389 ipsos
3394 3320 3575 3390 parie-

1977 3417 2057 3462 tes
2087 3408 2384 3462 constructi
2407 3417 2581 3463 erant.
2617 3409 2896 3479 Nunquam
2934 3418 3413 3465 ver0‘sanctorum
3443 3412 3575 3466 reli-

1990 3498 2143 3568 quius
2169 3514 2334 3569 super
2357 3501 2547 3568 altare,
2568 3500 2667 3556 nisi
2687 3500 2914 3557 fortasse
2935 3501 3251 3559 brevissimo
3272 3504 3574 3569 intervallo,

1986 3590 2260 3658 deponere
2274 3590 2356 3645 las
2376 3590 2673 3661 fuit,jquod
2690 3593 2902 3647 nonnisi
2920 3592 2971 3647 in
2998 3606 3181 3648 earum
3212 3594 3577 3649 translationi-

1987 3681 2105 3745 bus,
2130 3691 2224 3735 aut
2249 3682 2730 3751 supplicationibus
2761 3684 3005 3753 publicis,
3033 3686 3121 3740 vix
3142 3685 3571 3755 permittebatur.

2052 3771 2142 3826 53.
2159 3775 2476 3829 Sanctorum
2491 3776 2680 3829 tumuli
2699 3775 2874 3845 palliis
2886 3775 3085 3846 operiri
3097 3788 3507 3844 consueverant,
3521 3786 3579 3833 et

1981 3861 2236 3918 cancellis
2264 3864 2485 3933 includi,
2515 3866 2562 3921 si
2584 3881 2808 3936 magnus
2828 3875 2973 3922 esset
2996 3866 3065 3921 ad
3099 3866 3221 3922 illos
3251 3869 3571 3938 populorum

1982 3969 2316 4023 concursus;
2355 3957 2557 4012 ciboria
2597 3959 2755 4012 etiam
2786 3973 2949 4027 super
2976 3959 3123 4027 ipsos
3168 3961 3578 4017 exstruebantur

1984 4060 2039 4105 et
2069 4049 2254 4116 fredm,
2283 4050 2336 4104 id
2370 4060 2452 4105 est
2481 4051 2813 4117 umbracula,
2840 4050 3035 4120 quibus
3066 4052 3120 4107 in
3154 4053 3443 4124 pyramidis
3464 4069 3579 4109 mo—

1986 4141 2112 4195 dum
2153 4140 2521 4196 desinentibus
2559 4155 2940 4212 nonnunquam
2970 4157 3098 4197 crux
3144 4143 3197 4198 in
3230 4142 3442 4215 fastigio
3476 4146 3580 4201 im-

1988 4234 2162 4304 posita
2201 4243 2339 4298 erat,
2374 4242 2431 4287 ut
2459 4232 2527 4289 de
2555 4233 2764 4288 tumulo
2792 4234 2964 4289 sancti
2988 4234 3183 4290 Juliani
3207 4237 3458 4307 martyris
3479 4237 3583 4294 ob-

1990 4335 2172 4381 servat
2193 4325 2502 4394 Gregorius,
2532 4324 2707 4393 capite
2733 4323 2803 4378 20
2823 4323 2942 4395 ejus
2967 4326 3362 4383 Miraculorum.
3390 4327 3582 4384 Grucis

1991 4415 2110 4471 loco
2138 4415 2407 4471 nonnullis
2431 4416 2603 4471 inerat
2631 4416 2878 4471 columba
2905 4458 2918 4481 ,
2949 4416 3121 4486 qualis
3144 4420 3421 4475 exstitisse
3451 4422 3585 4476 dici-

290 4510 508 4565 .monias
534 4511 840 4582 singulatim
867 4513 1087 4583 exponit
1118 4516 1172 4568 in
1213 4515 1353 4570 libro
1377 4514 1446 4570 de
1466 4514 1647 4570 Gloria
1672 4513 1887 4571 Gont‘es-
1914 4489 1965 4551 Ῑ)
1994 4516 2079 4564 lur
2146 4522 2308 4578 supra
2370 4508 2512 4564 beati
2570 4508 2811 4579 Dionysii
2872 4510 3181 4579 sepulcrum
3248 4512 3302 4567 in
3375 4514 3514 4569 libro
3569 4530 3587 4569 t

292 4618 504 4673 eorum,
535 4608 712 4674 capite
754 4605 825 4659 20
844 4648 860 4674 ,
892 4607 982 4663 ttbi
1011 4608 1233 4662 oratorii
1261 4607 1346 4661 sui
1371 4606 1764 4663 dedicationem
1793 4607 1888 4663 de-
1990 4602 2059 4657 de
2080 4600 2261 4657 Gloria
2310 4610 2630 4673 martyrum,
2674 4605 2848 4673 capite
2879 4605 2966 4659 72.
3001 4604 3256 4661 Coronam
3293 4616 3471 4664 autem
3498 4624 3587 4666 se-

298 4698 505 4753 scribit.
542 4698 746 4753 Altaria
787 4709 965 4756 autem
999 4713 1316 4755 consecrare
1339 4699 1543 4769 absque
1580 4711 1885 4755 sanctorum
1991 4697 2163 4768 pulcri
2201 4699 2343 4755 beati
2382 4700 2590 4755 Martini
2622 4740 2637 4764 ,
2666 4714 2785 4770 quae
2817 4700 2932 4770 ejus
2965 4701 3218 4757 meritum
3249 4701 3582 4769 declarabat,

292 4792 538 4862 reliquiis
563 4792 714 4849 nefas
749 4802 888 4848 erat.
919 4793 1072 4849 Unde
1098 4793 1367 4849 Palladius
1400 4793 1754 4849 Santonensis
1775 4792 1889 4861 epi-
1991 4806 2023 4846 a
2047 4791 2237 4847 Chuno
2259 4792 2488 4866 quodam
2536 4804 2743 4863 raptam
2776 4792 2940 4849 fuisse
2988 4802 3252 4851 memorat
3293 4794 3428 4851 libro
3456 4810 3475 4851 ι
3515 4796 3585 4850 de

297 4899 497 4957 scapus
538 4901 567 4941 a
614 4896 804 4943 sancto
847 4886 1110 4958 Gregorio
1149 4903 1285 4957 papa
1326 4888 1591 4956 ejusmodi
1631 4885 1887 4956 reliquias

295 4979 570 5048 poposcit,
592 4994 728 5050 quas
756 4980 812 5035 in
844 4980 1103 5035 altaribus
1125 4995 1152 5033 a
1176 4995 1237 5035 se
1263 4981 1553 5035 exstructis
1580 4988 1887 5051 reponeret.

371 5070 466 5125 52.
504 5069 775 5142 Reliquias
800 5080 1104 5127 sanctorum
1126 5071 1358 5141 appellat
1379 5071 1687 5141 Gregorius,
1713 5070 1888 5127 velum

297 5163 535 5235 sepulcri
564 5163 790 5235 alicujus
818 5166 1011 5230 sancti,
1041 5172 1133 5217 aut
1171 5164 1385 5233 pallium
1414 5163 1654 5234 ejusdem
1686 5163 1893 5218 tumulo

298 5258 634 5330 impositum,
655 5275 860 5328 ceram,
884 5268 977 5315 aut
996 5261 1176 5315 oleum
1196 5274 1262 5315 ex
1291 5258 1627 5329 lampadibus
1647 5268 1700 5314 et
1721 5257 1894 5314 cereis

298 5353 394 5421 qui
422 5354 493 5408 ibi
516 5353 714 5409 ardere
741 5354 1012 5419 solebant;
1045 5352 1171 5409 item
1202 5353 1480 5423 pulverem
1508 5351 1701 5408 exinde
1726 5350 1895 5408 colle—

297 5452 471 5513 ctum,
499 5444 753 5501 herbulas
776 5454 867 5499 aut
894 5444 1055 5501 liores
1084 5443 1158 5498 ibi
1190 5443 1484 5514 appositas,
1516 5442 1724 5511 aliaque
1752 5440 1896 5511 ejus-

300 5534 469 5591 modi.
491 5536 814 5593 Sanctorum
838 5545 1015 5589 tamen
1036 5534 1257 5604 aliquot,
1275 5526 1510 5588 maxime
1527 5531 1893 5600 orientalium,

299 5641 425 5683 ossa
480 5626 839 5695 habebantur,
890 5642 1012 5698 quae
1059 5629 1221 5684 etiam
1271 5626 1625 5699 Reliquiarum
1682 5628 1899 5683 nomine

301 5715 446 5778 idem
478 5728 666 5779 auctor
702 5718 970 5790 designat.
1018 5717 1297 5788 Ejusmodi
1340 5719 1579 5789 reliquiae
1622 5719 1677 5793 in
1722 5719 1900 5790 lapide

1994 4884 2266 4940 Miraculis
2285 4884 2525 4955 ejusdem
2550 4886 2743 4952 sancti,
2766 4887 2941 4956 capite
2956 4885 3012 4942 2.
3047 4885 3171 4941 Haec
3184 4902 3346 4957 porro
3374 4884 3586 4941 videtur

1996 4974 2167 5031 fuisse
2197 4978 2495 5031 sanctitatis
2517 4985 2663 5041 nota,
2688 4977 2733 5032 si
2756 4978 2843 5032 cui
2897 4977 3103 5033 tumulo
3153 4978 3374 5047 pallium
3407 4977 3589 5044 impo-

2000 5076 2238 5124 neretur.
2275 5068 2411 5123 llinc
2437 5068 2728 5139 Gregorius
2756 5068 3027 5134 observat,
3059 5069 3316 5123 honorem
3345 5066 3589 5123 debitum

1999 5173 2186 5217 sancto
2240 5162 2451 5217 cuidam
2504 5162 2817 5235 presbytero
2879 5164 3180 5233 impensum
3237 5177 3346 5218 non
3392 5162 3586 5230 fuisse,

2002 5255 2143 5326 quod
2181 5256 2416 5311 tumulus
2456 5257 2575 5326 ejus
2604 5258 2758 5313 alteri
2786 5259 3007 5328 junctus
3040 5270 3137 5310 nec
3168 5255 3349 5311 ornari
3404 5256 3592 5328 pallio,

2006 5365 2106 5405 nec
2125 5350 2299 5405 cereis
2326 5350 2580 5405 illustrari
2609 5350 2947 5422 propterloci
2972 5348 3269 5418 angustiam
3302 5348 3591 5418 potuisset.

2005 5441 2179 5513 Atque
2210 5440 2297 5497 hic
2336 5451 2462 5497 tunc
2498 5452 2612 5498 erat
2634 5441 2890 5498 solemnis
2918 5440 3267 5496 canonizandi
3294 5484 3310 5510 ,
3349 5452 3404 5496 ut
3436 5439 3596 5497 hodie

2004 5533 2291 5605 loquimur,
2313 5532 2539 5606 alicujus
2557 5534 2726 5589 sancti
2741 5534 2897 5602 ritus,
2917 5534 2961 5588 si
2976 5532 3090 5604 ejus
3102 5548 3300 5604 corpus
3315 5544 3505 5595 eterra
3527 5535 3595 5586 ab

2006 5625 2269 5696 Episcopo
2320 5626 2633 5691 levaretur,
2693 5625 2845 5680 altari
2888 5625 3319 5695 supponendum.
3374 5625 3592 5679 Catenae

2009 5728 2207 5791 autem,
2239 5719 2545 5790 compedes,
2569 5718 2779 5789 aliaquo
2809 5718 3073 5790 ejusmodi
3100 5715 3438 5774 anathemata
3462 5728 3587 5772 saa-
