4086 6328
546 292 610 348 ιι
2006 281 2129 337 ΡΒΑ

2233 281 2395 338 ιτιυ.
2640 242 2650 254 ’
3740 286 3814 340 ts

544 415 753 471 etorum
809 403 1064 472 sepulcris
1109 403 1140 456 ii
1172 401 1546 471 appendebant
1575 441 1588 463 ,
1623 399 1713 468 qui
1744 413 1928 451 eorum
1964 397 2124 451 inter-
2154 397 2205 454 Λ
2231 407 2608 463 nonnunQuam
2625 401 2862 458 ornatas.
2888 395 3160 464 lampades
3182 395 3233 448 in
3256 395 3498 451 ecclesiis
3520 410 3810 466 appensas,

542 497 872 553 cessionibus
899 511 957 548 se
1009 495 1261 550 liberatos
1283 510 1345 548 ac
1387 494 1682 546 incolumes
1720 492 1952 545 evasisse
1983 489 2117 542 arbi-

541 589 842 650 trabantur,
861 601 924 640 ex
952 586 1084 640 Vitis
1109 587 1343 647 Patrum,
1369 599 1483 653 cap.
1503 585 1557 639 8.
1579 583 1690 636 lluc
1711 581 1866 635 etiam
1883 581 2126 634 solebant

541 678 829 733 convenire
844 677 938 740 illi,
957 677 1044 745 qui
1063 677 1311 746 gravibus
1330 676 1396 728 de
1414 676 1591 729 causis
1605 673 1838 726 accusati
1855 672 2124 739 iuramen-

541 779 597 823 to
620 785 678 824 se
693 770 833 838 ipsos
848 784 1074 838 purgare
1090 769 1426 823 tenebantur.
1443 767 1572 832 Qua:
1584 765 1799 832 quidem
1817 779 2122 816 sacramen-

543 871 593 914 ta
615 860 936 929 quandoque
954 859 1004 912 in
1025 858 1372 914 ecclesiarum
1394 855 1684 924 porticibus
1702 896 1717 920 ,
1749 867 2123 920 nonnunquam

541 953 595 1006 in
628 952 744 1020 ipso
773 952 1029 1017 sacrario,
1062 959 1156 1003 aut
1200 948 1432 1015 denique
1461 955 1600 1000 tacto
1641 946 1757 1013 ipso
1785 945 2012 1007 tumulo,
2035 952 2126 996 aut

542 1043 720 1109 altari,
750 1043 872 1096 data
903 1041 1066 1096 fuisse
1104 1041 1352 1110 legimus.
1380 1040 1446 1092 At
1490 1037 1760 1092 insolitum
1788 1035 2008 1089 omnino
2031 1033 2128 1088 fuit

543 1133 676 1186 illud
712 1132 1114 1202 juramentum,
1156 1129 1298 1198 quod
1328 1143 1357 1182 a
1411 1138 1598 1182 nostro
1644 1126 1902 1194 Gregorio
1953 1125 2130 1193 exegit

542 1223 892 1291 Cbilpericus,
927 1230 986 1275 ut
1025 1221 1231 1275 scilicet
1280 1220 1438 1274 dictis
1481 1217 1657 1273 Missis
1694 1217 1760 1270 ad
1812 1215 1996 1269 altaria
2030 1216 2128 1268 tria

539 1331 689 1369 suam
721 1315 1079 1370 innocentiam
1124 1321 1467 1367 sacramento
1505 1309 1847 1380 approbaret.
1883 1307 2015 1362 Illud
2049 1316 2128 1360 ta-

540 1423 660 1464 men
695 1409 943 1477 praestitit
965 1416 1185 1462 sanctus
1206 1405 1460 1468 antistes,
1487 1403 1617 1457 licet
1659 1400 2130 1456 fueritcanonibus

538 1497 887 1564 contrarium,
919 1511 988 1552 ne
1016 1494 1156 1564 apud
1187 1508 1367 1564 regem
1396 1493 1537 1546 laesa:
1567 1489 1863 1560 majestatis
1887 1503 2014 1544 reus
2037 1487 2132 1539 lia-

539 1589 770 1646 beretur.

609 1681 695 1735 54.
743 1680 841 1736 Jus
880 1679 1013 1750 asyli
1061 1679 1304 1734 ecclesiis
1328 1688 1383 1734 et
1433 1677 1567 1732 locis
1606 1676 1774 1731 sacris
1819 1688 2130 1730 concessum

542 1775 797 1843 exemplis
826 1783 882 1828 et
904 1774 1116 1842 scriptis
1137 1774 1368 1827 asseruit
1397 1770 1707 1841 Gregorius.
1741 1769 1816 1823 lta
1838 1784 1968 1822 vero
1998 1767 2128 1834 ipsis
2159 1762 2207 1824 B

540 1867 696 1921 etiam
730 1866 943 1935 regibus
973 1864 1298 1918 inviolabilis
1328 1862 1608 1917 videbatur
1651 1861 1739 1914 illa
1771 1859 2122 1914 ecclesiarum

544 1955 878 2019 immunitas,
903 1965 959 2009 ut
987 1955 1271 2024 nequidem
1296 1954 1439 2008 liesae
1469 1953 1767 2023 majestatis
1791 1966 1912 2007 reos
1944 1966 1974 2004 a
1997 1951 2130 2006 locis

546 2051 716 2105 sacris
739 2059 1008 2104 extractos
1031 2050 1207 2103 necari
1233 2063 1387 2117 posse
1415 2056 1717 2102 censerent.
1750 2044 2128 2114 Depreltensus

546 2143 719 2198 fuerat
764 2143 815 2195 in
861 2141 1089 2195 ecclesia
1129 2141 1304 2198 sancti
1353 2139 1586 2193 Marcelli
1613 2153 1781 2207 prope
1819 2137 2128 2191 Cabilonem

544 2233 769 2288 sicarius
800 2233 1038 2302 quidam,
1071 2232 1161 2302 qui
1185 2232 1575 2286 Guntramnum
1607 2246 1784 2300 regem
1815 2231 1866 2283 in
1895 2230 2004 2297 ipsa
2037 2243 2129 2284 ec-

542 2326 706 2380 clesia
719 2325 960 2379 occidere
975 2335 1088 2378 erat
1105 2333 1316 2392 paratus
1340 2366 1355 2388 ,
1376 2333 1433 2376 ut
1458 2322 1849 2376 narraturlibro
1867 2338 1917 2375 rx
1951 2320 2128 2375 Histo-

542 2417 657 2481 rize,
687 2417 860 2486 capite
892 2416 943 2469 5.
971 2415 1097 2471 inde
1141 2427 1318 2470 tamen
1359 2414 1611 2469 eductum
1640 2413 1800 2482 jussit
1829 2428 1920 2467 rex
1953 2411 2130 2466 vivum

543 2507 760 2573 dimitti,
791 2509 912 2576 quia
943 2507 1086 2575 nefas
1107 2507 1327 2576 putarit,
1358 2507 1401 2559 si
1430 2507 1472 2558 is
1490 2506 1576 2573 qui
1595 2509 1658 2558 ab
1688 2503 1898 2559 ecclesia
1921 2504 2133 2558 eductus

545 2602 741 2670 fuerat,
790 2608 1130 2653 truncaretur.
1173 2598 1352 2654 Simili
1398 2597 1721 2668 indulgentia
1761 2596 2134 2652 Childebertus

546 2690 946 2744 Austrasiorum
969 2705 1063 2744 rex
1081 2690 1368 2755 nonnullis,
1396 2690 1483 2758 qui
1507 2687 1888 2756 conjurationis
1916 2687 1970 2740 in
1995 2687 2134 2755 seip-

545 2797 664 2836 sum
734 2779 876 2835 inita:
934 2781 1164 2835 accusati
1225 2780 1471 2843 fuerant,
1521 2794 1578 2834 se
1617 2780 1941 2848 parciturum
1988 2791 2132 2843 esse,

548 2876 708 2929 etiam
750 2876 857 2929 reis
881 2915 896 2939 ,
926 2873 1194 2942 pollicitus
1227 2883 1326 2937 est,
1367 2872 1505 2941 quod
1545 2871 1610 2925 ad
1645 2873 1924 2927 ecclesiam
1949 2871 2136 2924 confu-

547 2965 770 3032 gissent.
823 2961 1254 3028 Promissionem,
1311 2963 1481 3030 inquit
1539 2962 1810 3031 piissimus
1872 2978 1967 3016 rex
1993 2960 2133 3030 apud

551 3053 867 3124 Gregorium
893 3055 1027 3110 libro
1058 3071 1132 3119 ut,
1157 3055 1329 3123 capite
1361 3055 1460 3118 38,
1491 3053 1663 3107 habete
1691 3054 1755 3107 de
1783 3054 1908 3120 vita,
1937 3049 2133 3106 etiamsi

2228 483 2566 549 candelabra,
2608 487 2800 539 vexilla
2835 501 2929 540 seu
2969 487 3140 556 signa,
3171 502 3285 556 qua:
3315 488 3366 541 in
3399 489 3813 557 supplicationi-

2232 574 2329 628 bus
2369 590 2464 628 seu
2497 576 2924 642 processionibus
2978 576 3172 631 deferri
3239 577 3503 647 solebant,
3535 592 3623 633 aut
3665 589 3816 636 certe

2227 678 2344 717 cum
2394 664 2569 719 clerus
2605 675 2659 719 et
2700 666 2924 734 populus
2973 667 3081 736 regi
3131 679 3219 721 aut
3249 669 3510 736 episcopis
3546 670 3594 722 in
3623 671 3815 726 urbem

2231 752 2634 807 advenientibus
2686 755 2832 808 obvii
2875 758 3247 823 procederent.
3293 758 3419 812 Haec
3459 775 3588 814 vero
3633 763 3816 817 omnia

2230 853 2410 896 sancta
2449 852 2500 896 et
2534 843 2640 896 Deo
2660 843 2831 897 dicata
2875 848 3160 912 reputabat
3205 847 3288 915 pia
3333 847 3565 903 ﬁdelium
3599 851 3812 921 religio,

2231 940 2288 984 ut
2337 933 2537 1001 absque
2586 934 2864 1005 sacrilegio
2895 935 2962 988 ad
2998 936 3246 1004 profanos
3285 954 3412 994 usus
3435 939 3676 995 adhberi
3703 959 3813 1000 non

2233 1038 2387 1090 posse
2410 1035 2712 1092 censerent,
2742 1041 2966 1095 quorum
2989 1029 3185 1096 saepius
3214 1031 3296 1084 vel
3320 1031 3437 1085 solo
3468 1042 3609 1087 tactu
3635 1035 3816 1088 mede-

2231 1113 2336 1167 lam
2373 1113 2475 1168 sibi
2496 1114 2670 1170 aﬂerri
2707 1131 2862 1184 posse
2903 1117 3298 1174 existimabant.
3341 1119 3508 1174 Immo
3539 1123 3677 1177 inter
3701 1125 3819 1179 bare

2233 1207 2989 1278 computabantvelsignorum
3005 1225 3098 1265 seu
3111 1225 3489 1280 campanarum
3517 1216 3695 1278 funes,
3725 1225 3824 1270 aut

2232 1297 2412 1351 claves
2437 1298 2588 1366 queis
2617 1298 2860 1354 ecclesia:
2882 1302 3019 1354 ostia
3062 1303 3468 1371 reserabantur,
3493 1313 3552 1358 ut
3573 1307 3821 1362 omittam

2233 1390 2414 1445 claves
2442 1391 2561 1446 illas
2591 1391 2759 1446 Roma
2782 1393 2972 1448 allatas
2997 1435 3013 1461 ,
3043 1410 3176 1464 quas
3201 1395 3396 1450 alicubi
3433 1409 3825 1456 commemorat

2235 1480 2544 1550 Gregorius.
2576 1483 2770 1539 Claves
2795 1500 2924 1540 vero
2975 1485 3320 1542 basilicarum
3360 1490 3679 1560 quandoque
3698 1494 3822 1547 ani-

2235 1573 2464 1628 malibus
2513 1577 2919 1643 imprimebant,
2955 1587 3012 1632 ut
3055 1593 3150 1634 eos
3178 1589 3318 1634 auta
3345 1582 3431 1636 lue
3452 1597 3609 1652 quam
3634 1585 3823 1642 incur-

2234 1676 2417 1722 rerant
2458 1669 2777 1734 liberarent,
2805 1680 2897 1724 aut
2927 1680 3070 1725 certe
3098 1672 3465 1730 imminentem
3491 1686 3821 1733 averterent.

2305 1756 2393 1810 56.
2425 1758 2528 1813 Sed
2570 1769 2624 1813 et
2670 1769 2883 1816 veteres
2927 1777 3167 1832 quasque
3222 1765 3512 1822 Gallicana
3566 1767 3825 1826 Ecclesia:

2231 1849 2642 1905 consuetudines
2672 1852 2845 1920 quivis
2886 1867 2953 1906 ex
2996 1853 3240 1924 Gregorii
3272 1859 3439 1911 nostri
3474 1858 3701 1915 lectione
3739 1863 3824 1916 fa-

2232 1941 2333 1995 cile
2372 1941 2755 2009 deprehendet.
2813 1944 2970 1998 Tales
2991 1956 3115 1999 sunt
3147 1956 3449 2002 sanctorum
3479 1950 3640 2004 etiam
3684 1953 3826 2007 Con-

2234 2033 2494 2085 t'essorum
2543 2034 2855 2088 festivitates
2886 2074 2901 2099 ,
2960 2050 3078 2104 qua:
3107 2046 3231 2092 tunc
3271 2041 3528 2108 temporis
3569 2041 3622 2095 in
3656 2041 3827 2098 Gallia

2232 2123 2682 2190 celebrabantur;
2733 2126 3025 2182 Dominicze
3070 2129 3178 2182 diei
3223 2131 3526 2187 observatio
3565 2133 3636 2186 ita
3667 2149 3824 2190 accu-

2234 2224 2349 2270 rate
2377 2225 2589 2269 servata
2612 2260 2626 2283 ,
2660 2226 2717 2270 ut
2744 2233 2772 2271 a
2817 2219 3004 2287 primis
3037 2221 3300 2289 vesperis,
3334 2222 3386 2276 id
3435 2234 3520 2279 est
3551 2226 3828 2280 asabbato

2235 2311 2699 2380 prmcedentipost
2747 2312 3049 2380 meridiem,
3109 2315 3467 2370 inchoaretur.
3500 2317 3670 2384 Quam
3698 2335 3823 2374 cum

2235 2402 2524 2457 violassent
2552 2404 2810 2471 nonnulli,
2836 2404 3090 2460 divinitus
3116 2407 3284 2475 puniti
3327 2409 3559 2463 fuerunt.
3585 2411 3799 2477 Quadra

2234 2493 2490 2562 gesimam
2518 2505 2755 2548 sanctam
2779 2510 2886 2548 non
2915 2497 3082 2550 semel
3106 2499 3286 2552 laudat
3318 2499 3455 2552 idem
3479 2509 3688 2554 auctor.
3716 2501 3828 2556 Sed

2237 2584 2599 2638 memorabilia
2642 2594 2766 2638 sunt
2809 2586 2950 2641 illius
2973 2588 3134 2641 verba
3167 2589 3217 2640 in
3278 2590 3406 2643 Vitis
3444 2590 3678 2658 Patrum,
3735 2607 3828 2647 ca-

2236 2675 2345 2745 pite
2376 2676 2461 2742 15,
2488 2676 2578 2730 ubi
2608 2677 2964 2747 Quadraginta
2989 2680 3098 2732 dies
3128 2692 3534 2746 commemorat,
3557 2701 3684 2752 quos
3705 2694 3828 2740 ante

2237 2770 2501 2836 paschalia
2549 2773 2680 2839 festa
2735 2771 2790 2823 in
2846 2787 3046 2825 summa
3087 2773 3205 2826 duci
3253 2775 3556 2828 abstinentia
3610 2775 3826 2832 Patrum

2237 2863 2411 2915 sanxit
2438 2863 2735 2916 auctoritas.
2768 2863 3032 2918 Describit
3063 2865 3413 2934 Rogationum
3451 2883 3546 2924 seu
3593 2870 3827 2925 Litania-

2237 2968 2354 3008 rum
2381 2953 2532 3018 ritus,
2567 2964 2815 3023 quatrum
2848 2956 3121 3010 nonnullae
3157 2959 3314 3011 statis
3353 2959 3544 3014 diebus
3593 2961 3708 3017 licri
3738 2978 3826 3018 so-

2239 3043 2456 3108 lebant;
2490 3045 2611 3098 alia:
2634 3059 2761 3099 vero
2786 3060 2905 3100 cum
2936 3047 3110 3117 aliqua
3143 3049 3415 3118 ingrueret
3453 3052 3656 3120 publica
3682 3056 3827 3108 cala-

548 3146 832 3216 culpabiles
874 3147 1221 3200 inveniamini.
1268 3145 1548 3199 Christiani
1589 3146 1720 3197 enim
1749 3161 1963 3208 sumus;
1990 3145 2133 3211 nefas
2157 3130 2206 3194 C
2241 3137 2415 3190 muas-
2457 3137 2658 3203 Quibus
2692 3139 2852 3192 etiam
2890 3140 3217 3208 temporibus
3250 3156 3438 3210 preces
3468 3145 3712 3213 publicae.
3747 3148 3826 3204 vi-

542 3248 611 3292 est
657 3239 790 3290 enim
838 3237 915 3291 vel
969 3239 1266 3291 criminosas
1318 3236 1379 3289 ab
1425 3236 1638 3290 ecclesia
1679 3237 1887 3290 eductos
1923 3236 2126 3304 punire.

542 3325 757 3383 Exinde
785 3329 1019 3383 celebria
1051 3329 1199 3383 fuere
1229 3328 1294 3382 ad
1321 3342 1625 3383 sane.orum
1651 3327 1897 3382 basilicas
1935 3325 2128 3380 confu-

549 3417 658 3485 gia,
686 3430 788 3486 qua
819 3417 1153 3474 immunitate
1194 3432 1298 3472 non
1328 3418 1486 3472 modo
1522 3419 1647 3486 ipsa:
1671 3415 1905 3470 basilica:
1927 3416 2129 3485 gaude-

546 3508 692 3575 bant,
717 3510 808 3564 sed
834 3511 1003 3564 multa
1026 3511 1241 3578 insuper
1256 3510 1478 3564 aedilicia
1502 3519 1555 3564 et
1589 3509 1704 3563 loca
1732 3510 1835 3563 illis
1857 3509 2127 3576 adjuncta,

545 3599 597 3654 in
630 3597 820 3668 quibus
850 3609 964 3656 tuto
1007 3602 1116 3657 reis
1147 3601 1328 3656 vivere
1358 3614 1671 3655 concessum
1707 3610 1842 3655 erat.
1885 3600 2130 3670 Ejusmo-

548 3689 945 3746 dicelebriores
971 3689 1118 3746 fuere
1140 3692 1380 3748 ecclesia:
1410 3691 1580 3746 sancti
1619 3691 1800 3746 Hilarii
1829 3691 2130 3746 Pictavien.

546 3779 660 3845 sis,
695 3783 863 3836 sancti
896 3782 1100 3836 Martini
1146 3783 1288 3852 apud
1339 3783 1605 3850 Turonos,
1651 3785 1820 3838 sancti
1875 3784 2130 3838 Germani

548 3872 923 3940 Antissiodori,
951 3878 1119 3931 sancti
1143 3875 1367 3947 Remigii
1391 3877 1628 3944 Rhemis,
1661 3888 1715 3934 et
1745 3880 1862 3935 alite
1888 3883 2131 3950 complu-

544 3980 652 4032 res,
683 3984 797 4036 qure
830 3969 1025 4038 passim
1057 3970 1196 4040 apud
1223 3971 1541 4042 Gregorium
1573 3972 1693 4027 data
1712 3974 1995 4030 occasione
2021 3991 2132 4031 me-

545 4069 839 4114 morantur.

619 4151 707 4206 55.
761 4154 1118 4211 Ecclesiarum
1169 4170 1483 4216 ornamenta
1512 4177 1616 4217 non
1669 4163 1722 4218 in
1766 4178 1874 4220 uno
1899 4164 2018 4221 loco
2049 4180 2134 4222 re-

549 4251 731 4296 censet
767 4241 1054 4313 Gregorius
1081 4287 1096 4310 ,
1135 4247 1248 4301 vela
1303 4250 1509 4305 scilicet
1550 4254 1839 4320 parietibus
1877 4264 1933 4309 et
1979 4256 2135 4311 ostiis

553 4347 785 4400 appensa
819 4376 835 4399 ,
864 4345 955 4389 aut
993 4351 1112 4405 quae
1155 4342 1448 4394 sacrarium
1498 4344 1566 4398 ab
1594 4344 1714 4398 aliis
1765 4346 2008 4401 ecclesiae
2058 4348 2138 4401 lo-

546 4423 622 4475 cis
654 4423 1035 4494 sejungerent;
1062 4431 1296 4496 picturas
1319 4446 1439 4501 qua:
1468 4447 1572 4487 non
1605 4433 1779 4488 minus
1802 4436 2011 4502 ﬁdeles,
2035 4451 2132 4505 po-

2233 3227 2373 3295 gilize
2397 3229 2664 3283 solemnes
2695 3243 2755 3282 ac.
2778 3227 2981 3299 jcjunia
3022 3232 3412 3288 indicebantur.
3440 3236 3597 3291 Certe
3627 3239 3822 3305 pallam

2233 3333 2263 3373 e
2293 3319 2462 3373 sancti
2514 3319 2735 3389 Remigii
2781 3323 2985 3378 tumulo
3017 3334 3280 3394 sumptam
3315 3341 3409 3395 per
3460 3330 3707 3385 universa
3739 3347 3826 3388 re-

2232 3411 2403 3478 gionis
2433 3426 2545 3464 suae
2570 3413 2684 3466 loca
2712 3413 3015 3470 detulerunt
3040 3416 3391 3490 Rbemenses,
3410 3437 3506 3478 nec
3533 3424 3822 3479 incassum.

2235 3504 2364 3556 Nam
2397 3519 2464 3558 ne
2489 3519 2629 3558 unus
2656 3505 2868 3574 quidem
2921 3507 3061 3562 intra
3099 3524 3285 3565 eorum
3319 3513 3473 3577 lines,
3505 3525 3672 3582 peste,
3703 3531 3826 3584 quae

2233 3607 2456 3651 caeteras
2485 3599 2733 3667 regiones
2763 3600 3078 3655 devastabat
3103 3643 3120 3668 ,
3157 3602 3429 3673 impetitus
3461 3606 3578 3661 fuit.
3611 3608 3825 3676 Suppli-

2233 3696 2473 3750 cationes
2503 3695 2664 3750 etiam
2693 3712 2788 3751 seu
2821 3699 3194 3767 processioues
3225 3716 3291 3756 ex
3318 3717 3420 3756 una
3453 3703 3504 3756 in
3544 3704 3701 3757 aliam
3732 3719 3825 3759 ec-

2235 3787 2454 3842 clesiam
2487 3786 2538 3841 in
2561 3787 2894 3843 solemnibus
2919 3799 3225 3845 sanctorum
3250 3791 3624 3848 festivitatibus
3653 3795 3825 3851 factas

2235 3879 2398 3932 fuisse
2422 3892 2488 3932 ex
2518 3877 2706 3933 eodem
2733 3887 2955 3934 auctore
2983 3879 3262 3936 discimus.
3310 3884 3544 3953 Exponit
3595 3901 3702 3940 non
3733 3901 3826 3942 se-

2235 3971 2340 4025 mel
2368 3971 2420 4024 in
2453 3970 2702 4026 llistorire
2735 3972 2885 4027 libris
2913 3972 3184 4028 solemnes
3217 3977 3592 4048 episcoporum
3622 3988 3714 4033 aut
3734 3995 3825 4036 re-

2234 4079 2358 4134 gum
2383 4064 2737 4133 receptiones,
2769 4082 2886 4136 qua:
2916 4068 3338 4136 prmcedentibus
3359 4072 3630 4141 crucibus,
3656 4075 3825 4128 vexila

2236 4156 2323 4222 lis,
2356 4170 2420 4210 ac
2441 4157 2612 4212 cereis
2639 4197 2654 4222 ,
2686 4158 2754 4211 ab
2784 4159 2993 4213 urbium
3025 4161 3172 4215 clero
3217 4171 3271 4216 et
3300 4163 3496 4231 populo
3535 4163 3650 4218 ﬁeri
3680 4166 3826 4221 sole-

2237 4246 2399 4311 bant;
2427 4258 2691 4303 memorat
2719 4258 2774 4303 et
2815 4249 3053 4319 publicas
3082 4251 3146 4306 iis
3193 4252 3569 4308 occasionibus
3597 4258 3823 4323 pepule-

2238 4355 2354 4394 rum
2383 4343 2799 4397 acclamationes
2833 4383 2849 4408 ,
2899 4344 3052 4412 queis
3111 4344 3296 4410 fausta,
3349 4347 3512 4401 variis
3540 4348 3699 4402 etiam
3732 4349 3825 4402 liu-
3868 4409 3876 4418 _

2238 4431 2374 4502 guis,
2415 4434 2483 4488 ad
2530 4433 2784 4503 majorem
2843 4435 3233 4490 solemnitatem
3265 4437 3673 4494 advenientibus
3729 4454 3825 4509 ap-

546 4515 810 4570 tissimum
843 4517 1035 4572 idiotas
1062 4563 1078 4588 ,
1102 4498 1397 4587 erudirent,
1426 4539 1584 4593 quam
1613 4537 1866 4580 ornarent
1893 4498 2124 4596 temp-la:
2154 4498 2209 4560 υ
2236 4529 2611 4593 precabantur.
2655 4529 2804 4581 Alias
2850 4540 3238 4582 commemorat
3269 4530 3517 4585 funebres
3544 4531 3823 4586 defuncto-

540 4621 784 4662 cameras
811 4623 904 4663 seu
925 4609 1192 4680 laquearia
1214 4629 1344 4669 auro
1366 4627 1693 4686 argentoque
1721 4618 1890 4685 linita,
1908 4627 1964 4674 et
1990 4629 2127 4676 tecta

545 4710 613 4749 ex
642 4711 749 4752 tere
777 4709 1077 4754 autstanno
1099 4701 1234 4768 fusa;
1260 4705 1414 4773 pallia
1446 4706 1604 4761 etiam
1625 4707 1910 4776 ditissima,
1938 4711 2130 4779 quibus

543 4788 753 4855 altaria,
780 4802 832 4845 et
858 4802 1166 4848 sanctorum
1195 4798 1380 4852 tumuli
1417 4797 1518 4868 tegi
1542 4809 1595 4853 et
1621 4803 1802 4854 ornari
1835 4816 2129 4858 consueve-

549 4891 688 4936 rant.
714 4883 1036 4939 Ornamenta
1060 4898 1237 4942 autem
1261 4888 1314 4942 in
1344 4890 1628 4960 prmcipuis
1651 4889 2027 4948 festivitatibus
2048 4895 2131 4948 di-

543 4975 677 5028 tiora
740 4977 1062 5045 quotidianis
1118 4988 1172 5034 et
1224 4981 1585 5048 splendidiora
1647 4993 1819 5038 erant.
1864 4985 2124 5042 Describit

538 5067 829 5137 Gregorius
852 5070 905 5123 in
930 5068 1199 5124 Miraculis
1219 5074 1389 5126 sancti
1417 5073 1635 5138 .luliani,
1659 5076 1831 5142 capite
1857 5077 1946 5140 20,
1982 5078 2126 5146 ejus-

538 5157 665 5214 dem
713 5162 882 5216 sancti
926 5160 1176 5230 Martyris
1221 5161 1494 5216 basilicam
1524 5163 1576 5216 in
1627 5165 1796 5233 ipsius
1835 5164 2124 5224 festivitate

537 5252 850 5304 ornamentis
881 5252 1138 5305 immensis
1167 5253 1514 5322 effulgentem.
1554 5255 1755 5310 Omitto
1777 5273 1899 5311 vasa
1929 5274 2077 5314 sacra
2104 5301 2120 5327 ,

527 5341 755 5407 calices,
791 5355 1028 5411 patenas,
1062 5344 1465 5416 Evangeliorum
1499 5348 1696 5411 libros',
1728 5351 1935 5420 aliaque
1956 5367 2123 5408 sacrm

538 5430 830 5500 Scriptura:
850 5436 1177 5504 exemplaria
1198 5481 1214 5505 ,
1245 5435 1734 5506 Sacramentorum,
1767 5443 1838 5495 uti
1871 5442 2121 5508 aiebant,

538 5522 778 5586 codices,
816 5525 866 5577 id
899 5534 981 5578 est
1010 5525 1172 5581 libros
1199 5528 1456 5594 Missales,
1489 5530 1750 5596 Rituales,
1778 5531 2123 5587 Pmnitentia-

537 5613 636 5681 les,
683 5623 738 5667 ct
774 5617 927 5684 alios,
961 5618 1050 5692 qui
1083 5619 1133 5673 in
1161 5635 1258 5674 usu
1281 5621 1592 5690 quotidiano
1614 5622 1903 5677 necessarii
1934 5635 2120 5682 erant:

533 5706 602 5759 ad
644 5706 758 5763 haec
787 5724 973 5768 cruces
1029 5713 1256 5785 gemmis
1299 5715 1459 5771 etiam
1490 5726 1543 5772 et
1572 5714 1836 5785 lapidibus
1876 5716 2125 5785 pretiosis

2234 4630 2352 4670 rum
2383 4622 2688 4686 exsequias,
2708 4619 3179 4684 iniisquevcstznm
3201 4622 3542 4682 mutationes,
3579 4621 3824 4690 lugubria

2235 4704 2565 4772 indumenta,
2590 4717 2643 4762 et
2667 4709 2770 4762 alia
2797 4706 3126 4778 hujusmodi.
3161 4710 3654 4778 Comprovinciales
3697 4713 3826 4782 Epi-

2232 4811 2426 4865 scoiios
2454 4797 2521 4853 ad
2575 4800 2816 4870 episcopi
2856 4800 3094 4856 defuncti
3146 4803 3432 4872 exsequias
3474 4803 3826 4860 celebrandas

2232 4902 2517 4943 occurrere
2571 4892 2918 4946 consuevisse
2966 4892 3223 4945 discimus
3267 4908 3335 4945 ex
3393 4893 3566 4963 capite
3619 4894 3653 4948 6
3683 4894 3824 4948 inter

2240 4979 2388 5035 Vitas
2429 4980 2641 5035 Patrum
2668 5025 2682 5046 ,
2719 4985 2808 5037 ubi
2837 4984 3095 5040 describit
3134 4984 3424 5055 Gregorius
3468 4987 3639 5040 sancti
3683 4984 3820 5042 Galli

2235 5087 2482 5141 pompam
2530 5071 2827 5130 funebrem.
2870 5075 3054 5146 Capite
3099 5079 3340 5146 sequenti
3389 5077 3529 5133 idem
3563 5077 3723 5132 habet
3753 5078 3820 5131 de

2233 5161 2493 5234 GregOrio
2552 5164 2896 5234 Lingonensi.
2949 5168 3258 5237 Legendum
3307 5183 3521 5239 quoque
3561 5184 3623 5224 ea
3666 5170 3734 5225 de
3760 5183 3828 5224 re-

2232 5265 2393 5323 caput
2420 5257 2523 5311 l06
2553 5257 2672 5311 libri
2704 5257 2771 5313 de
2792 5259 2970 5314 Gloria
2999 5259 3404 5328 Confessorum,
3436 5262 3523 5317 ubi
3551 5262 3620 5317 de
3649 5261 3822 5317 beata

2228 5347 2569 5420 Radegundis
2610 5351 2901 5419 sepultura:
2955 5355 3292 5408 cmremoniis
3325 5354 3476 5423 plura
3523 5355 3699 5409 habet.
3743 5355 3824 5411 Ex

2229 5456 2334 5510 quo
2361 5444 2486 5497 item
2517 5444 2695 5518 capite
2725 5445 3009 5510 discimus,
3041 5449 3350 5502 cmmeteria
3384 5450 3450 5504 ad
3480 5449 3827 5518 sepeliendos

2232 5532 2418 5588 fideles
2439 5517 2706 5590 destinata
2728 5577 2742 5602 ,
2770 5535 2880 5602 jam
2915 5546 3037 5590 tunc
3071 5539 3406 5604 sacerdotali,
3441 5540 3492 5594 id
3536 5517 3617 5595 est
3637 5543 3818 5610 ponti-

2234 5625 2394 5691 ficali,
2428 5627 2798 5682 benedictione
2828 5628 3087 5682 sacranda
3119 5628 3315 5696 fuisse,
3343 5632 3394 5685 in
3427 5631 3623 5699 Quibus
3648 5632 3822 5688 altare

2234 5719 2362 5789 erigi
2416 5719 2620 5777 solebat
2658 5720 2722 5777 ad
2772 5720 3074 5777 oﬂ'erendas
3117 5736 3212 5792 pro
3267 5732 3600 5783 mortuorum
3628 5738 3819 5796 requie
