4086 6328
308 394 378 449 δ’)
1763 391 2156 449 ΡΒᾹΞΡΑΤΙΟ.
3518 390 3592 447 50

307 511 607 581 piacularcs
654 509 899 576 hostias,
945 520 1002 565 ut
1043 508 1163 565 aliis
1209 510 1260 564 in
1285 508 1416 564 locis
1445 509 1641 578 smpius
1691 507 1890 564 factum
1920 507 1971 567 Α
1999 515 2226 577 quenter
2283 507 2483 562 retulit.
2539 506 2857 562 Clirismalis
2903 504 3328 561 benedictionem
3372 505 3440 559 ab
3470 508 3585 574 epi-

303 603 472 658 fuisse
499 602 655 657 docet
687 602 825 656 idem
857 601 1169 672 Gregorius.
1192 601 1426 668 Corpora
1454 615 1585 655 vero
1615 599 1892 654 defuncto-

300 710 423 752 rum
453 695 629 749 abluta
689 697 919 765 primum
952 736 968 760 ,
1010 703 1120 749 tum
1157 693 1340 748 induta
1378 691 1774 762 sepeliebantur
1799 733 1815 756 ,
1837 701 1891 745 et

301 787 520 857 quidem
578 785 718 839 haud
759 800 882 840 raro
930 786 985 839 in
1042 785 1332 839 ecclesiis:
1379 784 1519 854 quod
1567 785 1727 838 etiam
1774 783 1891 837 aliis

302 888 500 949 praeter
529 882 809 947 episc0pos
833 888 887 932 et
916 878 1189 947 principes
1217 878 1298 931 bis
1329 875 1661 945 temporibus
1692 876 1744 929 in
1767 874 1892 929 Gal-

302 971 391 1024 liis
435 971 864 1039 permittebatur.
896 969 1493 1023 Excommunicatorum
1539 981 1668 1022 vero
1696 977 1748 1022 et
1773 966 1890 1021 inii-

301 1060 501 1117 delium
548 1061 811 1116 cadavera
847 1075 954 1115 non
1005 1061 1178 1114 solum
1211 1058 1278 1114 ab
1307 1058 1581 1122 ccclesiis,
1612 1057 1706 1112 sed
1728 1059 1890 1112 etiam

301 1167 334 1204 a
383 1149 762 1206 communibus
818 1148 1057 1203 fidelium
1127 1148 1451 1205 coemetcriis
1503 1146 1826 1201 arcebantur
1874 1162 1888 1198 :

299 1242 432 1312 quin
483 1249 538 1296 et
589 1239 857 1295 Palladius
897 1253 1099 1304 comes,
1133 1239 1222 1308 qui
1265 1253 1324 1294 se
1372 1239 1492 1308 ipse
1523 1238 1886 1303 interemerat,

299 1337 452 1407 iuxta
489 1333 895 1389 Christianorum
922 1334 1170 1386 cadavera
1209 1334 1412 1400 positus
1441 1347 1546 1386 non
1583 1331 1700 1386 fuit.
1733 1333 1892 1402 Aquae

300 1427 577 1480 benedicta:
605 1440 758 1479 usum
793 1424 858 1478 ad
898 1425 1115 1478 morbos
1165 1423 1460 1492 abigendos
1483 1465 1497 1488 ,
1540 1423 1812 1477 miraculis
1838 1432 1892 1477 et

299 1526 608 1571 sanctorum
636 1515 870 1569 virorum
896 1512 1156 1583 exemplis
1185 1512 1479 1582 legitimum
1510 1510 1680 1566 fuisse
1708 1526 1813 1567 non
1836 1512 1890 1566 in

300 1624 409 1662 uno
435 1610 553 1662 loco
579 1607 770 1676 probat
797 1605 1114 1674 Gregorius,
1142 1603 1232 1664 oui
1255 1611 1309 1657 et
1333 1602 1529 1670 passim
1570 1602 1640 1656 de
1667 1601 1786 1656 aliis
1806 1615 1890 1655 re-

298 1700 401 1756 bus
454 1699 773 1754 sacerdotali
823 1697 1200 1753 benedictione
1247 1693 1466 1750 munitis
1509 1695 1762 1764 loquitur.
1815 1693 1890 1747 De

296 1791 582 1846 benedicta
624 1803 760 1857 pane
809 1803 905 1842 seu
945 1785 1203 1853 euiogiis,
1236 1800 1356 1854 qua!
1387 1786 1488 1839 sub
1523 1784 1684 1838 tinem
1714 1782 1889 1837 Missi:

1996 599 2172 668 scapis
2224 599 2418 654 factam
2458 615 2563 652 non
2605 599 2772 654 semel
2820 597 3043 661 laudat,
3075 597 3216 652 sicut
3246 607 3300 650 et
3327 597 3584 650 chrisma-

1996 690 2194 743 tionem
2226 729 2241 755 ,
2273 703 2393 760 qua:
2422 690 2496 743 ad
2519 689 2859 758 recipiendos
2890 690 2943 743 in
2976 690 3270 744 Ecclesiam
3296 689 3590 742 redeuntes

2000 781 2283 834 lizereticos
2305 780 2684 836 adhibebatur.
2709 780 2913 835 Laudat
2935 781 3098 836 etiam
3128 782 3269 846 illos,
3301 783 3389 851 qui
3421 782 3587 834 crucis

1995 872 2184 926 vexillo
2206 874 2494 945 consignati
2530 872 2688 928 (idem
2716 887 2868 927 suam
2899 874 3151 942 operibus
3179 873 3582 942 approbabant;

1993 975 2046 1022 et
2071 965 2434 1021 Chlodoveum
2460 979 2639 1034 regem
2665 981 2694 1020 a
2721 965 2961 1033 Remigio
2987 965 3315 1020 Francorum
3337 967 3584 1034 apostolo

1994 1070 2100 1112 uon
2151 1057 2475 1124 baptizatum
2523 1056 2719 1121 modo,
2773 1056 2867 1110 sed
2891 1065 2946 1111 et
2997 1073 3146 1110 sacro
3168 1057 3444 1112 chrismate
3466 1074 3584 1109 cum

1992 1146 2258 1217 signaculo
2303 1149 2470 1201 crucis
2510 1147 2699 1202 Christi
2739 1147 2902 1202 fuisse
2945 1147 3227 1202 delibutum
3275 1156 3578 1203 attestatur.

1995 1238 2136 1294 Inter
2157 1239 2482 1308 episcopalia
2512 1241 2692 1293 munia
2726 1254 2846 1310 quae
2875 1239 3129 1294 Promoto
3177 1240 3408 1296 Dunensi
3443 1244 3586 1295 male

1992 1331 2240 1386 ordinato
2286 1333 2541 1401 episcopo
2585 1331 2912 1387 interdicunt
2941 1330 3126 1387 Patres
3147 1333 3369 1387 Concilii
3401 1349 3450 1387 tv
3483 1333 3578 1386 Pa-

1993 1425 2253 1490 risiensis,
2281 1434 2594 1480 recensetur
2622 1426 2884 1495 infantum
2911 1425 3252 1491 conﬁrmatio.
3282 1425 3424 1480 Idem
3447 1425 3584 1480 Gre-

1989 1515 2172 1584 gorius
2218 1515 2654 1570 Exorcismorum
2702 1516 2753 1569 in
2791 1514 3065 1570 daemones
3112 1515 3219 1569 vim
3251 1530 3359 1569 non
3410 1517 3579 1571 semel

1992 1609 2230 1677 exponit.
2257 1608 2607 1673 Tousuratos,
2635 1609 2883 1674 lectores,
2903 1609 3172 1674 ostiarios,
3196 1609 3576 1674 cerol‘erarios,

1990 1699 2348 1755 subdiacoiios
2377 1700 2622 1770 aliosque
2665 1699 2974 1769 superiores
3003 1701 3322 1756 clericorum
3355 1702 3574 1772 gradus,

1989 1803 2110 1845 cum
2164 1806 2285 1846 sese
2333 1790 2494 1847 offert
2534 1793 2781 1857 occasio,
2829 1799 3264 1846 commemorat:
3296 1791 3578 1846 interstitia

296 1882 784 1946 distribuebantur,
817 1879 930 1950 jam
961 1878 1215 1933 diximus.
1268 1875 1518 1948 Eulogius
1550 1889 1762 1946 quoque
1790 1890 1882 1930 seu
1918 1894 1960 1953 Β
1990 1892 2197 1946 autem,
2224 1897 2345 1952 quae
2372 1883 2437 1936 ad
2478 1897 2571 1938 eos
2611 1883 2710 1938 rite
2757 1883 3128 1953 suscipiendos
3171 1883 3374 1939 servari
3413 1883 3578 1939 debev

297 1973 674 2027 benedictiones
729 1983 1001 2041 nuncupat
1049 1969 1357 2039 Gregorius,
1383 1967 1638 2039 quaslibet
1665 1980 1886 2021 munus-

295 2067 418 2120 cula
450 2081 480 2120 a
532 2065 904 2120 sacerdotibus
935 2065 988 2118 in
1019 2062 1270 2118 amicitia:
1300 2061 1508 2129 signum
1544 2060 1666 2114 data
1690 2059 1772 2113 vel
1800 2073 1886 2114 ac-

295 2166 476 2227 cepta,
509 2155 649 2227 quod
684 2165 866 2211 essent
899 2165 1100 2209 tessera
1130 2152 1372 2222 quamam
1398 2149 1809 2214 communionis,
1836 2158 1888 2202 et

299 2253 371 2306 ab
399 2251 524 2320 ipsis
546 2250 781 2304 solerent
803 2246 1070 2303 benedici.
1096 2243 1257 2299 Nefas
1279 2254 1456 2298 autem
1482 2250 1596 2296 erat
1623 2249 1888 2310 praesente

293 2341 574 2397 sacerdote
623 2339 911 2410 quidquam
959 2337 1062 2392 cibi
1112 2345 1204 2389 aut
1257 2342 1414 2404 potus
1470 2347 1725 2398 sumere,
1786 2330 1886 2384 nisi

298 2436 450 2503 prius
483 2434 550 2488 ab
598 2433 713 2502 ipso
751 2431 1092 2486 benedictum
1133 2426 1342 2495 fuisset,
1375 2439 1530 2494 quem
1555 2426 1714 2477 ritum
1748 2421 1888 2475 Deus

295 2526 495 2594 sacpius
530 2525 801 2581 miraculis
828 2520 1168 2591 comprobari
1196 2519 1400 2582 voluit,
1433 2525 1490 2570 ut
1517 2530 1584 2570 ex
1628 2513 1888 2584 Gregorio

299 2634 503 2686 nostra,
553 2620 777 2688 aliisque
827 2618 1062 2686 antiquis
1116 2612 1426 2667 auctoribus
1479 2608 1758 2664 discimus.
1813 2607 1888 2662 De

295 2713 475 2768 crucis
524 2711 662 2780 signi
704 2709 941 2765 efficacia
967 2717 1020 2764 et
1050 2704 1338 2761 virtutibus
1368 2711 1444 2758 tot
1487 2709 1612 2756 sunt
1649 2701 1885 2754 testimo-

297 2807 387 2860 nia
413 2813 544 2875 quot
573 2805 684 2858 fere
713 2804 937 2873 paginm.

371 2898 464 2953 57.
494 2896 654 2950 Multa
683 2895 808 2950 item
835 2892 993 2948 habet
1013 2891 1298 2961 Gregorius
1319 2888 1384 2943 de
1411 2887 1888 2944 Sacramenturum

257 2977 266 2982 ’
296 2989 782 3044 administratione.
809 2989 924 3055 Quo
951 2987 1055 3039 ritu
1099 2982 1448 3037 Eucharistia:
1489 2992 1886 3033 sacramentum

297 3081 710 3135 distribuerctur
750 3079 862 3148 jam
911 3091 1074 3146 supra
1127 3073 1382 3128 diximus.
1437 3070 1615 3139 Ipsum
1664 3084 1791 3124 vero
1835 3071 1886 3122 in

301 3171 434 3226 turri
475 3179 601 3225 tunc
648 3169 904 3238 temporis
954 3172 1286 3220 asservatum
1335 3161 1501 3215 fuisse
1528 3161 1578 3214 in
1626 3160 1887 3225 sacrario,

1991 1983 2130 2039 rent,
2163 1987 2323 2044 supra
2347 1988 2412 2028 ex
2443 1973 2661 2028 Catonis
2685 1974 2982 2045 presbyteri
3005 1975 3185 2029 verbis
3212 1975 3575 2044 exposuimus.

1994 2067 2379 2136 Episcoporum
2443 2082 2570 2121 vero
2617 2066 2981 2121 ordinationes
3048 2067 3342 2121 Dominicis
3387 2068 3578 2122 diebus

1993 2159 2155 2212 fuisse
2185 2158 2488 2213 celebratas
2517 2172 2623 2211 non
2669 2159 2834 2213 semel
2886 2159 3076 2212 innuit.
3115 2157 3458 2227 [Egrotorum
3483 2175 3580 2211 un-

1989 2251 2194 2304 ctiones
2216 2250 2412 2318 passim
2439 2249 2641 2304 laudat.
2665 2251 2825 2304 Certe
2843 2251 2935 2305 lib.
2964 2251 3177 2318 tcapite
3197 2249 3286 2313 41,
3308 2252 3580 2305 Artemius

1991 2344 2194 2411 legatus
2225 2345 2495 2397 Arvernos
2513 2342 2799 2407 transiens,
2822 2358 2943 2397 cum
2973 2344 3026 2395 in
3054 2342 3240 2397 febrim
3271 2343 3578 2409 incidis-et,

1989 2448 2018 2484 a
2047 2432 2344 2501 Nepotiano
2373 2432 2626 2502 episcopo
2650 2433 2915 2494 visitatus,
2948 2441 3002 2487 et
3031 2432 3142 2486 oleo
3171 2443 3349 2486 sancto
3381 2449 3579 2503 perun-

1991 2533 2108 2578 ctus
2132 2562 2147 2588 ,
2180 2524 2458 2578 sanitatem
2487 2524 2711 2593 recepit.
2757 2524 3090 2578 Matrimonia
3115 2540 3242 2580 vero
3268 2540 3389 2580 cum
3419 2528 3578 2580 bene-

1989 2614 2225 2670 dictione
2271 2615 2590 2670 sacerdotali
2636 2625 2910 2670 contracta
2958 2614 3124 2670 fuisse
3166 2627 3309 2685 patet
3342 2633 3407 2670 ex
3435 2616 3578 2671 Chil-

1991 2706 2155 2774 periei
2177 2705 2320 2777 regis
2339 2703 2599 2761 adversus
2616 2705 2991 2761 Praetextatum
3005 2708 3313 2775 episcopum
3336 2709 3577 2776 querela.

1993 2803 2131 2859 libro
2161 2819 2194 2857 v
2247 2802 2522 2868 llistoriw,
2568 2804 2741 2872 capite
2791 2803 2855 2857 19
2878 2848 2894 2871 ,
2929 2803 3016 2858 ubi
3047 2819 3137 2858 rex
3179 2803 3254 2858 illi
3286 2806 3579 2874 exprobrat

1994 2896 2332 2950 manifestam
2372 2909 2641 2948 canonum
2678 2893 3020 2949 violationem
3057 2937 3071 2960 ,
3102 2896 3240 2964 quod
3274 2895 3579 2949 Merovemn

1992 2999 2113 3039 cum
2162 2984 2334 3053 patrui
2383 2983 2526 3037 illius
2573 2984 2758 3038 relicta
2806 2984 3148 3039 matrimonio
3189 2985 3576 3054 conjunxisset.

1992 3079 2256 3133 Cmterum
2287 3076 2580 3146 Gregorius
2624 3075 2742 3131 aliis
2772 3075 2824 3130 in
2857 3076 2988 3130 locis
3020 3090 3124 3130 non
3153 3076 3326 3130 semel»
3367 3077 3580 3144 nuptias

1995 3170 2349 3235 iucestuosas,
2381 3166 2744 3235 mulieresque
2780 3167 3209 3235 superinductas,
3236 3166 3396 3220 etiam
3427 3167 3478 3220 in
3504 3167 3580 3218 vi-

300 3263 442 3318 uude
470 3262 534 3316 ad
565 3261 734 3315 altare
753 3259 938 3314 all‘erri
975 3265 1332 3312 consueverat
1371 3255 1481 3325 jam
1511 3253 1756 3324 superius
1786 3254 1884 3308 ob--
1916 3281 1961 3343 ρ
1995 3263 2066 3316 ris
2097 3259 2425 3331 principibus
2450 3257 2738 3328 episcopali
2771 3259 3014 3312 libertate
3041 3257 3280 3312 dam’nat.

299 3353 632 3410 servavimus
687 3367 752 3407 ex
782 3350 955 3419 capite
981 3348 1050 3402 86
1085 3346 1204 3402 libri
1235 3347 1304 3403 de
1355 3346 1535 3400 Gloria
1589 3345 1878 3414 Martyrum

301 3455 498 3499 nostra:
537 3443 806 3499 editionis.
838 3441 971 3495 lluic
1013 3439 1115 3508 rei,
1171 3447 1368 3507 przcter
1400 3436 1674 3492 Fortunati
1706 3437 1880 3489 locum

299 3535 367 3591 de
393 3535 519 3590 turri
547 3551 575 3588 a
609 3533 787 3587 Felice
815 3531 1066 3601 episcopo
1108 3529 1364 3584 fabricata
1392 3570 1406 3595 ,
1441 3527 1760 3596 sulfragatur
1799 3527 1882 3578 be-

299 3628 520 3683 nedictio
569 3627 745 3690 turris,
779 3639 937 3693 quam
996 3625 1049 3677 in
1080 3621 1374 3692 appendice
1419 3619 1574 3688 hujus
1595 3618 1882 3673 voluminis

301 3720 466 3774 habes
493 3735 558 3774 ex
586 3717 751 3772 veteri
784 3715 1211 3770 saeramentario
1250 3711 1592 3780 descriptam.
1624 3708 1882 3763 Chlotarii

300 3814 464 3881 regis,
516 3825 636 3865 cum
690 3808 754 3863 ad
806 3805 979 3861 sancti
1023 3803 1234 3860 Martini
1283 3801 1586 3870 sepulcrum
1632 3801 1877 3862 accessit,

301 3902 675 3972 pwnitentiam
719 3897 976 3954 describit
1013 3895 1303 3966 Gregorius
1345 3893 1398 3948 in
1441 3891 1688 3947 Historia:
1710 3891 1880 3950 libris.

301 3995 525 4063 Quidam
553 4009 680 4048 vero
715 3994 765 4047 in
793 3993 898 4047 vita
922 3990 1091 4045 sancti
1122 3988 1306 4043 Nicetii
1351 3986 1737 4057 Lugdunensis,
1764 4000 1882 4038 cum

301 4088 457 4144 morti
505 4096 648 4142 esset
703 4085 1017 4156 prosimus,
1070 4079 1442 4152 pinnitentiam
1501 4093 1530 4131 a
1573 4078 1884 4147 presbytero

298 4179 430 4235 fusis
479 4180 732 4252 lacrymis
786 4177 1106 4247 etllagitasse
1145 4173 1362 4228 dicitur.
1413 4172 1476 4225 Et
1533 4170 1657 4223 alibi
1713 4169 1885 4222 homi-

299 4294 419 4334 nem
448 4284 708 4331 memorat
755 4271 1076 4340 Gregorius,
1115 4268 1205 4336 qui
1236 4274 1408 4321 morte
1457 4263 1756 4334 puniendus
1783 4279 1886 4333 pae-

299 4370 564 4423 nitentiam
590 4383 621 4419 a
649 4364 913 4418 sacerdote
941 4361 1105 4429 petiit,
1157 4358 1290 4412 clam
1312 4355 1552 4427 quidem,
1577 4354 1718 4426 quod
1751 4354 1886 4410 forte

297 4459 406 4530 jam
431 4470 554 4512 tunc
584 4455 845 4526 temporis
868 4467 988 4506 rcos
1012 4459 1255 4504 extremo
1285 4447 1546 4516 supplicio
1574 4446 1885 4500 afﬁciendos

298 4566 328 4605 a
359 4547 671 4621 pmnitentia
712 4547 858 4616 leges
883 4543 1069 4599 civiles
1098 4547 1367 4595 arcerent.
1399 4539 1509 4593 Nec
1534 4538 1728 4591 desunt
1747 4537 1885 4619 apud

2058 3352 2150 3407 58.
2212 3352 2569 3408 Censurarum
2625 3349 3111 3405 ecclesiasticarum
3169 3348 3415 3418 exempla
3469 3362 3574 3401 non

1985 3447 2177 3502 desunt
2223 3446 2274 3499 in
2309 3443 2548 3515 Gregorii
2585 3443 2750 3497 libris.
2802 3441 3030 3510 Aliquod
3079 3440 3482 3510 irregularitatis
3509 3443 3578 3492 ob

1987 3537 2220 3594 lenitatis
2280 3536 2546 3592 delecmm
2621 3534 2954 3589 incurrendte
3023 3533 3304 3602 vestigium
3370 3533 3578 3588 invenit

1985 3629 2374 3685 Thomassinus
2426 3628 2480 3682 in
2512 3625 2758 3696 Gregorii
2816 3625 2954 3680 iacto
2981 3665 2996 3690 ,
3031 3624 3280 3679 Historia:
3329 3623 3466 3677 libro
3496 3637 3570 3688 vt,

1985 3723 2159 3793 capite
2194 3719 2260 3775 i0
2289 3760 2306 3786 ,
2353 3719 2554 3784 relato,
2585 3719 2674 3773 ubi
2705 3718 2794 3773 ille
2825 3717 3107 3787 scripsisse
3138 3730 3197 3771 se
3226 3725 3498 3772 memorat
3525 3717 3575 3768 in

1986 3815 2211 3885 gratiam
2244 3813 2449 3881 furum,
2482 3812 2573 3881 qui
2601 3811 2769 3867 sancti
2805 3810 3014 3866 Martini
3049 3811 3322 3865 basilicam
3347 3810 3579 3878 infrege-

1987 3913 2140 3972 rant,
2167 3919 2347 3974 regem
2376 3919 2728 3959 commoncns
2749 3917 2843 3958 eos
2871 3903 3015 3957 iures
3045 3917 3072 3956 a
3097 3903 3325 3968 clericis,
3352 3902 3417 3955 ad
3446 3917 3578 3970 quos

1987 4010 2147 4050 causa
2188 3997 2302 4051 haec
2342 3995 2676 4064 pertinebat,
2706 4008 2811 4048 non
2867 3993 3029 4047 fuisse
3079 4003 3380 4048 accusatos.
3425 3992 3578 4060 Quod

1987 4101 2045 4141 se
2073 4088 2266 4141 fecisse
2321 4087 2394 4139 ait
2423 4088 2542 4154 pius
2583 4085 2806 4138 antistes
2849 4084 3078 4139 veritum
3103 4126 3118 4151 ,
3149 4100 3216 4139 ne
3245 4083 3492 4140 homines
3522 4085 3579 4139 il-

1980 4176 2092 4243 lius
2138 4189 2298 4229 causa
2349 4183 2704 4238 morerentur,
2749 4174 2842 4243 qui
2896 4174 3083 4229 vivens
3126 4175 3179 4229 in
3229 4189 3456 4244 corpore
3483 4190 3580 4243 pro

1991 4268 2320 4339 perditorum
2353 4267 2462 4321 vita
2492 4267 2689 4336 smpius
2709 4265 3028 4336 deprecatus
3054 4268 3237 4320 fuerat.
3275 4267 3580 4335 Upprobrio

1989 4377 2185 4432 magno
2208 4377 2266 4416 se
2305 4360 2422 4416 fore
2451 4359 2742 4414 obnoxium
2793 4360 3121 4415 existimavit
3145 4359 3425 4430 presbyter
3455 4361 3578 4428 qui-

1989 4453 2110 4507 dam
2147 4453 2197 4504 in
2226 4451 2400 4519 capite
2426 4452 2494 4504 75
2539 4450 2656 4502 libri
2689 4450 2799 4504 ide
2831 4448 3010 4503 Gloria
3059 4450 3346 4519 Martyrum
3378 4465 3578 4503 memo-

1992 4553 2164 4608 ratus,
2194 4543 2238 4596 si
2268 4557 2360 4611 per
2390 4558 2538 4594 suam
2583 4541 2963 4594 accusationem
2993 4541 3078 4594 fur
3103 4542 3261 4595 morti
3285 4543 3457 4611 fuerit
3483 4543 3579 4596 ad-

300 4654 544 4698 nostrum
619 4648 896 4694 auctorem
948 4635 1399 4704 indulgentiarum
1440 4631 1707 4700 exempla.
1751 4630 1881 4686 Nam
1914 4659 1963 4718 D
1994 4637 2183 4690 dictus.
2221 4635 2371 4688 llunc
2420 4635 2564 4689 enim
2598 4633 2733 4703 rapti
2764 4635 2884 4704 equi
2913 4643 3259 4689 accusaverat
3285 4635 3374 4688 ille
3403 4649 3577 4689 sacer-

299 4732 481 4788 Victor
506 4733 808 4800 episcopus,
832 4727 972 4797 quia
997 4726 1375 4780 communione
1393 4721 1564 4777 luerat
1584 4737 1882 4791 suspensus

299 4829 367 4880 ob
390 4840 510 4880 reos
541 4834 746 4879 temere
767 4819 1137 4876 reconciliatos
1163 4860 1179 4885 ,
1209 4827 1332 4870 ante
1365 4815 1719 4886 praestitutum
1745 4825 1881 4870 tem-

299 4931 397 4983 pus
417 4957 432 4979 ,
465 4916 604 4984 regis
635 4911 1032 4968 intercessione
1073 4909 1436 4963 communioni
1478 4909 1754 4966 restitutus
1780 4917 1883 4963 est.

298 5008 391 5063 Sic
412 5019 464 5060 et
509 5009 558 5060 in
582 5005 786 5077 synodo
816 5000 1086 5066 Mettensi,
1114 5001 1304 5055 Basina
1328 5009 1382 5055 et
1425 4999 1787 5065 Chrodieldis,
1813 5000 1883 5053 ob

297 5098 501 5152 scelera
524 5096 1022 5159 escommunicatw,
1058 5102 1279 5161 rogante
1306 5091 1652 5147 Childebcrto
1682 5107 1709 5143 a
1742 5090 1882 5145 Con-

296 5189 399 5242 cilii
452 5187 710 5256 patribus,
768 5185 1030 5240 absoluta:
1090 5182 1326 5238 fuerunt.
1379 5183 1650 5252 Baptismo
1691 5182 1880 5237 confe-
1929 5183 1934 5188 ’

259 5277 274 5290 ⁸
295 5280 465 5334 rendo
495 5291 733 5347 tempora
764 5277 1046 5347 designata
1075 5276 1275 5329 indicat
1305 5275 1616 5343 Gregorius,
1641 5289 1878 5329 commc-

296 5385 510 5426 morans
533 5371 850 5426 Guntramni
882 5367 1131 5438 querelas
1169 5369 1426 5420 adversus
1456 5382 1549 5421 eos
1599 5367 1689 5435 qui
1717 5367 1880 5421 Chlo-

295 5463 414 5515 tarii
456 5461 496 5514 ll
537 5460 857 5527 baptismum
896 5459 1088 5514 iterum
1118 5467 1276 5527 atque
1300 5459 1492 5511 iterum
1534 5458 1871 5512 distulerant.

295 5553 424 5621 Ejus
449 5567 574 5608 vero
591 5593 607 5618 ,
630 5564 684 5608 et
703 5553 919 5622 quidem
944 5553 995 5606 in
1027 5553 1383 5606 sanctissimae
1408 5551 1682 5606 Trinitatis
1710 5553 1880 5605 nomi-

293 5645 644 5700 ueuuitatem
672 5644 868 5712 smpius
911 5643 1280 5712 propugnavit.
1314 5643 1415 5698 l’er
1453 5644 1874 5706 immersionem,

291 5741 482 5788 saltem
539 5737 590 5788 in
651 5734 938 5803 Hispaniis,
997 5745 1123 5791 tunc
1162 5735 1339 5790 datum
1396 5736 1558 5791 fuisse
1596 5751 1660 5789 ex
1690 5736 1878 5790 eodem

293 5829 615 5896 colligimus,
649 5825 737 5894 qui
766 5835 819 5881 ct
857 5828 1068 5882 nomina
1099 5828 1152 5883 in
1183 5827 1453 5894 baptismo
1498 5828 1747 5886 imposita
1778 5830 1879 5884 irc-

1989 4728 2086 4782 dos
2128 4745 2139 4780 τ
2177 4728 2318 4781 unde
2367 4727 2574 4780 nullum
2633 4726 2858 4794 lapidem
2895 4743 2999 4780 non
3052 4727 3237 4792 movit,
3286 4738 3341 4781 ut
3372 4744 3577 4782 reuma

1992 4829 2163 4874 morte
2209 4819 2461 4887 eriperet.
2495 4818 2645 4885 Quod
2685 4834 2807 4872 cum
2850 4817 3012 4885 judex
3062 4818 3239 4872 facere
3293 4821 3574 4882 reuuisset,

1988 4910 2329 4965 condemnati
2358 4912 2583 4964 salutem
2610 4911 2750 4964 beati
2781 4909 3017 4977 Quintini
3044 4911 3251 4965 meritis
3279 4927 3307 4964 a
3344 4911 3454 4964 Deo
3482 4913 3575 4963 im-

1990 5002 2237 5069 petravit.
2275 4999 2329 5054 ln
2385 5001 2520 5054 libro
2568 5017 2618 5055 vt
2651 5001 2933 5066 Historias,
2965 5002 3141 5069 capite
3196 5001 3248 5064 8,
3299 5001 3576 5055 Ursicinus

1989 5091 2332 5146 Caturcensis
2369 5095 2654 5161 episcopus
2684 5093 2751 5146 ab
2783 5093 2968 5147 ordine
3000 5102 3249 5157 suscepto
3285 5107 3575 5160 suspensus

1987 5195 2088 5249 est,
2119 5181 2260 5251 quod
2298 5181 2648 5238 Gundovaldo
2679 5185 2960 5238 Ballomeri
2997 5184 3210 5253 publice
3240 5183 3576 5237 ttdllwsisset.

1989 5275 2314 5331 Prohibitum
2359 5277 2558 5346 quippe
2585 5279 2631 5331 ei
2683 5277 2799 5340 fuit,
2852 5293 2919 5331 ne
2959 5287 3070 5332 toto
3111 5278 3340 5330 triennio
3390 5278 3577 5330 Missas

1986 5371 2283 5437 celebrare,
2335 5372 2542 5423 clericos
2581 5374 2852 5436 ordinare,
2909 5374 3249 5442 ccclesiusque
3283 5386 3330 5427 et
3357 5374 3576 5428 chrisma

1985 5462 2308 5524 benedicere,
2358 5475 2488 5528 etc.,
2544 5463 2783 5517 auderet.
2847 5461 3216 5518 Ecclesiastica
3282 5469 3561 5531 sepultura

1989 5553 2224 5621 privatus
2270 5553 2367 5605 fuit
2403 5553 2694 5616 Palladius,
2735 5569 2823 5620 qui
2852 5553 2955 5605 sibi
2980 5555 3076 5621 ipsi
3102 5556 3362 5608 violentas
3387 5569 3574 5606 manus

1986 5644 2234 5694 attulerat
2259 5687 2271 5708 ,
2305 5652 2360 5694 ut
2395 5643 2501 5709 jam
2530 5644 2950 5696 observavimus.
2988 5643 3330 5698 lnterdictum
3357 5658 3483 5697 vero
3516 5645 3564 5696 in

1989 5733 2262 5785 l’ictunum
2321 5733 2505 5785 urbem
2565 5746 2686 5786 sese
2757 5734 3078 5786 inllicturum
3148 5734 3421 5787 minitatus
3489 5748 3570 5785 est

1990 5827 2263 5881 Marovcus
2307 5822 2543 5894 ejusdem
2579 5825 2725 5880 urbis
2755 5826 3001 5890 antistes,
3047 5825 3146 5878 nisi
3177 5825 3569 5880 Clumlieltlis—a
