4086 6328
529 363 595 420 st
761 440 776 450 κ
1978 351 2374 421 ramento.

3733 348 3882 424 59'

527 485 761 556 nequitia
803 498 898 540 sua
939 483 1262 554 resipiscens
1311 482 1636 539 abbatissam
1684 490 1882 537 sancta:
1919 482 2104 537 Crucis
2133 481 2186 540 Α
2211 490 2428 538 coactus
2467 481 2646 538 fuerit.
2696 482 3170 541 Resurrectionem
3229 499 3513 553 corporum
3566 483 3803 540 futuram

523 577 884 641 monasterio,
927 593 957 631 a
986 592 1092 646 quo
1121 575 1296 632 fuerat
1323 583 1470 643 rapta
1493 617 1507 638 ,
1549 575 1876 630 restitueret.
1903 575 1969 629 Et
1988 576 2102 643 qui-

523 670 647 724 dem
671 684 792 723 cum
834 669 1002 723 sancti
1040 668 1274 736 Dionysii
1321 667 1546 722 ecclesia
1585 683 1747 736 prope
1780 667 2008 720 Parisios
2035 667 2105 720 ob

521 765 721 814 caedem
755 762 805 814 in
837 774 898 814 ea
939 768 1198 829 patratam
1232 758 1422 812 violata
1452 757 1654 821 fuisset,
1687 758 1912 824 olﬁcium
1935 755 2106 823 perdi-

524 852 620 916 dit,
652 867 750 907 nec
774 852 840 905 ibi
867 865 1023 906 sacra
1043 851 1316 906 celebrata
1345 849 1552 904 fuerunt
1578 891 1591 915 ,
1622 849 1792 904 donec
1825 848 2013 904 fuisset
2038 847 2106 902 ab

521 943 776 1012 episcopo
815 942 1173 996 reconciliata.
1210 942 1593 1010 Episcoporum
1634 943 1702 994 ob
1749 940 1981 994 admissa
2002 941 2108 994 cri-

519 1032 671 1086 mina
690 1030 1036 1100 dejectiones,
1061 1031 1646 1086 excommunicationes
1667 1031 1717 1083 in
1740 1031 2102 1096 incestoosos,

520 1123 858 1193 aliorumque
901 1123 1184 1178 criminum
1238 1136 1360 1176 reos
1411 1122 1790 1190 praetermitto,
1820 1124 1958 1190 quod
1991 1121 2107 1177 bare

523 1215 735 1270 notiora
765 1215 894 1278 sint,
924 1230 1084 1284 quam
1127 1223 1182 1267 ut
1222 1213 1491 1281 indigeant
1527 1213 1692 1266 fusius
1726 1213 1958 1266 tractari.

593 1305 684 1360 59.
711 1305 789 1359 Ex
835 1305 920 1359 bis
974 1315 1152 1358 autem
1183 1304 1432 1379 omnibus
1478 1311 1655 1371 patet,
1680 1302 1959 1357 utilissima
1987 1315 2108 1356 esse

520 1397 762 1467 Gregorii
801 1409 961 1465 opera
991 1396 1058 1449 ad
1113 1395 1466 1465 indagandam
1512 1393 1800 1449 Gallicanae
1853 1393 2107 1447 Ecclesia:

513 1487 856 1557 disciplinam
889 1502 904 1540 :
930 1501 1096 1555 pauca
1119 1487 1226 1554 jam
1251 1487 1614 1553 subjungenda
1645 1495 1790 1548 sunt,
1816 1499 1879 1538 ex
1911 1484 2106 1550 quibus

515 1579 869 1648 intelligatur,
900 1592 971 1632 ea
987 1593 1092 1632 non
1121 1578 1296 1631 minus
1325 1592 1447 1632 esse
1485 1578 1672 1630 idnma
1703 1577 1768 1630 ad
1798 1575 2109 1630 conﬁrman-

516 1673 640 1726 dam
666 1671 822 1726 ﬁdem
855 1679 1111 1726 nostram.
1162 1670 1305 1725 llanc
1333 1671 1472 1725 enim
1503 1686 1620 1725 eam
1663 1685 1830 1738 Ipsam
1871 1683 1991 1723 esse
2039 1683 2107 1723 ex

517 1763 707 1817 eodem
759 1770 978 1816 auctore
1030 1761 1324 1826 discimus,
1377 1777 1535 1831 quam
1590 1770 1766 1830 patres
1813 1761 1978 1815 nostri
2037 1759 2106 1813 ab

2212 576 2437 644 prolatis
2465 576 2709 646 apposite
2735 591 2904 633 sacrae
2948 577 3238 647 Scriptura!
3268 577 3586 632 testimoniis
3609 585 3801 632 contra

2208 667 2522 722 Saduczeum
2562 669 2844 736 quemdam
2895 669 3265 740 presbyterum
3312 667 3385 721 ita
3433 667 3699 732 asseruit,
3743 676 3802 722 ut

2208 756 2298 812 ille
2327 758 2548 812 omnino
2571 758 2872 821 convictus,
2918 774 2976 813 se
3009 774 3276 827 nunquam
3309 773 3426 813 eam
3455 758 3806 826 impugnatu-

2208 863 2326 903 rum
2359 847 2627 916 pollicitus
2655 851 2746 903 sit.
2792 849 2989 904 Ibidem
3021 865 3234 920 quoque
3267 850 3335 903 de
3354 849 3538 918 judicii
3567 849 3802 904 extremi

2209 942 2432 996 veritate
2460 940 2666 996 erudite
2685 941 2923 1008 disserit,
2949 952 3004 997 et
3024 944 3410 1011 suppliciorum
3442 945 3802 1000 aeternitatem

2209 1033 2476 1089 damnatis
2506 1033 2751 1088 luendant
2780 1035 2993 1104 probat.
3045 1033 3119 1088 De
3150 1033 3338 1088 iisdem
3368 1033 3564 1102 ptenis,
3595 1043 3705 1088 tum
3731 1035 3810 1090 de

2211 1124 2549 1192 temporariis
2575 1139 2707 1194 quas
2745 1124 2940 1178 anima:
2985 1123 3358 1178 defunctorum
3403 1123 3798 1193 perpetiuntur,

2209 1218 2319 1286 agit
2373 1218 2426 1271 in
2474 1218 2650 1286 capite
2696 1217 2886 1271 ultimo
2939 1217 3057 1270 libri
3098 1230 3113 1270 ι
3148 1215 3216 1270 de
3265 1214 3444 1270 Gloria
3486 1215 3803 1285 Martyrum.

2211 1310 2424 1365 Peccati
2451 1309 2725 1379 originalis
2779 1308 3039 1364 adversus
3075 1308 3389 1378 Pelagianos
3419 1307 3698 1361 veritatem
3750 1308 3806 1360 in

2211 1418 2308 1457 sua
2332 1404 2451 1457 ﬁdei
2477 1402 2814 1458 coiifessione
2841 1401 3093 1469 agnovit,
3118 1416 3239 1455 cum
3271 1400 3522 1453 hominem
3545 1399 3811 1467 perditum

2212 1493 2479 1546 liberatum
2520 1508 2547 1544 a
2603 1493 2814 1547 Christo
2860 1491 3026 1545 fuisse
3077 1490 3375 1559 proﬁtetur.
3408 1490 3482 1545 lbi
3505 1501 3561 1545 et
3609 1505 3808 1560 perpe-

2213 1593 2358 1639 tuam
2415 1584 2593 1639 Maria:
2637 1583 2993 1644 virginitatem
3031 1582 3233 1650 laudat,
3267 1591 3322 1638 et
3363 1583 3484 1637 aliis
3535 1583 3588 1637 in
3636 1583 3766 1637 locis

2210 1675 2372 1728 divini
2404 1689 2532 1727 vero
2571 1673 2755 1727 auxilii
2809 1673 2876 1726 ad
2923 1680 3068 1727 recte
3109 1673 3378 1741 agendum
3426 1671 3812 1727 necessitatem-

2213 1780 2320 1818 non
2351 1765 2530 1818 verbis
2583 1764 2788 1829 solum,
2835 1763 2928 1818 sed
2961 1772 3014 1818 et
3042 1765 3304 1833 exemplis
3329 1763 3526 1833 passim
3553 1779 3804 1832 compro-

518 1855 900 1922 Apostolorum
929 1853 1203 1921 discipulis
1250 1861 1588 1920 acceperant.
1643 1855 1706 1906 Et
1730 1852 1942 1920 quidem
1969 1866 2104 1904 nun-
2137 1849 2181 1908 Β
2209 1854 2320 1908 bat.
2368 1853 2504 1906 llinc
2541 1862 2688 1907 recte
2734 1854 2868 1906 facta
2901 1867 3005 1906 non
3054 1852 3255 1907 viribus
3287 1853 3517 1922 propriis
3545 1895 3561 1921 ,
3591 1853 3685 1908 sed
3714 1853 3810 1908 Dei

518 1942 679 2012 quam
713 1944 845 1998 alias
872 1953 976 1997 tam
1009 1955 1258 1998 accurate
1317 1945 1524 1998 locutus
1582 1953 1664 1999 est
1703 1943 1990 2015 Gregorius
2015 1958 2110 1998 no-

518 2046 654 2103 ster,
680 2051 837 2106 quam
855 2051 976 2090 cum
999 2035 1065 2090 de
1083 2035 1202 2091 fidei
1231 2035 1394 2090 rebus
1418 2036 1682 2098 tractavit,
1704 2050 1802 2089 nec
1820 2036 2109 2103 quidquam

518 2127 664 2181 aliud
696 2136 807 2182 toto
839 2128 963 2181 vitae
1004 2141 1114 2180 sua:
1145 2135 1383 2195 tempore
1409 2128 1542 2181 adeo
1570 2128 1853 2196 diligenter
1887 2127 2112 2195 inquisi—

519 2220 614 2284 vit,
643 2234 704 2273 ac
746 2234 808 2276 ea
835 2234 955 2288 quae
992 2219 1057 2272 ad
1107 2218 1231 2273 ﬁdei
1276 2219 1633 2287 integritatem
1659 2229 1708 2272 et
1740 2219 2110 2272 sinceritatem

520 2309 878 2378 pertinebant.
932 2308 985 2362 ld
1018 2308 1191 2376 ipsum
1231 2308 1444 2362 disertis
1488 2309 1665 2363 verbis
1693 2318 1914 2363 testatur
1958 2308 2112 2362 initio

521 2399 643 2454 tibri
677 2406 690 2454 i
715 2399 988 2464 Historiae,
1015 2397 1103 2454 ubi
1128 2407 1410 2468 postquam
1435 2414 1493 2454 se
1523 2401 1885 2469 grammatica!
1915 2400 2110 2468 r«-gulis

521 2509 629 2546 non
661 2493 820 2562 plene
849 2493 1113 2547 eruditum
1159 2492 1332 2546 fassus
1373 2493 1555 2547 fuisset
1589 2534 1600 2554 ,
1649 2493 1921 2559 suhjungit
1952 2507 2010 2544 se
2036 2502 2113 2544 ta-

522 2599 646 2639 men
680 2583 952 2638 studuisse
999 2597 1234 2651 semper,
1268 2591 1325 2637 ut
1373 2582 1438 2637 de
1471 2582 1629 2635 rebus
1686 2583 1807 2635 fidei
1843 2596 2027 2649 puram
2059 2589 2114 2634 ct

523 2675 788 2729 sinceram
841 2673 1066 2729 haberet
1117 2674 1416 2729 notionem.
1464 2673 1645 2737 Illud,
1679 2675 1865 2743 inquit,
1916 2683 2114 2727 tantum

524 2767 757 2831 studens,
801 2776 855 2820 tu
907 2767 1045 2837 quod
1095 2767 1148 2820 in
1181 2764 1414 2820 Ecclesia
1443 2766 1578 2819 credi
1620 2765 1952 2836 pradicatur,
2005 2766 2117 2820 sine

525 2859 699 2925 aliquo
725 2857 847 2925 fuco
875 2864 964 2910 aut
997 2857 1164 2910 cordis
1191 2858 1514 2911 haesitatione
1545 2862 1810 2921 retineam,
1843 2867 1950 2912 etc.
1981 2857 2116 2912 Sub-

526 2948 696 3020 jungit
719 2949 840 3004 lldei
871 2963 982 3004 sua
1011 2948 1419 3018 professionem,
1445 2964 1602 3016 quam
1626 2949 1868 3018 symbolo
1900 2946 2115 3003 Nicmno

527 3049 618 3094 aut
665 3041 1263 3108 Constantinopolitano
1307 3040 1646 3108 prolixiorem
1703 3040 1907 3103 edidit,
1951 3049 2007 3093 ut
2050 3038 2118 3092 ab

529 3134 835 3190 haeresibus
857 3149 976 3206 quae
1010 3144 1190 3202 postea
1217 3133 1628 3202 pttllulavcrant,
1652 3132 1880 3186 alienum
1910 3147 1967 3186 se
1999 3146 2118 3188 esse

2213 1945 2421 2011 virtuti,
2456 1944 2738 1998 tribuenda
2785 1957 2906 1998 esse
2956 1944 3118 1998 docet
3157 1945 3208 1998 in
3241 1945 3413 2012 capite
3442 1943 3656 1998 laudato
3687 1944 3810 1999 libri

2213 2036 2280 2090 de
2303 2036 2485 2090 Gloria
2529 2035 2857 2104 Martyrum;
2892 2033 3070 2102 capite
3093 2043 3269 2088 autem
3298 2035 3360 2088 61
3395 2033 3548 2088 ﬁdem
3575 2043 3802 2098 rectam,

2214 2143 2334 2196 qum
2362 2126 2515 2180 bonis
2545 2128 2812 2177 animetur
2843 2124 3117 2192 operibus,
3172 2125 3238 2178 ad
3280 2125 3506 2178 salutem
3552 2137 3811 2180 necessa-

2215 2219 2349 2272 riam
2396 2230 2515 2271 esse
2560 2224 2769 2270 censet.
2800 2214 2992 2270 Veram
3037 2225 3085 2268 et
3129 2214 3328 2268 realem
3371 2214 3421 2268 in
3471 2213 3813 2270 Eucltaristia

2215 2310 2452 2379 corporis
2480 2318 2536 2364 et
2580 2309 2858 2377 sanguinis
2908 2307 3117 2362 Domini
3168 2309 3534 2377 praesentiam,
3581 2321 3703 2360 cum
3751 2306 3807 2360 in

2216 2401 2496 2456 narrandis
2545 2401 2784 2454 historiis
2835 2398 3049 2453 occasio
3095 2413 3214 2454 sese
3258 2397 3479 2462 obtulit,
3512 2399 3581 2451 ita
3626 2408 3814 2466 aperte

2216 2494 2534 2560 declaravit,
2571 2505 2635 2547 ac
2663 2491 2708 2546 si
2741 2492 2862 2545 data
2893 2507 3055 2558 Opera
3097 2489 3418 2546 catholicum
3451 2489 3578 2543 illud
3619 2489 3814 2557 dogma

2217 2597 2338 2656 post
2372 2597 2612 2641 exortam
2657 2586 3173 2654 l'terengarianorum
3219 2583 3466 2638 haeresim
3501 2583 3814 2650 exprimere

2219 2678 2492 2732 voluisset.
2521 2677 2783 2730 Audenter
2807 2715 2820 2739 ,
2854 2675 3045 2742 inquit,
3065 2675 3115 2728 in
3151 2674 3282 2728 libro
3312 2672 3379 2728 de
3408 2671 3588 2728 Gloria
3614 2671 3814 2740 Marty-

2219 2787 2361 2839 rum,
2381 2771 2555 2838 capite
2576 2767 2666 2836 86,
2699 2776 2934 2822 sanctum
2976 2766 3183 2820 Domini
3209 2781 3396 2833 corpus
3435 2776 3482 2818 et
3502 2763 3806 2834 sanguinem

2219 2881 2336 2918 cam
2391 2866 2549 2918 simus
2611 2873 2728 2915 actu
2801 2860 3024 2928 polluti,
3073 2859 3140 2911 ad
3195 2858 3454 2927 judicium
3514 2855 3810 2918 sumimus,

2219 2974 2372 3028 quam
2398 2999 2412 3020 ,
2442 2965 2656 3019 etc.;et
2686 2955 2860 3022 capite
2901 2954 2962 3008 I0
2999 2951 3240 3020 ejusdem
3272 2949 3392 3004 libri
3427 2957 3609 3002 narrat
3643 2947 3812 3000 histo-

2222 3048 2353 3100 riam
2383 3046 2600 3100 infantis
2630 3043 2818 3108 JUtiiBi,
2851 3043 2938 3112 qui
2970 3058 3088 3096 cum
3120 3041 3397 3096 catholicis
3427 3039 3491 3092 ad
3525 3039 3808 3108 participa-

2224 3138 2415 3190 tionem
2441 3135 2653 3204 gloriosi
2674 3135 2903 3201 corporis
2929 3141 2976 3187 et
3002 3132 3265 3204 sanguinis
3291 3129 3545 3184 Dominici
3570 3142 3812 3181 necesse.

527 3226 894 3293 proﬁteretur.
927 3225 1219 3280 Praeclarus
1260 3226 1380 3278 fidei
1418 3226 1626 3294 regulas
1651 3225 1900 3294 proponit
1924 3223 2060 3278 libro
2086 3239 2116 3276 ι
2146 3221 2191 3285 C
2223 3235 2328 3281 rat.
2360 3226 2598 3296 Expletis
2628 3226 2823 3287 Missis,
2876 3239 2947 3279 ex
2996 3223 3133 3277 libro
3162 3237 3196 3275 II
3237 3219 3304 3276 de
3357 3217 3616 3273 Miraculis
3643 3215 3812 3270 sancti

528 3315 809 3379 Historiae,
841 3315 1017 3384 capite
1052 3316 1117 3368 l3
1140 3355 1156 3379 ,
1212 3330 1484 3370 sacrarum
1519 3331 1708 3384 nempe
1737 3315 2034 3370 litterarum
2061 3323 2113 3369 et

529 3408 836 3462 traditionis
883 3408 1192 3474 apostolica:
1237 3408 1608 3461 auctoritatem
1631 3448 1646 3474 ,
1676 3409 1826 3475 queis
1859 3409 2022 3462 utitur
2050 3407 2114 3460 ad

530 3497 909 3553 confutandam
973 3498 1209 3552 haeretici
1268 3499 1548 3563 tujusdam
1599 3501 1948 3566 pervicaciam
1981 3504 2115 3569 ,qui

531 3592 766 3645 futuram
815 3589 1264 3644 resurrectionem
1321 3591 1372 3643 iu
1405 3591 1620 3644 dubium
1669 3606 1923 3645 revocare
1953 3605 2118 3645 ausus

531 3682 726 3736 fuerat.
759 3682 878 3736 Alio
911 3681 963 3735 in
999 3681 1115 3734 loco
1138 3690 1440 3736 sanctorum
1473 3682 1688 3736 Patrum
1719 3684 2118 3749 auctoritatem,

532 3789 668 3840 quos
696 3784 808 3840 pos|
835 3775 1104 3842 apostolos
1137 3774 1276 3827 Deus
1311 3774 1563 3828 Ecclesia:
1606 3775 1861 3844 reliquit,
1894 3775 2115 3841 laudat,

530 3884 724 3938 nempe
755 3869 891 3922 libro
916 3884 966 3933 v,
999 3869 1172 3935 capite
1198 3869 1289 3922 45.
1332 3867 1570 3936 Denique
1597 3870 1723 3922 tanti
1753 3869 1990 3922 fecerunt
2015 3881 2120 3920 ma-

529 3961 678 4031 jores
732 3963 900 4016 nostri
952 3960 1363 4027 di~putationes.
1414 3975 1547 4029 quas
1597 3958 1883 4029 Gregorius
1937 3968 2120 4012 uoster

531 4054 792 4109 adversus
821 4055 1104 4108 haereticos
1134 4069 1162 4105 a
1195 4067 1253 4107 se
1291 4053 1498 4106 habitas
1529 4053 1745 4122 scriptis
1777 4051 2121 4107 commenda-

531 4153 706 4208 verat,
741 4154 795 4197 ut
835 4144 913 4198 eis
943 4146 1082 4198 inter
1132 4143 1253 4196 ﬁdei
1301 4143 1512 4211 regulas
1545 4143 1715 4197 locum
1739 4143 1928 4197 darent
1952 4141 2005 4195 in
2029 4157 2121 4196 co-

533 4235 762 4296 dicibus,
795 4235 881 4301 qui
913 4235 976 4286 ad
1015 4233 1352 4287 sacerdotum
1401 4234 1752 4287 eruditionem
1789 4242 1968 4300 postea
1993 4248 2123 4288 con-

535 4327 629 4381 diti
680 4326 910 4380 fuerunt.
981 4323 1249 4390 Ejusmodi
1307 4323 1676 4377 collectionem
1737 4322 1994 4377 habemus
2054 4339 2120 4378 ex

533 4418 721 4472 codice
774 4416 1078 4470 Fossatensi
1128 4425 1371 4483 tempore
1411 4415 1590 4468 Caroli
1624 4413 1797 4483 Magni
1834 4416 2123 4469 concinna-

536 4518 679 4572 tam,
730 4508 782 4562 in
831 4522 932 4576 qua
974 4506 1325 4560 conciliorum
1376 4504 1674 4559 canonibus
1723 4505 2120 4571 praemittuntur

2223 3319 2468 3382 Martini,
2517 3317 2692 3386 capite
2743 3316 2853 3380 47,
2908 3314 3137 3384 populus
3187 3320 3567 3366 sacrosanctum
3621 3321 3814 3377 corpus

2222 3411 2576 3478 lledemptoris
2627 3410 2855 3480 accepit,
2901 3417 3008 3463 etc.
3053 3407 3333 3461 Missarum
3382 3400 3812 3466 celebrationes,

2224 3503 2467 3572 sacriﬁcii
2501 3502 2826 3556 oblationem
2859 3499 3055 3569 passim
3084 3503 3489 3552 commemorat.
3527 3493 3714 3548 Missas
3737 3491 3807 3545 ad

2224 3594 2467 3663 requiem
2510 3591 2774 3645 defunctis
2806 3588 3194 3658 procurandam
3225 3586 3534 3652 ,celebratas
3563 3581 3729 3636 habes
3757 3580 3815 3636 in

2223 3685 2363 3738 libro
2383 3683 2449 3736 de
2477 3681 2654 3736 Gloria
2678 3681 3059 3735 Confessorum
3081 3720 3095 3743 ,
3118 3677 3292 3745 capite
3321 3676 3412 3740 65,
3438 3685 3492 3728 et
3517 3671 3813 3735 Palladius,

2223 3777 2304 3830 sui
2351 3775 2517 3844 ipsius
2569 3775 2940 3842 interemptor,
2988 3773 3260 3825 missarum
3290 3769 3539 3823 solemnia
3577 3783 3676 3820 non
3709 3780 3816 3818 tne-

2222 3868 2342 3920 ruit.
2393 3865 2528 3918 Alibi
2574 3873 2837 3933 praesente
2861 3876 3088 3929 corpore
3133 3861 3186 3914 in
3233 3859 3610 3912 defunctorum
3663 3867 3817 3908 exse-

2223 3959 2361 4027 quiis
2391 3958 2566 4012 Missa:
2596 3957 2876 4011 celebratae
2906 3954 3186 4017 dicuntur;
3234 3951 3358 4005 item
3389 3960 3440 4002 et
3471 3948 3818 4019 psallentium

2221 4048 2347 4119 juge
2375 4049 2515 4102 circa
2569 4045 2803 4102 defuncti
2833 4058 3029 4112 corpus
3065 4053 3188 4097 ante
3243 4042 3598 4110 sepulturam,
3636 4049 3685 4090 et
3717 4037 3818 4089 alia

2225 4140 2516 4209 ejusmodi,
2549 4152 2666 4206 quae
2692 4134 2996 4204 legentibus
3043 4135 3240 4202 passim
3284 4140 3592 4185 occurrunt.
3628 4128 3819 4181 Sacra-

2227 4249 2345 4288 rum
2401 4246 2528 4286 vero
2585 4228 2932 4297 reliquiarum
2964 4224 3361 4278 venerationem
3385 4267 3397 4284 ,
3431 4219 3821 4274 invocationem

2229 4331 2564 4386 sanctorum,
2592 4334 2770 4373 sacras
2790 4334 2974 4372 eorum
3003 4313 3283 4383 imagines,
3305 4313 3512 4379 aliaque
3536 4305 3820 4377 ejusmodi,

2227 4431 2348 4485 qua:
2389 4411 2718 4467 recentiores
2773 4406 3031 4472 hmretici,
3085 4407 3200 4472 plus
3233 4405 3368 4458 forte
3399 4401 3540 4467 vulgi
3566 4399 3823 4453 abusibus

2227 4522 2386 4575 quam
2411 4502 2666 4559 Ecclesiae
2681 4498 3017 4568 dogmatibus
3035 4495 3394 4559 attendentes,
3427 4500 3701 4557 tantopere
3726 4489 3824 4541 itu-

535 4601 840 4672 symbolum
900 4598 1178 4656 Athanasii
1208 4637 1222 4660 ,
1284 4596 1562 4666 Augustini
1617 4596 1948 4666 aliorumque
1998 4597 2122 4652 ﬁdei
2153 4603 2206 4662 D
2235 4603 2559 4667 pugnarunt,
2587 4601 2664 4646 tot
2694 4591 2922 4660 probant
2951 4594 3286 4656 argumenta,
3321 4592 3449 4650 quot
3477 4581 3592 4636 fere
3621 4579 3819 4672 haben-

534 4689 926 4755 coufessiorses,
971 4698 1082 4743 tttm
1117 4688 1493 4742 altercationes
1527 4698 1710 4741 contra
1744 4687 2025 4744 haereticos
2053 4704 2122 4744 ex

535 4782 784 4851 Gregorii
815 4782 1047 4837 Historia
1077 4787 1363 4847 excerptas.
1409 4778 1516 4833 Nec
1547 4778 1832 4834 immerito.
1877 4779 1950 4833 Ita
1979 4783 2122 4834 enim

536 4873 666 4930 ﬁdei
701 4882 896 4928 nostrae
925 4871 1198 4927 studiosus
1226 4871 1327 4924 fuit
1356 4869 1666 4938 Gregorius,
1691 4881 1748 4924 ut
1779 4872 1975 4924 nullam
2007 4871 2124 4939 ejus

534 4965 938 5038 propugnandre
954 4965 1289 5019 occasionem
1310 4965 1728 5031 praetermiserit.
1762 4965 2124 5018 Sanctissimae

537 5060 822 5117 Trinitatis
854 5058 1170 5130 mysterium
1198 5099 1212 5125 ,
1242 5071 1696 5126 personarumque
1726 5057 1774 5109 in
1808 5072 1906 5110 una
1936 5065 2123 5110 natura

541 5151 898 5208 etdwinitate
931 5151 1207 5220 aequaliter
1242 5150 1644 5204 subsistentium
1668 5149 1948 5204 veritatem
1980 5162 2124 5217 saepe

536 5245 773 5311 sumius,
799 5242 976 5298 allatis
1009 5255 1174 5294 sacra:
1204 5240 1492 5310 Scripturte
1538 5241 1876 5308 testimoniis,
1903 5241 2125 5294 demon-

539 5337 770 5397 stravit,
825 5332 1262 5402 conlirmavitque
1320 5333 1485 5387 variis
1537 5333 1842 5398 miraculis,
1897 5345 2017 5400 quae
2072 5330 2123 5384 in

540 5425 684 5480 hanc
727 5439 840 5478 rem
872 5425 1032 5488 facta,
1063 5433 1153 5478 aut
1197 5423 1314 5493 ipse
1345 5424 1571 5487 viderat,
1623 5434 1712 5477 aut
1764 5421 2024 5475 didicerat
2061 5420 2130 5475 ab

541 5517 685 5571 aliis.
716 5515 1071 5586 Chilpericum
1120 5531 1298 5586 regem
1331 5516 1419 5584 qui
1472 5515 1688 5571 Sabellii
1725 5526 1938 5567 errores
1968 5525 2126 5572 reno-

541 5624 672 5664 vare
704 5608 942 5676 volebat,
969 5608 1042 5664 ita
1067 5607 1382 5674 confutavit,
1414 5601 1660 5676 ex‘posito
1691 5602 1955 5674 quodnam
1983 5609 2128 5656 esset

543 5703 614 5757 de
645 5717 987 5770 personarum
1035 5701 1376 5756 distinctione
1401 5707 1456 5754 et
1479 5706 1680 5752 natura:
1713 5696 1912 5748 unitate
1943 5693 2129 5748 catho-

543 5795 707 5854 licum
739 5796 927 5864 dogma
959 5834 975 5861 ,
1017 5801 1076 5848 ut
1095 5808 1210 5858 rex,
1269 5792 1393 5848 licet
1416 5791 1471 5847 in
1498 5805 1619 5846 cum
1654 5786 1932 5866 frendens,
1962 5783 2126 5840 silere

2231 4699 2316 4742 tur
2365 4683 2596 4740 inlibris
2645 4680 3020 4734 Miraculornm
3064 4678 3290 4746 paginae.
3329 4675 3595 4745 Imagines
3628 4670 3816 4726 Christ

2231 4779 2370 4849 apud
2398 4778 2580 4832 ﬁdeles
2610 4772 2924 4828 asservanui
2950 4786 3151 4824 morem
3185 4785 3246 4822 ex
3283 4783 3464 4820 amore
3495 4766 3546 4819 in
3577 4771 3825 4832 prototy-

2235 4888 2356 4941 pum
2383 4867 2710 4938 processisse
2732 4865 2840 4928 ait,
2874 4863 3049 4927 capite
3069 4861 3140 4912 2:).
3169 4859 3288 4912 libri
3320 4874 3335 4912 I
3368 4859 3433 4910 de
3473 4854 3652 4909 Gloria
3681 4853 3825 4906 Mar-

2235 4972 2439 5034 tyrum,
2467 4969 2524 5013 ut
2551 4971 2747 5025 nempe
2772 4957 2910 5023 ejus.
2943 4953 3094 5021 cujus
3126 4953 3299 5020 legem
3333 4949 3383 5002 in
3409 4946 3601 5001 tabulis
3646 4943 3826 4997 cordis

2235 5031 2492 5114 retinent,
2523 5047 2682 5101 etiam
2709 5045 2999 5112 imaginem
3034 5041 3098 5094 ad
3125 5037 3690 5094 commemorationem
3719 5031 3832 5084 vir-

2231 5144 2360 5198 tutis
2390 5143 2440 5195 in
2472 5139 2665 5192 tabulis
2696 5135 2991 5190 visibilibus
3035 5133 3228 5202 pictam
3261 5146 3353 5199 per
3386 5122 3829 5182 ccclesiasacdo-

2231 5251 2347 5291 mos
2361 5234 2572 5286 affixam
2598 5233 2913 5298 praesentem
2940 5226 3188 5280 habeant.
3214 5223 3280 5277 Et
3304 5222 3539 5291 quidem,
3563 5230 3620 5272 ut
3638 5215 3831 5271 eadem

2239 5326 2515 5382 1censione
2563 5320 2800 5388 loquitur
2838 5318 3060 5372 Rufinus
3110 5315 3249 5369 libro
3291 5329 3363 5366 vtt
3419 5309 3687 5374 Ilistoriaa,
3740 5320 3835 5360 ca-

2233 5419 2341 5486 pite
2364 5418 2445 5478 14,
2466 5413 2698 5483 Insignia
2715 5425 2932 5465 veterum
2954 5410 3199 5463 reservari
3222 5409 3288 5460 ad
3306 5417 3622 5474 posterorum
3637 5415 3834 5454 memo-

2231 5510 2394 5563 riam:
2418 5507 2629 5561 illorum
2659 5505 2887 5567 honoris,
2916 5503 3100 5553 horum
3115 5516 3230 5553 vero
3257 5498 3448 5551 amoris
3469 5495 3714 5550 indicium
3735 5501 3832 5544 est.

2307 5599 2394 5653 60.
2437 5597 2703 5652 Caeterum
2730 5595 2827 5647 etsi
2845 5592 3111 5662 praecipua
3145 5589 3388 5658 Gregorii
3421 5587 3589 5642 nostri
3606 5597 3833 5654 operum

2233 5691 2436 5746 utilitas
2466 5685 2778 5742 collocanda
2822 5683 2894 5738 sit
2925 5684 2978 5736 in
3009 5679 3335 5735 addiscenda
3371 5679 3708 5733 Francorum
3743 5691 3835 5728 re-

2236 5781 2323 5851 gni
2353 5788 2458 5836 tam
2489 5776 2848 5835 ecclesiastica
2871 5789 3034 5846 quam
3052 5773 3274 5846 profana
3300 5771 3547 5840 historia,
3573 5768 3713 5823 haud
3743 5778 3826 5822 ta-
