4086 6328
235 342 280 378 ⁸
305 357 378 414 es

1766 343 2154 403 PREFATIO.
2270 325 2278 335 '
3523 339 3591 392 δι

303 490 430 533 men
471 468 775 542 spernenda
813 466 975 523 liabet
1015 465 1082 520 de
1137 464 1363 520 aliarum
1413 463 1686 518 nationum
1743 460 1902 514 rebus
1929 462 1980 522 Δ
2008 458 2159 525 rius,
2186 465 2242 511 ut
2269 457 2552 526 episcopos
2579 455 2631 510 in
2675 452 2846 510 Gallia
2883 454 2967 510 hts
3007 460 3212 526 septem
3261 451 3591 520 antiquiores

302 570 509 640 gestis,
538 581 658 636 qua
704 564 900 621 exinde
948 563 1110 618 etiam
1141 561 1353 616 illarum
1399 558 1640 628 gentium
1668 556 1900 626 propria:

305 658 550 715 historiae
572 655 868 726 scriptores
897 653 1124 709 mutuati
1147 660 1292 707 sunt.
1328 649 1444 720 Ipse
1473 649 1648 717 nobis,
1691 657 1745 702 ut
1785 661 1899 703 rem

302 749 571 817 exemplis
599 748 912 818 probemus,
941 742 1378 814 Burgundionum
1411 752 1464 796 et
1504 740 1900 808 Tburingorum

309 839 577 897 fortunam
625 836 956 906 descripsit;
1001 833 1430 905 Wisigothorum
1481 832 1536 886 in
1564 831 1899 902 Septimania

303 940 363 987 et
391 931 446 985 in
481 930 734 998 Hispania
763 944 950 999 regum
993 928 1191 983 seriem
1219 927 1287 980 ab
1327 940 1394 980 eo
1422 926 1752 994 accepimus.
1782 924 1898 979 Non

307 1036 481 1092 pauca
522 1020 682 1075 etiam
730 1019 800 1075 de
846 1017 1302 1087 Ostrogothorum
1338 1025 1393 1070 et
1421 1016 1898 1085 Langobardorum

306 1117 470 1173 rebus
497 1114 660 1185 gestis
701 1123 922 1177 narrat,
954 1112 1244 1168 occasione
1268 1108 1668 1179 expeditionum
1695 1149 1711 1174 ,
1766 1123 1898 1178 quas

307 1219 470 1276 reges
487 1205 660 1261 nostri
693 1204 747 1259 in
767 1202 982 1260 Italiam
1000 1205 1261 1259 adversus
1283 1217 1378 1258 eos
1417 1216 1725 1270 suscepere.
1747 1200 1900 1256 Unde

304 1299 470 1353 etiam
523 1296 866 1352 occasionem
905 1294 1116 1364 accepit
1157 1293 1224 1348 de
1254 1292 1669 1363 imperatoribus
1697 1291 1900 1346 Graecis

301 1387 627 1450 disserendi,
659 1386 750 1457 qui
776 1384 1098 1440 titubantem
1129 1384 1183 1438 in
1217 1383 1369 1438 Italia
1396 1399 1547 1438 suam
1575 1390 1897 1452 potestatem

299 1480 627 1535 conﬁrmare
651 1491 716 1532 ac
737 1491 992 1546 reparare
1016 1477 1348 1530 Francorum
1367 1474 1568 1528 auxilio
1593 1473 1788 1543 smpius
1809 1486 1899 1528 co-

301 1570 416 1625 nati
443 1577 588 1624 sunt.
625 1567 760 1623 Hinc
783 1568 947 1622 varia:
972 1567 1270 1638 legationes
1294 1581 1326 1620 e
1351 1565 1559 1621 Graecia
1589 1565 1644 1620 in
1668 1563 1893 1632 Gallias,

300 1673 358 1716 et
379 1677 450 1717 ex
474 1659 668 1716 Galliis
699 1661 750 1714 in
765 1657 1052 1723 Grmciam,
1077 1673 1209 1728 quas
1221 1657 1514 1727 Gregorius
1538 1657 1731 1726 passim
1748 1671 1899 1711 com-

303 1761 593 1808 memorat.
628 1752 703 1807 Ea
734 1767 855 1822 qua:
883 1751 954 1807 de
981 1750 1222 1816 Chunis,
1257 1751 1580 1816 Saxonibus,
1613 1751 1892 1820 Bajoariis,

301 1846 540 1917 aliisque
585 1846 888 1902 Germaniae
918 1844 1128 1914 populis
1160 1843 1341 1906 habet,
1377 1858 1480 1897 non
1513 1854 1664 1898 vacat
1695 1859 1897 1898 recen-

300 1952 448 1994 sere.
479 1936 631 1992 Adde
653 1937 814 1992 etiam
837 1951 960 2006 quae
975 1935 1042 1990 de
1067 1945 1438 1990 extremorum
1463 1944 1760 2004 temporum
1789 1933 1896 1990 Ro-

306 2025 452 2081 mani
483 2027 537 2082 in
563 2025 856 2083 Occidente
888 2025 1097 2093 imperii
1119 2035 1211 2080 aut
1235 2026 1475 2096 tyrannis
1495 2036 1585 2079 aut
1606 2026 1897 2095 imperato—

304 2117 478 2182 ribus,
516 2118 600 2172 vel
639 2128 786 2173 certe
811 2118 880 2171 de
911 2117 1224 2172 earumdem
1257 2116 1460 2171 militia:
1494 2116 1760 2185 praefectis
1782 2158 1796 2182 ,
1829 2132 1895 2170 ex

305 2209 502 2264 Oresio
522 2208 746 2279 aliisque
767 2207 1081 2262 auctoribus
1111 2209 1318 2274 retulit,
1340 2208 1535 2278 quibus
1564 2217 1618 2262 et
1639 2208 1895 2263 nonnulla

303 2301 687 2366 inter-miscuit,
718 2316 837 2370 qua:
856 2309 1032 2354 autex
1061 2300 1348 2354 traditione
1377 2310 1681 2369 acceperat,
1708 2308 1800 2354 aut
1829 2315 1895 2356 ex

305 2393 617 2448 auctoribus
666 2392 828 2446 modo
860 2393 1056 2462 ignotis
1119 2391 1266 2446 Idem
1317 2393 1446 2448 fecit
1477 2393 1530 2446 in
1579 2391 1896 2447 narratione

306 2501 469 2554 quam
500 2499 565 2541 ex
593 2484 815 2540 Eusebii
846 2484 961 2538 sive
1000 2482 1314 2552 Hieronymi
1350 2483 1618 2538 Chronico
1639 2491 1694 2539 et
1719 2484 1895 2540 Orosii

307 2579 532 2633 bistoria
564 2577 898 2646 potissimum
923 2576 1274 2631 concinnavit
1304 2575 1372 2630 de
1404 2576 1470 2630 iis
1499 2575 1681 2643 rebus,
1714 2591 1835 2646 quae
1863 2590 1894 2630 a

308 2669 496 2723 mundi
534 2667 846 2722 conditione
875 2668 941 2722 ad
971 2667 1226 2721 szeculum
1249 2666 1496 2737 quintum
1527 2668 1894 2736 contigerunt.

309 2761 600 2815 Variorum
643 2759 928 2828 opiniones
964 2759 1033 2814 de
1060 2759 1226 2814 maris
1250 2758 1414 2814 Rubri
1442 2760 1669 2814 transitu
1700 2774 1894 2833 recen-

309 2860 396 2906 set
438 2849 492 2904 iu
525 2850 660 2905 libro
689 2865 703 2903 ι
737 2849 1008 2918 llistorize,
1041 2852 1219 2921 capite
1245 2851 1334 2915 l0,
1376 2851 1468 2905 ubi
1497 2859 1552 2906 et
1583 2852 1896 2921 peregrinos

306 2941 508 3007 laudat,
537 2943 626 3010 qui
651 2945 975 2996 monasteria
998 2940 1214 3013 IEgypti
1248 2943 1734 3012 perlustraverant.
1755 2941 1892 2998 Tum

308 3034 546 3102 loquitur
575 3035 643 3088 de
675 3033 863 3103 priscis
895 3036 1240 3090 nationibus:
1276 3033 1361 3088 Ne
1381 3035 1684 3100 videamur,
1722 3036 1895 3106 inquit

306 3125 486 3194 capite
535 3127 623 3189 l6,
652 3128 802 3180 unius
846 3137 1045 3180 tantum
1081 3127 1307 3182 llebrtzte
1346 3128 1507 3198 gentis
1536 3128 1720 3182 habere
1759 3129 1894 3182 noti-

2006 553 2182 608 nullos
2209 550 2377 606 fuisse
2402 550 2737 606 existimaret
2762 568 2775 604 :
2807 548 2949 619 quod
2972 547 3188 618 quidem
3217 563 3280 600 ex
3310 546 3441 614 ipsis
3468 545 3586 613 eius

2006 647 2190 702 verbis
2218 655 2426 701 certum
2456 655 2561 701 est.
2603 644 2669 698 In
2700 643 2922 710 Galliis,
2950 642 3150 712 inquit,
3182 640 3319 694 libro
3358 655 3374 693 ι
3414 638 3590 706 capite

2003 740 2095 805 26,
2126 739 2213 794 ubi
2243 738 2313 794 de
2342 738 2596 792 Antonini
2627 736 3030 806 persecutione,
3075 733 3224 787 multi
3273 747 3368 800 pro
3402 730 3590 785 Christi

2003 840 2211 888 nomine
2249 843 2368 887 sunt
2395 848 2484 902 per
2513 834 2818 903 martyrium
2848 832 3099 886 coronati.
3124 831 3259 884 'l‘unt
3288 828 3466 898 capite
3491 825 3586 892 ‘28,

2000 927 2094 981 sub
2126 925 2350 980 Decio...
2393 925 2568 995 Hujus
2592 936 2815 994 tempore
2849 933 3046 992 septem
3069 924 3162 976 viri
3187 923 3412 992 episcopi
3451 919 3590 974 ordi-

2002 1022 2110 1074 nati
2131 1020 2199 1072 ad
2229 1019 2618 1088 prwdicandum
2657 1017 2711 1070 in
2739 1016 2942 1071 Gallias
2973 1017 3116 1070 missi
3147 1027 3288 1081 sunt,
3313 1023 3419 1069 etc.
3469 1011 3586 1067 Non

2002 1109 2182 1179 itaque
2207 1109 2356 1175 dicit,
2374 1109 2602 1178 primum
2623 1114 2768 1172 tunc,
2797 1117 2853 1162 ut
2883 1116 3038 1161 antea
3062 1108 3295 1161 Severus
3320 1103 3588 1171 Sulpicius

2000 1201 2314 1269 scripserat,
2345 1200 2458 1254 visa
2489 1199 2653 1253 fuisse
2683 1198 2736 1252 in
2782 1196 2970 1252 Galliis
3017 1197 3302 1267 martyria;
3335 1211 3440 1248 non
3491 1209 3585 1247 ex-

2000 1293 2168 1347 cludit
2214 1292 2350 1346 alios
2397 1292 2548 1346 verbi
2577 1290 2743 1345 divini
2769 1305 3082 1361 praecones,
3115 1290 3202 1358 qui
3230 1298 3356 1343 ante
3382 1297 3587 1356 septem

2002 1387 2122 1440 illos
2151 1387 2433 1454 episcopos
2479 1384 2828 1455 Evangelium
2873 1383 2926 1438 in
2970 1382 3157 1438 Galliis
3194 1382 3588 1437 disseminave-

2000 1479 2145 1544 rint;
2179 1493 2280 1533 nec
2322 1476 2549 1547 proinde
2576 1476 2680 1532 sibi
2718 1475 2820 1544 ipsi
2850 1473 3198 1537 contradixit,
3231 1489 3354 1528 cum
3389 1473 3587 1526 Eutro-

1999 1571 2146 1642 pium
2177 1585 2209 1624 a
2250 1580 2440 1625 sancto
2467 1569 2746 1626 Clemente
2783 1567 3004 1623 missum
3040 1567 3204 1620 fuisse
3247 1565 3300 1618 in
3342 1565 3478 1618 libro
3517 1562 3589 1618 de

2001 1665 2183 1718 Gloria
2228 1662 2522 1732 Martyrum
2548 1702 2564 1728 ,
2607 1662 2784 1730 capite
2813 1660 2905 1724 56,
2937 1658 3175 1728 scripsit.
3209 1657 3379 1711 Immo
3405 1665 3458 1710 et
3485 1655 3594 1709 sibi

2000 1755 2105 1826 ipsi
2133 1763 2348 1810 constat
2375 1754 2443 1810 de
2466 1754 2570 1809 illis
2593 1761 2801 1822 septem
2823 1751 3093 1821 episcopis
3116 1751 3170 1804 in
3201 1749 3340 1804 libro
3365 1747 3432 1803 de
3460 1746 3588 1802 Glo-

1929 1846 1972 1906 Β
2002 1847 2076 1901 ria
2096 1846 2479 1902 Confessorum
2493 1845 2758 1912 scribens,
2784 1845 2896 1911 ubi,
2919 1844 3096 1915 capite
3116 1843 3172 1910 4,
3188 1842 3256 1898 de
3285 1850 3473 1898 sancto
3494 1841 3574 1894 Ga

2002 1938 2147 1993 tiano
2159 1941 2250 2002 ait,
2267 1955 2418 2007 quem
2437 1956 2470 1993 a
2493 1937 2740 1992 Romanis
2763 1935 3033 2005 episc0pis
3054 1935 3436 1998 transmissum,
3455 1942 3559 1988 etc.
3572 1968 3586 1997 δ

1997 2030 2384 2099 c0gn0vimus;
2414 2029 2592 2098 capite
2631 2029 2724 2091 ‘27,
2759 2027 3019 2081 Martialis
3047 2043 3080 2080 a
3114 2025 3362 2080 Romanis
3402 2023 3588 2076 missus

1999 2122 2288 2190 episcopis;
2319 2131 2372 2176 et
2391 2121 2571 2188 capite
2593 2121 2685 2187 5t),
2712 2120 3072 2185 Stremonius,
3104 2128 3160 2173 et
3188 2117 3302 2187 ipse
3329 2133 3362 2169 ιι
3394 2116 3586 2169 Roma—

2001 2214 2079 2266 nis
2107 2213 2359 2283 episcopis
2392 2229 2507 2266 cum
2526 2210 2752 2266 Gatiauo
2773 2219 2820 2263 et
2849 2209 3091 2279 reliquis,
3122 2225 3251 2277 quos
3279 2205 3586 2259 memoravi-

2001 2322 2147 2369 ntus,
2174 2314 2246 2358 est
2273 2305 2515 2358 directus.
2550 2303 2658 2358 Nec
2703 2315 2980 2373 opponere
3003 2301 3159 2370 juvat
3201 2296 3581 2359 Saturninum,

1999 2397 2175 2466 capite
2203 2398 2274 2452 ιε
2297 2397 2414 2452 libri
2457 2412 2473 2450 ι
2511 2396 2578 2451 de
2623 2396 2808 2452 Gloria
2836 2395 3129 2464 Martyrum
3167 2392 3369 2446 dictum
3421 2389 3585 2444 fuisse

1998 2493 2064 2544 ab
2094 2490 2458 2560 Apostolorum
2472 2488 2746 2556 discipulis
2768 2486 3067 2541 ordinatum
3094 2500 3113 2537 :
3153 2498 3276 2540 cum
3299 2479 3588 2551 Apostolo-

1999 2598 2116 2638 rum
2144 2582 2435 2651 discipulos
2459 2581 2695 2650 potuerit
2715 2578 2996 2649 appellare
3025 2591 3122 2632 eos
3145 2616 3163 2642 ,
3187 2575 3277 2645 qui
3310 2573 3496 2629 Roma:
3522 2571 3587 2624 fi-

1997 2674 2122 2730 dem
2153 2675 2220 2728 ab
2241 2673 2514 2743 Apostolis
2540 2671 2945 2730 disseminatam
2970 2666 3382 2738 proﬁtebantur.
3415 2664 3506 2720 Sic
3531 2670 3588 2719 et

1998 2766 2067 2820 de
2095 2764 2292 2820 Ursino
2333 2762 2627 2834 Biturigum
2657 2760 2904 2831 apostolo
2932 2759 3170 2830 loquitur
3211 2759 3389 2828 capite
3417 2756 3487 2810 80
3517 2755 3585 2810 de

1999 2856 2178 2912 Gloria
2206 2854 2593 2911 Confessorum
2613 2893 2631 2920 ,
2655 2868 2815 2923 quem
2845 2860 3024 2909 tamen
3047 2859 3257 2920 septem
3293 2849 3583 2918 episc0po-

1997 2965 2116 3006 rum
2145 2948 2468 3017 discipulum
2503 2947 2668 3002 fuisse
2690 2946 2868 3001 innuit
2895 2944 3034 3000 libro
3061 2958 3079 2998 ι
3107 2941 3380 3007 Historiae,
3410 2940 3587 3008 capite

1995 3041 2087 3106 29,
2115 3053 2421 3110 quanquam
2482 3038 2727 3094 nonnulli
2771 3044 3032 3093 censeant
3058 3035 3144 3091 hic
3172 3033 3337 3089 alium
3379 3031 3448 3086 ab
3480 3031 3574 3086 Ur-

1996 3133 2116 3188 sino
2144 3132 2438 3201 designari,
2467 3131 2813 3185 Senicianum
2838 3129 3047 3183 scilicet
3071 3166 3086 3192 ,
3117 3127 3207 3194 qui
3230 3123 3500 3179 secundus
3534 3124 3584 3176 in

306 3221 460 3286 tiont,
499 3223 697 3292 reliqua
725 3238 906 3296 regna,
948 3232 1055 3277 etc.
1091 3223 1386 3277 Enumerat
1403 3222 1742 3292 antiquarum
1763 3237 1894 3292 gen-
1920 3227 1966 3290 C
1999 3226 2414 3296 Biturigensium
2456 3224 2831 3293 episcoporum
2860 3220 3106 3291 catalogo
3151 3225 3486 3274 recensetur.
3520 3216 3586 3271 Et

308 3311 441 3365 tium
473 3326 648 3381 reges,
681 3313 774 3382 qui
803 3322 930 3368 ante
960 3311 1160 3367 Christi
1202 3312 1492 3368 adventum
1539 3312 1892 3383 imperarunt.

310 3399 478 3456 Paulo
524 3401 696 3456 fusius
724 3403 946 3471 exponit
977 3418 1039 3457 ea
1070 3418 1188 3472 quae
1240 3413 1360 3472 post
1401 3402 1678 3459 Christum
1711 3413 1893 3459 natum

307 3493 677 3561 contigerunt:
711 3493 1118 3561 persecutiones
1163 3494 1426 3549 adversus
1455 3493 1754 3550 Ecclesiam
1805 3511 1896 3550 re-

306 3593 514 3647 censet,
548 3585 911 3654 nonnullaque
936 3586 1004 3640 de
1034 3586 1329 3640 Galliarum
1371 3595 1515 3640 statu
1543 3586 1724 3656 habet,
1756 3586 1897 3642 unde

309 3676 570 3730 discimus
596 3693 714 3744 qua:
731 3677 928 3733 fuerint
957 3679 1210 3734 Ecclesia:
1236 3681 1286 3733 in
1307 3679 1390 3734 his
1411 3681 1645 3749 partibus
1670 3680 1899 3750 primor-

309 3765 428 3833 dia,
455 3775 548 3820 aut
576 3767 764 3822 saltent
810 3783 928 3837 quae
961 3779 1087 3824 tunc
1115 3770 1429 3838 iuvalucrit,
1454 3786 1574 3827 cum
1607 3771 1898 3843 Gregorius

311 3859 536 3924 viveret,
560 3875 622 3915 ea
653 3861 721 3915 de
753 3876 812 3918 re
837 3861 1042 3931 Opinio.

384 3978 476 4032 (il.
514 3977 766 4033 Nonnulli
791 3995 856 4034 ex
884 3980 1000 4048 ejus
1045 3980 1260 4050 scriptis
1301 3979 1486 4035 inferri
1519 3995 1679 4050 posse
1710 3989 1901 4052 putant

310 4070 580 4138 duplicem
603 4079 732 4125 tunc
763 4072 814 4125 in
843 4070 1033 4126 Galliis
1061 4072 1226 4126 fuisse
1254 4072 1594 4126 traditionem
1623 4073 1692 4127 de
1715 4073 1902 4142 primis

315 4162 576 4218 Ecclesia:
598 4162 886 4219 Gallicana:
916 4165 1197 4233 apostolis,
1225 4180 1449 4232 quorum
1476 4166 1566 4218 alii
1589 4165 1899 4219 missionem

311 4258 380 4311 ad
411 4259 648 4327 ipsorum
686 4257 1064 4326 Apostolorum
1108 4266 1320 4311 tetatcm
1353 4271 1610 4312 revocare
1637 4270 1901 4311 conaren-

315 4357 430 4413 tur;
465 4348 558 4402 alii
591 4363 720 4404 vero
746 4348 811 4403 ad
837 4349 1007 4413 Decii,
1048 4358 1138 4402 aut
1167 4359 1317 4403 certe
1349 4349 1510 4403 Marci
1537 4348 1741 4403 Aurelii
1767 4357 1905 4404 tem-

317 4455 467 4508 pora.
508 4438 649 4508 Quin
680 4448 735 4495 et
762 4440 1083 4511 Gregorium
1126 4441 1268 4509 quod
1319 4455 1426 4494 non
1471 4441 1604 4495 satis
1643 4455 1706 4495 ea
1738 4439 1791 4494 in
1841 4455 1902 4496 re

310 4532 419 4586 sibi
444 4532 1055 4601 constiteritaccusant,
1078 4534 1278 4603 quippe
1305 4534 1394 4604 qui
1425 4534 1656 4602 priorem
1683 4543 1902 4589 senten-

1998 3317 2217 3388 quidcm
2240 3316 2537 3385 Gregorius
2569 3316 2688 3370 loco
2713 3313 2930 3369 laudato
2953 3313 3029 3366 ait
3054 3318 3176 3381 post
3216 3309 3398 3366 Ursini
3442 3322 3588 3363 mor-

1999 3416 2107 3463 tem
2156 3405 2513 3462 Christianam
2565 3405 2724 3460 ﬁdem
2776 3402 2917 3471 apud
2974 3401 3239 3472 Bituriges
3284 3401 3586 3456 defecisse:

1999 3501 2140 3572 quod
2167 3510 2285 3569 post
2305 3511 2510 3570 septem
2535 3499 2912 3569 episcoporum
2935 3496 3188 3566 discipuli
3218 3505 3446 3552 mortem
3472 3495 3586 3550 fieri

1999 3593 2090 3646 vix
2141 3594 2332 3661 potuit,
2359 3591 2642 3646 desinente
2672 3589 2831 3646 tertio
2871 3589 3094 3644 smeulo.
3135 3587 3416 3657 Siquidem
3474 3587 3600 3655 ipse

2000 3686 2294 3758 Gregorius
2327 3686 2482 3742 testis
2527 3694 2630 3751 est,
2662 3694 2789 3740 tunc
2817 3684 3078 3754 temporis
3108 3681 3405 3738 Ecclesiam
3454 3680 3590 3732 miro

2001 3797 2153 3850 apere
2173 3781 2506 3850 compositam
2536 3795 2567 3834 a
2614 3779 2869 3834 ﬁdelibus
2889 3793 2953 3834 ea
2995 3777 3050 3832 in
3091 3781 3226 3832 urbe
3269 3773 3589 3829 aediﬁcatam

2001 3876 2187 3929 fuisse.
2221 3874 2486 3927 Caeterum
2508 3871 2801 3940 Gregorius
2827 3871 2897 3926 de
2926 3870 3158 3925 aliorum
3187 3880 3404 3937 quoque
3431 3878 3590 3920 sanc-

2002 3977 2179 4023 torum
2218 3967 2492 4022 miraculis
2519 3967 2718 4037 passim
2750 3965 2995 4032 scripsit,
3028 3972 3088 4017 ut
3114 3962 3184 4017 de
3211 3959 3497 4015 Timotheo
3536 3967 3593 4014 et

2003 4060 2299 4129 Apollinari
2333 4057 2751 4122 Rhemcnsibus,
2781 4054 3033 4109 Memmio
3052 4051 3449 4114 Catalaunensi,
3482 4049 3593 4104 Va-

2005 4152 2144 4206 lerio
2190 4149 2653 4214 Conserannensi,
2705 4147 2936 4217 aliisque
2983 4143 3294 4200 nonnullis:
3327 4149 3382 4196 at
3427 4140 3596 4197 tacuit

2003 4257 2187 4298 eorum
2206 4241 2510 4307 missiones,
2537 4241 2678 4310 quod
2705 4238 2841 4295 nihil
2865 4235 2935 4294 de
2961 4236 3084 4304 illis,
3114 4244 3172 4292 ut
3193 4236 3467 4305 conjicere
3479 4242 3592 4299 est,

2005 4343 2342 4404 compertum
2388 4332 2627 4388 haberet.

2077 4426 2169 4482 69..
2213 4426 2378 4481 l'orro
2423 4427 2527 4480 etsi
2551 4438 2616 4480 ea
2659 4438 2779 4494 qua:
2805 4421 3112 4486 retulimus,
3161 4420 3290 4475 satis
3322 4431 3620 4488 superque;

2006 4518 2280 4574 sufﬁciant
2319 4517 2385 4572 ad
2416 4515 2872 4586 comprobandam
2921 4512 3168 4585 Gregorii
3197 4526 3421 4581 operum
3451 4509 3595 4564 utili-

314 4624 441 4678 tiam
474 4627 526 4679 in
572 4625 946 4679 Miraculorum
978 4625 1151 4690 libris,
1179 4627 1536 4695 posteriorem
1577 4625 1630 4680 in
1665 4625 1896 4680 Historia

2011 4619 2196 4672 tatem,
2220 4622 2341 4663 cum
2368 4615 2544 4662 tamen
2567 4607 2807 4675 quidam,
2847 4603 3008 4659 etiam
3056 4603 3256 4660 eruditi
3283 4601 3416 4665 viri,
3462 4614 3596 4655 non-

311 4717 592 4786 a'nplexus
624 4717 714 4770 sit.
749 4715 944 4770 Verum
971 4716 1095 4770 licet
1127 4716 1220 4770 has
1243 4717 1604 4785 quazstiones,
1637 4733 1757 4786 qua:
1786 4726 1894 4773 tam

312 4809 513 4863 acriter
539 4809 735 4863 nostris
785 4808 1115 4877 temporibus
1141 4811 1354 4878 agitata:
1387 4809 1607 4864 fuerunt
1632 4809 1700 4865 de
1742 4824 1898 4865 sanc-

315 4910 492 4956 torum
543 4902 910 4965 missionibus,
955 4911 1252 4957 retractare
1282 4917 1495 4957 animus
1527 4919 1632 4958 non
1665 4904 1765 4969 sit,
1817 4913 1901 4957 ut-

315 5001 444 5061 pote
467 5008 601 5062 quas
629 5003 779 5046 extra
811 5001 1054 5048 nostrum
1085 4993 1390 5048 institutum
1418 5007 1538 5049 esse
1576 5008 1899 5059 censemus;

313 5083 368 5138 id
392 5092 567 5136 tamen
597 5083 869 5137 afﬁrmare
887 5089 1082 5148 ausim,
1116 5099 1378 5151 nuSquam
1409 5099 1529 5138 cum
1558 5099 1676 5139 sese
1695 5085 1764 5140 de
1785 5085 1904 5140 istis

315 5174 667 5229 missionibus
694 5174 965 5229 scribendi
993 5175 1185 5228 obtulit
1211 5176 1442 5240 occasio,
1460 5175 1777 5244 Gregorium
1802 5175 1906 5230 sibi

312 5267 647 5320 contrarium
678 5266 989 5329 exstitisse;
1022 5265 1242 5334 fallique
1265 5280 1361 5320 eos
1389 5266 1478 5333 qui
1518 5267 1667 5319 illum
1711 5266 1904 5321 existi-

318 5368 468 5412 tnant
500 5358 571 5412 ita
611 5357 681 5412 de
708 5357 1030 5427 Martyribus
1063 5357 1533 5425 Lugdunensibus,
1565 5365 1657 5410 aut
1687 5357 1753 5411 de
1782 5371 1907 5425 sep-

319 5461 423 5505 tem
454 5450 745 5520 episcopis,
787 5465 924 5519 quos
965 5450 1068 5504 sub
1114 5449 1275 5504 Decio
1303 5448 1624 5502 adventasse
1663 5450 1907 5520 scripsit,

317 5543 554 5598 locutum
589 5541 775 5610 fuisse,
802 5552 859 5596 ut
887 5551 1013 5596 ante
1044 5541 1165 5596 illos
1195 5551 1286 5595 aut
1317 5551 1581 5612 martyres
1602 5580 1618 5605 ,
1649 5551 1740 5594 aut
1771 5541 1906 5596 alios

316 5635 468 5690 verbi
501 5635 674 5688 divini
706 5650 1014 5703 prmcoues,
1047 5636 1097 5690 in
1128 5635 1328 5689 Gallias
1359 5634 1642 5689 advenisse
1671 5647 1909 5701 negave-

319 5728 412 5783 rit.
446 5725 560 5780 Non
591 5726 758 5791 enim,
808 5735 864 5779 ut
892 5728 1025 5782 scite
1055 5727 1361 5782 observavit
1391 5741 1618 5781 summm
1644 5725 1907 5781 eruditio-

323 5823 406 5878 nis
431 5820 509 5876 vir
538 5819 771 5876 Jacobus
787 5819 1133 5891 Sirmoudus,
1159 5820 1212 5876 in
1246 5821 1344 5876 hac
1377 5821 1568 5877 haeresi
1593 5817 1691 5877 fuit
1713 5817 1908 5889 Grego-

2009 4702 2152 4757 nulla
2181 4701 2232 4755 in
2266 4700 2346 4754 his
2379 4699 2773 4770 reprehendere
2817 4698 3068 4764 soleant;
3105 4712 3167 4752 ea
3195 4697 3380 4766 paucis
3413 4695 3594 4750 discu-

2009 4804 2122 4849 tere
2148 4793 2322 4846 visum
2351 4799 2455 4857 est,
2481 4800 2538 4845 ut
2568 4799 2748 4860 pateat
2771 4791 2860 4845 illa
2876 4805 2984 4846 non
3000 4804 3122 4846 esse
3149 4791 3282 4845 tanti
3310 4789 3598 4853 momenti,

2007 4901 2128 4957 quae
2156 4896 2263 4942 tam
2291 4888 2476 4944 eximii
2499 4887 2598 4942 viri
2621 4888 2998 4943 auctoritatem
3019 4885 3488 4950 elevarevvaleant,
3505 4893 3600 4939 aut

2010 4982 2128 5052 pios
2157 4996 2218 5036 ac
2247 4981 2488 5036 eruditos
2535 4981 2766 5036 lectores
2811 4980 2881 5034 ab
2927 4979 3049 5050 ejus
3098 4993 3319 5048 ope-rum
3368 4976 3600 5033 lectione

2010 5088 2259 5130 avocare.
2292 5075 2417 5130 Ilazc
2444 5083 2570 5129 sunt
2598 5088 2717 5141 quae
2765 5071 3028 5143 Gregorio
3057 5071 3405 5140 exprobrant.
3440 5067 3596 5123 lllum

2009 5170 2162 5223 aiunt
2189 5168 2328 5238 stylo
2357 5167 2430 5221 ita
2475 5168 2676 5222 rustico
2703 5165 3018 5236 scripsisse,
3047 5174 3101 5218 ut
3141 5164 3346 5232 absque
3385 5159 3602 5216 fastidio

2011 5262 2097 5314 vix
2133 5258 2237 5328 legi
2288 5259 2488 5328 possit;
2521 5257 2834 5329 apocrypha
2869 5266 3116 5312 veterum
3147 5254 3348 5322 scripta
3394 5254 3462 5308 ab
3487 5253 3601 5322 ipso

2014 5365 2398 5422 nonnunquam
2423 5349 2590 5405 fuisse
2607 5349 2851 5412 laudata;
2877 5349 3044 5401 immo
3065 5359 3174 5400 non
3193 5344 3365 5400 solum
3393 5346 3600 5400 incerta

2013 5461 2114 5515 pro
2140 5444 2324 5508 certis,
2341 5441 2434 5498 sed
2461 5451 2517 5496 et
2538 5440 2670 5496 falsa
2692 5439 2760 5494 ab
2787 5452 2852 5492 eo
2871 5437 2992 5490 data
3017 5435 3290 5492 interdum
3318 5435 3483 5490 fuisse
3505 5448 3605 5502 pro

2013 5538 2176 5601 veris,
2207 5549 2440 5603 eumque
2487 5534 2541 5588 in
2589 5533 2794 5601 aliquot
2821 5542 3036 5584 errores
3086 5528 3414 5597 impegisse;
3450 5524 3606 5578 deni-

2013 5644 2116 5696 que
2149 5635 2308 5680 tantm
2328 5625 2494 5680 fuisse
2517 5622 2876 5692 simplicitatis
2901 5631 2956 5676 et
2982 5621 3342 5696 credAulitatis,
3369 5626 3428 5673 ut
3447 5633 3592 5686 qua:-

2014 5685 2094 5774 vis
2141 5720 2445 5788 promiscua
2468 5685 2747 5784 facta-pro
2785 5715 3060 5770 miraculis
3102 5685 3346 5768 haberet.
3381 5685 3602 5776 Atistyli

2016 5812 2284 5870 rusticitas
2322 5825 2428 5866 non
2459 5804 2724 5879 Gregorii,
2757 5807 2851 5865 sed
2899 5804 3018 5875 ejus
3066 5804 3240 5862 aetatis
3273 5804 3454 5857 vitium
3481 5803 3600 5856 fuit.
