4086 6328
500 360 569 418 55
1261 386 1275 401 -·
1950 360 2070 416 MU.

2173 361 2339 419 A110.
3698 346 3779 425 56

499 474 574 531 Eo
606 475 745 531 enim
777 485 1039 547 tempore,
1072 483 1188 546 post
1209 477 1382 531 varias
1414 475 1594 531 clades
1619 519 1631 542 ,
1661 491 1795 545 quas
1841 476 1942 530 sub
1983 487 2069 527 re—
2101 475 2148 532 A
2178 476 2336 545 pisset
2356 520 2370 543 ,
2404 492 2520 543 quae
2544 493 2570 528 a
2602 477 2730 531 viris
2763 477 2861 547 piis
2892 478 3081 533 referri
3100 478 3366 545 solebant,
3394 477 3605 533 Mallem
3628 519 3643 544 ,
3674 480 3767 534 in-

496 566 677 635 petitis
702 572 857 623 toties
905 569 1249 623 barbarorum
1298 568 1692 623 incursionibus
1737 568 1923 621 Gallia:
1953 582 2075 638 per-

496 672 668 724 pessa:
697 657 929 724 fuerant,
957 657 1094 712 adeo
1126 658 1337 711 inculta:
1355 657 1611 726 jacebant
1638 657 1851 723 litteris,
1886 667 1941 731 ut
1983 672 2077 711 ne-

497 762 587 801 mo
618 747 970 813 inveniretur,
1001 749 1091 818 qui
1125 764 1209 804 res
1240 759 1421 818 gestas
1471 749 1662 804 litteris
1692 750 2075 806 commendare

495 838 718 903 valeret,
750 849 805 893 ut
832 840 944 908 ipse
975 838 1266 909 Gregorius
1298 849 1528 895 testatur
1559 842 1613 895 in
1647 842 1867 911 prologo
1899 841 2075 897 Histo-

497 933 625 984 r‘aa:
660 939 753 983 aut
778 938 957 995 certe,
986 929 1039 984 si
1072 929 1191 999 quis
1216 946 1309 986 eas
1339 916 1568 999 politiori
1597 932 1738 1003 stylo
1768 932 2075 988 describere

496 1030 723 1075 conatus
756 1021 980 1087 fuisset,
1014 1022 1219 1077 inutilis
1248 1022 1437 1078 fuisset
1464 1023 1581 1093 ejus
1613 1024 1857 1093 scriptio,
1888 1035 2074 1092 utpote

495 1127 654 1180 quam
687 1113 926 1180 plerique
948 1128 1052 1167 non
1083 1113 1494 1182 intellexissent,
1524 1125 1580 1169 ut
1612 1115 1753 1170 idem
1782 1116 2073 1186 Gregorius

495 1210 614 1257 ‘n‘on
643 1205 814 1259 semel
850 1206 1154 1273 profitetur.
1184 1206 1314 1275 Qua:
1350 1208 1511 1263 etiam
1539 1224 1700 1264 causa
1717 1209 1816 1264 fuit
1842 1219 1899 1264 ut
1929 1210 2073 1279 leges

442 1296 445 1301 ’
494 1304 551 1349 et
579 1296 691 1363 ipsa
724 1310 907 1364 regum
947 1305 1251 1351 nostrorum
1300 1296 1590 1366 diplomata
1635 1299 1824 1354 eodem
1855 1314 2071 1367 prorsus

494 1386 633 1455 stylo
654 1388 853 1439 rustico
878 1386 1256 1442 conderentur.
1293 1386 1443 1444 Unde
1470 1398 1528 1442 ut
1551 1390 1708 1459 genio
1744 1390 1825 1443 sui
1865 1398 2071 1459 tempo-

491 1475 567 1529 ris
593 1475 979 1544 obsequeretur
992 1476 1303 1546 Gregorius,
1328 1493 1433 1533 non
1458 1493 1582 1532 raro
1603 1480 1888 1533 accusandi
1914 1495 2071 1535 casus

491 1581 592 1635 pro
622 1568 869 1621 ablativis
919 1568 1181 1623 absolutis
1223 1571 1400 1624 sciens
1430 1570 1768 1640 prudensque
1805 1571 2067 1627 adhibuit.

493 1657 613 1710 Non
648 1656 745 1711 fuit
776 1658 954 1727 itaque
1002 1658 1265 1726 Gregorio
1302 1661 1589 1729 peculiaris
1636 1664 1735 1715 ista
1788 1663 2071 1719 locutionis

493 1749 793 1815 barbaries,
816 1764 975 1818 quam
1005 1750 1056 1803 in
1080 1750 1200 1804 aliis
1215 1766 1427 1821 quoque
1442 1752 1561 1821 ejus
1585 1751 1685 1806 aevi
1712 1752 1937 1807 sinceris
1962 1768 2072 1807 mo-

2178 567 2315 636 qnit,
2341 569 2492 635 fateri
2521 586 2599 622 res
2624 569 2743 623 illas
2781 586 2889 622 esse
2925 572 3132 624 altiores
3151 612 3165 633 ,
3200 587 3351 637 quam
3382 580 3498 623 ora
3528 586 3607 625 me
3641 587 3769 642 pos-

2176 668 2285 711 sent
2304 660 2508 730 attingi,
2533 677 2688 727 quam
2718 671 2901 716 temere
2925 662 3141 729 deﬁnire
3175 663 3267 715 illo
3296 678 3405 717 esse
3445 663 3579 732 falsa
3598 678 3765 715 mira-

2177 749 2293 802 cula
2312 792 2326 813 ,
2358 758 2448 802 aut
2492 751 2555 803 ab
2583 751 2789 805 nomine
2816 753 2970 805 nimia
2998 753 3209 811 credulo
3240 753 3432 822 afﬁcto.
3470 753 3761 807 Miraculo-

2176 856 2294 895 rum
2343 842 2489 896 enim
2518 844 2761 912 operatio
2789 859 2933 899 verte
2986 844 3243 899 Ecclesia:
3274 854 3475 898 tessera
3509 852 3623 911 est,
3654 858 3767 910 qua

2178 933 2321 987 illam
2352 934 2421 988 ab
2446 934 2823 990 hmreticorum
2851 936 3013 993 sectis
3034 936 3340 992 distinctam
3362 952 3574 1007 semper
3596 936 3768 990 fuisse

2180 1021 2361 1077 Patres
2387 1033 2442 1079 et
2486 1024 2741 1081 Ecclesia:
2770 1026 3027 1083 Doctores
3066 1028 3305 1083 omnium
3339 1037 3639 1097 temporum
3670 1042 3763 1083 as-

2175 1125 2477 1171 serueruut.
2510 1118 2585 1172 Ex
2609 1133 2715 1189 quo
2742 1120 2887 1174 enim
2920 1120 3177 1175 Dominus
3208 1130 3395 1176 noster
3422 1120 3474 1175 in
3507 1122 3759 1191 Evange-

2174 1205 2246 1259 lio
2278 1207 2548 1274 pollicitus
2578 1218 2691 1275 est,
2718 1223 2813 1265 eos
2850 1210 2942 1280 qui
2976 1210 3028 1264 in
3060 1213 3232 1279 ipsum
3261 1210 3518 1266 credituri
3550 1220 3756 1275 essent,

2175 1296 2377 1366 majora
2400 1309 2455 1352 et
2486 1298 2661 1367 plura,
2692 1314 2852 1368 quam
2884 1316 3003 1370 quae
3053 1301 3168 1370 ipse
3196 1300 3431 1367 fecisset,
3480 1300 3757 1366 edituros;

2172 1386 2226 1441 in
2259 1389 2497 1445 Ecclesia
2526 1406 2630 1444 non
2682 1391 2934 1459 defuere,
2966 1394 3175 1460 quoties
3224 1392 3312 1446 illa
3344 1393 3429 1447 vel
3472 1393 3538 1446 ad
3569 1392 3756 1447 intidc«

2172 1477 2300 1532 lium
2329 1482 2759 1545 conversionem,
2786 1483 2870 1536 vel
2897 1483 2972 1537 ad
2990 1482 3223 1537 fidelium
3252 1483 3305 1538 in
3332 1491 3473 1537 recta
3501 1482 3605 1538 fide
3624 1498 3752 1537 con-

2172 1570 2530 1627 firmationem
2560 1575 2858 1629 necessaria
2889 1575 3120 1630 fuerunt.
3146 1575 3335 1633 Petrus
3363 1576 3415 1629 in
3439 1576 3587 1630 Actis
3614 1576 3746 1645 Apo-

2171 1662 2429 1717 stolorum
2459 1680 2519 1719 se
2542 1666 2678 1719 hanc
2706 1673 3029 1735 potestatem
3061 1665 3313 1723 habuisse
3337 1668 3610 1736 professus
3637 1676 3720 1720 est
3740 1706 3755 1731 ,

2170 1764 2293 1806 eum
2346 1754 2546 1820 petenti
2594 1755 2885 1825 paralytico
2914 1757 3314 1827 eleemosynam
3341 1757 3618 1826 respondit
3641 1796 3658 1821 ,
3696 1772 3769 1812 se

493 1844 763 1895 numentis
792 1841 1201 1911 deprehendere
1231 1842 1405 1911 quivis
1434 1843 1589 1897 facile
1633 1844 1847 1911 poterit.
1894 1842 2068 1898 Czete-
2103 1844 2150 1904 Β
2175 1844 2389 1913 quidem
2419 1856 2699 1916 argentum
2729 1864 2834 1903 non
2863 1848 3081 1914 habere,
3130 1849 3223 1904 sed
3269 1848 3408 1918 quod
3455 1848 3638 1912 habeo,
3669 1848 3757 1902 in-

494 1946 610 1986 rum
633 1932 732 1987 etsi
774 1930 1084 2000 Gregorius,
1119 1940 1176 1986 ut
1203 1941 1323 1986 erat
1350 1933 1432 1985 vir
1462 1945 1685 1986 summa:
1715 1932 1987 1987 modestia
2017 1943 2071 1989 et

493 2022 836 2088 lnimélitatis,
867 2022 1066 2092 passim
1092 2036 1212 2077 sese
1237 2023 1432 2091 linguae
1475 2022 1655 2076 latina).
1692 2022 1992 2091 imperitum
2019 2032 2074 2079 et

494 2115 765 2169 hominem
790 2113 978 2168 rudem
1004 2114 1349 2183 profiteatur;
1381 2130 1485 2168 non
1510 2122 1685 2170 tamen
1708 2115 1844 2170 adeo
1860 2115 2074 2184 ignarus

492 2207 659 2261 fuisse
686 2204 994 2261 censendus
1012 2216 1114 2271 cst,
1147 2213 1205 2259 ut
1234 2205 1377 2259 nulla
1401 2206 1696 2260 litterarum
1716 2206 1938 2273 scientia
1962 2207 2074 2262 hie-

494 2300 563 2353 rit
599 2302 918 2353 instruetus:
951 2309 1072 2351 eum
1095 2296 1401 2350 eeontrario
1427 2296 1574 2350 illum
1608 2297 1659 2349 in
1685 2306 1923 2351 veterum
1948 2310 2075 2350 auc-

425 2435 434 2462 ..
493 2401 669 2446 torum
696 2391 926 2446 lectione
950 2389 1190 2444 maxime
1216 2400 1486 2445 versatum
1521 2390 1687 2446 fuisse
1709 2390 1885 2459 colligi
1908 2392 2075 2460 possit

422 2472 437 2541 ’ξ
493 2498 559 2537 ex
588 2484 749 2536 variis
772 2496 959 2537 eorum
993 2482 1146 2546 locis,
1173 2496 1310 2551 quos
1341 2479 1606 2536 interdum
1640 2479 1933 2535 narrationi
1961 2495 2073 2534 suae

493 2573 871 2628 intermiscuit.
916 2572 1120 2626 Vocum
1169 2573 1333 2626 etiam
1364 2571 1670 2625 Graecarum
1719 2585 1779 2626 se
1826 2571 2072 2626 notitiam

494 2668 726 2735 aliquam
750 2663 1002 2719 habuisse
1031 2663 1227 2729 innuit,
1247 2662 1371 2717 dum
1395 2662 1699 2717 Latinarum
1730 2658 1836 2716 vim
1858 2676 1928 2717 ex
1958 2673 2075 2733 ety-

492 2773 584 2811 mo
634 2755 875 2823 esponit.
926 2754 1104 2808 Testis
1148 2767 1358 2823 quoque
1389 2753 1745 2819 Fortunatus,
1804 2753 1889 2807 cui
1943 2767 2074 2808 sane

490 2849 662 2907 nrobe
715 2856 874 2901 notus
919 2856 1057 2913 erat,
1090 2845 1226 2899 hanc
1255 2845 1308 2898 in
1337 2859 1452 2899 rem
1500 2844 1693 2898 adduci
1738 2853 1914 2913 petest
1937 2885 1951 2911 ,
1981 2844 2073 2914 qui

393 2937 399 2944 ’
493 2939 610 3007 ejus
655 2938 1014 3009 eloquentiam
1041 2948 1096 2993 et
1125 2936 1484 2993 eruditionem
1531 2937 1732 3006 passim
1763 2937 1962 2993 laudat.
2007 2939 2074 2992 Et

491 3046 625 3088 sane
649 3030 1041 3102 quantumlibet
1064 3028 1298 3097 simplici
1321 3042 1573 3084 sermone
1614 3030 1889 3099 scripserit
1930 3028 2071 3085 Gre-

490 3128 696 3194 gorius,
729 3141 816 3181 res
845 3134 1022 3180 tamen
1049 3132 1248 3193 gestas,
1298 3121 1485 3177 nescio
1512 3137 1617 3190 qua
1656 3123 1987 3193 ingenuitate
2018 3133 2074 3180 et

2173 1937 2314 2005 quit,
2353 1936 2454 1993 hoc
2475 1938 2565 1991 tibi
2594 1940 2704 2003 do;
2741 1940 2796 1993 in
2820 1940 3025 1993 nomine
3061 1938 3250 1994 Christi
3275 1956 3429 2010 surge
3450 1949 3500 1995 et
3527 1940 3755 1995 ambula.

2174 2028 2239 2081 Et
2264 2028 2478 2097 quidem
2520 2030 2603 2083 vel
2634 2030 2749 2085 sola
2792 2030 2909 2099 ejus
2935 2031 3175 2099 corporis
3204 2030 3393 2085 umbra
3421 2031 3635 2085 morbos
3662 2046 3759 2085 cu-

2173 2118 2344 2172 rabat.
2376 2120 2525 2174 Pauli
2569 2120 2824 2176 init-acula
2854 2131 3038 2188 taceo;
3070 2122 3164 2176 sed
3210 2135 3275 2176 eo
3305 2129 3464 2189 teste,
3495 2120 3608 2175 hmo
3635 2137 3757 2191 gra-

2175 2211 2245 2264 tia
2275 2211 2341 2264 ah
2363 2212 2633 2280 Apostolis
2659 2211 2727 2267 ad
2756 2212 2939 2269 ﬁdeles
2979 2213 3219 2279 transiit,
3252 2227 3480 2279 quorum
3509 2213 3629 2265 aliis
3658 2229 3754 2283 ge-

2173 2315 2300 2355 nera
2333 2300 2654 2372 linguarum,
2690 2303 2811 2358 aliis
2838 2304 3062 2374 gratiam
3090 2304 3460 2370 curationum,
3492 2303 3611 2357 abis
3652 2303 3754 2355 alia

2172 2393 2553 2449 charismatum
2602 2396 2739 2450 dona
2769 2410 3023 2453 concessa
3066 2396 3230 2452 fuisse
3267 2396 3472 2451 scribit.
3522 2396 3755 2464 Ignatius

2176 2486 2554 2553 Apostolorum
2582 2486 2893 2556 discipulus,
2918 2502 3039 2543 cum
3080 2489 3337 2558 martyrio
3366 2488 3641 2555 proximus
3670 2501 3759 2541 es-

2177 2585 2280 2641 set,
2314 2578 2599 2633 verebatur
2624 2593 2694 2633 ne
2723 2579 2856 2648 ipsi,
2890 2581 3029 2633 sicut
3053 2578 3172 2634 aliis
3211 2578 3408 2633 sanctis
3429 2579 3756 2647 contigerat,

2175 2666 2364 2721 bestiae
2420 2668 2683 2722 miraculo
2735 2669 3113 2725 mansuefacta:
3159 2677 3458 2738 parcerent.
3514 2667 3761 2724 Justinus

2173 2759 2402 2815 ethnicis
2428 2760 2722 2829 exprobrat
2753 2776 3025 2832 magorum
3070 2771 3125 2818 et
3170 2763 3557 2816 incantatorum
3587 2763 3757 2831 impo~

2176 2850 2430 2914 tentiam,
2470 2864 2593 2906 eum
2633 2853 2934 2906 econtrario
2958 2851 3247 2908 Christiani
3270 2852 3385 2907 sola
3405 2851 3531 2906 .lesu
3557 2852 3757 2907 Christi

2176 2939 2408 2992 nominis
2434 2940 2769 2996 invocatione
2799 2941 2930 2995 nihil
2959 2957 3063 2996 non
3093 2952 3311 3011 possent
3337 2944 3577 3000 efﬁcere.
3613 2944 3756 2997 Prte-

2175 3029 2319 3084 clara
2347 3032 2564 3085 omnino
2587 3047 2647 3085 ea
2679 3032 2747 3086 de
2776 3048 2835 3088 re
2856 3033 3021 3089 habet
3050 3034 3305 3100 Irenaeus,
3328 3036 3418 3105 qui
3447 3036 3644 3089 szrculo
3665 3050 3754 3090 se-

2174 3125 2351 3178 cundo
2376 3125 2583 3190 floruit,
2615 3133 2669 3179 et
2708 3125 2863 3181 initio
2884 3128 3025 3181 tertii
3068 3141 3255 3194 passus
3282 3137 3384 3183 est.
3416 3128 3513 3182 llic
3540 3129 3591 3181 in
3620 3126 3760 3182 libro

493 3221 674 3274 nativa
704 3219 1009 3289 eloquentia
1037 3216 1317 3283 describit,
1351 3225 1531 3272 utnec
1557 3216 1844 3285 injucunda
1870 3218 2071 3289 sitejus
2098 3212 2144 3276 C
2177 3231 2212 3269 tt
2242 3215 2512 3272 Adversus
2541 3216 2774 3272 haereses
2796 3259 2811 3283 ,
2843 3218 3018 3288 capite
3044 3217 3134 3284 57,
3158 3233 3262 3274 non
3287 3234 3459 3274 unum
3490 3229 3580 3272 aut
3624 3220 3759 3273 aite-

490 3314 756 3377 narratio,
787 3327 885 3366 nec
916 3310 1208 3364 fastidiosa.

566 3404 654 3457 65.
700 3404 912 3457 Falsum
946 3412 1123 3457 tamen
1153 3402 1438 3471 aliquando
1454 3399 1617 3455 fuisse
1647 3399 1965 3470 Gregorium
1995 3401 2075 3455 in-

494 3495 668 3549 liciari
702 3494 887 3548 nolim.
936 3492 1071 3547 Haec
1093 3493 1236 3548 enim
1259 3502 1343 3546 est
1362 3506 1638 3546 sacrorum
1667 3492 1909 3545 codicum
1960 3495 2073 3545 sin-

495 3583 699 3655 gularis
750 3580 1134 3652 prtcrogativa,
1170 3589 1228 3635 ut
1271 3581 1380 3635 soli
1420 3580 1583 3636 errati
1635 3582 1899 3635 immunes
1945 3582 2073 3640 sint.

491 3674 815 3744 Apocrypha
837 3681 1055 3727 secutus
1074 3680 1160 3726 est
1181 3685 1561 3739 nonnunquam
1587 3670 1902 3740 Gregorius,
1927 3672 2075 3727 falsis

492 3779 623 3819 usus
650 3773 733 3818 est
758 3761 1137 3827 monumentis,
1170 3761 1359 3816 fateor;
1404 3762 1842 3830 Compatationes
1869 3770 2074 3831 tempo-

491 3870 614 3910 rum
646 3870 750 3909 non
796 3851 928 3909 satis
957 3860 1270 3908 constantes
1295 3850 1555 3905 adhibuit.
1601 3851 1708 3907 Sed
1736 3853 1851 3906 huc
1893 3852 2071 3907 omnia

491 3949 610 4018 ejus
637 3961 858 4018 oper-um
890 3945 1105 4000 utilitati
1134 3946 1221 3999 vix
1268 3943 1561 4014 quidquam
1589 3944 1918 3999 detrahunt:
1951 3960 2071 4000 cum

491 4039 800 4108 pertineant
827 4036 1163 4107 potissimum
1204 4034 1271 4090 ad
1295 4044 1506 4091 veteres
1528 4035 1811 4101 Historias,
1843 4051 1976 4104 quas
2003 4052 2069 4091 ex

488 4133 612 4187 aliis
662 4130 973 4186 auctoribus
1021 4130 1395 4198 deprompsit,
1446 4128 1774 4199 proindeque
1801 4126 1957 4184 facile
2004 4143 2069 4183 ex

474 4222 615 4277 aliis
644 4219 1006 4276 monumentis
1050 4218 1332 4274 emendari
1378 4219 1604 4287 pessint.
1664 4220 1817 4274 Unde
1873 4232 2071 4275 nostrae

494 4315 670 4384 gentis
693 4313 965 4377 llistoriie,
997 4328 1117 4381 qua:
1147 4310 1423 4381 potissima
1446 4320 1530 4365 est
1569 4311 1689 4379 ejus
1714 4327 1941 4379 Operum
1972 4314 2071 4367 nti~

488 4408 634 4471 litas,
660 4406 772 4461 sive
796 4405 1201 4470 ecclesiastica,
1225 4418 1321 4459 seu
1346 4402 1516 4466 civili,
1541 4403 1778 4457 maxime
1806 4418 1924 4471 quae
1944 4419 2072 4473 pro-

486 4500 613 4570 pius
641 4499 705 4552 ad
756 4498 998 4569 Gregorii
1051 4506 1271 4552 aetatem
1296 4496 1550 4566 pertinet,
1601 4496 1866 4564 ejusmodi
1894 4507 2069 4550 errata

2178 3322 2318 3375 rum,
2345 3318 2435 3361 aut
2456 3317 2601 3364 certe
2631 3310 2777 3378 plura
2800 3326 2829 3364 a
2860 3310 3179 3366 Christianis
3209 3313 3341 3366 facta
3373 3313 3626 3366 miracula
3665 3326 3755 3367 re-

2176 3407 2389 3452 censet:
2420 3399 2513 3453 sed
2541 3400 2675 3454 hanc
2703 3401 2872 3470 ipsam
2903 3401 3155 3457 Ecclesia:
3178 3392 3451 3457 catholicae
3479 3417 3597 3457 esse
3622 3418 3758 3471 pra:-

2175 3494 2466 3561 rogativam
2517 3493 2725 3562 probat,
2760 3504 2817 3549 ut
2847 3510 2968 3550 cum
3025 3496 3399 3551 haereticorum
3446 3504 3606 3550 sectae
3645 3495 3759 3550 suis

2178 3585 2456 3652 praestigiis
2496 3584 2626 3639 nihil
2678 3596 2927 3654 possent,
2981 3588 3081 3641 nisi
3121 3587 3259 3643 forte
3286 3587 3508 3642 incautis
3548 3586 3752 3641 damna

2177 3675 2404 3740 inferre;
2432 3676 2616 3731 fideles
2649 3679 2939 3743 miraculis,
2968 3689 3021 3732 et
3048 3680 3384 3744 certissimis,
3415 3686 3470 3733 et
3500 3677 3753 3745 frequen-

2176 3766 2421 3830 tissimis,
2455 3766 2612 3820 fidem
2640 3780 2792 3820 suam
2821 3767 3223 3836 approbarent;
3258 3768 3416 3821 itaut
3457 3767 3755 3835 saepissime

2174 3858 2313 3927 apud
2336 3873 2428 3913 eos
2451 3859 2905 3929 claudigressum,
2935 3860 3063 3914 (ξωοί
3090 3860 3283 3925 visum,
3312 3858 3459 3912 surdi
3486 3857 3749 3919 auditum,

2176 3952 2339 4004 immo
2365 3959 2420 4004 et
2444 3950 2637 4005 mortui
2668 3952 2828 4005 vitam
2859 3950 3098 4003 fidelium
3126 3949 3373 4019 precibus
3401 3947 3594 4002 fuerint
3622 3961 3754 4000 eon-

2174 4042 2364 4095 secuti.
2393 4042 2537 4107 Quos
2566 4042 2779 4109 quidem
2821 4042 3066 4095 homines
3097 4054 3127 4092 a
3156 4049 3326 4094 morte
3350 4039 3629 4101 excitatos,
3662 4039 3761 4093 diu

2178 4144 2358 4201 postea
2380 4134 2518 4190 inter
2546 4144 2773 4188 caeteros
2804 4135 3057 4188 mortales
3090 4132 3284 4189 vixisse
3310 4134 3556 4188 observat
3584 4143 3757 4202 capite

2176 4228 2444 4297 sequenti,
2498 4242 2565 4283 ne
2602 4227 2742 4283 forte
2788 4236 2932 4281 tanta
2973 4227 3225 4282 miracula
3256 4228 3539 4296 praestigiis
3589 4228 3758 4283 invidi

2174 4323 2419 4378 homines
2461 4323 2753 4377 attribuere
2801 4322 3079 4376 auderent.
3112 4319 3363 4390 Ejusdem
3392 4321 3467 4375 rei
3497 4320 3646 4375 testis
3673 4329 3760 4376 est

2172 4415 2372 4469 Sicculo
2404 4415 2560 4470 tertio
2589 4412 2737 4467 omni
2761 4412 3078 4480 exceptione
3106 4412 3277 4480 major
3305 4412 3601 4481 Cyprianus
3622 4414 3753 4464 Car-

2175 4506 2569 4575 thaginensium
2597 4504 2823 4557 antistes
2849 4512 2902 4557 et
2931 4501 3127 4557 Christi
3155 4510 3378 4571 martyr,
3412 4503 3500 4570 qui
3536 4502 3635 4555 hoc
3669 4517 3757 4556 ara

487 4607 595 4645 non
624 4589 886 4645 officiunt.
933 4589 1055 4643 Visa
1083 4589 1226 4642 enim
1249 4604 1279 4641 a
1305 4603 1388 4652 se,
1420 4598 1476 4641 ut
1510 4587 1817 4654 plurimum,
1854 4587 1937 4642 vel
1974 4604 2070 4643 au-

2175 4610 2491 4667 gumentum
2538 4612 2646 4651 non
2690 4596 3003 4660 semel,sed
3047 4595 3381 4662 potissimum
3408 4594 3461 4647 in
3492 4593 3639 4647 labris
3687 4594 3757 4649 de

486 4682 597 4736 dita
620 4680 854 4750 scripsit,
885 4681 1079 4748 quibus
1110 4680 1164 4733 in
1190 4678 1494 4733 referendis
1511 4694 1633 4733 eum
1665 4678 1804 4733 mala
1836 4694 2067 4750 unquam

482 4775 590 4831 fide
619 4788 773 4829 usum
803 4773 969 4828 fuisse
998 4786 1158 4827 nemo
1179 4771 1377 4826 dixerit

555 4886 646 4940 64.
691 4885 782 4951 At,
806 4886 1035 4955 inquies,
1062 4884 1132 4938 ita
1156 4882 1406 4937 credulus
1418 4884 1838 4954 erato‘regorius
1861 4898 1925 4939 ac
1940 4886 2068 4939 sim.

484 4982 628 5051 plex,
663 4989 721 5034 ut
750 4978 965 5049 quidvis
1010 4977 1213 5045 absque
1257 4976 1465 5031 delectu
1495 4976 1608 5031 suis
1637 4978 1853 5046 scriptis
1884 4979 2067 5035 videa-

487 5088 569 5125 tut‘
600 5070 916 5135 inseruisse,
948 5077 1001 5120 et
1030 5066 1204 5120 omnia
1231 5066 1341 5122 fere
1369 5074 1558 5121 eventa
1592 5066 1870 5122 miraculis
1898 5068 2065 5121 ascri-

408 5194 411 5199 -
481 5165 674 5233 psisse.
713 5161 913 5216 Verum
954 5158 1056 5212 etsi
1104 5157 1266 5212 nolim
1297 5156 1543 5221 inficiari,
1578 5156 1895 5227 Gregorium
1925 5157 2063 5214 forte

478 5257 535 5307 iu
568 5251 850 5307 credendis
900 5248 1173 5303 miraculis
1215 5240 1510 5319 aliquando
1533 5250 1697 5303 fuisse
1726 5250 2059 5316 faciliorem;

482 5362 603 5398 cum
637 5351 819 5396 tamen
845 5349 1050 5395 certum
1098 5340 1169 5394 sit
1195 5355 1257 5394 ex
1308 5340 1428 5395 aliis
1459 5340 1574 5410 ejus
1624 5342 1720 5394 aevi
1753 5342 2061 5396 auctoribus

480 5449 608 5490 tunc
634 5432 894 5503 temporis
930 5433 1097 5486 multa
1128 5433 1385 5488 miracula
1411 5434 1725 5502 contigisse,
1760 5450 1865 5487 non
1898 5436 1967 5489 oh
2006 5434 2060 5489 id

480 5526 820 5583 εωῐυιηιηούο
845 5525 983 5595 quod
1036 5524 1293 5579 miracula
1333 5531 1480 5589 sunt,
1530 5538 1590 5578 ea
1622 5538 1740 5578 esse
1770 5524 2062 5593 rejicicnda

480 5617 800 5683 censuerim,
834 5616 933 5669 nisi
954 5616 1129 5691 aliqua
1152 5616 1286 5668 ratio
1308 5614 1483 5685 gravis
1513 5612 1564 5665 id
1589 5613 1834 5668 suadeat.
1866 5615 1981 5667 liae
2008 5615 2059 5669 in

480 5723 539 5761 re
590 5706 859 5776 sequenda
898 5707 1106 5759 videtur
1164 5705 1334 5758 sancti
1394 5703 1677 5771 Augustini
1716 5705 1926 5772 regula,
1972 5705 2062 5774 qui

478 5816 601 5857 eum
629 5799 795 5858 multa
838 5796 1171 5857 circumferri
1221 5794 1476 5851 miracula
1503 5796 1642 5866 apud
1685 5796 1876 5866 vulgus
1907 5812 2059 5854 accc.

2178 4692 2444 4745 idolorum
2490 4689 2726 4743 vanitate
2768 4696 2823 4742 et
2867 4686 2931 4740 ad
2963 4684 3359 4740 Demetrianum
3388 4687 3751 4754 pertractavit.

2176 4783 2373 4836 Omitto
2420 4778 2732 4842 Eusebium,
2767 4776 3100 4831 Lactantium
3129 4784 3183 4829 et
3211 4775 3364 4839 alios,
3409 4774 3498 4842 qui
3527 4774 3628 4828 sub
3652 4790 3755 4827 sa:-

2175 4876 2279 4929 culi
2311 4873 2451 4928 tertii
2478 4871 2638 4927 linem
2661 4912 2676 4937 ,
2702 4878 2757 4924 et
2780 4868 2954 4939 quarti
2987 4867 3193 4922 initium
3234 4866 3499 4919 vixerunt.
3551 4864 3758 4919 Eadem

2176 4968 2343 5019 virtus
2374 4973 2493 5034 post
2531 4962 2710 5017 datam
2753 4960 3010 5015 Ecclesia:
3044 4972 3230 5026 pacem
3262 4956 3653 5034 perseveravit,
3698 4963 3754 5010 ut

2174 5063 2337 5113 testes
2357 5032 2482 5111 sunt
2504 5056 2891 5125 Hieronymus,
2921 5052 3166 5120 Ruﬁnus,
3198 5032 3465 5118 Sulpicius
3495 5048 3755 5112 Severus,

2167 5158 2222 5205 et
2247 5150 2360 5216 alii,
2381 5149 2470 5218 qui
2495 5156 2701 5217 patrum
2725 5158 2778 5202 et
2801 5146 3039 5200 aliorum.
3054 5155 3362 5198 sanctorum
3389 5142 3530 5195 vitas
3551 5140 3753 5194 descri-
3830 5168 3839 5175 ι

2168 5250 2407 5310 pserunt.
2443 5240 2584 5295 Idem
2613 5245 2879 5294 teSIantur
2910 5236 3184 5298 Paulinus,
3219 5235 3577 5289 Theodoritus
3609 5232 3750 5285 inter

2166 5332 2385 5387 Grut-eos
2437 5339 2617 5399 patres
2643 5328 2727 5381 vix
2760 5328 2852 5381 ulli
2903 5324 3204 5380 eruditione
3233 5322 3527 5387 secundos,
3560 5320 3647 5389 qui
3681 5319 3749 5371 li-

2166 5424 2321 5485 brum
2353 5437 2414 5477 ea
2460 5421 2530 5477 de
2569 5436 2629 5476 re
2673 5420 2998 5488 singularem
3046 5416 3148 5472 sub
3195 5415 3458 5484 religiosa:
3501 5412 3750 5466 Historiae

2169 5517 2321 5572 titulo
2351 5514 2537 5571 edidit.
2594 5513 2830 5568 Plurima
2874 5509 3137 5581 miracula
3188 5522 3289 5561 suo
3318 5515 3562 5579 tempore
3611 5504 3751 5555 facta

2166 5617 2348 5663 narrat
2377 5605 2724 5676 Augustinus,
2768 5600 3100 5670 potissimum
3145 5598 3196 5651 in
3240 5596 3389 5651 libris
3429 5594 3749 5650 deCivitato

2170 5700 2281 5753 Dei.
2317 5698 2635 5755 Sanctorum
2666 5691 2904 5746 Gcrvasii
2958 5697 3012 5742 et
3057 5687 3281 5742 l’rotasii
3335 5686 3402 5739 ab
3456 5683 3747 5738 Ambrosio

2168 5794 2508 5849 inventorum
2540 5794 2619 5843 tot
2648 5785 2865 5841 fuerunt
2887 5781 3263 5839 miraculorum
3288 5792 3587 5849 praecones,
3617 5784 3753 5857 quot
