4086 6328
333 343 411 397 57

1786 348 2178 407 HUEFATIO.

3535 358 3613 415 58'

330 470 527 513 eorum
546 464 846 524 temporum
878 457 1191 526 scriptores,
1226 458 1546 516 Ambrosius
1574 460 1708 528 ipse,
1738 459 1917 513 Pauli-
1945 461 1998 519 Α
2026 457 2323 530 fre-quentia
2371 472 2498 520 tunc
2536 465 2824 535 contigisse
2858 450 3155 523 miracula.
3204 468 3280 525 De
3327 470 3606 525 miraculis

330 568 466 614 nus,
510 551 857 620 Augustinus,
889 550 1245 622 Gaudentius,
1276 563 1383 607 etc.
1434 554 1587 607 llaud
1613 554 1790 608 minus
1817 568 1913 607 ce—

330 642 500 699 [ebria
526 642 674 697 fuere
698 643 871 697 sancti
895 643 1156 713 Stephani
1183 659 1372 700 recens
1401 645 1608 700 inventi
1630 648 1929 714 miracula;

330 735 403 790 de
422 735 614 804 quibus
644 735 765 790 libri
796 736 905 791 duo
933 737 1075 791 inter
1112 738 1393 808 Augustini
1414 752 1575 807 opera
1627 738 1905 795 habentur.

334 824 517 879 Victor
542 823 776 880 Vitensis
816 826 978 896 paulo
1005 834 1125 895 post
1152 827 1406 882 miracula
1433 827 1713 897 descripsit
1734 872 1750 895 ,
1792 844 1917 897 quae

327 917 540 971 furente
570 915 956 972 Wandalorum
988 918 1043 971 in
1065 917 1243 973 Africa
1268 919 1638 987 persecutione
1666 934 1695 972 a
1725 920 1912 973 catho-

327 1007 447 1061 licis
478 1007 622 1062 edita
655 1008 887 1063 luerunt.
913 1008 1137 1063 Basilius
1163 1009 1421 1064 Seleucia:
1447 1010 1728 1078 cpiscopus
1767 1010 1909 1063 circa

325 1098 467 1153 idem
500 1108 708 1167 tempus
738 1098 902 1154 libros
927 1100 1061 1154 duos
1088 1099 1156 1154 de
1203 1099 1473 1153 miraculis
1520 1109 1719 1155 sancite
1762 1100 1907 1154 Tlte-

324 1191 426 1246 clte
449 1192 773 1262 composuit.
808 1192 935 1246 Htee
962 1191 1030 1247 de
1073 1192 1281 1245 saeculis
1310 1207 1429 1261 quae
1458 1193 1774 1262 Gregorium
1809 1207 1905 1247 no-

322 1290 494 1336 strum
525 1292 930 1350 pmcesserunt.
954 1281 1070 1336 Non
1100 1283 1277 1336 minus
1301 1293 1482 1337 autem
1504 1283 1703 1336 saeculo
1728 1293 1904 1350 sexto,

321 1386 432 1440 quo
470 1371 604 1425 vixit
652 1370 966 1441 Gregorius,
1000 1370 1296 1439 frequentia
1331 1370 1497 1427 fuisse
1546 1372 1680 1426 infra
1714 1375 1906 1443 proba-

320 1464 519 1519 bimus.
572 1463 703 1520 Nam
751 1463 819 1519 de
865 1464 1213 1534 sequentibus
1242 1465 1575 1533 temporibus
1629 1481 1787 1535 agere
1834 1467 1901 1519 ad

320 1563 561 1609 nostrum
584 1568 689 1609 non
719 1563 923 1624 spectat
945 1555 1274 1619 institutum;
1303 1567 1356 1610 et
1377 1555 1466 1623 qui
1492 1570 1552 1610 ea
1575 1556 1642 1611 de
1669 1572 1726 1610 re
1750 1558 1901 1625 plura

318 1647 563 1717 cupiunt,
586 1646 785 1702 habent
807 1648 1179 1702 Miraculorum
1204 1649 1366 1704 libros
1392 1650 1629 1720 integros
1649 1696 1662 1719 ,
1689 1667 1823 1722 quos
1848 1654 1901 1707 in

320 1740 564 1795 Vitarum
595 1749 900 1794 sanctorum
921 1740 1330 1796 collectionibus
1357 1743 1657 1797 consulant.

2018 562 2322 608 sanctorum
2382 556 2545 611 Italiae
2598 558 2766 615 libros
2813 570 3046 629 quatuor
3072 561 3403 631 dialogorum
3430 566 3598 618 edidit

2016 644 2310 715 Gregorius
2366 648 2602 717 Magnus.
2640 649 2783 704 Idem
2830 653 3079 718 prmstitit
3128 653 3310 708 Victor
3362 654 3595 710 Vitensis

2014 740 2296 805 episcopus
2327 741 2380 792 in
2422 738 2572 794 libris
2609 741 2679 797 de
2723 744 3096 811 persecutione
3125 744 3431 799 Wandalica
3454 788 3469 811 ,
3502 748 3590 801 ubi

2014 835 2197 880 narrat
2228 840 2293 881 ea
2339 841 2458 898 quae
2514 831 2650 884 Dens
2679 832 2730 885 in
2762 833 2944 887 Africa
2974 834 3230 900 ostendit,
3260 837 3313 889 in
3345 836 3467 890 ﬁdei
3498 854 3587 891 ca-

2014 915 2226 970 tholicae
2266 918 2748 975 conlirmationem.
2796 922 2852 976 ln
2885 921 3095 987 Galliis,
3148 933 3345 993 praeter
3366 936 3583 980 sanch

2012 1023 2127 1062 rum
2158 1008 2326 1077 Vitas,
2362 1028 2479 1079 qua:
2506 1013 2575 1065 ah
2604 1014 2915 1069 auctoribus
2944 1016 3195 1084 gravibus
3221 1026 3275 1071 et
3299 1014 3589 1086 aequalibus

2009 1099 2223 1169 scripta:
2271 1111 2419 1166 sunt,
2472 1111 2636 1157 testes
2690 1103 2949 1159 habemus
2986 1106 3137 1174 queis
3167 1120 3324 1160 neruo
3353 1118 3584 1175 unquam

2008 1194 2209 1262 absque
2233 1194 2551 1250 temeritatis
2598 1206 2727 1250 nota
2764 1198 2960 1251 audeat
2987 1197 3264 1269 refragari.
3296 1199 3354 1254 In
3400 1200 3618 1269 primis-

2006 1288 2308 1356 complures
2338 1292 2619 1360 epismpos
2670 1295 2954 1349 sanctitate
2996 1306 3050 1350 et
3101 1296 3404 1351 eruditione
3443 1298 3585 1352 cele—

2007 1378 2288 1449 berrimos,
2321 1381 2459 1436 inter
2488 1398 2628 1451 quos
2657 1384 2970 1439 eminebant
2999 1386 3186 1439 Avitus
3220 1386 3538 1440 Viennensis
3559 1425 3577 1452 ,
3648 1436 3665 1451 ,

2005 1470 2309 1539 Stephanus
2333 1473 2725 1543 Lugdunensis,
2764 1484 2818 1529 et
2848 1474 3073 1530 Eonius
3101 1476 3434 1532 Arelnnsis
3463 1490 3578 1531 me-

2006 1560 2331 1628 tropolitani,
2356 1564 2443 1631 qui
2466 1578 2587 1618 cum
2618 1566 2843 1620 Arianos
2866 1566 2916 1619 in
2938 1567 3227 1622 collatione
3247 1582 3426 1622 coram
3449 1568 3582 1621 Bur-

2001 1650 2328 1719 gundionum
2359 1670 2483 1724 rege
2514 1656 2721 1721 habita,
2752 1657 3049 1713 rationibus
3073 1673 3139 1713 ac
3157 1659 3438 1728 scriptura:
3473 1668 3580 1714 tes-

2004 1742 2238 1797 timoniis
2262 1747 2626 1812 pervicissent,
2658 1749 2817 1803 ﬁdem
2840 1765 3052 1820 quoque
3101 1765 3254 1805 suam
3306 1750 3580 1805 miraculis

389 1832 482 1886 65.
524 1834 678 1887 Atex
708 1833 791 1888 his
806 1847 924 1902 qua:
954 1834 1405 1903 protulimusjam
1430 1837 1765 1903 perspicuum
1789 1845 1892 1904 est,
1925 1835 1974 1895 B
1999 1836 2296 1902 approbare
2341 1838 2560 1905 polliciti
2606 1849 2753 1907 sunt,
2787 1840 2832 1895 si
2870 1841 3053 1896 Ariani
3083 1841 3163 1896 eis
3191 1841 3441 1896 assentiri
3466 1842 3598 1895 vel-.

316 1924 517 1979 nemini
553 1924 757 1979 auctori
805 1924 1170 1980 ecclesiastico
1199 1925 1333 1979 verti
1365 1940 1521 1992 posse
1561 1926 1686 1979 vitio
1710 1965 1726 1992 ,
1757 1925 1899 1995 quod

315 2017 573 2071 miracula
630 2017 827 2088 passim
857 2018 970 2073 suis
998 2018 1252 2087 operibus
1292 2018 1599 2081 inseruerit,
1633 2029 1722 2071 aut
1751 2027 1903 2072 certe

314 2110 385 2165 de
417 2112 681 2165 lliiraculis
728 2120 1038 2165 sanctorum
1079 2110 1307 2165 ediderit
1357 2110 1521 2165 libros
1572 2110 1893 2177 singulares.

314 2201 650 2271 Proindeque
675 2202 991 2273 Gregorium
1022 2216 1088 2255 eo
1116 2201 1234 2270 ipso
1264 2200 1668 2269 haudquaquam
1709 2216 1902 2267 θερομ-

313 2295 551 2349 nandum
581 2309 720 2356 esse,
753 2294 895 2363 quod
944 2293 1197 2348 Miracula
1231 2293 1427 2363 passim
1480 2294 1531 2347 in
1589 2296 1700 2348 suis
1748 2291 1897 2352 libris

313 2385 798 2442 enarravcrit.Nec
839 2386 984 2440 dicat
1010 2386 1203 2457 aliquis
1230 2385 1485 2441 miracula
1537 2402 1567 2440 a
1615 2388 1723 2442 Deo
1768 2389 1891 2457 Opt.

313 2476 453 2531 Max.
487 2476 649 2532 fuisse
677 2477 840 2543 edita,
871 2493 991 2531 cum
1023 2478 1324 2534 necessaria
1366 2479 1431 2534 ad
1469 2480 1627 2535 ﬁdem
1645 2481 1899 2550 gentibus

312 2566 713 2635 approbandam
761 2568 996 2635 fuerunt,
1029 2570 1077 2623 id
1102 2585 1230 2646 vero
1277 2568 1517 2640 Gregorii
1564 2572 1893 2641 temporibus

310 2660 569 2728 applicari
598 2677 703 2715 non
736 2676 909 2730 posse.
941 2662 1220 2733 Nunquam
1251 2664 1393 2717 enim
1428 2665 1683 2719 miracula
1721 2666 1890 2735 magis

310 2752 617 2806 necessaria
647 2753 892 2807 videntur
920 2754 1083 2809 fuisse
1110 2754 1223 2809 sive
1252 2754 1317 2808 ad
1343 2755 1637 2810 inﬁdelium
1665 2770 1891 2811 conver-

308 2842 516 2897 sionem
556 2845 967 2912 procurandam,
998 2845 1112 2899 sive
1151 2848 1217 2898 ad
1273 2845 1458 2901 ﬁdeles
1509 2846 1561 2900 in
1608 2861 1733 2901 vera
1785 2846 1890 2903 ﬁde

308 2938 728 3003 conﬁrmandos,
776 2954 937 3008 quam
990 2939 1187 2994 saeculo
1210 2940 1396 3008 quinto
1425 2939 1653 3004 labente,
1683 2955 1745 2995 ac
1777 2947 1890 2996 toto

308 3030 508 3085 smculo
563 3040 737 3098 sexto,
779 3044 885 3099 quo
911 3030 1200 3099 Gregorius
1250 3040 1431 3086 noster
1459 3029 1693 3099 scripsit.
1735 3032 1889 3087 Tunc

308 3124 449 3177 enim
480 3128 720 3178 barnarte
772 3125 1018 3179 nationes
1062 3126 1131 3178 ita
1167 3124 1434 3193 EurOpam
1465 3125 1796 3191 iniecerant,
1829 3135 1886 3181 ut

2004 1924 2147 1979 lcnt:
2192 1926 2255 1981 Si
2277 1929 2501 1984 rationes
2530 1939 2739 1997 nostrae,
2784 1932 2954 2001 inquit
2990 1932 3177 1987 Avitus
3208 1933 3444 1987 omnium
3478 1947 3579 1987 noc-

2001 2017 2146 2071 mine
2176 2017 2242 2072 ad
2265 2034 2443 2089 regem
2471 2021 2903 2088 Gundobaldum,
2926 2024 3015 2093 qui
3039 2024 3315 2078 collationi
3345 2038 3579 2092 prillSClls

2001 2108 2277 2176 intererat,
2317 2128 2420 2165 non
2458 2124 2668 2182 possunt
2697 2114 2815 2169 illos
2864 2117 3159 2171 convincere
3184 2156 3200 2181 ,
3255 2132 3357 2170 non
3404 2117 3581 2169 dubito

1998 2202 2122 2271 quin
2171 2201 2311 2258 Deus
2335 2205 2490 2272 ﬁdem
2525 2216 2756 2262 nostram
2797 2208 3047 2263 miraculo
3075 2209 3361 2275 conﬁrmet.
3391 2207 3605 2262 lubeat»

1997 2293 2282 2374 sublimitas
2314 2306 2510 2362 vestra,
2553 2306 2606 2349 ut
2636 2307 2744 2350 tam
2782 2300 2861 2352 illi
2885 2316 3039 2367 quam
3082 2316 3171 2353 nos
3202 2315 3375 2353 cantus
3401 2307 3469 2351 ad
3496 2316 3577 2352 se-

1996 2384 2231 2453 pulcrum
2259 2385 2483 2442 hominis
2531 2388 2628 2443 Dei
2646 2391 2781 2457 justi
2808 2432 2824 2456 ,
2872 2399 2919 2443 et
2942 2393 3309 2461 interrogemus
3338 2391 3486 2444 illum
3511 2391 3576 2443 de

1995 2486 2176 2529 nostra
2199 2476 2341 2544 ﬁde;
2370 2479 2606 2533 similiter
2620 2491 2665 2533 et
2693 2479 2988 2550 Bonifacius
3009 2497 3073 2534 ae
3095 2499 3188 2535 sua
3207 2497 3226 2534 :
3252 2492 3299 2534 et
3324 2482 3577 2534 Dominus

1992 2570 2342 2637 pronuntiabit
2372 2587 2461 2639 per
2489 2588 2544 2626 os
2575 2573 2709 2626 servi
2734 2574 2814 2627 sui
2843 2574 2896 2626 in
2923 2575 3106 2642 quibus
3130 2576 3467 2640 complaccat.
3486 2572 3576 2628 Sic

1992 2658 2071 2713 illi
2106 2660 2202 2714 viri
2231 2662 2401 2715 sancti
2426 2661 2565 2717 adeo
2592 2664 2645 2718 in
2679 2664 2844 2717 Deum
2876 2664 3099 2719 ﬁdentes
3129 2674 3308 2727 erant,
3337 2665 3477 2734 quod
3514 2678 3575 2719 se

1992 2764 2115 2805 eam
2146 2751 2306 2806 ﬁdem
2339 2750 2536 2806 habere
2561 2752 2786 2819 scirent,
2816 2768 2937 2823 qua:
2978 2755 3138 2809 etiam
3166 2763 3377 2809 montes
3399 2762 3573 2808 trans-

1992 2840 2134 2896 ferre
2156 2851 2357 2909 posset,
2382 2857 2504 2897 cum
2537 2843 2589 2897 id
2614 2844 2707 2897 Dei
2728 2858 2892 2899 causa
2918 2846 3174 2915 exigeret.
3204 2844 3310 2900 Sed
3336 2855 3390 2899 et
3414 2844 3593 2899 iidem-

1991 2931 2262 2987 antistites
2303 2946 2369 2988 se
2417 2931 2555 2987 hanc
2602 2933 2949 2988 collationem
2986 2934 3293 3003 suscepisse
3346 2934 3574 2989 innuunt

1992 3022 2240 3090 exemplo
2269 3021 2561 3076 beatissimi
2596 3022 2821 3092 Remigii
2852 3022 3176 3078 Francorum
3201 3026 3571 3095 apostoli,qui

1993 3112 2153 3167 ﬁdem
2199 3113 2515 3167 catholicam
2550 3123 2675 3169 tunc
2703 3116 2959 3182 temporis
3003 3116 3143 3185 apud
3190 3131 3308 3172 eam
3356 3100 3570 3187 gentem

308 3215 453 3268 nulla
485 3214 651 3270 lerme
680 3216 829 3286 regio
856 3226 1020 3283 esset,
1063 3217 1116 3271 in
1148 3232 1249 3286 qua
1296 3217 1371 3272 illi
1400 3232 1507 3271 non
1536 3217 1884 3274 dominaren-

1995 3204 2215 3258 infmitis
2248 3204 2631 3273 propemodum
2681 3205 2938 3276 prodigiis
2983 3206 3357 3261 conﬁrmabat.
3392 3203 3571 3260 Provi-

309 3313 415 3359 tur.
449 3305 511 3359 Hi
533 3314 710 3373 autem
735 3314 890 3360 erant
916 3316 1005 3360 aut
1026 3306 1255 3373 ethnici,
1286 3317 1379 3362 aut
1408 3319 1557 3363 certe
1586 3309 1657 3363 ita
1692 3309 1886 3364 Ariona

310 3396 503 3451 hieresi
534 3371 735 3463 infegti,
768 3408 826 3453 ut
853 3400 1069 3453 nomine
1093 3405 1247 3453 tenus
1263 3397 1573 3466 Christiani,
1610 3401 1888 3471 plerasque

312 3500 638 3555 paganorum
677 3489 1084 3556 superstitiones
1130 3489 1287 3543 simul
1322 3504 1444 3543 cum
1478 3489 1631 3545 falsis
1663 3489 1885 3560 dogma—

316 3578 458 3632 tibus
481 3579 801 3634 retinerent:
837 3595 1023 3635 omnes
1065 3595 1191 3635 vero
1218 3580 1290 3634 ita
1321 3580 1417 3636 feri
1447 3594 1510 3636 ac
1529 3582 1742 3638 barbari
1767 3624 1783 3649 ,
1832 3591 1889 3638 ut

312 3669 505 3725 ltustra
532 3672 811 3741 quisquam
857 3673 936 3727 eis
978 3688 1161 3727 veram
1207 3673 1537 3743 Religionem
1589 3674 1889 3730 rationibus

308 3775 372 3814 ac
400 3775 567 3815 sacra:
620 3761 912 3830 Seripturte
962 3763 1280 3817 auctoritate
1307 3765 1632 3832 persuadere
1665 3774 1890 3819 conatus

311 3850 515 3905 finisset.
551 3851 697 3921 Opus
719 3853 895 3921 itaque
924 3854 1201 3907 miraculis
1232 3865 1366 3918 erat,
1398 3864 1579 3923 utpote
1606 3856 1746 3925 quod
1776 3858 1890 3913 haec

308 3943 419 3996 solo
444 3951 702 3997 esseteos
724 3944 1074 3999 convincentli
1108 3946 1263 3999 ratio.
1292 3947 1448 4001 Certe
1468 3948 1702 4015 quandiu
1727 3947 1889 4003 Chlo-

308 4032 530 4099 doveus,
573 4035 776 4102 primus
832 4036 1007 4104 gentis
1060 4048 1257 4090 nostra:
1290 4053 1474 4107 regum
1529 4033 1888 4105 Christianus,

308 4124 470 4179 rebus
497 4140 622 4180 usus
647 4135 730 4179 est
762 4126 1053 4194 prOSperis,
1098 4125 1166 4180 de
1217 4127 1473 4195 religione
1520 4127 1775 4181 mutanda
1825 4144 1893 4184 ne

307 4216 528 4285 quidem
573 4216 812 4286 cogitare
858 4217 1047 4271 voluit.
1091 4219 1159 4271 At
1202 4218 1522 4272 constitutus
1552 4219 1603 4273 in
1650 4230 1893 4274 extremo

312 4307 482 4377 ιιηειιί
541 4308 876 4372 discrimine,
937 4322 1057 4360 cum
1103 4322 1206 4361 non
1246 4309 1362 4362 sine
1394 4309 1701 4365 miraculoe
1732 4310 1893 4365 tantis

312 4398 572 4467 periculis
623 4408 841 4468 ereptus
873 4398 1082 4463 fuisset,
1115 4399 1275 4454 ﬁdem
1326 4401 1466 4455 ultro
1496 4402 1755 4471 suscepit.
1804 4402 1893 4457 Sic

309 4492 476 4544 tnovit
513 4490 744 4545 Totilam
775 4490 1074 4546 Gothorum
1104 4492 1157 4546 in
1191 4491 1338 4546 Italia
1380 4508 1557 4561 regem
1595 4496 1767 4549 sancti
1800 4510 1893 4564 pa-

307 4582 408 4635 tris
461 4581 738 4635 llenedicti
770 4581 1085 4634 miraculum
1132 4596 1314 4636 coram
1360 4598 1426 4636 eo
1455 4584 1658 4638 editum
1681 4625 1696 4649 ,
1727 4601 1888 4653 quem

306 4684 463 4727 antea
491 4690 590 4729 nec
616 4674 954 4729 sacerdotum
983 4673 1298 4742 auctoritas,
1324 4691 1420 4730 nec
1448 4677 1765 4731 miserorum
1806 4679 1889 4733 in-

305 4764 542 4819 fortunia
594 4766 659 4819 ad
710 4767 1230 4822 commiserationem
1278 4768 1496 4824 ﬂectere
1527 4786 1759 4839 unquam
1794 4786 1889 4840 p0-

307 4866 543 4910 tuernnt.
576 4858 694 4911 Non
721 4859 896 4912 minus
918 4859 1224 4927 indigebant
1251 4861 1521 4915 miraculis
1546 4863 1731 4917 ﬁdeles
1752 4864 1887 4919 idio-

309 4958 401 5011 Le,
431 4947 520 5016 qui
544 4947 611 5001 ab
661 4949 926 5003 haereticis
951 4950 1112 5003 variis
1160 4951 1555 5007 extorsionibus
1600 4954 1885 5022 oppressi,

308 5041 475 5093 ἰηιιιιο
500 5052 551 5094 et
574 5040 859 5110 aliquando
887 5043 1164 5110 suppliciis
1191 5043 1313 5097 torti
1339 5084 1353 5107 ,
1389 5054 1482 5097 aut
1513 5045 1783 5100 illecebris
1809 5046 1888 5100 al-

307 5133 455 5197 lecti,
487 5134 553 5186 ad
576 5134 885 5202 religionem
905 5136 1211 5189 mutandam
1241 5137 1616 5192 incitabuntur.
1655 5139 1885 5195 Suberat

306 5234 364 5281 et
406 5226 511 5279 alia
542 5228 739 5281 saeculo
770 5236 931 5282 sexto
957 5226 1285 5281 edendorum
1317 5230 1695 5284 miraculorum
1725 5246 1885 5299 pecu-

309 5317 454 5371 liaris
483 5331 666 5379 causa,
718 5334 911 5387 nempe
966 5317 1315 5387 quorumdam
1370 5334 1525 5374 error
1578 5324 1882 5391 negantium

307 5414 756 5466 resurrectionem
808 5422 1138 5464 mortuorum
1166 5426 1178 5461 :
1212 5411 1297 5464 cui
1346 5412 1515 5464 errori
1547 5415 1883 5480 potissimum

310 5500 609 5557 refellendo
654 5502 942 5571 Gregorius
976 5501 1200 5571 Magnus
1226 5501 1391 5556 libros
1437 5501 1771 5573 dialogorum
1817 5506 1883 5560 de

313 5591 606 5646 Virtutibus
634 5600 692 5646 ct
721 5591 986 5646 Miraculis
1024 5590 1197 5645 Italiae
1224 5599 1530 5646 sanctorum
1563 5596 1881 5663 composuit.

379 5684 467 5737 liti.
511 5682 617 5737 Sed
648 5692 702 5736 et
732 5682 989 5735 habemus
1018 5681 1161 5735 virus
1203 5695 1389 5736 eorum
1420 5692 1718 5753 temporum
1762 5686 1884 5740 illu-

303 5786 447 5830 stres
473 5785 526 5831 et
574 5777 718 5830 omni
768 5773 1086 5841 exceptione
1116 5774 1379 5846 majores,
1412 5775 1503 5845 qui
1552 5778 1729 5833 testati
1758 5788 1883 5835 sunt

1991 3294 2161 3361 dente,
2201 3295 2469 3365 inquiunt,
2500 3295 2723 3350 Domino
2753 3297 2996 3352 Ecclesia:
3016 3314 3157 3362 suae,
3198 3308 3246 3353 et
3290 3299 3571 3369 inspirante

1989 3401 2083 3455 pro
2110 3385 2276 3437 sa'ute
2298 3385 2452 3439 totius
2473 3387 2638 3457 gentis
2666 3402 2752 3439 cor
2772 3387 2949 3441 damni
2993 3387 3244 3458 Remigii,
3273 3388 3361 3459 qui
3390 3388 3572 3457 ubique

1990 3474 2179 3529 altaria
2220 3477 2509 3531 destruebat
2533 3477 2826 3543 idolorum,
2860 3488 2908 3533 et
2945 3494 3115 3532 veram
3139 3479 3294 3547 fidem
3344 3489 3575 3547 potenter:
3627 3471 3633 3477 ’

1991 3585 2108 3625 cum
2138 3570 2465 3625 multitudine
2490 3572 2753 3640 signorum
2784 3571 3158 3640 ampli/itabat,
3183 3581 3289 3627 etc.
3320 3570 3570 3642 Ejusdem

1991 3662 2163 3717 sancti
2193 3660 2427 3732 Remigii
2448 3671 2505 3717 et
2528 3664 2700 3717 sancti
2746 3662 2981 3718 Medardi
3011 3663 3262 3718 miracula
3289 3664 3357 3718 ob
3383 3663 3571 3718 oculos

1989 3755 2317 3810 Chtotsindar
2349 3756 2498 3825 ponit
2525 3765 2743 3811 sanctus
2762 3755 3001 3812 Nicetius
3042 3756 3384 3812 Trevirorum
3410 3756 3574 3810 antis-

1993 3858 2091 3915 tes,
2126 3851 2267 3904 illam
2295 3850 2612 3917 adhortans,
2645 3860 2703 3904 ut
2740 3865 2804 3906 ea
2846 3851 3075 3906 Alboino
3101 3850 3573 3921 Langobardorum

1993 3942 2104 4010 regi
2137 3942 2251 3996 viro
2280 3957 2378 3996 suo
2401 3952 2617 4008 narret,
2648 3942 2843 4012 quibus
2869 3943 3162 3998 Cblodovei
3188 3942 3437 4010 exemplo
3458 3980 3475 4004 ,
3506 3941 3572 3994 ad

1993 4031 2154 4085 ﬁdem
2204 4031 2605 4099 suscipiendam
2639 4031 2842 4085 moveri
2889 4033 3078 4099 possit.
3113 4031 3251 4098 Quid
3280 4032 3343 4085 de
3384 4031 3574 4084 domno

1996 4120 2227 4189 Remigio
2249 4129 2294 4173 et
2317 4120 2505 4174 domno
2532 4118 2589 4172 Μ
2593 4120 2788 4173 edardo
2812 4120 3088 4191 episwpis,
3115 4137 3245 4191 quos
3268 4129 3340 4186 tu,
3368 4120 3519 4173 credo
3547 4162 3563 4186 ,

1992 4215 2202 4270 vidisti?
2229 4232 2331 4269 non
2363 4231 2630 4287 possumus
2652 4223 2799 4269 tanta
2827 4231 3099 4284 exponere,
3131 4224 3324 4286 quanta
3359 4215 3575 4268 mirabi-

1994 4308 2066 4363 lia
2098 4325 2188 4373 pcr
2216 4307 2331 4362 illas
2366 4308 2533 4362 Deum
2561 4307 2791 4362 videmus
2840 4313 3028 4376 facere.
3077 4308 3153 4364 De
3193 4308 3467 4362 miraculis
3506 4306 3576 4361 ad

1994 4411 2303 4455 sanctorum
2328 4400 2574 4468 sep'ulcra
2608 4410 2736 4454 tunc
2763 4400 3022 4470 temporis
3051 4398 3421 4468 frequentibus
3452 4412 3575 4466 pro-

1991 4478 2238 4562 sequitur
2269 4499 2487 4546 sanctus
2515 4492 2739 4546 antistes
2763 4490 2846 4544 his
2872 4491 3079 4546 verbis:
3115 4489 3214 4545 Ubi
3236 4500 3379 4559 tanta
3401 4490 3573 4555 hodie,

1918 4564 1972 4625 Β
1998 4585 2188 4653 inquit,
2219 4582 2479 4636 mirabilia
2507 4590 2784 4651 apparent,
2812 4591 3061 4651 quantum
3091 4598 3183 4637 nec
3219 4582 3387 4634 dicere
3415 4580 3576 4633 verbis

1995 4679 2161 4732 valeo.
2207 4675 2509 4744 Statimque
2534 4673 2831 4743 subiungit,
2865 4673 3059 4729 similia
3106 4675 3158 4727 in
3203 4673 3575 4728 haereticorum

1996 4771 2253 4825 Ecclesiis
2295 4786 2399 4824 non
2431 4770 2566 4833 ﬁeri,
2597 4768 2739 4836 quod
2777 4768 2937 4821 aliam
2969 4768 3037 4821 ab
3081 4767 3188 4822 illis
3232 4768 3433 4821 sanctis
3484 4767 3574 4833 qui

1996 4862 2255 4917 miracula
2296 4860 2548 4924 edebant,
2582 4859 2740 4913 ﬁdem
2771 4860 3170 4927 proﬁterentur.
3214 4859 3418 4924 Quanta
3450 4869 3576 4908 vero

1996 4953 2285 5009 securitate
2303 4952 2372 5008 de
2401 4959 2481 5006 tot
2502 4960 2883 5019 tantorumque
2928 4948 3307 5004 miraculorum
3349 4953 3574 5000 veritate

1993 5053 2053 5099 et
2098 5042 2421 5099 certitudine
2472 5042 2683 5098 locutus
2720 5040 2884 5096 fuerit
2931 5039 3277 5103 Nicetins,es
3306 5052 3383 5100 eo.
3404 5043 3571 5108 patet,

1992 5134 2134 5203 quod
2162 5149 2342 5202 regem
2370 5134 2543 5202 ipsum
2567 5132 2851 5187 Alboinutn
2883 5124 3278 5202 provocandam
3300 5141 3419 5180 esse
3440 5124 3572 5179 scri-

1970 5266 1971 5269 η
1994 5227 2085 5282 bat
2103 5266 2120 5293 ,
2148 5235 2205 5281 nt
2232 5227 2433 5297 aliquot
2455 5240 2486 5281 e
2506 5225 2616 5280 suis
2659 5227 2795 5280 ﬁdos
2828 5225 3071 5279 homines
3093 5221 3161 5276 ad
3186 5219 3329 5277 beati
3357 5212 3577 5275 Martini

1993 5319 2296 5387 sepulcrum
2335 5320 2693 5382 transmittat,
2737 5317 2813 5372 rei
2866 5316 3142 5370 veritatem
3196 5328 3291 5382 per
3320 5326 3441 5369 sese
3479 5326 3575 5366 ex-

1997 5412 2317 5481 ploraturus.
2352 5408 2548 5473 Mittat,
2583 5408 2773 5479 inquit,
2805 5408 2872 5459 ad
2892 5407 3137 5459 damnum
3164 5403 3451 5458 Martinam
3481 5417 3572 5471 per

1995 5505 2315 5573 festiuitatem
2370 5520 2612 5557 sunm....
2664 5502 2749 5554 ubi
2792 5514 2952 5553 caecos
3004 5498 3156 5553 hodie
3196 5495 3572 5552 illuminari....

1990 5596 2333 5663 conspicimus
2358 5635 2373 5657 ,
2414 5594 2497 5646 ubi
2527 5591 2709 5647 surdos
2732 5591 2970 5644 auditum
3011 5600 3060 5643 et
3111 5596 3281 5643 mutos
3303 5587 3573 5641 sanitatem

1992 5688 2232 5756 recipere.
2260 5686 2398 5739 Nam
2419 5684 2539 5754 quid
2560 5683 2727 5735 dicunt
2749 5686 2810 5738 de
2836 5681 3049 5748 lcprosis
3068 5688 3157 5735 aut
3176 5680 3239 5735 tle
3259 5679 3375 5733 aliis
3395 5692 3574 5744 quam-

1980 5777 2268 5846 plurimis?
2294 5775 2382 5845 qui
2402 5790 2705 5844 quacunque
2735 5773 2998 5831 debilitate
3023 5785 3253 5840 percussi
3301 5770 3437 5833 sint,
3478 5765 3572 5821 ibi.-
