4086 6328
513 330 582 387 59
1971 320 2357 377 ΡΒᾸΞΡΑΤΙΟὶ
3179 373 3188 388 Α
3722 313 3796 370 60

512 441 628 494 dm
665 453 758 508 per
793 434 1028 510 singulos
1056 454 1219 493 anites
1243 437 1336 492 alii
1364 447 1414 493 et
1449 437 1544 492 alii
1567 399 1841 491 sanantur.
1871 433 2012 489 blisit
2032 435 2097 488 ad
2127 443 2174 497 Α
2204 449 2358 503 :equo
2381 432 2634 488 credulus
2674 431 2793 495 fuit,
2822 432 2872 485 in
2897 431 2962 485 iis
2995 431 3201 486 scilicet
3229 429 3512 486 credendis
3531 469 3550 496 ,
3579 445 3697 498 qua:
3723 430 3797 485 ab

512 533 650 586 hanc
693 529 1042 586 festivitatem
1082 531 1468 586 Theodemirus
1497 544 1592 584 rex
1623 528 1886 594 Arianus,
1933 542 2092 596 quem

513 623 803 692 Gregorius
833 622 1182 677 Cbararicum
1227 623 1498 691 appellat,
1541 631 1594 675 et
1633 620 1796 673 lamis
1825 619 2029 672 miracu
2055 619 2098 670 is

514 728 792 784 perunctus
834 717 992 771 ﬁdem
1039 719 1276 785 suscepit
1300 732 1418 770 cum
1454 725 1560 770 tota
1583 715 1884 769 Suevorum
1917 721 2098 784 gente,

517 808 599 862 cui
637 817 744 860 tum
771 809 822 860 in
852 806 1104 862 Callaecia
1134 807 1221 871 im;
1243 806 1452 860 erabat.
1487 806 1580 859 llis
1607 805 1746 859 adde
1770 803 1906 857 alios
1938 813 2101 857 testes

519 895 820 950 eruditione
867 902 924 950 et
971 896 1250 948 sanctitate
1281 895 1555 954 illustres.
1592 894 1942 946 Fortunatum
1963 933 1978 956 ,
2010 892 2099 960 qui

519 986 712 1060 multas
751 993 1057 1039 sanctorum
1093 984 1238 1039 Vitas
1287 984 1535 1052 scripsit;
1566 984 1893 1054 Cyprianum
1938 983 2100 1037 Tolo-

518 1071 740 1132 uensem
779 1077 1085 1146 episcopum
1126 1077 1180 1130 in
1212 1076 1328 1130 Vita
1360 1077 1534 1130 saneti
1565 1077 1809 1144 Caesarii,
1844 1075 2099 1133 Hilarium

517 1169 888 1224 Arelatensem
911 1210 925 1234 ,
958 1167 1303 1231 Eucherium,
1338 1167 1652 1237 Dynamium
1686 1166 1995 1236 patricium,
2025 1167 2102 1218 vi-

517 1272 636 1312 rum
676 1258 964 1324 natalibus,
997 1255 1255 1326 dignitate
1285 1265 1340 1312 et
1381 1257 1625 1326 Gregorii
1657 1256 1832 1324 Magni
1865 1255 2105 1309 testimo-

517 1352 608 1406 nio
634 1351 927 1417 illustrem,
962 1351 1173 1406 beatum
1202 1350 1515 1404 Audoenum
1557 1351 1610 1403 in
1645 1348 1762 1402 Vita
1790 1349 1957 1401 sancti
1995 1347 2104 1400 Eli-

515 1441 614 1511 gii,
641 1440 1204 1510 Jonanbmonachum
1250 1451 1305 1496 et
1349 1442 1518 1504 alios,
1570 1439 1661 1509 qui
1691 1448 1822 1494 tunc
1851 1439 2107 1507 temporis

515 1534 805 1590 ediderunt
856 1543 1165 1589 sanctorum
1217 1533 1384 1599 Vitas,
1444 1548 1577 1603 quas
1605 1548 1672 1587 ex
1726 1532 2106 1588 miraculorum

519 1627 921 1683 narrationibus
953 1626 1068 1683 fere
1091 1627 1325 1697 integras
1346 1633 1760 1683 contexuerunt.

588 1737 682 1794 67.
720 1739 888 1795 Nemo
917 1739 1096 1810 itaque
1130 1741 1353 1795 inﬁciari
1386 1749 1584 1810 potest,
1638 1740 1880 1810 Gregorii
1937 1740 2105 1798 nostri

2200 526 2435 595 antiquis
2483 529 2680 592 scripta
2731 524 3054 589 inveniebat,
3104 534 3195 579 aut
3243 534 3390 580 certe
3413 534 3695 594 acc-perat
3725 542 3794 579 ex

2202 621 2424 674 vetustis
2456 622 2854 676 traditionibus.
2888 620 2993 676 Sed
3043 619 3144 676 ista
3187 635 3286 675 nec
3331 619 3450 687 ejus
3483 619 3635 672 honre
3666 618 3794 672 ﬁdei

2201 714 2463 779 officiunt,
2507 729 2604 768 nec
2649 713 2912 767 adversus
2938 729 3002 767 ea
3033 728 3153 781 qua:
3183 728 3212 766 a
3242 727 3303 766 se
3333 712 3443 766 visa
3476 721 3566 764 aut
3610 711 3794 763 audita

2203 805 2390 872 refert,
2414 807 2576 860 ullum
2607 805 2974 875 prmjudicium
2993 820 3256 874 generare
3273 804 3604 867 valent,cum
3628 818 3795 856 econ-

2205 900 2366 950 trario
2398 898 2562 952 animi
2589 897 2704 966 ejus
2731 896 3018 952 candorem
3049 904 3105 950 et
3135 894 3523 966 ingenuitatem
3553 895 3794 946 maxime

2207 987 2451 1058 probent.

2277 1080 2368 1132 63.
2409 1079 2477 1132 At
2497 1086 2630 1147 quot
2649 1085 2704 1132 et
2726 1085 2942 1147 quanta,
2981 1075 3180 1146 inquis,
3212 1074 3504 1130 minutiora
3533 1075 3670 1128 facta
3697 1074 3798 1127 tui-

2205 1170 2404 1224 raculis
2442 1169 2661 1237 deputat
2686 1168 2999 1238 Gregorius,
3025 1184 3145 1238 qua:
3176 1168 3472 1223 naturalem
3514 1184 3794 1221 causarum

2206 1259 2545 1314 efﬁcientiam
2590 1275 2925 1328 nequaquam
2950 1269 3228 1329 superant.
3279 1258 3475 1314 Verum
3506 1276 3568 1312 ca
3597 1268 3681 1312 est
3710 1261 3798 1312 vi-

2210 1365 2390 1406 rorum
2419 1352 2618 1421 pietate
2641 1352 3008 1420 prmstantium
3039 1352 3247 1408 indoles
3272 1367 3334 1408 ac
3355 1354 3567 1422 religio,
3601 1362 3656 1406 ut
3676 1368 3796 1420 pre-

2207 1443 2478 1496 cationum
2505 1443 2710 1498 cmlesti
2762 1442 3047 1510 efﬁcaciae,
3079 1453 3499 1514 sanctorumque
3531 1445 3796 1498 interces-

2209 1531 2349 1587 sioni
2383 1533 2622 1587 tribuant
2643 1548 2729 1600 ea,
2763 1548 2884 1600 qua;
2903 1533 3106 1604 alioqui
3136 1549 3344 1589 naturae
3371 1533 3622 1588 virtutem
3655 1534 3797 1588 haud

2211 1625 2499 1680 excedunt.
2557 1625 2631 1680 ita
2679 1636 3021 1696 comparatus
3065 1625 3168 1682 fuit
3196 1626 3531 1698 Cyprianus,
3585 1627 3654 1681 ita
3683 1630 3797 1682 Au-

2211 1716 2475 1785 gustinus,
2528 1717 2599 1771 ita
2649 1716 3008 1773 Tlteodoritus
3037 1757 3053 1784 ,
3085 1726 3142 1774 et
3192 1717 3282 1773 alii
3312 1719 3491 1789 magni
3523 1718 3622 1772 viri
3664 1732 3798 1787 quos

516 1831 850 1902 temporibus
873 1807 1129 1888 miracula
1162 1807 1469 1901 frequenter
1499 1833 1566 1887 ad
1595 1807 1904 1888 sanctorum
1921 1833 2103 1902 sepul-
2137 1815 2186 1875 Β
2212 1807 2460 1902 ξυνετίιξε
2508 1809 3076 1902 εοωξνθωοηνίωυθο
3123 1809 3364 1902 sum“?
3411 1810 3589 1878 ίίδίιυθ
3638 1809 3800 1864 mer“

516 1939 611 1980 era
649 1925 971 1996 contigisse,
1003 1924 1160 1995 idque
1189 1941 1294 1980 non
1325 1925 1465 1996 vulgi
1491 1925 1666 1982 solum
1697 1925 1980 1995 opinione,
2012 1933 2105 1981 aut

519 2017 955 2074 muliercularum
981 2019 1151 2073 relatu
1179 2017 1440 2073 creditum
1466 2059 1483 2085 ,
1517 2018 1613 2074 sed
1636 2027 1691 2073 et
1710 2018 1946 2072 virorum
1975 2032 2105 2073 eru-

517 2109 776 2177 ditorum,
808 2124 872 2164 ac
902 2119 1211 2165 sanctorum
1243 2110 1618 2180 episcoporum
1660 2110 1978 2166 auctoritate
2022 2124 2109 2164 re-

517 2211 731 2272 ceptum
754 2202 940 2270 fuisse,
969 2202 1060 2273 qui
1083 2203 1345 2273 ejusmodi
1378 2204 1756 2259 miraculorum
1786 2203 2107 2259 certitudine

517 2293 679 2349 ﬁdem
715 2281 1266 2365 nostram'approbari
1289 2305 1342 2350 et
1366 2296 1742 2353 hiereticorum
1777 2311 1990 2352 errores
2014 2309 2106 2351 ar-

515 2385 607 2455 gui
638 2399 796 2454 posse
821 2385 1138 2440 censebant.
1185 2386 1404 2440 Certum
1432 2397 1514 2442 est
1543 2387 1706 2442 etiam
1751 2402 1816 2443 ea
1848 2387 2105 2443 miracula

519 2471 660 2528 adeo
686 2481 832 2528 certa
850 2474 1200 2529 et'evidentia
1226 2475 1412 2539 fuisse,
1445 2485 1504 2530 ut
1527 2491 1592 2531 ne
1617 2477 1831 2547 quidem
1851 2477 2097 2533 hrcretici

518 2563 609 2618 illa
637 2564 688 2619 in
713 2564 932 2620 dubium
978 2580 1231 2622 revocare
1265 2567 1377 2620 ausi
1405 2567 1635 2633 fuerint,
1665 2575 1758 2622 aut
1787 2568 1910 2622 ullis
1937 2568 2104 2623 cavil-

520 2654 816 2712 lationihus
847 2657 1122 2726 potuerint
1149 2673 1213 2711 ea
1245 2673 1476 2727 unquam
1503 2659 1813 2714 obscurare.
1845 2660 1963 2724 Quo
1991 2660 2105 2714 fac-

521 2754 638 2801 tum
669 2755 776 2815 est,
801 2756 858 2802 ut
880 2747 1120 2819 plerique
1144 2748 1348 2817 ejurata
1383 2751 1573 2805 haeresi
1599 2751 1758 2805 ﬁdem
1785 2750 2106 2805 catholicam

520 2838 878 2908 susceperint,
912 2849 964 2893 et
985 2838 1208 2908 quidem
1239 2855 1343 2893 non
1387 2839 1630 2911 vulgares
1683 2841 1928 2897 homines
1951 2883 1965 2907 ,
2000 2856 2106 2897 non

519 2941 662 2983 unus
690 2930 777 2984 vel
807 2929 961 2999 pauci
991 2930 1090 2984 viri
1117 2931 1334 2985 obscuri
1364 2939 1457 2984 aut
1485 2932 1682 2986 nullius
1713 2933 1973 2998 nominis,
2011 2933 2107 2988 sed

518 3015 624 3086 Ipsi
647 3033 822 3089 reges,
850 3027 908 3074 et
935 3021 1158 3090 integra:
1180 3022 1426 3076 nationes
1450 3038 1463 3075 :
1497 3023 1684 3091 quales
1714 3023 1862 3079 fuere
1891 3023 2104 3090 Franci,

519 3107 951 3182 Burgundiones,
999 3112 1181 3178 Suevi,
1212 3111 1521 3183 Wisigouhi
1541 3157 1554 3183 ,
1586 3114 1765 3185 Angli,
1799 3115 2106 3185 Langobar-

2209 1897 2525 1968 Gregorius,
2555 1899 2652 1954 sed
2688 1914 2754 1954 eo
2783 1913 2971 1965 sensu,
2997 1899 3140 1970 quod
3169 1900 3288 1958 sine
3315 1900 3438 1956 fuco
3479 1910 3534 1956 et
3581 1916 3800 1970 semper

2208 1999 2390 2059 aperta
2437 2001 2616 2045 mente
2661 1999 2715 2044 et
2758 1990 2925 2045 corde
2974 1993 3190 2046 sincero
3237 1989 3522 2046 veritatem
3557 1991 3801 2046 oratione

2208 2081 2435 2150 simplici
2465 2081 2884 2150 deprompserit.
2935 2082 3112 2150 Atque
3163 2095 3226 2137 ea
3276 2081 3523 2150 Gregorii
3577 2081 3690 2135 laus
3717 2089 3800 2136 est

2211 2187 2316 2226 non
2344 2172 2692 2240 contumelia,
2721 2172 2896 2240 inquit
2922 2170 3241 2228 Sirmondus
3272 2171 3580 2227 llilduiuum
3613 2186 3796 2240 repre—

2210 2263 2474 2331 hendens,
2504 2265 2595 2335 qui
2623 2263 2940 2334 Gregorium
2965 2264 3109 2318 mirae
3128 2263 3478 2328 simplicitatis
3506 2264 3674 2317 virum
3705 2276 3802 2332 ap-

2210 2358 2446 2428 pellavit,
2483 2373 2604 2412 cum
2657 2357 2939 2412 Hilduinus
2969 2358 3106 2428 ipse,
3151 2358 3196 2411 si
3230 2357 3346 2412 haec
3387 2371 3488 2410 vox
3522 2355 3716 2410 malam
3749 2357 3801 2411 in

2211 2461 2417 2521 partem
2447 2461 2692 2506 vertatur
2720 2491 2736 2517 ,
2766 2451 2992 2507 multum
3024 2449 3282 2520 Gregorio
3304 2449 3598 2519 simplicior
3621 2449 3802 2504 fuerit.

2283 2542 2370 2594 (59.
2425 2541 2574 2596 llaud
2604 2541 2746 2597 enim
2797 2540 3089 2610 putandum
3138 2549 3222 2595 est
3270 2541 3524 2594 miracula
3581 2541 3802 2606 omnia,

2209 2646 2327 2702 qua:
2354 2633 2515 2701 vulgo
2541 2631 3060 2688 circumferebantur
3085 2646 3115 2684 a
3145 2630 3402 2701 Gregorio
3446 2632 3626 2685 statim
3673 2630 3802 2685 abs-

2212 2739 2319 2792 que
2364 2723 2574 2780 delectu
2622 2734 2713 2780 aut
2760 2726 3009 2780 examine
3037 2725 3270 2780 admissa
3311 2723 3500 2791 fuisse,
3533 2723 3660 2778 cum
3688 2724 3804 2793 ipse

2213 2815 2381 2871 Deum
2414 2815 2613 2885 passim
2639 2817 2852 2871 invocet
2887 2816 3130 2871 veritatis
3158 2830 3368 2883 eorum,
3399 2830 3516 2886 quze
3549 2816 3602 2868 in
3639 2816 3798 2868 libris

2211 2906 2324 2962 suis
2350 2915 2586 2972 enarrat,
2616 2915 2831 2962 testem.
2865 2906 3005 2973 Quin
3033 2916 3086 2961 et
3119 2921 3204 2960 res
3232 2906 3300 2960 ab
3323 2907 3443 2960 aliis
3471 2906 3667 2961 relatas
3697 2905 3800 2960 dif-

2211 2998 2351 3055 ﬁcile
2377 2998 2652 3064 credebat,
2686 3009 2745 3054 ut
2797 3000 2913 3068 ipse
2947 3009 3170 3054 testatur
3199 2999 3336 3054 libro
3357 3015 3373 3054 ι
3398 2999 3797 3066 Miraculorum,

2211 3091 2392 3161 capite
2420 3092 2474 3146 5.
2500 3091 2756 3146 Audierat
2784 3091 2979 3161 quippe
3006 3092 3202 3160 saepius
3228 3091 3404 3146 oleum
3431 3100 3556 3145 ante
3586 3106 3803 3146 crucem

520 3199 600 3266 di,
632 3181 739 3256 έιε,
773 3201 926 3259 unde
955 3205 1156 3259 nemini
1187 3181 1379 3257 mium}
1409 3181 1576 3258 videﬁ
1598 3181 1758 3259 def,“
1777 3244 1792 3269 ,
1823 3206 1870 3260 εί
1898 3181 2105 3274 6,880-
2133 3188 2179 3252 ο
2209 3183 2264 3237 in
2327 3183 2656 3239 monasterio
2716 3181 3016 3238 Pictavensi
3072 3183 3143 3237 ita
3210 3197 3525 3238 excrescere
3579 3183 3801 3238 solitum

520 3288 637 3345 rius
671 3291 764 3360 qui
792 3293 1172 3360 promovenda;
1205 3293 1522 3348 orthodoxa:
1552 3295 1673 3349 ﬁdei
1696 3294 1967 3349 desiderio
1998 3295 2112 3349 fer-

522 3381 717 3450 vebat,
749 3383 1080 3452 ardebatque
1110 3400 1318 3439 summa
1349 3401 1475 3454 erga
1509 3395 1725 3439 sanctos
1774 3386 1868 3441 Dei
1908 3387 2112 3441 amicos

527 3474 846 3543 devotione,
873 3476 1191 3546 colligendis
1221 3478 1493 3532 miraculis
1519 3477 1809 3547 plurimum
1843 3479 2109 3545 tribuerit,

525 3581 646 3636 qua:
698 3574 826 3622 tunc
863 3569 1121 3635 temporis
1152 3583 1272 3622 esse
1317 3567 1528 3621 videbat
1583 3568 1819 3622 efficacia
1851 3567 1916 3622 ad
1949 3568 2109 3622 ﬁdem

525 3657 794 3714 hmreticis
835 3658 1244 3724 insinuandam,
1277 3667 1333 3713 et
1361 3659 1427 3713 ad
1455 3659 1822 3714 emendandos
1872 3659 2109 3715 ﬁdelium

526 3764 711 3808 mores
741 3751 1043 3806 utilissima.
1078 3750 1151 3804 Ea
1183 3765 1311 3804 vero
1341 3766 1459 3819 qua:
1492 3766 1521 3804 a
1548 3749 1806 3821 Gregorio
1831 3762 2113 3807 narrantur

526 3841 819 3906 miracula,
869 3855 938 3897 ne
967 3841 1182 3908 quidem
1213 3842 1283 3895 ob
1311 3856 1460 3894 suam
1507 3842 1902 3896 multitudinem
1935 3843 1989 3896 in
2017 3843 2114 3898 du-

527 3934 676 3992 bium
727 3935 972 3990 revocari
1017 3942 1259 4003 possunt.
1309 3933 1384 3990 De
1429 3934 1698 4004 plerisque
1725 3935 1866 3988 enim
1915 3936 2113 3989 sanctis

527 4027 742 4082 Unicum
769 4026 1106 4082 solummodo
1135 4037 1228 4081 aut
1254 4028 1481 4080 alterum
1531 4027 1845 4080 miraculqu
1889 4036 2069 4080 narrat
2096 4045 2109 4079 :

529 4137 634 4190 qua
666 4123 718 4176 in
749 4137 810 4176 re
839 4122 1050 4185 parcior
1077 4121 1176 4174 fuit
1204 4120 1334 4188 illis,
1375 4121 1466 4188 qui
1498 4120 1766 4189 ejusmodi
1806 4128 2112 4175 sanctorum

530 4213 681 4266 Vitas
704 4212 1133 4281 descripserunt,
1162 4225 1293 4280 quas
1337 4221 1392 4264 ut
1424 4212 1732 4278 plurimum,
1779 4218 1837 4262 ut
1865 4225 1986 4263 mox
2026 4209 2114 4263 di-

528 4306 716 4360 ceham
736 4344 750 4368 ,
784 4318 849 4358 ex
873 4303 1006 4356 solis
1027 4301 1299 4356 miraculis
1325 4311 1677 4355 contexuere.
1713 4299 1868 4353 Plura
1900 4299 2112 4368 quidem

529 4397 600 4452 de
629 4406 816 4451 sancto
857 4396 1084 4450 Martino
1116 4394 1308 4454 habet,
1340 4403 1434 4446 aut
1463 4394 1530 4447 de
1558 4402 1744 4447 sancto
1785 4391 2016 4446 .luliano.
2047 4393 2117 4446 At

530 4491 695 4545 m'odo
717 4489 889 4544 sancti
905 4487 1095 4543 Nicetii
1122 4487 1296 4541 locum
1327 4486 1681 4551 laudavimus,
1708 4487 1838 4540 satis
1862 4495 2115 4540 attestan-

530 4584 621 4646 tis,
648 4581 816 4637 multo
865 4580 1013 4650 plura
1064 4578 1320 4635 miracula
1352 4577 1419 4632 ad
1459 4577 1629 4632 sancti
1687 4577 1895 4633 Martini
1936 4579 2115 4649 sepul-

530 4689 682 4730 crum
709 4673 1034 4743 contigisse,
1067 4686 1226 4742 quam
1259 4685 1379 4739 qua:
1417 4685 1447 4722 a
1477 4679 1662 4723 nostro
1693 4668 1950 4740 Gregorio
1978 4671 2118 4726 refe-

533 4773 746 4820 runtur.
778 4764 855 4819 Ea
883 4778 1012 4819 vero
1039 4778 1157 4832 qua:
1187 4760 1432 4830 scripsit,
1463 4760 1706 4830 apprime
1741 4773 1998 4828 noverat,
2033 4763 2114 4819 vel

534 4856 676 4925 quod
707 4855 809 4909 sibi
840 4855 946 4921 ipsi
973 4854 1328 4923 contigissent
1348 4892 1363 4919 ,
1396 4853 1478 4908 vel
1509 4853 1649 4921 quod
1676 4867 1738 4908 ea
1769 4855 1837 4908 ab
1865 4855 1986 4909 aliis
2027 4871 2118 4911 ac-

534 4948 790 5018 cepisset.
821 4948 1071 5002 Miracula
1118 4961 1237 5013 qua:
1279 4946 1332 5001 in
1378 4947 1557 5015 seipso
1588 4946 1723 5001 facta
1753 4947 1966 5016 fatetur,
1997 4949 2116 5017 quis

534 5038 663 5094 fa‘sa
696 5039 858 5093 fuisse
903 5037 1131 5092 dixerit?
1168 5036 1282 5091 Non
1311 5038 1451 5091 enim
1486 5039 1558 5092 ita
1602 5037 1761 5092 fallax
1804 5053 1868 5093 ac
1893 5040 2116 5108 perditae

533 5130 731 5187 mentis
758 5131 921 5184 fuisse
951 5129 1054 5183 dici
1098 5139 1274 5197 potest
1301 5129 1613 5200 Gregorius,
1645 5141 1704 5185 ut
1735 5130 1863 5186 falsa
1901 5146 1998 5200 pro
2027 5146 2118 5187 ve-

536 5219 615 5274 ris
641 5218 928 5274 obtrudere
955 5232 1023 5272 ex
1057 5217 1312 5272 industria
1355 5219 1623 5285 voluerit;
1656 5229 1747 5274 aut
1783 5221 1854 5274 ita
1887 5219 2116 5288 bardus,

537 5319 599 5364 ut
648 5323 850 5378 agrum
880 5320 939 5362 se
981 5309 1306 5376 reptttaverit
1353 5325 1539 5378 sanus,
1573 5321 1665 5365 aut
1692 5313 1758 5366 ad
1806 5323 2117 5368 sanctorum

537 5401 750 5458 cineres
795 5399 1006 5454 caelitus
1048 5411 1290 5455 sanatum
1323 5417 1428 5457 non
1457 5419 1622 5474 aeger.
1654 5403 1796 5456 Idem
1826 5403 2111 5458 dicendum

534 5490 608 5548 de
633 5489 898 5560 plerisque
926 5489 1044 5545 aliis
1071 5493 1302 5560 tegrotis,
1354 5493 1650 5562 przesertlm
1693 5495 1824 5548 viris
1867 5493 2115 5562 gravibus

533 5594 590 5642 et
619 5583 783 5655 probe
799 5586 958 5652 notis,
1007 5586 1097 5656 qui
1150 5601 1272 5643 sese
1300 5599 1605 5643 sanctorum
1651 5589 1858 5644 meritis
1901 5597 2116 5643 sanatos

532 5675 1029 5747 autpalauteoram
1078 5678 1358 5744 omnibus,
1390 5688 1484 5733 aut
1516 5688 1666 5735 certe
1714 5679 1931 5749 ipsitnet
1978 5679 2114 5735 Gre-

531 5769 686 5840 gorio
729 5770 961 5829 confessi
1009 5779 1151 5828 sunt.
1185 5771 1357 5827 Unum
1388 5781 1494 5842 est,
1537 5770 1734 5843 fatear,
1777 5774 1832 5831 in
1858 5787 1966 5843 quo
1992 5774 2113 5846 plus

2214 3271 2381 3327 fuisse
2406 3313 2422 3339 ,
2457 3281 2514 3327 ut
2549 3273 2670 3328 licet
2692 3288 2817 3328 vasa
2849 3273 3041 3328 exinde
3074 3273 3230 3342 plena
3257 3273 3611 3342 eﬁ‘errentur,
3662 3291 3804 3329 nun-

2214 3376 2374 3432 quam
2400 3371 2577 3418 tamen
2600 3364 2958 3420 decresceret.
3001 3365 3106 3419 Sed
3131 3365 3198 3418 ad
3229 3365 3282 3421 id
3314 3365 3640 3421 crethndum
3669 3381 3806 3420 nun-

2214 3469 2376 3524 quam
2408 3455 2597 3511 adduci
2648 3457 2853 3526 potuit,
2887 3459 3012 3527 quin
3046 3458 3193 3526 prius
3235 3459 3314 3512 rei
3358 3459 3640 3514 veritatem
3689 3460 3806 3515 suis

2215 3546 2384 3600 oculis
2415 3546 2570 3601 unius
2601 3546 2745 3600 hora:
2773 3549 2950 3616 spatio
2991 3548 3406 3615 exploravisset.
3459 3547 3662 3602 Pallam
3696 3565 3802 3618 qua

2215 3636 2536 3692 venerabiiis
2558 3653 2690 3692 crux
2713 3638 3061 3708 Jer05nlymis
3088 3639 3323 3693 involuta
3342 3639 3430 3693 diu
3459 3637 3656 3704 fuerat,
3684 3655 3808 3694 sese

2214 3731 2488 3799 accepisse
2537 3729 2818 3797 iactitabat
2875 3730 3134 3799 quidam':
3186 3730 3281 3784 sed
3321 3729 3372 3786 ei
3425 3745 3530 3784 non
3578 3731 3809 3786 credidit

2215 3820 2530 3890 Gregorius,
2563 3823 2872 3890 priusquam
2905 3837 3016 3874 rent
3051 3821 3323 3875 miraculis
3363 3821 3527 3875 certis
3552 3837 3806 3890 compro-

2216 3910 2396 3964 batam
2430 3912 2594 3967 fuisse
2623 3911 2970 3967 advertisset.
3018 3911 3150 3967 Cum
3200 3928 3330 3967 vero
3377 3928 3461 3968 res
3511 3925 3688 3984 gestas
3738 3915 3810 3968 ab

2216 4001 2340 4055 alis
2373 4012 2695 4074 acceperat,
2731 4005 2974 4058 homines
3003 4003 3124 4058 illos
3155 4005 3414 4069 nominat,
3443 4004 3530 4073 qui
3565 4005 3690 4056 talia
3724 4018 3783 4059 re

2219 4095 2488 4162 tulerant,
2520 4110 2585 4150 ne
2629 4094 2833 4150 incerta
2889 4110 2983 4163 pro
3031 4097 3195 4150 certis
3236 4099 3480 4168 ingerere
3509 4097 3802 4152 videretur.

2215 4187 2354 4256 Quin
2403 4199 2456 4244 et
2513 4189 2801 4259 aliquando
2857 4199 3194 4244 sacramento
3224 4189 3486 4259 ejusmodi
3546 4192 3807 4244 miracula

2217 4281 2527 4335 conﬁrmari
2561 4280 2803 4347 volebat,
2838 4290 2930 4333 aut
2958 4283 3155 4335 multos
3184 4281 3472 4336 adhibebat
3521 4281 3596 4336 rei
3649 4298 3808 4336 enar-

2217 4378 2348 4424 rata:
2396 4377 2593 4435 testes,
2629 4387 2694 4422 ne
2735 4370 2870 4422 forte
2902 4370 3124 4426 illudere
3170 4370 3269 4440 piat
3315 4373 3638 4440 simplicium
3693 4388 3810 4429 cre-

2218 4458 2426 4514 dulitati
2458 4475 2486 4514 a
2519 4460 2786 4513 nonnullis
2818 4460 3152 4527 crederetur,
3186 4469 3245 4515 ut
3269 4463 3382 4531 ipse
3411 4462 3570 4517 habet
3602 4463 3736 4517 libro
3771 4481 3808 4517 tt

2141 4567 2195 4628 ι)
2221 4547 2288 4605 de
2312 4549 2583 4604 Miraculis
2606 4549 2775 4603 sancti
2803 4549 3037 4616 Martini,
3064 4551 3242 4619 capite
3268 4551 3358 4620 52,
3388 4562 3440 4607 et
3467 4555 3662 4622 passim
3687 4555 3811 4610 aliis

2220 4643 2274 4698 in
2309 4642 2439 4698 locis
2477 4643 2730 4697 insinuat.

2293 4756 2384 4812 70.
2421 4753 2596 4810 Erunt
2625 4754 2853 4810 fortasse
2880 4755 3120 4811 nonnulli
3149 4796 3168 4824 ,
3199 4757 3292 4827 qui
3321 4756 3561 4827 Gregorii
3605 4759 3806 4822 nimiae,

2219 4859 2280 4906 ut
2303 4851 2487 4916 aiunt,
2527 4848 2860 4919 simplicitati
2889 4850 3163 4918 tribuant,
3196 4852 3339 4921 quod
3391 4853 3588 4922 passim
3622 4853 3809 4920 pulve-

2220 4955 2333 4995 rem
2358 4955 2390 4994 e
2412 4950 2718 4995 sanctorum
2752 4941 2976 4996 tumulis
3012 4941 3299 4997 collectum
3317 4982 3333 5008 ,
3376 4956 3579 5012 pannos
3608 4941 3686 4995 eis
3707 4941 3808 4993 ali-

2220 5031 2452 5100 quandiu
2483 5032 2759 5100 impositos
2781 5073 2798 5097 ,
2830 5033 2993 5088 ﬁores
3036 5045 3130 5088 aut
3158 5035 3408 5090 herbulas
3456 5033 3653 5087 ibidem
3681 5047 3711 5084 a
3741 5033 3807 5084 ﬁ-

2219 5122 2428 5179 delibus
2455 5137 2670 5192 sparsas
2692 5165 2707 5189 ,
2741 5133 2834 5179 aut
2859 5125 3152 5191 parietibus
3184 5125 3393 5187 alﬁxas,
3426 5124 3545 5178 olea
3577 5139 3643 5178 ex
3674 5123 3806 5176 lam-

2223 5216 2446 5285 padibus
2469 5215 2665 5270 ibidem
2696 5216 3009 5272 ardentibus
3032 5216 3298 5282 detracta,
3329 5229 3497 5286 aquas
3523 5230 3590 5272 ex
3617 5215 3809 5269 vicinis

2223 5308 2458 5363 fontibus
2502 5318 2595 5362 aut
2622 5310 2796 5378 puteis
2821 5309 3060 5376 haustas,
3091 5319 3184 5364 aut
3213 5302 3315 5364 alia
3362 5308 3628 5379 ejusmodi
3667 5307 3811 5362 inter

2220 5411 2527 5457 sanctorum
2569 5402 2822 5471 reliquias
2867 5401 3277 5470 computaverit.
3333 5399 3529 5455 Verum
3567 5401 3670 5454 ista
3709 5401 3808 5454 ob-

2223 5493 2388 5562 jectio
2416 5503 2724 5560 evanescet,
2753 5508 2874 5548 cum
2903 5495 3154 5548 cordatus
3204 5494 3370 5549 lector
3397 5492 3596 5547 similia
3629 5492 3682 5549 in
3712 5508 3809 5562 pa-

2227 5595 2365 5641 trum
2393 5595 2779 5654 auctorumque
2805 5584 3236 5654 gravissimorum
3269 5583 3523 5654 operibus
3560 5583 3808 5651 exempla

2225 5680 2424 5748 passim
2452 5692 2742 5734 occurrere
2773 5677 3185 5731 animadvertet.
3219 5676 3388 5745 Hujus
3410 5677 3554 5733 enim
3581 5690 3808 5730 consue-

2225 5770 2423 5830 tudinis
2454 5779 2619 5828 testes
2648 5776 2778 5829 sunt
2815 5768 3170 5837 Hieronymus
3193 5811 3210 5838 ,
3243 5768 3593 5840 Augustinus,
3629 5766 3810 5825 Pauli-
