4086 6328
354 335 416 391 6|
1785 337 2147 396 PREFATIU
3536 347 3606 402 69.

355 464 483 512 nus,
519 445 627 502 Leo
653 455 707 503 et
733 443 1024 521 Gregorius
1043 493 1057 517 ,
1094 459 1314 522 uterque
1342 451 1562 523 Magnus
1587 467 1650 508 ac
1680 456 1917 521 pontifex
1945 457 1999 516 Α
2025 456 2225 526 aliquot
2248 455 2584 511 sommmodo
2609 456 2904 528 fragmenta
2928 467 3240 530 supersunt.
3267 473 3414 514 nunc
3443 473 3603 528 porro

354 538 647 602 Romanus,
677 538 818 594 Beda
849 549 904 594 et
931 541 1019 595 alii
1047 543 1272 610 passim,
1295 558 1519 612 quorum
1549 544 1662 598 loca
1685 545 1737 599 in
1779 551 1924 600 notis

355 629 420 682 ad
442 629 684 698 Gregorii
714 639 915 686 textum
963 647 1068 686 nou
1119 633 1284 688 semel
1318 633 1672 688 laudavimus.
1727 635 1833 690 Sed
1871 644 1926 690 et

353 719 441 786 qui
474 720 620 790 plura
648 735 710 775 ea
736 721 800 775 de
828 737 885 776 re
925 723 1103 791 cupit,
1133 722 1291 776 adeat
1321 720 1599 791 r‘errandi,
1655 724 1926 779 societatis

351 809 478 864 Jesu
510 811 825 881 presbyteri,
850 813 1042 868 librum
1072 815 1400 882 singularem
1419 813 1488 868 de
1501 815 1816 868 Sanctorum
1843 829 1926 869 re-

353 900 566 970 liquiis,
618 911 708 956 aut
737 912 883 957 certe
932 903 1074 972 legat
1109 904 1169 957 V.
1203 905 1272 958 cl.
1305 903 1440 959 Lud.
1477 906 1599 957 Ant.
1652 904 1924 959 Muratorii

355 994 787 1063 disquisitionem
819 995 885 1050 de
917 995 1017 1048 hoc
1043 1005 1357 1065 argumento
1389 1005 1534 1048 tomo
1557 995 1599 1050 ll
1625 995 1926 1069 Anecdoto-

351 1101 497 1152 rum,
545 1085 635 1140 ubi
660 1087 822 1140 etiam
847 1087 1073 1140 oleorum
1093 1129 1108 1153 ,
1140 1102 1256 1156 quae
1285 1085 1571 1156 Gregorius
1611 1087 1832 1157 Magnus
1858 1085 1926 1141 ad

353 1176 778 1232 Thcodelindam
827 1191 924 1246 per
968 1175 1263 1230 .lohannem
1321 1175 1643 1240 transmisit,
1698 1175 1925 1230 indicem

352 1267 584 1334 profert,
663 1267 777 1336 ipsa
834 1265 1073 1335 Gregorii
1105 1275 1261 1321 actate
1307 1266 1564 1335 scriptum
1621 1267 1674 1321 in
1724 1280 1926 1337 papyro

354 1358 673 1428 Egyptiaca
698 1399 714 1425 ,
761 1370 822 1415 ut
851 1357 1191 1415 Mabillonius
1219 1365 1406 1414 noster
1445 1365 1670 1413 testatur
1713 1357 1926 1414 itineris

351 1449 516 1504 ltalici
571 1465 691 1521 pag.
725 1452 812 1506 Η.

420 1542 510 1596 7t.
552 1542 723 1598 Unum
755 1541 982 1609 denique
1026 1542 1170 1598 circa
1208 1542 1451 1613 Gregorii
1481 1542 1645 1597 libros
1673 1541 1740 1596 de
1770 1540 1926 1594 .llira-

348 1629 484 1686 culis
498 1640 801 1686 sanctorum
816 1631 1091 1687 observari
1106 1632 1281 1700 velim,
1295 1633 1434 1704 quod
1448 1633 1654 1688 scilicet
1669 1647 1729 1685 ea
1749 1631 1920 1684 solum

347 1730 652 1775 sanctorum
680 1720 929 1776 miracula
955 1723 1225 1788 retulerit,
1246 1737 1365 1791 qua:
1389 1724 1457 1777 ab
1475 1721 1592 1776 aliis
1617 1720 1922 1775 auctoribus

2023 549 2461 602 commentarium
2501 545 2687 601 Romae
2716 549 2976 602 asservari
3029 547 3333 616 aliquandiu
3385 563 3603 616 persua-

2023 650 2140 689 sum
2187 635 2485 702 habuimus,
2519 639 2754 706 acceptis
2798 637 2989 692 exinde
3029 637 3219 692 litteris
3251 639 3302 690 in
3352 637 3599 691 Vaticana

2024 726 2342 782 bibliotheca
2384 729 2566 783 haberi
2613 730 3027 797 manuscriplum
3056 730 3290 784 codicem
3325 745 3388 781 ex
3417 745 3600 781 mona-

2025 819 2190 870 sterio
2222 817 2401 872 Fontis
2435 819 2672 887 Avellani
2694 858 2708 882 ,
2743 819 2831 886 qui
2867 818 3117 871 Florentii
3146 818 3355 888 Georgii
3394 827 3439 871 et
3470 818 3599 873 Gre-

2025 905 2154 972 gorii
2181 907 2570 960 commentarius
2612 908 2664 959 in
2695 910 2916 975 psalmos
2964 908 3361 962 inscriberetur.
3395 907 3497 962 Sed
3543 924 3598 961 re

2026 1005 2053 1042 a
2077 1000 2261 1046 nostro
2284 994 2651 1063 Stephanotio,
2675 995 3116 1063 Congregationis
3142 1005 3336 1048 nostra:
3366 996 3415 1048 in
3437 995 3596 1048 Curia

2026 1082 2260 1138 Romana
2290 1097 2631 1154 procuratore
2661 1086 2888 1154 generali
2912 1127 2925 1148 ,
2957 1089 3256 1140 accuratius
3302 1087 3549 1155 inquisita
3577 1127 3594 1152 ,

2026 1174 2113 1228 hic
2139 1173 2517 1244 deprehendit,
2546 1185 2600 1228 et
2625 1175 2834 1229 titulum
2865 1175 3001 1228 hunc
3029 1192 3186 1230 manu
3211 1179 3410 1232 recenti
3434 1179 3597 1234 fuisse

2026 1263 2193 1318 codici
2243 1264 2566 1332 ascriptum,
2599 1273 2652 1319 et
2697 1264 2751 1319 in
2800 1266 2913 1333 ipso
2959 1266 3353 1323 Commentario
3399 1271 3594 1339 passim

2025 1365 2268 1411 auctores
2293 1355 2529 1422 laudari,
2561 1357 2649 1425 qui
2681 1367 2867 1411 nostro
2910 1357 3166 1428 Gregorio
3208 1367 3366 1413 aetate
3413 1366 3598 1427 poste-

2027 1449 2196 1502 riores
2223 1444 2471 1512 fuerunt,
2502 1449 2686 1516 quales
2714 1455 2836 1502 sunt
2863 1448 3038 1518 Aymo
3071 1456 3126 1503 et
3172 1448 3464 1518 Remigius.
3499 1449 3599 1506 De-

2027 1538 2184 1608 nique
2205 1539 2410 1608 vulgata
2441 1539 2762 1608 psalmorum
2794 1539 3037 1593 versione
3068 1539 3238 1594 utitur
3267 1539 3421 1608 hujus
3450 1555 3598 1594 com-

2026 1629 2269 1685 mentarii
2296 1640 2502 1694 auctor,
2527 1646 2682 1700 quam
2710 1629 2996 1699 Gregorius
3025 1631 3075 1684 in
3104 1631 3377 1685 laudandis
3401 1633 3595 1700 passim

2027 1718 2242 1787 psalmis
2288 1719 2544 1774 adhibere
2597 1734 2701 1773 non
2755 1720 2911 1775 solet.
2964 1719 3129 1773 Immo
3182 1723 3236 1774 ln
3285 1719 3598 1787 Gregoriani

348 1811 543 1880 scripta
574 1824 680 1864 non
710 1819 881 1864 erant.
911 1810 1064 1866 Unde
1103 1812 1295 1866 mirum
1327 1826 1430 1865 non
1461 1821 1574 1876 est,
1606 1813 1648 1864 si
1680 1810 1923 1878 quando-
1955 1811 2000 1871 Β
2026 1811 2403 1866 Commentarii
2423 1852 2438 1878 ,
2481 1827 2637 1880 quem
2680 1813 2838 1864 modo
2878 1811 3237 1878 laudabamus,
3286 1811 3600 1879 przefatione

345 1915 451 1969 que
480 1899 696 1954 omissis
740 1900 1120 1956 celebrioribus
1145 1911 1448 1956 sanctorum
1477 1905 1660 1971 gestis,
1693 1901 1919 1955 obscura

345 1989 587 2060 quaedam
615 1987 752 2046 facta
780 2001 1180 2045 commemorat.
1209 1991 1342 2046 Hinc
1368 1991 1526 2046 etiam
1559 1998 1733 2059 patet,
1761 2004 1919 2058 quam

346 2080 558 2135 incaute
593 2080 817 2136 fecerint
848 2081 1122 2150 nonnulli,
1154 2082 1242 2151 qui
1273 2097 1362 2136 res
1389 2082 1591 2151 aliquot
1616 2090 1918 2135 Sanctorum

345 2183 521 2240 gestas
559 2172 614 2227 in
658 2173 874 2227 dubium
909 2183 1230 2227 revocarunt
1267 2173 1336 2227 ob
1378 2173 1429 2227 id
1477 2172 1676 2237 solum,
1710 2173 1848 2242 quod
1890 2187 1919 2226 a

350 2263 604 2333 Gregorio
627 2278 730 2319 non
761 2273 1185 2320 memorarentur
1212 2282 1224 2317 :
1258 2280 1378 2318 cum
1400 2302 1415 2327 ,
1443 2273 1500 2317 ut
1530 2265 1641 2332 ipse
1672 2273 1918 2329 testatur,

347 2364 496 2410 extra
523 2355 639 2422 ejus
669 2354 961 2410 institutum
1005 2356 1191 2409 fuisset
1215 2355 1282 2409 de
1314 2353 1577 2423 ejusmodi
1620 2355 1781 2408 rebus
1809 2353 1920 2407 dis-

345 2460 547 2502 serere.
586 2445 738 2512 Quod
783 2460 915 2500 vero
958 2445 1061 2500 tale
1106 2446 1264 2500 fuerit
1297 2445 1412 2513 ejus
1463 2445 1773 2511 consilium,
1808 2444 1922 2511 ipso

345 2547 599 2592 muniente
626 2537 878 2591 discimus
910 2551 974 2592 ex
1003 2536 1264 2606 prommio
1289 2537 1404 2606 ejus
1432 2535 1668 2605 generali
1696 2536 1760 2590 ad
1793 2537 1922 2590 istos

345 2625 533 2681 lihros.
565 2629 779 2696 Aliqua,
821 2627 1024 2697 inquit,
1058 2631 1119 2682 de
1165 2637 1455 2681 sanctorum
1503 2627 1780 2692 miraculis,
1811 2642 1924 2694 quae

343 2716 587 2772 hactenus
610 2721 897 2785 latuerunt,
920 2725 1139 2789 pandere
1165 2719 1480 2784 desiderans,
1503 2727 1606 2772 etc.
1627 2717 1729 2772 Sed
1755 2717 1922 2785 magis

343 2807 546 2863 diserte
576 2809 628 2863 in
675 2811 808 2864 libro
839 2811 904 2864 de
934 2810 1112 2865 Gloria
1156 2811 1530 2866 Confessorum
1551 2850 1565 2875 ,
1597 2825 1751 2877 quem
1802 2825 1922 2862 om-

345 2896 493 2951 nium
516 2899 758 2952 ultimum
784 2899 1124 2968 recognovit,
1151 2899 1321 2967 capite
1346 2899 1417 2952 45
1441 2916 1454 2952 :
1488 2897 1624 2951 Licet
1643 2901 1758 2969 jam
1781 2899 1923 2951 dixe-

345 2989 505 3041 rimus
532 2988 584 3040 in
613 2991 826 3058 prologo
855 2989 971 3042 libri
1001 2991 1156 3058 hujus
1183 2999 1235 3041 ut
1262 3005 1320 3043 ea
1348 2998 1544 3042 tantum
1571 2990 1923 3053 scriberemus,

344 3092 459 3146 qua:
488 3074 624 3130 Deus
649 3088 761 3147 post
793 3078 1076 3134 obitum....
1104 3081 1306 3147 operari
1336 3079 1576 3149 dignatus
1601 3088 1670 3131 est
1700 3093 1718 3131 :
1761 3090 1924 3131 tamen

2024 1901 2162 1957 tituli
2193 1902 2514 1971 psalmorum
2546 1899 2844 1955 referuntur
2870 1916 3056 1954 omnes
3084 1901 3234 1967 juxta
3267 1900 3408 1954 LXX
3436 1902 3599 1955 inter~

2023 1999 2229 2060 pretum
2260 1992 2584 2044 versionem.
2618 1990 2814 2046 Fucum
2844 1989 2967 2044 fecit
2996 1991 3044 2045 ei
3073 1991 3161 2059 qui
3211 1990 3452 2060 Gregorii
3503 2006 3600 2043 no-

2023 2097 2144 2137 men
2189 2081 2356 2134 codici
2389 2081 2460 2134 illi
2501 2081 2764 2149 prmfixit,
2815 2081 3141 2149 priefationis
3171 2080 3514 2151 Grcgorianze
3542 2080 3596 2136 in

2022 2173 2345 2243 psalmorum
2380 2175 2559 2226 titulos
2602 2173 2993 2240 fragmentum,
3038 2173 3178 2240 quod
3226 2175 3597 2228 commentarii

2022 2271 2207 2316 auctor
2233 2261 2389 2315 simul
2423 2277 2542 2315 cum
2594 2262 2712 2316 aliis
2741 2262 2956 2316 Patrum
3002 2263 3400 2331 praefationibus
3447 2261 3597 2330 Operi

2023 2367 2121 2408 suo
2165 2353 2442 2422 praemisit.
2474 2353 2626 2420 Quod
2668 2353 2882 2420 quidem
2932 2351 3283 2421 fragmentum
3327 2368 3358 2407 a
3404 2355 3492 2422 pio
3542 2360 3598 2408 et

2024 2443 2234 2498 erudito
2258 2444 2370 2497 viro
2391 2442 2678 2496 Thomasio
2700 2458 2763 2496 ex
2795 2442 2911 2510 ipso
2934 2442 3115 2498 codice
3135 2442 3456 2513 descriptum
3479 2451 3598 2511 post

2023 2535 2186 2590 libros
2203 2534 2269 2589 de
2286 2543 2585 2589 sanctorum
2605 2534 2868 2587 Miraculis
2887 2533 3234 2601 proferemus,
3251 2547 3371 2588 cum
3389 2531 3597 2588 duobus

2023 2628 2384 2684 commentarii
2416 2628 2726 2696 fragmentis
2749 2642 2776 2679 a
2806 2624 3108 2680 Mahillonio
3127 2625 3303 2680 editis.

2094 2721 2186 2781 75.
2226 2719 2430 2775 Laudat
2461 2731 2718 2789 praeterea
2748 2719 3036 2790 Gregorius
3076 2719 3213 2775 libro
3252 2735 3289 2774 ll
3330 2718 3600 2786 Historiae,

2025 2814 2196 2883 capite
2225 2813 2325 2879 22,
2361 2812 2680 2879 Apollinaris
2723 2810 2926 2865 Sidonii
2967 2811 3156 2865 librum
3184 2809 3250 2865 de
3279 2809 3475 2878 Missis,
3508 2808 3595 2864 cui

2027 2904 2140 2973 ipse
2186 2903 2552 2972 praefationem
2601 2917 2659 2955 se
2698 2901 3006 2969 adiunxisse
3050 2900 3156 2966 ait;
3185 2899 3278 2955 sed
3309 2899 3434 2954 illud
3464 2914 3599 2968 opus

2027 2992 2144 3046 solo
2177 2992 2390 3045 nomine
2430 3001 2583 3044 tenus
2629 2991 2780 3043 nobis
2824 2999 3003 3042 notum
3047 2996 3148 3044 est.
3179 2988 3335 3042 Tanti
3383 3004 3486 3044 non
3517 2996 3599 3044 est

2028 3081 2281 3136 momenti
2312 3080 2491 3133 Passio
2518 3089 2821 3134 sanctorum
2852 3088 3053 3146 septem
3081 3077 3462 3133 Dormientium
3493 3076 3599 3130 fra‘

345 3183 448 3220 non
476 3178 598 3236 puto
619 3167 893 3222 absurdum
917 3170 1064 3235 duci,
1086 3172 1128 3222 si
1153 3169 1214 3222 de
1235 3168 1441 3222 illorum
1463 3169 1562 3220 vita
1588 3184 1917 3222 memoremus
1944 3177 1990 3239 ο
2023 3183 2160 3228 trum
2186 3172 2377 3241 Ephesi
2402 3172 2807 3242 quiescentium,
2833 3186 2986 3240 quam
3013 3185 3072 3224 se
3093 3170 3145 3225 in
3168 3169 3412 3225 Latinum
3432 3180 3596 3223 tranat

345 3259 540 3329 aliqua,
564 3261 627 3314 de
644 3263 822 3331 quibus
844 3262 988 3315 nulla
1011 3263 1334 3331 coynovimus
1353 3277 1458 3314 esse
1470 3260 1779 3330 conscripta.
1803 3259 1918 3315 Non

347 3351 528 3420 itaque
578 3352 797 3423 scripsit
844 3354 912 3410 de
957 3365 1262 3409 sanctorum
1316 3355 1500 3424 gestis,
1551 3369 1667 3422 qum
1713 3354 1923 3410 aliunde

347 3451 471 3497 nota
498 3452 683 3511 erant,
714 3455 805 3500 aut
847 3460 1072 3516 quorum
1116 3446 1247 3499 Vitae
1294 3446 1645 3499 habebantur.
1679 3443 1782 3498 Sed
1809 3443 1918 3512 jam

346 3532 560 3588 tandem
617 3534 684 3589 ad
739 3535 1024 3590 secundam
1082 3536 1409 3606 praefationis
1465 3545 1661 3590 nostra:
1717 3546 1921 3604 partem

348 3625 747 3680 transeundum.

416 3734 477 3790 ll.
506 3765 578 3776 —
607 3737 697 3792 72.
725 3738 872 3792 Nulla
904 3738 1071 3795 ferme
1098 3747 1180 3793 est
1209 3737 1260 3792 in
1305 3737 1639 3794 contexendo
1681 3736 1922 3807 Gregorii

347 3842 568 3897 operum
597 3831 839 3900 catalogo
869 3830 1149 3884 difﬁcultas
1169 3873 1183 3896 ,
1211 3846 1328 3884 cum
1371 3845 1430 3885 ea
1467 3845 1571 3882 non
1601 3829 1772 3882 solum
1805 3843 1921 3900 pas-

347 3916 448 3971 sim
481 3918 532 3971 in
561 3920 673 3972 suis
707 3919 853 3973 libris
877 3922 1222 3985 recensuerit,
1254 3921 1346 3974 sed
1372 3930 1424 3974 ct
1451 3919 1760 3988 singillatim
1789 3935 1923 3972 enu-

350 4007 631 4061 meraverit
669 4008 720 4060 in
769 4008 871 4062 line
919 4010 1042 4063 libri
1091 4009 1283 4064 decimi
1337 4010 1583 4064 llisturim
1632 4009 1921 4063 Francicae.

350 4096 565 4164 Decem,
602 4099 800 4169 inquit,
835 4100 989 4155 libros
1039 4101 1418 4169 Historiarum,
1465 4114 1653 4172 septem
1697 4103 1924 4155 Miracu-

350 4186 547 4256 forum,
579 4205 734 4242 unum
764 4191 826 4244 de
853 4192 983 4245 Vitis
1012 4192 1224 4245 Patrum
1250 4178 1448 4262 scripsi.
1476 4192 1541 4245 In
1570 4196 1796 4263 psalterii
1821 4204 1928 4249 tre~

350 4290 538 4332 ctutum
581 4281 764 4336 librum
805 4301 963 4336 unum
1009 4295 1375 4338 commentatus
1413 4301 1559 4349 sum;
1590 4286 1654 4338 de
1701 4286 1928 4340 cursibus

351 4373 502 4426 etiam
541 4372 909 4429 Ecclesiasticis
952 4394 1106 4430 unum
1149 4377 1333 4430 librum
1363 4378 1590 4430 condidi.
1623 4377 1759 4444 Quid
1801 4392 1928 4432 vero

351 4461 609 4518 librorum
641 4477 839 4534 septem
867 4469 1245 4522 miraCulorum
1279 4468 1492 4522 nomine
1523 4469 1816 4537 intelligat,
1850 4468 1928 4536 ip-

351 4566 521 4611 semet
550 4558 605 4614 in
652 4560 870 4630 prologo
910 4562 1024 4615 libri
1053 4562 1119 4616 de
1147 4562 1328 4616 Gloria
1355 4562 1732 4616 Confessorum
1762 4577 1927 4630 expo-

351 4647 446 4701 nit.
482 4646 549 4701 1η
585 4651 749 4720 primo
791 4650 963 4703 libello
1008 4652 1312 4705 inseruimus
1351 4654 1524 4722 aliqua
1565 4654 1627 4705 de
1668 4654 1927 4708 miraculis

351 4738 564 4793 Domini
617 4757 677 4793 ac
724 4751 1014 4796 sanctorum
1080 4745 1462 4812 apostolorum,
1522 4745 1927 4812 reliquorumque

352 4840 666 4901 martyrum,
703 4849 817 4903 qua!
854 4837 1092 4888 hactenus
1135 4837 1424 4901 latuerunt,
1465 4845 1566 4890 etc.
1601 4836 1663 4888 In
1707 4837 1927 4889 secundo

352 4924 612 4991 posuimus
635 4925 695 4977 de
718 4927 980 4978 virtutibus
1000 4928 1160 4979 sancti
1186 4924 1388 4979 Juliani
1411 4928 1664 4996 martyris.
1697 4928 1928 4994 Quatuor

353 5029 471 5067 vero
520 5015 715 5070 libellos
755 5018 817 5072 de
859 5019 1125 5073 virtutibus
1171 5020 1336 5072 sancti
1384 5018 1629 5085 Martini;
1660 5022 1930 5091 septimum

353 5104 418 5158 de
443 5109 774 5174 quorumdam
801 5109 1204 5181 Religiosorum,
1229 5125 1324 5164 seu
1343 5150 1356 5174 ,
1388 5119 1445 5165 ut
1475 5111 1710 5180 plerique
1741 5124 1930 5164 manu-

353 5196 536 5264 scripti
576 5197 786 5253 codices
833 5199 1062 5264 habent,
1097 5199 1468 5253 Feliciosorum
1512 5202 1612 5252 vita
1641 5214 1660 5252 :
1702 5209 1931 5252 octavum

355 5283 494 5340 hunc
521 5287 784 5342 scribimus
805 5289 867 5343 de
892 5288 1155 5342 Miraculis
1175 5288 1553 5356 Confessorum.
1581 5287 1654 5341 De
1677 5288 1759 5342 his
1786 5287 1930 5342 libris

357 5377 498 5431 nulla
531 5377 834 5436 difﬁcultas.
863 5380 1032 5447 Quem
1063 5381 1205 5435 enim
1235 5381 1468 5434 secundo
1500 5379 1615 5432 loco
1643 5377 1803 5431 vitam
1834 5378 1936 5431 Re-

360 5470 654 5540 ligjosorum
681 5486 776 5527 seu
826 5471 1194 5526 Feliciosorum
1242 5471 1505 5540 appellat,
1541 5469 1582 5523 is
1627 5477 1710 5523 est
1749 5467 1839 5538 qui
1882 5468 1934 5521 in

360 5555 610 5616 Historia:
634 5562 736 5616 line
757 5561 949 5616 dicitur
977 5563 1109 5617 liber
1139 5563 1205 5616 de
1235 5560 1366 5614 Vitis
1392 5559 1626 5613 Patrum.
1660 5558 1721 5611 lli
1749 5570 1938 5611 omnes

363 5661 576 5707 exstant
606 5663 800 5721 praeter
831 5653 1022 5707 librum
1052 5653 1119 5709 de
1148 5654 1390 5708 cursibus
1420 5648 1817 5714 ecclesiasticis,
1849 5649 1938 5716 qui

363 5743 582 5800 omnino
609 5742 844 5807 interiit;
869 5753 921 5800 et
948 5744 1385 5801 commentarium
1417 5743 1470 5798 in
1497 5740 1754 5807 psalmos,
1785 5739 1938 5806 cujus

2026 3265 2210 3319 tulisse
2258 3265 2374 3334 Syri
2405 3264 2680 3333 cujusdam
2718 3264 3021 3332 interpretis
3055 3276 3157 3331 ope
3193 3261 3387 3317 fatetur
3414 3261 3467 3316 in
3495 3274 3590 3315 ca-

2025 3357 2134 3426 pite
2160 3353 2229 3410 95
2257 3354 2374 3408 libri
2415 3355 2481 3409 de
2510 3354 2686 3408 Gloria
2716 3353 3089 3407 Confessorum
3110 3394 3126 3419 ,
3157 3351 3244 3406 ubi
3275 3351 3391 3421 ejus
3415 3352 3592 3421 epito-

2027 3462 2148 3502 men
2176 3446 2359 3501 refert.
2394 3451 2472 3500 An
2502 3461 2629 3499 vero
2660 3441 2879 3513 usquam
2908 3452 3082 3498 exstet
3124 3442 3241 3498 haec
3284 3443 3397 3512 ipsa
3425 3442 3601 3497 versio

2024 3550 2054 3590 a
2081 3536 2342 3606 Gregorio
2367 3535 2619 3589 adornata
2638 3575 2652 3599 ,
2682 3535 2942 3588 incertum
2971 3543 3071 3586 est.
3105 3533 3251 3587 Hanc
3274 3531 3416 3587 enim
3441 3545 3599 3601 quam

2027 3627 2214 3683 Surius
2245 3627 2436 3690 habet,
2466 3626 2847 3694 Gregorianam
2876 3638 2981 3677 non
3012 3638 3131 3679 esse
3157 3622 3242 3678 vel
3271 3638 3337 3679 ex
3378 3636 3444 3678 eo
3485 3623 3602 3677 solo

2026 3718 2361 3787 conjicimus,
2388 3716 2528 3784 quod
2571 3716 2642 3769 ibi
2677 3715 3058 3768 Dormientium
3095 3713 3307 3766 nomina
3345 3712 3603 3782 pleraque

2026 3810 2126 3863 alia
2155 3811 2262 3863 sint
2290 3807 2356 3860 ah
2389 3807 2471 3873 iis,
2498 3821 2616 3874 qua:
2643 3804 2755 3874 ipse
2777 3803 3060 3872 Gregorius
3090 3802 3144 3854 in
3176 3801 3312 3855 libro
3335 3801 3400 3854 de
3420 3800 3600 3855 Gloria

2025 3897 2404 3953 Confessorum
2433 3902 2695 3950 recenset.
2729 3894 2929 3947 Eadem
2965 3906 3092 3945 vero
3122 3892 3233 3959 ipsa
3267 3892 3482 3944 nomina
3513 3905 3601 3944 re-

2029 3998 2314 4059 praesentat
2355 3986 2662 4040 eorumdem
2711 3983 3100 4036 Dormientium
3148 3979 3399 4044 historia,
3440 3994 3600 4048 quam

2029 4083 2082 4137 in
2111 4080 2376 4136 nonnullis
2404 4077 2674 4132 codicibus
2722 4073 3096 4141 manuscriptis
3135 4070 3471 4136 invenimus;
3504 4070 3604 4124 sed

2030 4187 2148 4225 cum
2182 4168 2344 4222 multa
2373 4166 2547 4220 dubia:
2580 4164 2702 4218 ﬁdei
2732 4165 3034 4248 contineatl,
3069 4175 3167 4216 nec
3192 4169 3399 4215 constet
3429 4176 3494 4214 an
3525 4160 3604 4228 ip-

2029 4264 2139 4318 sius
2167 4260 2406 4329 Gregorii
2438 4257 2576 4312 fetus
2602 4257 2705 4310 dici
2733 4257 2927 4325 possit,
2957 4270 3061 4309 non
3087 4253 3259 4308 visum
3283 4261 3365 4307 est
3389 4253 3438 4307 ei
3467 4253 3605 4306 inter

2031 4353 2171 4408 illius
2207 4366 2370 4421 opera
2419 4350 2593 4404 locum
2641 4348 2793 4402 dare.
2841 4347 2917 4401 De
2959 4347 3184 4400 aliorum
3228 4353 3431 4412 septem
3474 4345 3605 4398 Dor-

2031 4445 2310 4499 mientium
2363 4441 2588 4495 historia
2658 4442 2896 4493 dicemus
2950 4436 3204 4491 inferius.‘
3243 4435 3602 4489 Occurrerunt

1955 4535 2193 4608 Deliam
2239 4531 2394 4586 nobis
2441 4529 2652 4584 codices
2703 4526 3089 4594 manuscriptos
3147 4524 3602 4593 perscrutantibus

2031 4624 2177 4677 varia
2201 4620 2452 4690 opuscula
2479 4622 2578 4673 sub
2601 4618 2840 4686 Gregorii
2871 4618 3102 4680 nomine,
3126 4628 3243 4682 qua:
3266 4630 3449 4680 sermo,
3474 4615 3605 4678 vita,

2033 4714 2297 4779 transitus,
2320 4718 2412 4764 aut
2432 4709 2680 4763 miracula
2711 4707 3093 4770 inscribuntur,
3116 4702 3184 4757 de
3209 4705 3476 4756 nonnullis
3502 4705 3606 4758 sci-

2033 4801 2157 4855 licet
2204 4800 2423 4858 sanctis,
2462 4796 2551 4864 qui
2597 4794 2734 4862 apud
2782 4791 3098 4863 Gregorimn
3143 4791 3473 4844 laudantur:
3511 4790 3602 4844 sed

2032 4903 2150 4944 cum
2182 4903 2242 4942 ea
2274 4885 2406 4939 nihil
2450 4883 2590 4937 aliud
2622 4881 2729 4934 sint
2752 4895 2909 4949 quam
2943 4878 3207 4949 ipsissima
3239 4877 3482 4947 Gregorii
3511 4892 3604 4930 ca-

2032 4978 2172 5048 pita,
2206 4976 2256 5031 in
2294 4975 2487 5045 quibus
2520 4973 2585 5026 de
2620 4970 2882 5040 ejusmodi
2923 4971 3119 5024 sanctis
3149 4970 3289 5037 agit,
3329 4984 3394 5022 ex
3441 4966 3606 5034 ipsius

2033 5067 2286 5137 operibus
2335 5073 2615 5132 excerpta,
2666 5062 2732 5115 de
2775 5060 2839 5115 iis
2879 5059 3048 5114 fusius
3099 5056 3367 5126 inquirere
3417 5068 3605 5124 super-

2034 5159 2196 5212 ﬂuum
2230 5157 2438 5211 fuisset.

2108 5269 2197 5324 74.
2236 5267 2500 5323 Cancrum
2529 5274 2723 5336 praeter
2751 5265 2912 5320 libros
2941 5278 2970 5316 a
3001 5260 3154 5316 nobis
3183 5272 3342 5327 supra
3371 5259 3599 5314 recensi-

2041 5373 2145 5428 tos,
2193 5361 2430 5430 plerique
2479 5359 2783 5428 complures
2833 5354 3041 5410 libellos
3087 5351 3382 5422 singulares
3409 5353 3476 5408 de
3504 5353 3610 5407 vita

2040 5461 2243 5530 aliquot
2269 5465 2572 5512 sanctorum
2604 5457 2742 5508 inter
2768 5449 3012 5520 Gregorii
3050 5465 3212 5519 opera
3261 5451 3609 5508 enumerant,

2039 5566 2175 5620 quos
2204 5551 2256 5604 in
2285 5548 2446 5602 variis
2484 5546 2730 5601 Historia:
2780 5541 3053 5596 Francicte
3098 5548 3192 5595 aut
3239 5536 3610 5594 Miraculorum

2041 5643 2192 5698 libris
2219 5642 2332 5709 ipse
2353 5639 2638 5708 Gregorius
2664 5634 2860 5689 laudat.
2885 5631 3043 5688 Tales
3066 5639 3188 5687 sunt
3215 5629 3339 5683 liber
3359 5627 3422 5679 de
3445 5620 3614 5678 sancti

2044 5731 2212 5788 Illidt'i
2236 5731 2365 5796 vita,
2393 5742 2550 5799 quem
2579 5725 2756 5781 laudat
2799 5725 2933 5781 libro
2963 5739 2980 5779 t
3009 5721 3273 5789 Historia,
3303 5717 3477 5788 capite
3507 5714 3614 5778 40;
