4086 6328
495 376 562 433 6‘5
1911 368 2297 427 PiitEFATlO.
3689 375 3756 429 61

499 493 632 547 liber
655 492 719 546 de
755 491 859 544 vita
889 492 1053 544 sancti
1097 489 1363 555 Quintiani
1390 488 1483 543 lib.
1518 502 1587 555 ll,
1621 488 1795 558 capite
1821 488 1914 544 56.
1944 488 2075 543 Aliis
2104 490 2155 547 Λ
2178 495 2313 552 stet,
2346 484 2536 541 frustra
2567 485 2634 542 de
2662 485 2778 556 ejus
2805 495 3029 543 auctore
3056 486 3359 559 inquiritur,
3406 488 3545 560 quod
3594 505 3756 547 nemo

497 586 551 638 in
593 584 723 639 locis
768 592 1028 638 memorat
1072 598 1101 636 a
1147 598 1205 638 se
1254 582 1580 649 conscriptos
1627 580 1810 646 libros,
1850 579 1920 636 de
1954 581 2068 634 Vita

498 684 700 731 sancta:
748 674 1120 745 Moncgundis.
1160 673 1227 728 de
1263 671 1381 726 Vita
1422 670 1592 725 sancti
1640 669 1860 734 Nicetii,
1903 669 2075 724 sancti

501 766 739 832 Friardi,
772 766 940 819 sancti
970 765 1243 834 Caluppte,
1285 763 1455 817 sancti
1493 760 1739 828 Senocb,
1770 762 1941 815 sancti
1971 761 2075 815 Pa-

501 861 686 925 trocli,
719 874 854 928 quos
894 858 1114 913 Vossius
1155 865 1211 913 et
1251 856 1341 910 alii
1386 856 1692 926 singillatim
1736 855 1789 909 in
1836 852 2077 923 catalogo

504 950 745 1021 Gregorii
773 964 991 1018 operum
1018 956 1321 1002 recensent.
1345 945 1600 1013 Quamvis
1618 955 1823 1002 certum
1847 947 1916 999 sit
1943 946 2078 999 alios

503 1060 611 1099 non
640 1060 758 1099 esse
787 1046 853 1097 ali
896 1043 999 1096 illis
1045 1042 1166 1096 libri
1196 1041 1330 1095 Vita:
1380 1040 1592 1093 Patrum
1641 1038 1925 1109 capitibus,
1960 1054 2078 1107 qua:

504 1135 604 1188 sub
632 1136 850 1190 istorum
881 1143 1187 1188 sanctorum
1218 1132 1341 1185 vita:
1373 1131 1538 1184 titulis
1574 1130 1715 1185 edita
1742 1139 1887 1185 sunt.
1919 1129 1982 1184 Et
2012 1131 2080 1184 de

505 1227 593 1281 llis
636 1226 811 1291 nulla,
852 1224 993 1294 quod
1034 1223 1249 1291 quidem
1290 1212 1705 1283 sciamfexsmt
1754 1220 1893 1275 inter
1934 1220 2081 1274 viros

506 1319 746 1373 eruditos
787 1315 1173 1373 controversia.
1202 1314 1387 1370 Utrum
1418 1329 1545 1369 vero
1586 1313 1748 1369 libelli
1789 1312 1876 1368 isti
1908 1314 2079 1382 reipsa

505 1425 540 1465 λ
570 1409 705 1465 Vitis
738 1413 950 1464 Patrum
993 1407 1307 1463 secernendi
1344 1406 1480 1472 sint,
1526 1414 1583 1459 ut
1629 1404 1959 1474 Margarinus
1990 1403 2080 1456 Bi-

506 1502 684 1571 gaius,
707 1500 1056 1557 Colonienses
1084 1500 1338 1553 Doctores
1360 1507 1413 1552 et
1434 1497 1521 1551 alii
1550 1496 1603 1550 in
1623 1498 1734 1550 suis
1762 1493 2083 1550 editionibus

505 1595 702 1660 fecere,
736 1606 919 1660 parum
949 1591 1189 1645 interest.
1213 1588 1371 1652 Sane,
1400 1597 1456 1641 ut
1478 1587 1689 1657 quidem
1721 1584 1920 1650 sentio,
1949 1582 2085 1639 Gre-

507 1683 690 1752 goiius
719 1683 947 1753 primum
973 1680 1173 1747 aliquot
1201 1691 1506 1733 sanctorum
1536 1676 1720 1731 saeculi
1747 1676 1829 1731 sui
1861 1675 2078 1729 Patrum

507 1777 646 1830 vitas
676 1774 727 1829 in
760 1788 920 1828 unum
970 1772 1163 1827 librum
1193 1772 1401 1825 videtur
1444 1769 1751 1839 collegisse,
1797 1782 1954 1837 quem
2004 1766 2084 1819 in-

2180 587 2419 631 veterum
2466 576 2733 644 laudavit,
2777 593 2875 633 nec
2914 579 3052 633 ullus
3091 581 3446 633 recentiorum
3495 580 3631 651 vidit
3658 596 3760 635 un-

2177 684 2362 738 quam.
2393 668 2469 724 De
2510 668 2815 738 Antipltona
2864 684 2993 725 vero
3040 669 3093 724 in
3146 669 3403 724 honorem
3435 671 3604 726 sancti
3651 671 3763 727 ble—

2178 761 2360 825 dardi,
2392 777 2554 830 quam
2583 762 2682 816 sub
2711 761 2949 831 Gregorii
2995 762 3161 816 nostri
3210 762 3423 816 nomine
3463 762 3631 817 edidit
3660 763 3754 818 Su-

2179 851 2313 917 rius,
2336 852 2421 906 vix
2463 852 2751 922 quidquam
2782 853 2914 908 certi
2958 853 3063 907 dici
3110 863 3312 922 potest,
3340 868 3462 907 cum
3501 853 3631 907 nihil
3668 853 3764 907 ba-

2180 945 2336 1010 beat,
2368 944 2508 998 unde
2538 945 2653 1014 ejus
2684 952 2871 999 auctor
2899 944 3075 998 valeat
3102 944 3359 1012 dignosci.
3398 944 3534 999 Nihil
3582 954 3761 999 autem

2182 1037 2384 1090 veritati
2417 1036 2691 1091 dissonum
2721 1037 3117 1107 complectitur,
3143 1037 3188 1092 si
3215 1036 3266 1091 id
3292 1036 3432 1107 quod
3454 1036 3523 1092 de
3548 1046 3762 1091 saneto-

2183 1142 2299 1181 rum
2343 1126 2575 1182 Medardi
2615 1137 2670 1183 et
2704 1126 2941 1183 Gildardi
2986 1127 3132 1181 obitu
3174 1127 3372 1194 refert,
3412 1128 3601 1184 eadem
3650 1131 3761 1198 die,

2184 1233 2287 1272 non
2336 1233 2466 1273 vero
2502 1218 2691 1275 eodem
2740 1233 2882 1275 anno
2928 1219 3137 1276 dicatur
3164 1220 3477 1292 contigisse.
3504 1222 3635 1278 Eam
3664 1239 3769 1279 suo

2185 1310 2305 1365 loco
2333 1311 2685 1380 proferemus.

2253 1401 2343 1457 76.
2382 1402 2524 1457 Inter
2559 1402 2662 1457 alia
2709 1403 2989 1459 innumera
3019 1403 3266 1469 Patrum,
3297 1405 3629 1476 aliorumque
3672 1421 3770 1461 ve—

2184 1500 2354 1547 terum
2401 1493 2718 1561 scriptorum
2750 1495 3038 1563 opuscula,
3066 1510 3184 1563 quze
3233 1496 3285 1550 iu
3334 1496 3579 1565 catalogo
3608 1497 3762 1551 codi-

2182 1601 2302 1642 cum
2333 1589 2813 1658 manuscriptorum
2845 1588 3048 1658 Anglia:
3072 1588 3375 1653 laudantur,
3405 1591 3668 1654 occurrit,
3701 1599 3760 1643 ut

2182 1690 2364 1735 monet
2397 1678 2689 1744 Frebeius,
2725 1678 2948 1733 Libellus
2985 1681 3051 1734 de
3089 1680 3324 1751 passione
3366 1678 3604 1746 Domini,
3634 1680 3763 1735 Gre-

2184 1772 2333 1837 gorio
2356 1770 2655 1825 Turonensi
2684 1771 2933 1825 tributus.
2958 1771 3063 1827 Sed
3093 1772 3233 1827 hunc
3263 1773 3452 1827 librum
3477 1789 3506 1827 a
3534 1775 3771 1843 vulgatis

505 1866 719 1936 scripsit
746 1865 813 1920 de
847 1864 961 1919 Vita
1010 1862 1358 1934 quorumdam
1408 1860 1774 1913 Fetieiosorunt
1815 1868 1904 1912 aut
1943 1856 2080 1910 Reli-
2113 1866 2156 1923 Β
2187 1863 2355 1916 Gestis
2398 1861 2557 1916 Pilati
2588 1862 3016 1932 distinguendum
3063 1879 3168 1919 non
3221 1880 3343 1921 esse
3386 1875 3571 1922 censet
3620 1866 3762 1921 idem

508 1959 803 2029 giosorttm;
838 1965 1019 2024 postea
1061 1970 1189 2009 vero
1216 1967 1335 2007 cum
1366 1961 1421 2006 et
1458 1951 1683 2004 aliorum
1720 1962 1931 2018 quoque
1960 1961 2082 1998 san-

507 2062 714 2107 ctorum
742 2057 885 2120 gesta
909 2048 1288 2116 comperisset,
1312 2045 1379 2098 de
1402 2043 1466 2097 iis
1489 2041 1702 2097 libellos
1725 2040 1949 2095 seorsim
1971 2038 2086 2092 edi-

506 2142 613 2207 dit,
645 2156 776 2209 quos
815 2150 1001 2210 postea
1027 2139 1111 2193 vel
1143 2138 1279 2208 ipse,
1311 2136 1390 2190 vel
1420 2134 1511 2207 alii
1538 2132 1747 2188 caeteris
1792 2131 2084 2200 adiunxere

505 2234 608 2288 sub
639 2234 794 2287 unico
837 2232 969 2287 Vitae
1019 2231 1234 2285 Patrum
1281 2228 1465 2282 titulo.
1502 2226 1658 2282 Certe
1704 2227 1758 2279 in
1809 2222 2084 2278 codicibus

506 2324 722 2393 scriptis
752 2337 885 2394 quos
913 2322 1094 2376 videre
1122 2322 1307 2387 licuit,
1333 2334 1521 2375 omnes
1550 2318 1767 2373 omnino
1796 2315 1898 2369 illa:
1924 2315 2079 2378 Vitae,

503 2413 557 2467 id
586 2422 668 2469 est
709 2412 890 2481 viginti
922 2411 1097 2479 capita
1118 2449 1135 2476 ,
1166 2409 1325 2464 simul
1356 2408 1456 2464 sub
1487 2424 1591 2462 uno
1625 2415 1679 2462 et
1716 2406 1904 2461 eodem
1955 2403 2084 2458 Vita:

502 2505 725 2560 Patrum
774 2504 926 2559 titulo
978 2503 1279 2558 habentur:
1308 2517 1465 2570 quem
1516 2500 1722 2555 titulum
1753 2508 1959 2554 eertum
2000 2506 2083 2552 est

504 2612 603 2652 suo
649 2598 809 2662 libro,
855 2596 989 2650 alias
1039 2592 1414 2648 Feticiosorum
1446 2593 1578 2647 Vita
1624 2590 1909 2660 appellato,
1945 2603 2082 2657 pra:-

504 2689 707 2748 fixisse.
728 2686 894 2755 Major
915 2694 1059 2741 esset
1088 2683 1227 2739 circa
1251 2684 1414 2737 sancti
1448 2681 1652 2736 Nicolui
1688 2679 1856 2733 Vitam
1876 2721 1891 2745 ,
1922 2693 2079 2748 quam

504 2776 895 2833 Sammartbani
920 2776 973 2829 in
997 2773 1167 2830 Gallia
1192 2772 1493 2827 Christiana
1514 2770 1751 2835 laudant,
1776 2768 2079 2836 difficultas,

502 2870 604 2922 nisi
626 2876 771 2923 esset
797 2866 1135 2921 librariorum
1166 2861 1480 2915 manifestus
1501 2873 1672 2922 error,
1697 2866 1788 2911 aut
1812 2867 1958 2912 certe
1987 2872 2081 2911 au-

504 2969 710 3015 ctorum
758 2960 993 3028 ipsorum
1040 2954 1313 3010 memoriae
1356 2953 1553 3021 lapsus,
1606 2951 1696 3021 qui
1728 2949 1935 3004 Nicolai
1985 2964 2082 3020 pro

504 3050 694 3105 Nicetii
723 3062 915 3104 nomen
943 3048 1280 3102 invexerunt.
1310 3045 1519 3099 Etenim
1541 3042 1934 3099 Sammarthani
1951 3086 1965 3107 ,
1992 3045 2082 3113 qui

503 3143 607 3197 soli
634 3144 771 3199 inter
801 3140 1041 3212 Gregorii
1072 3155 1233 3206 opera
1264 3140 1432 3193 sancti
1467 3138 1665 3193 Nicolai
1698 3138 1858 3193 vitam
1890 3154 2077 3195 recen-

2188 1953 2486 2017 Freberns,
2516 1964 2571 2009 et
2596 1954 2687 2008 alii
2732 1955 2829 2009 viri
2859 1957 3070 2012 eruditi.
3102 1957 3305 2023 Quibus
3349 1959 3502 2014 facile
3531 1961 3765 2015 subscri-

2184 2042 2381 2108 bimus,
2412 2044 2538 2099 dum
2566 2043 2757 2112 aliquis
2786 2046 2867 2100 vel
2897 2060 2963 2101 ex
2993 2045 3109 2116 ipso
3144 2047 3331 2103 codice
3359 2050 3649 2118 Anglicano
3678 2051 3771 2106 vei

2185 2150 2248 2190 ex
2280 2135 2460 2203 aliquo
2486 2134 2595 2189 alio
2622 2134 2782 2190 simili
2830 2150 2926 2191 nos
2955 2137 3155 2206 aliquid
3185 2139 3381 2193 certius
3422 2140 3665 2196 edoceat.
3700 2141 3764 2195 Et

2184 2226 2399 2295 quidem
2446 2241 2630 2280 ansam
2664 2226 2741 2281 illi
2786 2227 3063 2295 scriptori,
3096 2228 3333 2298 quisquis
3382 2229 3575 2296 fuerit,
3624 2231 3765 2285 hunc

2185 2315 2374 2370 librum
2407 2313 2662 2385 Gregorio
2692 2315 2957 2371 tribuendi
3001 2318 3239 2385 praebere
3269 2328 3555 2387 potuerunt
3584 2320 3671 2374 illa
3704 2322 3763 2375 li-

2186 2404 2264 2459 bri
2290 2421 2304 2458 t
2336 2404 2585 2460 Historia:
2615 2405 2971 2473 Francorum,
3000 2408 3190 2477 capitis
3212 2408 3304 2473 23,
3326 2411 3484 2465 verba
3514 2428 3527 2464 :
3561 2409 3765 2465 Pilatus

2183 2506 2349 2550 autem
2376 2495 2533 2550 Gesta
2556 2497 2623 2550 ad
2652 2496 2908 2551 Tiberium
2935 2496 3186 2552 Ctesarem
3215 2500 3395 2566 mittit,
3423 2511 3469 2554 et
3498 2502 3543 2555 ei
3569 2511 3671 2555 tam
3702 2503 3766 2556 de

2183 2588 2449 2640 virtutibus
2478 2586 2698 2652 Christi,
2728 2604 2881 2658 quam
2910 2589 2972 2642 de
3010 2591 3243 2659 passione
3281 2593 3358 2644 vel
3402 2594 3768 2647 resurrectione

2184 2680 2297 2745 eius
2340 2678 2588 2731 insinuat.
2636 2678 2763 2746 Quae
2802 2690 2938 2748 gesta
2981 2680 3119 2751 apud
3162 2698 3253 2735 nos
3296 2682 3448 2737 hodie
3490 2684 3769 2737 retinentur

2182 2768 2391 2835 scripta.
2426 2765 2530 2821 Sed
2562 2777 2708 2837 gesta
2739 2767 2831 2822 illa
2862 2769 2998 2837 apud
3029 2784 3088 2824 se
3112 2770 3325 2840 quidem
3357 2771 3538 2827 haberi
3569 2770 3767 2827 fatetur

2186 2853 2504 2926 Gregorius,
2540 2873 2646 2911 non
2696 2868 2872 2913 autem
2904 2872 2935 2913 a
2978 2874 3035 2913 se
3065 2861 3180 2930 ipso
3210 2861 3405 2930 scripta
3433 2862 3578 2917 dicit.
3615 2863 3769 2918 Unde

2185 2945 2418 3000 nondum
2448 2947 2585 3002 inter
2615 2947 2756 3003 illius
2798 2964 2957 3019 opera
3003 2949 3178 3005 lacum
3221 2952 3477 3021 habuere,
3509 2969 3607 3009 nec
3639 2969 3770 3009 vero

2186 3038 2385 3094 habere
2412 3039 2625 3095 debent.

2257 3152 2345 3205 77.
2387 3150 2604 3208 Librum
2633 3152 2701 3209 de
2726 3152 2995 3210 Miraculis
3023 3156 3195 3212 sancti
3224 3156 3452 3215 Andreae
3482 3160 3582 3215 sub
3627 3160 3767 3218 Gre-

502 3242 656 3297 sent,
691 3231 862 3287 Vossii
894 3233 1067 3286 locum
1098 3245 1164 3285 ex
1195 3231 1330 3285 libro
1355 3231 1424 3285 de
1465 3230 1746 3285 ΙΙῘδῑοΓῘοίΒ
1778 3231 1960 3286 latinis
1986 3246 2079 3286 ex—
2108 3238 2153 3300 C
2184 3244 2317 3314 θοι·ίί
2348 3243 2677 3301 Turonensis
2702 3246 2922 3302 nomine
2951 3247 3251 3304 invenimus
3282 3249 3547 3323 inrcodice
3577 3253 3770 3308 bibiio-

505 3322 860 3391 scripserunt.
888 3322 956 3375 At
984 3320 1202 3375 Vossius
1228 3322 1390 3374 vitam
1413 3322 1593 3396 sancti
1611 3319 1813 3375 Nicolai
1848 3337 1952 3376 non
1981 3322 2079 3375 ba-

500 3412 618 3477 bet,
648 3412 739 3467 sed
764 3411 955 3467 Nieetii
980 3426 1141 3481 quam
1173 3411 1569 3467 Sammartltani
1590 3411 1863 3465 omittunt.

576 3524 666 3580 75.
707 3524 921 3579 Librum
959 3525 1117 3579 etiam
1164 3523 1233 3578 de
1271 3523 1598 3578 Mirabilibus
1627 3523 1795 3578 sancti
1844 3520 2082 3577 Medardi

508 3616 822 3685 inscriptum
871 3614 1011 3670 inter
1055 3614 1296 3683 Gregorii
1346 3615 1516 3668 nostri
1566 3628 1732 3682 Opera
1762 3628 2082 3670 recensuere

507 3706 725 3761 Barrius
748 3716 928 3760 auctor
954 3705 1199 3760 Historia:
1226 3703 1543 3759 Christianae
1568 3715 1805 3759 veterum
1831 3704 2042 3758 Patrum
2063 3744 2080 3770 ,

507 3796 745 3864 Dignius,
777 3794 1121 3851 Colonienses
1153 3804 1208 3849 et
1253 3796 1376 3859 alii,
1424 3809 1559 3864 quos
1601 3804 1816 3849 secutus
1857 3804 1940 3851 est
1978 3795 2083 3851 Ge-

506 3886 702 3942 rardus
728 3887 961 3942 Joannes
993 3887 1210 3942 Vossius
1238 3886 1376 3942 libro
1400 3903 1433 3941 ll
1461 3888 1527 3941 de
1550 3886 1827 3943 Historicis
1856 3888 2081 3955 Latinis,

508 3987 561 4030 et
583 3976 671 4032 alii
696 3978 957 4043 nonnulli,
982 3978 1052 4033 ob
1073 3979 1231 4042 hunc,
1260 3980 1331 4032 uti
1355 3978 1567 4033 Cointio
1589 3978 1812 4044 videtur,
1839 3978 2081 4049 Gregorii

506 4066 684 4122 locum
712 4084 778 4124 ex
822 4068 959 4123 libro
1000 4069 1066 4123 de
1096 4068 1273 4123 Gloria
1318 4066 1699 4124 Confessnrum
1721 4112 1736 4136 ,
1768 4071 1942 4138 capite
1988 4069 2080 4138 95,

510 4157 603 4211 ubi
623 4158 690 4211 de
718 4168 903 4212 saneto
933 4157 1183 4212 Medardo
1208 4160 1282 4213 ait
1307 4177 1321 4213 :
1357 4159 1482 4213 Post
1504 4163 1750 4233 scriptum
1771 4162 1833 4215 de
1864 4160 2083 4215 Mirabi-

512 4246 643 4299 libus
687 4246 796 4314 ejus
842 4245 1029 4299 librum
1071 4247 1255 4298 mulier
1303 4251 1575 4315 quietiam,
1622 4259 1764 4314 etc.;
1815 4265 1974 4319 quem
2016 4251 2082 4305 li-

514 4336 669 4389 brum
719 4336 789 4389 ob
838 4337 887 4390 id
940 4337 1204 4405 praecipue
1258 4338 1517 4406 Gregorio
1566 4341 1899 4407 tribuerunt,
1944 4342 2083 4410 quod

512 4427 651 4481 alius
681 4426 837 4480 fuerit
862 4427 927 4481 ab
953 4427 1190 4495 ejusdem
1218 4430 1387 4482 sancti
1420 4429 1557 4495 Vita,
1588 4445 1743 4499 quam
1767 4429 2086 4485 Fortunatus

511 4515 750 4583 scripsit.
784 4516 907 4571 llaec
946 4519 1090 4572 enim
1125 4519 1240 4573 Vita
1272 4535 1377 4574 non
1410 4520 1511 4575 nisi
1544 4530 1663 4589 post
1705 4521 1943 4590 Gregorii
1970 4522 2085 4577 obi-

2185 3335 2352 3390 tbeca:
2374 3345 2572 3392 nostra:
2593 3338 2764 3393 sancti
2787 3338 3040 3395 Germani
3065 3356 3095 3395 a
3116 3340 3310 3412 Pratis,
3336 3342 3405 3399 ab
3430 3344 3585 3399 annis
3606 3346 3769 3401 circi-

2183 3435 2263 3481 ter
2291 3429 2557 3483 sexcentis
2585 3431 2784 3499 scripto
2810 3447 2825 3485 :
2856 3433 2949 3500 qui
2983 3432 3119 3489 liber
3146 3434 3198 3488 in
3222 3434 3344 3489 aliis
3374 3451 3585 3506 quoque
3612 3437 3771 3492 codi-

2181 3516 2332 3573 cibus
2364 3517 2608 3589 babetur,
2635 3521 2730 3575 sed
2755 3521 2955 3592 absque
2978 3521 3219 3596 Gregorii
3252 3526 3575 3595 praefatione.
3607 3527 3760 3584 lianc

2182 3617 2357 3663 autem
2383 3610 2768 3679 prmfationem,
2793 3614 2931 3668 sicut
2952 3624 3005 3669 et
3027 3615 3244 3671 brevem
3271 3619 3448 3687 operis
3468 3620 3765 3691 epilogum,

2182 3696 2423 3767 Gregortt
2447 3700 2607 3755 fetum
2628 3716 2746 3756 esse
2763 3705 2884 3774 styli
2903 3713 2958 3758 et
2974 3706 3243 3762 scribendi
3261 3710 3398 3764 ratio
3422 3710 3503 3765 vix
3524 3711 3771 3767 dubitare

2182 3789 2392 3845 sinunt:
2421 3792 2521 3845 etsi
2550 3791 2706 3860 hujus
2732 3792 2853 3847 libri
2882 3795 3080 3850 nullam
3107 3797 3158 3851 in
3180 3811 3401 3866 operum
3430 3812 3647 3854 suorum
3676 3815 3769 3856 ca-

2185 3880 2358 3951 talogo
2383 3883 2566 3938 fecerit
2592 3886 2938 3941 mentionem.
2964 3888 3150 3960 Neque
3172 3890 3223 3945 id
3249 3892 3441 3947 mirum
3467 3892 3632 3948 videri
3657 3895 3761 3949 de-

2184 3973 2295 4040 bet,
2316 3975 2361 4029 si
2381 3975 2593 4045 quidem
2614 3992 2712 4032 nec
2734 3977 2926 4033 librum
2947 3980 3017 4035 ibi
3035 3983 3304 4038 recensuit
3325 3984 3600 4039 Missarum
3619 3986 3774 4055 Apol-

2184 4062 2370 4119 linaris
2398 4065 2635 4133 Sidonii,
2663 4069 2748 4123 cui
2778 4070 2909 4123 alias
2940 4085 2998 4126 se
3048 4072 3410 4141 praefationem
3459 4076 3771 4146 adjunxisse

2188 4170 2484 4227 memorat;
2512 4176 2610 4216 nec
2631 4161 2931 4232 passionem
2958 4172 3162 4231 septem
3189 4165 3575 4221 Dormientium
3594 4168 3773 4236 Ephe-

2185 4250 2423 4304 sinorum
2442 4291 2458 4316 ,
2482 4266 2639 4321 quam
2667 4266 2698 4307 e
2728 4249 2914 4308 Grmco
2944 4254 2996 4309 in
3029 4254 3273 4311 Latinum
3301 4272 3332 4311 a
3361 4273 3421 4313 se
3457 4260 3773 4315 translatam

2172 4340 2349 4394 'fuisse
2371 4340 2597 4408 ipsemet
2618 4343 2743 4397 alibi
2771 4352 3010 4400 testatur.
3033 4347 3201 4401 Porro
3226 4347 3593 4417 pratfationem
3622 4349 3768 4405 illam

2187 4439 2242 4484 et
2267 4430 2535 4501 epilogum
2566 4433 2618 4486 in
2649 4433 2896 4489 Miracula
2925 4437 3095 4491 sancti
3126 4437 3353 4493 Andreae
3377 4438 3623 4493 dabimus
3643 4454 3768 4497 cum

2188 4520 2549 4590 capitulorum
2573 4522 2744 4578 iudice
2771 4534 2826 4579 et
2846 4526 3047 4595 aliquot
3074 4528 3335 4596 capitibus
3355 4542 3473 4598 quae
3494 4528 3635 4584 edita
3661 4544 3771 4589 non

512 4615 625 4661 tum
652 4607 915 4673 edilapst.
948 4607 1019 4663 lbi
1042 4610 1237 4679 quippe
1262 4613 1494 4667 lectores
1518 4610 1834 4665 Fortunatus
1862 4612 2080 4683 ittvitatj,
2114 4608 2163 4667 υ
2188 4625 2341 4681 sunt,
2374 4630 2479 4670 non
2506 4627 2683 4672 autem
2714 4618 2906 4674 librum
2935 4619 3143 4688 ipsum,
3176 4621 3267 4691 qui
3297 4621 3431 4676 alius
3464 4636 3569 4676 non
3595 4630 3677 4676 est
3697 4620 3766 4679 ab

512 4708 570 4752 ut
603 4713 699 4768 pro
720 4699 1105 4766 Theodeberti,
1132 4704 1326 4767 inquit,
1354 4705 1485 4774 regis
1515 4705 1699 4769 nostri,
1729 4704 2085 4760 incolumitate

516 4800 702 4857 preces
743 4788 1011 4843 effundant
1039 4807 1051 4841 :
1086 4791 1173 4859 qui
1205 4792 1625 4859 Tlteodebertus,
1660 4808 1764 4847 non
1810 4793 1909 4847 nisi
1956 4792 2085 4849 Gre-

513 4879 665 4947 gorio
690 4878 802 4949 jam
833 4880 1107 4944 defuncto,
1140 4882 1274 4950 patri
1306 4896 1404 4937 suo
1428 4883 1769 4939 Childeberto
1802 4884 1843 4937 ll
1872 4900 2084 4940 succes-

511 4970 603 5023 sit.
634 4968 831 5025 Verum
854 4971 952 5025 etsi
984 4971 1176 5026 librum
1200 4972 1267 5027 de
1292 4984 1479 5031 sancto
1507 4975 1759 5029 Medardo
1777 4989 1806 5027 a
1831 4975 2084 5044 Gregorio

511 5058 787 5114 laudatum
820 5059 1091 5117 Fortunati
1124 5060 1293 5117 fetum
1321 5078 1428 5119 non
1457 5078 1576 5121 esse
1606 5066 1915 5132 fateremur,
1947 5065 2084 5120 baud

510 5158 692 5205 tamen
724 5151 847 5207 inde
872 5152 1294 5208 concludendum
1325 5166 1463 5211 esset
1492 5170 1615 5211 eum
1641 5173 1672 5210 a
1690 5157 1946 5225 Gregorio
1975 5156 2089 5213 edi-

512 5247 623 5292 tum
657 5240 841 5297 fuisse.
869 5242 988 5313 Non
1016 5243 1160 5300 enim
1189 5244 1239 5298 id
1272 5246 1497 5313 probant
1539 5246 1780 5317 Gregorii
1809 5248 1969 5303 verba
1998 5262 2087 5302 su—

514 5332 695 5397 perius
722 5335 886 5389 relata
906 5376 924 5402 ,
952 5351 1073 5392 cum
1105 5338 1176 5393 ibi
1218 5338 1405 5395 librum
1448 5340 1663 5411 quidem
1695 5342 1903 5411 laudet,
1934 5343 2027 5398 sed
2057 5360 2086 5397 a

490 5432 575 5489 se
614 5423 869 5491 scriptum
899 5439 1004 5480 non
1048 5427 1192 5483 dicat
1224 5447 1237 5484 :
1267 5432 1405 5500 quod
1448 5441 1625 5488 tamen
1665 5434 1862 5502 passim
1914 5434 2089 5490 facere

514 5509 683 5578 solet,
710 5527 832 5571 cum
866 5517 1124 5585 opuscula
1149 5533 1249 5573 sua
1276 5533 1680 5578 commemorat.
1715 5523 1866 5593 llunc
1894 5524 2085 5578 librum

515 5605 587 5658 ab
617 5606 735 5675 ipsa
757 5610 981 5667 muliere
1023 5616 1376 5683 compositum
1421 5617 1608 5684 fuisse,
1638 5634 1757 5686 qua:
1788 5618 1857 5672 ibi
1906 5628 2088 5672 sanata

516 5693 707 5749 dicitur
735 5713 766 5752 a
801 5698 1059 5770 Gregorio
1080 5704 1321 5761 Coinlius
1360 5708 1655 5763 contendit.
1680 5710 1748 5762 At
1792 5723 1912 5762 cum
1962 5707 2087 5761 illud

518 5795 676 5849 opus,
708 5788 805 5844 sia
835 5789 1108 5851 Fortunati
1138 5796 1274 5853 libro
1301 5798 1676 5866 distinguatur,
1707 5814 1964 5867 nusquam
1990 5815 2089 5855 cx-

2190 4706 2496 4776 apoerypha
2524 4706 2679 4773 hujus
2700 4710 2868 4765 sancti
2897 4710 3038 4777 Vita,
3062 4725 3181 4779 qua:
3208 4711 3366 4783 vulgo
3386 4710 3569 4768 Abdite
3598 4710 3773 4787 Baby-

2194 4797 2367 4852 lonico
2396 4798 2551 4854 tribui
2581 4799 2738 4855 solet.

2263 4889 2351 4944 78.
2394 4889 2539 4944 Haud
2573 4891 2722 4959 plura
2753 4890 2926 4947 dicam
2959 4891 3026 4947 de
3056 4893 3302 4962 passione
3332 4893 3506 4949 sancti
3534 4892 3771 4959 Juliani,

2191 4996 2350 5050 quam
2375 4981 2426 5034 in
2454 4983 2721 5036 nonnullis
2743 4966 3014 5037 codicibus
3040 4984 3254 5052 scriptis
3278 4985 3580 5039 invenimus
3609 4983 3767 5050 libro,

2195 5071 2286 5141 qui
2326 5070 2391 5125 de
2434 5070 2671 5140 ejusdem
2719 5072 2893 5126 sancti
2922 5073 3189 5127 Miraculis
3227 5089 3256 5126 a
3305 5082 3487 5128 nostro
3515 5074 3772 5144 Gregorio

2195 5160 2425 5230 scriptus
2454 5172 2568 5229 est,
2601 5164 2887 5227 insertam,
2924 5165 2989 5221 ab
3020 5165 3135 5234 ipso
3166 5166 3443 5235 Gregorio,
3476 5182 3543 5220 an
3571 5168 3638 5220 ab
3666 5167 3774 5222 alio

2193 5253 2402 5321 quovis,
2428 5251 2667 5307 divinare
2689 5268 2795 5308 non
2825 5254 2971 5310 licet.
3000 5258 3167 5311 Erunt
3193 5257 3439 5323 fortasse,
3465 5259 3554 5328 qui
3577 5258 3779 5328 ipsam-

2194 5354 2303 5399 met
2331 5345 2637 5400 Passionem
2668 5346 2907 5417 Gregorii
2941 5351 3103 5403 fetum
3138 5365 3257 5405 esse
3288 5360 3493 5419 putent.
3520 5350 3590 5404 At
3616 5366 3777 5404 nemo

2194 5435 2295 5489 sibi
2324 5434 2475 5489 facile
2507 5440 2834 5504 persuaserit
2862 5440 2998 5494 hanc
3032 5440 3261 5509 primum
3293 5457 3322 5495 a
3352 5441 3609 5509 Gregorio
3637 5441 3776 5495 scri-

2168 5534 2370 5601 'ptam,
2403 5537 2455 5580 et
2495 5528 2561 5581 ab
2603 5529 2695 5583 illo
2737 5530 2852 5598 ipso
2883 5531 3261 5586 miraculorum
3306 5531 3601 5587 narrationi
3633 5547 3776 5601 prte-

2196 5619 2443 5685 missam,
2472 5635 2500 5673 a
2530 5623 2753 5680 posteris
2778 5639 2902 5677 vero
2925 5624 3217 5681 detractam
3246 5628 3443 5695 fuisse;
3469 5645 3591 5684 cum
3617 5644 3779 5685 econ-

2199 5712 2362 5763 trario
2395 5713 2562 5765 multo
2594 5714 2938 5767 verisimilius
2985 5719 3056 5770 sit
3092 5734 3207 5771 eam
3241 5719 3611 5773 Miraculorum
3643 5720 3778 5773 libro

2196 5800 2502 5869 adiunctam
2533 5802 2716 5869 fuisse,
2749 5813 2805 5859 ut
2845 5805 2999 5862 simul
3030 5820 3313 5879 utrumque
3343 5810 3395 5867 in
3438 5812 3605 5867 Sancti
3638 5813 3779 5867 itar-
