4086 6328
304 244 396 308 '65
1748 242 2121 305 PREFATIO
3528 246 3599 306 66

328 369 465 436 tyris
493 366 782 420 festmtate
817 365 923 433 legi
952 372 1156 434 posset.
1186 362 1242 420 Si
1272 360 1396 433 quis
1420 348 1599 417 tamen
1629 374 1683 417 to
1712 363 1781 416 ab
1807 362 1924 431 ipso
1954 367 2001 425 Α
2028 369 2167 430 gata:
2196 353 2319 414 sunt
2339 354 2357 424 ,⁷
2391 362 2484 414 cas
2524 375 2550 411 a
2599 352 2856 429 Gregorio
2900 376 3005 414 non
3048 374 3327 416 censemus
3375 363 3602 435 scriptas

328 459 587 528 Gregorio
617 457 812 511 factum
847 459 1008 511 luisse
1052 457 1210 520 dicat,
1246 468 1351 509 non
1384 455 1607 508 multum
1640 453 1918 525 refragra-

326 548 450 606 bur.
484 548 895 603 Praefatiuncula
926 549 1124 616 quippe
1156 549 1254 617 ipsi
1296 548 1513 615 praefixa
1541 546 1783 615 Gregorii
1812 556 1923 617 sty-

328 643 437 695 Ium
465 642 639 709 sapit;
665 656 831 709 quare
856 640 1046 694 librum
1075 642 1278 709 absque
1300 640 1387 694 illa
1414 640 1662 708 passione
1683 654 1781 692 suo
1804 640 1921 693 loco

322 732 589 789 exhibere
619 733 789 786 visum
817 744 936 796 est,
968 732 1043 785 uti
1096 730 1149 784 in
1199 731 1467 800 plerisque
1514 730 1727 799 scriptis
1772 739 1827 784 et
1869 729 1920 782 in

323 821 581 875 omnibus
602 820 763 874 editis
792 819 1045 884 habetur;
1072 820 1374 888 passionem
1398 830 1579 873 autem
1609 820 1774 887 ipsam
1799 833 1920 872 cum

329 911 569 981 ejusdem
596 912 713 964 libri
745 910 920 978 initio,
948 922 1104 980 prout
1123 912 1212 965 alii
1239 910 1456 965 codices
1478 909 1663 979 scripti
1690 909 1919 975 habent,

331 1012 453 1070 post
480 1012 677 1056 canera
703 1001 950 1069 Gregorii
979 1015 1144 1069 Opera
1178 1000 1534 1070 proferemus.

405 1093 495 1146 79.
538 1093 824 1147 llistoriam
856 1102 1065 1161 septem
1098 1092 1483 1146 Dormientium
1512 1091 1564 1145 in
1596 1089 1781 1161 Maiori
1810 1102 1924 1145 mo-

339 1186 576 1239 nasterio
605 1186 996 1253 quiescentium
1016 1224 1032 1250 ,
1065 1192 1264 1253 printer
1293 1180 1466 1237 editos
1513 1183 1752 1237 tribuunt
1790 1182 1925 1237 Gre-

334 1280 491 1344 gorio
537 1278 779 1332 nennulli
818 1277 1033 1332 codices
1077 1275 1263 1344 scripti
1294 1288 1428 1344 quos
1478 1275 1728 1328 vidimus.
1768 1273 1926 1327 Certe

339 1367 482 1421 hunc
530 1368 726 1421 librum
769 1366 908 1420 inter
949 1366 1157 1420 sincera
1208 1363 1451 1433 Gregorii
1499 1378 1660 1433 opera
1710 1364 1926 1418 admisit

331 1457 611 1512 Atbericus
649 1456 947 1511 monachus
975 1456 1159 1511 Trium
1210 1456 1455 1509 Pontium
1490 1456 1543 1510 in
1588 1454 1915 1523 Campania,

330 1551 419 1616 qui
453 1550 505 1602 in
531 1549 799 1605 Chronico
821 1548 888 1601 ad
911 1562 1110 1601 annum
1135 1548 1239 1602 519
1261 1547 1480 1612 scribit,
1511 1548 1675 1600 sancti
1706 1547 1923 1600 Martini

331 1641 676 1710 genealogiam
705 1658 736 1691 ιι
764 1636 1012 1708 Gregorio
1041 1637 1325 1692 Turonensi
1356 1639 1569 1692 breviter
1599 1638 1925 1707 comprehen-

2026 451 2217 517 fuisse,
2245 450 2339 504 sed
2374 454 2598 504 fortasse
2627 451 2928 517 recognitas
2963 451 3304 506 solummodo
3329 462 3381 508 et
3415 468 3602 508 einen-

2022 541 2197 595 datas.
2224 541 2278 595 Id
2309 540 2507 595 diserte
2539 541 2697 596 habet
2726 541 2952 609 epistola
2981 542 3083 596 sub
3103 541 3344 611 Gregorii
3378 544 3596 599 nomine

2028 633 2160 689 Vitta
2190 634 2357 687 sancti
2390 633 2613 687 Hanrilii
2646 634 2860 702 prmiixa
2883 675 2898 698 ,
2930 649 3091 703 quam
3119 635 3183 688 ad
3208 636 3411 689 calcem
3444 636 3601 704 hujus

2027 726 2310 780 voluminis
2335 727 2620 781 dabimus:
2651 726 2739 780 ubi
2774 725 3062 796 Gregorius
3082 768 3096 790 ,
3128 728 3172 781 si
3196 737 3371 782 tamen
3393 738 3598 783 certum

2024 817 2095 870 sit
2126 819 2297 887 ipsum
2327 817 2484 886 hujus
2513 818 2758 887 epistolas
2780 817 2943 873 fuisse
2972 829 3265 881 auctorem,
3295 829 3516 874 testatur
3541 834 3602 874 se

2026 904 2310 960 beatorum
2343 906 2521 961 Albini
2545 917 2600 962 et
2631 906 2855 962 Maurilii
2891 907 3039 964 Vitas
3083 923 3111 962 a
3156 910 3443 965 Fortunato
3472 913 3605 965 scri-

2027 1006 2145 1065 ptas
2172 999 2525 1063 emendasse,
2568 1014 2689 1069 quae
2717 1001 3041 1069 scriptorum
3087 1004 3366 1057 erroribus
3406 1003 3607 1058 vitiata:

2027 1088 2256 1144 fuerant.
2289 1089 2443 1156 Quod
2461 1090 2508 1146 si
2532 1090 2851 1160 Gregorium
2876 1092 3035 1162 hujus
3061 1095 3302 1163 epistola:
3329 1105 3605 1151 auctorem

2028 1180 2194 1236 fuisse
2206 1181 2569 1248 admittamus,
2591 1184 2950 1239 necessarium
2964 1186 3169 1240 videtur
3183 1194 3242 1241 ut
3255 1188 3601 1242 Fortunatnm

2028 1270 2214 1325 barum
2231 1282 2507 1328 auctorem
2523 1275 2749 1329 vitarum
2767 1275 3153 1345 distinguamus
3166 1292 3192 1329 a
3210 1277 3469 1334 Venantio
3487 1278 3608 1334 For-

2026 1371 2215 1419 tunato
2245 1374 2397 1433 poeta
2423 1366 2644 1422 celebri.
2680 1366 2807 1421 Nam
2840 1371 2936 1423 iste
2969 1370 3138 1423 sancti
3170 1368 3421 1426 Germani
3454 1372 3606 1426 Pari-

2026 1456 2219 1511 siensis
2236 1457 2497 1527 episcOpi,
2510 1459 2598 1514 cui
2613 1459 2835 1528 epistola
2857 1474 3030 1516 nuncn
3040 1470 3158 1531 pata
3174 1473 3275 1526 est,
3298 1472 3351 1517 et
3365 1463 3609 1533 Gregorii

2029 1547 2197 1601 nostri
2226 1549 2558 1618 temporibus
2584 1549 2784 1620 ﬂoruit,
2817 1565 2881 1605 ac
2910 1553 3124 1620 utrique
3156 1555 3469 1624 supervixit.
3506 1556 3609 1622 Qui

2028 1640 2170 1694 enim
2198 1640 2309 1695 fieri
2332 1649 2529 1709 potest,
2554 1651 2611 1696 ut
2634 1642 2929 1698 Fortunato
2958 1646 3262 1713 superstite,
3285 1659 3335 1701 et
3360 1646 3608 1716 frequen-

333 1748 438 1784 sam
453 1733 630 1800 fuisse,
647 1739 807 1799 atque
818 1728 1091 1798 subjungit
1109 1730 1374 1797 ipsissima
1387 1729 1571 1793 verba,
1584 1743 1703 1795 qua:
1719 1729 1770 1781 in
1788 1728 1926 1782 libro
1960 1740 2003 1800 Β
2031 1738 2111 1784 ter
2132 1730 2355 1786 Parisiis
2371 1747 2433 1786 ac
2448 1732 2677 1787 Turonis
2694 1745 2903 1802 agente,
2920 1745 3135 1791 sanctus
3153 1736 3447 1792 Germanus
3465 1739 3613 1793 Pari-

333 1825 399 1877 de
426 1832 627 1890 septem
667 1821 1065 1874 Dormientibus
1098 1836 1159 1873 ea
1190 1819 1259 1873 de
1289 1834 1347 1874 re
1393 1818 1677 1882 habentur,
1721 1832 1925 1883 eosque

332 1924 536 1982 septem
562 1924 847 1981 germanos
876 1908 1082 1975 laudat,
1109 1924 1175 1963 ac
1203 1908 1417 1963 natuina
1445 1923 1628 1962 eorum
1658 1916 1923 1963 recenset.

332 2005 475 2059 Idem
498 2019 631 2074 opus
663 2004 873 2068 laudat,
899 2018 963 2057 ac
991 2017 1088 2071 pro
1113 2004 1323 2055 sincero
1348 1999 1591 2069 Gregorii
1623 1999 1733 2054 fetu
1765 1998 1925 2053 habet

330 2100 627 2153 monachus
655 2097 1092 2166 Sansulpicianus
1142 2097 1194 2149 in
1246 2095 1565 2165 patriarcliio
1600 2093 1920 2149 bituriceusi

334 2192 505 2260 capite
531 2191 621 2244 27.
656 2190 791 2245 Illud
840 2198 1022 2245 tamen
1067 2188 1329 2257 Gregorio
1376 2188 1650 2255 abjudicat
1678 2184 1923 2239 Cointius

337 2285 402 2337 ad
449 2300 645 2337 annum
679 2283 805 2349 595,
855 2297 1005 2337 num.
1033 2282 1124 2347 51,
1153 2280 1293 2350 quod
1338 2281 1388 2333 iu
1436 2279 1645 2348 epilogo
1686 2277 1930 2331 llistorice

338 2373 683 2445 Gregoriamn
700 2376 839 2428 inter
871 2372 1011 2427 illius
1032 2387 1194 2439 opera
1219 2387 1324 2424 non
1354 2379 1722 2431 recensentur,
1746 2382 1932 2436 quam-

338 2464 418 2517 vis
451 2479 560 2517 rem
590 2464 689 2518 sub
717 2462 887 2516 dubio
908 2459 1272 2530 proposuisset
1297 2457 1360 2510 ad
1391 2472 1593 2509 annum
1624 2454 1752 2520 591,
1780 2470 1929 2508 ιιιιιιι.

338 2556 406 2623 2,
435 2556 521 2609 ubi
552 2569 616 2609 ex
640 2552 864 2622 epistola
896 2550 1021 2604 huic
1049 2550 1228 2603 libello
1256 2547 1472 2616 prmlixa
1506 2549 1644 2599 beati
1676 2544 1893 2612 Sulpicii
1912 2583 1927 2607 ,

340 2653 424 2708 cui
458 2660 762 2719 nuncupata
792 2657 872 2703 est
893 2690 908 2716 ,
944 2648 1280 2701 sanctitatem
1312 2642 1541 2695 maxime
1567 2638 1932 2694 commendari

340 2746 577 2816 agnovit.
623 2740 1020 2810 Archiepiscopi
1068 2738 1275 2801 t.tnlus,
1315 2737 1405 2803 qui
1458 2735 1510 2786 in
1564 2735 1661 2785 ista
1706 2730 1933 2800 epistola

341 2838 583 2907 Sulpicio
617 2835 886 2899 tribuitur,
915 2840 970 2887 et
1012 2832 1064 2884 in
1116 2832 1229 2899 ipsa
1276 2828 1503 2881 Ilisturia
1551 2824 1758 2879 Briccio
1820 2824 1936 2891 epi~

344 2944 512 2999 scopo
537 2926 858 2990 'I‘urouensi,
886 2925 1156 2995 negotium
1183 2920 1422 2983 facessit,
1439 2934 1558 2972 cum
1584 2916 1806 2970 inficiari
1830 2932 1933 2968 non

350 3022 638 3091 possimus,
670 3015 1118 3084 metropolitanos
1149 3012 1202 3065 in
1231 3011 1313 3064 his
1346 3010 1585 3078 partibus
1609 3016 1734 3061 ante
1764 3021 1936 3060 saecu-

356 3114 465 3166 lum
498 3124 695 3163 nonum
717 3149 733 3174 ,
766 3116 858 3160 aut
886 3119 1156 3173 nunquam
1179 3143 1193 3166 ,
1219 3111 1310 3156 aut
1341 3099 1616 3153 rarissime
1647 3095 1934 3165 archiepis-

349 3217 513 3269 copos
542 3200 712 3254 dictos
746 3197 929 3251 fuisse.
977 3196 1195 3250 Cannae
1228 3203 1406 3246 tamen
1439 3205 1488 3243 vn
1518 3187 1741 3243 Concilii
1784 3188 1939 3241 Mall-

352 3295 628 3350 sconensis
660 3308 676 3345 ι
704 3293 976 3346 decretum
1007 3288 1257 3356 legimus,
1282 3293 1341 3338 ut
1360 3282 1788 3351 Arcltiepiscopus
1817 3280 1939 3334 abs-

354 3402 454 3454 que
498 3384 655 3453 pallio
702 3385 883 3436 missas
935 3381 1103 3432 dicere
1142 3394 1244 3430 non
1287 3383 1585 3445 prazsnmat.
1630 3372 1743 3427 Non
1783 3371 1942 3428 etiam

354 3478 696 3533 dissimulare
722 3478 880 3531 velim
903 3516 918 3540 ,
948 3474 1083 3528 hanc
1115 3471 1400 3526 Historiam
1431 3471 1480 3524 in
1509 3470 1693 3524 codice
1721 3466 1944 3538 Collegii

355 3572 640 3626 Societatis
666 3569 788 3623 Jesn
816 3568 1035 3622 Parisiis
1059 3566 1269 3628 haberi,
1297 3575 1351 3617 et
1373 3562 1585 3630 quidem
1608 3560 1751 3615 edita
1779 3561 1945 3614 multo

352 3662 632 3725 fusiorctn,
667 3663 760 3715 sed
794 3661 997 3728 abSque
1024 3658 1259 3711 auctoris
1287 3656 1523 3720 nomine,
1554 3655 1719 3707 immo
1746 3652 1947 3720 absque

348 3755 578 3823 epistola
635 3751 879 3821 Gregorii
949 3749 1187 3818 Sulpicio
1243 3745 1653 3815 nuncnpatoria.
1708 3742 1947 3798 Briceus

359 3859 483 3897 vero
502 3844 571 3896 ibi
594 3857 697 3895 non
712 3857 771 3893 ar
804 3840 1152 3908 ftiepiscopus,
1166 3836 1258 3891 sed
1276 3836 1465 3906 prtrsut
1484 3833 1807 3904 appellatur:
1827 3846 1948 3901 quae

357 3938 534 3990 omnia
559 3934 614 3989 in
635 3935 776 3987 notis
799 3947 896 3987 suo
920 3932 1037 3985 loco
1058 3931 1433 3985 observamus.
1456 3926 1661 3981 Suntet
1681 3924 1807 3990 alia,
1830 3937 1950 3991 qua:

353 4029 497 4081 torte
529 4027 581 4080 in
615 4038 895 4093 utramque
939 4031 1142 4092 partem
1170 4022 1313 4075 circa
1358 4020 1494 4074 banc
1526 4017 1947 4073 controversiam

353 4129 577 4188 possent
605 4119 794 4173 adduci
815 4156 832 4180 ,
864 4117 956 4171 sed
1002 4130 1122 4182 qua:
1159 4112 1327 4171 fusius
1360 4112 1605 4181 persequi
1638 4124 1745 4163 non
1776 4115 1946 4161 vacat.

362 4210 493 4264 Illud
523 4209 864 4262 solummodo
894 4204 1169 4259 observari
1200 4202 1393 4265 velim,
1423 4199 1563 4271 quod
1592 4197 1695 4253 etsi
1722 4195 1951 4266 epistola

361 4304 509 4372 operi
544 4302 760 4370 praeﬁxa
787 4297 1045 4366 Gregorio
1070 4297 1352 4361 tribuatur,
1381 4308 1487 4348 uon
1520 4291 1643 4347 inde
1664 4300 1841 4345 tamen
1872 4287 1955 4342 in-

362 4400 641 4454 ferendum
675 4397 965 4451 Ilistoriam
992 4394 1163 4465 ipsam
1180 4393 1357 4462 abiillo
1379 4392 1567 4448 eodem
1594 4399 1812 4445 auctore
1829 4403 1953 4443 cou-

2027 1822 2229 1875 siorum
2257 1821 2547 1892 episcopus
2573 1822 2888 1890 Gregorium
2911 1825 3277 1881 'I‘uronensem
3310 1827 3617 1882 invitaverit

2027 1911 2096 1965 ad
2123 1913 2497 1981 expurgandus
2518 1928 2548 1967 a
2578 1914 2899 1984 scriptorum
2928 1917 3071 1971 vitiis
3098 1929 3403 1972 sanctorum
3440 1918 3614 1983 Vitas,

2029 2018 2160 2072 quas
2190 2004 2303 2070 ipse
2336 2004 2662 2061 Fortunatus
2705 2007 2915 2061 illarum
2949 2019 3156 2074 auctor,
3182 2011 3270 2080 qui
3302 2025 3483 2065 coram
3514 2011 3615 2066 ad-

2027 2102 2166 2157 erat,
2196 2106 2250 2148 et
2275 2096 2551 2165 utriusque
2577 2096 2835 2151 antistitis
2865 2100 3068 2153 amicus
3092 2108 3148 2154 et
3174 2100 3464 2169 discipulus
3487 2116 3614 2156 cen-

2029 2187 2267 2252 sebatnr,
2285 2188 2491 2241 facilius
2512 2190 2889 2244 emendasset?
2917 2190 3266 2246 Fortunatam
3296 2208 3426 2247 vero
3447 2194 3614 2248 alium

2029 2291 2060 2330 a
2096 2277 2354 2333 Venantio
2388 2289 2540 2348 poeta
2569 2283 2842 2337 exstitisse
2875 2299 2980 2337 non
3028 2285 3163 2339 levia
3203 2286 3430 2354 probant
3459 2301 3616 2355 argui

2033 2381 2250 2435 menta,
2282 2388 2402 2442 qua;
2446 2373 2534 2430 hic
2579 2377 2825 2446 persequi
2877 2378 3045 2433 nostri
3099 2393 3201 2432 non
3238 2388 3320 2434 est
3367 2378 3615 2434 instituti.

2032 2462 2300 2519 Castorum
2332 2468 2433 2521 etsi
2464 2478 2740 2523 constaret
2782 2470 2923 2524 beati
2952 2471 3180 2525 Maurilii
3217 2472 3388 2526 Vitam
3423 2487 3451 2525 a
3478 2470 3617 2527 Gre-

2045 2560 2201 2626 gorio
2228 2559 2528 2616 Turonensi
2571 2562 2858 2632 aliquando
2886 2564 3223 2619 emendatam
3257 2564 3446 2633 fuisse,
3477 2565 3643 2635 hanc_

2039 2659 2216 2704 tamen
2244 2668 2349 2706 non
2384 2653 2554 2720 ipsam
2582 2668 2703 2709 esse
2733 2656 3136 2721 contendimus,
3165 2671 3284 2725 qua:
3313 2656 3470 2725 vulgo
3510 2654 3621 2710 cir-

2037 2741 2334 2797 cumfertur
2362 2746 2414 2797 in
2450 2745 2600 2799 libris
2627 2747 2790 2800 editis
2815 2757 2868 2802 et
2899 2747 3169 2802 nonnullis
3210 2746 3622 2816 manuscriptis,

2040 2834 2165 2888 licet
2188 2835 2237 2889 ei
2271 2836 2545 2904 praemissa
2588 2839 2795 2906 legatur
2837 2838 3080 2907 Gregorii
3131 2839 3376 2908 epistula.
3409 2838 3621 2894 Etenim

2042 2925 2201 2996 hujus
2232 2928 2476 2996 epistola:
2502 2942 2689 2981 anetor
2718 2928 2896 2983 Vitam
2944 2930 3086 2983 illam
3134 2930 3203 2984 ob
3236 2931 3285 2984 id
3324 2945 3383 2985 se
3411 2931 3628 2999 putissi-

2045 3034 2188 3071 mnm
2214 3019 2600 3073 emendandum
2622 3022 2925 3089 suscepisse
2950 3021 3100 3084 dicit,
3126 3031 3183 3075 ut
3209 3022 3483 3089 complura
3505 3037 3626 3091 qum

1969 3123 2015 3185 (ς
2047 3110 2379 3164 incredibilia
2431 3111 2614 3165 multis
2655 3112 2984 3178 viderentur,
3027 3126 3093 3167 ex
3133 3127 3196 3167 ea
3233 3122 3522 3167 reserarat.
3553 3111 3629 3168 Ex

2045 3204 2237 3272 quibus
2262 3201 2505 3272 pri-lecto
2537 3204 2725 3258 Renati
2751 3220 2778 3256 a
2807 3204 3093 3272 septennio
3116 3203 3354 3258 defuncti
3393 3203 3630 3259 resusci-

2047 3297 2176 3350 tatio
2202 3296 2409 3351 censeri
2442 3296 2719 3351 debuerat.
2757 3296 2821 3350 Et
2853 3306 3030 3351 tamen
3060 3297 3111 3351 in
3142 3297 3253 3365 ipsa
3287 3297 3403 3351 Vita
3425 3338 3440 3361 ,
3466 3298 3632 3351 mira-

2044 3388 2224 3442 culum
2279 3386 2418 3440 ismd
2461 3402 2489 3440 a
2518 3386 2843 3452 Fortunato,
2878 3396 2934 3442 ut
2978 3388 3048 3443 ibi
3096 3388 3311 3453 dicitur,
3345 3389 3632 3454 omissum,

2046 3476 2259 3533 caneris
2278 3479 2585 3547 adiunctum
2611 3480 2822 3549 legitur.
2850 3479 2993 3533 ldem
3010 3480 3307 3533 evincimus
3327 3494 3392 3532 ex
3417 3479 3629 3533 duobus

2047 3570 2326 3625 COdIt‘IblIS
2365 3571 2743 3638 manuscriptis
2768 3614 2784 3638 ,
2836 3554 2941 3624 uno
2986 3571 3191 3626 scilicet
3224 3569 3638 3626 Vindocinensis

2050 3664 2365 3717 monasterii
2413 3663 2482 3717 ab
2524 3664 2682 3717 annis
2712 3664 2931 3719 circiter
2964 3661 3071 3719 600
3097 3673 3353 3730 exarato,
3385 3674 3439 3719 et
3466 3664 3641 3718 altero
3698 3684 3705 3693 ί

2049 3767 2246 3810 ηοω-ω
2276 3758 2446 3810 sancti
2491 3756 2742 3811 Germani
2789 3772 2819 3809 a
2863 3756 3039 3810 Pratis
3067 3757 3432 3822 bibliotheca},
3462 3771 3634 3811 anno-

2050 3862 2166 3901 rum
2197 3844 2322 3908 500.
2353 3847 2440 3902 ubi
2468 3856 2589 3916 post
2616 3848 2947 3916 praemissam
2972 3845 3210 3914 Gregorii
3240 3846 3551 3914 epistolam,
3580 3852 3638 3899 et

2050 3936 2377 4004 descriptum
2412 3937 2547 3992 Vita:
2590 3937 2758 4005 ipsius
2802 3935 3168 4003 capitulorum
3198 3935 3429 3990 indicem
3452 3973 3468 3998 ,
3502 3936 3638 3989 hanc

2046 4028 2198 4098 jussu
2228 4028 2487 4082 ltainonis
2507 4068 2521 4092 ,
2556 4029 2647 4095 qui
2683 4028 2732 4080 in
2759 4028 3008 4097 catalogo
3039 4028 3417 4097 episcoporum
3464 4027 3645 4082 Ande-

2051 4121 2361 4176 cavensium
2403 4130 2646 4190 tempore
2691 4120 2909 4176 Eusebii
2958 4121 3205 4190 Episcopi
3248 4121 3450 4188 scripto
3497 4135 3645 4174 xxxv

2054 4223 2407 4279 recensetur,
2454 4214 2712 4282 scriptam
2765 4212 2930 4268 fuisse
2989 4213 3239 4283 legimus,
3292 4212 3377 4266 his
3422 4212 3648 4266 verbis:

2059 4304 2224 4358 Raino
2244 4304 2504 4373 quondam
2531 4306 2695 4357 sancti
2721 4302 2941 4357 Martini
2967 4305 3299 4373 quotidianus
3328 4302 3638 4372 discipulus,

2052 4406 2102 4449 et
2126 4410 2323 4463 semper
2349 4398 2647 4461 cononicus,
2680 4412 2741 4449 ac
2762 4405 2875 4466 post
2905 4396 3163 4449 modicum
3196 4404 3390 4449 sancta:
3411 4395 3647 4448 Andeca-

358 4494 619 4561 scriptam
651 4490 814 4543 fuisse
842 4506 857 4542 :
889 4502 1011 4541 cum
1060 4483 1366 4541 econtrario
1416 4483 1672 4550 Epistolis:
1717 4482 1950 4549 εετίριοι·
1981 4490 2029 4549 D
2054 4488 2215 4541 ttenst's
2244 4486 2733 4541 Ecclesiwexinitio
2748 4485 3150 4541 Christianitatis
3171 4502 3337 4542 χχχιιι
3365 4485 3458 4556 (al.
3477 4487 3646 4552 xxxv)

361 4587 578 4641 disertis
622 4585 800 4639 verbis
844 4591 1082 4644 asserat,
1125 4594 1185 4634 se
1230 4579 1365 4632 hanc
1411 4578 1773 4631 narrationem
1814 4573 1952 4643 apud

365 4679 533 4746 Maius
572 4673 952 4729 monasterium
1000 4670 1291 4732 invenisse,
1318 4682 1546 4738 eamque
1592 4665 1955 4734 transcriptum

365 4773 629 4839 Sulpicio,
664 4768 740 4823 uti
772 4766 1031 4837 petierat,
1061 4762 1380 4819 destinasse.

439 4866 529 4919 80.
565 4863 800 4917 Ilabetur
829 4860 883 4914 in
904 4857 1091 4913 codice
1120 4854 1430 4911 monasterii
1462 4852 1869 4911 Patriciacensis
1891 4850 1960 4904 ab

367 4954 526 5009 annis
566 4953 675 5008 800
715 4952 917 5020 scripto
950 4948 1067 5005 Vita
1111 4948 1284 5002 sancti
1334 4946 1513 5002 Albini
1552 4944 1957 4999 Andecavorum

364 5045 605 5115 episcopi
634 5060 756 5099 cum
784 5046 886 5098 hac
911 5042 1150 5098 clausula
1182 5042 1233 5095 in
1263 5041 1388 5103 line,
1422 5040 1653 5107 Explicit
1692 5037 1806 5092 Vita
1826 5036 1961 5091 beati

369 5142 544 5197 Albini
567 5142 849 5211 composita
868 5155 901 5191 a
928 5140 1076 5192 beato
1104 5134 1354 5204 Gregorio
1382 5133 1657 5186 Turonica:
1689 5130 1826 5185 urbis
1852 5131 1962 5197 epi-

371 5248 550 5304 scopo.
579 5232 632 5286 In
662 5230 936 5286 codicibus
964 5242 1091 5282 vero
1118 5224 1545 5294 quamplurimis,
1579 5222 1788 5278 scilicet
1814 5220 1962 5276 Rhe-

374 5327 577 5383 mensis
608 5324 893 5387 Ecclesiae,
920 5321 1089 5375 sancti
1114 5316 1368 5373 Germani
1405 5330 1435 5368 a
1468 5314 1679 5379 Pratis,
1709 5312 1963 5368 Vindoci-

374 5417 547 5483 nensi,
580 5415 743 5484 regite
769 5411 1137 5472 Bibliothecm,
1167 5415 1224 5464 et
1253 5405 1372 5460 aliis
1400 5405 1696 5469 nonnullis,
1727 5402 1964 5458 occurrit

380 5508 495 5562 Vita
535 5507 709 5562 sancti
753 5502 1014 5567 Maurilii,
1061 5502 1186 5556 item
1241 5498 1637 5554 Andecavensis
1682 5496 1960 5564 episcopi,

372 5601 638 5672 Gregorio
658 5608 849 5655 nostro
877 5597 1081 5666 pariter
1110 5594 1364 5649 attributa
1393 5609 1406 5645 :
1439 5591 1536 5647 sed
1568 5604 1688 5644 cum
1720 5590 1802 5642 Ita:
1832 5587 1963 5641 Vita:

374 5694 496 5750 alite
523 5707 630 5763 non
652 5699 779 5747 sunt
807 5689 876 5746 ab
904 5688 991 5756 iis,
1017 5702 1135 5758 quae
1158 5686 1258 5743 sub
1290 5683 1569 5740 Fortunati
1601 5680 1816 5737 nomine
1848 5679 1964 5736 vul-

2057 4576 2270 4632 humilis
2298 4579 2586 4647 episcopus,
2603 4578 2664 4632 ob
2687 4580 2928 4633 honorem
2947 4579 3301 4649 omnipotentis
3322 4577 3414 4632 Dei
3440 4593 3533 4632 nec
3553 4594 3653 4633 non

2059 4680 2106 4725 et
2127 4672 2355 4738 ejusdem
2376 4671 2540 4724 sancti
2562 4669 2819 4735 Maurilii,
2838 4680 2988 4738 atque
3014 4671 3372 4725 remissionem
3402 4670 3649 4738 peccantis

2060 4776 2183 4814 num
2212 4762 2400 4815 anima:
2418 4764 2554 4828 sttit,
2585 4776 2726 4813 anno
2755 4761 3125 4814 incarnationis
3156 4759 3442 4816 Dominicte
3484 4758 3644 4814 aditus

2058 4853 2113 4908 in
2143 4853 2249 4909 905
2277 4864 2324 4908 et
2346 4854 2688 4908 ordinationis
2716 4854 3043 4923 episcOpatus
3070 4856 3151 4907 sui
3180 4855 3235 4907 in
3260 4853 3330 4906 25
3348 4894 3363 4918 ,
3387 4853 3518 4905 hanc
3555 4850 3641 4904 Vi-

2059 4953 2167 4999 tam
2185 4946 2318 5000 beati
2342 4944 2577 4999 Manrilii
2592 4945 2811 4999 scribere
2828 4962 2890 4998 ac
2910 4948 3166 5014 requirere
3178 4946 3361 5016 jussit.
3374 4941 3658 4997 Archanal-

2063 5037 2163 5091 dus
2191 5038 2354 5092 sancti
2382 5035 2598 5114 M‘tlflinl.
2622 5036 2907 5108 discipulus
2934 5048 2981 5092 et
3012 5039 3260 5091 diaconus
3281 5037 3430 5107 jussu
3450 5037 3657 5105 prwfati

2065 5129 2240 5182 damni
2267 5128 2518 5182 Rainonis
2538 5129 2745 5197 scripsit
2771 5138 2820 5183 et
2842 5129 3127 5198 requisivit.
3159 5129 3291 5193 Qua:
3323 5138 3455 5179 vero
3493 5124 3660 5180 fuerit

2066 5218 2156 5274 illa
2187 5220 2314 5282 vita,
2346 5218 2551 5274 indicat
2573 5220 2805 5274 domnus
2825 5221 3122 5275 iladmerus
3147 5219 3201 5269 in
3224 5215 3365 5271 libro
3398 5215 3530 5271 Vitae
3550 5215 3653 5286 ipsi

2067 5309 2350 5379 sidijuutto
2372 5309 2441 5363 de
2471 5310 2766 5377 Miraculis,
2797 5326 2917 5380 qua:
2941 5308 3220 5376 modernis,
3246 5308 3439 5377 inquit,
3468 5320 3661 5373 tempo-

2068 5404 2210 5457 ribus
2253 5403 2624 5472 contigerant,
2686 5404 2737 5458 iu
2781 5400 3137 5456 translatione
3184 5401 3391 5456 scilicet
3433 5402 3533 5455 sub
3574 5399 3663 5453 Ni-

2070 5495 2213 5563 iingo
2241 5495 2497 5564 episcopo
2528 5495 2690 5561 facta,
2722 5493 2813 5547 ubi
2840 5493 3011 5548 Vitam
3036 5493 3194 5560 banc,
3221 5508 3383 5563 quam
3419 5492 3518 5545 sub
3544 5489 3659 5543 libri

2072 5584 2230 5655 primi
2261 5583 2479 5639 nomine
2519 5583 2776 5647 dederat,
2805 5585 2972 5652 faceta
3004 5585 3130 5637 satis
3162 5583 3449 5638 urbanitate
3482 5596 3513 5632 α
3541 5594 3659 5631 suc-

2072 5677 2354 5733 cessoribus
2382 5674 2549 5733 sancti
2575 5675 2804 5734 Manrilii
2827 5678 3104 5748 expolitam
3130 5679 3293 5734 fuisse
3315 5674 3517 5731 diserte
3542 5685 3651 5738 N0
