2043 3164
270 151 305 178 67
984 143 1181 175 nummo.
1870 149 1906 182 οε

268 210 368 238 litetur.
384 207 460 236 Adde
476 214 529 235 non
547 213 632 242 pauca
646 206 674 234 in
688 205 740 235 hac
755 204 808 233 vita
826 210 985 236 occurrere,
999 210 1060 238 quas
1073 201 1098 231 Δ
1112 208 1210 236 scopas
1219 208 1316 237 anquts
1327 209 1354 230 in
1367 202 1518 231 Brmtenst
1528 210 1589 232 Vico
1599 203 1728 238 sedisset;
1740 204 1796 233 alio
1807 205 1835 233 in
1847 205 1906 235 loco

268 255 391 290 Gregorii
406 259 452 282 aut
468 253 604 281 Fortunati
620 252 692 280 aetati
703 256 733 280 et
745 251 835 287 genio,
852 255 881 278 ut
896 250 955 278 fuse
966 249 1060 284 probat

269 302 416 332 Launoius,
432 304 587 334 competere
602 305 655 326 non
669 302 791 333 possunt.
807 297 848 325 Ab
865 301 979 331 utraque
995 295 1060 323 item

270 345 486 380 distinguendam
502 352 562 372 esse
577 344 698 378 ejusdem
716 342 801 370 sancti
814 342 926 370 Manriiii
939 340 1030 370 Vitam
1045 348 1061 368 a

271 391 574 427 Magnohodo-episcopo
586 389 771 417 Andecavensi
782 388 910 424 scriptam
923 395 956 416 ex
964 387 1060 415 eodem

270 437 397 466 Hadmeri
412 437 479 464 libro
493 436 631 463 discimus.
648 435 681 462 Et
692 435 799 470 quidem
811 434 868 462 hinc
882 434 989 461 diversa
1000 440 1061 460 om-

271 484 336 511 nino
351 487 466 510 exstata
480 481 585 508 duobus
607 480 741 515 prioribus
767 480 793 507 in
816 479 909 507 codice
931 477 1062 506 Viudoci-

271 529 348 556 nensi
368 529 421 562 jam
445 527 550 554 laudato
561 547 569 560 ,
585 527 630 554 ubi
645 532 670 554 et
687 527 737 553 ista
753 526 803 553 sub
819 525 871 553 hoc
889 526 965 553 titulo
980 524 1062 552 habe-

269 579 315 602 tur
328 583 335 600 :
353 573 386 601 lu
400 572 495 600 C/iristi
508 573 610 600 nomine
623 581 667 607 ego
677 572 856 607 Magnobodus
869 572 1014 606 episcopus,
1031 578 1062 597 ac

270 622 293 648 si
303 626 428 656 peccator,
440 619 563 647 Ecclesiae
575 619 728 651 Andecavos,
740 618 879 645 secundum
889 618 977 644 titulos
992 616 1062 645 Justi

270 666 409 702 presbyteri
430 665 514 691 Vitam
528 665 611 691 sancti
620 663 785 691 Mauritionin
799 663 913 698 episcopi
926 668 949 690 et
959 664 1061 698 confes-

270 712 353 743 soris,
367 716 394 737 ut
406 710 534 737 rusticitas
548 717 604 736 mea
625 710 689 745 fuit,
708 708 858 743 simpliciter
877 708 1018 744 planeque,
1033 712 1063 736 ut

269 757 356 793 potui,
372 755 497 790 exp'icavi
507 775 514 788 ,
530 755 557 782 iu
569 763 639 782 anno
653 755 686 781 10
705 754 873 782 ordinationis
895 762 974 788 more,
994 758 1017 781 et
1035 754 1062 781 in

269 811 339 829 anno
350 802 384 828 56
400 801 522 835 principis
544 801 625 828 nostri
646 800 734 827 domui
757 799 882 827 Cltlolarit'
904 800 991 836 regis,
1012 799 1062 834 ﬁlii

271 848 408 883 (.Itilperiei
419 847 496 883 regis.
505 847 531 874 ld
542 851 583 874 est
593 853 731 874 annoaerte
739 845 899 874 Christiana!
910 845 973 879 6l9,
983 846 1062 880 paulo

1112 247 1146 274 de
1157 247 1286 282 episeopo
1299 247 1448 276 Turonensi
1457 270 1466 283 ,
1482 249 1526 284 qui
1541 253 1605 277 tunc
1615 249 1764 286 Gregorius
1778 255 1853 284 erat,
1872 259 1905 280 eo

1113 293 1193 321 modo
1212 294 1324 327 scribit,
1348 302 1403 329 quo
1424 302 1477 322 non
1498 296 1654 330 scripsisset
1674 296 1733 331 ipse
1747 297 1906 332 Gregorius.

1113 338 1233 374 Denique
1248 341 1305 368 haec
1320 340 1383 374 vita,
1399 342 1437 368 uti
1452 348 1485 368 es
1498 342 1557 376 ejus
1574 342 1686 378 prologo
1700 348 1793 377 patet,
1808 345 1908 380 scripta

1113 389 1169 418 est,
1185 390 1214 413 ut
1228 385 1255 413 iu
1271 387 1339 414 testo
1356 387 1442 415 sancti
1457 388 1549 416 Aredii
1564 389 1752 417 anniversario
1772 390 1908 426 legeretur

1113 430 1140 457 in
1156 435 1289 459 conventu
1301 431 1431 460 fidelium.
1448 433 1514 467 Quas
1525 434 1626 467 omnia,
1642 440 1669 462 et
1679 435 1731 462 alia
1744 444 1805 471 qua:
1818 436 1910 472 legen-

1114 476 1184 503 tibus
1194 482 1348 510 occurrent,
1366 478 1480 506 innuuut
1492 479 1574 507 alium
1591 488 1605 507 a
1616 480 1746 516 Gregorio
1757 481 1841 510 fuisse
1855 483 1908 511 hu-

1111 521 1155 556 jus
1175 522 1236 550 vitae
1260 528 1409 552 auctorem.
1425 525 1501 553 llenc
1526 530 1616 553 tamen
1641 527 1720 561 paulo
1739 532 1800 562 post
1815 529 1908 557 Aredii

1113 568 1214 596 exitum
1228 569 1380 603 scripsisse,
1395 575 1451 598 tum
1461 578 1494 598 ex
1511 572 1592 599 rebus
1615 573 1730 600 narratis
1745 573 1907 608 coliigitnus,

1114 617 1170 640 tum
1183 621 1215 641 ex
1228 615 1315 648 capite
1324 615 1429 648 ultimo,
1442 616 1488 643 ubi
1499 621 1612 644 testatur
1624 624 1656 644 ea
1671 625 1730 652 qua:
1740 625 1755 645 a
1767 626 1798 646 se
1807 620 1910 653 scripta

1113 664 1176 686 sunt
1190 660 1257 687 intra
1272 668 1382 695 paucam
1394 666 1492 696 tempus
1508 663 1663 697 contigisse.
1682 663 1758 691 Unde
1770 665 1908 693 concludit

1114 705 1199 732 multo
1213 707 1396 735 numerosiora
1410 707 1468 735 iure
1482 715 1543 744 quat
1558 709 1584 736 in
1599 714 1737 744 posterum
1754 711 1908 740 scribentur

1115 758 1160 785 per
1170 750 1272 785 prolixa
1283 753 1366 786 spatia
1378 757 1532 787 temporum.
1549 761 1610 788 qua:
1624 755 1832 791 subsequentur,
1844 764 1907 786 euut

1114 796 1264 832 frequentia
1277 798 1310 825 ad
1325 799 1410 826 sancti
1423 800 1538 826 tumbam
1551 800 1649 828 tierent
1661 802 1799 829 miracula.
1817 803 1855 830 Es
1867 804 1909 831 bis

1113 846 1203 869 autem
1226 842 1351 870 omnibus
1366 844 1493 878 colligere
1505 844 1582 878 licet,
1601 846 1686 873 sancti
1702 847 1840 875 Benedicti
1855 848 1910 876 lle-

255 921 257 924 ,
271 899 332 929 post
346 893 464 927 Gregorii
480 892 562 920 nostri
577 892 690 920 obitum.
705 892 768 919 lltec
781 897 870 919 autem
886 890 964 926 paulo
978 891 1060 919 iusius
1076 887 1098 918 Β
1112 887 1200 922 sitiam
1213 887 1268 922 ilm
1283 892 1357 922 ιυιιο»
1371 889 1398 916 id
1414 894 1455 917 εει
1467 891 1568 918 δωευιο
1582 896 1659 919 sexto
1673 892 1788 926 labente,
1802 899 1849 922 illi!
1859 894 1910 922 ini-

271 944 388 968 tractare
395 940 480 966 risum
493 942 544 972 est,
556 938 627 973 quod
636 938 749 972 epistola
761 938 812 965 sub
819 937 941 973 Gregorii
953 945 1063 966 nomine

276 985 384 1020 vulgata
399 984 498 1019 passim
515 983 653 1018 pra-missa
669 987 793 1010 occurrat
807 982 874 1010 Vita:
886 983 972 1011 sancti
989 983 1063 1011 Hau-

273 1032 337 1065 rilii,
351 1039 411 1066 qua
426 1031 524 1059 multas
539 1038 582 1058 res
593 1038 606 1057 a
620 1030 731 1058 veritate
747 1029 847 1057 alienas
862 1029 1062 1064 complectitur,

270 1081 298 1105 et
310 1076 424 1105 celebris
443 1076 513 1104 facta
526 1083 567 1104 est
579 1076 614 1103 ob
627 1076 838 1104 controversiam
855 1076 888 1103 de
904 1077 989 1104 sancti
1005 1076 1060 1105 lie-

269 1124 326 1152 nati
343 1121 541 1151 resurrectione
556 1122 599 1149 his
614 1123 781 1156 temporibus
799 1126 902 1149 natam.
914 1122 990 1156 Quod
1010 1122 1062 1149 nii-

270 1169 392 1197 raculum
414 1168 536 1196 nonnulli
561 1168 683 1203 Gregorii
705 1168 866 1196 auctoritate
886 1168 1062 1203 comprobare

272 1215 363 1242 conati
379 1213 498 1247 fuerunt,
515 1213 578 1241 licet
593 1221 607 1240 a
621 1213 768 1241 Fortunato
784 1213 912 1241 omissum
928 1213 1016 1245 fuerit,
1034 1218 1064 1240 ut

271 1260 353 1288 modo
367 1259 535 1291 dicebamus,
548 1263 576 1286 et
587 1265 640 1286 non
654 1258 787 1286 referatur
801 1265 816 1284 a
828 1258 997 1292 blagnibodo.
1009 1258 1063 1286 lste

273 1311 363 1334 tamen
389 1310 481 1333 narrat
506 1305 647 1333 mulierem
673 1302 816 1338 quamdam
842 1304 961 1331 sterilem
991 1304 1062 1332 beati

271 1351 458 1386 Maurilionis,
473 1351 513 1378 sic
529 1350 601 1378 enim
621 1352 807 1384 semper'cum
825 1349 960 1384 appellat,
976 1349 1061 1377 inter-

271 1403 352 1427 ventu
366 1396 516 1425 obtinuisse
536 1403 551 1423 a
568 1396 624 1423 Deo
640 1396 736 1429 tilium,
752 1395 797 1430 qui
813 1400 957 1430 postquam
969 1394 1062 1422 Eccle-

271 1445 318 1473 sia:
330 1435 504 1476 Calonnensi,
516 1442 561 1471 ubi
572 1441 710 1470 Maurilius
722 1442 847 1476 degebat,
862 1441 909 1469 ditt
922 1441 1063 1477 presbyter

272 1491 423 1523 serviisset,
440 1489 548 1517 tandem
562 1488 613 1523 ipsi
627 1488 653 1516 in
667 1487 824 1523 episcopatu
838 1487 1011 1515 successerit.

303 1546 349 1575 81.
364 1546 450 1572 Vitam
458 1544 545 1573 sancti
556 1544 647 1572 Aredii
661 1543 768 1571 abbatis
777 1543 919 1571 Atanensis
931 1543 1061 1578 Gregorio

270 1592 421 1620 Turonensi
435 1592 571 1623 tributam.
584 1591 664 1618 aliam
679 1591 713 1618 ab
726 1598 757 1618 ea
772 1597 832 1626 quae
845 1591 965 1618 saeculo:
981 1575 1058 1618 Ᾰειο-
1075 1575 1098 1607 C

272 1646 332 1666 rum
347 1644 504 1666 sanctorum
517 1636 626 1664 Ordinis
645 1636 811 1664 Benedictiui
832 1636 902 1664 edita
919 1642 975 1669 est,
991 1636 1062 1664 eruit

271 1689 362 1712 noster
369 1684 484 1710 domnus
490 1683 626 1710 Johannes
639 1681 810 1709 Mabillonius
822 1689 838 1709 e
852 1686 958 1708 VeluSlo
969 1682 1071 1715 codice~

274 1731 361 1759 sancti
376 1729 444 1757 Galli
456 1730 483 1756 in
495 1729 628 1762 Helvetia,
643 1735 703 1763 quae
712 1727 821 1763 quidem
836 1727 968 1763 Gregorio
990 1727 1061 1755 haud

271 1776 379 1811 indigna
391 1776 507 1807 videtur,
528 1781 578 1801 nec
592 1774 705 1801 multum
726 1774 761 1801 ab
781 1772 840 1808 ejus
859 1774 939 1808 genio
953 1774 1039 1801 aliena
1054 1783 1059 1800 :

271 1822 323 1852 nisi
338 1821 410 1856 quod
425 1820 522 1855 aliqua:
538 1819 650 1855 phrases
666 1819 692 1846 in
707 1826 738 1847 ea
753 1819 854 1854 passim
868 1824 1012 1847 occurrant
1029 1827 1062 1847 ex

271 1868 402 1902 Gregorio
416 1867 521 1901 Magno.
534 1866 616 1893 immo
629 1870 658 1893 et
667 1872 699 1893 ex
711 1865 782 1893 beati
797 1865 933 1893 Benedicti
950 1865 1062 1902 Regula,

270 1918 363 1941 contra
377 1912 497 1947 Gregorii
513 1918 628 1944 morem,
644 1915 780 1938 mutuatae.
793 1910 896 1939 Deinde
914 1911 1063 1947 Gregorius

271 1959 363 1990 Aredii
378 1958 505 1986 miracula
525 1962 553 1985 et
567 1964 610 1984 res
623 1961 713 1993 gestas
730 1956 828 1991 passim
845 1957 978 1991 celebrat,
996 1966 1062 1986 nus-

268 2016 352 2044 quam
367 2012 456 2035 tamen
468 2006 540 2034 illius
557 2003 625 2033 Vltte
640 2012 654 2031 a
669 2011 699 2032 se
712 2003 835 2039 scriptas,
849 2005 921 2040 quod
935 2006 1001 2034 alias
1016 2014 1061 2034 so-

267 2054 325 2088 let,
342 2053 399 2088 ipse
421 2051 554 2079 meminit.
570 2050 697 2084 Quamvis
719 2051 863 2079 momentis
887 2051 947 2079 istis
970 2052 1064 2086 reponi

269 2099 368 2135 possit,
385 2097 542 2132 Gregorium
558 2097 626 2124 hanc
639 2098 725 2126 Vitam
745 2102 805 2131 post
824 2105 903 2126 suum
918 2106 951 2126 ex
967 2098 1065 2126 itinere

269 2135 394 2178 humano
403 2143 518 2170 reditum
528 2141 687 2176 scripsisse;
696 2142 862 2178 proindeque
873 2143 937 2170 nihil
946 2150 1008 2171 esse
1015 2144 1065 2171 mi-

269 2197 343 2222 rum,
357 2191 378 2216 si
395 2188 420 2215 in
435 2188 495 2215 aliis
508 2187 637 2223 operibus
651 2195 712 2222 quae
723 2192 801 2215 antea
815 2192 974 2215 exaraverat
983 2208 990 2219 ,
1005 2188 1065 2215 nul-

269 2234 325 2263 lam
343 2234 406 2261 Vitta
419 2232 507 2260 sancti
520 2232 612 2260 Aredii
626 2232 721 2260 fecerit
732 2232 909 2266 mentionem,
925 2233 1064 2268 loquendi-

270 2287 323 2315 que
332 2278 426 2305 modos
435 2277 557 2313 Gregorii
569 2277 656 2312 Magni
666 2284 718 2304 non
729 2276 884 2304 adltibuerit
896 2286 903 2304 :
918 2265 968 2313 qui
976 2278 1061 2306 Roma
1077 2265 1102 2296 υ

269 2332 412 2357 reversus,
429 2323 492 2357 ubi,
507 2325 576 2352 sicut
589 2324 624 2351 de
639 2324 687 2351 illo
702 2330 792 2350 rerum
818 2323 1063 2352 ecclesiasticarum

267 2370 456 2399 euriosissimo
470 2370 626 2405 iudagatore
639 2368 776 2403 conjicere
792 2368 857 2396 licet
867 2389 876 2402 ,
897 2369 1018 2404 Gregorii
1031 2370 1064 2397 li—

269 2419 335 2446 bros
349 2418 465 2449 viderat,
479 2418 548 2445 sicut
563 2421 590 2444 et
605 2416 674 2443 beati
689 2415 828 2443 Benedicti
840 2415 969 2451 Regulam
979 2436 987 2450 ,
1002 2424 1063 2452 qua

271 2465 326 2499 jam
340 2470 402 2491 tunc
415 2467 473 2490 erat
486 2463 600 2490 celebris
609 2482 619 2495 ,
630 2469 725 2490 eorum
740 2461 866 2496 loquendi
884 2469 987 2489 morem
1001 2462 1062 2489 imi-

273 2510 323 2538 tari
337 2510 475 2544 potuisset.
492 2509 559 2536 Sunt
574 2512 662 2535 tamen
678 2507 729 2534 alia
745 2506 841 2534 indicia
857 2514 917 2542 qure
931 2507 1063 2535 suadeant

272 2556 342 2584 hanc
356 2558 437 2583 vitam
452 2554 583 2590 Gregorio
595 2554 763 2582 tribuendam
779 2560 833 2581 non
848 2561 919 2587 esse,
939 2554 987 2582 sed
1003 2561 1062 2582 mo—

274 2602 360 2629 nacho
371 2602 459 2635 potius
469 2599 548 2628 alicui
558 2599 695 2632 Ataneusi,
706 2598 752 2634 qui
769 2605 829 2626 eam
841 2599 1012 2634 potissimum
1028 2607 1062 2628 ex

272 2646 394 2681 Gregorii
407 2646 533 2681 operibus
546 2644 686 2679 collegerit
700 2653 707 2671 :
720 2644 792 2680 quod
804 2651 898 2672 ansam
915 2645 1063 2679 praebuerit

272 2692 388 2732 posteris
398 2699 457 2718 eam
468 2691 599 2725 Gregorio
615 2690 780 2718 ascribenlli.
801 2689 861 2725 Ipse
875 2690 946 2719 enim
961 2691 1064 2726 Grego-

272 2739 328 2766 rius
340 2738 467 2766 Aredium
478 2736 577 2771 passim
589 2736 688 2770 laudat,
702 2736 817 2772 ejusque
827 2738 888 2765 vita:
901 2738 1063 2767 breviarium

271 2785 413 2820 descripsit
426 2785 477 2812 sub
492 2784 571 2812 linem
583 2784 644 2812 libri
656 2792 672 2812 ι
685 2785 819 2813 Historias.
838 2786 872 2813 Et
885 2785 994 2821 quidem
1009 2786 1061 2814 nii-

272 2831 360 2858 racnla
373 2838 432 2866 qua:
448 2830 516 2858 Vitae
531 2830 615 2858 sancti
632 2830 723 2858 Aredii
741 2831 949 2867 subjunguntur,
963 2833 1061 2868 stylum

273 2876 393 2910 Gregorii
407 2884 461 2907 nou
476 2876 592 2912 sapiunt.
615 2875 652 2905 lta
672 2877 792 2912 loquitur
810 2882 903 2907 auctor
916 2885 949 2908 as
968 2878 991 2908 si
1005 2879 1064 2912 epi-

1115 932 1154 959 tio
1160 933 1308 967 sequentis,
1320 934 1347 961 in
1359 935 1524 963 monasterio
1534 937 1661 964 Atanensi
1671 943 1805 973 receptam
1814 939 1909 974 fuisse,

1115 985 1193 1014 quam
1208 978 1276 1006 adeo
1289 979 1448 1007 familiarem
1467 980 1558 1009 habuit
1574 982 1621 1009 ille
1634 987 1741 1010 auctor.

1149 1033 1195 1062 82.
1211 1034 1298 1064 Unum
1312 1041 1437 1071 superest
1455 1038 1661 1073 inquirendum,
1677 1048 1712 1068 an
1726 1041 1831 1070 scilicet
1842 1042 1910 1071 Gre-

1113 1083 1203 1117 gorius
1226 1087 1320 1111 noster
1342 1083 1505 1113 Cbronicum
1528 1086 1637 1121 aliquod
1659 1089 1853 1124 conscripserit
1874 1091 1909 1118 ab

1114 1129 1244 1162 listoria,
1255 1137 1335 1164 quam
1350 1138 1382 1158 ex
1400 1138 1432 1158 eo
1447 1131 1588 1164 habemus,
1604 1133 1759 1166 diversum,
1774 1140 1802 1162 ut
1816 1137 1909 1164 testari

1114 1175 1241 1203 videntur
1264 1177 1387 1204 nonnulli
1414 1177 1509 1206 mediae
1527 1178 1615 1206 astatis
1631 1185 1772 1213 auctores,
1788 1182 1834 1216 qui
1849 1188 1910 1217 post

1114 1222 1278 1257 Sigibertum
1294 1222 1517 1251 Gemblacensem
1532 1226 1693 1256 monachum
1715 1227 1794 1254 aiunt
1807 1227 1910 1264 Grego-

1119 1268 1188 1295 rium
1201 1276 1282 1302 parvo
1292 1268 1383 1296 libello
1395 1269 1509 1304 primum
1521 1270 1663 1299 historiam
1679 1272 1815 1307 breviasse,
1828 1282 1909 1310 quam

1120 1313 1292 1348 postmodum
1306 1313 1427 1342 dili‘usius
1442 1322 1537 1343 novem
1554 1316 1628 1344 libris
1643 1317 1800 1353 digesserit,
1815 1327 1909 1349 verum

1118 1359 1199 1386 etiam
1214 1359 1355 1394 scripsisse
1368 1359 1530 1388 Chronicum
1542 1382 1551 1395 ,
1567 1366 1620 1389 etc.
1635 1362 1688 1390 Sed
1704 1363 1743 1391 illi
1765 1369 1890 1393 auctores
1901 1387 1910 1399 ,

1114 1408 1144 1431 ut
1155 1405 1282 1432 observat
1297 1405 1419 1433 Valesius
1430 1427 1438 1439 ,
1463 1406 1531 1434 libro
1544 1415 1578 1434 xv
1592 1416 1679 1436 rerum
1700 1410 1908 1446 Francicarum,

1115 1458 1197 1478 unutn
1210 1455 1237 1478 et
1252 1451 1323 1478 idem
1337 1460 1404 1486 opus
1419 1453 1453 1479 ob
1469 1453 1537 1480 tituli
1552 1454 1707 1482 varietatem
1722 1456 1747 1482 in
1762 1457 1845 1484 variis
1860 1465 1910 1485 co-

1114 1496 1228 1531 dicibus,
1242 1498 1297 1525 duo
1311 1505 1372 1527 esse
1382 1499 1487 1526 diversa
1498 1500 1604 1528 incaute
1621 1506 1795 1529 censuerunt.
1807 1503 1909 1532 Eadem

1116 1542 1187 1570 cnim
1202 1547 1244 1570 est
1258 1544 1374 1571 Historia
1388 1544 1528 1579 Gregorii,
1543 1553 1601 1581 qua:
1617 1546 1643 1574 in
1657 1548 1794 1575 veteribus
1805 1549 1910 1584 aliquot

1115 1589 1276 1616 membranis
1288 1589 1339 1617 sub
1352 1589 1410 1625 ejus
1422 1591 1530 1620 nomine
1546 1591 1664 1619 Historia
1677 1593 1858 1628 ecclesiastica,
1881 1595 1909 1623 iu

1113 1634 1174 1661 aliis
1186 1640 1249 1661 vero
1259 1633 1416 1662 Chronicum
1425 1641 1605 1670 nuncupatur.
1612 1637 1694 1666 Certe
1704 1639 1827 1666 solebant
1836 1640 1910 1668 illius

1113 1679 1162 1707 atri
1177 1683 1301 1707 auctores
1316 1680 1442 1708 Chronica
1457 1685 1502 1708 aut
1513 1680 1651 1710 C/ironicas
1664 1684 1801 1718 appellem
1813 1684 1906 1712 Histo-

1116 1725 1183 1758 rias,
1199 1724 1278 1752 etiam
1293 1725 1419 1760 fusiores,
1432 1733 1492 1761 quae
1504 1726 1579 1761 juxta
1599 1734 1731 1755 annorum
1741 1729 1839 1757 seriem
1857 1730 1910 1757 de-

1114 1771 1221 1806 scriptae
1231 1771 1401 1807 erant:quod
1413 1773 1551 1801 sexcentis
1563 1774 1696 1809 exemplis
1707 1773 1786 1802 facile
1797 1775 1908 1810 probari

1115 1822 1217 1853 posset.
1233 1817 1400 1846 Breviarium
1416 1825 1499 1852 vero,
1517 1826 1565 1847 seu
1581 1819 1726 1848 Historiam
1739 1820 1908 1849 Francorum

1113 1863 1295 1891 abbreviatam
1304 1884 1312 1897 ,
1326 1864 1397 1899 quod
1409 1872 1425 1891 a
1435 1865 1567 1901 Gregorio
1580 1866 1682 1893 editum
1699 1866 1818 1894 nonnulli
1835 1867 1908 1895 scri-

1114 1910 1195 1943 bunt,
1217 1911 1288 1938 aliud
1309 1918 1363 1939 non
1378 1914 1421 1939 est
1440 1912 1474 1937 ab
1497 1911 1622 1945 Epitome
1644 1911 1816 1947 Fredegarii,
1835 1913 1909 1947 quod

1115 1956 1210 1983 mirum
1225 1964 1276 1983 non
1291 1961 1332 1983 est
1342 1956 1471 1991 Gregorio
1483 1956 1566 1984 fuisse
1578 1957 1716 1989 tributum,
1731 1965 1793 1985 cum
1805 1965 1838 1985 ex
1850 1958 1910 1993 ejus

1114 2002 1206 2029 verbis
1220 2003 1329 2028 omnino
1348 2006 1469 2033 constet,
1484 2003 1596 2037 ejusque
1611 2010 1707 2029 nomen
1719 2023 1727 2034 ,
1744 2007 1773 2031 et.
1785 2003 1913 2031 eamdem

1115 2055 1146 2074 ac
1161 2047 1217 2081 ipsa
1233 2047 1348 2074 llistoria
1364 2048 1548 2082 praefationem
1563 2068 1571 2080 ,
1593 2052 1620 2075 ct
1642 2048 1750 2082 quidem
1764 2047 1816 2076 sub
1836 2048 1910 2082 eius-

1114 2094 1176 2121 dem
1188 2094 1308 2129 Gregorii
1324 2095 1444 2127 nomine,
1461 2095 1597 2129 praeferat.
1616 2094 1716 2122 Eadem
1728 2095 1785 2122 fere
1800 2093 1909 2123 fortuna

1115 2139 1164 2167 fuit
1179 2139 1255 2173 libri,
1273 2140 1318 2175 qui
1333 2139 1412 2167 Gesta
1427 2139 1591 2167 Francorum
1607 2140 1774 2173 inscribitur,
1789 2140 1823 2168 ab
1844 2148 1910 2168 ano-

1116 2193 1196 2221 nymo
1211 2191 1322 2213 auctore
1336 2185 1450 2213 exarati.
1463 2185 1513 2214 Hic
1526 2187 1625 2221 quippe
1640 2187 1666 2214 in
1679 2186 1805 2213 omnibus
1822 2186 1909 2213 ferme

1116 2232 1253 2261 codicibus
1263 2232 1384 2267 Gregorii
1397 2240 1496 2260 nomen
1508 2233 1627 2267 praefert,
1639 2233 1711 2268 quod
1720 2241 1752 2260 ex
1766 2232 1910 2267 ipsissimis

1114 2278 1173 2314 ejus
1190 2279 1279 2306 verbis
1294 2283 1322 2305 ut
1338 2279 1484 2313 plurimum
1500 2283 1645 2306 contextus
1668 2281 1714 2306 sit.
1730 2277 1795 2312 Ejus
1816 2269 1909 2305 tamen

1114 2330 1249 2353 auctorem
1265 2324 1298 2352 ad
1313 2324 1472 2352 Theoderici
1485 2324 1608 2352 Calensis
1628 2324 1807 2359 principatum
1824 2325 1908 2359 perti-

1114 2372 1183 2406 gisse
1197 2371 1306 2398 omnino
1320 2375 1423 2398 certum
1437 2375 1477 2397 est
1491 2378 1523 2398 ex
1536 2378 1625 2397 rerum
1642 2370 1712 2397 serie
1726 2376 1793 2405 quas
1804 2372 1907 2399 narrat,

1115 2417 1199 2446 Immo
1206 2422 1233 2445 et
1245 2418 1271 2444 in
1282 2417 1374 2444 codice
1389 2417 1472 2444 sancti
1487 2416 1601 2451 Remigii
1613 2416 1782 2447 Rlietnensis,
1797 2416 1909 2451 Anony-

1116 2463 1152 2490 mi
1177 2462 1331 2498 Dionysiani
1354 2462 1422 2489 liber
1446 2461 1480 2488 dc
1503 2461 1592 2488 Gestis
1619 2461 1762 2496 Dagoberti
1786 2460 1910 2495 Gregorii

1116 2509 1255 2543 operibus.
1277 2507 1414 2535 accenseri
1430 2507 1549 2535 videtur.
1564 2506 1603 2534 lbi
1617 2507 1717 2541 quippe
1730 2505 1811 2533 Gesta
1824 2505 1909 2533 Fran-

1115 2562 1218 2588 corum,
1231 2554 1354 2588 Gregorii
1370 2554 1438 2581 liber
1450 2553 1567 2588 primus;
1586 2554 1742 2588 Anouyinus
1757 2559 1824 2579 vero
1844 2551 1912 2579 Dio-

1115 2600 1243 2637 nysianus
1257 2599 1415 2634 simpliciter
1433 2598 1502 2626 liber
1515 2597 1648 2625 secundus
1668 2597 1819 2631 appellatur
1832 2605 1839 2622 :
1854 2603 1912 2631 quo

1116 2643 1186 2675 forte
1206 2647 1314 2673 nomine
1335 2644 1489 2673 Ecchardus
1511 2650 1621 2674 comes.
1640 2642 1687 2677 qui
1710 2641 1911 2669 Patriciaeeuse

1116 2692 1308 2719 monasterium
1323 2691 1459 2724 condidit,
1471 2689 1600 2717 Chronica
1612 2696 1689 2723 quam
1703 2687 1844 2723 Gregorius
1855 2686 1910 2713 Tri-

1115 2739 1230 2767 ronsmis
1245 2738 1303 2774 fecit
1317 2737 1396 2765 libros
1411 2737 1477 2764 duos
1489 2736 1516 2763 in
1532 2735 1708 2764 Testamento
1722 2741 1773 2761 suo
1787 2740 1910 2761 comme-

1117 2791 1203 2815 morat

1153 2832 1197 2859 83.
1218 2831 1275 2859 Non
1296 2829 1364 2857 adeo
1385 2829 1463 2857 facite
1486 2832 1530 2857 est
1551 2827 1690 2862 assignare
1715 2829 1837 2860 tempus.
1854 2831 1870 2858 q
1883 2831 1910 2851 ιο

1117 2876 1262 2912 Gregorius
1285 2874 1404 2910 singulos
1422 2873 1504 2903 libros
1519 2880 1534 2901 a
1549 2880 1580 2902 se
1595 2872 1683 2902 editos
1699 2868 1908 2905 conscripserit,
