4086 6328
285 306 372 364 ‘69
1727 301 2120 361 PREFATIO.
3523 311 3590 365 70

296 431 394 479 aut
418 431 563 478 certe
588 433 858 489 exponere
882 419 969 490 qui
1005 418 1209 490 priores
1237 427 1331 476 aut
1361 419 1690 490 posteriores
1721 417 1789 473 ab
1818 430 1885 471 eo
1916 413 1966 476 Α
1991 428 2059 470 an
2107 414 2351 488 Gregorii
2403 417 2640 474 llistoria
2697 429 3003 491 postremus
3044 420 3162 490 ejus
3207 421 3403 492 ingenii
3449 421 3592 479 fetus

295 514 430 569 editi
463 511 678 567 fuerim.
707 510 771 565 Et
794 511 1036 581 quidem,
1069 521 1128 565 ut
1161 513 1375 581 opinor,
1422 525 1527 565 non
1569 523 1731 564 unum
1765 513 1888 576 post

295 605 524 659 alterum
572 602 765 656 librum
811 603 1114 656 absolutum
1164 602 1475 657 describere
1508 599 1759 667 curabat,
1795 597 1890 653 sed

296 693 622 765 quandoque
656 694 953 761 interrupta
980 695 1136 747 unius
1166 693 1410 763 opusculi
1440 691 1737 761 scriptione
1761 736 1774 758 ,
1806 689 1889 743 al-

299 800 477 865 terum
519 797 612 842 aut
641 787 954 852 inchoabat,
981 797 1074 841 aut
1103 786 1215 858 jam
1257 786 1562 842 inchoatum
1605 784 1890 839 continua—

298 883 420 945 bat;
456 881 620 934 immo
662 889 716 936 et
754 880 1060 935 absolutum
1087 922 1102 947 ,
1142 880 1457 949 uti_censeri
1487 887 1726 949 poterat,
1768 880 1890 931 data

297 973 744 1041 Opportunitate,
791 972 949 1026 novis
992 971 1225 1041 augebat
1276 971 1680 1026 additamentis.
1732 968 1892 1024 Certe

297 1079 422 1119 cum
450 1080 670 1119 suorum
715 1063 974 1120 librorum
1010 1063 1295 1132 plerosque
1343 1062 1492 1133 juxta
1541 1061 1744 1116 classes
1784 1075 1892 1114 non

301 1163 629 1224 temporum,
647 1155 740 1210 sed
763 1155 1103 1210 materiarum
1118 1153 1363 1208 distribui
1384 1153 1762 1218 voluerit,cum
1790 1152 1896 1221 pri-

303 1262 448 1299 mum
481 1245 683 1316 aliquid
721 1254 812 1299 aut
850 1246 900 1299 in
921 1245 1104 1300 ’veleri
1137 1245 1388 1315 qquiam
1416 1244 1780 1298 instrumento
1811 1258 1896 1296 rc-

297 1337 571 1406 -periebat,
604 1346 696 1392 aut
725 1339 792 1390 ab
821 1338 939 1392 aliis
982 1338 1212 1391 relatum
1262 1337 1595 1406 accipiebat,
1628 1345 1721 1389 aut
1749 1344 1896 1391 certe

301 1427 529 1496 ipsemet
557 1429 669 1482 suis
700 1428 1059 1497 perspiciebat
1078 1429 1271 1491 oculis,
1300 1428 1426 1482 illttd
1449 1429 1627 1482 statim
1651 1441 1750 1481 suo
1780 1427 1896 1480 loco

303 1534 419 1572 non
454 1519 736 1573 omittebat
783 1519 1091 1574 describere
1122 1520 1173 1572 iti
1223 1519 1404 1586 libris,
1439 1535 1577 1590 quos
1619 1519 1686 1574 de
1732 1518 1897 1572 simili

297 1619 643 1680 argumento,
666 1619 758 1663 aut
784 1610 893 1679 jam
923 1610 1233 1678 scripserat,
1259 1620 1350 1664 aut
1380 1610 1619 1665 scribere
1653 1608 1894 1679 parabat.

304 1705 430 1760 llaec
484 1705 820 1774 potissimum
867 1705 934 1759 de
978 1705 1134 1759 libris
1167 1704 1550 1759 Miraculorum
1597 1713 1742 1758 certa
1774 1717 1897 1758 esse

1993 511 2201 564 censeri
2246 510 2458 568 debeat.
2489 513 2588 579 Qui
2632 529 2749 569 eam
2799 523 2924 569 ante
2956 515 3338 570 Miraculorutn
3385 516 3591 586 libros,

1994 600 2185 656 saltem
2217 602 2542 673 recognitos,
2573 605 2827 674 scriptam
2855 606 3021 661 fuisse
3045 607 3252 674 volunt,
3280 607 3382 663 huc
3411 609 3593 677 prole-

1993 702 2117 746 ruut
2148 693 2323 762 ipsum
2351 694 2601 749 Historiae
2631 705 2853 754 textum.
2888 699 2976 767 qui
3010 713 3114 752 non
3141 698 3244 751 nisi
3274 699 3339 752 ad
3370 699 3589 754 l6Chil-

1994 785 2200 840 deberti
2235 784 2497 853 Juuioris,
2528 787 2578 841 id
2610 789 2918 843 estChristi
2951 787 3046 844 591
3082 805 3283 845 annum
3329 790 3586 858 perduci-

1997 886 2119 931 tur;
2151 892 2272 931 cum
2316 878 2622 933 econtrario
2650 881 2904 935 nonnulla
2951 881 3002 934 in
3041 883 3164 936 aliis
3208 882 3588 951 scriptionibns

1998 979 2328 1035 narrentur,
2389 985 2509 1040 quae
2556 971 2785 1026 triennio
2832 983 2978 1042 post,
3031 975 3081 1028 id
3115 983 3197 1030 est
3230 974 3295 1029 l9
3342 974 3586 1043 ejusdem

1997 1059 2328 1114 Cliildebcrti
2379 1062 2520 1128 regis
2567 1077 2739 1129 anno,
2786 1063 2950 1117 immo
2999 1072 3054 1118 et
3109 1075 3228 1133 post
3269 1065 3588 1120 Guntramni

1997 1152 2225 1216 obitum,
2254 1154 2551 1221 contigere.
2601 1153 2799 1206 Verum
2844 1155 2943 1208 etsi
2985 1156 3228 1223 Gregorii
3271 1156 3506 1212 Historia
3536 1159 3588 1212 in

1998 1256 2139 1296 anno
2163 1242 2492 1297 Chiltleberti
2524 1244 2588 1298 16
2612 1244 2854 1311 desinat,
2892 1245 3028 1299 haud
3066 1257 3242 1302 tamen
3275 1247 3399 1303 inde
3431 1249 3589 1303 evin-

1999 1335 2140 1388 citur
2166 1349 2281 1389 eam
2311 1335 2412 1388 hoc
2443 1337 2560 1404 ipso
2590 1352 2730 1392 anno
2759 1349 3033 1390 exaratam
3070 1339 3234 1393 luisse
3262 1357 3274 1392 :
3308 1355 3427 1393 cum
3474 1339 3590 1394 ﬁeri

2001 1424 2265 1493 pmuerit,
2301 1433 2359 1478 ut
2391 1425 2515 1480 huic
2543 1427 2696 1495 operi
2725 1442 2867 1481 anno
2897 1428 3017 1482 vitm
3059 1445 3171 1484 suae
3214 1430 3402 1485 ultimo
3443 1431 3593 1485 insu-

2003 1516 2172 1581 dans,
2206 1532 2517 1586 supremum
2564 1519 2704 1572 diem
2750 1519 2975 1584 obierit,
3024 1522 3333 1589 priusquam
3388 1537 3589 1575 annum

2002 1618 2306 1663 currentem
2332 1610 2618 1678 attigisset.
2648 1609 2807 1665 Certe
2836 1611 2886 1664 in
2913 1611 3159 1665 Historiae
3181 1611 3412 1680 epilogo,
3432 1627 3590 1681 quem

2004 1697 2145 1754 forte
2173 1701 2361 1754 morbo
2388 1710 2694 1756 coarctatus
2719 1702 2957 1771 scripsit,
2985 1713 3182 1756 caetera
3213 1704 3391 1756 omnia
3423 1718 3587 1770 opera

305 1797 392 1850 vix
425 1796 708 1867 quisquam
739 1796 965 1850 inliciari
997 1803 1207 1864 potest,
1241 1811 1546 1867 quanquam
1579 1806 1631 1851 et
1655 1797 1892 1866 aliquem
1930 1792 1973 1853 Β
2002 1805 2096 1844 sua
2146 1801 2422 1856 recenset;
2471 1792 2521 1845 in
2562 1791 2686 1845 aliis
2718 1807 2847 1847 vero
2889 1793 3039 1846 libris
3083 1808 3244 1862 Opera
3290 1807 3320 1845 θ
3357 1807 3418 1847 se
3449 1793 3590 1848 edin

304 1888 449 1942 inter
494 1889 638 1957 ipsos
674 1887 920 1943 ordinem
964 1888 1171 1943 servari
1219 1890 1377 1956 posse
1427 1904 1534 1943 non
1581 1888 1895 1944 difﬁtemur.

301 1980 618 2049 Colligimus
645 1981 842 2052 quippe
871 1982 1007 2036 duos
1030 1983 1239 2051 priores
1265 1983 1332 2037 de
1363 1983 1531 2036 sancti
1563 1981 1770 2036 Martini
1796 1983 1897 2035 mi-

304 2074 505 2128 raculis
535 2074 734 2138 libros,
764 2082 890 2129 ante
920 2082 1152 2129 caeteros
1186 2087 1216 2128 a
1257 2071 1520 2144 Gregorio
1560 2074 1897 2143 conscriptos

304 2164 496 2233 fuisse,
527 2167 668 2236 quod
701 2165 753 2220 in
789 2165 919 2235 ipsis
945 2166 1035 2220 alii
1065 2165 1443 2220 Miraculorum
1477 2165 1602 2220 libri
1636 2181 1742 2220 non
1777 2167 1898 2220 lau-

299 2257 520 2313 dentur.
547 2258 708 2313 Liber
733 2258 802 2314 de
835 2259 949 2312 Vita
979 2259 1200 2313 Patrum
1231 2267 1417 2328 postea
1447 2260 1516 2313 ab
1546 2274 1614 2313 eo
1649 2259 1897 2314 conscri-

307 2361 465 2422 ptus,
493 2365 588 2407 seu
618 2352 796 2422 potius
825 2351 1109 2408 inchoatus
1139 2351 1306 2407 fuisse
1341 2351 1573 2416 videtur,
1611 2351 1712 2406 sub
1743 2352 1896 2408 titulo

303 2445 378 2501 de
405 2447 742 2516 quorumdam
772 2445 1176 2512 Feliciosorum,
1209 2459 1336 2512 seu,
1363 2453 1419 2498 ut
1439 2445 1525 2498 alii
1556 2444 1772 2499 codices
1804 2449 1898 2498 ha-

307 2539 465 2605 bent,
516 2539 892 2612 Religiosorum
942 2539 1083 2594 i'ita.
1127 2539 1312 2594 Primo
1359 2539 1503 2592 enim
1556 2537 1895 2606 paucioribus

303 2631 587 2687 constabat
616 2631 898 2701 capitibus,
933 2630 1030 2685 sed
1056 2630 1272 2685 tandem
1297 2645 1469 2700 usque
1493 2629 1560 2684 ad
1588 2630 1776 2698 viginti
1801 2643 1890 2683 ca-

307 2723 414 2793 pita
445 2739 542 2780 seu
574 2724 722 2780 Vitas
748 2725 1003 2789 accrevit,
1035 2739 1170 2794 quas
1201 2724 1472 2794 hodieque
1491 2725 1889 2793 complectitur.

305 2814 447 2870 Tum
482 2815 676 2870 librum
704 2815 770 2870 de
801 2813 980 2871 Gloria
1009 2817 1299 2887 Martyrum
1335 2831 1622 2888 aggressus
1657 2825 1743 2872 est
1763 2861 1777 2884 ,
1806 2816 1893 2870 cui

303 2910 504 2965 librum
533 2910 601 2965 de
637 2910 932 2966 Virtutibus
971 2913 1142 2965 sancti
1183 2910 1416 2976 Juliani,
1451 2925 1610 2980 quem
1653 2910 1893 2965 nonnulli

307 3001 598 3058 secundum
622 3001 690 3056 de
717 3000 896 3056 Gloria
922 3003 1212 3074 Martyrum
1236 3012 1568 3072 nuncupant,
1594 3002 1890 3072 subiunxit,

307 3093 386 3147 uti
418 3108 481 3147 ex
503 3091 622 3162 ejus
655 3093 876 3162 prologo
903 3091 1191 3159 discimus,
1220 3093 1272 3146 in
1304 3108 1410 3161 quo
1443 3091 1642 3146 librum
1690 3106 1894 3161 praace—

2003 1899 2362 1950 enumerans,
2390 1884 2677 1938 llistoriam
2719 1899 2825 1937 non
2857 1883 3058 1937 laudat.
3092 1884 3231 1951 Quin
3259 1893 3315 1939 et
3352 1883 3584 1940 Miracu-

1999 1974 2174 2029 lorum
2207 1976 2371 2030 libros
2401 1991 2464 2030 ac
2491 1974 2636 2028 Vitas
2669 1985 2977 2029 sanctorum
3014 1990 3042 2028 a
3076 1990 3137 2029 se
3182 1975 3356 2030 editas
3387 1974 3586 2045 passim

2001 2067 2053 2121 in
2089 2066 2318 2120 llistoria
2351 2068 2524 2120 laudat
2555 2082 2571 2120 :
2603 2075 2658 2120 at
2689 2082 2952 2136 nusquam
2999 2065 3247 2121 Historia:
3281 2068 3332 2121 in
3364 2065 3581 2122 caeteris

1999 2160 2151 2216 libris
2175 2161 2486 2214 meminisse
2517 2160 2898 2228 legitur.Quod
2923 2175 3053 2216 sane
3079 2173 3454 2231 argumentum
3484 2171 3587 2226 est,

1998 2255 2073 2306 uti
2107 2253 2232 2306 mihi
2262 2253 2492 2314 videtur,
2527 2253 2925 2307 validissimum
2951 2294 2964 2317 ,
2993 2262 3222 2307 czeteros
3251 2251 3418 2307 libros
3459 2261 3585 2306 ante

2000 2341 2285 2396 Historiam
2318 2356 2345 2393 a
2378 2339 2635 2408 Gregorio
2656 2349 2906 2393 exaratos
2933 2341 3116 2395 fuisse.
3149 2339 3256 2394 Nec
3279 2339 3302 2409 j
3329 2349 3434 2392 tvat
3464 2354 3571 2408 op-

1998 2446 2200 2502 ponere
2231 2442 2388 2495 caput
2426 2431 2495 2485 50
2531 2431 2658 2485 libri
2701 2432 2769 2485 de
2811 2430 2992 2484 Gloria
3036 2430 3417 2485 Confessorum
3445 2472 3460 2496 ,
3492 2431 3584 2486 ubi

1998 2523 2288 2592 Gregorius
2317 2521 2355 2576 S
2384 2523 2682 2575 remonium
2715 2521 2960 2587 laudans,
2991 2535 3115 2574 eum
3147 2530 3222 2575 ait
3262 2538 3292 2572 a
3339 2521 3584 2576 Romanis

1997 2615 2247 2683 episcopis
2278 2630 2393 2666 cum
2425 2612 2645 2666 Gatiauo
2675 2622 2722 2667 et
2760 2614 2971 2683 reliquis
2998 2630 3128 2683 quos
3156 2615 3544 2667 memoravimus
3563 2655 3581 2681 ,

1997 2704 2050 2756 in
2076 2702 2278 2759 Gallias
2317 2705 2567 2758 directum
2617 2704 2803 2758 fuisse.
2841 2704 3053 2759 Etenim
3105 2705 3263 2773 paulo
3298 2707 3580 2774 superius,

1997 2795 2202 2848 scilicet
2243 2795 2419 2862 capite
2448 2795 2515 2847 9.7
2552 2794 2619 2849 de
2656 2795 2896 2848 Martiale
2942 2795 3196 2864 episcopo
3238 2794 3581 2852 Lemovicum

1998 2885 2125 2955 egit,
2151 2901 2306 2955 quem
2336 2903 2368 2938 a
2403 2885 2649 2939 Romanis
2689 2887 2911 2940 missum
2954 2899 3237 2942 memorat.
3267 2888 3582 2960 Dionysium

1999 2993 2126 3031 vero
2159 2978 2515 3033 Parisien-em
2557 2988 2610 3032 et
2657 2979 3008 3035 Saturninum
3035 2980 3146 3048 jam
3181 2981 3489 3036 laudaverat
3529 2982 3584 3035 in

1998 3070 2133 3124 libro
2163 3087 2175 3124 ι
2209 3072 2270 3124 de
2303 3069 2478 3126 Gloria
2507 3070 2818 3142 Martyrum.
2857 3072 3023 3127 Porro
3051 3073 3335 3128 Historiam
3369 3090 3473 3129 nun
3501 3090 3584 3129 se-

308 3182 520 3238 demem
556 3181 739 3236 lauda,
759 3222 773 3236 .
813 3181 888 3236 lbi
923 3197 1140 3252 quoque
1170 3191 1504 3236 memoratur
1536 3181 1676 3236 “bc,
1701 3196 1895 3236 seen",
1920 3163 1968 3226 ο
2002 3162 2102 3216 mel
2134 3173 2185 3216 et
2207 3162 2365 3217 simul
2393 3178 2421 3216 a
2453 3163 2713 3232 Gregorio
2743 3163 2939 3217 editam
2973 3163 3141 3219 fuisse
3172 3165 3318 3218 multi
3343 3176 3584 3229 censent,

307 3276 408 3330 dus
429 3275 496 3330 de
515 3276 687 3331 sancti
710 3275 922 3330 Martini
952 3275 1259 3330 virtutibus.
1288 3275 1406 3344 Quo
1429 3283 1672 3344 tempore
1697 3274 1894 3329 librum

309 3364 379 3420 de
405 3363 583 3420 Gloria
607 3364 990 3420 Confessorum
1021 3366 1359 3422 inchoaverit
1379 3407 1396 3433 ,
1426 3366 1670 3421 divinare
1691 3381 1796 3420 non
1832 3365 1897 3420 li-

308 3463 422 3509 cet:
442 3464 650 3508 atanno
669 3456 858 3511 saltem
881 3456 1008 3521 538,
1031 3457 1099 3511 ad
1121 3467 1281 3527 caput
1299 3474 1466 3528 usque
1486 3456 1554 3512 95
1571 3465 1896 3526 protractum

309 3545 477 3600 luisse
513 3545 810 3616 colligimus
859 3563 923 3602 ex
969 3562 1036 3602 eo
1083 3549 1224 3616 quod
1257 3549 1328 3604 ibi
1358 3548 1761 3614 Charimerem,
1804 3551 1896 3619 qui

308 3653 464 3701 nunc,
490 3637 682 3707 inquit,
707 3638 1015 3692 Childeberti
1037 3639 1248 3693 habetur
1271 3641 1668 3709 referendarius,
1693 3639 1893 3694 laudet.

309 3731 468 3783 Anno
503 3731 699 3786 etenim
747 3729 1085 3788 Cbildeberti
1135 3731 1236 3799 l5,
1268 3734 1318 3789 id
1363 3744 1477 3800 cst,
1511 3735 1712 3789 Christi
1758 3734 1894 3801 588,

303 3823 654 3879 Charimeres
692 3825 910 3893 Agirico
935 3824 1263 3880 Virdunensi
1301 3827 1588 3895 episcopo,
1619 3827 1736 3896 ipso
1767 3825 1900 3881 Gre-

310 3915 463 3984 gorio
486 3924 775 3971 attestante
799 3916 890 3971 lib.
919 3931 972 3971 tit
997 3917 1270 3982 Historiae,
1294 3919 1471 3987 capite
1491 3918 1586 3984 25,
1613 3920 1896 3973 successit.

307 4005 512 4061 Eodem
543 4005 767 4061 fortasse
792 4017 1032 4076 tempore
1060 4007 1331 4062 scribebat
1365 4008 1564 4062 librum
1591 4009 1808 4063 tertium
1833 4008 1900 4062 de

313 4100 482 4152 sancti
513 4099 724 4152 Martini
754 4100 1043 4165 Miraculis,
1071 4101 1122 4153 in
1161 4100 1315 4169 cujus
1346 4103 1522 4169 capite
1550 4101 1618 4154 ‘24
1648 4102 1896 4166 Aredins,

305 4190 401 4256 qui
446 4203 510 4242 ex
561 4188 677 4257 ipso
714 4188 976 4258 Gregorio
1017 4189 1153 4244 libro
1179 4205 1209 4242 x
1242 4190 1517 4252 Historiae,
1570 4189 1748 4254 capite
1791 4188 1894 4256 9.9,

311 4294 455 4333 anno
488 4279 550 4330 l6
581 4279 911 4334 Childeberti
942 4280 1117 4348 regis,
1148 4278 1198 4332 id
1231 4290 1313 4333 est
1349 4294 1491 4332 anno
1529 4278 1726 4334 Christi
1754 4276 1854 4332 531
1881 4318 1896 4343 ,

315 4370 443 4425 nbiit
468 4410 485 4434 ,
515 4371 688 4424 adhuc
731 4370 920 4424 vivens
958 4370 1232 4425 laudatur.
1261 4371 1526 4437 Quartum
1569 4369 1800 4438 denique
1831 4370 1897 4424 li-

313 4461 467 4514 brum
492 4461 561 4515 de
591 4461 834 4530 ejusdem
879 4461 1049 4516 sancti
1096 4463 1367 4516 Miraculis
1404 4469 1532 4516 ante
1560 4477 1758 4515 annum
1789 4461 1898 4516 594

2002 3256 2368 3310 existimantes
2398 3254 2628 3326 primum
2653 3256 2720 3307 ab
2751 3271 2815 3308 eo
2839 3256 3003 3309 libros
3028 3272 3120 3310 sex
3145 3258 3373 3326 scriptos
3403 3255 3590 3322 fuisse,

2001 3349 2205 3403 scilicet
2249 3347 2316 3402 ad
2361 3360 2588 3402 mortem
2644 3362 2810 3415 usque
2846 3345 3134 3417 Chilperici
3184 3348 3362 3418 regis,
3393 3348 3586 3420 quibus

2002 3440 2341 3510 postmodum
2372 3439 2508 3494 alios
2535 3447 2765 3508 quatuor
2796 3439 3081 3502 addidertt,
3104 3441 3287 3509 plures
3316 3441 3583 3506 editurus,

2001 3533 2044 3586 si
2076 3531 2126 3586 ei
2155 3533 2260 3586 vita
2286 3531 2594 3585 diuturnior
2622 3546 2652 3585 a
2684 3531 2794 3584 Deo
2824 3546 3079 3586 concessa
3123 3532 3334 3586 fuisset.
3372 3531 3428 3586 id
3459 3546 3590 3587 sane

2004 3624 2230 3694 ipsemet
2261 3624 2553 3693 Gregorius
2587 3624 2865 3679 insinuare
2899 3625 3108 3679 videtur
3136 3626 3185 3680 in
3223 3626 3343 3680 libri
3379 3626 3592 3696 septimi

2003 3718 2244 3787 prologo,
2277 3715 2363 3770 ubi
2395 3717 2566 3770 innuit
2597 3717 2833 3770 animum
2865 3718 2964 3770 sibi
2999 3733 3120 3772 esse
3146 3719 3434 3774 Historiam
3465 3735 3592 3775 con-

2004 3809 2283 3874 tinuandi,
2330 3824 2489 3878 quam
2539 3810 2591 3862 in
2644 3810 2912 3878 prioribus
2955 3809 3106 3865 libris
3153 3827 3183 3865 a
3228 3829 3287 3867 se
3337 3813 3497 3868 editis
3523 3816 3592 3873 ad

2001 3901 2288 3970 Ctiilperici
2321 3902 2598 3958 interitum
2631 3902 2964 3970 perductam,
3001 3904 3282 3973 reliquisse
3307 3905 3589 3961 videbatur

2003 3997 2392 4063 imperfectam.
2415 3993 2481 4048 Et
2501 3994 2713 4062 quidem
2733 3994 3084 4062 Fredegarius
3105 4011 3208 4050 noli
3227 3996 3406 4065 plures
3428 4013 3590 4068 quam

2005 4102 2098 4140 sex
2127 4087 2247 4138 illos
2275 4087 2482 4153 priores
2530 4083 2698 4136 libros
2728 4093 3083 4152 cogumerat,
3109 4086 3199 4154 qui
3227 4085 3552 4144 Chronicum
3574 4131 3590 4155 ,

2006 4190 2112 4245 quo
2140 4173 2382 4244 Gregorii
2407 4173 2694 4228 Historiam
2727 4171 3044 4229 continuare
3073 4184 3356 4240 statuerat,
3388 4195 3418 4232 a
3442 4179 3594 4234 Cbil<

2005 4267 2170 4337 periei
2193 4274 2369 4320 morte
2391 4264 2682 4320 inchoavit.
2705 4264 2812 4320 Nec
2836 4264 3019 4334 plures
3049 4267 3234 4322 habuit
3253 4270 3591 4341 Anonymus,

2002 4361 2092 4430 qui
2133 4360 2344 4428 scripsit
2388 4357 2546 4414 Gesta
2582 4357 2930 4413 Francorum.
2962 4358 3118 4415 Unde
3160 4365 3407 4431 quamvis
3437 4379 3590 4421 suam

2005 4450 2368 4504 narrationem
2427 4450 2493 4503 ad
2548 4448 2867 4504 Theoderici
2919 4449 3164 4505 Calensis
3228 4456 3591 4526 principatum

311 4567 422 4604 non
454 4552 621 4607 fuisse
649 4552 950 4607 abSolutum
976 4563 1124 4622 patet
1153 4569 1214 4608 ex
1239 4553 1357 4622 ejus
1377 4553 1549 4621 capite
1575 4553 1782 4622 quinto,
1810 4553 1895 4606 ubi

2008 4542 2339 4612 perduxerit,
2364 4552 2576 4596 narrata
2610 4552 2788 4597 tamen
2815 4542 3105 4611 Chilperici
3128 4547 3298 4611 caade,
3327 4564 3433 4618 qua
3467 4567 3592 4606 sex,

323 4656 573 4697 narratur
616 4644 970 4710 miraculum,
1017 4644 1159 4714 quod
1203 4645 1304 4699 hoc
1342 4646 1457 4712 ipso
1489 4658 1661 4710 anno,
1707 4659 1899 4714 nempe

308 4734 649 4789 Cbildeberti
676 4735 817 4805 regis
847 4736 913 4790 19
939 4736 1183 4805 contigit.
1217 4735 1345 4790 Post
1375 4734 1474 4789 hos
1500 4744 1679 4790 autem
1709 4750 1899 4790 omnes

307 4825 482 4881 libros
513 4829 826 4896 recognovit
856 4828 1047 4882 librum
1079 4829 1148 4882 de
1173 4827 1356 4883 Gloria
1398 4829 1782 4884 Confessorum
1803 4869 1816 4893 ,
1846 4829 1896 4883 in

313 4917 465 4984 cujus
497 4920 716 4987 prologo
754 4930 983 4974 cmteros
1025 4919 1095 4974 de
1145 4920 1420 4974 miraculis
1463 4920 1750 4990 inscriptos
1783 4922 1899 4974 lau-

303 5009 428 5063 dat.
457 5008 602 5063 Vitas
623 5023 752 5064 vero
779 5008 982 5078 aliquot
1007 5019 1316 5064 sanctorum
1347 5025 1480 5079 quas
1507 5010 1734 5064 seorsim
1771 5025 1812 5063 Si
1831 5010 1904 5063 ri-

304 5108 528 5168 pserat,
558 5115 664 5155 non
705 5101 805 5154 nisi
847 5101 1107 5156 extremis
1151 5102 1272 5154 vitae
1299 5116 1412 5155 suae
1454 5103 1611 5155 annis
1663 5103 1802 5156 libro
1835 5104 1902 5155 de

316 5191 455 5247 Vitis
484 5191 872 5248 Feliciosorum
895 5191 1211 5261 adjunxisse
1235 5192 1560 5263 colligimus,
1597 5192 1738 5261 quod
1772 5190 1902 5245 istas

309 5273 516 5351 passim
545 5283 645 5337 sub
671 5282 974 5338 libellorum
999 5280 1314 5350 specialium
1353 5283 1521 5337 titulis
1559 5282 1780 5337 laudare
1809 5297 1899 5336 so-

309 5374 441 5428 leat.
471 5374 579 5430 Sed
604 5374 820 5430 tandem
846 5389 1038 5430 omnes
1059 5372 1161 5428 sub
1182 5373 1340 5430 unico
1365 5374 1496 5429 Viue
1516 5385 1722 5443 patrum
1747 5375 1900 5430 titulo

309 5467 741 5536 coriipreltendit,
772 5469 954 5524 addito
982 5467 1228 5539 prologo,
1262 5466 1353 5537 qui
1379 5465 1646 5535 hodieque
1677 5467 1802 5524 huic
1831 5467 1900 5523 li-

316 5561 416 5616 bro
448 5561 700 5631 praefixas
728 5562 944 5632 legitur,
974 5562 1027 5618 in
1057 5577 1165 5632 quo
1194 5561 1331 5618 liber
1361 5563 1431 5618 de
1464 5561 1648 5618 Gloria
1668 5559 1746 5618 Co
1759 5562 1904 5618 nfeso

309 5665 499 5707 eorum
527 5663 879 5708 memoratur.

388 5767 478 5823 84.
503 5768 592 5823 Lis
623 5767 722 5823 luit
755 5766 893 5824 inter
923 5778 1168 5826 auctores
1196 5770 1488 5827 nonnullos
1521 5768 1677 5833 huius
1697 5769 1880 5826 sa‘culi

2007 4645 2092 4690 tus
2142 4637 2386 4704 Gregorii
2438 4635 2575 4690 liber
2618 4634 2819 4696 linitur,
2869 4636 3088 4690 omissis
3129 4640 3346 4694 t-zeteris
3387 4657 3509 4711 qua:
3539 4644 3593 4699 in

2007 4739 2236 4799 quatuor
2277 4726 2619 4794 Gregoriauze
2652 4726 2900 4782 Historiae
2939 4730 3294 4796 sequentibus
3327 4732 3477 4788 libris
3521 4736 3593 4790 le

2007 4829 2224 4889 guntur,
2259 4819 2455 4871 bellum
2503 4818 2643 4870 inter
2682 4817 3086 4872 Cliildebertum
3132 4829 3186 4873 et
3216 4822 3548 4882 Cltlotarium
3578 4868 3592 4892 ,

2009 4921 2292 4980 utrumque
2310 4910 2392 4963 sui
2416 4910 2643 4962 nominis
2669 4913 2987 4976 secundum,
3009 4912 3286 4975 describit,
3311 4917 3448 4984 quod
3474 4925 3596 4986 post

2011 5003 2326 5058 Guntramni
2362 5003 2500 5074 regis
2532 5012 2762 5056 mortem
2787 5044 2802 5068 ,
2837 5001 3148 5073 ﬁnitamque
3185 5005 3427 5074 Gregorii
3459 5009 3594 5067 inte-

2011 5109 2158 5164 gram
2201 5093 2490 5146 llismriatn
2531 5099 2743 5160 gestum
2774 5106 2896 5146 esse
2925 5103 3159 5148 constat.
3193 5093 3327 5148 Hinc
3369 5097 3420 5150 itt
3465 5112 3594 5152 non.

2011 5186 2174 5242 nullis
2202 5185 2477 5240 codicibus
2520 5184 2767 5253 scriptis,
2818 5186 2981 5240 etiam
3031 5190 3447 5256 vetustioribus,
3494 5207 3591 5248 sex

2008 5278 2346 5333 solummodo
2402 5275 2669 5332 habentur
2723 5277 3067 5346 Gregoriana:
3135 5277 3386 5333 lliswria:
3443 5279 3590 5337 libri.

2011 5373 2327 5442 Quanquam
2367 5370 2715 5426 Corbeicnsis
2763 5379 2820 5424 et
2867 5371 3297 5436 Bellovacensis,
3350 5374 3439 5443 qui
3489 5390 3593 5428 non

2012 5467 2179 5520 multo
2224 5472 2342 5534 post
2381 5461 2624 5532 Gregorii
2665 5461 2870 5516 obitum
2918 5462 3104 5532 scripti
3149 5463 3419 5531 videntur,
3472 5465 3594 5521 libri

2007 5558 2220 5628 septimi
2251 5559 2610 5626 fragmentum
2637 5554 2952 5610 exhibeant.

2081 5670 2171 5724 83.
2214 5668 2387 5723 Pauca
2418 5673 2708 5721 occurrunt
2733 5665 2802 5721 de
2831 5666 3079 5735 Gregorii
3124 5665 3382 5720 librorum
3425 5666 3595 5720 titulis

2011 5761 2363 5820 observanda.
2399 5757 2752 5814 Historiarum
2779 5757 2900 5814 libri
2931 5758 2986 5814 in
3012 5755 3380 5812 vetustissimo
3411 5772 3598 5811 inuria»
