4086 6328
552 280 613 336 Ἠ
1962 272 2117 330 ΡΒΕ

2219 270 2342 328 τιο.
3735 254 3802 307 7?-

526 394 697 457 μεωειῖί
725 390 1065 447 Corlieiensis
1101 389 1285 445 codice
1316 388 1544 443 Historia
1566 388 1917 449 ecclesiastica
1952 388 2123 442 Fran-
2152 392 2198 447 Α
2228 386 2351 440 dum
2400 390 2481 436 est
2532 376 2912 446 investigandis
2960 374 3201 435 Gregorii
3250 371 3419 426 nostri
3475 368 3801 437 nominibus,

550 504 728 541 eorum
774 485 1153 537 inscrilntntur.
1203 482 1369 548 Quem
1422 480 1652 543 titulum,
1687 490 1871 549 utpote
1910 494 2123 547 germa-

530 594 703 640 num,
735 587 790 631 et
824 575 983 629 rebus
1018 575 1068 626 in
1102 572 1205 626 illis
1230 570 1497 626 contentis
1536 572 1777 640 apprime
1801 569 2122 626 convenien-

546 679 681 729 tem,
706 662 801 718 viri
847 663 1045 718 erud.ti
1084 661 1299 717 cmteris
1330 659 1718 729 prmlerendum
1760 670 2121 715 censuerunt:

548 773 703 828 quem
738 757 855 812 ideo
888 757 940 809 in
972 754 1072 808 hac
1096 757 1287 815 fnestra
1318 752 1556 808 editione
1598 751 1961 805 adhibuimus.
2000 749 2123 804 Plc-

550 852 701 919 rique
729 848 815 903 alii
846 846 1057 900 codices
1098 844 1281 913 scripti
1310 858 1431 897 eum
1462 841 1619 896 editis
1662 839 1981 909 simpliciter
2025 838 2124 892 Ili-

549 943 758 994 storiam
789 936 1107 991 Francorum
1142 935 1443 1004 appellant;
1491 931 1736 987 nonnulli
1784 930 1911 987 item
1942 929 2126 997 scripti

551 1030 706 1084 Gesta
738 1028 1077 1081 Francorum.
1110 1024 1461 1094 Frequentius
1496 1038 1624 1076 vero
1671 1020 1814 1090 apud
1862 1020 2126 1089 sequioris

553 1121 723 1175 aetatis
754 1130 996 1172 auctores
1042 1115 1142 1170 sub
1182 1114 1446 1169 Chronica:
1488 1123 1579 1168 aut
1624 1112 1865 1166 Chronici
1910 1113 2125 1166 nomine

552 1210 852 1271 lalttluntur,
886 1217 938 1260 ut
961 1206 1070 1272 jam
1094 1220 1124 1259 a
1155 1204 1310 1258 nobis
1331 1203 1671 1257 observatum
1699 1213 1798 1256 est.
1830 1200 2126 1270 Sequentes

550 1298 754 1357 septem
784 1287 947 1341 libros
985 1284 1255 1339 communi
1285 1281 1543 1338 vocabulo
1567 1282 1721 1335 libros
1744 1292 1931 1351 septem
1965 1279 2126 1332 Mira-

547 1384 780 1434 culorum
825 1381 1058 1450 appellnt
1089 1378 1377 1446 Gregor'us
1426 1376 1539 1445 ipse
1591 1376 1641 1428 in
1691 1375 1795 1430 line
1842 1375 2123 1436 Historias,

549 1475 741 1540 quibus
770 1481 823 1526 et
850 1471 1088 1525 nonnulli
1115 1470 1260 1523 Vitas
1276 1466 1800 1537 Patrumadjungunt
1826 1468 1925 1519 sub
1946 1464 2124 1519 octavi

547 1565 915 1618 Mraculorum
944 1562 1062 1615 libri
1090 1561 1322 1616 nomine.
1355 1563 1420 1613 At
1450 1561 1588 1613 hunc
1618 1559 1717 1612 sub
1745 1557 1962 1627 speciali
1994 1556 2126 1610 Vittz

552 1655 767 1707 Patrum
813 1655 966 1708 t-tulo
1006 1668 1035 1706 a
1078 1652 1285 1708 caneris
1334 1650 1613 1720 distinguit
1664 1647 1955 1717 Gregorius
2004 1648 2122 1701 loco

2227 491 2385 547 quem
2414 489 2444 528 a
2468 482 2615 542 patre
2646 471 2994 533 Florentium,
3027 468 3095 521 ab
3121 480 3222 519 avo
3266 462 3552 532 Georgium
3600 475 3801 530 cogno-

2228 567 2484 621 minatum
2519 563 2681 616 luisse
2710 568 2938 615 constat.
2970 556 3283 625 Quanquam
3308 570 3372 608 ex
3401 552 3803 606 amauuensium

2227 656 2355 709 vitio
2386 668 2761 722 nonnunquim
2788 650 2945 719 paulo
2964 648 3117 702 aliter
3148 646 3261 701 lucc
3290 644 3506 700 nomina
3530 643 3581 698 in
3607 642 3804 697 codici—

2226 749 2324 804 bus
2352 748 2549 817 scripta
2573 746 2932 800 inveniuntur.

2299 837 2383 891 Ill.
2406 865 2475 878 -—
2496 835 2583 891 86.
2615 833 2836 890 Carolus
2864 831 3106 887 Cointius
3136 824 3567 899 c0ngregationis
3610 824 3804 878 Orato-

2228 928 2292 983 rii
2323 926 2580 982 Gallicani
2627 924 2927 995 presbyter.
2958 924 3037 975 vir
3062 918 3258 989 pietate
3293 928 3346 973 et
3374 915 3678 971 eruditione
3707 927 3802 967 ce-

2231 1016 2413 1083 lebris,
2432 1015 2659 1071 Annales
2683 1011 3087 1067 Ecclesiasticos
3116 1008 3445 1062 Francorum
3473 1002 3583 1073 jam
3617 1003 3682 1055 ab
3705 1001 3806 1054 ali-

2233 1119 2364 1178 quot
2393 1104 2547 1161 anuis
2578 1105 2865 1174 evulgavit,
2904 1104 2956 1157 in
2987 1114 3210 1171 quorum
3241 1097 3411 1167 primo
3440 1106 3493 1149 et
3517 1094 3690 1149 altero
3710 1107 3806 1144 vo-

2234 1201 2432 1255 lumine
2462 1200 2532 1254 ita
2562 1195 2804 1267 Gregorii
2836 1193 3002 1249 nostri
3034 1188 3189 1258 libris
3217 1202 3343 1243 usus
3371 1196 3477 1251 est,
3504 1192 3565 1239 ut
3592 1178 3697 1238 non
3722 1196 3808 1235 so-

2239 1293 2344 1347 lum
2377 1291 2495 1345 loca
2518 1289 2716 1357 aliquot
2742 1287 2807 1340 ad
2831 1283 3196 1341 illustrandum
3219 1280 3393 1351 gentis
3419 1286 3617 1331 nostris
3642 1275 3809 1329 histo—

2234 1382 2390 1447 riam,
2418 1386 2511 1433 aut
2540 1375 2924 1431 conciliandam
2955 1372 3112 1428 rebus
3144 1386 3173 1424 a
3219 1385 3276 1425 se
3314 1368 3543 1423 narratis
3571 1364 3807 1419 auctori-

2228 1482 2389 1527 tatem
2443 1470 2746 1533 adduxerit,
2804 1482 2987 1521 verum
3034 1465 3194 1519 etiam
3234 1463 3438 1530 integra
3469 1460 3582 1529 ipsa
3632 1456 3808 1527 capita

2226 1562 2421 1634 passim
2454 1560 2819 1630 descripserit.
2878 1560 2945 1613 At
2990 1572 3110 1612 cum
3156 1555 3211 1609 in
3257 1553 3545 1608 nonnullos
3588 1549 3806 1605 codices

2224 1656 2473 1723 scriptos,
2499 1662 2555 1709 et
2583 1653 2794 1722 quidem
2826 1648 3225 1720 antiquissimos
3247 1690 3261 1713 ,
3294 1648 3347 1701 in
3380 1646 3572 1717 quibus
3605 1643 3809 1712 aliquot

551 1746 787 1810 laudato,
813 1728 899 1797 ubi
920 1753 976 1799 et
1004 1743 1056 1797 in
1084 1741 1322 1796 Psaltert't'
1345 1750 1615 1795 tractatum
1644 1738 1834 1793 librum
1866 1754 2047 1803 unum,
2071 1750 2117 1791 et

2229 1745 2559 1817 vulgatarum
2584 1741 2875 1798 editionum
2910 1742 3083 1809 capita
3106 1739 3478 1794 desiderantur
3507 1734 3806 1795 incidisset,

547 1840 767 1890 alterum
807 1838 869 1890 de
909 1835 1138 1888 cursibus
1178 1834 1537 1888 ecclesiasticis
1576 1848 1606 1887 a
1645 1847 1703 1888 se
1749 1832 1927 1886 editos
1974 1846 2122 1885 com-

549 1936 834 1982 memorat.
866 1926 1125 1985 Caeterum
1154 1926 1293 1979 idem
1325 1924 1613 1994 Gregorius
1643 1922 1865 1992 singulis
1892 1921 2118 1975 Miracu-

552 2019 722 2071 lorum
756 2017 907 2071 libris
940 2031 1093 2070 suum
1126 2030 1389 2084 quemque
1437 2014 1645 2067 titulum
1678 2013 2001 2082 peculiarem
2042 2018 2123 2064 at-

546 2106 729 2160 tribuit
769 2108 819 2160 in
853 2106 1075 2176 prologo
1120 2104 1237 2159 libri
1273 2105 1338 2158 de
1387 2104 1565 2158 Gloria
1594 2102 1991 2168 Conlessorum,
2034 2101 2121 2157 ubi

550 2202 748 2268 primus
778 2200 842 2253 de
870 2198 1140 2253 miraculis
1174 2198 1377 2251 Domini
1409 2213 1470 2252 ac
1507 2207 1815 2252 sanctorum
1844 2197 2121 2266 Apostolo-

544 2302 659 2340 rum
683 2302 742 2340 ac
766 2287 1090 2353 reliquarum
1138 2288 1444 2356 Martyrum,
1479 2301 1598 2357 qua:
1642 2286 1902 2340 hactenus
1950 2286 2121 2341 latue-

546 2386 693 2438 rant,
718 2376 940 2440 dicitur;
974 2376 1239 2439 secundus
1280 2375 1348 2430 de
1393 2375 1676 2431 virtutibus
1710 2376 1878 2429 sancti
1920 2374 2117 2429 Juliani

549 2465 815 2537 Martyris,
843 2482 998 2535 quem
1047 2474 1291 2520 sanctum
1337 2466 1609 2534 specialem
1656 2482 1805 2519 suum
1849 2477 2122 2537 patronum

550 2570 927 2623 nonnunquam
963 2556 1217 2624 appellat,
1248 2555 1388 2625 quod
1436 2554 1487 2609 in
1517 2556 1635 2624 ejus
1677 2557 1891 2611 basilica
1936 2558 2124 2612 Briva-

538 2648 689 2699 'tensi
723 2645 986 2699 enutritus
1026 2645 1334 2715 aliquandiu
1387 2644 1611 2700 fuisset:
1642 2654 1872 2715 quatuor
1893 2661 2123 2716 sequen-

550 2745 629 2790 tes
648 2737 713 2791 de
735 2738 1016 2793 virtutibus
1036 2738 1201 2791 sancti
1228 2736 1436 2791 Martini
1460 2738 1797 2806 appellantur
1818 2756 1831 2804 ;
1859 2740 2117 2808 septimus

544 2829 611 2883 de
639 2830 987 2900 quorumdam
1022 2829 1395 2884 Fcliciosorum
1424 2846 1542 2897 seu,
1569 2842 1625 2886 ut
1654 2833 1850 2888 habent
1881 2834 2121 2889 nonnulli

540 2922 775 2990 codices,
814 2921 1179 2993 lteligiosorum
1233 2922 1377 2987 Vita;
1411 2923 1625 2977 ultimus
1654 2922 1883 2993 denique
1927 2924 1993 2979 de
2024 2926 2121 2979 mi-

544 3011 736 3064 raculis
766 3010 1167 3066 Gonfcssorum.
1213 3012 1374 3066 Paulo
1404 3012 1562 3067 aliter
1582 3011 1670 3067 alii
1700 3015 1915 3069 eosdem
1959 3016 2122 3070 libros

544 3102 598 3156 in
635 3105 795 3156 variis
842 3104 1111 3158 codicibus
1162 3104 1480 3160 inscribunt.
1529 3105 1769 3161 Priorem
1814 3105 1955 3161 enim
1987 3123 2120 3162 non-

528 3202 806 3264 nunquam
835 3197 1018 3249 librant
1045 3199 1093 3249 in
1120 3197 1283 3268 gloria
1308 3211 1400 3253 seu
1433 3199 1495 3250 de
1516 3198 1681 3271 g’orin
1714 3198 1997 3267 Martyrum
2019 3216 2113 3270 ap-

509 3274 770 3353 pellant,
805 3302 961 3355 quem
1006 3292 1163 3341 etiam
1213 3289 1373 3357 aliqui
1418 3290 1645 3359 primum
1679 3290 1892 3352 librum,
1940 3298 1994 3345 et
2034 3306 2118 3344 so-

540 3387 791 3446 quentem
822 3378 889 3432 de
934 3378 991 3433 S.
1025 3378 1253 3446 Juliano,
1292 3380 1481 3432 librum
1529 3394 1692 3433 secun
1716 3384 1820 3433 lum
1870 3383 1921 3433 in
1952 3382 2116 3449 gloria

534 3468 830 3539 Martyrum
861 3485 1172 3538 nuncupare
1194 3471 1383 3523 Solent.
1408 3468 1496 3524 Sic
1522 3473 1682 3525 etiam
1715 3471 1849 3525 liber
1876 3473 2115 3542 ingloria

542 3560 901 3631 Confessorum
931 3561 1101 3614 dictus
1132 3563 1384 3625 occurrit,
1417 3562 1506 3630 qui
1556 3562 1607 3619 in
1640 3561 1906 3617 Chronico
1945 3565 2114 3620 sancti

524 3652 763 3723 'Bcnigni
812 3652 1050 3705 laudatur
1080 3650 1175 3703 sub
1208 3652 1360 3703 titulo
1392 3652 1507 3703 libri
1542 3651 1606 3705 de
1654 3653 1771 3705 viris
1805 3655 2110 3708 illustribus.

526 3743 793 3798 Nonnulli
825 3752 1000 3796 autem
1028 3741 1321 3810 postltttbil't
1345 3742 1587 3811 Gregorii
1610 3744 1882 3800 librorum.
1906 3746 2026 3798 licet
2048 3745 2116 3800 ab

526 3844 609 3889 ‘eo
639 3837 753 3904 ipso
788 3834 1250 3902 facta,;divisione,
1281 3835 1436 3887 aliam
1472 3836 1787 3888 invexerunt
1816 3848 1935 3890 cum
1963 3837 2113 3889 novis

541 3928 727 3982 titulis.
761 3926 813 3981 ld
839 3926 890 3980 in
920 3926 1105 3980 codice
1137 3925 1460 3979 Floriacensi
1492 3926 1560 3979 ab
1588 3926 1741 3980 annis
1770 3928 1984 3981 circiter
2009 3926 2113 3981 600

539 4028 754 4071 cxzirato
800 4018 1219 4082 nliserttavimus,
1255 4017 1305 4069 in
1337 4031 1441 4082 quo
1476 4018 1702 4083 primum
1735 4016 2020 4071 exhibetur
2051 4017 2110 4069 li-

544 4109 639 4162 ber
665 4112 732 4162 de
772 4110 950 4162 Gloria
985 4109 1273 4177 Martyrum
1319 4110 1418 4161 sub
1451 4124 1545 4161 suo
1577 4108 1749 4170 titulo,
1818 4119 1927 4162 tum
1978 4108 2110 4162 Vitas

544 4203 755 4255 Patrum
784 4202 881 4253 sub
911 4201 1063 4253 titulo
1110 4202 1224 4254 libri
1257 4203 1473 4255 secundi
1514 4220 1526 4253 ε
1560 4190 1683 4269 post
1707 4203 1847 4257 hunc
1890 4204 2112 4256 habetur

542 4294 679 4347 liber
708 4292 775 4345 de
803 4289 980 4343 Gloria
1011 4290 1414 4355 Coulessorum,
1459 4293 1545 4359 qui
1593 4291 1662 4344 ibi
1690 4292 1883 4345 dicitur
1909 4292 2110 4360 Grego~

540 4384 603 4434 rii
655 4380 983 4434 Turonensis
1029 4379 1162 4432 liber
1190 4378 1395 4433 tertius.
1450 4383 1525 4432 An
1580 4379 1758 4447 plures
1792 4380 2107 4443 exstiterint,

539 4475 829 4527 observare
860 4486 964 4524 non
1005 4469 1175 4538 licuit,
1208 4469 1404 4523 avulsis
1444 4483 1472 4523 a
1500 4469 1683 4524 codice
1712 4467 1851 4523 loliis
1886 4484 2112 4538 sequen-

539 4564 697 4614 tibus.
752 4564 823 4614 tta
870 4559 919 4613 in
949 4560 1131 4614 codice
1171 4559 1477 4614 monasterii
1506 4560 1675 4614 sancti
1706 4559 1944 4614 Audoeni
1972 4562 2111 4628 apud

545 4653 931 4721 [lnthonmgum
964 4651 1203 4721 ejusdem
1235 4652 1428 4717 tntatis,
1455 4660 1629 4706 exstat
1659 4652 1794 4705 liber
1822 4655 2010 4706 unicos
2047 4668 2111 4707 ex

543 4746 788 4815 capitulis
812 4745 1013 4813 aliquot
1032 4743 1287 4798 librorum
1302 4742 1369 4797 de
1396 4743 1575 4797 Gloria
1598 4742 1886 4812 Martyrum
1911 4742 2115 4798 etCon«

545 4840 823 4902 ﬁssorum,
876 4837 1183 4905 aliquotque
1236 4836 1368 4890 Vitis
1411 4836 1623 4890 Patrum
1677 4837 2115 4902 consarcinatns,

541 4930 640 4983 sub
686 4931 787 4982 hoc
833 4927 1015 4992 titulo,
1066 4926 1273 4996 Georgii
1318 4924 1571 4979 Florentii
1616 4925 1845 4996 Gregorii
1896 4927 2115 4982 Turonis

541 5020 765 5088 episcopi
817 5020 879 5071 de
929 5018 1193 5071 Miracult‘s
1248 5029 1536 5071 sanctorum
1584 5018 1731 5071 liber.
1778 5020 1945 5075 Simili
2006 5025 2115 5077 lere

542 5112 701 5165 modo
724 5110 966 5178 permixti
994 5116 1117 5163 sunt
1138 5112 1184 5161 'n
1209 5108 1392 5162 codice
1412 5107 1628 5179 Collegii
1655 5107 1969 5162 Parisiensis
1985 5108 2109 5164 Soc.

542 5205 668 5256 Je~u
698 5202 816 5255 libri
866 5216 961 5256 seu
1016 5203 1192 5270 potius
1239 5201 1435 5266 aliquot
1463 5202 1691 5269 capitula
1743 5201 1997 5256 librorum
2045 5203 2114 5257 de

547 5290 725 5343 Gloria
759 5290 1044 5359 Martyrum
1076 5302 1124 5343 et
1157 5287 1553 5352 Confessoruto,
1582 5290 1679 5341 sub
1707 5289 1802 5343 hac
1850 5291 2004 5344 unica
2034 5289 2117 5344 in-

545 5378 871 5449 scriptione:
910 5380 1095 5447 Incipit
1136 5380 1260 5431 liber
1313 5378 1686 5432 Mraculornm
1731 5378 1939 5448 Georgii
1984 5378 2115 5433 Flo-

542 5474 689 5526 rentii
725 5471 958 5541 Gregorii
1004 5473 1225 5539 episcopi
1254 5471 1306 5524 in
1335 5469 1512 5525 Gloria
1545 5472 1879 5539 plurimorum
1926 5483 2118 5541 marty-

544 5579 655 5616 rum
678 5580 762 5617 seu
788 5564 1157 5634 confessorum.
1184 5562 1289 5617 Sed
1320 5562 1432 5617 lucc
1456 5564 1676 5616 minoris
1705 5572 1829 5616 sunt
1858 5564 2117 5617 momenti

541 5670 697 5709 uuam
729 5664 787 5709 ut
817 5653 983 5709 fusius
1013 5664 1424 5720 pertractentur.
1459 5653 1566 5709 Nec
1597 5654 1794 5709 diutius
1825 5655 2114 5709 immoran-

2226 1837 2279 1891 in
2324 1836 2559 1889 animum
2606 1830 2811 1887 induxit
2849 1848 2910 1886 ea
2959 1831 3070 1899 ipsa
3102 1830 3168 1883 ab
3216 1829 3396 1897 aliquo
3426 1825 3808 1895 interpolatore

2224 1926 2571 1997 ‘Gregoriantn
2616 1924 2865 1978 Historiae
2918 1919 3091 1976 addita
3122 1919 3313 1983 luisse;
3345 1918 3573 1985 ideoque
3599 1915 3809 1984 quoties

2222 2016 2400 2086 aliqua
2431 2016 2656 2071 recurrit
2685 2017 2917 2079 OCCJSlO,
2946 2028 3007 2067 ea
3042 2011 3226 2081 rejecit
3258 2010 3420 2064 veluti
3469 2010 3671 2077 Spuria,
3715 2015 3806 2059 aut

2225 2118 2396 2172 certe,
2428 2108 2471 2161 si
2501 2122 2566 2161 ex
2606 2105 2707 2160 illis
2735 2104 2988 2159 nonnulla
3037 2102 3101 2156 ad
3149 2115 3263 2155 rem
3305 2114 3455 2154 suam
3488 2098 3712 2164 faciant,
3742 2111 3804 2150 ea

2226 2198 2328 2251 sub
2356 2196 2759 2265 interpolatoris
2807 2193 3023 2247 nomine
3065 2191 3286 2261 profert,
3336 2190 3488 2258 cujus
3525 2188 3807 2242 auctorita-

2227 2296 2332 2342 tem
2363 2288 2530 2340 multo
2559 2285 2882 2355 Gregoriana
2908 2283 3165 2337 minorem
3196 2296 3316 2336 esse
3342 2280 3539 2335 debere
3580 2287 3808 2334 conten.-

2222 2376 2321 2429 dit.
2366 2377 2497 2431 Cum
2544 2390 2672 2429 vero
2700 2390 2803 2430 non
2858 2390 3020 2429 unum
3066 2371 3400 2427 solummodo
3439 2380 3529 2425 aut
3583 2370 3809 2426 alterum

2228 2475 2409 2536 caput,
2443 2466 2539 2523 sed
2570 2467 2841 2535 Complura
2875 2466 3069 2533 passim
3098 2480 3193 2534 per
3237 2472 3400 2517 totam
3441 2461 3687 2532 Gregorii
3714 2460 3809 2515 lli-

2224 2561 2446 2615 storiam
2476 2559 2718 2630 diSpersa
2750 2575 2815 2614 eo
2841 2559 2997 2613 modo
3024 2557 3338 2626 interpolata
3385 2555 3548 2609 fuisse
3577 2567 3810 2609 censue~

2225 2652 2297 2706 rit
2322 2661 2375 2706 et
2401 2651 2677 2721 scripserit
2702 2651 2782 2704 vir
2807 2649 3076 2711 eruditus;
3113 2661 3216 2702 non
3248 2645 3380 2701 levis
3409 2647 3665 2700 momenti
3688 2659 3811 2699 esse

2223 2745 2399 2798 visum
2433 2753 2599 2798 estea
2630 2742 2697 2797 de
2729 2756 2785 2795 re
2813 2739 2983 2795 iusius
3014 2748 3071 2794 et
3099 2738 3399 2793 accuratius
3428 2738 3719 2805 inquirere,
3742 2749 3811 2791 ne

2224 2843 2319 2888 aut
2345 2834 2473 2888 lalsa
2505 2849 2600 2903 pro
2629 2820 2854 2887 sinceris
2875 2830 3119 2900 Gregorii
3146 2830 3403 2899 operibus
3432 2829 3808 2893 obtrudautur,

2223 2932 2319 2977 aut
2341 2933 2488 2979 certe
2516 2938 2639 2979 vera
2667 2934 2720 2978 et
2740 2924 2972 2993 genuina
3001 2921 3239 2977 debitam
3264 2920 3494 2990 perdant
3515 2921 3809 2975 auctorita-

2224 3026 2354 3071 tem.
2399 3015 2468 3073 Ut
2496 3031 2627 3072 vero
2668 3016 2722 3071 in
2752 3014 3115 3085 expendendis
3161 3028 3224 3069 ea
3269 3014 3337 3070 de
3384 3028 3443 3069 re
3483 3014 3809 3082 argumentis

2148 3120 2193 3181 (ζ
2226 3110 2365 3164 nulla
2398 3108 2700 3165 suboriatur
2729 3107 2992 3175 conlusio,
3032 3106 3267 3162 rationes
3296 3117 3429 3175 quas
3474 3106 3565 3159 ille
3594 3106 3647 3159 in
3697 3118 3810 3159 sum

2222 3202 2492 3270 opinionis
2541 3199 2894 3270 patrocinium
2947 3197 3205 3263 adducit,
3250 3196 3559 3268 singillatim
3607 3211 3810 3264 expen-

2220 3294 2409 3347 tlendtc
2455 3302 2597 3347 sunt.
2636 3292 2723 3346 Eae
2755 3300 2878 3346 sunt
2906 3290 3127 3345 omnino
3158 3297 3267 3344 tres
3312 3305 3325 3340 :
3357 3287 3583 3356 pl’itnall
3625 3303 3688 3342 ex
3720 3303 3811 3342 co-

2219 3386 2400 3439 dicum
2425 3383 2907 3451 manuscriptorum
2925 3380 3241 3435 auctoritate
3264 3380 3489 3448 repetit;
3518 3378 3810 3432 secundum

2218 3492 2282 3531 ex
2317 3475 2640 3545 Fredegario
2665 3472 2906 3544 Gregorii
2932 3473 3132 3527 steculo
3166 3472 3394 3541 septimo
3422 3472 3808 3539 epiton'atore;

2218 3569 2427 3622 tertiam
2453 3567 2684 3635 denique
2708 3579 2771 3619 ex
2804 3565 2929 3633 styli
2958 3563 3290 3629 dbersitate,
3324 3577 3386 3617 ac
3417 3562 3577 3617 variis
3603 3564 3809 3616 eventi-

2217 3658 2334 3723 bus,
2365 3658 2453 3726 qui
2487 3656 2538 3710 in
2569 3655 2833 3725 ejusmodi
2876 3654 3140 3724 capitibus
3166 3653 3494 3718 referuntur,
3533 3667 3667 3722 quos
3696 3664 3749 3708 et
3776 3666 3809 3706 a

2217 3748 2438 3801 veritate
2473 3747 2732 3801 historica
2791 3746 3015 3811 alienos,
3048 3756 3104 3800 et
3132 3745 3291 3815 plane
3318 3744 3539 3799 sinceris
3567 3743 3808 3813 Gregorii

2215 3836 2409 3891 fetibus
2440 3839 2716 3905 oppositos
2763 3847 2947 3891 censet
2972 3852 2987 3890 :
3012 3848 3131 3904 qua:
3160 3836 3373 3903 quidem
3421 3846 3730 3905 argumenta
3762 3836 3808 3891 si

2216 3929 2358 3980 nulla
2398 3942 2520 3981 esse
2557 3927 3140 3991 demonstraverimus,
3201 3933 3417 3979 corruet
3473 3927 3568 3979 viri
3610 3928 3807 3982 eruditi

2215 4020 2501 4081 sententia,
2531 4016 2798 4086 stabitque
2842 4016 3157 4071 inconcussa
3193 4014 3437 4085 Gregorii
3468 4030 3688 4086 operum
3721 4021 3806 4072 in-

2216 4106 2457 4173 tegritas.

2283 4196 2370 4251 87.
2428 4195 2654 4251 Codices
2703 4196 3046 4265 Gregoriance
3095 4196 3348 4252 Historias
3404 4199 3805 4270 manuscriptos

2213 4287 2434 4339 omnino
2483 4288 2718 4355 quinque
2764 4286 2865 4341 sibi
2917 4288 3065 4342 visos
3103 4287 3269 4343 luisse
3318 4288 3392 4342 ait
3422 4289 3685 4357 Gointius,
3733 4305 3802 4346 ex

2214 4377 2405 4445 quibus
2435 4378 2605 4431 nullus
2636 4390 2734 4442 est,
2765 4379 2854 4448 qui
2886 4379 3145 4448 integram
3202 4380 3510 4445 Historiam,
3541 4382 3714 4451 qualis
3746 4384 3800 4437 in

2140 4486 2190 4547 ι)
2216 4466 2445 4534 vulgatis
2471 4476 2663 4535 exstat,
2697 4478 3069 4537 repraesentet.
3118 4470 3271 4535 Quod
3323 4469 3667 4525 manifestum
3699 4470 3803 4539 ipsi

2219 4557 2427 4612 videtur
2456 4558 2875 4627 interpolationis
2905 4560 3161 4615 indicium
3188 4578 3201 4614 :
3234 4575 3356 4616 cum
3404 4563 3573 4617 multo
3603 4562 3806 4630 proba-

2222 4649 2379 4703 bilius
2430 4651 2696 4704 existimet
2744 4652 2986 4719 qua-dam
3052 4650 3216 4706 fuisse
3259 4652 3327 4707 ab
3379 4654 3805 4722 exscriptoribus

2221 4742 2420 4805 ddita,
2454 4758 2611 4810 quam
2644 4745 2851 4810 integro
2877 4753 2934 4798 et
2959 4758 3215 4814 germano
3242 4744 3391 4814 operi
3416 4746 3672 4800 detracm.
3696 4745 3804 4801 Ve-

2220 4848 2334 4887 rum
2368 4834 2489 4905 licet
2522 4835 2620 4887 hoc
2665 4846 3035 4903 argumentum
3069 4836 3207 4890 haud
3238 4837 3509 4892 immerito
3539 4839 3804 4893 validissi-

2224 4936 2365 4975 mum
2393 4920 2602 4976 Cointio
2628 4925 2799 4977 visum
2826 4926 2915 4988 sit,
2938 4928 3134 4994 quippe
3159 4928 3251 4997 qui
3283 4927 3483 4981 nullum
3516 4929 3679 4982 alium
3704 4944 3802 4982 co-

2222 5015 2391 5068 ἀίει-ιη
2432 5017 2664 5069 novisset
2692 5016 2971 5087 integram,
3002 5027 3057 5071 ut
3102 5019 3155 5072 in
3185 5020 3343 5074 editis
3374 5019 3634 5087 habetur,
3666 5020 3801 5075 Gre-

2222 5107 2352 5177 gorii
2403 5108 2690 5163 Historiam
2738 5111 3123 5175 continentem,
3182 5112 3307 5167 illud
3366 5122 3540 5169 tamen
3602 5114 3799 5168 nullius

2221 5200 2476 5253 momenti
2507 5200 2636 5253 viris
2662 5200 2907 5267 eruditis,
2941 5211 2997 5256 ut
3020 5216 3202 5271 spero,
3230 5204 3517 5271 videbitur,
3543 5218 3666 5260 cuni
3690 5219 3797 5258 non

2209 5290 2394 5344 solum
2420 5291 2634 5347 codices
2657 5292 2931 5348 codicibus
2957 5295 3386 5363 opposuerimus.
3418 5310 3602 5351 verum
3632 5295 3797 5350 etiam

2206 5378 2763 5437 idemonstraverimus
2791 5384 3006 5439 codices
3048 5397 3164 5449 eos,
3212 5386 3305 5454 qui
3338 5386 3617 5440 Historiam
3662 5386 3797 5439 inte-

2220 5485 2366 5538 gram
2398 5473 2690 5535 continent.
2710 5476 2877 5529 multo
2907 5474 3127 5543 majoris
3154 5489 3274 5531 esse
3304 5476 3635 5530 auctoritatis
3655 5475 3793 5535 aliis,

2220 5576 2352 5627 quos
2376 5578 2439 5616 ex
2474 5564 2589 5630 ipso
2634 5566 2793 5618 etiam
2841 5565 3055 5619 Cointio
3101 5568 3317 5620 mutilos
3347 5576 3395 5620 et
3451 5564 3798 5632 imperfectos

2219 5666 2337 5708 esse
2368 5654 2731 5723 probabimus,
2767 5664 2823 5709 ut
2856 5662 2979 5724 pote
3008 5657 3096 5726 qui
3129 5658 3411 5726 genuinam
3437 5656 3675 5724 Gregorii
3701 5655 3765 5709 lli
