4086 6328
326 316 389 372 13
1770 311 1912 370 PB}!

2016 303 2147 365 mo
2680 382 2688 389 σ
3530 312 3605 369 γι

308 426 554 493 storiam,
580 425 699 497 ipso
712 426 885 483 etiam
917 424 1140 494 fatente,
1157 424 1420 498 integram
1448 438 1561 484 non
1584 424 1896 485 exhibeam.

2016 441 2218 496 videtur
2241 437 2518 507 Cointius;
2551 438 2648 494 sed
2675 447 2882 496 certum
2915 450 3020 512 est,
3053 440 3263 500 etiamsi
3298 443 3597 503 fuerintin-

306 516 389 575 Ad
423 536 535 577 rem
568 523 745 590 itaque
774 520 1075 576 veniamus.

380 614 469 670 88.
515 615 579 668 Et
610 614 838 683 primum
871 614 1087 685 quidem
1114 612 1377 670 habemus
1404 629 1515 686 pra:
1544 614 1791 672 manibus
1812 630 1905 672 co-

310 707 486 764 dicem
518 710 736 779 Optimae
783 718 923 763 notae
951 723 1018 765 ex
1050 708 1374 765 bibliotheca
1414 711 1724 767 monasterii
1774 710 1906 766 Bec-

309 804 486 859 censis
515 804 567 859 in
613 804 962 872 Normaunia,
1014 804 1081 859 ab
1112 806 1266 861 annis
1297 806 1513 861 circiter
1550 806 1904 875 septingentis

307 898 584 968 eleganter
608 906 664 953 et
690 880 938 953 accurate
966 897 1319 967 descriptum,
1356 899 1408 953 in
1439 913 1548 968 quo
1590 913 1659 954 ne
1686 898 1903 953 unicum

310 992 525 1061 quidem
575 1000 735 1061 caput
782 991 1012 1062 vulgata:
1043 992 1285 1062 Gregorii
1331 991 1586 1047 Historiae
1631 992 1905 1049 desidera—

315 1097 417 1141 tur.
450 1086 745 1142 Habuimus
790 1096 846 1142 et
875 1086 1038 1141 alium
1092 1101 1158 1142 ex
1188 1085 1518 1141 monasterio
1549 1085 1905 1157 Regiimontis

310 1178 530 1235 Ordinis
579 1177 957 1235 Cisterciensis
1004 1180 1057 1234 in
1085 1178 1303 1233 dioecesi
1351 1178 1718 1234 Bellovacensi
1761 1176 1905 1233 haud

309 1274 489 1329 minus
518 1273 808 1344 integrum,
840 1281 1071 1343 excepto
1100 1288 1208 1328 uno
1237 1281 1331 1327 aut
1359 1273 1532 1329 altero
1562 1274 1683 1329 libri
1730 1273 1903 1328 ultimi

312 1368 508 1438 capite,
542 1382 662 1437 quae
690 1370 760 1423 ob
788 1368 1026 1423 detracta
1074 1366 1244 1422 codici
1277 1366 1482 1437 aliquot
1528 1366 1655 1422 folia
1686 1367 1899 1424 desunt.

311 1462 551 1519 Tertium
584 1463 904 1533 proferimus
945 1478 1010 1518 ex
1058 1459 1195 1518 sacri
1241 1461 1555 1518 monasterii
1583 1458 1904 1532 |Casinensis

311 1559 362 1613 in
395 1559 545 1615 Italia
578 1558 873 1628 percelebri
912 1560 1264 1624 bibliotheca,
1313 1558 1504 1615 litteris
1533 1556 1901 1627 Langobardi-

312 1652 390 1705 cis
420 1654 487 1706 ab
514 1654 669 1707 annis
695 1653 914 1707 circiter
944 1651 1301 1722 septingentis
1332 1658 1425 1705 aut
1453 1649 1687 1721 amplius
1716 1663 1904 1705 exara-

312 1752 445 1807 tum,
471 1753 630 1818 teste
658 1744 966 1800 Mabillonio
996 1752 1207 1812 nostro,
1239 1743 1402 1814 cujus
1434 1758 1540 1798 non
1591 1743 1766 1798 solum
1812 1756 1905 1797 va-

2010 534 2415 605 terpolationes,
2448 535 2503 589 in
2551 536 2824 592 codicibus
2870 538 3039 594 multo
3074 540 3461 597 vetustioribus
3508 543 3605 597 ha-

2007 627 2145 685 beri.
2179 626 2310 682 Post
2338 627 2480 683 hunc
2512 628 2738 685 Mathias
2773 629 3040 701 lllyrieus,
3090 631 3440 703 Marquardus
3476 633 3606 690 Fre-

2009 721 2194 789 herus,
2225 722 2423 792 aliique
2450 722 2553 777 viri
2574 722 2719 779 docti
2740 724 2989 780 eamdem
3016 725 3309 781 Historiam
3332 725 3599 798 integram

2008 817 2254 884 edidere,
2279 825 2335 873 et
2361 816 2579 887 quidem
2611 818 2678 872 ad
2730 819 2946 875 codices
2994 822 3385 893 manuscriptos
3412 836 3602 878 emen-

2014 910 2195 965 datam
2221 910 2637 979 etillustratam,
2660 920 2719 965 ut
2740 911 2959 981 ipsimet
2980 912 3277 970 affirmant:
3295 930 3396 971 nec
3423 923 3604 970 tamen

2008 1018 2236 1074 usquam
2281 1012 2605 1059 monuerunt
2658 1004 2824 1059 multa
2869 1006 2921 1059 in
2978 1007 3089 1060 suis
3134 1006 3410 1063 codicibus
3456 1006 3601 1062 desi-

2008 1098 2207 1166 derari,
2231 1113 2349 1169 qua:
2378 1097 2638 1169 Gregorio
2663 1106 2845 1152 assuta
2887 1107 3190 1154 censerent.
3224 1099 3371 1154 idem
3413 1099 3603 1154 dicen-

2008 1188 2135 1245 dum
2164 1188 2231 1244 de
2260 1188 2494 1244 Andreae
2524 1185 2744 1242 Chesnii
2772 1186 3029 1256 editione,
3059 1204 3214 1259 quam
3243 1203 3303 1245 se
3334 1191 3400 1244 ad
3441 1188 3600 1258 quin-

2009 1300 2114 1355 que
2139 1284 2355 1340 codices
2408 1283 2802 1352 manuscriptos
2833 1282 3113 1351 diligenter
3142 1282 3458 1339 emendasse
3480 1298 3606 1353 pro-

2008 1376 2211 1432 ﬁtetur.
2270 1376 2477 1431 Praeter
2528 1375 2663 1431 istos
2724 1373 2944 1430 codices
3012 1374 3068 1428 in
3122 1375 3317 1444 quibus
3369 1374 3601 1429 llistoria

2009 1469 2255 1539 Gregorii
2304 1468 2511 1539 integra
2568 1466 2840 1537 descripta
2892 1476 2972 1522 est
3002 1510 3017 1536 ,
3069 1466 3330 1522 habemus
3377 1474 3434 1522 et
3469 1465 3606 1521 alios

2007 1563 2333 1634 complures,
2366 1572 2421 1619 et
2460 1562 2678 1631 quidem
2708 1561 3131 1628 vetustissimos,
3161 1561 3252 1631 qui
3286 1576 3393 1616 non
3422 1560 3604 1624 minus

2007 1671 2183 1713 causa:
2210 1664 2409 1712 nostrae
2455 1655 2875 1725 patrocinantur,
2922 1670 3042 1711 cum
3090 1654 3142 1709 in
3174 1653 3280 1709 illis
3321 1660 3609 1708 occurrant

2007 1764 2072 1805 ea
2120 1748 2295 1819 capita
2343 1747 2444 1803 sub
2488 1746 2733 1818 Gregorii
2764 1744 3094 1801 Turonensis
3124 1744 3367 1811 nomine,
3415 1758 3533 1814 quae
3575 1757 3609 1798 a

311 1839 417 1896 rias
447 1839 706 1894 lectiones
748 1839 1072 1908 accepimus,
1100 1838 1195 1894 sed
1248 1846 1302 1892 et
1329 1837 1642 1908 singillatim
1664 1837 1902 1891 omnium
1934 1848 1984 1909 Β
2010 1841 2223 1898 Cointio
2254 1841 2574 1911 interpolata
2604 1839 2963 1909 appellantur.
2996 1838 3138 1893 Talis
3169 1847 3253 1893 est
3280 1837 3387 1892 vita
3429 1836 3604 1892 sancti

311 1935 542 2003 capitum
574 1935 795 1999 seriem,
824 1947 853 1986 a
886 1933 1000 1986 viro
1036 1932 1122 2001 pio
1154 1933 1354 2001 pariter
1380 1932 1670 1987 et.erudito
1700 1929 1899 1985 domno

312 2029 539 2084 Erasmo
568 2044 597 2083 a
625 2029 792 2084 Gaeta
821 2028 977 2098 hujus
1004 2028 1105 2083 loci
1135 2028 1273 2083 sacri
1298 2027 1703 2082 bibliothecario
1727 2036 1780 2082 et
1823 2026 1900 2081 vi-

313 2131 458 2175 cario
489 2121 723 2189 generali
764 2122 828 2173 ad
862 2136 961 2175 nos
992 2120 1365 2175 transmissam
1396 2136 1410 2174 :
1442 2136 1510 2175 ex
1550 2135 1652 2190 qua
1682 2118 1899 2189 quidem

313 2215 472 2279 serie,
497 2225 548 2268 et
570 2215 733 2268 variis
761 2214 1085 2269 lectionibus
1112 2213 1589 2283 deprehendimus,
1624 2213 1766 2283 quod
1788 2212 1901 2283 jam

316 2306 447 2360 mihi
478 2315 729 2362 tesnatnm
761 2307 955 2374 fuerat,
989 2324 1055 2363 ne
1086 2309 1298 2363 unicum
1341 2310 1554 2377 quidem
1596 2316 1759 2378 caput
1809 2307 1903 2362 illo

319 2398 371 2451 in
402 2399 585 2453 codice
611 2398 927 2455 desiderari.
962 2400 1105 2455 Duos
1138 2402 1265 2455 item
1298 2400 1513 2455 codices
1551 2415 1618 2455 ex
1647 2399 1905 2454 Romanis

317 2490 656 2548 bibliothecis
704 2493 945 2561 ejusdem
978 2495 1053 2548 rei
1085 2492 1251 2548 vades
1281 2493 1560 2559 habemus,
1607 2508 1673 2549 ex
1718 2493 1905 2549 Galliis

318 2582 540 2639 Romam
572 2586 779 2640 delatos
810 2603 838 2641 a
868 2586 1138 2642 Christina
1172 2586 1377 2642 Sueciae
1421 2587 1623 2656 regina,
1670 2600 1903 2656 quorum

317 2678 455 2732 alter
498 2678 553 2733 in
599 2679 860 2734 Vaticana
910 2681 1257 2749 bibliotheca,
1306 2682 1443 2737 alter
1475 2696 1605 2736 vero
1638 2679 1690 2735 in
1716 2680 1906 2736 biblio—

317 2768 479 2824 theca
522 2771 927 2826 eminentissimi
959 2773 1247 2829 cardinalis
1289 2773 1541 2830 Ottoboni
1571 2784 1901 2829 asservatur.

319 2858 432 2915 Hos
457 2872 636 2916 autem
671 2862 953 2932 diligenter
975 2864 1212 2935 inspexit
1241 2876 1295 2921 et
1322 2866 1907 2922 examinavit‘domnus

318 2952 569 3009 Claudius
599 2955 979 3026 Stephanotius
1009 2968 1210 3015 nostra:
1248 2958 1690 3031 Congregatiouis
1716 2960 1769 3015 in
1813 2974 1910 3016 cu-

318 3044 399 3099 ria
458 3046 698 3105 Romana
728 3060 1043 3121 procurator
1076 3053 1363 3124 generalis,
1397 3064 1556 3123 atque
1586 3054 1804 3109 omnino
1832 3054 1910 3109 in-

321 3144 500 3207 tegros
527 3155 649 3199 esse
677 3144 1005 3210 observavit,
1053 3157 1279 3215 excepto
1321 3147 1513 3204 ultimo
1565 3149 1739 3220 capite
1788 3147 1907 3202 libri

2008 1936 2202 1991 Briccii
2256 1935 2309 1989 in
2358 1934 2746 2002 antiquissimis
2774 1931 3103 1987 lectionariis
3147 1929 3408 2002 Gregorio
3436 1928 3610 1983 Turo-

2009 2030 2161 2085 nensi
2219 2027 2506 2092 attributa,
2567 2027 2741 2081 sancti
2790 2025 2956 2083 Salvii
3010 2025 3312 2095 Albigeusis
3369 2019 3609 2093 episcopi

2008 2134 2159 2194 gesta
2208 2122 2262 2176 in
2294 2121 2478 2176 codice
2503 2119 2720 2190 Majoris
2749 2119 3079 2181 Monasterii.
3119 2129 3175 2173 et
3222 2117 3326 2173 alia
3374 2117 3606 2187 passim,

2005 2230 2126 2285 qua:
2156 2214 2464 2282 singillatim
2515 2227 2797 2269 recensere
2857 2227 2962 2267 non
3013 2222 3185 2267 vacat.
3239 2213 3308 2266 At
3359 2211 3611 2265 omittere

2007 2322 2114 2360 non
2160 2307 2285 2362 licet
2333 2316 2567 2361 veterem
2616 2320 2881 2359 canonum
2931 2303 3431 2375 professionumque
3484 2302 3611 2356 fidei

2008 2400 2387 2456 collectionem
2419 2414 2484 2455 ex
2524 2384 2710 2453 codice
2741 2396 3084 2464 Fossatensi,
3120 2411 3261 2451 nunc
3301 2395 3613 2450 Colbertino

2007 2494 2354 2562 descriptam,
2386 2492 2443 2547 in
2469 2508 2572 2563 qua
2604 2492 2848 2560 Gregorii
2880 2492 3047 2547 nostri
3077 2492 3279 2561 aliquot
3308 2489 3609 2559 fragmenta

2009 2589 2084 2643 ita
2117 2588 2422 2652 laudantur,
2455 2596 2513 2641 ut
2541 2602 2607 2641 ex
2659 2585 2868 2657 integra
2919 2584 3055 2656 ejus,
3089 2586 3300 2655 qualem
3331 2599 3448 2639 eam
3493 2596 3616 2638 esse

2010 2696 2441 2753 propugnamus,
2491 2680 2729 2734 Historia
2776 2695 2840 2735 ea
2885 2679 3165 2747 desumpta
3218 2678 3383 2732 fuisse
3415 2691 3612 2745 negare

2009 2790 2119 2831 non
2152 2776 2329 2830 liceat.
2365 2774 2442 2830 lbi
2472 2774 2615 2829 enim
2648 2774 2889 2843 Gregorii
2920 2772 3239 2841 disceptatio
3267 2770 3335 2826 de
3366 2771 3471 2825 fide
3508 2783 3604 2824 ca-

2008 2869 2207 2925 tholica
2238 2884 2363 2923 cum
2389 2868 2638 2939 Agilane,
2675 2867 2973 2937 Leuvigildi
3005 2866 3148 2935 regis
3181 2866 3380 2934 legato,
3430 2863 3613 2919 lauda-

2012 2970 2102 3016 tur
2132 2962 2232 3015 sub
2263 2961 2418 3015 titulo
2449 2960 2808 3014 Altercatiom's
2839 2958 2903 3013 de
2927 2959 3031 3027 ﬁde
3054 2956 3339 3024 Trinitatis,
3367 2956 3507 3027 quod
3538 2955 3616 3024 fe—

2012 3055 2082 3109 cit
2110 3052 2393 3124 Gregorius
2416 3051 2724 3106 Toronensis
2746 3050 3032 3122 cpiswpus,
3055 3049 3193 3119 quod
3216 3058 3288 3102 est
3316 3049 3370 3101 in
3403 3047 3535 3100 libro
3557 3061 3612 3110 ν,

2015 3148 2182 3216 capite
2234 3146 2327 3212 45,
2360 3154 2413 3200 et
2445 3144 2603 3215 paulo
2634 3151 2754 3212 post
2800 3142 2967 3196 altera
2998 3156 3156 3210 quam
3198 3146 3317 3194 cum
3359 3137 3616 3206 Opilane,

322 3230 536 3297 decimi,
569 3238 712 3307 quod
761 3239 813 3295 in
859 3241 1219 3296 Ottoboniano
1270 3243 1456 3299 codice
1503 3259 1606 3298 non
1660 3244 1907 3300 habetur.
1941 3244 1988 3308 C
2019 3243 2203 3298 itidem
2235 3237 2539 3306 Leuvigildi
2565 3237 2766 3306 legato,
2819 3234 3286 3302 habuitexrerpta
3315 3230 3510 3285 dicitur
3550 3245 3618 3283 ea:

323 3325 542 3382 Sextum
586 3332 830 3389 codicem
861 3336 1015 3391 nobis
1046 3336 1350 3407 suppeditat
1383 3348 1532 3406 pater
1571 3339 1842 3395 Modestus
1880 3355 1911 3395 a

321 3426 509 3477 sancto
537 3424 767 3479 Amabili
795 3441 861 3482 ex
890 3426 1091 3485 Ordine
1130 3431 1535 3490 Carmelitarum
1581 3437 1914 3491 exealceato—

322 3520 465 3578 rum,
496 3513 587 3581 qui
614 3516 669 3570 in
714 3516 1024 3574 Honarchia
1055 3533 1241 3578 sancta
1267 3526 1509 3581 codicem
1546 3527 1913 3583 Claromonta-

325 3616 453 3658 num
502 3604 718 3674 laudat,
775 3611 829 3666 in
877 3627 984 3682 quo
1039 3613 1362 3684 Gregoriana
1419 3617 1647 3673 Historia
1699 3635 1766 3673 ne
1808 3635 1914 3674 uno

326 3698 541 3767 quidem
571 3702 745 3772 capite
766 3704 927 3760 editis
960 3708 1174 3764 brevior
1205 3718 1305 3765 est.
1336 3712 1614 3777 Eumdem,
1648 3722 1739 3767 aut
1769 3721 1917 3769 certe

325 3790 564 3848 similem
594 3794 858 3863 codicem,
892 3799 984 3868 qui
1013 3801 1279 3873 hodieque
1310 3805 1448 3869 apud
1480 3804 1799 3860 Carmelitas
1824 3820 1917 3859 ex-

325 3885 594 3944 calceatos
624 3890 953 3947 Claromonti
983 3904 1247 3961 servatur,
1276 3898 1513 3967 inspexit
1544 3912 1605 3953 ac
1633 3898 1919 3968 diligenter

326 3984 554 4039 contulit
584 3995 768 4042 noster
794 3986 983 4043 Petrus
1014 3988 1339 4045 Laurentius
1383 3992 1679 4047 monachus
1722 3991 1920 4047 Illidia-

326 4090 449 4146 nus,
479 4086 639 4148 atque
676 4094 799 4135 eum
843 4082 1063 4135 omnino
1086 4083 1352 4151 integrum
1382 4098 1504 4139 esse
1535 4083 1915 4152 deprehendit.

327 4165 574 4238 Septimi,
607 4181 662 4226 et
684 4172 898 4241 quidem
920 4172 1136 4241 vetusti,
1182 4175 1385 4231 codicis
1417 4176 1662 4231 notitiam
1691 4174 1920 4231 Guillel—

331 4273 419 4315 mo
448 4260 666 4318 Morelio
720 4264 999 4329 debemus,
1044 4281 1211 4336 quem
1258 4283 1321 4322 ex
1372 4267 1698 4323 bibliotheca
1748 4270 1920 4323 sancti

330 4353 546 4410 Martini
575 4356 904 4414 Turonensis
930 4374 987 4415 se
1016 4362 1288 4428 accepisse
1317 4362 1531 4428 fatetur,
1564 4364 1616 4417 in
1657 4378 1764 4434 quo
1806 4378 1922 4419 om-

335 4449 423 4502 nia
471 4453 693 4506 omnino
718 4455 891 4521 capita
944 4463 1289 4511 controversa
1336 4457 1606 4513 exstitisse
1640 4458 1917 4527 discimus,

331 4555 439 4595 non
491 4543 663 4599 solum
695 4560 762 4600 ex
793 4552 974 4601 textus
1003 4547 1414 4614 emendatione,
1449 4550 1543 4605 sed
1569 4559 1623 4605 et
1664 4564 1730 4605 ex
1760 4550 1922 4604 variis

2017 3337 2145 3392 libro
2177 3352 2249 3405 vt,
2281 3339 2445 3436 capite
2477 3331 2566 3395 40,
2606 3346 2723 3403 qua:
2753 3328 2967 3403 quidem
3012 3341 3140 3382 vera
3187 3340 3310 3381 esse
3341 3339 3447 3379 non
3491 3336 3619 3393 pos-

2016 3445 2163 3501 sunt,
2197 3435 2240 3489 si
2271 3407 2539 3501 ea‘capita
2570 3448 2634 3487 ex
2667 3432 2915 3501 Gregorii
2962 3426 3115 3485 libris
3145 3425 3453 3494 demuntur,
3500 3438 3620 3491 qua:
3698 3407 3720 3427 ⁸

2017 3524 2261 3582 Cointius
2296 3524 2411 3578 vult
2440 3537 2559 3578 esse
2589 3524 2929 3593 interpolata.
2979 3522 3108 3577 Nam
3136 3523 3307 3591 prima
3351 3522 3468 3575 haec
3509 3517 3620 3573 dis-

2020 3621 2223 3689 putatio
2249 3618 2402 3687 juxta
2444 3615 2640 3670 Cointii
2673 3617 2935 3671 calculum
2966 3616 3020 3670 in
3068 3613 3255 3670 codice
3282 3611 3616 3675 Corbeiensi,

2019 3722 2178 3781 caput
2207 3712 2267 3767 3i
2298 3709 2419 3765 libri
2447 3724 2501 3779 v,
2535 3710 2704 3765 altera
2736 3725 2863 3767 vero
2888 3716 3051 3779 caput
3071 3706 3142 3763 26
3171 3707 3292 3763 libri
3321 3705 3619 3778 sequentis,

2021 3804 2325 3861 constituit.

2094 3898 2183 3953 89.
2236 3899 2525 3955 Codicibus
2570 3898 2748 3968 itaque
2800 3897 3098 3952 Cointianis
3127 3894 3341 3951 codices
3386 3894 3619 3962 opponi-

2022 4005 2160 4061 mus,
2192 4000 2247 4046 et
2270 3992 2488 4061 quidem
2513 3990 2714 4045 mutilis
2738 3998 2793 4044 et
2824 3988 3149 4058 imperfectis
3179 3987 3418 4057 integros
3439 3996 3491 4042 et
3518 3986 3621 4041 mi-

1998 4084 2168 4139 ‘nime
2199 4084 2435 4139 vitiatos.
2461 4081 2693 4139 Codices
2723 4081 2865 4136 enim
2898 4096 2925 4135 a
2952 4080 3164 4137 Cointio
3189 4080 3388 4136 laudati
3420 4081 3504 4135 vel
3546 4094 3611 4134 eo

2023 4177 2243 4233 nomine
2290 4178 2389 4231 hac
2438 4178 2490 4231 in
2522 4185 2670 4247 parte
2714 4176 2915 4231 nostris
2961 4176 3282 4231 auctoritate
3332 4172 3617 4229 inferiores

2022 4268 2231 4325 censeri
2261 4268 2485 4335 debent,
2516 4268 2657 4338 quod
2698 4268 2751 4323 in
2784 4268 2894 4324 illis
2920 4268 3170 4324 omnibus
3202 4268 3364 4322 multa
3407 4267 3620 4323 deside-

2024 4371 2233 4425 rentur,
2259 4376 2379 4430 qua:
2404 4360 2491 4415 vel
2524 4363 2639 4428 ipso
2666 4361 2865 4414 fatente
2895 4359 3125 4424 Cointio,
3158 4359 3223 4414 ad
3252 4358 3497 4430 Gregorii
3523 4359 3617 4414 Hi-

2028 4455 2251 4509 Storiam
2292 4454 2583 4524 pertinent.
2616 4452 2797 4509 Codex
2848 4454 3045 4523 quippe
3086 4454 3486 4509 Bellovaceueis
3529 4453 3623 4508 lii-

2027 4547 2209 4601 storia:
2259 4546 2605 4617 Gregoriante
2653 4547 3008 4615 fragmentum
3067 4549 3244 4615 potius
3295 4547 3397 4602 dici
3438 4547 3620 4615 debet,

331 4633 655 4691 lectionibus
704 4640 772 4693 ab
820 4641 922 4695 isto
955 4642 1143 4697 codice
1184 4643 1504 4713 desumptis,
1556 4660 1689 4713 quas
1720 4647 1771 4699 in
1815 4660 1912 4701 sua

2032 4653 2189 4708 quam
2220 4638 2334 4707 ipsa
2362 4637 2606 4706 Gregorii
2641 4637 2894 4701 Historia,
2927 4646 2983 4690 ut
3009 4649 3133 4706 pore
3161 4639 3249 4707 qui
3283 4638 3457 4706 capite
3494 4639 3527 4691 5
3558 4638 3622 4691 Ιί-

331 4726 584 4783 editionis
613 4730 905 4799 appendice
933 4731 1045 4800 ipse
1095 4733 1346 4789 Morelius
1396 4736 1599 4805 retulit,
1632 4753 1699 4792 ex
1729 4737 1924 4807 quibus

333 4820 534 4887 passim
569 4821 841 4876 nonnullae
883 4833 1170 4878 occurrunt
1212 4824 1277 4877 ad
1304 4824 1503 4893 capita,
1542 4843 1659 4895 quae
1682 4829 1924 4883 Cointius

332 4916 627 4967 resecanda
659 4925 869 4979 censet,
915 4915 1271 4984 pertinentes.
1306 4912 1565 4971 Octavum
1597 4918 1705 4973 vidi
1754 4921 1805 4974 in
1837 4920 1920 4975 bi-

331 5002 600 5061 bliotheca
631 5006 945 5062 monasterii
996 5021 1197 5063 sancta:
1242 5010 1521 5065 Trinitatis
1564 5011 1923 5069 Vindocinen-

333 5097 430 5161 sis,
464 5100 553 5167 qui
601 5101 814 5171 quidem
872 5116 977 5156 non
1028 5102 1209 5170 plures
1239 5118 1396 5172 quam
1439 5104 1673 5173 quinque
1719 5107 1923 5173 priores

335 5188 587 5245 Historiae
638 5192 803 5246 libros
848 5194 1225 5263 complectitur
1252 5210 1372 5249 cum
1428 5195 1550 5250 libri
1583 5197 1719 5250 sexti
1745 5197 1923 5263 titulo,

336 5282 432 5338 sed
480 5286 662 5338 omnia
709 5284 931 5339 omnino
986 5290 1176 5339 horum
1228 5287 1486 5341 librorum
1540 5289 1736 5357 capita,
1785 5288 1923 5358 quod

338 5376 676 5442 potissimum
727 5385 811 5431 est
855 5375 1244 5433 controversia!
1298 5384 1492 5442 caput,
1548 5386 1922 5443 repraesentat.

338 5467 432 5524 His
461 5470 598 5525 adde
645 5472 909 5527 editiones
952 5471 1194 5542 Gregorii
1226 5470 1486 5541 vulgatas,
1523 5485 1655 5538 quas
1702 5487 1831 5526 sane
1858 5472 1924 5525 ad

336 5560 552 5617 codices
618 5564 861 5634 integros
931 5563 1098 5618 fuisse
1161 5571 1441 5619 accuratas
1496 5577 1653 5617 nemo
1699 5562 1921 5617 inficiari

338 5661 537 5719 petest.
568 5652 729 5710 Certe
760 5654 850 5723 qui
883 5655 1086 5724 primus
1116 5654 1359 5725 Gregorii
1399 5654 1683 5708 Historiam
1712 5655 1925 5724 evulga-

338 5747 413 5799 vit
438 5746 758 5802 Guillelmus
787 5748 1011 5814 Parvus,
1041 5747 1157 5807 has.
1185 5750 1259 5802 uti
1284 5756 1439 5801 vocat
1464 5744 1729 5812 Cointius,
1763 5749 1928 5802 inter—

338 5839 638 5909 polationes
667 5843 734 5898 de
764 5859 864 5899 suo
893 5857 1002 5899 non
1032 5842 1237 5898 addidit
1263 5859 1273 5893 :
1308 5841 1451 5912 quod
1484 5847 1661 5898 tamen
1708 5841 1930 5897 innuere

661 5960 934 6024 Panos.
982 5957 1211 6022 LXXI.

2028 4730 2112 4785 bii
2135 4746 2172 4784 ιι
2198 4729 2404 4799 incipit,
2436 4737 2492 4784 et
2520 4729 2716 4783 desinit
2747 4730 2923 4797 capite
2950 4729 3021 4783 25
3048 4729 3171 4783 libri
3196 4745 3246 4783 v.
3272 4729 3621 4785 Corbeiensis

2029 4836 2158 4876 vero
2189 4822 2404 4874 mutilus
2444 4821 2657 4890 quidem
2693 4832 2799 4873 non
2829 4828 2933 4885 est,
2962 4829 3018 4873 at
3043 4836 3146 4874 non
3196 4820 3295 4875 nisi
3326 4836 3419 4875 sex
3461 4822 3625 4875 libros

2007 4918 2237 4990 priores
2286 4913 2524 4979 exhibet,
2575 4914 2791 4967 caeteris
2842 4910 3076 4978 omissis,
3132 4925 3325 4982 praeter
3373 4913 3491 4966 libri
3552 4927 3625 4967 vit

2028 5007 2409 5077 fragmentum,
2462 5006 2623 5076 quod,
2660 5006 2797 5061 sicut
2826 5017 2880 5061 et
2924 5006 2974 5061 in
3005 5004 3192 5060 codice
3235 5004 3624 5071 Bellovaccnsi,

2030 5101 2129 5153 sub
2162 5099 2320 5153 finem
2354 5098 2471 5151 libri
2502 5114 2550 5152 tv
2584 5098 3040 5153 habetur.~Codex
3074 5097 3439 5161 Colbertinus,
3462 5112 3620 5165 quem

2031 5191 2344 5246 Thuancutn
2383 5190 2643 5258 Valesius,
2675 5192 2842 5246 sancti
2872 5189 3146 5245 Michaelis
3171 5188 3414 5243 Cointius
3438 5191 3623 5260 appelw

2031 5282 2126 5347 lat,
2177 5291 2316 5337 totus
2368 5291 2551 5337 noster
2600 5292 2701 5348 est,
2748 5285 2793 5337 si
2841 5284 3073 5351 aliquam
3128 5280 3287 5336 [idem
3333 5294 3623 5339 mereatur.

2030 5377 2248 5428 Avulsis
2278 5391 2472 5445 nempe
2503 5379 2570 5429 ab
2604 5393 2670 5431 eo
2700 5375 3067 5444 compluribus
3099 5380 3560 5448 quaternionibus,
3592 5398 3621 5436 a

2031 5468 2203 5536 capite
2230 5469 2295 5522 17
2327 5469 2443 5523 libri
2474 5472 2612 5526 sexti
2644 5470 2852 5524 initium
2880 5469 3064 5537 sumit,
3098 5486 3199 5527 nec
3227 5471 3423 5528 deinde
3453 5474 3619 5529 ullum

2033 5562 2251 5617 omnino
2280 5566 2480 5617 omittit
2506 5564 2821 5634 capitulum.
2848 5563 3137 5621 Thuaneus
3158 5581 3252 5622 seu
3280 5564 3624 5620 Colbertinns

2035 5659 2192 5721 alter,
2223 5656 2313 5726 qui
2344 5674 2371 5709 ιι
2404 5656 2615 5711 Cointio
2644 5657 2811 5710 sancti
2844 5656 3072 5724 Arnulﬁ,
3104 5674 3197 5713 seu
3229 5656 3502 5712 Mettensis
3543 5657 3626 5709 di-

2035 5751 2191 5813 citur,
2246 5750 2396 5804 initi»
2446 5767 2509 5805 ex
2563 5751 2761 5806 codicis
2810 5754 2942 5806 vitio
3009 5751 3398 5822 imperfectus,
3455 5751 3622 5804 multa

2039 5842 2234 5899 deinde
2260 5842 2461 5898 omittit
2488 5861 2498 5897 :
2532 5845 2673 5915 quod
2700 5854 2891 5917 sponte
2919 5847 3113 5901 factum
3140 5855 3246 5913 est,
3272 5843 3435 5899 immo
3460 5850 3516 5898 et
3552 5844 3627 5901 ita

3102 5963 3143 6021 3
