4086 6328
486 325 552 383 75
1957 315 2056 372 PB.

2162 315 2349 373 'ATIO.
3713 315 3776 374 τε.

440 416 449 486 ί
479 438 710 506 incaute,
742 448 797 493 ut
828 454 1026 496 nonum
1053 449 1107 496 et
1133 439 1398 495 decimum
1433 438 1682 494 Historiae
1727 436 2076 506 Gregorianae
2101 437 2152 495 Α
2184 435 2250 488 tis
2279 435 2526 490 Historiae
2555 439 2842 501 amatores,
2879 432 3110 491 maxime
3137 435 3191 491 in
3223 435 3513 505 provinciis
3556 435 3624 490 ab
3671 436 3772 490 Ar-

444 507 452 535 ²
479 528 650 585 libros
679 530 1001 596 confuderit,
1037 542 1094 587 ut
1123 531 1392 586 Chronico
1421 527 1732 598 Fredegarii
1761 528 1902 583 inter
1942 527 2074 582 Gre-

477 623 613 696 gorii
637 639 798 694 opera
830 626 1007 682 locum
1039 626 1194 681 daret
1220 625 1318 686 sub
1351 622 1472 677 tibri
1503 639 1533 677 x
1581 622 1828 678 Historiae
1864 621 2073 691 Grego-

481 716 653 774 rianze
675 719 848 773 titulo.
883 718 1108 786 Quintus
1139 717 1371 787 denique
1397 717 1710 772 Cointianus
1740 715 1906 770 codex
1929 731 1962 772 e
1984 731 2074 772 re-

475 811 559 880 gia
605 811 927 868 bibliotheca
957 811 1044 866 vix
1073 820 1302 881 quatuor
1323 810 1492 864 libros
1519 809 1926 877 complectitur,
1963 816 2070 864 tam

473 905 806 975 negligenter
827 905 1155 975 descriptos,
1189 912 1248 958 ut
1277 905 1422 958 inter
1451 904 1625 972 capita
1653 918 1772 971 quae
1813 904 1864 958 in
1897 901 2074 959 indice

474 1006 864 1066 memorantur,
885 1007 939 1052 et
968 999 1080 1068 ipsa
1112 997 1345 1067 capitula
1371 998 1423 1051 in
1453 996 1588 1051 libro
1614 997 1905 1066 descripta,
1930 997 2070 1052 nulla

473 1087 545 1143 sit
569 1092 963 1145 convenientia.
992 1091 1162 1146 Immo
1189 1090 1326 1146 liber
1353 1100 1575 1160 quartus
1595 1089 1792 1146 desinit
1821 1091 1872 1145 in
1897 1091 2072 1160 capite

476 1182 566 1251 17,
597 1191 652 1238 et
697 1192 873 1239 tamen
905 1185 1063 1254 hujus
1109 1184 1228 1238 libri
1263 1185 1439 1239 omnia
1486 1184 1718 1254 capitula
1752 1184 1803 1238 in
1836 1183 2073 1239 indiculo

469 1273 571 1342 ipsi
605 1275 826 1344 prteﬁxo
852 1285 1238 1330 memorantur.
1271 1275 1386 1330 Non
1411 1284 1588 1330 tamen
1627 1276 1850 1330 mutilus
1875 1284 1960 1329 est
1980 1290 2073 1330 co-

470 1364 570 1420 dex
603 1381 619 1418 :
651 1365 746 1420 sed
797 1375 920 1433 post
969 1367 1066 1419 hos
1117 1365 1368 1421 Historia:
1420 1365 1584 1420 libros
1636 1365 1689 1420 in
1730 1380 1796 1420 eo
1827 1365 2072 1436 sequitur

469 1456 678 1513 Adonis
707 1457 1013 1512 Chronicon
1046 1458 1234 1512 eadem
1278 1458 1501 1514 omnino
1531 1473 1688 1514 manu
1714 1458 2066 1530 descriptum.

536 1551 630 1606 90.
678 1549 800 1605 Alio
843 1551 971 1606 item
1009 1563 1326 1621 argumento
1374 1553 1627 1621 probatur
1663 1567 1908 1623 magnam
1962 1568 2067 1608 non

467 1658 589 1699 esse
609 1642 1010 1698 Cointianorum
1036 1644 1277 1699 codicum
1302 1647 1672 1700 auctoritatem
1689 1645 1754 1699 ad
1772 1659 1952 1699 reseca
1962 1645 2066 1700 nda

467 1749 532 1788 ex
564 1733 824 1803 Gregorio
873 1735 1152 1805 complura
1203 1735 1455 1790 Historiae
1502 1737 1640 1801 loca,
1694 1737 1830 1805 quod
1879 1753 2068 1807 nempe

2181 528 2356 580 vernis
2380 537 2471 582 aut
2494 526 2797 581 Turonibus
2819 526 2974 596 longe
2995 527 3198 582 dissitis
3211 539 3608 583 commorantes
3630 527 3771 586 haud

2179 618 2401 674 multum
2433 619 2713 674 curabant.
2742 616 2903 674 Certe
2931 619 2982 674 id
3025 619 3198 689 ipsum
3228 619 3354 676 fecit
3390 619 3771 692 Fredegarius,

2177 712 2267 778 qui
2301 709 2547 766 Historias
2578 711 2912 767 Francorum
2939 713 3210 782 epitomen
3243 728 3310 768 ex
3340 713 3582 783 Gregorii
3631 715 3770 768 seri.

2178 804 2282 872 ptis
2313 804 2649 860 concinnans
2696 806 2953 874 pleraque
3000 805 3264 874 ejusmodi
3293 807 3498 872 omisit,
3532 807 3671 876 quod
3705 806 3772 860 ad

2177 911 2263 952 res
2293 897 2580 953 Francicas
2603 915 2709 953 non
2742 901 3092 968 pertinerent.
3121 900 3264 955 Idem
3286 900 3529 955 fecerunt
3553 902 3773 972 Anony-

2175 1005 2294 1044 mus
2316 993 2406 1060 qui
2436 991 2534 1045 sub
2563 991 2901 1047 Theoderico
2926 1007 3053 1061 rege
3082 994 3315 1062 scripsit,
3365 992 3664 1058 Aimoinus,
3717 1002 3772 1047 et

2175 1081 2264 1137 alii
2296 1085 2385 1153 qui
2432 1083 2751 1138 secuti'sunt
2776 1083 3103 1139 Francorum
3153 1084 3406 1139 Historiae
3455 1089 3768 1152 scriptorcs.

2176 1175 2350 1231 Aliam
2375 1177 2501 1233 item
2535 1177 2792 1232 nonnulla
2821 1177 3104 1231 omittendi
3137 1176 3368 1246 capitula
3398 1177 3658 1231 rationem
3684 1177 3772 1231 has

2175 1269 2304 1323 bere
2346 1279 2632 1339 potuerunt
2688 1269 2932 1324 codicum
2980 1269 3205 1324 istorum
3256 1270 3592 1336 scriptores:
3626 1270 3768 1338 quod

2173 1374 2366 1430 nempe
2389 1377 2473 1416 res
2504 1363 2554 1416 in
2582 1362 2688 1417 illis
2714 1362 2850 1418 locis
2872 1370 3100 1416 narratae
3129 1361 3181 1416 in
3211 1362 3588 1418 ltliraculorum
3617 1364 3771 1420 libris

2173 1467 2200 1505 a
2233 1451 2491 1523 Gregorio
2521 1455 2683 1510 editis
2710 1466 3107 1526 repeterentur.
3142 1454 3285 1511 Idem
3311 1455 3364 1510 in
3396 1456 3562 1512 variis
3607 1456 3768 1511 Hira-

2173 1546 2416 1601 culorum
2443 1548 2838 1616 exemplaribus
2868 1548 3065 1604 factum
3088 1549 3440 1620 deprehendi.
3464 1548 3598 1604 Cum
3623 1551 3767 1606 enim

2173 1635 2262 1690 isti
2313 1636 2527 1692 codices
2556 1639 2728 1693 sancti
2779 1639 3008 1703 Martini,
3059 1647 3152 1694 aut
3193 1648 3391 1695 sancta:
3430 1639 3770 1710 Badegundis

2174 1731 2481 1800 transitum,
2513 1744 2603 1786 aut
2634 1733 2766 1788 alias
2808 1734 3074 1802 ejusmodi
3108 1733 3363 1789 historias
3407 1735 3635 1789 seorsim
3667 1735 3768 1790 sub

465 1842 574 1882 non
603 1828 789 1881 eadem
824 1831 875 1881 in
905 1829 1154 1882 omnibus
1188 1829 1305 1882 istis
1336 1829 1647 1895 codicibus,
1693 1830 1786 1883 sed
1817 1831 1958 1884 varia
2011 1831 2060 1884 in
2094 1837 2140 1895 Β
2164 1828 2410 1880 sermonis
2439 1827 2697 1898 Gregorii,
2722 1831 3019 1899 autquovis
3046 1829 3171 1894 alio,
3202 1830 3355 1884 titulo
3375 1829 3765 1898 exhibuissent,

465 1920 634 1974 variis
664 1921 892 1991 capitula
923 1919 1322 1977 desiderentur.
1351 1924 1576 1976 Exstant
1595 1922 1790 1990 quippe
1808 1923 2066 1978 nonnulla

465 2016 521 2067 in
553 2013 862 2068 Corbeiensi
895 2023 990 2068 aut
1037 2015 1090 2069 in
1125 2015 1516 2081 Bellovacensi,
1551 2030 1673 2085 quae
1707 2016 1760 2069 in
1790 2015 2062 2084 Mettensi,

462 2103 782 2160 Michaelino
813 2115 904 2160 aut
949 2107 1115 2176 Hegio
1147 2123 1255 2162 non
1283 2121 1606 2172 occurrunt;
1640 2118 1692 2161 et
1724 2109 1839 2163 vice
1875 2125 2053 2175 versa,

461 2198 562 2253 alia
594 2211 718 2253 sunt
751 2201 803 2254 in
835 2201 956 2254 istis
986 2211 1078 2255 aut
1109 2201 1164 2255 in
1207 2202 1487 2267 alterutro,
1535 2217 1655 2272 qua:
1706 2217 1811 2256 non
1867 2203 2066 2259 habent

457 2288 858 2346 Bellovacensis
886 2292 1057 2347 codex
1086 2300 1180 2347 aut
1208 2291 1550 2348 Corbeiensis
1574 2309 1590 2359 ;
1623 2295 1695 2348 ita
1729 2306 1786 2350 ut
1817 2297 1959 2350 nulla
1987 2313 2057 2352 ex

454 2382 575 2437 istis
606 2384 885 2439 codicibus
912 2396 1057 2440 certa
1081 2387 1254 2455 possit
1287 2387 1474 2441 haberi
1490 2389 1692 2458 regula.
1718 2389 1770 2443 Si
1797 2391 1939 2444 enim
1971 2407 2063 2446 co-

458 2473 554 2528 dex
578 2471 921 2532 Gorbeiensis
945 2479 1157 2532 caeteris
1173 2476 1511 2548 praeferatur,
1536 2489 1592 2534 ut
1615 2489 1737 2548 pote
1765 2481 1870 2537 illis
1893 2485 2061 2538 multo

455 2565 729 2634 antiquior
758 2574 814 2622 et
856 2568 1136 2638 integrior,
1164 2569 1272 2639 jam
1310 2572 1581 2628 vacillabit
1621 2583 1937 2630 eceterorum
1968 2592 2062 2632 au-

454 2662 711 2725 etoritas;
763 2676 957 2730 nempe
1003 2665 1094 2732 qui
1143 2665 1308 2721 variis
1357 2676 1514 2721 erunt
1557 2669 2059 2739 interpolationibns

460 2750 706 2804 admixti.
741 2751 904 2821 quue
933 2753 1217 2810 dicendum
1252 2757 1442 2813 eritde
1479 2759 1786 2816 Corbeicnsi
1819 2761 1936 2832 ipso
1967 2776 2060 2820 aut

449 2840 844 2912 Bellovacensi,
878 2845 923 2899 si
956 2845 1106 2915 Regii
1140 2858 1232 2903 aut
1256 2860 1401 2904 certe
1448 2851 1723 2908 Mettensis
1769 2856 2058 2911 auctoritas

452 2937 669 2991 caeteris
694 2940 1070 3008 anteponenda
1098 2949 1404 2996 censeatur.
1434 2941 1603 2998 Immo
1655 2946 1782 3000 velit
1813 2944 1944 3001 nolit
1978 2949 2058 3002 vir

453 3028 714 3094 eruditus,
744 3044 842 3084 nec
869 3030 1232 3096 Corbeiensis,
1270 3048 1368 3100 nec
1400 3033 1616 3105 Regius,
1649 3046 1739 3092 aut
1764 3038 1898 3093 alius
1929 3041 2053 3108 qui-

449 3120 535 3176 vis
565 3135 630 3176 ex
656 3120 950 3178 Cointianis
975 3124 1251 3179 codicibus
1275 3141 1303 3179 a
1329 3141 1552 3182 censura
1583 3133 1778 3197 poterit
1804 3145 1925 3187 esse
1949 3132 2052 3186 im-

2177 1915 2292 1970 hmc
2324 1919 2435 1986 ipsa
2461 1920 2690 1988 capitula
2723 1923 2837 1975 suis
2863 1922 2996 1976 locis
3019 1921 3218 1976 omissa
3248 1931 3377 1976 sunt
3405 1921 3459 1976 in
3491 1924 3644 1977 libris
3673 1924 3764 1978 tli-

2173 2011 2502 2078 raculorum,
2554 2029 2672 2082 qua:
2706 2022 2884 2069 tamen
2918 2031 2982 2069 ex
3025 2014 3131 2069 illis
3178 2025 3432 2084 excerpta
3465 2032 3569 2069 non
3601 2014 3764 2072 fuisse

2171 2118 2330 2158 nemo
2358 2104 2576 2160 dixerit.
2608 2107 2748 2174 Quin
2778 2118 2831 2162 et
2853 2108 3226 2162 liliraculorum
3260 2107 3424 2162 libros
3445 2125 3475 2162 a
3505 2108 3766 2177 Gregorio

2170 2196 2364 2262 editos,
2394 2198 2636 2253 eamdem
2670 2213 2733 2254 ac
2775 2199 2888 2268 ejus
2919 2199 3210 2255 Historiam
3261 2211 3462 2254 sortem
3514 2200 3766 2256 habuisse

2170 2288 2308 2346 infra
2340 2289 2658 2357 videbimus,
2689 2290 2949 2358 siquidem
2968 2290 3209 2348 nonnulli
3237 2301 3525 2346 occurrunt
3550 2290 3764 2347 codices

2177 2397 2308 2438 mss.
2343 2383 2393 2437 in
2426 2381 2640 2453 quibus,
2671 2381 2887 2438 omissis
2920 2385 3115 2452 passim
3149 2385 3329 2438 multis
3352 2383 3620 2452 capitulis,
3654 2398 3765 2440 ca:-

2168 2485 2279 2530 tcra
2306 2484 2784 2545 reprmsentantur,
2826 2491 2893 2530 eo
2923 2476 3082 2530 modo
3108 2490 3170 2531 ac
3198 2477 3244 2530 si
3269 2476 3336 2532 de
3366 2477 3506 2531 facto
3533 2475 3611 2530 illi
3639 2475 3763 2533 libri

2164 2569 2318 2638 plura
2351 2585 2457 2623 non
2488 2568 2996 2637 complecterentur.

2236 2660 2323 2716 91.
2346 2662 2450 2717 Has
2474 2676 2634 2730 porro
2655 2677 2744 2716 res
2761 2662 3082 2729 singulares,
3105 2661 3340 2718 etseries
3361 2662 3761 2734 episcoporum,

2167 2763 2260 2808 aut
2282 2755 2572 2810 celebrium
2603 2757 2836 2810 virorum
2865 2755 3066 2820 exitus,
3091 2769 3212 2822 quae
3234 2755 3412 2810 omnia
3443 2755 3764 2825 interpolata

2165 2857 2351 2904 censet
2381 2848 2624 2902 Cointius
2645 2887 2658 2911 ,
2691 2857 2744 2901 et
2776 2851 3156 2914 epitomatores
3205 2848 3523 2913 omiserunt,
3571 2850 3763 2903 merito

2166 2948 2346 2995 tamen
2381 2941 2431 2994 in
2463 2956 2611 2995 suam
2647 2939 2933 2994 Historiam
2966 2940 3258 2995 admiserat
3301 2939 3610 3010 Gregorius,
3645 2941 3758 3009 qui,

2162 3032 2236 3085 uti
2266 3032 2320 3086 in
2355 3033 2570 3101 prologo
2603 3042 2813 3100 monet,
2847 3048 2953 3088 nun
2985 3034 3158 3086 solum
3188 3048 3374 3102 regum
3406 3043 3501 3087 aut
3549 3032 3758 3100 princi-

2158 3140 2284 3194 pum
2312 3135 2460 3194 gesta
2492 3126 2800 3180 describere
2816 3125 3163 3201 instituerat,
3191 3140 3378 3182 verum
3409 3125 3571 3180 etiam
3603 3140 3761 3180 enar-

448 3211 624 3266 munis
646 3253 660 3279 ,
690 3221 748 3267 ut
779 3224 900 3282 pote
928 3217 1018 3285 qui
1052 3218 1286 3273 universi
1318 3235 1424 3275 non
1473 3223 1603 3277 satis
1643 3234 1894 3279 accurate
1937 3228 2050 3280 sin-
2085 3238 2131 3300 ο
2169 3234 2294 3274 rare
2326 3219 2590 3285 fidelibus,
2624 3233 2726 3290 qua
2757 3219 2965 3274 ratione
2993 3218 3286 3274 defensatae
3315 3217 3546 3274 fuissent
3575 3218 3762 3274 Eccle-

452 3318 577 3359 cera
628 3304 876 3374 Gregorii
923 3322 1087 3375 opera
1138 3322 1626 3383 repraiscntarunt,
1661 3326 1752 3370 aut
1816 3316 2055 3387 interpo-

381 3403 388 3416 ‘
446 3397 556 3452 lata
597 3397 953 3464 admittendo,
988 3411 1080 3454 aut
1126 3401 1339 3458 sincera
1392 3405 1703 3474 rejiciendo.
1749 3407 1868 3478 Ipse
1911 3411 2054 3466 enim

447 3485 620 3542 codex
671 3487 1012 3545 Corbeiensis
1064 3506 1159 3546 sex
1207 3493 1543 3548 solummodo
1592 3498 1837 3566 Gregorii
1887 3499 2055 3558 libros

449 3577 690 3645 exhibet,
713 3582 958 3650 quamvis
988 3582 1166 3651 plures
1201 3585 1363 3640 fuisse
1392 3601 1491 3641 nec
1513 3589 1627 3655 ipse
1656 3588 1904 3646 Cointius
1938 3593 2055 3647 infi-

451 3671 644 3738 ciatur,
691 3674 782 3742 qui
813 3673 1029 3742 quidem
1063 3675 1183 3730 libri
1205 3678 1313 3745 jam
1347 3694 1410 3731 co
1443 3689 1684 3749 tempore
1735 3700 1840 3752 quo
1883 3686 2051 3741 codex

446 3763 538 3820 ille
564 3766 799 3836 scriptus
827 3775 912 3823 est
945 3770 1054 3823 noti
1080 3781 1264 3836 erant;
1299 3772 1411 3838 ipse
1442 3775 1606 3839 enim,
1642 3779 1778 3831 sicut
1804 3788 1857 3832 et
1879 3777 2054 3835 Bello-

446 3860 713 3925 vacensis,
743 3860 904 3915 habet
933 3861 1050 3916 libri
1082 3877 1146 3915 VII
1171 3860 1556 3932 fragmentum.
1581 3865 1786 3924 Deinde
1805 3868 2052 3926 Bellova-

444 3952 622 4006 censis
652 3954 704 4007 in
738 3954 874 4008 libro
903 3970 937 4008 ιι
971 3955 1162 4010 transit
1191 3972 1220 4011 a
1251 3945 1427 4021 capite
1461 3959 1521 4012 l9
1549 3961 1612 4014 ad
1640 3973 1797 4031 caput
1827 3964 1916 4034 .32,
1952 3982 2050 4024 nec

445 4050 624 4097 tamen
658 4046 837 4098 omnia
866 4047 1205 4115 intermedia,
1243 4051 1323 4104 vel
1363 4053 1476 4119 ipso
1506 4052 1704 4108 fatente
1735 4054 1964 4121 Cointio,
1998 4071 2052 4113 et

449 4136 665 4204 quidem
694 4140 1052 4209 refragaretur
1078 4143 1248 4195 codex
1276 4140 1640 4210 Corbticnsis,
1687 4148 1791 4204 dici
1826 4161 2051 4218 possunt

444 4229 792 4297 interpolata.
821 4230 1089 4286 Nonnulla
1123 4233 1301 4301 itaque
1331 4246 1519 4303 Sponte
1546 4245 1602 4291 et
1640 4239 1759 4294 data
1791 4255 1953 4310 Opera
1983 4257 2048 4296 ex

444 4320 693 4391 Gregorii
737 4323 990 4393 operibus
1044 4326 1097 4378 in
1132 4325 1243 4378 istis
1294 4326 1569 4382 codicibus
1613 4340 1853 4384 resecata
1903 4343 2046 4397 sunt,

444 4423 498 4466 et
527 4413 742 4482 quidem
775 4416 898 4471 libri
946 4418 1155 4486 integri.
1202 4418 1401 4484 Quidni
1446 4431 1498 4475 et
1541 4423 1744 4492 aliquot
1796 4425 2048 4493 Capitula,

445 4523 566 4576 qua:
611 4508 676 4562 ad
707 4525 819 4564 rem
851 4527 1002 4566 suam
1029 4512 1205 4570 facere
1249 4530 1355 4569 non
1405 4517 1786 4573 existimabant
1835 4519 2048 4577 illorum

446 4603 766 4669 scriptores,
800 4614 891 4660 aut
917 4614 1064 4662 certe
1095 4609 1498 4676 epitomatorcs.
1527 4600 1663 4676 'Qute
1686 4611 1828 4665 enim
1881 4615 2049 4680 potuit

446 4707 566 4747 esse
605 4698 739 4748 ratio
771 4691 1124 4765 scriptoribus
1153 4699 1258 4752 illis
1303 4699 1470 4754 libros
1505 4702 1832 4770 posteriores
1859 4719 1889 4758 e
1918 4703 2051 4759 Grc-

444 4788 667 4856 goriana
714 4788 946 4843 Historia
982 4805 1084 4844 non
1134 4791 1510 4856 describendi,
1544 4793 1729 4847 eadem
1767 4796 1862 4848 luit
1892 4800 2050 4852 omit-

383 4881 389 4889 “
442 4882 591 4935 tendi
617 4895 645 4936 e
675 4880 942 4949 prioribus
975 4883 1248 4952 romplura
1274 4884 1524 4949 capitula.
1551 4885 1774 4950 Quodsi
1801 4903 1917 4942 mea
1943 4904 2046 4944 non

440 4988 529 5027 me
563 4973 696 5030 fallit
722 4973 1054 5044 conjectura,
1087 4978 1380 5047 scriptores
1411 4978 1487 5032 illi
1519 4978 1807 5036 Historiam
1857 4998 2045 5052 regum

444 5066 776 5123 Francorum
810 5070 1010 5124 habere
1041 5070 1330 5138 volebant,
1361 5086 1389 5125 a
1443 5073 1739 5141 peregrinis
1784 5077 2047 5132 narratio-

445 5160 602 5212 nibus
628 5161 1093 5233 pecoltaribusque
1119 5162 1277 5217 factis
1297 5175 1655 5234 segregatam,
1675 5166 1816 5222 unde
1839 5181 1902 5222 ea
1927 5183 2046 5237 quae

441 5250 508 5303 de
532 5251 623 5302 illo
654 5264 970 5322 argumento
993 5255 1283 5325 Gregorius
1306 5258 1620 5327 scripserat,
1641 5264 1860 5314 .exarari
1891 5275 2046 5315 cura-

438 5355 588 5413 runt,
620 5347 834 5402 omissis
876 5350 996 5406 aliis
1027 5351 1210 5418 rebus,
1260 5367 1380 5420 qua:
1427 5351 1492 5406 ad
1533 5367 1688 5407 suum
1744 5354 2044 5409 institutum

439 5453 550 5494 non
581 5440 918 5512 spectabant.
970 5443 1182 5499 Etenim
1233 5444 1408 5515 capita
1455 5445 1544 5500 illa
1587 5460 1705 5514 quae
1754 5445 1969 5500 codices
2011 5460 2041 5500 a

438 5533 653 5590 Cointio
675 5535 873 5591 laudati
901 5553 1006 5594 non
1042 5539 1263 5607 habent,
1295 5556 1357 5596 ea
1405 5551 1529 5596 sunt
1578 5557 1696 5611 quze
1741 5542 2042 5610 singulares

438 5629 644 5697 aliquot
684 5645 943 5698 personas
970 5635 1262 5704 attingunt,
1293 5650 1487 5704 quaeve
1516 5635 1915 5705 episcoporum.
1947 5647 2043 5702 Ρο-

438 5721 713 5776 tissimum
755 5723 1282 5784 Claromontensium
1314 5739 1364 5783 et
1406 5727 1796 5784 Turonensium
1842 5727 2040 5782 seriem

440 5825 851 5887 repraesentant,
881 5832 971 5876 aut
995 5823 1096 5879 alia
1117 5823 1422 5892 ejusmodi,
1448 5841 1564 5893 qua:
1611 5822 1880 5877 Francicae
1901 5834 2037 5890 geu-

2163 3313 2288 3378 siae;
2323 3320 2581 3378 quantum
2611 3311 2814 3365 Christi
2845 3311 2979 3366 fides
3011 3314 3063 3365 in
3095 3312 3369 3366 nonnullis
3399 3311 3666 3382 languida,
3704 3313 3761 3368 in

2164 3405 2413 3473 plurimis
2460 3409 2730 3472 ferveret;
2765 3421 2951 3474 quaeve
2983 3406 3180 3462 fuerint
3211 3407 3501 3466 certamina
3529 3406 3760 3477 flagitio-

2161 3511 2366 3566 sorum,
2393 3507 2484 3552 aut
2517 3509 2662 3552 recte
2704 3500 2996 3554 viventium
3043 3500 3172 3564 vita,
3215 3507 3272 3556 et
3311 3499 3414 3554 alia
3462 3500 3758 3570 ejusmodi,

2159 3603 2279 3659 quae
2321 3589 2373 3644 in
2405 3588 2649 3660 Gregorii
2681 3592 2911 3646 Historia
2944 3592 3164 3648 difficile
3195 3593 3561 3661 invenientur,
3603 3611 3756 3650 rese-

2159 3688 2293 3742 catis
2314 3688 2380 3742 iis
2401 3689 2648 3758 capitulis
2664 3704 2786 3756 quae
2808 3689 3050 3744 Cointius
3071 3705 3191 3748 esse
3215 3690 3506 3759 rejicienda
3534 3700 3758 3746 conten‘

2157 3783 2254 3836 dit.
2299 3781 2522 3848 Deinde,
2579 3783 2654 3838 uti
2711 3784 2870 3838 etiam
2921 3784 3136 3852 prtefert
3189 3785 3356 3839 codex
3389 3785 3754 3853 Corbeiensis,

2159 3872 2448 3928 Historiam
2506 3876 2931 3929 ecclesiasticam
2979 3875 3196 3944 scripsit
3253 3875 3578 3945 Gregorius,
3634 3891 3757 3945 qua:

2157 3967 2380 4036 proinde
2404 3967 2650 4038 exigebat
2671 3977 2726 4024 et
2746 3969 3120 4037 episcottorurn
3144 3970 3334 4033 series,
3361 3982 3415 4025 et
3437 3973 3755 4039 magnorum

2157 4063 2394 4116 virorum
2429 4063 2698 4131 interitus,
2723 4059 3302 4133 eorumque'prteclare
3322 4073 3595 4133 gestorum
3625 4079 3755 4118 nar-

2155 4157 2444 4210 rationem.
2473 4155 2527 4211 ld
2561 4158 2794 4213 fecerant
2833 4157 3085 4212 Historia:
3113 4159 3490 4213 ecclesiasdcae
3519 4161 3756 4228 scripto-

2158 4265 2242 4304 res
2274 4251 2533 4319 Gregorio
2565 4253 2930 4320 antiquiores,
2978 4267 3116 4321 quos
3164 4251 3280 4321 ipse
3321 4253 3423 4306 sibi
3469 4253 3757 4308 imitandos

2154 4351 2537 4408 proposuerat,
2581 4353 2637 4397 et
2679 4343 3016 4412 potissimum
3067 4345 3330 4400 Eusebius
3375 4345 3751 4413 Cmsariensis,

2154 4436 2242 4500 qui
2276 4445 2469 4502 praeter
2497 4437 2734 4492 virorum
2761 4438 3054 4494 celebrium
3086 4448 3258 4509 gesta,
3287 4441 3560 4510 eatalogos
3588 4443 3753 4494 etiam

2154 4529 2535 4596 estcoporum
2570 4529 2819 4586 Historia:
2847 4547 2959 4586 suae
2991 4532 3302 4588 interseruit
3334 4547 3438 4587 non
3467 4533 3638 4587 solum
3665 4546 3753 4586 se-

2076 4647 2132 4710 Ι)
2157 4619 2303 4675 dium
2338 4623 2795 4689 patriarchalium,
2821 4624 2914 4680 sed
2940 4633 2996 4680 et
3014 4622 3366 4680 Caesariensis
3389 4623 3643 4679 Ecclesiae
3666 4625 3752 4680 cui

2160 4721 2408 4780 praeerat,
2433 4726 2487 4768 et
2508 4716 2992 4786 .lerosolymitanre.
3026 4733 3144 4786 qua:
3175 4724 3299 4771 tunc
3325 4731 3437 4772 sua:
3462 4719 3751 4787 metropoli

2155 4818 2269 4864 erat
2291 4809 2552 4874 subjecta.

2227 4901 2314 4952 9‘2.
2349 4899 2454 4956 Sed
2482 4909 2537 4956 et
2581 4901 2824 4971 palmari,
2857 4909 2916 4956 ut
2962 4901 3091 4957 mihi
3143 4903 3375 4972 videtur,
3429 4914 3752 4976 argumento

2155 4993 2326 5047 evinci
2361 5004 2531 5062 potest
2562 5036 2575 5059 ,
2609 4995 2894 5051 Historiam
2926 4995 3170 5067 Gregorii
3201 4999 3253 5053 in
3284 4998 3556 5054 codicibus
3582 5000 3748 5054 Coin-

2156 5084 2314 5139 tianis
2343 5085 2706 5142 abbreviatam
2739 5087 2934 5154 fuisse,
2962 5097 3123 5158 atque
3152 5105 3217 5146 ex
3251 5092 3516 5161 ampliori,
3571 5093 3648 5146 uti
3694 5094 3747 5146 in

2153 5176 2274 5230 aliis
2303 5174 2581 5231 codicibus
2609 5177 2858 5246 habetur,
2889 5179 3242 5247 decurtatam,
3274 5183 3317 5237 si
3349 5184 3750 5240 demonstretur

2151 5271 2432 5340 complura
2472 5272 2643 5341 capita
2677 5274 2873 5338 passim
2905 5275 2957 5326 in
2989 5274 3183 5328 Cointii
3213 5277 3613 5347 exemplaribus
3655 5279 3750 5332 ba-

2149 5363 2283 5427 beri,
2316 5377 2439 5433 quae
2483 5367 2841 5421 necessariam
2871 5367 3072 5424 habent
3099 5385 3222 5425 cum
3250 5372 3356 5427 illis
3382 5373 3511 5442 ipsis
3540 5389 3662 5442 qua:
3690 5374 3746 5430 in

2149 5452 2226 5509 eis
2255 5451 2650 5521 desiderantur,
2681 5460 3106 5526 connexionetn;
3134 5478 3299 5518 immo
3338 5475 3394 5521 et
3421 5469 3748 5538 quandoque

2147 5561 2211 5602 ea
2239 5547 2439 5604 diserte
2489 5551 2692 5606 laudari
2723 5568 2842 5620 qua:
2872 5552 3190 5624 interpolata
3222 5569 3376 5616 vocat
3401 5561 3666 5629 Cointius,
3692 5567 3747 5620 in

2152 5643 2427 5700 codicibus
2473 5645 2806 5713 Corbeiensi,
2854 5656 2985 5715 ete.,
3021 5651 3074 5705 in
3125 5655 3320 5722 quibus
3344 5657 3505 5711 etiam
3554 5672 3750 5720 sensus

2149 5745 2231 5791 est
2256 5752 2635 5808 nonnunquam
2668 5754 2891 5796 mancus
2915 5753 2972 5797 et
3001 5742 3366 5814 imperfectus,
3396 5750 3496 5805 nisi
3526 5766 3591 5805 ex
3619 5751 3746 5807 aliis

2149 5830 2419 5887 codicibus
2439 5831 2772 5901 suppleatur.
2805 5834 3213 5910 Aliquot-hujus
3239 5841 3318 5898 rei
3341 5844 3588 5914 exempla
3609 5857 3747 5916 pro-
