  <div class='ocr_page' id='page_1' title='image "/cluster/home/n/w/nwhite01/storage/ocr_20150623/71/hvd.32044020096954/044.png"; bbox 0 0 4086 6328; ppageno 0'>
   <div class='ocr_carea' id='block_1_1' title="bbox 346 241 1940 332">
    <p class='ocr_par' dir='ltr' id='par_1_1' title="bbox 346 241 1940 332">
     <span class='ocr_line' id='line_1_1' title="bbox 346 241 1940 332; baseline 0.006 -36"><span class='ocrx_word' id='word_1_1' title='bbox 346 241 416 297; x_wconf 89' lang='grc'>77</span> <span class='ocrx_word' id='word_1_2' title='bbox 626 319 632 332; x_wconf 37' lang='grc'><strong>1</strong></span> <span class='ocrx_word' id='word_1_3' title='bbox 1823 252 1940 305; x_wconf 60' lang='lat' dir='ltr'><strong>PR}</strong></span> 
     </span>
    </p>
   </div>
   <div class='ocr_carea' id='block_1_2' title="bbox 2046 241 3640 332">
    <p class='ocr_par' dir='ltr' id='par_1_2' title="bbox 2046 253 3640 318">
     <span class='ocr_line' id='line_1_2' title="bbox 2046 253 3640 318; baseline -0.004 -12"><span class='ocrx_word' id='word_1_4' title='bbox 2046 253 2192 308; x_wconf 73' lang='lat' dir='ltr'><strong>\TIO</strong></span> <span class='ocrx_word' id='word_1_5' title='bbox 3575 266 3640 318; x_wconf 61' lang='grc' dir='ltr'><strong>’μς</strong></span> 
     </span>
    </p>
   </div>
   <div class='ocr_carea' id='block_1_3' title="bbox 341 351 3644 447">
    <p class='ocr_par' dir='ltr' id='par_1_3' title="bbox 341 351 3644 447">
     <span class='ocr_line' id='line_1_3' title="bbox 341 351 3644 447; baseline 0.007 -37"><span class='ocrx_word' id='word_1_6' title='bbox 341 353 566 447; x_wconf 82' lang='lat' dir='ltr'><strong>ferenda</strong></span> <span class='ocrx_word' id='word_1_7' title='bbox 611 362 758 411; x_wconf 87' lang='lat' dir='ltr'><strong>sunt.</strong></span> <span class='ocrx_word' id='word_1_8' title='bbox 785 353 845 410; x_wconf 87' lang='lat' dir='ltr'><strong>In</strong></span> <span class='ocrx_word' id='word_1_9' title='bbox 894 351 1081 412; x_wconf 83' lang='lat' dir='ltr'><strong>codice</strong></span> <span class='ocrx_word' id='word_1_10' title='bbox 1108 355 1448 427; x_wconf 87' lang='lat' dir='ltr'><strong>Corbeiensi,</strong></span> <span class='ocrx_word' id='word_1_11' title='bbox 1483 361 1572 432; x_wconf 88' lang='lat' dir='ltr'><strong>qui</strong></span> <span class='ocrx_word' id='word_1_12' title='bbox 1625 363 1771 420; x_wconf 88' lang='lat' dir='ltr'><strong>solus</strong></span> <span class='ocrx_word' id='word_1_13' title='bbox 1818 381 1940 420; x_wconf 93' lang='lat' dir='ltr'><strong>cum</strong></span> <span class='ocrx_word' id='word_1_14' title='bbox 1969 369 2025 430; x_wconf 73' lang='grc' dir='ltr'>Α</span> <span class='ocrx_word' id='word_1_15' title='bbox 2127 367 2217 425; x_wconf 82' lang='lat'><strong>95.</strong></span> <span class='ocrx_word' id='word_1_16' title='bbox 2248 367 2417 441; x_wconf 87' lang='lat' dir='ltr'><strong>Caput</strong></span> <span class='ocrx_word' id='word_1_17' title='bbox 2445 369 2507 424; x_wconf 76' lang='lat' dir='ltr'><strong>2t</strong></span> <span class='ocrx_word' id='word_1_18' title='bbox 2542 370 2663 426; x_wconf 83' lang='lat' dir='ltr'><strong>libri</strong></span> <span class='ocrx_word' id='word_1_19' title='bbox 2696 387 2746 437; x_wconf 81' lang='grc' dir='ltr'><strong>ν,</strong></span> <span class='ocrx_word' id='word_1_20' title='bbox 2776 372 2828 427; x_wconf 87' lang='grc' dir='ltr'><strong>ἰη</strong></span> <span class='ocrx_word' id='word_1_21' title='bbox 2853 387 2959 442; x_wconf 91' lang='lat' dir='ltr'><strong>quo</strong></span> <span class='ocrx_word' id='word_1_22' title='bbox 2987 376 3130 430; x_wconf 88' lang='lat' dir='ltr'><strong>varia</strong></span> <span class='ocrx_word' id='word_1_23' title='bbox 3164 376 3429 447; x_wconf 82' lang='lat' dir='ltr'><strong>Sagittarii</strong></span> <span class='ocrx_word' id='word_1_24' title='bbox 3458 389 3512 435; x_wconf 88' lang='lat' dir='ltr'><strong>et</strong></span> <span class='ocrx_word' id='word_1_25' title='bbox 3544 377 3644 436; x_wconf 68' lang='lat' dir='ltr'><strong>Sa.-</strong></span> 
     </span>
    </p>
   </div>
   <div class='ocr_carea' id='block_1_4' title="bbox 342 446 1938 528">
    <p class='ocr_par' dir='ltr' id='par_1_4' title="bbox 342 446 1938 528">
     <span class='ocr_line' id='line_1_4' title="bbox 342 446 1938 528; baseline 0.006 -25"><span class='ocrx_word' id='word_1_26' title='bbox 342 447 512 517; x_wconf 76' lang='lat' dir='ltr'><strong>Regio</strong></span> <span class='ocrx_word' id='word_1_27' title='bbox 541 446 734 505; x_wconf 89' lang='lat' dir='ltr'><strong>librum</strong></span> <span class='ocrx_word' id='word_1_28' title='bbox 767 447 1000 518; x_wconf 91' lang='lat' dir='ltr'><strong>primum</strong></span> <span class='ocrx_word' id='word_1_29' title='bbox 1039 447 1285 517; x_wconf 76' lang='lat' dir='ltr'><strong>exhibet,</strong></span> <span class='ocrx_word' id='word_1_30' title='bbox 1318 450 1511 508; x_wconf 89' lang='lat' dir='ltr'><strong>desunt</strong></span> <span class='ocrx_word' id='word_1_31' title='bbox 1538 456 1710 525; x_wconf 89' lang='lat' dir='ltr'><strong>capita</strong></span> <span class='ocrx_word' id='word_1_32' title='bbox 1739 458 1938 528; x_wconf 86' lang='lat' dir='ltr'><strong>vigesi-</strong></span> 
     </span>
    </p>
   </div>
   <div class='ocr_carea' id='block_1_5' title="bbox 340 541 1941 620">
    <p class='ocr_par' dir='ltr' id='par_1_5' title="bbox 340 541 1941 620">
     <span class='ocr_line' id='line_1_5' title="bbox 340 541 1941 620; baseline 0.006 -23"><span class='ocrx_word' id='word_1_33' title='bbox 340 556 487 597; x_wconf 88' lang='lat' dir='ltr'><strong>mum</strong></span> <span class='ocrx_word' id='word_1_34' title='bbox 531 550 745 597; x_wconf 79' lang='lat' dir='ltr'><strong>sextum</strong></span> <span class='ocrx_word' id='word_1_35' title='bbox 783 550 838 597; x_wconf 88' lang='lat' dir='ltr'><strong>et</strong></span> <span class='ocrx_word' id='word_1_36' title='bbox 885 541 1200 610; x_wconf 80' lang='lat' dir='ltr'><strong>vigesimum</strong></span> <span class='ocrx_word' id='word_1_37' title='bbox 1255 546 1542 613; x_wconf 89' lang='lat' dir='ltr'><strong>septimum</strong></span> <span class='ocrx_word' id='word_1_38' title='bbox 1579 566 1590 600; x_wconf 93' lang='lat'><strong>:</strong></span> <span class='ocrx_word' id='word_1_39' title='bbox 1623 564 1730 619; x_wconf 91' lang='lat' dir='ltr'><strong>quo</strong></span> <span class='ocrx_word' id='word_1_40' title='bbox 1787 563 1941 620; x_wconf 87' lang='lat' dir='ltr'><strong>pacto</strong></span> 
     </span>
    </p>
   </div>
   <div class='ocr_carea' id='block_1_6' title="bbox 337 632 1941 712">
    <p class='ocr_par' dir='ltr' id='par_1_6' title="bbox 337 632 1941 712">
     <span class='ocr_line' id='line_1_6' title="bbox 337 632 1941 712; baseline 0.004 -22"><span class='ocrx_word' id='word_1_41' title='bbox 337 632 585 703; x_wconf 81' lang='lat' dir='ltr'><strong>Gregorii</strong></span> <span class='ocrx_word' id='word_1_42' title='bbox 643 633 880 689; x_wconf 81' lang='lat' dir='ltr'><strong>narratio</strong></span> <span class='ocrx_word' id='word_1_43' title='bbox 930 634 999 690; x_wconf 90' lang='lat' dir='ltr'><strong>de</strong></span> <span class='ocrx_word' id='word_1_44' title='bbox 1053 635 1469 704; x_wconf 85' lang='lat' dir='ltr'><strong>imperatoribus</strong></span> <span class='ocrx_word' id='word_1_45' title='bbox 1525 638 1798 710; x_wconf 83' lang='lat' dir='ltr'><strong>Romanis,</strong></span> <span class='ocrx_word' id='word_1_46' title='bbox 1851 645 1941 712; x_wconf 89' lang='lat' dir='ltr'><strong>qui</strong></span> 
     </span>
    </p>
   </div>
   <div class='ocr_carea' id='block_1_7' title="bbox 337 727 1936 804">
    <p class='ocr_par' dir='ltr' id='par_1_7' title="bbox 337 727 1936 804">
     <span class='ocr_line' id='line_1_7' title="bbox 337 727 1936 804; baseline 0.006 -21"><span class='ocrx_word' id='word_1_47' title='bbox 337 727 676 784; x_wconf 86' lang='lat' dir='ltr'><strong>Christianos</strong></span> <span class='ocrx_word' id='word_1_48' title='bbox 699 729 884 798; x_wconf 85' lang='lat' dir='ltr'><strong>primis</strong></span> <span class='ocrx_word' id='word_1_49' title='bbox 899 728 1156 786; x_wconf 66' lang='lat' dir='ltr'><strong>Ecclesiae</strong></span> <span class='ocrx_word' id='word_1_50' title='bbox 1180 732 1398 787; x_wconf 59' lang='lat' dir='ltr'><strong>sceculis</strong></span> <span class='ocrx_word' id='word_1_51' title='bbox 1421 735 1688 804; x_wconf 82' lang='lat' dir='ltr'><strong>persecuti</strong></span> <span class='ocrx_word' id='word_1_52' title='bbox 1706 734 1936 803; x_wconf 89' lang='lat' dir='ltr'><strong>fuerunt,</strong></span> 
     </span>
    </p>
   </div>
   <div class='ocr_carea' id='block_1_8' title="bbox 337 820 1941 896">
    <p class='ocr_par' dir='ltr' id='par_1_8' title="bbox 337 820 1941 896">
     <span class='ocr_line' id='line_1_8' title="bbox 337 820 1941 896; baseline 0.006 -20"><span class='ocrx_word' id='word_1_53' title='bbox 337 821 770 891; x_wconf 85' lang='lat' dir='ltr'><strong>interrumpitur.</strong></span> <span class='ocrx_word' id='word_1_54' title='bbox 795 820 1012 878; x_wconf 83' lang='lat' dir='ltr'><strong>Transit</strong></span> <span class='ocrx_word' id='word_1_55' title='bbox 1037 824 1235 893; x_wconf 87' lang='lat' dir='ltr'><strong>quippe</strong></span> <span class='ocrx_word' id='word_1_56' title='bbox 1262 839 1291 878; x_wconf 93' lang='lat' dir='ltr'><strong>a</strong></span> <span class='ocrx_word' id='word_1_57' title='bbox 1323 824 1538 894; x_wconf 90' lang='lat' dir='ltr'><strong>Trajani</strong></span> <span class='ocrx_word' id='word_1_58' title='bbox 1567 829 1941 896; x_wconf 86' lang='lat' dir='ltr'><strong>persecutione</strong></span> 
     </span>
    </p>
   </div>
   <div class='ocr_carea' id='block_1_9' title="bbox 335 919 1940 986">
    <p class='ocr_par' dir='ltr' id='par_1_9' title="bbox 335 919 1940 986">
     <span class='ocr_line' id='line_1_9' title="bbox 335 919 1940 986; baseline 0.002 -10"><span class='ocrx_word' id='word_1_59' title='bbox 335 921 401 976; x_wconf 90' lang='lat' dir='ltr'><strong>ad</strong></span> <span class='ocrx_word' id='word_1_60' title='bbox 436 921 755 986; x_wconf 90' lang='lat' dir='ltr'><strong>Decianam,</strong></span> <span class='ocrx_word' id='word_1_61' title='bbox 786 919 1006 976; x_wconf 90' lang='lat' dir='ltr'><strong>omissis</strong></span> <span class='ocrx_word' id='word_1_62' title='bbox 1056 921 1295 986; x_wconf 89' lang='lat' dir='ltr'><strong>Adriani,</strong></span> <span class='ocrx_word' id='word_1_63' title='bbox 1346 923 1602 977; x_wconf 79' lang='lat' dir='ltr'><strong>Antonini</strong></span> <span class='ocrx_word' id='word_1_64' title='bbox 1645 933 1701 979; x_wconf 90' lang='lat' dir='ltr'><strong>et</strong></span> <span class='ocrx_word' id='word_1_65' title='bbox 1753 925 1940 980; x_wconf 87' lang='lat' dir='ltr'><strong>Severi</strong></span> 
     </span>
    </p>
   </div>
   <div class='ocr_carea' id='block_1_10' title="bbox 337 1015 1931 1089">
    <p class='ocr_par' dir='ltr' id='par_1_10' title="bbox 337 1015 1931 1089">
     <span class='ocr_line' id='line_1_10' title="bbox 337 1015 1931 1089; baseline 0.004 -21"><span class='ocrx_word' id='word_1_66' title='bbox 337 1015 843 1085; x_wconf 80' lang='lat' dir='ltr'><strong>persecutionibus,</strong></span> <span class='ocrx_word' id='word_1_67' title='bbox 891 1030 1024 1085; x_wconf 89' lang='lat' dir='ltr'><strong>quas</strong></span> <span class='ocrx_word' id='word_1_68' title='bbox 1071 1025 1250 1070; x_wconf 91' lang='lat' dir='ltr'><strong>tamen</strong></span> <span class='ocrx_word' id='word_1_69' title='bbox 1301 1016 1616 1087; x_wconf 83' lang='lat' dir='ltr'><strong>Gregorius,</strong></span> <span class='ocrx_word' id='word_1_70' title='bbox 1670 1019 1931 1089; x_wconf 85' lang='lat' dir='ltr'><strong>Eusebii,</strong></span> 
     </span>
    </p>
   </div>
   <div class='ocr_carea' id='block_1_11' title="bbox 334 1107 1941 1178">
    <p class='ocr_par' dir='ltr' id='par_1_11' title="bbox 334 1107 1941 1178">
     <span class='ocr_line' id='line_1_11' title="bbox 334 1107 1941 1178; baseline 0.001 -15"><span class='ocrx_word' id='word_1_71' title='bbox 334 1107 510 1163; x_wconf 88' lang='lat' dir='ltr'><strong>Orosii</strong></span> <span class='ocrx_word' id='word_1_72' title='bbox 539 1116 594 1162; x_wconf 88' lang='lat' dir='ltr'><strong>et</strong></span> <span class='ocrx_word' id='word_1_73' title='bbox 625 1107 811 1163; x_wconf 88' lang='lat' dir='ltr'><strong>Severi</strong></span> <span class='ocrx_word' id='word_1_74' title='bbox 840 1108 1093 1163; x_wconf 88' lang='lat' dir='ltr'><strong>chronica</strong></span> <span class='ocrx_word' id='word_1_75' title='bbox 1117 1107 1265 1176; x_wconf 85' lang='lat' dir='ltr'><strong>sequi</strong></span> <span class='ocrx_word' id='word_1_76' title='bbox 1298 1123 1356 1164; x_wconf 91' lang='lat' dir='ltr'><strong>se</strong></span> <span class='ocrx_word' id='word_1_77' title='bbox 1376 1109 1671 1178; x_wconf 85' lang='lat' dir='ltr'><strong>professus,</strong></span> <span class='ocrx_word' id='word_1_78' title='bbox 1694 1111 1941 1166; x_wconf 85' lang='lat' dir='ltr'><strong>omisisse</strong></span> 
     </span>
    </p>
   </div>
   <div class='ocr_carea' id='block_1_12' title="bbox 333 1197 1942 1270">
    <p class='ocr_par' dir='ltr' id='par_1_12' title="bbox 333 1197 1942 1270">
     <span class='ocr_line' id='line_1_12' title="bbox 333 1197 1942 1270; baseline 0.002 -16"><span class='ocrx_word' id='word_1_79' title='bbox 333 1197 439 1254; x_wconf 86' lang='lat' dir='ltr'><strong>dici</strong></span> <span class='ocrx_word' id='word_1_80' title='bbox 465 1214 571 1252; x_wconf 87' lang='lat' dir='ltr'><strong>non</strong></span> <span class='ocrx_word' id='word_1_81' title='bbox 607 1208 804 1268; x_wconf 80' lang='lat' dir='ltr'><strong>potest.</strong></span> <span class='ocrx_word' id='word_1_82' title='bbox 836 1198 1156 1269; x_wconf 90' lang='lat' dir='ltr'><strong>Complures</strong></span> <span class='ocrx_word' id='word_1_83' title='bbox 1181 1199 1340 1254; x_wconf 89' lang='lat' dir='ltr'><strong>etiam</strong></span> <span class='ocrx_word' id='word_1_84' title='bbox 1365 1199 1720 1270; x_wconf 85' lang='lat' dir='ltr'><strong>imperatores</strong></span> <span class='ocrx_word' id='word_1_85' title='bbox 1749 1203 1800 1257; x_wconf 92' lang='lat' dir='ltr'><strong>in</strong></span> <span class='ocrx_word' id='word_1_86' title='bbox 1847 1218 1942 1258; x_wconf 89' lang='lat' dir='ltr'><strong>eo-</strong></span> 
     </span>
    </p>
   </div>
   <div class='ocr_carea' id='block_1_13' title="bbox 334 1293 1942 1364">
    <p class='ocr_par' dir='ltr' id='par_1_13' title="bbox 334 1293 1942 1364">
     <span class='ocr_line' id='line_1_13' title="bbox 334 1293 1942 1364; baseline 0 -14"><span class='ocrx_word' id='word_1_87' title='bbox 334 1309 454 1350; x_wconf 85' lang='lat' dir='ltr'><strong>rum</strong></span> <span class='ocrx_word' id='word_1_88' title='bbox 483 1294 623 1358; x_wconf 80' lang='lat' dir='ltr'><strong>serie</strong></span> <span class='ocrx_word' id='word_1_89' title='bbox 653 1293 952 1348; x_wconf 81' lang='lat' dir='ltr'><strong>exhibenda</strong></span> <span class='ocrx_word' id='word_1_90' title='bbox 984 1294 1453 1362; x_wconf 62' lang='lat' dir='ltr'><strong>praetermisisset,</strong></span> <span class='ocrx_word' id='word_1_91' title='bbox 1486 1310 1644 1364; x_wconf 88' lang='lat' dir='ltr'><strong>quam</strong></span> <span class='ocrx_word' id='word_1_92' title='bbox 1679 1294 1942 1350; x_wconf 85' lang='lat' dir='ltr'><strong>nihilomi-</strong></span> 
     </span>
    </p>
   </div>
   <div class='ocr_carea' id='block_1_14' title="bbox 335 1385 1938 1444">
    <p class='ocr_par' dir='ltr' id='par_1_14' title="bbox 335 1385 1938 1444">
     <span class='ocr_line' id='line_1_14' title="bbox 335 1385 1938 1444; baseline -0.002 -1"><span class='ocrx_word' id='word_1_93' title='bbox 335 1404 435 1443; x_wconf 87' lang='lat' dir='ltr'><strong>nus</strong></span> <span class='ocrx_word' id='word_1_94' title='bbox 461 1403 490 1442; x_wconf 89' lang='lat' dir='ltr'><strong>a</strong></span> <span class='ocrx_word' id='word_1_95' title='bbox 518 1387 660 1442; x_wconf 68' lang='lat' dir='ltr'><strong>Iulio</strong></span> <span class='ocrx_word' id='word_1_96' title='bbox 682 1388 890 1443; x_wconf 69' lang='lat' dir='ltr'><strong>Cmsare</strong></span> <span class='ocrx_word' id='word_1_97' title='bbox 913 1386 978 1441; x_wconf 90' lang='lat' dir='ltr'><strong>ad</strong></span> <span class='ocrx_word' id='word_1_98' title='bbox 999 1386 1290 1440; x_wconf 88' lang='lat' dir='ltr'><strong>stabilitum</strong></span> <span class='ocrx_word' id='word_1_99' title='bbox 1313 1387 1363 1440; x_wconf 91' lang='lat' dir='ltr'><strong>in</strong></span> <span class='ocrx_word' id='word_1_100' title='bbox 1393 1385 1586 1442; x_wconf 86' lang='lat' dir='ltr'><strong>Galliis</strong></span> <span class='ocrx_word' id='word_1_101' title='bbox 1609 1387 1938 1444; x_wconf 84' lang='lat' dir='ltr'><strong>Francorum</strong></span> 
     </span>
    </p>
   </div>
   <div class='ocr_carea' id='block_1_15' title="bbox 333 1479 1940 1551">
    <p class='ocr_par' dir='ltr' id='par_1_15' title="bbox 333 1479 1940 1551">
     <span class='ocr_line' id='line_1_15' title="bbox 333 1479 1940 1551; baseline 0 -14"><span class='ocrx_word' id='word_1_102' title='bbox 333 1496 557 1550; x_wconf 81' lang='lat' dir='ltr'><strong>regnum</strong></span> <span class='ocrx_word' id='word_1_103' title='bbox 589 1479 882 1551; x_wconf 90' lang='lat' dir='ltr'><strong>perducere</strong></span> <span class='ocrx_word' id='word_1_104' title='bbox 929 1480 1190 1549; x_wconf 83' lang='lat' dir='ltr'><strong>integram</strong></span> <span class='ocrx_word' id='word_1_105' title='bbox 1237 1479 1609 1536; x_wconf 67' lang='lat' dir='ltr'><strong>consuluerat.</strong></span> <span class='ocrx_word' id='word_1_106' title='bbox 1645 1480 1698 1534; x_wconf 92' lang='lat' dir='ltr'><strong>ln</strong></span> <span class='ocrx_word' id='word_1_107' title='bbox 1751 1481 1940 1537; x_wconf 91' lang='lat' dir='ltr'><strong>eodem</strong></span> 
     </span>
    </p>
   </div>
   <div class='ocr_carea' id='block_1_16' title="bbox 330 1565 1940 1645">
    <p class='ocr_par' dir='ltr' id='par_1_16' title="bbox 330 1565 1940 1645">
     <span class='ocr_line' id='line_1_16' title="bbox 330 1565 1940 1645; baseline -0.002 -13"><span class='ocrx_word' id='word_1_108' title='bbox 330 1575 520 1632; x_wconf 86' lang='lat' dir='ltr'><strong>codice</strong></span> <span class='ocrx_word' id='word_1_109' title='bbox 585 1565 896 1630; x_wconf 82' lang='lat' dir='ltr'><strong>Corbeiensi</strong></span> <span class='ocrx_word' id='word_1_110' title='bbox 929 1583 1092 1644; x_wconf 90' lang='lat' dir='ltr'><strong>caput</strong></span> <span class='ocrx_word' id='word_1_111' title='bbox 1135 1573 1469 1644; x_wconf 77' lang='lat' dir='ltr'><strong>trigesimum</strong></span> <span class='ocrx_word' id='word_1_112' title='bbox 1509 1573 1740 1645; x_wconf 90' lang='lat' dir='ltr'><strong>primum</strong></span> <span class='ocrx_word' id='word_1_113' title='bbox 1792 1577 1940 1631; x_wconf 90' lang='lat' dir='ltr'><strong>deest</strong></span> 
     </span>
    </p>
   </div>
   <div class='ocr_carea' id='block_1_17' title="bbox 330 1665 1941 1737">
    <p class='ocr_par' dir='ltr' id='par_1_17' title="bbox 330 1665 1941 1737">
     <span class='ocr_line' id='line_1_17' title="bbox 330 1665 1941 1737; baseline -0.001 -16"><span class='ocrx_word' id='word_1_114' title='bbox 330 1683 453 1722; x_wconf 90' lang='lat' dir='ltr'><strong>cum</strong></span> <span class='ocrx_word' id='word_1_115' title='bbox 487 1676 718 1737; x_wconf 89' lang='lat' dir='ltr'><strong>quatuor</strong></span> <span class='ocrx_word' id='word_1_116' title='bbox 745 1665 1120 1733; x_wconf 84' lang='lat' dir='ltr'><strong>sequentibus.</strong></span> <span class='ocrx_word' id='word_1_117' title='bbox 1157 1665 1211 1719; x_wconf 91' lang='lat' dir='ltr'><strong>ln</strong></span> <span class='ocrx_word' id='word_1_118' title='bbox 1241 1679 1308 1720; x_wconf 89' lang='lat' dir='ltr'><strong>eo</strong></span> <span class='ocrx_word' id='word_1_119' title='bbox 1341 1676 1518 1720; x_wconf 88' lang='lat' dir='ltr'><strong>tamen</strong></span> <span class='ocrx_word' id='word_1_120' title='bbox 1546 1675 1706 1735; x_wconf 90' lang='lat' dir='ltr'><strong>caput</strong></span> <span class='ocrx_word' id='word_1_121' title='bbox 1734 1665 1941 1736; x_wconf 81' lang='lat' dir='ltr'><strong>trigesi-</strong></span> 
     </span>
    </p>
   </div>
   <div class='ocr_carea' id='block_1_18' title="bbox 2049 459 3643 537">
    <p class='ocr_par' dir='ltr' id='par_1_18' title="bbox 2049 459 3643 537">
     <span class='ocr_line' id='line_1_18' title="bbox 2049 459 3643 537; baseline 0.007 -24"><span class='ocrx_word' id='word_1_122' title='bbox 2049 459 2173 513; x_wconf 90' lang='lat' dir='ltr'><strong>lonii</strong></span> <span class='ocrx_word' id='word_1_123' title='bbox 2205 461 2578 530; x_wconf 90' lang='lat' dir='ltr'><strong>episcoporum</strong></span> <span class='ocrx_word' id='word_1_124' title='bbox 2611 461 2806 531; x_wconf 84' lang='lat' dir='ltr'><strong>ﬂagitia</strong></span> <span class='ocrx_word' id='word_1_125' title='bbox 2835 463 3124 534; x_wconf 83' lang='lat' dir='ltr'><strong>Gregorius</strong></span> <span class='ocrx_word' id='word_1_126' title='bbox 3153 467 3458 537; x_wconf 84' lang='lat' dir='ltr'><strong>descripsit,</strong></span> <span class='ocrx_word' id='word_1_127' title='bbox 3486 469 3643 526; x_wconf 83' lang='lat' dir='ltr'><strong>deest</strong></span> 
     </span>
    </p>
   </div>
   <div class='ocr_carea' id='block_1_19' title="bbox 2045 550 3634 618">
    <p class='ocr_par' dir='ltr' id='par_1_19' title="bbox 2045 550 3634 618">
     <span class='ocr_line' id='line_1_19' title="bbox 2045 550 3634 618; baseline 0.007 -13"><span class='ocrx_word' id='word_1_128' title='bbox 2045 550 2097 605; x_wconf 91' lang='lat' dir='ltr'><strong>in</strong></span> <span class='ocrx_word' id='word_1_129' title='bbox 2126 552 2398 605; x_wconf 87' lang='lat' dir='ltr'><strong>codicibus</strong></span> <span class='ocrx_word' id='word_1_130' title='bbox 2442 554 2774 618; x_wconf 83' lang='lat' dir='ltr'><strong>Corheiensi,</strong></span> <span class='ocrx_word' id='word_1_131' title='bbox 2825 551 3195 612; x_wconf 49' lang='lat' dir='ltr'><strong>Beliovacensi</strong></span> <span class='ocrx_word' id='word_1_132' title='bbox 3229 568 3284 613; x_wconf 92' lang='lat' dir='ltr'><strong>et</strong></span> <span class='ocrx_word' id='word_1_133' title='bbox 3324 559 3634 618; x_wconf 87' lang='lat' dir='ltr'><strong>Colbertino</strong></span> 
     </span>
    </p>
   </div>
   <div class='ocr_carea' id='block_1_20' title="bbox 2043 645 3638 726">
    <p class='ocr_par' dir='ltr' id='par_1_20' title="bbox 2043 645 3638 726">
     <span class='ocr_line' id='line_1_20' title="bbox 2043 645 3638 726; baseline 0.007 -29"><span class='ocrx_word' id='word_1_134' title='bbox 2043 657 2137 697; x_wconf 86' lang='lat' dir='ltr'><strong>seu</strong></span> <span class='ocrx_word' id='word_1_135' title='bbox 2172 645 2341 698; x_wconf 87' lang='lat' dir='ltr'><strong>sancti</strong></span> <span class='ocrx_word' id='word_1_136' title='bbox 2374 647 2578 726; x_wconf 73' lang='lat' dir='ltr'><strong>Amulli</strong></span> <span class='ocrx_word' id='word_1_137' title='bbox 2615 663 2625 698; x_wconf 92' lang='lat'><strong>:</strong></span> <span class='ocrx_word' id='word_1_138' title='bbox 2660 656 2713 701; x_wconf 90' lang='lat' dir='ltr'><strong>et</strong></span> <span class='ocrx_word' id='word_1_139' title='bbox 2745 656 2919 702; x_wconf 89' lang='lat' dir='ltr'><strong>tamen</strong></span> <span class='ocrx_word' id='word_1_140' title='bbox 2966 649 3123 703; x_wconf 91' lang='lat' dir='ltr'><strong>iidem</strong></span> <span class='ocrx_word' id='word_1_141' title='bbox 3171 651 3386 708; x_wconf 77' lang='lat' dir='ltr'><strong>codices</strong></span> <span class='ocrx_word' id='word_1_142' title='bbox 3439 652 3638 708; x_wconf 83' lang='lat' dir='ltr'><strong>habent</strong></span> 
     </span>
    </p>
   </div>
   <div class='ocr_carea' id='block_1_21' title="bbox 2043 735 3633 815">
    <p class='ocr_par' dir='ltr' id='par_1_21' title="bbox 2043 735 3633 815">
     <span class='ocr_line' id='line_1_21' title="bbox 2043 735 3633 815; baseline 0.008 -25"><span class='ocrx_word' id='word_1_143' title='bbox 2043 735 2301 804; x_wconf 74' lang='lat' dir='ltr'><strong>eaput28</strong></span> <span class='ocrx_word' id='word_1_144' title='bbox 2343 738 2582 806; x_wconf 90' lang='lat' dir='ltr'><strong>ejusdem</strong></span> <span class='ocrx_word' id='word_1_145' title='bbox 2638 741 2753 794; x_wconf 91' lang='lat' dir='ltr'><strong>libri</strong></span> <span class='ocrx_word' id='word_1_146' title='bbox 2805 742 2942 810; x_wconf 93' lang='lat' dir='ltr'><strong>quod</strong></span> <span class='ocrx_word' id='word_1_147' title='bbox 2993 743 3274 799; x_wconf 77' lang='lat' dir='ltr'><strong>manifeste</strong></span> <span class='ocrx_word' id='word_1_148' title='bbox 3321 747 3633 815; x_wconf 83' lang='lat' dir='ltr'><strong>vigesimum</strong></span> 
     </span>
    </p>
   </div>
   <div class='ocr_carea' id='block_1_22' title="bbox 2044 830 3635 908">
    <p class='ocr_par' dir='ltr' id='par_1_22' title="bbox 2044 830 3635 908">
     <span class='ocr_line' id='line_1_22' title="bbox 2044 830 3635 908; baseline 0.007 -26"><span class='ocrx_word' id='word_1_149' title='bbox 2044 830 2275 898; x_wconf 89' lang='lat' dir='ltr'><strong>primum</strong></span> <span class='ocrx_word' id='word_1_150' title='bbox 2318 833 2590 901; x_wconf 89' lang='lat' dir='ltr'><strong>supponit.</strong></span> <span class='ocrx_word' id='word_1_151' title='bbox 2641 835 2728 889; x_wconf 89' lang='lat' dir='ltr'><strong>Sic</strong></span> <span class='ocrx_word' id='word_1_152' title='bbox 2773 838 2912 890; x_wconf 86' lang='lat' dir='ltr'><strong>enim</strong></span> <span class='ocrx_word' id='word_1_153' title='bbox 2967 838 3125 893; x_wconf 89' lang='lat' dir='ltr'><strong>habet</strong></span> <span class='ocrx_word' id='word_1_154' title='bbox 3173 837 3462 908; x_wconf 79' lang='lat' dir='ltr'><strong>Gregorius</strong></span> <span class='ocrx_word' id='word_1_155' title='bbox 3503 843 3635 896; x_wconf 77' lang='lat' dir='ltr'><strong>hanc.</strong></span> 
     </span>
    </p>
   </div>
   <div class='ocr_carea' id='block_1_23' title="bbox 2043 928 3637 1001">
    <p class='ocr_par' dir='ltr' id='par_1_23' title="bbox 2043 928 3637 1001">
     <span class='ocr_line' id='line_1_23' title="bbox 2043 928 3637 1001; baseline 0.004 -21"><span class='ocrx_word' id='word_1_156' title='bbox 2043 940 2257 980; x_wconf 86' lang='lat' dir='ltr'><strong>causam</strong></span> <span class='ocrx_word' id='word_1_157' title='bbox 2292 938 2588 982; x_wconf 84' lang='lat' dir='ltr'><strong>retractans</strong></span> <span class='ocrx_word' id='word_1_158' title='bbox 2616 946 2630 983; x_wconf 86' lang='lat'><strong>:</strong></span> <span class='ocrx_word' id='word_1_159' title='bbox 2662 928 2855 985; x_wconf 81' lang='lat' dir='ltr'><strong>Contra</strong></span> <span class='ocrx_word' id='word_1_160' title='bbox 2897 931 3234 1001; x_wconf 78' lang='lat' dir='ltr'><strong>Sagittarium</strong></span> <span class='ocrx_word' id='word_1_161' title='bbox 3266 945 3312 988; x_wconf 90' lang='lat' dir='ltr'><strong>et</strong></span> <span class='ocrx_word' id='word_1_162' title='bbox 3362 934 3637 990; x_wconf 86' lang='lat' dir='ltr'><strong>Salonium</strong></span> 
     </span>
    </p>
   </div>
   <div class='ocr_carea' id='block_1_24' title="bbox 2043 1021 3640 1094">
    <p class='ocr_par' dir='ltr' id='par_1_24' title="bbox 2043 1021 3640 1094">
     <span class='ocr_line' id='line_1_24' title="bbox 2043 1021 3640 1094; baseline 0.004 -22"><span class='ocrx_word' id='word_1_163' title='bbox 2043 1021 2304 1091; x_wconf 78' lang='lat' dir='ltr'><strong>episwpos</strong></span> <span class='ocrx_word' id='word_1_164' title='bbox 2351 1023 2564 1076; x_wconf 76' lang='lat' dir='ltr'><strong>iteratur</strong></span> <span class='ocrx_word' id='word_1_165' title='bbox 2593 1023 2685 1076; x_wconf 85' lang='lat' dir='ltr'><strong>illa</strong></span> <span class='ocrx_word' id='word_1_166' title='bbox 2729 1025 2941 1088; x_wconf 87' lang='lat' dir='ltr'><strong>antiqua</strong></span> <span class='ocrx_word' id='word_1_167' title='bbox 2980 1027 3266 1081; x_wconf 71' lang='lat' dir='ltr'><strong>calamitas.</strong></span> <span class='ocrx_word' id='word_1_168' title='bbox 3317 1028 3640 1094; x_wconf 82' lang='lat' dir='ltr'><strong>()bjiciuntur</strong></span> 
     </span>
    </p>
   </div>
   <div class='ocr_carea' id='block_1_25' title="bbox 2041 1113 3636 1188">
    <p class='ocr_par' dir='ltr' id='par_1_25' title="bbox 2041 1113 3636 1188">
     <span class='ocr_line' id='line_1_25' title="bbox 2041 1113 3636 1188; baseline 0.003 -21"><span class='ocrx_word' id='word_1_169' title='bbox 2041 1113 2113 1167; x_wconf 83' lang='lat' dir='ltr'><strong>eis</strong></span> <span class='ocrx_word' id='word_1_170' title='bbox 2138 1115 2375 1181; x_wconf 83' lang='lat' dir='ltr'><strong>crimina,</strong></span> <span class='ocrx_word' id='word_1_171' title='bbox 2406 1125 2510 1169; x_wconf 92' lang='lat' dir='ltr'><strong>etc.</strong></span> <span class='ocrx_word' id='word_1_172' title='bbox 2541 1114 2728 1184; x_wconf 91' lang='lat' dir='ltr'><strong>Capite</strong></span> <span class='ocrx_word' id='word_1_173' title='bbox 2770 1128 2946 1171; x_wconf 87' lang='lat' dir='ltr'><strong>autem</strong></span> <span class='ocrx_word' id='word_1_174' title='bbox 2977 1117 3162 1171; x_wconf 92' lang='lat' dir='ltr'><strong>ultimo</strong></span> <span class='ocrx_word' id='word_1_175' title='bbox 3209 1119 3448 1188; x_wconf 82' lang='lat' dir='ltr'><strong>ejusdem</strong></span> <span class='ocrx_word' id='word_1_176' title='bbox 3495 1120 3636 1186; x_wconf 54' lang='lat' dir='ltr'><strong>libri,</strong></span> 
     </span>
    </p>
   </div>
   <div class='ocr_carea' id='block_1_26' title="bbox 2043 1209 3636 1287">
    <p class='ocr_par' dir='ltr' id='par_1_26' title="bbox 2043 1209 3636 1287">
     <span class='ocr_line' id='line_1_26' title="bbox 2043 1209 3636 1287; baseline 0.008 -30"><span class='ocrx_word' id='word_1_177' title='bbox 2043 1209 2185 1278; x_wconf 88' lang='lat' dir='ltr'><strong>quod</strong></span> <span class='ocrx_word' id='word_1_178' title='bbox 2216 1211 2392 1265; x_wconf 88' lang='lat' dir='ltr'><strong>nullus</strong></span> <span class='ocrx_word' id='word_1_179' title='bbox 2418 1211 2586 1266; x_wconf 83' lang='lat' dir='ltr'><strong>codex</strong></span> <span class='ocrx_word' id='word_1_180' title='bbox 2617 1228 2721 1265; x_wconf 88' lang='lat' dir='ltr'><strong>non</strong></span> <span class='ocrx_word' id='word_1_181' title='bbox 2751 1211 2928 1276; x_wconf 62' lang='lat' dir='ltr'><strong>habet,</strong></span> <span class='ocrx_word' id='word_1_182' title='bbox 2963 1213 3074 1267; x_wconf 65' lang='lat' dir='ltr'><strong>hinc</strong></span> <span class='ocrx_word' id='word_1_183' title='bbox 3126 1215 3287 1268; x_wconf 87' lang='lat' dir='ltr'><strong>verba</strong></span> <span class='ocrx_word' id='word_1_184' title='bbox 3345 1218 3590 1287; x_wconf 86' lang='lat' dir='ltr'><strong>leguntur</strong></span> <span class='ocrx_word' id='word_1_185' title='bbox 3623 1235 3636 1270; x_wconf 91' lang='lat'>:</span> 
     </span>
    </p>
   </div>
   <div class='ocr_carea' id='block_1_27' title="bbox 2044 1298 3637 1380">
    <p class='ocr_par' dir='ltr' id='par_1_27' title="bbox 2044 1298 3637 1380">
     <span class='ocr_line' id='line_1_27' title="bbox 2044 1298 3637 1380; baseline 0.005 -27"><span class='ocrx_word' id='word_1_186' title='bbox 2044 1298 2217 1373; x_wconf 86' lang='lat' dir='ltr'><strong>Igitur</strong></span> <span class='ocrx_word' id='word_1_187' title='bbox 2237 1319 2350 1356; x_wconf 87' lang='lat' dir='ltr'><strong>cum</strong></span> <span class='ocrx_word' id='word_1_188' title='bbox 2378 1304 2490 1358; x_wconf 81' lang='lat' dir='ltr'><strong>vale</strong></span> <span class='ocrx_word' id='word_1_189' title='bbox 2522 1314 2631 1373; x_wconf 85' lang='lat' dir='ltr'><strong>post</strong></span> <span class='ocrx_word' id='word_1_190' title='bbox 2660 1307 2914 1374; x_wconf 82' lang='lat' dir='ltr'><strong>synodum</strong></span> <span class='ocrx_word' id='word_1_191' title='bbox 2946 1316 3279 1360; x_wconf 85' lang='lat' dir='ltr'><strong>memoratam</strong></span> <span class='ocrx_word' id='word_1_192' title='bbox 3319 1312 3433 1380; x_wconf 81' lang='lat' dir='ltr'><strong>jam</strong></span> <span class='ocrx_word' id='word_1_193' title='bbox 3479 1309 3637 1371; x_wconf 88' lang='lat' dir='ltr'><strong>dicto,</strong></span> 
     </span>
    </p>
   </div>
   <div class='ocr_carea' id='block_1_28' title="bbox 2043 1396 3645 1468">
    <p class='ocr_par' dir='ltr' id='par_1_28' title="bbox 2043 1396 3645 1468">
     <span class='ocr_line' id='line_1_28' title="bbox 2043 1396 3645 1468; baseline 0.002 -19"><span class='ocrx_word' id='word_1_194' title='bbox 2043 1403 2174 1460; x_wconf 88' lang='lat' dir='ltr'><strong>etc.,</strong></span> <span class='ocrx_word' id='word_1_195' title='bbox 2208 1412 2324 1464; x_wconf 76' lang='lat' dir='ltr'><strong>qum</strong></span> <span class='ocrx_word' id='word_1_196' title='bbox 2355 1396 2421 1451; x_wconf 89' lang='lat' dir='ltr'><strong>de</strong></span> <span class='ocrx_word' id='word_1_197' title='bbox 2474 1397 2683 1466; x_wconf 89' lang='lat' dir='ltr'><strong>synodo</strong></span> <span class='ocrx_word' id='word_1_198' title='bbox 2714 1396 3079 1452; x_wconf 59' lang='lat' dir='ltr'><strong>Brennaeeusi</strong></span> <span class='ocrx_word' id='word_1_199' title='bbox 3110 1398 3248 1452; x_wconf 85' lang='lat' dir='ltr'><strong>dicta</strong></span> <span class='ocrx_word' id='word_1_200' title='bbox 3302 1408 3443 1462; x_wconf 91' lang='lat' dir='ltr'><strong>sunt,</strong></span> <span class='ocrx_word' id='word_1_201' title='bbox 3489 1399 3645 1468; x_wconf 88' lang='lat' dir='ltr'><strong>cujus</strong></span> 
     </span>
    </p>
   </div>
   <div class='ocr_carea' id='block_1_29' title="bbox 2044 1487 3640 1558">
    <p class='ocr_par' dir='ltr' id='par_1_29' title="bbox 2044 1487 3640 1558">
     <span class='ocr_line' id='line_1_29' title="bbox 2044 1487 3640 1558; baseline 0.003 -18"><span class='ocrx_word' id='word_1_202' title='bbox 2044 1496 2161 1541; x_wconf 88' lang='lat' dir='ltr'><strong>acta</strong></span> <span class='ocrx_word' id='word_1_203' title='bbox 2192 1495 2245 1542; x_wconf 90' lang='lat' dir='ltr'><strong>et</strong></span> <span class='ocrx_word' id='word_1_204' title='bbox 2274 1489 2609 1543; x_wconf 85' lang='lat' dir='ltr'><strong>occasionem</strong></span> <span class='ocrx_word' id='word_1_205' title='bbox 2641 1489 2874 1543; x_wconf 75' lang='lat' dir='ltr'><strong>narravit</strong></span> <span class='ocrx_word' id='word_1_206' title='bbox 2895 1487 3182 1558; x_wconf 81' lang='lat' dir='ltr'><strong>Gregorius</strong></span> <span class='ocrx_word' id='word_1_207' title='bbox 3212 1492 3262 1542; x_wconf 89' lang='lat' dir='ltr'><strong>in</strong></span> <span class='ocrx_word' id='word_1_208' title='bbox 3288 1495 3460 1558; x_wconf 78' lang='lat' dir='ltr'><strong>capite</strong></span> <span class='ocrx_word' id='word_1_209' title='bbox 3489 1491 3557 1546; x_wconf 79' lang='grc'><strong>48</strong></span> <span class='ocrx_word' id='word_1_210' title='bbox 3586 1500 3640 1545; x_wconf 87' lang='lat' dir='ltr'><strong>et</strong></span> 
     </span>
    </p>
   </div>
   <div class='ocr_carea' id='block_1_30' title="bbox 2045 1579 3640 1649">
    <p class='ocr_par' dir='ltr' id='par_1_30' title="bbox 2045 1579 3640 1649">
     <span class='ocr_line' id='line_1_30' title="bbox 2045 1579 3640 1649; baseline -0.001 -14"><span class='ocrx_word' id='word_1_211' title='bbox 2045 1579 2394 1649; x_wconf 89' lang='lat' dir='ltr'><strong>sequentibus</strong></span> <span class='ocrx_word' id='word_1_212' title='bbox 2425 1581 2693 1636; x_wconf 87' lang='lat' dir='ltr'><strong>editorum</strong></span> <span class='ocrx_word' id='word_1_213' title='bbox 2716 1589 2769 1635; x_wconf 92' lang='lat' dir='ltr'><strong>et</strong></span> <span class='ocrx_word' id='word_1_214' title='bbox 2792 1589 3096 1636; x_wconf 86' lang='lat' dir='ltr'><strong>nostrorum</strong></span> <span class='ocrx_word' id='word_1_215' title='bbox 3123 1582 3605 1649; x_wconf 90' lang='lat' dir='ltr'><strong>manuscriptorum</strong></span> <span class='ocrx_word' id='word_1_216' title='bbox 3629 1601 3640 1634; x_wconf 90' lang='lat'><strong>:</strong></span> 
     </span>
    </p>
   </div>
   <div class='ocr_carea' id='block_1_31' title="bbox 2045 1675 3642 1744">
    <p class='ocr_par' dir='ltr' id='par_1_31' title="bbox 2045 1675 3642 1744">
     <span class='ocr_line' id='line_1_31' title="bbox 2045 1675 3642 1744; baseline 0.005 -18"><span class='ocrx_word' id='word_1_217' title='bbox 2045 1675 2140 1728; x_wconf 89' lang='lat' dir='ltr'><strong>sed</strong></span> <span class='ocrx_word' id='word_1_218' title='bbox 2172 1676 2287 1728; x_wconf 87' lang='lat' dir='ltr'><strong>haec</strong></span> <span class='ocrx_word' id='word_1_219' title='bbox 2315 1677 2490 1744; x_wconf 87' lang='lat' dir='ltr'><strong>capita</strong></span> <span class='ocrx_word' id='word_1_220' title='bbox 2514 1677 2734 1730; x_wconf 89' lang='lat' dir='ltr'><strong>omnino</strong></span> <span class='ocrx_word' id='word_1_221' title='bbox 2761 1693 2865 1730; x_wconf 86' lang='lat' dir='ltr'><strong>non</strong></span> <span class='ocrx_word' id='word_1_222' title='bbox 2893 1676 3092 1731; x_wconf 89' lang='lat' dir='ltr'><strong>habent</strong></span> <span class='ocrx_word' id='word_1_223' title='bbox 3114 1675 3383 1731; x_wconf 89' lang='lat' dir='ltr'><strong>Cointiani</strong></span> <span class='ocrx_word' id='word_1_224' title='bbox 3407 1677 3642 1734; x_wconf 87' lang='lat' dir='ltr'><strong>codices.</strong></span> 
     </span>
    </p>
   </div>
   <div class='ocr_carea' id='block_1_32' title="bbox 329 1749 3648 1837">
    <p class='ocr_par' dir='ltr' id='par_1_32' title="bbox 329 1749 3648 1837">
     <span class='ocr_line' id='line_1_32' title="bbox 329 1749 3648 1837; baseline -0.001 -23"><span class='ocrx_word' id='word_1_225' title='bbox 329 1774 476 1814; x_wconf 88' lang='lat' dir='ltr'><strong>mum</strong></span> <span class='ocrx_word' id='word_1_226' title='bbox 522 1767 759 1824; x_wconf 82' lang='lat' dir='ltr'><strong>sextum,</strong></span> <span class='ocrx_word' id='word_1_227' title='bbox 790 1751 931 1829; x_wconf 81' lang='lat' dir='ltr'><strong>quod</strong></span> <span class='ocrx_word' id='word_1_228' title='bbox 963 1758 1296 1826; x_wconf 86' lang='lat' dir='ltr'><strong>trigesimum</strong></span> <span class='ocrx_word' id='word_1_229' title='bbox 1328 1766 1624 1827; x_wconf 89' lang='lat' dir='ltr'><strong>nuncupat,</strong></span> <span class='ocrx_word' id='word_1_230' title='bbox 1655 1759 1724 1812; x_wconf 91' lang='lat' dir='ltr'><strong>ita</strong></span> <span class='ocrx_word' id='word_1_231' title='bbox 1747 1799 1759 1823; x_wconf 98' lang='lat'><strong>,</strong></span> <span class='ocrx_word' id='word_1_232' title='bbox 1797 1759 1936 1812; x_wconf 90' lang='lat' dir='ltr'><strong>sicut</strong></span> <span class='ocrx_word' id='word_1_233' title='bbox 1964 1749 2011 1811; x_wconf 85' lang='lat' dir='ltr'><strong>B</strong></span> <span class='ocrx_word' id='word_1_234' title='bbox 2039 1766 2177 1832; x_wconf 80' lang='lat' dir='ltr'><strong>Quin</strong></span> <span class='ocrx_word' id='word_1_235' title='bbox 2211 1777 2264 1820; x_wconf 75' lang='grc' dir='ltr'><strong>ει</strong></span> <span class='ocrx_word' id='word_1_236' title='bbox 2286 1765 2400 1821; x_wconf 60' lang='lat' dir='ltr'><strong>[me</strong></span> <span class='ocrx_word' id='word_1_237' title='bbox 2432 1767 2544 1834; x_wconf 65' lang='lat' dir='ltr'><strong>ipsa</strong></span> <span class='ocrx_word' id='word_1_238' title='bbox 2572 1767 2746 1836; x_wconf 61' lang='lat' dir='ltr'><strong>capita</strong></span> <span class='ocrx_word' id='word_1_239' title='bbox 2793 1766 2880 1822; x_wconf 77' lang='lat' dir='ltr'><strong>hic</strong></span> <span class='ocrx_word' id='word_1_240' title='bbox 2924 1769 3124 1823; x_wconf 71' lang='lat' dir='ltr'><strong>omissa</strong></span> <span class='ocrx_word' id='word_1_241' title='bbox 3175 1768 3461 1824; x_wconf 48' lang='lat' dir='ltr'><strong>manifeste</strong></span> <span class='ocrx_word' id='word_1_242' title='bbox 3509 1783 3648 1837; x_wconf 63' lang='lat' dir='ltr'><strong>pm-</strong></span> 
     </span>
    </p>
   </div>
   <div class='ocr_carea' id='block_1_33' title="bbox 329 1850 1936 1923">
    <p class='ocr_par' dir='ltr' id='par_1_33' title="bbox 329 1850 1936 1923">
     <span class='ocr_line' id='line_1_33' title="bbox 329 1850 1936 1923; baseline -0.004 -15"><span class='ocrx_word' id='word_1_243' title='bbox 329 1866 381 1908; x_wconf 83' lang='lat' dir='ltr'><strong>In</strong></span> <span class='ocrx_word' id='word_1_244' title='bbox 410 1853 644 1916; x_wconf 68' lang='lat' dir='ltr'><strong>caneris,</strong></span> <span class='ocrx_word' id='word_1_245' title='bbox 679 1853 888 1920; x_wconf 81' lang='lat' dir='ltr'><strong>incipit,</strong></span> <span class='ocrx_word' id='word_1_246' title='bbox 917 1850 1059 1905; x_wconf 81' lang='lat' dir='ltr'><strong>Tunc</strong></span> <span class='ocrx_word' id='word_1_247' title='bbox 1078 1854 1194 1923; x_wconf 89' lang='lat' dir='ltr'><strong>jam</strong></span> <span class='ocrx_word' id='word_1_248' title='bbox 1219 1860 1267 1905; x_wconf 88' lang='lat' dir='ltr'><strong>et</strong></span> <span class='ocrx_word' id='word_1_249' title='bbox 1289 1852 1460 1905; x_wconf 84' lang='lat' dir='ltr'><strong>lumen</strong></span> <span class='ocrx_word' id='word_1_250' title='bbox 1491 1857 1724 1904; x_wconf 87' lang='lat' dir='ltr'><strong>nostrum</strong></span> <span class='ocrx_word' id='word_1_251' title='bbox 1765 1850 1936 1904; x_wconf 75' lang='lat' dir='ltr'><strong>exori-</strong></span> 
     </span>
    </p>
   </div>
   <div class='ocr_carea' id='block_1_34' title="bbox 330 1942 1934 2011">
    <p class='ocr_par' dir='ltr' id='par_1_34' title="bbox 330 1942 1934 2011">
     <span class='ocr_line' id='line_1_34' title="bbox 330 1942 1934 2011; baseline -0.001 -13"><span class='ocrx_word' id='word_1_252' title='bbox 330 1953 481 1999; x_wconf 86' lang='lat' dir='ltr'><strong>tur...</strong></span> <span class='ocrx_word' id='word_1_253' title='bbox 515 1943 771 1998; x_wconf 77' lang='lat' dir='ltr'><strong>Martinus</strong></span> <span class='ocrx_word' id='word_1_254' title='bbox 797 1958 814 1998; x_wconf 91' lang='lat'><strong><em>:</em></strong></span> <span class='ocrx_word' id='word_1_255' title='bbox 837 1944 1270 1999; x_wconf 88' lang='lat' dir='ltr'><strong>mendosissime.</strong></span> <span class='ocrx_word' id='word_1_256' title='bbox 1299 1943 1430 1998; x_wconf 87' lang='lat' dir='ltr'><strong>Nam</strong></span> <span class='ocrx_word' id='word_1_257' title='bbox 1454 1957 1520 1999; x_wconf 89' lang='lat' dir='ltr'><strong>eo</strong></span> <span class='ocrx_word' id='word_1_258' title='bbox 1543 1951 1700 2011; x_wconf 89' lang='lat' dir='ltr'><strong>pacto</strong></span> <span class='ocrx_word' id='word_1_259' title='bbox 1723 1942 1934 1997; x_wconf 79' lang='lat' dir='ltr'><strong>Martini</strong></span> 
     </span>
    </p>
   </div>
   <div class='ocr_carea' id='block_1_35' title="bbox 330 2035 1931 2108">
    <p class='ocr_par' dir='ltr' id='par_1_35' title="bbox 330 2035 1931 2108">
     <span class='ocr_line' id='line_1_35' title="bbox 330 2035 1931 2108; baseline -0.004 -15"><span class='ocrx_word' id='word_1_260' title='bbox 330 2041 579 2095; x_wconf 87' lang='lat' dir='ltr'><strong>nativitas</strong></span> <span class='ocrx_word' id='word_1_261' title='bbox 610 2037 877 2095; x_wconf 84' lang='lat' dir='ltr'><strong>Valeriani</strong></span> <span class='ocrx_word' id='word_1_262' title='bbox 907 2045 962 2093; x_wconf 89' lang='lat' dir='ltr'><strong>et</strong></span> <span class='ocrx_word' id='word_1_263' title='bbox 1010 2035 1240 2092; x_wconf 88' lang='lat' dir='ltr'><strong>Gallieni</strong></span> <span class='ocrx_word' id='word_1_264' title='bbox 1273 2036 1602 2108; x_wconf 87' lang='lat' dir='ltr'><strong>temporibus</strong></span> <span class='ocrx_word' id='word_1_265' title='bbox 1649 2036 1931 2106; x_wconf 85' lang='lat' dir='ltr'><strong>consigna-</strong></span> 
     </span>
    </p>
   </div>
   <div class='ocr_carea' id='block_1_36' title="bbox 331 2128 1937 2199">
    <p class='ocr_par' dir='ltr' id='par_1_36' title="bbox 331 2128 1937 2199">
     <span class='ocr_line' id='line_1_36' title="bbox 331 2128 1937 2199; baseline -0.001 -14"><span class='ocrx_word' id='word_1_266' title='bbox 331 2139 502 2196; x_wconf 91' lang='lat' dir='ltr'><strong>retur,</strong></span> <span class='ocrx_word' id='word_1_267' title='bbox 565 2131 662 2184; x_wconf 79' lang='lat' dir='ltr'><strong>nisi</strong></span> <span class='ocrx_word' id='word_1_268' title='bbox 708 2147 773 2185; x_wconf 83' lang='lat' dir='ltr'><strong>ex</strong></span> <span class='ocrx_word' id='word_1_269' title='bbox 823 2130 940 2184; x_wconf 91' lang='lat' dir='ltr'><strong>aliis</strong></span> <span class='ocrx_word' id='word_1_270' title='bbox 983 2128 1258 2184; x_wconf 90' lang='lat' dir='ltr'><strong>codicibus</strong></span> <span class='ocrx_word' id='word_1_271' title='bbox 1303 2131 1655 2199; x_wconf 90' lang='lat' dir='ltr'><strong>suppleantur</strong></span> <span class='ocrx_word' id='word_1_272' title='bbox 1703 2129 1937 2199; x_wconf 88' lang='lat' dir='ltr'><strong>quinque</strong></span> 
     </span>
    </p>
   </div>
   <div class='ocr_carea' id='block_1_37' title="bbox 331 2218 1934 2293">
    <p class='ocr_par' dir='ltr' id='par_1_37' title="bbox 331 2218 1934 2293">
     <span class='ocr_line' id='line_1_37' title="bbox 331 2218 1934 2293; baseline -0.002 -15"><span class='ocrx_word' id='word_1_273' title='bbox 331 2223 530 2291; x_wconf 81' lang='lat' dir='ltr'><strong>capita,</strong></span> <span class='ocrx_word' id='word_1_274' title='bbox 563 2223 758 2293; x_wconf 89' lang='lat' dir='ltr'><strong>quibus</strong></span> <span class='ocrx_word' id='word_1_275' title='bbox 788 2220 1082 2292; x_wconf 84' lang='lat' dir='ltr'><strong>Gregorius</strong></span> <span class='ocrx_word' id='word_1_276' title='bbox 1103 2221 1490 2290; x_wconf 89' lang='lat' dir='ltr'><strong>imperatorum</strong></span> <span class='ocrx_word' id='word_1_277' title='bbox 1523 2221 1720 2276; x_wconf 90' lang='lat' dir='ltr'><strong>seriem</strong></span> <span class='ocrx_word' id='word_1_278' title='bbox 1752 2235 1781 2273; x_wconf 92' lang='lat' dir='ltr'><strong>a</strong></span> <span class='ocrx_word' id='word_1_279' title='bbox 1811 2218 1934 2275; x_wconf 89' lang='lat' dir='ltr'><strong>Gal-</strong></span> 
     </span>
    </p>
   </div>
   <div class='ocr_carea' id='block_1_38' title="bbox 332 2311 1934 2385">
    <p class='ocr_par' dir='ltr' id='par_1_38' title="bbox 332 2311 1934 2385">
     <span class='ocr_line' id='line_1_38' title="bbox 332 2311 1934 2385; baseline -0.002 -15"><span class='ocrx_word' id='word_1_280' title='bbox 332 2314 476 2371; x_wconf 87' lang='lat' dir='ltr'><strong>lieno</strong></span> <span class='ocrx_word' id='word_1_281' title='bbox 505 2317 571 2368; x_wconf 92' lang='lat' dir='ltr'><strong>ad</strong></span> <span class='ocrx_word' id='word_1_282' title='bbox 602 2314 975 2369; x_wconf 87' lang='lat' dir='ltr'><strong>Constantium</strong></span> <span class='ocrx_word' id='word_1_283' title='bbox 1006 2311 1244 2380; x_wconf 88' lang='lat' dir='ltr'><strong>deducit,</strong></span> <span class='ocrx_word' id='word_1_284' title='bbox 1277 2329 1382 2384; x_wconf 92' lang='lat' dir='ltr'><strong>quo</strong></span> <span class='ocrx_word' id='word_1_285' title='bbox 1411 2313 1588 2385; x_wconf 89' lang='lat' dir='ltr'><strong>reipsa</strong></span> <span class='ocrx_word' id='word_1_286' title='bbox 1615 2312 1934 2369; x_wconf 86' lang='lat' dir='ltr'><strong>Constantio</strong></span> 
     </span>
    </p>
   </div>
   <div class='ocr_carea' id='block_1_39' title="bbox 334 2405 1937 2477">
    <p class='ocr_par' dir='ltr' id='par_1_39' title="bbox 334 2405 1937 2477">
     <span class='ocr_line' id='line_1_39' title="bbox 334 2405 1937 2477; baseline -0.002 -13"><span class='ocrx_word' id='word_1_287' title='bbox 334 2407 638 2477; x_wconf 83' lang='lat' dir='ltr'><strong>imperante</strong></span> <span class='ocrx_word' id='word_1_288' title='bbox 667 2407 954 2462; x_wconf 82' lang='lat' dir='ltr'><strong>Martinum</strong></span> <span class='ocrx_word' id='word_1_289' title='bbox 988 2415 1170 2461; x_wconf 90' lang='lat' dir='ltr'><strong>natum</strong></span> <span class='ocrx_word' id='word_1_290' title='bbox 1199 2406 1362 2462; x_wconf 89' lang='lat' dir='ltr'><strong>fuisse</strong></span> <span class='ocrx_word' id='word_1_291' title='bbox 1387 2415 1590 2477; x_wconf 85' lang='lat' dir='ltr'><strong>narrat,</strong></span> <span class='ocrx_word' id='word_1_292' title='bbox 1617 2405 1776 2476; x_wconf 85' lang='lat' dir='ltr'><strong>idque</strong></span> <span class='ocrx_word' id='word_1_293' title='bbox 1798 2407 1937 2462; x_wconf 90' lang='lat' dir='ltr'><strong>veri-</strong></span> 
     </span>
    </p>
   </div>
   <div class='ocr_carea' id='block_1_40' title="bbox 333 2501 1259 2556">
    <p class='ocr_par' dir='ltr' id='par_1_40' title="bbox 333 2501 1259 2556">
     <span class='ocr_line' id='line_1_40' title="bbox 333 2501 1259 2556; baseline 0 -2"><span class='ocrx_word' id='word_1_294' title='bbox 333 2503 427 2555; x_wconf 89' lang='lat' dir='ltr'><strong>tati</strong></span> <span class='ocrx_word' id='word_1_295' title='bbox 459 2501 679 2555; x_wconf 88' lang='lat' dir='ltr'><strong>onmiuo</strong></span> <span class='ocrx_word' id='word_1_296' title='bbox 706 2511 1126 2556; x_wconf 87' lang='lat' dir='ltr'><strong>consentanemu</strong></span> <span class='ocrx_word' id='word_1_297' title='bbox 1156 2509 1259 2555; x_wconf 89' lang='lat' dir='ltr'><strong>est.</strong></span> 
     </span>
    </p>
   </div>
   <div class='ocr_carea' id='block_1_41' title="bbox 402 2592 1934 2664">
    <p class='ocr_par' dir='ltr' id='par_1_41' title="bbox 402 2592 1934 2664">
     <span class='ocr_line' id='line_1_41' title="bbox 402 2592 1934 2664; baseline 0.001 -18"><span class='ocrx_word' id='word_1_298' title='bbox 402 2592 492 2649; x_wconf 77' lang='lat'><strong>93.</strong></span> <span class='ocrx_word' id='word_1_299' title='bbox 523 2594 813 2662; x_wconf 89' lang='lat' dir='ltr'><strong>Gregorius</strong></span> <span class='ocrx_word' id='word_1_300' title='bbox 840 2594 978 2648; x_wconf 89' lang='lat' dir='ltr'><strong>libro</strong></span> <span class='ocrx_word' id='word_1_301' title='bbox 1005 2607 1066 2661; x_wconf 80' lang='grc' dir='ltr'><strong>ιι,</strong></span> <span class='ocrx_word' id='word_1_302' title='bbox 1100 2593 1276 2663; x_wconf 91' lang='lat' dir='ltr'><strong>capite</strong></span> <span class='ocrx_word' id='word_1_303' title='bbox 1302 2593 1356 2662; x_wconf 78' lang='lat'><strong>5,</strong></span> <span class='ocrx_word' id='word_1_304' title='bbox 1392 2592 1645 2648; x_wconf 82' lang='lat' dir='ltr'><strong>describit</strong></span> <span class='ocrx_word' id='word_1_305' title='bbox 1677 2607 1934 2664; x_wconf 89' lang='lat' dir='ltr'><strong>persecu-</strong></span> 
     </span>
    </p>
   </div>
   <div class='ocr_carea' id='block_1_42' title="bbox 333 2686 1936 2756">
    <p class='ocr_par' dir='ltr' id='par_1_42' title="bbox 333 2686 1936 2756">
     <span class='ocr_line' id='line_1_42' title="bbox 333 2686 1936 2756; baseline -0.002 -14"><span class='ocrx_word' id='word_1_306' title='bbox 333 2686 533 2744; x_wconf 87' lang='lat' dir='ltr'><strong>tionem</strong></span> <span class='ocrx_word' id='word_1_307' title='bbox 565 2703 595 2742; x_wconf 91' lang='lat' dir='ltr'><strong>a</strong></span> <span class='ocrx_word' id='word_1_308' title='bbox 622 2687 898 2742; x_wconf 86' lang='lat' dir='ltr'><strong>Wandalis</strong></span> <span class='ocrx_word' id='word_1_309' title='bbox 920 2688 972 2742; x_wconf 91' lang='lat' dir='ltr'><strong>in</strong></span> <span class='ocrx_word' id='word_1_310' title='bbox 1005 2686 1181 2741; x_wconf 84' lang='lat' dir='ltr'><strong>Africa</strong></span> <span class='ocrx_word' id='word_1_311' title='bbox 1211 2687 1522 2755; x_wconf 86' lang='lat' dir='ltr'><strong>excitatam,</strong></span> <span class='ocrx_word' id='word_1_312' title='bbox 1556 2695 1716 2756; x_wconf 88' lang='lat' dir='ltr'><strong>atque</strong></span> <span class='ocrx_word' id='word_1_313' title='bbox 1743 2701 1806 2740; x_wconf 87' lang='lat' dir='ltr'><strong>ea</strong></span> <span class='ocrx_word' id='word_1_314' title='bbox 1840 2699 1936 2740; x_wconf 83' lang='lat' dir='ltr'><strong>oc-</strong></span> 
     </span>
    </p>
   </div>
   <div class='ocr_carea' id='block_1_43' title="bbox 332 2777 1934 2850">
    <p class='ocr_par' dir='ltr' id='par_1_43' title="bbox 332 2777 1934 2850">
     <span class='ocr_line' id='line_1_43' title="bbox 332 2777 1934 2850; baseline -0.003 -14"><span class='ocrx_word' id='word_1_315' title='bbox 332 2780 554 2836; x_wconf 89' lang='lat' dir='ltr'><strong>casione</strong></span> <span class='ocrx_word' id='word_1_316' title='bbox 604 2779 885 2848; x_wconf 86' lang='lat' dir='ltr'><strong>epistolam</strong></span> <span class='ocrx_word' id='word_1_317' title='bbox 939 2779 1160 2850; x_wconf 86' lang='lat' dir='ltr'><strong>Eugenii</strong></span> <span class='ocrx_word' id='word_1_318' title='bbox 1206 2777 1648 2850; x_wconf 85' lang='lat' dir='ltr'><strong>Carthaginensis</strong></span> <span class='ocrx_word' id='word_1_319' title='bbox 1697 2779 1934 2850; x_wconf 89' lang='lat' dir='ltr'><strong>episcopi</strong></span> 
     </span>
    </p>
   </div>
   <div class='ocr_carea' id='block_1_44' title="bbox 333 2865 1937 2945">
    <p class='ocr_par' dir='ltr' id='par_1_44' title="bbox 333 2865 1937 2945">
     <span class='ocr_line' id='line_1_44' title="bbox 333 2865 1937 2945; baseline 0 -14"><span class='ocrx_word' id='word_1_320' title='bbox 333 2876 603 2945; x_wconf 86' lang='lat' dir='ltr'><strong>integram</strong></span> <span class='ocrx_word' id='word_1_321' title='bbox 635 2875 874 2943; x_wconf 88' lang='lat' dir='ltr'><strong>exhibet,</strong></span> <span class='ocrx_word' id='word_1_322' title='bbox 904 2883 961 2931; x_wconf 89' lang='lat' dir='ltr'><strong>ut</strong></span> <span class='ocrx_word' id='word_1_323' title='bbox 993 2876 1216 2932; x_wconf 84' lang='lat' dir='ltr'><strong>habetur</strong></span> <span class='ocrx_word' id='word_1_324' title='bbox 1249 2877 1301 2931; x_wconf 92' lang='lat' dir='ltr'><strong>in</strong></span> <span class='ocrx_word' id='word_1_325' title='bbox 1351 2876 1511 2931; x_wconf 83' lang='lat' dir='ltr'><strong>editis</strong></span> <span class='ocrx_word' id='word_1_326' title='bbox 1538 2885 1594 2932; x_wconf 89' lang='lat' dir='ltr'><strong>et</strong></span> <span class='ocrx_word' id='word_1_327' title='bbox 1640 2877 1693 2932; x_wconf 91' lang='lat' dir='ltr'><strong>in</strong></span> <span class='ocrx_word' id='word_1_328' title='bbox 1739 2865 1937 2933; x_wconf 83' lang='lat' dir='ltr'><strong>nostris</strong></span> 
     </span>
    </p>
   </div>
   <div class='ocr_carea' id='block_1_45' title="bbox 333 2968 1936 3041">
    <p class='ocr_par' dir='ltr' id='par_1_45' title="bbox 333 2968 1936 3041">
     <span class='ocr_line' id='line_1_45' title="bbox 333 2968 1936 3041; baseline -0.001 -16"><span class='ocrx_word' id='word_1_329' title='bbox 333 2969 635 3025; x_wconf 73' lang='lat' dir='ltr'><strong>codicibus.</strong></span> <span class='ocrx_word' id='word_1_330' title='bbox 664 2971 731 3024; x_wconf 90' lang='lat' dir='ltr'><strong>At</strong></span> <span class='ocrx_word' id='word_1_331' title='bbox 763 2968 1128 3039; x_wconf 87' lang='lat' dir='ltr'><strong>Corbeieusis,</strong></span> <span class='ocrx_word' id='word_1_332' title='bbox 1160 2971 1328 3025; x_wconf 89' lang='lat' dir='ltr'><strong>relata</strong></span> <span class='ocrx_word' id='word_1_333' title='bbox 1358 2971 1745 3041; x_wconf 83' lang='lat' dir='ltr'><strong>persecutionis</strong></span> <span class='ocrx_word' id='word_1_334' title='bbox 1772 2972 1936 3027; x_wconf 90' lang='lat' dir='ltr'><strong>histo-</strong></span> 
     </span>
    </p>
   </div>
   <div class='ocr_carea' id='block_1_46' title="bbox 335 3064 1941 3137">
    <p class='ocr_par' dir='ltr' id='par_1_46' title="bbox 335 3064 1941 3137">
     <span class='ocr_line' id='line_1_46' title="bbox 335 3064 1941 3137; baseline 0 -17"><span class='ocrx_word' id='word_1_335' title='bbox 335 3064 436 3128; x_wconf 83' lang='lat' dir='ltr'><strong>ria,</strong></span> <span class='ocrx_word' id='word_1_336' title='bbox 460 3065 741 3134; x_wconf 88' lang='lat' dir='ltr'><strong>epistolam</strong></span> <span class='ocrx_word' id='word_1_337' title='bbox 765 3064 987 3130; x_wconf 89' lang='lat' dir='ltr'><strong>omittit,</strong></span> <span class='ocrx_word' id='word_1_338' title='bbox 1010 3066 1080 3120; x_wconf 88' lang='lat' dir='ltr'><strong>ita</strong></span> <span class='ocrx_word' id='word_1_339' title='bbox 1105 3075 1282 3121; x_wconf 87' lang='lat' dir='ltr'><strong>tamen</strong></span> <span class='ocrx_word' id='word_1_340' title='bbox 1307 3078 1364 3120; x_wconf 85' lang='lat' dir='ltr'><strong>ut.</strong></span> <span class='ocrx_word' id='word_1_341' title='bbox 1385 3066 1661 3121; x_wconf 83' lang='lat' dir='ltr'><strong>evidenter</strong></span> <span class='ocrx_word' id='word_1_342' title='bbox 1685 3073 1941 3137; x_wconf 87' lang='lat' dir='ltr'><strong>appareat</strong></span> 
     </span>
    </p>
   </div>
   <div class='ocr_carea' id='block_1_47' title="bbox 2039 1859 3648 1933">
    <p class='ocr_par' dir='ltr' id='par_1_47' title="bbox 2039 1859 3648 1933">
     <span class='ocr_line' id='line_1_47' title="bbox 2039 1859 3648 1933; baseline 0.003 -18"><span class='ocrx_word' id='word_1_343' title='bbox 2039 1859 2296 1929; x_wconf 86' lang='lat' dir='ltr'><strong>supponit</strong></span> <span class='ocrx_word' id='word_1_344' title='bbox 2325 1871 2483 1930; x_wconf 90' lang='lat' dir='ltr'><strong>caput</strong></span> <span class='ocrx_word' id='word_1_345' title='bbox 2516 1861 2586 1914; x_wconf 75' lang='lat'><strong>52</strong></span> <span class='ocrx_word' id='word_1_346' title='bbox 2628 1861 2746 1916; x_wconf 90' lang='lat' dir='ltr'><strong>libri</strong></span> <span class='ocrx_word' id='word_1_347' title='bbox 2777 1863 3075 1933; x_wconf 88' lang='lat' dir='ltr'><strong>sequentis,</strong></span> <span class='ocrx_word' id='word_1_348' title='bbox 3117 1865 3258 1933; x_wconf 87' lang='lat' dir='ltr'><strong>quod</strong></span> <span class='ocrx_word' id='word_1_349' title='bbox 3293 1864 3345 1918; x_wconf 88' lang='lat' dir='ltr'><strong>in</strong></span> <span class='ocrx_word' id='word_1_350' title='bbox 3395 1864 3648 1920; x_wconf 90' lang='lat' dir='ltr'><strong>omnibus</strong></span> 
     </span>
    </p>
   </div>
   <div class='ocr_carea' id='block_1_48' title="bbox 2040 1949 3569 2020">
    <p class='ocr_par' dir='ltr' id='par_1_48' title="bbox 2040 1949 3569 2020">
     <span class='ocr_line' id='line_1_48' title="bbox 2040 1949 3569 2020; baseline 0.005 -19"><span class='ocrx_word' id='word_1_351' title='bbox 2040 1964 2252 2020; x_wconf 86' lang='lat' dir='ltr'><strong>quoque</strong></span> <span class='ocrx_word' id='word_1_352' title='bbox 2282 1950 2507 2005; x_wconf 91' lang='lat' dir='ltr'><strong>habetur</strong></span> <span class='ocrx_word' id='word_1_353' title='bbox 2529 1949 2688 2006; x_wconf 89' lang='lat' dir='ltr'><strong>editis</strong></span> <span class='ocrx_word' id='word_1_354' title='bbox 2719 1959 2772 2005; x_wconf 88' lang='lat' dir='ltr'><strong>et</strong></span> <span class='ocrx_word' id='word_1_355' title='bbox 2802 1952 3036 2019; x_wconf 86' lang='lat' dir='ltr'><strong>scriptis.</strong></span> <span class='ocrx_word' id='word_1_356' title='bbox 3063 1955 3223 2008; x_wconf 89' lang='lat' dir='ltr'><strong>etiam</strong></span> <span class='ocrx_word' id='word_1_357' title='bbox 3249 1953 3569 2009; x_wconf 73' lang='lat' dir='ltr'><strong>(Ioinlianis.</strong></span> 
     </span>
    </p>
   </div>
   <div class='ocr_carea' id='block_1_49' title="bbox 2111 2043 3644 2120">
    <p class='ocr_par' dir='ltr' id='par_1_49' title="bbox 2111 2043 3644 2120">
     <span class='ocr_line' id='line_1_49' title="bbox 2111 2043 3644 2120; baseline 0.005 -23"><span class='ocrx_word' id='word_1_358' title='bbox 2111 2043 2199 2098; x_wconf 63' lang='grc' dir='ltr'><strong>Οὔ.</strong></span> <span class='ocrx_word' id='word_1_359' title='bbox 2234 2043 2350 2098; x_wconf 89' lang='lat' dir='ltr'><strong>Jam</strong></span> <span class='ocrx_word' id='word_1_360' title='bbox 2384 2059 2532 2110; x_wconf 88' lang='lat' dir='ltr'><strong>vero,</strong></span> <span class='ocrx_word' id='word_1_361' title='bbox 2567 2045 2829 2114; x_wconf 85' lang='lat' dir='ltr'><strong>siquidem</strong></span> <span class='ocrx_word' id='word_1_362' title='bbox 2862 2046 3053 2100; x_wconf 88' lang='lat' dir='ltr'><strong>librum</strong></span> <span class='ocrx_word' id='word_1_363' title='bbox 3089 2056 3297 2102; x_wconf 82' lang='lat' dir='ltr'><strong>sextum</strong></span> <span class='ocrx_word' id='word_1_364' title='bbox 3346 2049 3644 2120; x_wconf 83' lang='lat' dir='ltr'><strong>attigimus,</strong></span> 
     </span>
    </p>
   </div>
   <div class='ocr_carea' id='block_1_50' title="bbox 2049 2135 3652 2210">
    <p class='ocr_par' dir='ltr' id='par_1_50' title="bbox 2049 2135 3652 2210">
     <span class='ocr_line' id='line_1_50' title="bbox 2049 2135 3652 2210; baseline 0.004 -20"><span class='ocrx_word' id='word_1_365' title='bbox 2049 2135 2371 2206; x_wconf 89' lang='lat' dir='ltr'><strong>proferenda</strong></span> <span class='ocrx_word' id='word_1_366' title='bbox 2422 2146 2545 2190; x_wconf 91' lang='lat' dir='ltr'><strong>sunt</strong></span> <span class='ocrx_word' id='word_1_367' title='bbox 2589 2137 2745 2190; x_wconf 89' lang='lat' dir='ltr'><strong>etiam</strong></span> <span class='ocrx_word' id='word_1_368' title='bbox 2775 2154 2836 2190; x_wconf 81' lang='lat' dir='ltr'><strong>ex</strong></span> <span class='ocrx_word' id='word_1_369' title='bbox 2871 2155 2935 2192; x_wconf 89' lang='lat' dir='ltr'><strong>eo</strong></span> <span class='ocrx_word' id='word_1_370' title='bbox 2987 2140 3187 2208; x_wconf 88' lang='lat' dir='ltr'><strong>aliquot</strong></span> <span class='ocrx_word' id='word_1_371' title='bbox 3227 2140 3495 2210; x_wconf 81' lang='lat' dir='ltr'><strong>exempla,</strong></span> <span class='ocrx_word' id='word_1_372' title='bbox 3532 2155 3652 2210; x_wconf 67' lang='lat' dir='ltr'><strong>quat</strong></span> 
     </span>
    </p>
   </div>
   <div class='ocr_carea' id='block_1_51' title="bbox 2042 2228 3649 2298">
    <p class='ocr_par' dir='ltr' id='par_1_51' title="bbox 2042 2228 3649 2298">
     <span class='ocr_line' id='line_1_51' title="bbox 2042 2228 3649 2298; baseline 0.002 -15"><span class='ocrx_word' id='word_1_373' title='bbox 2042 2228 2246 2283; x_wconf 89' lang='lat' dir='ltr'><strong>nullum</strong></span> <span class='ocrx_word' id='word_1_374' title='bbox 2302 2229 2604 2298; x_wconf 76' lang='lat' dir='ltr'><strong>relinquent</strong></span> <span class='ocrx_word' id='word_1_375' title='bbox 2636 2230 2935 2284; x_wconf 86' lang='lat' dir='ltr'><strong>Coiutianis</strong></span> <span class='ocrx_word' id='word_1_376' title='bbox 2968 2232 3262 2286; x_wconf 78' lang='lat' dir='ltr'><strong>fautoribus</strong></span> <span class='ocrx_word' id='word_1_377' title='bbox 3293 2233 3375 2288; x_wconf 86' lang='lat' dir='ltr'><strong>vel</strong></span> <span class='ocrx_word' id='word_1_378' title='bbox 3427 2233 3649 2289; x_wconf 87' lang='lat' dir='ltr'><strong>levissi-</strong></span> 
     </span>
    </p>
   </div>
   <div class='ocr_carea' id='block_1_52' title="bbox 2040 2323 3650 2395">
    <p class='ocr_par' dir='ltr' id='par_1_52' title="bbox 2040 2323 3650 2395">
     <span class='ocr_line' id='line_1_52' title="bbox 2040 2323 3650 2395; baseline 0.005 -20"><span class='ocrx_word' id='word_1_379' title='bbox 2040 2337 2187 2376; x_wconf 90' lang='lat' dir='ltr'><strong>mum</strong></span> <span class='ocrx_word' id='word_1_380' title='bbox 2221 2323 2633 2391; x_wconf 83' lang='lat' dir='ltr'><strong>sublerfugium,</strong></span> <span class='ocrx_word' id='word_1_381' title='bbox 2666 2324 2708 2376; x_wconf 86' lang='lat' dir='ltr'><strong>si</strong></span> <span class='ocrx_word' id='word_1_382' title='bbox 2740 2325 2982 2378; x_wconf 88' lang='lat' dir='ltr'><strong>codicum</strong></span> <span class='ocrx_word' id='word_1_383' title='bbox 3010 2326 3128 2395; x_wconf 80' lang='lat' dir='ltr'><strong>ejus</strong></span> <span class='ocrx_word' id='word_1_384' title='bbox 3159 2327 3464 2382; x_wconf 82' lang='lat' dir='ltr'><strong>auctoritati</strong></span> <span class='ocrx_word' id='word_1_385' title='bbox 3496 2337 3650 2383; x_wconf 85' lang='lat' dir='ltr'><strong>stan-</strong></span> 
     </span>
    </p>
   </div>
   <div class='ocr_carea' id='block_1_53' title="bbox 2042 2414 3648 2490">
    <p class='ocr_par' dir='ltr' id='par_1_53' title="bbox 2042 2414 3648 2490">
     <span class='ocr_line' id='line_1_53' title="bbox 2042 2414 3648 2490; baseline 0.004 -23"><span class='ocrx_word' id='word_1_386' title='bbox 2042 2414 2167 2467; x_wconf 92' lang='lat' dir='ltr'><strong>dum</strong></span> <span class='ocrx_word' id='word_1_387' title='bbox 2197 2416 2544 2478; x_wconf 86' lang='lat' dir='ltr'><strong>contendant,</strong></span> <span class='ocrx_word' id='word_1_388' title='bbox 2577 2415 2640 2469; x_wconf 89' lang='lat' dir='ltr'><strong>ad</strong></span> <span class='ocrx_word' id='word_1_389' title='bbox 2665 2417 3016 2471; x_wconf 86' lang='lat' dir='ltr'><strong>discernenda</strong></span> <span class='ocrx_word' id='word_1_390' title='bbox 3047 2418 3252 2473; x_wconf 85' lang='lat' dir='ltr'><strong>sincera</strong></span> <span class='ocrx_word' id='word_1_391' title='bbox 3283 2419 3352 2473; x_wconf 85' lang='lat' dir='ltr'><strong>ab</strong></span> <span class='ocrx_word' id='word_1_392' title='bbox 3397 2419 3648 2490; x_wconf 83' lang='lat' dir='ltr'><strong>interpo-</strong></span> 
     </span>
    </p>
   </div>
   <div class='ocr_carea' id='block_1_54' title="bbox 2046 2507 3652 2584">
    <p class='ocr_par' dir='ltr' id='par_1_54' title="bbox 2046 2507 3652 2584">
     <span class='ocr_line' id='line_1_54' title="bbox 2046 2507 3652 2584; baseline 0.003 -20"><span class='ocrx_word' id='word_1_393' title='bbox 2046 2508 2168 2564; x_wconf 86' lang='lat' dir='ltr'><strong>latis</strong></span> <span class='ocrx_word' id='word_1_394' title='bbox 2198 2507 2548 2575; x_wconf 70' lang='lat' dir='ltr'><strong>Gregorianre</strong></span> <span class='ocrx_word' id='word_1_395' title='bbox 2583 2509 2831 2564; x_wconf 78' lang='lat' dir='ltr'><strong>Historiae</strong></span> <span class='ocrx_word' id='word_1_396' title='bbox 2878 2511 3072 2580; x_wconf 87' lang='lat' dir='ltr'><strong>capita.</strong></span> <span class='ocrx_word' id='word_1_397' title='bbox 3118 2512 3408 2584; x_wconf 85' lang='lat' dir='ltr'><strong>Gregorius</strong></span> <span class='ocrx_word' id='word_1_398' title='bbox 3458 2527 3652 2584; x_wconf 91' lang='lat' dir='ltr'><strong>nempe</strong></span> 
     </span>
    </p>
   </div>
   <div class='ocr_carea' id='block_1_55' title="bbox 2041 2598 3652 2672">
    <p class='ocr_par' dir='ltr' id='par_1_55' title="bbox 2041 2598 3652 2672">
     <span class='ocr_line' id='line_1_55' title="bbox 2041 2598 3652 2672; baseline 0.004 -18"><span class='ocrx_word' id='word_1_399' title='bbox 2041 2609 2200 2669; x_wconf 88' lang='lat' dir='ltr'><strong>caput</strong></span> <span class='ocrx_word' id='word_1_400' title='bbox 2229 2598 2296 2654; x_wconf 75' lang='grc'><strong>12</strong></span> <span class='ocrx_word' id='word_1_401' title='bbox 2323 2599 2390 2654; x_wconf 83' lang='lat' dir='ltr'><strong>ab</strong></span> <span class='ocrx_word' id='word_1_402' title='bbox 2425 2601 2505 2653; x_wconf 92' lang='lat' dir='ltr'><strong>his</strong></span> <span class='ocrx_word' id='word_1_403' title='bbox 2536 2600 2715 2655; x_wconf 88' lang='lat' dir='ltr'><strong>verbis</strong></span> <span class='ocrx_word' id='word_1_404' title='bbox 2741 2601 2936 2670; x_wconf 88' lang='lat' dir='ltr'><strong>incipit</strong></span> <span class='ocrx_word' id='word_1_405' title='bbox 2965 2618 2977 2654; x_wconf 87' lang='lat'><strong>:</strong></span> <span class='ocrx_word' id='word_1_406' title='bbox 3017 2600 3195 2670; x_wconf 84' lang='lat' dir='ltr'><strong>Igitur-</strong></span> <span class='ocrx_word' id='word_1_407' title='bbox 3218 2603 3538 2672; x_wconf 79' lang='lat' dir='ltr'><strong>Chilpericus</strong></span> <span class='ocrx_word' id='word_1_408' title='bbox 3556 2619 3652 2660; x_wconf 69' lang='lat' dir='ltr'><strong>rex</strong></span> 
     </span>
    </p>
   </div>
   <div class='ocr_carea' id='block_1_56' title="bbox 2043 2693 3654 2766">
    <p class='ocr_par' dir='ltr' id='par_1_56' title="bbox 2043 2693 3654 2766">
     <span class='ocr_line' id='line_1_56' title="bbox 2043 2693 3654 2766; baseline 0.002 -19"><span class='ocrx_word' id='word_1_409' title='bbox 2043 2709 2256 2747; x_wconf 64' lang='lat' dir='ltr'><strong>cernens</strong></span> <span class='ocrx_word' id='word_1_410' title='bbox 2284 2694 2375 2747; x_wconf 77' lang='lat' dir='ltr'><strong>Itas</strong></span> <span class='ocrx_word' id='word_1_411' title='bbox 2406 2693 2690 2746; x_wconf 80' lang='lat' dir='ltr'><strong>discordias</strong></span> <span class='ocrx_word' id='word_1_412' title='bbox 2717 2694 2851 2747; x_wconf 88' lang='lat' dir='ltr'><strong>inter</strong></span> <span class='ocrx_word' id='word_1_413' title='bbox 2893 2693 3107 2762; x_wconf 77' lang='lat' dir='ltr'><strong>fratrem</strong></span> <span class='ocrx_word' id='word_1_414' title='bbox 3131 2703 3178 2747; x_wconf 88' lang='lat' dir='ltr'><strong>et</strong></span> <span class='ocrx_word' id='word_1_415' title='bbox 3223 2707 3484 2766; x_wconf 75' lang='lat' dir='ltr'><strong>nepotem,</strong></span> <span class='ocrx_word' id='word_1_416' title='bbox 3533 2709 3654 2765; x_wconf 62' lang='lat' dir='ltr'><strong>quae</strong></span> 
     </span>
    </p>
   </div>
   <div class='ocr_carea' id='block_1_57' title="bbox 2045 2784 3651 2860">
    <p class='ocr_par' dir='ltr' id='par_1_57' title="bbox 2045 2784 3651 2860">
     <span class='ocr_line' id='line_1_57' title="bbox 2045 2784 3651 2860; baseline 0.002 -21"><span class='ocrx_word' id='word_1_417' title='bbox 2045 2785 2254 2840; x_wconf 90' lang='lat' dir='ltr'><strong>scilicet</strong></span> <span class='ocrx_word' id='word_1_418' title='bbox 2285 2784 2571 2840; x_wconf 84' lang='lat' dir='ltr'><strong>discordiae</strong></span> <span class='ocrx_word' id='word_1_419' title='bbox 2601 2787 2720 2840; x_wconf 68' lang='lat' dir='ltr'><strong>aliae</strong></span> <span class='ocrx_word' id='word_1_420' title='bbox 2748 2801 2852 2839; x_wconf 94' lang='lat' dir='ltr'><strong>non</strong></span> <span class='ocrx_word' id='word_1_421' title='bbox 2883 2795 3009 2840; x_wconf 89' lang='lat' dir='ltr'><strong>sunt</strong></span> <span class='ocrx_word' id='word_1_422' title='bbox 3032 2787 3100 2842; x_wconf 92' lang='lat' dir='ltr'><strong>ab</strong></span> <span class='ocrx_word' id='word_1_423' title='bbox 3131 2787 3234 2841; x_wconf 87' lang='lat' dir='ltr'><strong>illis</strong></span> <span class='ocrx_word' id='word_1_424' title='bbox 3276 2803 3412 2857; x_wconf 91' lang='lat' dir='ltr'><strong>quas</strong></span> <span class='ocrx_word' id='word_1_425' title='bbox 3440 2787 3651 2860; x_wconf 84' lang='lat' dir='ltr'><strong>Grego-</strong></span> 
     </span>
    </p>
   </div>
   <div class='ocr_carea' id='block_1_58' title="bbox 2042 2879 3647 2949">
    <p class='ocr_par' dir='ltr' id='par_1_58' title="bbox 2042 2879 3647 2949">
     <span class='ocr_line' id='line_1_58' title="bbox 2042 2879 3647 2949; baseline 0.001 -14"><span class='ocrx_word' id='word_1_426' title='bbox 2042 2881 2159 2935; x_wconf 91' lang='lat' dir='ltr'><strong>rius</strong></span> <span class='ocrx_word' id='word_1_427' title='bbox 2186 2879 2508 2949; x_wconf 69' lang='lat' dir='ltr'><strong>przecedenti</strong></span> <span class='ocrx_word' id='word_1_428' title='bbox 2543 2882 2719 2949; x_wconf 88' lang='lat' dir='ltr'><strong>capite</strong></span> <span class='ocrx_word' id='word_1_429' title='bbox 2745 2890 3074 2947; x_wconf 71' lang='lat' dir='ltr'><strong>narraverat,</strong></span> <span class='ocrx_word' id='word_1_430' title='bbox 3118 2883 3231 2949; x_wconf 87' lang='lat' dir='ltr'><strong>ipso</strong></span> <span class='ocrx_word' id='word_1_431' title='bbox 3254 2883 3454 2937; x_wconf 83' lang='lat' dir='ltr'><strong>fatente</strong></span> <span class='ocrx_word' id='word_1_432' title='bbox 3481 2881 3647 2938; x_wconf 77' lang='lat' dir='ltr'><strong>Coin-</strong></span> 
     </span>
    </p>
   </div>
   <div class='ocr_carea' id='block_1_59' title="bbox 2043 2972 3652 3042">
    <p class='ocr_par' dir='ltr' id='par_1_59' title="bbox 2043 2972 3652 3042">
     <span class='ocr_line' id='line_1_59' title="bbox 2043 2972 3652 3042; baseline 0.002 -16"><span class='ocrx_word' id='word_1_433' title='bbox 2043 2972 2121 3027; x_wconf 86' lang='lat' dir='ltr'><strong>tio</strong></span> <span class='ocrx_word' id='word_1_434' title='bbox 2149 2989 2163 3026; x_wconf 88' lang='lat'><strong>:</strong></span> <span class='ocrx_word' id='word_1_435' title='bbox 2196 2972 2338 3042; x_wconf 90' lang='lat' dir='ltr'><strong>quod</strong></span> <span class='ocrx_word' id='word_1_436' title='bbox 2364 2982 2541 3028; x_wconf 88' lang='lat' dir='ltr'><strong>tamen</strong></span> <span class='ocrx_word' id='word_1_437' title='bbox 2570 2981 2728 3042; x_wconf 90' lang='lat' dir='ltr'><strong>caput</strong></span> <span class='ocrx_word' id='word_1_438' title='bbox 2752 2973 2811 3028; x_wconf 82' lang='grc' dir='ltr'>Η</span> <span class='ocrx_word' id='word_1_439' title='bbox 2846 2972 3102 3027; x_wconf 89' lang='lat' dir='ltr'><strong>omittunt</strong></span> <span class='ocrx_word' id='word_1_440' title='bbox 3127 2973 3342 3030; x_wconf 89' lang='lat' dir='ltr'><strong>codices</strong></span> <span class='ocrx_word' id='word_1_441' title='bbox 3365 2975 3470 3030; x_wconf 85' lang='lat' dir='ltr'><strong>duo</strong></span> <span class='ocrx_word' id='word_1_442' title='bbox 3492 2975 3652 3031; x_wconf 88' lang='lat' dir='ltr'><strong>Coin-</strong></span> 
     </span>
    </p>
   </div>
   <div class='ocr_carea' id='block_1_60' title="bbox 2046 3060 3651 3130">
    <p class='ocr_par' dir='ltr' id='par_1_60' title="bbox 2046 3060 3651 3130">
     <span class='ocr_line' id='line_1_60' title="bbox 2046 3060 3651 3130; baseline 0.006 -16"><span class='ocrx_word' id='word_1_443' title='bbox 2046 3060 2197 3130; x_wconf 90' lang='lat' dir='ltr'><strong>tiani,</strong></span> <span class='ocrx_word' id='word_1_444' title='bbox 2230 3062 2571 3118; x_wconf 87' lang='lat' dir='ltr'><strong>Corbeiensis</strong></span> <span class='ocrx_word' id='word_1_445' title='bbox 2602 3064 2808 3119; x_wconf 88' lang='lat' dir='ltr'><strong>scilicet</strong></span> <span class='ocrx_word' id='word_1_446' title='bbox 2838 3075 2892 3118; x_wconf 85' lang='lat' dir='ltr'><strong>et</strong></span> <span class='ocrx_word' id='word_1_447' title='bbox 2919 3065 3213 3128; x_wconf 80' lang='lat' dir='ltr'><strong>Mettensis,</strong></span> <span class='ocrx_word' id='word_1_448' title='bbox 3247 3067 3374 3121; x_wconf 90' lang='lat' dir='ltr'><strong>licet</strong></span> <span class='ocrx_word' id='word_1_449' title='bbox 3417 3067 3651 3123; x_wconf 86' lang='lat' dir='ltr'><strong>habeant</strong></span> 
     </span>
    </p>
   </div>
   <div class='ocr_carea' id='block_1_61' title="bbox 337 3149 3650 3228">
    <p class='ocr_par' dir='ltr' id='par_1_61' title="bbox 337 3149 3650 3228">
     <span class='ocr_line' id='line_1_61' title="bbox 337 3149 3650 3228; baseline 0.001 -16"><span class='ocrx_word' id='word_1_450' title='bbox 337 3171 455 3212; x_wconf 83' lang='lat' dir='ltr'><strong>eam</strong></span> <span class='ocrx_word' id='word_1_451' title='bbox 485 3156 552 3212; x_wconf 89' lang='lat' dir='ltr'><strong>de</strong></span> <span class='ocrx_word' id='word_1_452' title='bbox 580 3157 840 3212; x_wconf 89' lang='lat' dir='ltr'><strong>industria</strong></span> <span class='ocrx_word' id='word_1_453' title='bbox 870 3158 1293 3228; x_wconf 66' lang='lat' dir='ltr'><strong>prmtermissam</strong></span> <span class='ocrx_word' id='word_1_454' title='bbox 1326 3157 1523 3223; x_wconf 81' lang='lat' dir='ltr'><strong>fuisse,</strong></span> <span class='ocrx_word' id='word_1_455' title='bbox 1558 3159 1634 3211; x_wconf 92' lang='lat' dir='ltr'><strong>sic</strong></span> <span class='ocrx_word' id='word_1_456' title='bbox 1667 3157 1812 3213; x_wconf 91' lang='lat' dir='ltr'><strong>enim</strong></span> <span class='ocrx_word' id='word_1_457' title='bbox 1845 3159 1937 3212; x_wconf 87' lang='lat' dir='ltr'><strong>ha-</strong></span> <span class='ocrx_word' id='word_1_458' title='bbox 1965 3149 2011 3212; x_wconf 86' lang='lat' dir='ltr'><strong><em>C</em></strong></span> <span class='ocrx_word' id='word_1_459' title='bbox 2045 3153 2443 3211; x_wconf 84' lang='lat' dir='ltr'><strong>duodecimum.</strong></span> <span class='ocrx_word' id='word_1_460' title='bbox 2474 3154 2645 3210; x_wconf 84' lang='lat' dir='ltr'><strong>Immo</strong></span> <span class='ocrx_word' id='word_1_461' title='bbox 2669 3165 2721 3211; x_wconf 90' lang='lat' dir='ltr'><strong>et</strong></span> <span class='ocrx_word' id='word_1_462' title='bbox 2753 3157 2913 3211; x_wconf 82' lang='lat' dir='ltr'><strong>iidem</strong></span> <span class='ocrx_word' id='word_1_463' title='bbox 2938 3158 3038 3228; x_wconf 89' lang='lat' dir='ltr'><strong>ipsi</strong></span> <span class='ocrx_word' id='word_1_464' title='bbox 3066 3159 3172 3212; x_wconf 89' lang='lat' dir='ltr'><strong>duo</strong></span> <span class='ocrx_word' id='word_1_465' title='bbox 3200 3159 3415 3214; x_wconf 90' lang='lat' dir='ltr'><strong>codices</strong></span> <span class='ocrx_word' id='word_1_466' title='bbox 3449 3158 3650 3214; x_wconf 84' lang='lat' dir='ltr'><strong>habent</strong></span> 
     </span>
    </p>
   </div>
   <div class='ocr_carea' id='block_1_62' title="bbox 339 3247 1944 3320">
    <p class='ocr_par' dir='ltr' id='par_1_62' title="bbox 339 3247 1944 3320">
     <span class='ocr_line' id='line_1_62' title="bbox 339 3247 1944 3320; baseline -0.001 -14"><span class='ocrx_word' id='word_1_467' title='bbox 339 3247 431 3306; x_wconf 88' lang='lat' dir='ltr'><strong>bet</strong></span> <span class='ocrx_word' id='word_1_468' title='bbox 462 3259 517 3302; x_wconf 89' lang='lat' dir='ltr'><strong>ut</strong></span> <span class='ocrx_word' id='word_1_469' title='bbox 545 3251 725 3306; x_wconf 69' lang='lat' dir='ltr'><strong>cmteri</strong></span> <span class='ocrx_word' id='word_1_470' title='bbox 753 3250 970 3305; x_wconf 89' lang='lat' dir='ltr'><strong>codices</strong></span> <span class='ocrx_word' id='word_1_471' title='bbox 1004 3267 1016 3303; x_wconf 91' lang='lat'>:</span> <span class='ocrx_word' id='word_1_472' title='bbox 1050 3249 1320 3320; x_wconf 81' lang='lat' dir='ltr'><strong>Engenius</strong></span> <span class='ocrx_word' id='word_1_473' title='bbox 1344 3266 1458 3302; x_wconf 81' lang='lat' dir='ltr'><strong>vero</strong></span> <span class='ocrx_word' id='word_1_474' title='bbox 1497 3267 1615 3302; x_wconf 85' lang='lat' dir='ltr'><strong>cum</strong></span> <span class='ocrx_word' id='word_1_475' title='bbox 1662 3266 1715 3304; x_wconf 82' lang='lat' dir='ltr'><strong>se</strong></span> <span class='ocrx_word' id='word_1_476' title='bbox 1757 3251 1944 3306; x_wconf 84' lang='lat' dir='ltr'><strong>videret</strong></span> 
     </span>
    </p>
   </div>
   <div class='ocr_carea' id='block_1_63' title="bbox 341 3345 1943 3424">
    <p class='ocr_par' dir='ltr' id='par_1_63' title="bbox 341 3345 1943 3424">
     <span class='ocr_line' id='line_1_63' title="bbox 341 3345 1943 3424; baseline 0.001 -24"><span class='ocrx_word' id='word_1_477' title='bbox 341 3345 546 3412; x_wconf 81' lang='lat' dir='ltr'><strong>abduci,</strong></span> <span class='ocrx_word' id='word_1_478' title='bbox 570 3345 837 3414; x_wconf 85' lang='lat' dir='ltr'><strong>epistolam</strong></span> <span class='ocrx_word' id='word_1_479' title='bbox 854 3346 1046 3400; x_wconf 83' lang='lat' dir='ltr'><strong>civibus</strong></span> <span class='ocrx_word' id='word_1_480' title='bbox 1143 3347 1238 3399; x_wconf 85' lang='lat' dir='ltr'><strong>hoc</strong></span> <span class='ocrx_word' id='word_1_481' title='bbox 1252 3347 1400 3424; x_wconf 78' lang='lat' dir='ltr'><strong>modo</strong></span> <span class='ocrx_word' id='word_1_482' title='bbox 1422 3345 1702 3400; x_wconf 78' lang='lat' dir='ltr'><strong>transmisit</strong></span> <span class='ocrx_word' id='word_1_483' title='bbox 1720 3361 1737 3410; x_wconf 88' lang='lat'><strong><em>;</em></strong></span> <span class='ocrx_word' id='word_1_484' title='bbox 1757 3355 1810 3401; x_wconf 89' lang='lat' dir='ltr'><strong>et</strong></span> <span class='ocrx_word' id='word_1_485' title='bbox 1828 3347 1943 3417; x_wconf 84' lang='lat' dir='ltr'><strong>ipsa</strong></span> 
     </span>
    </p>
   </div>
   <div class='ocr_carea' id='block_1_64' title="bbox 343 3439 1945 3511">
    <p class='ocr_par' dir='ltr' id='par_1_64' title="bbox 343 3439 1945 3511">
     <span class='ocr_line' id='line_1_64' title="bbox 343 3439 1945 3511; baseline -0.002 -15"><span class='ocrx_word' id='word_1_486' title='bbox 343 3439 567 3510; x_wconf 86' lang='lat' dir='ltr'><strong>epistola</strong></span> <span class='ocrx_word' id='word_1_487' title='bbox 609 3441 972 3511; x_wconf 68' lang='lat' dir='ltr'><strong>prmtermissa</strong></span> <span class='ocrx_word' id='word_1_488' title='bbox 1017 3439 1306 3494; x_wconf 87' lang='lat' dir='ltr'><strong>Historiam</strong></span> <span class='ocrx_word' id='word_1_489' title='bbox 1366 3442 1726 3510; x_wconf 88' lang='lat' dir='ltr'><strong>prosequitur.</strong></span> <span class='ocrx_word' id='word_1_490' title='bbox 1778 3439 1945 3494; x_wconf 91' lang='lat' dir='ltr'><strong>Paulo</strong></span> 
     </span>
    </p>
   </div>
   <div class='ocr_carea' id='block_1_65' title="bbox 342 3533 1941 3602">
    <p class='ocr_par' dir='ltr' id='par_1_65' title="bbox 342 3533 1941 3602">
     <span class='ocr_line' id='line_1_65' title="bbox 342 3533 1941 3602; baseline -0.001 -11"><span class='ocrx_word' id='word_1_491' title='bbox 342 3535 567 3593; x_wconf 90' lang='lat' dir='ltr'><strong>inferius</strong></span> <span class='ocrx_word' id='word_1_492' title='bbox 587 3535 755 3592; x_wconf 82' lang='lat' dir='ltr'><strong>codex</strong></span> <span class='ocrx_word' id='word_1_493' title='bbox 781 3535 1180 3590; x_wconf 86' lang='lat' dir='ltr'><strong>Bellovacensis</strong></span> <span class='ocrx_word' id='word_1_494' title='bbox 1203 3533 1486 3589; x_wconf 88' lang='lat' dir='ltr'><strong>duodecim</strong></span> <span class='ocrx_word' id='word_1_495' title='bbox 1509 3534 1711 3589; x_wconf 89' lang='lat' dir='ltr'><strong>omittit</strong></span> <span class='ocrx_word' id='word_1_496' title='bbox 1728 3549 1941 3602; x_wconf 85' lang='lat' dir='ltr'><strong>versus,</strong></span> 
     </span>
    </p>
   </div>
   <div class='ocr_carea' id='block_1_66' title="bbox 342 3627 1941 3696">
    <p class='ocr_par' dir='ltr' id='par_1_66' title="bbox 342 3627 1941 3696">
     <span class='ocr_line' id='line_1_66' title="bbox 342 3627 1941 3696; baseline 0.001 -14"><span class='ocrx_word' id='word_1_497' title='bbox 342 3627 434 3696; x_wconf 86' lang='lat' dir='ltr'><strong>qui</strong></span> <span class='ocrx_word' id='word_1_498' title='bbox 450 3642 664 3684; x_wconf 88' lang='lat' dir='ltr'><strong>sensum</strong></span> <span class='ocrx_word' id='word_1_499' title='bbox 679 3628 901 3682; x_wconf 91' lang='lat' dir='ltr'><strong>omnino</strong></span> <span class='ocrx_word' id='word_1_500' title='bbox 917 3627 1264 3695; x_wconf 78' lang='lat' dir='ltr'><strong>abrumpunt,</strong></span> <span class='ocrx_word' id='word_1_501' title='bbox 1288 3636 1345 3682; x_wconf 91' lang='lat' dir='ltr'><strong>ut</strong></span> <span class='ocrx_word' id='word_1_502' title='bbox 1371 3627 1556 3682; x_wconf 89' lang='lat' dir='ltr'><strong>videre</strong></span> <span class='ocrx_word' id='word_1_503' title='bbox 1575 3637 1659 3682; x_wconf 89' lang='lat' dir='ltr'><strong>est</strong></span> <span class='ocrx_word' id='word_1_504' title='bbox 1679 3642 1776 3681; x_wconf 90' lang='lat' dir='ltr'><strong>suo</strong></span> <span class='ocrx_word' id='word_1_505' title='bbox 1801 3627 1941 3683; x_wconf 88' lang='lat' dir='ltr'><strong>loco.</strong></span> 
     </span>
    </p>
   </div>
   <div class='ocr_carea' id='block_1_67' title="bbox 343 3717 1945 3790">
    <p class='ocr_par' dir='ltr' id='par_1_67' title="bbox 343 3717 1945 3790">
     <span class='ocr_line' id='line_1_67' title="bbox 343 3717 1945 3790; baseline -0.002 -15"><span class='ocrx_word' id='word_1_506' title='bbox 343 3717 433 3775; x_wconf 84' lang='lat' dir='ltr'><strong>Slc</strong></span> <span class='ocrx_word' id='word_1_507' title='bbox 462 3729 516 3775; x_wconf 90' lang='lat' dir='ltr'><strong>et</strong></span> <span class='ocrx_word' id='word_1_508' title='bbox 542 3719 710 3775; x_wconf 82' lang='lat' dir='ltr'><strong>codex</strong></span> <span class='ocrx_word' id='word_1_509' title='bbox 753 3719 949 3790; x_wconf 79' lang='lat' dir='ltr'><strong>Regius</strong></span> <span class='ocrx_word' id='word_1_510' title='bbox 979 3720 1224 3785; x_wconf 90' lang='lat' dir='ltr'><strong>quintum</strong></span> <span class='ocrx_word' id='word_1_511' title='bbox 1253 3728 1309 3774; x_wconf 89' lang='lat' dir='ltr'><strong>et</strong></span> <span class='ocrx_word' id='word_1_512' title='bbox 1355 3728 1566 3773; x_wconf 86' lang='lat' dir='ltr'><strong>sextum</strong></span> <span class='ocrx_word' id='word_1_513' title='bbox 1598 3719 1770 3787; x_wconf 88' lang='lat' dir='ltr'><strong>capita</strong></span> <span class='ocrx_word' id='word_1_514' title='bbox 1801 3718 1945 3789; x_wconf 90' lang='lat' dir='ltr'><strong>ejus-</strong></span> 
     </span>
    </p>
   </div>
   <div class='ocr_carea' id='block_1_68' title="bbox 344 3810 1943 3882">
    <p class='ocr_par' dir='ltr' id='par_1_68' title="bbox 344 3810 1943 3882">
     <span class='ocr_line' id='line_1_68' title="bbox 344 3810 1943 3882; baseline -0.001 -16"><span class='ocrx_word' id='word_1_515' title='bbox 344 3814 470 3867; x_wconf 87' lang='lat' dir='ltr'><strong>dem</strong></span> <span class='ocrx_word' id='word_1_516' title='bbox 505 3812 623 3866; x_wconf 91' lang='lat' dir='ltr'><strong>libri</strong></span> <span class='ocrx_word' id='word_1_517' title='bbox 672 3811 1056 3882; x_wconf 72' lang='lat' dir='ltr'><strong>prtctermittit,</strong></span> <span class='ocrx_word' id='word_1_518' title='bbox 1087 3810 1140 3864; x_wconf 91' lang='lat' dir='ltr'><strong>in</strong></span> <span class='ocrx_word' id='word_1_519' title='bbox 1173 3812 1366 3881; x_wconf 89' lang='lat' dir='ltr'><strong>quibus</strong></span> <span class='ocrx_word' id='word_1_520' title='bbox 1411 3811 1636 3880; x_wconf 89' lang='lat' dir='ltr'><strong>irruptio</strong></span> <span class='ocrx_word' id='word_1_521' title='bbox 1679 3811 1864 3865; x_wconf 67' lang='lat' dir='ltr'><strong>Attila:</strong></span> <span class='ocrx_word' id='word_1_522' title='bbox 1890 3812 1943 3865; x_wconf 89' lang='lat' dir='ltr'><strong>in</strong></span> 
     </span>
    </p>
   </div>
   <div class='ocr_carea' id='block_1_69' title="bbox 344 3903 1944 3974">
    <p class='ocr_par' dir='ltr' id='par_1_69' title="bbox 344 3903 1944 3974">
     <span class='ocr_line' id='line_1_69' title="bbox 344 3903 1944 3974; baseline 0 -14"><span class='ocrx_word' id='word_1_523' title='bbox 344 3905 547 3960; x_wconf 84' lang='lat' dir='ltr'><strong>Gallias</strong></span> <span class='ocrx_word' id='word_1_524' title='bbox 577 3914 862 3966; x_wconf 88' lang='lat' dir='ltr'><strong>narratur;</strong></span> <span class='ocrx_word' id='word_1_525' title='bbox 895 3905 1018 3959; x_wconf 91' lang='lat' dir='ltr'><strong>licet</strong></span> <span class='ocrx_word' id='word_1_526' title='bbox 1065 3903 1260 3960; x_wconf 88' lang='lat' dir='ltr'><strong>habeat</strong></span> <span class='ocrx_word' id='word_1_527' title='bbox 1309 3905 1618 3974; x_wconf 90' lang='lat' dir='ltr'><strong>septimum,</strong></span> <span class='ocrx_word' id='word_1_528' title='bbox 1667 3905 1806 3973; x_wconf 91' lang='lat' dir='ltr'><strong>quod</strong></span> <span class='ocrx_word' id='word_1_529' title='bbox 1864 3913 1944 3960; x_wconf 84' lang='lat' dir='ltr'><strong>est</strong></span> 
     </span>
    </p>
   </div>
   <div class='ocr_carea' id='block_1_70' title="bbox 344 3998 1553 4068">
    <p class='ocr_par' dir='ltr' id='par_1_70' title="bbox 344 3998 1553 4068">
     <span class='ocr_line' id='line_1_70' title="bbox 344 3998 1553 4068; baseline 0.001 -16"><span class='ocrx_word' id='word_1_530' title='bbox 344 3998 585 4067; x_wconf 88' lang='lat' dir='ltr'><strong>ejusdem</strong></span> <span class='ocrx_word' id='word_1_531' title='bbox 617 3999 928 4068; x_wconf 84' lang='lat' dir='ltr'><strong>irruptionis</strong></span> <span class='ocrx_word' id='word_1_532' title='bbox 953 4000 1262 4054; x_wconf 88' lang='lat' dir='ltr'><strong>continuata</strong></span> <span class='ocrx_word' id='word_1_533' title='bbox 1295 4008 1553 4054; x_wconf 82' lang='lat' dir='ltr'><strong>narratio.</strong></span> 
     </span>
    </p>
   </div>
   <div class='ocr_carea' id='block_1_71' title="bbox 415 4076 1944 4147">
    <p class='ocr_par' dir='ltr' id='par_1_71' title="bbox 415 4076 1944 4147">
     <span class='ocr_line' id='line_1_71' title="bbox 415 4076 1944 4147; baseline 0.001 -4"><span class='ocrx_word' id='word_1_534' title='bbox 415 4091 506 4146; x_wconf 68' lang='lat'><strong>94.</strong></span> <span class='ocrx_word' id='word_1_535' title='bbox 525 4076 686 4146; x_wconf 82' lang='lat' dir='ltr'><strong>Liber</strong></span> <span class='ocrx_word' id='word_1_536' title='bbox 706 4091 893 4145; x_wconf 80' lang='lat' dir='ltr'><strong>tertius</strong></span> <span class='ocrx_word' id='word_1_537' title='bbox 915 4092 1054 4144; x_wconf 87' lang='lat' dir='ltr'><strong>idem</strong></span> <span class='ocrx_word' id='word_1_538' title='bbox 1075 4101 1155 4146; x_wconf 79' lang='lat' dir='ltr'><strong>est</strong></span> <span class='ocrx_word' id='word_1_539' title='bbox 1170 4091 1392 4147; x_wconf 90' lang='lat' dir='ltr'><strong>omnino</strong></span> <span class='ocrx_word' id='word_1_540' title='bbox 1417 4093 1468 4145; x_wconf 92' lang='lat' dir='ltr'><strong>in</strong></span> <span class='ocrx_word' id='word_1_541' title='bbox 1489 4091 1737 4146; x_wconf 90' lang='lat' dir='ltr'><strong>omnibus</strong></span> <span class='ocrx_word' id='word_1_542' title='bbox 1758 4091 1944 4146; x_wconf 88' lang='lat' dir='ltr'><strong>codici-</strong></span> 
     </span>
    </p>
   </div>
   <div class='ocr_carea' id='block_1_72' title="bbox 344 4181 1943 4253">
    <p class='ocr_par' dir='ltr' id='par_1_72' title="bbox 344 4181 1943 4253">
     <span class='ocr_line' id='line_1_72' title="bbox 344 4181 1943 4253; baseline 0 -16"><span class='ocrx_word' id='word_1_543' title='bbox 344 4181 474 4248; x_wconf 88' lang='lat' dir='ltr'><strong>bus;</strong></span> <span class='ocrx_word' id='word_1_544' title='bbox 505 4182 833 4253; x_wconf 83' lang='lat' dir='ltr'><strong>proindeque</strong></span> <span class='ocrx_word' id='word_1_545' title='bbox 882 4198 986 4237; x_wconf 92' lang='lat' dir='ltr'><strong>non</strong></span> <span class='ocrx_word' id='word_1_546' title='bbox 1016 4192 1097 4239; x_wconf 85' lang='lat' dir='ltr'><strong>est</strong></span> <span class='ocrx_word' id='word_1_547' title='bbox 1129 4182 1232 4237; x_wconf 87' lang='lat' dir='ltr'><strong>ulla</strong></span> <span class='ocrx_word' id='word_1_548' title='bbox 1262 4183 1328 4237; x_wconf 93' lang='lat' dir='ltr'><strong>de</strong></span> <span class='ocrx_word' id='word_1_549' title='bbox 1355 4199 1421 4238; x_wconf 89' lang='lat' dir='ltr'><strong>eo</strong></span> <span class='ocrx_word' id='word_1_550' title='bbox 1451 4185 1840 4238; x_wconf 84' lang='lat' dir='ltr'><strong>controversia.</strong></span> <span class='ocrx_word' id='word_1_551' title='bbox 1874 4184 1943 4238; x_wconf 86' lang='lat' dir='ltr'><strong>At</strong></span> 
     </span>
    </p>
   </div>
   <div class='ocr_carea' id='block_1_73' title="bbox 344 4272 1944 4344">
    <p class='ocr_par' dir='ltr' id='par_1_73' title="bbox 344 4272 1944 4344">
     <span class='ocr_line' id='line_1_73' title="bbox 344 4272 1944 4344; baseline 0.003 -17"><span class='ocrx_word' id='word_1_552' title='bbox 344 4272 481 4328; x_wconf 90' lang='lat' dir='ltr'><strong>libro</strong></span> <span class='ocrx_word' id='word_1_553' title='bbox 502 4284 714 4342; x_wconf 90' lang='lat' dir='ltr'><strong>quarto,</strong></span> <span class='ocrx_word' id='word_1_554' title='bbox 749 4275 922 4344; x_wconf 90' lang='lat' dir='ltr'><strong>capite</strong></span> <span class='ocrx_word' id='word_1_555' title='bbox 948 4275 1034 4340; x_wconf 80' lang='grc'><strong>15,</strong></span> <span class='ocrx_word' id='word_1_556' title='bbox 1071 4276 1122 4328; x_wconf 90' lang='lat' dir='ltr'><strong>in</strong></span> <span class='ocrx_word' id='word_1_557' title='bbox 1153 4276 1340 4331; x_wconf 77' lang='lat' dir='ltr'><strong>codice</strong></span> <span class='ocrx_word' id='word_1_558' title='bbox 1366 4275 1699 4341; x_wconf 83' lang='lat' dir='ltr'><strong>Corbeieusi,</strong></span> <span class='ocrx_word' id='word_1_559' title='bbox 1730 4277 1869 4331; x_wconf 88' lang='lat' dir='ltr'><strong>sicut</strong></span> <span class='ocrx_word' id='word_1_560' title='bbox 1890 4288 1944 4332; x_wconf 85' lang='lat' dir='ltr'><strong>et</strong></span> 
     </span>
    </p>
   </div>
   <div class='ocr_carea' id='block_1_74' title="bbox 344 4365 1942 4436">
    <p class='ocr_par' dir='ltr' id='par_1_74' title="bbox 344 4365 1942 4436">
     <span class='ocr_line' id='line_1_74' title="bbox 344 4365 1942 4436; baseline 0.003 -18"><span class='ocrx_word' id='word_1_561' title='bbox 344 4365 397 4419; x_wconf 90' lang='lat' dir='ltr'><strong>in</strong></span> <span class='ocrx_word' id='word_1_562' title='bbox 423 4368 622 4420; x_wconf 91' lang='lat' dir='ltr'><strong>nostris</strong></span> <span class='ocrx_word' id='word_1_563' title='bbox 651 4375 700 4421; x_wconf 91' lang='lat' dir='ltr'><strong>ct</strong></span> <span class='ocrx_word' id='word_1_564' title='bbox 735 4367 787 4420; x_wconf 90' lang='lat' dir='ltr'><strong>in</strong></span> <span class='ocrx_word' id='word_1_565' title='bbox 815 4366 996 4432; x_wconf 87' lang='lat' dir='ltr'><strong>editis,</strong></span> <span class='ocrx_word' id='word_1_566' title='bbox 1041 4366 1334 4436; x_wconf 90' lang='lat' dir='ltr'><strong>Gregorius</strong></span> <span class='ocrx_word' id='word_1_567' title='bbox 1385 4366 1608 4436; x_wconf 88' lang='lat' dir='ltr'><strong>loquens</strong></span> <span class='ocrx_word' id='word_1_568' title='bbox 1647 4367 1715 4423; x_wconf 89' lang='lat' dir='ltr'><strong>de</strong></span> <span class='ocrx_word' id='word_1_569' title='bbox 1761 4367 1942 4422; x_wconf 90' lang='lat' dir='ltr'><strong>litania</strong></span> 
     </span>
    </p>
   </div>
   <div class='ocr_carea' id='block_1_75' title="bbox 344 4461 1942 4531">
    <p class='ocr_par' dir='ltr' id='par_1_75' title="bbox 344 4461 1942 4531">
     <span class='ocr_line' id='line_1_75' title="bbox 344 4461 1942 4531; baseline 0.002 -16"><span class='ocrx_word' id='word_1_570' title='bbox 344 4475 438 4515; x_wconf 87' lang='lat' dir='ltr'><strong>seu</strong></span> <span class='ocrx_word' id='word_1_571' title='bbox 469 4461 864 4531; x_wconf 84' lang='lat' dir='ltr'><strong>supplicatione</strong></span> <span class='ocrx_word' id='word_1_572' title='bbox 894 4461 958 4516; x_wconf 87' lang='lat' dir='ltr'><strong>ad</strong></span> <span class='ocrx_word' id='word_1_573' title='bbox 1000 4471 1243 4517; x_wconf 84' lang='lat' dir='ltr'><strong>sanctum</strong></span> <span class='ocrx_word' id='word_1_574' title='bbox 1275 4461 1541 4517; x_wconf 77' lang='lat' dir='ltr'><strong>lulianum</strong></span> <span class='ocrx_word' id='word_1_575' title='bbox 1578 4463 1942 4518; x_wconf 82' lang='lat' dir='ltr'><strong>Brivatcnsem</strong></span> 
     </span>
    </p>
   </div>
   <div class='ocr_carea' id='block_1_76' title="bbox 345 4540 2028 4624">
    <p class='ocr_par' dir='ltr' id='par_1_76' title="bbox 345 4540 2028 4624">
     <span class='ocr_line' id='line_1_76' title="bbox 345 4540 2028 4624; baseline 0.002 -18"><span class='ocrx_word' id='word_1_576' title='bbox 345 4566 441 4620; x_wconf 86' lang='lat' dir='ltr'><strong>per</strong></span> <span class='ocrx_word' id='word_1_577' title='bbox 470 4553 678 4608; x_wconf 82' lang='lat' dir='ltr'><strong>Gallum</strong></span> <span class='ocrx_word' id='word_1_578' title='bbox 704 4556 1015 4624; x_wconf 88' lang='lat' dir='ltr'><strong>episcopum</strong></span> <span class='ocrx_word' id='word_1_579' title='bbox 1048 4554 1309 4621; x_wconf 81' lang='lat' dir='ltr'><strong>instituta,</strong></span> <span class='ocrx_word' id='word_1_580' title='bbox 1335 4557 1409 4609; x_wconf 80' lang='lat' dir='ltr'><strong>ait</strong></span> <span class='ocrx_word' id='word_1_581' title='bbox 1435 4573 1446 4607; x_wconf 92' lang='lat'><strong>:</strong></span> <span class='ocrx_word' id='word_1_582' title='bbox 1478 4553 1639 4610; x_wconf 77' lang='lat' dir='ltr'><strong>Juxta</strong></span> <span class='ocrx_word' id='word_1_583' title='bbox 1662 4557 1942 4609; x_wconf 83' lang='lat' dir='ltr'><strong>institutio-</strong></span> <span class='ocrx_word' id='word_1_584' title='bbox 1971 4540 2028 4600; x_wconf 84' lang='grc' dir='ltr'><strong>Ῐ)</strong></span> 
     </span>
    </p>
   </div>
   <div class='ocr_carea' id='block_1_77' title="bbox 344 4647 1941 4715">
    <p class='ocr_par' dir='ltr' id='par_1_77' title="bbox 344 4647 1941 4715">
     <span class='ocr_line' id='line_1_77' title="bbox 344 4647 1941 4715; baseline 0.003 -17"><span class='ocrx_word' id='word_1_585' title='bbox 344 4662 459 4699; x_wconf 86' lang='lat' dir='ltr'><strong>nem</strong></span> <span class='ocrx_word' id='word_1_586' title='bbox 489 4650 650 4701; x_wconf 77' lang='lat' dir='ltr'><strong>sancti</strong></span> <span class='ocrx_word' id='word_1_587' title='bbox 683 4647 840 4714; x_wconf 81' lang='lat' dir='ltr'><strong>Galli,</strong></span> <span class='ocrx_word' id='word_1_588' title='bbox 865 4649 994 4701; x_wconf 82' lang='lat' dir='ltr'><strong>sicut</strong></span> <span class='ocrx_word' id='word_1_589' title='bbox 1024 4665 1180 4715; x_wconf 83' lang='lat' dir='ltr'><strong>supra</strong></span> <span class='ocrx_word' id='word_1_590' title='bbox 1206 4649 1524 4715; x_wconf 78' lang='lat' dir='ltr'><strong>scripsimus.</strong></span> <span class='ocrx_word' id='word_1_591' title='bbox 1562 4648 1734 4703; x_wconf 87' lang='lat' dir='ltr'><strong>Locus</strong></span> <span class='ocrx_word' id='word_1_592' title='bbox 1762 4657 1941 4702; x_wconf 89' lang='lat' dir='ltr'><strong>autem</strong></span> 
     </span>
    </p>
   </div>
   <div class='ocr_carea' id='block_1_78' title="bbox 344 4741 1942 4814">
    <p class='ocr_par' dir='ltr' id='par_1_78' title="bbox 344 4741 1942 4814">
     <span class='ocr_line' id='line_1_78' title="bbox 344 4741 1942 4814; baseline 0.004 -22"><span class='ocrx_word' id='word_1_593' title='bbox 344 4741 436 4793; x_wconf 91' lang='lat' dir='ltr'><strong>ille</strong></span> <span class='ocrx_word' id='word_1_594' title='bbox 465 4757 621 4812; x_wconf 88' lang='lat' dir='ltr'><strong>quem</strong></span> <span class='ocrx_word' id='word_1_595' title='bbox 651 4741 846 4798; x_wconf 76' lang='lat' dir='ltr'><strong>laudat.</strong></span> <span class='ocrx_word' id='word_1_596' title='bbox 875 4743 1098 4798; x_wconf 84' lang='lat' dir='ltr'><strong>habetur</strong></span> <span class='ocrx_word' id='word_1_597' title='bbox 1126 4759 1285 4804; x_wconf 63' lang='lat' dir='ltr'><strong>supra</strong></span> <span class='ocrx_word' id='word_1_598' title='bbox 1321 4743 1495 4814; x_wconf 88' lang='lat' dir='ltr'><strong>capite</strong></span> <span class='ocrx_word' id='word_1_599' title='bbox 1541 4745 1752 4813; x_wconf 88' lang='lat' dir='ltr'><strong>quinto,</strong></span> <span class='ocrx_word' id='word_1_600' title='bbox 1799 4744 1942 4814; x_wconf 89' lang='lat' dir='ltr'><strong>quod</strong></span> 
     </span>
    </p>
   </div>
   <div class='ocr_carea' id='block_1_79' title="bbox 277 4820 1941 4903">
    <p class='ocr_par' dir='ltr' id='par_1_79' title="bbox 277 4820 1941 4903">
     <span class='ocr_line' id='line_1_79' title="bbox 277 4820 1941 4903; baseline 0.002 -18"><span class='ocrx_word' id='word_1_601' title='bbox 277 4820 283 4826; x_wconf 59' lang='grc'><em>’</em></span> <span class='ocrx_word' id='word_1_602' title='bbox 344 4839 523 4887; x_wconf 88' lang='lat' dir='ltr'><strong>tamen</strong></span> <span class='ocrx_word' id='word_1_603' title='bbox 555 4844 716 4903; x_wconf 87' lang='lat' dir='ltr'><strong>caput</strong></span> <span class='ocrx_word' id='word_1_604' title='bbox 763 4834 812 4887; x_wconf 86' lang='lat' dir='ltr'><strong>iu</strong></span> <span class='ocrx_word' id='word_1_605' title='bbox 844 4835 958 4902; x_wconf 86' lang='lat' dir='ltr'><strong>ipso</strong></span> <span class='ocrx_word' id='word_1_606' title='bbox 989 4835 1173 4890; x_wconf 87' lang='lat' dir='ltr'><strong>codice</strong></span> <span class='ocrx_word' id='word_1_607' title='bbox 1217 4835 1549 4902; x_wconf 87' lang='lat' dir='ltr'><strong>Corbeiensi,</strong></span> <span class='ocrx_word' id='word_1_608' title='bbox 1602 4836 1740 4890; x_wconf 91' lang='lat' dir='ltr'><strong>sicut</strong></span> <span class='ocrx_word' id='word_1_609' title='bbox 1788 4845 1840 4890; x_wconf 92' lang='lat' dir='ltr'><strong>et</strong></span> <span class='ocrx_word' id='word_1_610' title='bbox 1890 4836 1941 4889; x_wconf 90' lang='lat' dir='ltr'><strong>in</strong></span> 
     </span>
    </p>
   </div>
   <div class='ocr_carea' id='block_1_80' title="bbox 342 4913 1938 4997">
    <p class='ocr_par' dir='ltr' id='par_1_80' title="bbox 342 4913 1938 4997">
     <span class='ocr_line' id='line_1_80' title="bbox 342 4913 1938 4997; baseline 0.002 -16"><span class='ocrx_word' id='word_1_611' title='bbox 342 4913 465 4983; x_wconf 78' lang='lat' dir='ltr'><strong>aliis</strong></span> <span class='ocrx_word' id='word_1_612' title='bbox 497 4927 794 4982; x_wconf 85' lang='lat' dir='ltr'><strong>Cointianis</strong></span> <span class='ocrx_word' id='word_1_613' title='bbox 819 4928 1176 4983; x_wconf 79' lang='lat' dir='ltr'><strong>desideratur.</strong></span> <span class='ocrx_word' id='word_1_614' title='bbox 1207 4929 1395 4996; x_wconf 84' lang='lat' dir='ltr'><strong>Capite</strong></span> <span class='ocrx_word' id='word_1_615' title='bbox 1430 4928 1494 4984; x_wconf 73' lang='grc' dir='ltr'>Μ</span> <span class='ocrx_word' id='word_1_616' title='bbox 1523 4928 1764 4997; x_wconf 91' lang='lat' dir='ltr'><strong>ejusdem</strong></span> <span class='ocrx_word' id='word_1_617' title='bbox 1800 4929 1938 4996; x_wconf 89' lang='lat' dir='ltr'><strong>libri,</strong></span> 
     </span>
    </p>
   </div>
   <div class='ocr_carea' id='block_1_81' title="bbox 341 5021 1933 5091">
    <p class='ocr_par' dir='ltr' id='par_1_81' title="bbox 341 5021 1933 5091">
     <span class='ocr_line' id='line_1_81' title="bbox 341 5021 1933 5091; baseline 0.001 -18"><span class='ocrx_word' id='word_1_618' title='bbox 341 5021 483 5091; x_wconf 90' lang='lat' dir='ltr'><strong>quod</strong></span> <span class='ocrx_word' id='word_1_619' title='bbox 512 5037 700 5076; x_wconf 87' lang='lat' dir='ltr'><strong>omnes</strong></span> <span class='ocrx_word' id='word_1_620' title='bbox 733 5022 912 5091; x_wconf 84' lang='lat' dir='ltr'><strong>scripti</strong></span> <span class='ocrx_word' id='word_1_621' title='bbox 945 5022 1172 5086; x_wconf 87' lang='lat' dir='ltr'><strong>habent,</strong></span> <span class='ocrx_word' id='word_1_622' title='bbox 1207 5025 1439 5077; x_wconf 77' lang='lat' dir='ltr'><strong>Saxones</strong></span> <span class='ocrx_word' id='word_1_623' title='bbox 1486 5025 1665 5077; x_wconf 82' lang='lat' dir='ltr'><strong>iterata</strong></span> <span class='ocrx_word' id='word_1_624' title='bbox 1711 5024 1933 5090; x_wconf 82' lang='lat' dir='ltr'><strong>insania,</strong></span> 
     </span>
    </p>
   </div>
   <div class='ocr_carea' id='block_1_82' title="bbox 341 5115 1931 5189">
    <p class='ocr_par' dir='ltr' id='par_1_82' title="bbox 341 5115 1931 5189">
     <span class='ocr_line' id='line_1_82' title="bbox 341 5115 1931 5189; baseline 0.002 -22"><span class='ocrx_word' id='word_1_625' title='bbox 341 5115 600 5170; x_wconf 87' lang='lat' dir='ltr'><strong>adversus</strong></span> <span class='ocrx_word' id='word_1_626' title='bbox 652 5117 984 5171; x_wconf 85' lang='lat' dir='ltr'><strong>Cltlotarittm</strong></span> <span class='ocrx_word' id='word_1_627' title='bbox 1041 5135 1218 5189; x_wconf 82' lang='lat' dir='ltr'><strong>regem</strong></span> <span class='ocrx_word' id='word_1_628' title='bbox 1278 5119 1573 5173; x_wconf 85' lang='lat' dir='ltr'><strong>rebellasse</strong></span> <span class='ocrx_word' id='word_1_629' title='bbox 1619 5119 1870 5172; x_wconf 85' lang='lat' dir='ltr'><strong>dicuntur</strong></span> <span class='ocrx_word' id='word_1_630' title='bbox 1921 5137 1931 5170; x_wconf 91' lang='lat'>:</span> 
     </span>
    </p>
   </div>
   <div class='ocr_carea' id='block_1_83' title="bbox 343 5208 1938 5278">
    <p class='ocr_par' dir='ltr' id='par_1_83' title="bbox 343 5208 1938 5278">
     <span class='ocr_line' id='line_1_83' title="bbox 343 5208 1938 5278; baseline 0.003 -17"><span class='ocrx_word' id='word_1_631' title='bbox 343 5208 513 5276; x_wconf 90' lang='lat' dir='ltr'><strong>prima</strong></span> <span class='ocrx_word' id='word_1_632' title='bbox 543 5215 716 5263; x_wconf 89' lang='lat' dir='ltr'><strong>tamen</strong></span> <span class='ocrx_word' id='word_1_633' title='bbox 745 5224 929 5263; x_wconf 88' lang='lat' dir='ltr'><strong>eorum</strong></span> <span class='ocrx_word' id='word_1_634' title='bbox 962 5210 1184 5264; x_wconf 88' lang='lat' dir='ltr'><strong>rebellio</strong></span> <span class='ocrx_word' id='word_1_635' title='bbox 1215 5211 1479 5278; x_wconf 88' lang='lat' dir='ltr'><strong>descripta</strong></span> <span class='ocrx_word' id='word_1_636' title='bbox 1511 5209 1738 5264; x_wconf 86' lang='lat' dir='ltr'><strong>habetur</strong></span> <span class='ocrx_word' id='word_1_637' title='bbox 1764 5209 1938 5276; x_wconf 84' lang='lat' dir='ltr'><strong>capite</strong></span> 
     </span>
    </p>
   </div>
   <div class='ocr_carea' id='block_1_84' title="bbox 343 5300 1932 5370">
    <p class='ocr_par' dir='ltr' id='par_1_84' title="bbox 343 5300 1932 5370">
     <span class='ocr_line' id='line_1_84' title="bbox 343 5300 1932 5370; baseline 0.003 -17"><span class='ocrx_word' id='word_1_638' title='bbox 343 5300 432 5364; x_wconf 78' lang='grc'><strong>10,</strong></span> <span class='ocrx_word' id='word_1_639' title='bbox 466 5302 605 5370; x_wconf 85' lang='lat' dir='ltr'><strong>quod</strong></span> <span class='ocrx_word' id='word_1_640' title='bbox 640 5301 854 5355; x_wconf 85' lang='lat' dir='ltr'><strong>codices</strong></span> <span class='ocrx_word' id='word_1_641' title='bbox 880 5302 1073 5370; x_wconf 80' lang='lat' dir='ltr'><strong>Regius</strong></span> <span class='ocrx_word' id='word_1_642' title='bbox 1101 5309 1156 5356; x_wconf 90' lang='lat' dir='ltr'><strong>et</strong></span> <span class='ocrx_word' id='word_1_643' title='bbox 1182 5303 1352 5357; x_wconf 90' lang='lat' dir='ltr'><strong>sancti</strong></span> <span class='ocrx_word' id='word_1_644' title='bbox 1387 5302 1592 5356; x_wconf 85' lang='lat' dir='ltr'><strong>Arnulli</strong></span> <span class='ocrx_word' id='word_1_645' title='bbox 1616 5303 1932 5357; x_wconf 89' lang='lat' dir='ltr'><strong>omiserunt.</strong></span> 
     </span>
    </p>
   </div>
   <div class='ocr_carea' id='block_1_85' title="bbox 339 5382 1938 5456">
    <p class='ocr_par' dir='ltr' id='par_1_85' title="bbox 339 5382 1938 5456">
     <span class='ocr_line' id='line_1_85' title="bbox 339 5382 1938 5456; baseline -0.001 -9"><span class='ocrx_word' id='word_1_646' title='bbox 339 5389 428 5447; x_wconf 81' lang='lat' dir='ltr'><strong>Sic</strong></span> <span class='ocrx_word' id='word_1_647' title='bbox 456 5402 510 5446; x_wconf 92' lang='lat' dir='ltr'><strong>et.</strong></span> <span class='ocrx_word' id='word_1_648' title='bbox 542 5393 700 5446; x_wconf 89' lang='lat' dir='ltr'><strong>iidem</strong></span> <span class='ocrx_word' id='word_1_649' title='bbox 731 5393 888 5446; x_wconf 85' lang='lat' dir='ltr'><strong>ambo</strong></span> <span class='ocrx_word' id='word_1_650' title='bbox 915 5382 1152 5456; x_wconf 87' lang='lat' dir='ltr'><strong>codices,</strong></span> <span class='ocrx_word' id='word_1_651' title='bbox 1187 5401 1242 5444; x_wconf 90' lang='lat' dir='ltr'><strong>ut</strong></span> <span class='ocrx_word' id='word_1_652' title='bbox 1271 5393 1450 5445; x_wconf 76' lang='lat' dir='ltr'><strong>cmteri</strong></span> <span class='ocrx_word' id='word_1_653' title='bbox 1484 5407 1691 5456; x_wconf 91' lang='lat' dir='ltr'><strong>omnes,</strong></span> <span class='ocrx_word' id='word_1_654' title='bbox 1739 5393 1938 5447; x_wconf 88' lang='lat' dir='ltr'><strong>habent</strong></span> 
     </span>
    </p>
   </div>
   <div class='ocr_carea' id='block_1_86' title="bbox 341 5481 1939 5556">
    <p class='ocr_par' dir='ltr' id='par_1_86' title="bbox 341 5481 1939 5556">
     <span class='ocr_line' id='line_1_86' title="bbox 341 5481 1939 5556; baseline -0.001 -18"><span class='ocrx_word' id='word_1_655' title='bbox 341 5481 408 5540; x_wconf 86' lang='lat' dir='ltr'><strong>de</strong></span> <span class='ocrx_word' id='word_1_656' title='bbox 433 5485 727 5551; x_wconf 81' lang='lat' dir='ltr'><strong>Chramno,</strong></span> <span class='ocrx_word' id='word_1_657' title='bbox 776 5487 949 5556; x_wconf 87' lang='lat' dir='ltr'><strong>capite</strong></span> <span class='ocrx_word' id='word_1_658' title='bbox 980 5487 1064 5550; x_wconf 81' lang='grc'><strong>16,</strong></span> <span class='ocrx_word' id='word_1_659' title='bbox 1114 5486 1309 5538; x_wconf 75' lang='lat' dir='ltr'><strong>diversa</strong></span> <span class='ocrx_word' id='word_1_660' title='bbox 1336 5493 1390 5538; x_wconf 88' lang='lat' dir='ltr'><strong>ut</strong></span> <span class='ocrx_word' id='word_1_661' title='bbox 1420 5483 1650 5537; x_wconf 72' lang='lat' dir='ltr'><strong>diximus</strong></span> <span class='ocrx_word' id='word_1_662' title='bbox 1679 5487 1939 5538; x_wconf 70' lang='lat' dir='ltr'><strong>exercebat</strong></span> 
     </span>
    </p>
   </div>
   <div class='ocr_carea' id='block_1_87' title="bbox 335 5577 1940 5649">
    <p class='ocr_par' dir='ltr' id='par_1_87' title="bbox 335 5577 1940 5649">
     <span class='ocr_line' id='line_1_87' title="bbox 335 5577 1940 5649; baseline 0.001 -19"><span class='ocrx_word' id='word_1_663' title='bbox 335 5580 498 5631; x_wconf 81' lang='lat' dir='ltr'><strong>mula.</strong></span> <span class='ocrx_word' id='word_1_664' title='bbox 537 5578 757 5631; x_wconf 80' lang='lat' dir='ltr'><strong>Dixerat</strong></span> <span class='ocrx_word' id='word_1_665' title='bbox 786 5589 959 5633; x_wconf 86' lang='lat' dir='ltr'><strong>autem</strong></span> <span class='ocrx_word' id='word_1_666' title='bbox 994 5579 1284 5649; x_wconf 80' lang='lat' dir='ltr'><strong>Gregorius</strong></span> <span class='ocrx_word' id='word_1_667' title='bbox 1331 5579 1497 5632; x_wconf 87' lang='lat' dir='ltr'><strong>fusius</strong></span> <span class='ocrx_word' id='word_1_668' title='bbox 1543 5577 1609 5633; x_wconf 90' lang='lat' dir='ltr'><strong>de</strong></span> <span class='ocrx_word' id='word_1_669' title='bbox 1662 5579 1742 5633; x_wconf 90' lang='lat' dir='ltr'><strong>his</strong></span> <span class='ocrx_word' id='word_1_670' title='bbox 1785 5580 1940 5632; x_wconf 89' lang='lat' dir='ltr'><strong>malis</strong></span> 
     </span>
    </p>
   </div>
   <div class='ocr_carea' id='block_1_88' title="bbox 336 5672 1934 5745">
    <p class='ocr_par' dir='ltr' id='par_1_88' title="bbox 336 5672 1934 5745">
     <span class='ocr_line' id='line_1_88' title="bbox 336 5672 1934 5745; baseline 0.003 -20"><span class='ocrx_word' id='word_1_671' title='bbox 336 5672 514 5741; x_wconf 89' lang='lat' dir='ltr'><strong>capite</strong></span> <span class='ocrx_word' id='word_1_672' title='bbox 545 5672 612 5726; x_wconf 80' lang='grc'><strong>15</strong></span> <span class='ocrx_word' id='word_1_673' title='bbox 642 5673 880 5742; x_wconf 84' lang='lat' dir='ltr'><strong>ejusdem</strong></span> <span class='ocrx_word' id='word_1_674' title='bbox 905 5674 1023 5729; x_wconf 89' lang='lat' dir='ltr'><strong>libri</strong></span> <span class='ocrx_word' id='word_1_675' title='bbox 1043 5691 1114 5742; x_wconf 82' lang='lat' dir='ltr'><strong>iv,</strong></span> <span class='ocrx_word' id='word_1_676' title='bbox 1146 5677 1285 5745; x_wconf 87' lang='lat' dir='ltr'><strong>quod</strong></span> <span class='ocrx_word' id='word_1_677' title='bbox 1311 5674 1360 5728; x_wconf 92' lang='lat' dir='ltr'><strong>iu</strong></span> <span class='ocrx_word' id='word_1_678' title='bbox 1387 5673 1502 5730; x_wconf 91' lang='lat' dir='ltr'><strong>istis</strong></span> <span class='ocrx_word' id='word_1_679' title='bbox 1529 5672 1803 5729; x_wconf 81' lang='lat' dir='ltr'><strong>codicibus</strong></span> <span class='ocrx_word' id='word_1_680' title='bbox 1828 5690 1934 5729; x_wconf 82' lang='lat' dir='ltr'><strong>noti</strong></span> 
     </span>
    </p>
   </div>
   <div class='ocr_carea' id='block_1_89' title="bbox 337 5761 628 5822">
    <p class='ocr_par' dir='ltr' id='par_1_89' title="bbox 337 5761 628 5822">
     <span class='ocr_line' id='line_1_89' title="bbox 337 5761 628 5822; baseline 0.003 -1"><span class='ocrx_word' id='word_1_681' title='bbox 337 5761 628 5822; x_wconf 83' lang='lat' dir='ltr'><strong>invenitur.</strong></span> 
     </span>
    </p>
   </div>
   <div class='ocr_carea' id='block_1_90' title="bbox 2050 3248 3654 3320">
    <p class='ocr_par' dir='ltr' id='par_1_90' title="bbox 2050 3248 3654 3320">
     <span class='ocr_line' id='line_1_90' title="bbox 2050 3248 3654 3320; baseline 0.001 -16"><span class='ocrx_word' id='word_1_682' title='bbox 2050 3258 2210 3319; x_wconf 86' lang='lat' dir='ltr'><strong>caput</strong></span> <span class='ocrx_word' id='word_1_683' title='bbox 2237 3248 2306 3303; x_wconf 70' lang='lat'><strong>24</strong></span> <span class='ocrx_word' id='word_1_684' title='bbox 2339 3249 2580 3319; x_wconf 86' lang='lat' dir='ltr'><strong>ejusdem</strong></span> <span class='ocrx_word' id='word_1_685' title='bbox 2610 3249 2752 3313; x_wconf 90' lang='lat' dir='ltr'><strong>libri,</strong></span> <span class='ocrx_word' id='word_1_686' title='bbox 2786 3249 2926 3318; x_wconf 90' lang='lat' dir='ltr'><strong>quod</strong></span> <span class='ocrx_word' id='word_1_687' title='bbox 2974 3249 3051 3304; x_wconf 93' lang='lat' dir='ltr'><strong>sic</strong></span> <span class='ocrx_word' id='word_1_688' title='bbox 3097 3250 3280 3320; x_wconf 89' lang='lat' dir='ltr'><strong>incipit</strong></span> <span class='ocrx_word' id='word_1_689' title='bbox 3316 3267 3330 3306; x_wconf 92' lang='lat'><strong>:</strong></span> <span class='ocrx_word' id='word_1_690' title='bbox 3369 3250 3516 3304; x_wconf 80' lang='lat' dir='ltr'><strong>Noua</strong></span> <span class='ocrx_word' id='word_1_691' title='bbox 3557 3253 3654 3305; x_wconf 83' lang='lat' dir='ltr'><strong>ite-</strong></span> 
     </span>
    </p>
   </div>
   <div class='ocr_carea' id='block_1_91' title="bbox 2049 3342 3654 3414">
    <p class='ocr_par' dir='ltr' id='par_1_91' title="bbox 2049 3342 3654 3414">
     <span class='ocr_line' id='line_1_91' title="bbox 2049 3342 3654 3414; baseline 0.001 -18"><span class='ocrx_word' id='word_1_692' title='bbox 2049 3361 2165 3398; x_wconf 82' lang='lat' dir='ltr'><strong>rum</strong></span> <span class='ocrx_word' id='word_1_693' title='bbox 2195 3352 2372 3398; x_wconf 86' lang='lat' dir='ltr'><strong>contra</strong></span> <span class='ocrx_word' id='word_1_694' title='bbox 2425 3343 2750 3397; x_wconf 87' lang='lat' dir='ltr'><strong>Theodorum</strong></span> <span class='ocrx_word' id='word_1_695' title='bbox 2796 3342 2930 3397; x_wconf 83' lang='lat' dir='ltr'><strong>bella</strong></span> <span class='ocrx_word' id='word_1_696' title='bbox 2978 3353 3318 3414; x_wconf 82' lang='lat' dir='ltr'><strong>consurgunt,</strong></span> <span class='ocrx_word' id='word_1_697' title='bbox 3359 3351 3501 3409; x_wconf 84' lang='lat' dir='ltr'><strong>etc.;</strong></span> <span class='ocrx_word' id='word_1_698' title='bbox 3530 3357 3654 3414; x_wconf 66' lang='lat' dir='ltr'><strong>quae</strong></span> 
     </span>
    </p>
   </div>
   <div class='ocr_carea' id='block_1_92' title="bbox 2048 3435 3650 3506">
    <p class='ocr_par' dir='ltr' id='par_1_92' title="bbox 2048 3435 3650 3506">
     <span class='ocr_line' id='line_1_92' title="bbox 2048 3435 3650 3506; baseline -0.002 -10"><span class='ocrx_word' id='word_1_699' title='bbox 2048 3439 2207 3496; x_wconf 84' lang='lat' dir='ltr'><strong>verba</strong></span> <span class='ocrx_word' id='word_1_700' title='bbox 2235 3436 2518 3494; x_wconf 82' lang='lat' dir='ltr'><strong>manifeste</strong></span> <span class='ocrx_word' id='word_1_701' title='bbox 2547 3446 2601 3493; x_wconf 91' lang='lat' dir='ltr'><strong>et</strong></span> <span class='ocrx_word' id='word_1_702' title='bbox 2624 3436 2950 3501; x_wconf 82' lang='lat' dir='ltr'><strong>necessario,</strong></span> <span class='ocrx_word' id='word_1_703' title='bbox 2974 3439 3049 3491; x_wconf 92' lang='lat' dir='ltr'><strong>uti</strong></span> <span class='ocrx_word' id='word_1_704' title='bbox 3071 3438 3187 3506; x_wconf 90' lang='lat' dir='ltr'><strong>ipse</strong></span> <span class='ocrx_word' id='word_1_705' title='bbox 3217 3437 3462 3492; x_wconf 88' lang='lat' dir='ltr'><strong>Cointius</strong></span> <span class='ocrx_word' id='word_1_706' title='bbox 3491 3435 3650 3493; x_wconf 88' lang='lat' dir='ltr'><strong>fateri</strong></span> 
     </span>
    </p>
   </div>
   <div class='ocr_carea' id='block_1_93' title="bbox 2049 3527 3653 3606">
    <p class='ocr_par' dir='ltr' id='par_1_93' title="bbox 2049 3527 3653 3606">
     <span class='ocr_line' id='line_1_93' title="bbox 2049 3527 3653 3606; baseline -0.002 -19"><span class='ocrx_word' id='word_1_707' title='bbox 2049 3535 2280 3606; x_wconf 89' lang='lat' dir='ltr'><strong>cogitur,</strong></span> <span class='ocrx_word' id='word_1_708' title='bbox 2312 3541 2481 3587; x_wconf 86' lang='lat' dir='ltr'><strong>totum</strong></span> <span class='ocrx_word' id='word_1_709' title='bbox 2508 3543 2666 3602; x_wconf 89' lang='lat' dir='ltr'><strong>caput</strong></span> <span class='ocrx_word' id='word_1_710' title='bbox 2696 3531 3057 3593; x_wconf 91' lang='lat' dir='ltr'><strong>undecimum,</strong></span> <span class='ocrx_word' id='word_1_711' title='bbox 3089 3529 3229 3600; x_wconf 90' lang='lat' dir='ltr'><strong>quod</strong></span> <span class='ocrx_word' id='word_1_712' title='bbox 3257 3534 3325 3584; x_wconf 86' lang='lat' dir='ltr'><strong>ab</strong></span> <span class='ocrx_word' id='word_1_713' title='bbox 3351 3527 3471 3600; x_wconf 87' lang='lat' dir='ltr'><strong>ejus</strong></span> <span class='ocrx_word' id='word_1_714' title='bbox 3499 3529 3653 3585; x_wconf 80' lang='lat' dir='ltr'><strong>codi-</strong></span> 
     </span>
    </p>
   </div>
   <div class='ocr_carea' id='block_1_94' title="bbox 2049 3620 3654 3694">
    <p class='ocr_par' dir='ltr' id='par_1_94' title="bbox 2049 3620 3654 3694">
     <span class='ocr_line' id='line_1_94' title="bbox 2049 3620 3654 3694; baseline -0.002 -14"><span class='ocrx_word' id='word_1_715' title='bbox 2049 3625 2200 3680; x_wconf 91' lang='lat' dir='ltr'><strong>cibus</strong></span> <span class='ocrx_word' id='word_1_716' title='bbox 2226 3625 2416 3679; x_wconf 90' lang='lat' dir='ltr'><strong>abesse</strong></span> <span class='ocrx_word' id='word_1_717' title='bbox 2434 3624 2542 3694; x_wconf 89' lang='lat' dir='ltr'><strong>jam</strong></span> <span class='ocrx_word' id='word_1_718' title='bbox 2567 3624 2990 3689; x_wconf 58' lang='lat' dir='ltr'><strong>observavimus,</strong></span> <span class='ocrx_word' id='word_1_719' title='bbox 3017 3630 3460 3693; x_wconf 74' lang='lat' dir='ltr'><strong>praesupponunt.</strong></span> <span class='ocrx_word' id='word_1_720' title='bbox 3486 3620 3654 3677; x_wconf 83' lang='lat' dir='ltr'><strong>Nobis</strong></span> 
     </span>
    </p>
   </div>
   <div class='ocr_carea' id='block_1_95' title="bbox 2047 3715 3653 3787">
    <p class='ocr_par' dir='ltr' id='par_1_95' title="bbox 2047 3715 3653 3787">
     <span class='ocr_line' id='line_1_95' title="bbox 2047 3715 3653 3787; baseline -0.002 -13"><span class='ocrx_word' id='word_1_721' title='bbox 2047 3718 2207 3774; x_wconf 89' lang='lat' dir='ltr'><strong>etiam</strong></span> <span class='ocrx_word' id='word_1_722' title='bbox 2239 3719 2378 3772; x_wconf 88' lang='lat' dir='ltr'><strong>favet</strong></span> <span class='ocrx_word' id='word_1_723' title='bbox 2406 3715 2783 3787; x_wconf 82' lang='lat' dir='ltr'><strong>Fredegarius,</strong></span> <span class='ocrx_word' id='word_1_724' title='bbox 2817 3717 2903 3786; x_wconf 91' lang='lat' dir='ltr'><strong>qui</strong></span> <span class='ocrx_word' id='word_1_725' title='bbox 2934 3727 3222 3785; x_wconf 88' lang='lat' dir='ltr'><strong>utrumque</strong></span> <span class='ocrx_word' id='word_1_726' title='bbox 3269 3724 3449 3783; x_wconf 85' lang='lat' dir='ltr'><strong>caput,</strong></span> <span class='ocrx_word' id='word_1_727' title='bbox 3481 3715 3653 3771; x_wconf 87' lang='lat' dir='ltr'><strong>unde-</strong></span> 
     </span>
    </p>
   </div>
   <div class='ocr_carea' id='block_1_96' title="bbox 2049 3809 3650 3879">
    <p class='ocr_par' dir='ltr' id='par_1_96' title="bbox 2049 3809 3650 3879">
     <span class='ocr_line' id='line_1_96' title="bbox 2049 3809 3650 3879; baseline -0.002 -14"><span class='ocrx_word' id='word_1_728' title='bbox 2049 3813 2244 3866; x_wconf 87' lang='lat' dir='ltr'><strong>cimum</strong></span> <span class='ocrx_word' id='word_1_729' title='bbox 2273 3812 2480 3866; x_wconf 88' lang='lat' dir='ltr'><strong>scilicet</strong></span> <span class='ocrx_word' id='word_1_730' title='bbox 2505 3818 2561 3866; x_wconf 85' lang='lat' dir='ltr'><strong>et</strong></span> <span class='ocrx_word' id='word_1_731' title='bbox 2589 3811 3002 3878; x_wconf 89' lang='lat' dir='ltr'><strong>duodecimum,</strong></span> <span class='ocrx_word' id='word_1_732' title='bbox 3033 3812 3083 3865; x_wconf 92' lang='lat' dir='ltr'><strong>in</strong></span> <span class='ocrx_word' id='word_1_733' title='bbox 3130 3825 3222 3865; x_wconf 65' lang='lat' dir='ltr'><strong>sua</strong></span> <span class='ocrx_word' id='word_1_734' title='bbox 3259 3810 3493 3879; x_wconf 90' lang='lat' dir='ltr'><strong>epitome</strong></span> <span class='ocrx_word' id='word_1_735' title='bbox 3519 3809 3650 3864; x_wconf 87' lang='lat' dir='ltr'><strong>atti-</strong></span> 
     </span>
    </p>
   </div>
   <div class='ocr_carea' id='block_1_97' title="bbox 2048 3903 3648 3982">
    <p class='ocr_par' dir='ltr' id='par_1_97' title="bbox 2048 3903 3648 3982">
     <span class='ocr_line' id='line_1_97' title="bbox 2048 3903 3648 3982; baseline -0.002 -22"><span class='ocrx_word' id='word_1_736' title='bbox 2048 3907 2141 3978; x_wconf 84' lang='lat' dir='ltr'><strong>git.</strong></span> <span class='ocrx_word' id='word_1_737' title='bbox 2170 3908 2350 3982; x_wconf 75' lang='lat' dir='ltr'><strong>Quare</strong></span> <span class='ocrx_word' id='word_1_738' title='bbox 2372 3907 2487 3962; x_wconf 65' lang='lat' dir='ltr'><strong>hinc</strong></span> <span class='ocrx_word' id='word_1_739' title='bbox 2509 3907 2616 3961; x_wconf 93' lang='lat' dir='ltr'><strong>duo</strong></span> <span class='ocrx_word' id='word_1_740' title='bbox 2647 3909 2760 3961; x_wconf 88' lang='lat' dir='ltr'><strong>loca</strong></span> <span class='ocrx_word' id='word_1_741' title='bbox 2787 3915 2960 3961; x_wconf 88' lang='lat' dir='ltr'><strong>tantas</strong></span> <span class='ocrx_word' id='word_1_742' title='bbox 2992 3905 3043 3959; x_wconf 87' lang='lat' dir='ltr'><strong>in</strong></span> <span class='ocrx_word' id='word_1_743' title='bbox 3066 3905 3340 3974; x_wconf 84' lang='lat' dir='ltr'><strong>angustias</strong></span> <span class='ocrx_word' id='word_1_744' title='bbox 3365 3903 3648 3971; x_wconf 87' lang='lat' dir='ltr'><strong>coujccere</strong></span> 
     </span>
    </p>
   </div>
   <div class='ocr_carea' id='block_1_98' title="bbox 2050 4000 3652 4066">
    <p class='ocr_par' dir='ltr' id='par_1_98' title="bbox 2050 4000 3652 4066">
     <span class='ocr_line' id='line_1_98' title="bbox 2050 4000 3652 4066; baseline -0.001 -12"><span class='ocrx_word' id='word_1_745' title='bbox 2050 4001 2320 4055; x_wconf 83' lang='lat' dir='ltr'><strong>Cointium</strong></span> <span class='ocrx_word' id='word_1_746' title='bbox 2353 4003 2417 4054; x_wconf 92' lang='lat' dir='ltr'><strong>ad</strong></span> <span class='ocrx_word' id='word_1_747' title='bbox 2447 4016 2646 4054; x_wconf 91' lang='lat' dir='ltr'><strong>annum</strong></span> <span class='ocrx_word' id='word_1_748' title='bbox 2678 4000 2803 4062; x_wconf 78' lang='grc'><strong>581,</strong></span> <span class='ocrx_word' id='word_1_749' title='bbox 2839 4014 3063 4053; x_wconf 88' lang='lat' dir='ltr'><strong>numero</strong></span> <span class='ocrx_word' id='word_1_750' title='bbox 3095 4001 3149 4063; x_wconf 86' lang='lat'><strong>9,</strong></span> <span class='ocrx_word' id='word_1_751' title='bbox 3184 4007 3238 4052; x_wconf 89' lang='lat' dir='ltr'><strong>ut</strong></span> <span class='ocrx_word' id='word_1_752' title='bbox 3266 4014 3331 4051; x_wconf 86' lang='lat' dir='ltr'><strong>ex</strong></span> <span class='ocrx_word' id='word_1_753' title='bbox 3363 4012 3464 4051; x_wconf 84' lang='lat' dir='ltr'><strong>una</strong></span> <span class='ocrx_word' id='word_1_754' title='bbox 3501 4005 3652 4066; x_wconf 90' lang='lat' dir='ltr'><strong>parte</strong></span> 
     </span>
    </p>
   </div>
   <div class='ocr_carea' id='block_1_99' title="bbox 2048 4091 3654 4164">
    <p class='ocr_par' dir='ltr' id='par_1_99' title="bbox 2048 4091 3654 4164">
     <span class='ocr_line' id='line_1_99' title="bbox 2048 4091 3654 4164; baseline -0.003 -15"><span class='ocrx_word' id='word_1_755' title='bbox 2048 4095 2393 4149; x_wconf 88' lang='lat' dir='ltr'><strong>undecimum</strong></span> <span class='ocrx_word' id='word_1_756' title='bbox 2427 4104 2607 4164; x_wconf 82' lang='lat' dir='ltr'><strong>caput,</strong></span> <span class='ocrx_word' id='word_1_757' title='bbox 2637 4095 2775 4163; x_wconf 90' lang='lat' dir='ltr'><strong>quod</strong></span> <span class='ocrx_word' id='word_1_758' title='bbox 2806 4109 2834 4146; x_wconf 93' lang='lat' dir='ltr'><strong>a</strong></span> <span class='ocrx_word' id='word_1_759' title='bbox 2867 4094 2977 4147; x_wconf 88' lang='lat' dir='ltr'><strong>suis</strong></span> <span class='ocrx_word' id='word_1_760' title='bbox 3006 4091 3280 4148; x_wconf 90' lang='lat' dir='ltr'><strong>codicibus</strong></span> <span class='ocrx_word' id='word_1_761' title='bbox 3300 4093 3532 4157; x_wconf 88' lang='lat' dir='ltr'><strong>abesset,</strong></span> <span class='ocrx_word' id='word_1_762' title='bbox 3556 4091 3654 4144; x_wconf 90' lang='lat' dir='ltr'><strong>ad-</strong></span> 
     </span>
    </p>
   </div>
   <div class='ocr_carea' id='block_1_100' title="bbox 2049 4185 3640 4255">
    <p class='ocr_par' dir='ltr' id='par_1_100' title="bbox 2049 4185 3640 4255">
     <span class='ocr_line' id='line_1_100' title="bbox 2049 4185 3640 4255; baseline -0.001 -17"><span class='ocrx_word' id='word_1_763' title='bbox 2049 4185 2266 4238; x_wconf 87' lang='lat' dir='ltr'><strong>mittere</strong></span> <span class='ocrx_word' id='word_1_764' title='bbox 2297 4185 2583 4255; x_wconf 86' lang='lat' dir='ltr'><strong>relugiens,</strong></span> <span class='ocrx_word' id='word_1_765' title='bbox 2608 4200 2671 4239; x_wconf 82' lang='lat' dir='ltr'><strong>ex</strong></span> <span class='ocrx_word' id='word_1_766' title='bbox 2685 4185 2852 4239; x_wconf 89' lang='lat' dir='ltr'><strong>altera</strong></span> <span class='ocrx_word' id='word_1_767' title='bbox 2875 4200 3005 4239; x_wconf 86' lang='lat' dir='ltr'><strong>vero</strong></span> <span class='ocrx_word' id='word_1_768' title='bbox 3029 4195 3243 4254; x_wconf 91' lang='lat' dir='ltr'><strong>propter</strong></span> <span class='ocrx_word' id='word_1_769' title='bbox 3277 4191 3383 4238; x_wconf 87' lang='lat' dir='ltr'><strong>tam</strong></span> <span class='ocrx_word' id='word_1_770' title='bbox 3416 4192 3640 4248; x_wconf 86' lang='lat' dir='ltr'><strong>arctam,</strong></span> 
     </span>
    </p>
   </div>
   <div class='ocr_carea' id='block_1_101' title="bbox 2049 4277 3646 4376">
    <p class='ocr_par' dir='ltr' id='par_1_101' title="bbox 2049 4277 3646 4376">
     <span class='ocr_line' id='line_1_101' title="bbox 2049 4277 3646 4376; baseline -0.001 -44"><span class='ocrx_word' id='word_1_771' title='bbox 2049 4277 2214 4332; x_wconf 89' lang='lat' dir='ltr'><strong>immo</strong></span> <span class='ocrx_word' id='word_1_772' title='bbox 2241 4288 2293 4333; x_wconf 90' lang='lat' dir='ltr'><strong>et</strong></span> <span class='ocrx_word' id='word_1_773' title='bbox 2324 4277 2706 4344; x_wconf 84' lang='lat' dir='ltr'><strong>necessariam,</strong></span> <span class='ocrx_word' id='word_1_774' title='bbox 2742 4285 2812 4376; x_wconf 45' lang='lat' dir='ltr'><strong>tu:</strong></span> <span class='ocrx_word' id='word_1_775' title='bbox 2823 4278 2938 4347; x_wconf 89' lang='lat' dir='ltr'><strong>ipse</strong></span> <span class='ocrx_word' id='word_1_776' title='bbox 2971 4277 3183 4342; x_wconf 80' lang='lat' dir='ltr'><strong>fatetur,</strong></span> <span class='ocrx_word' id='word_1_777' title='bbox 3232 4277 3375 4331; x_wconf 91' lang='lat' dir='ltr'><strong>illius</strong></span> <span class='ocrx_word' id='word_1_778' title='bbox 3403 4291 3524 4330; x_wconf 88' lang='lat' dir='ltr'><strong>cum</strong></span> <span class='ocrx_word' id='word_1_779' title='bbox 3557 4291 3646 4330; x_wconf 89' lang='lat' dir='ltr'><strong>ca-</strong></span> 
     </span>
    </p>
   </div>
   <div class='ocr_carea' id='block_1_102' title="bbox 2047 4371 3702 4442">
    <p class='ocr_par' dir='ltr' id='par_1_102' title="bbox 2047 4371 3702 4442">
     <span class='ocr_line' id='line_1_102' title="bbox 2047 4371 3702 4442; baseline -0.001 -16"><span class='ocrx_word' id='word_1_780' title='bbox 2047 4371 2246 4441; x_wconf 89' lang='lat' dir='ltr'><strong>pitibus</strong></span> <span class='ocrx_word' id='word_1_781' title='bbox 2271 4371 2587 4427; x_wconf 87' lang='lat' dir='ltr'><strong>duodecimo</strong></span> <span class='ocrx_word' id='word_1_782' title='bbox 2618 4381 2670 4426; x_wconf 88' lang='lat' dir='ltr'><strong>et</strong></span> <span class='ocrx_word' id='word_1_783' title='bbox 2696 4371 2956 4440; x_wconf 73' lang='lat' dir='ltr'><strong>vigesimo</strong></span> <span class='ocrx_word' id='word_1_784' title='bbox 2986 4381 3180 4442; x_wconf 86' lang='lat' dir='ltr'><strong>quarto</strong></span> <span class='ocrx_word' id='word_1_785' title='bbox 3225 4371 3646 4436; x_wconf 72' lang='lat' dir='ltr'><strong>connexionem,</strong></span> <span class='ocrx_word' id='word_1_786' title='bbox 3692 4376 3702 4385; x_wconf 82' lang='lat'><strong>‘</strong></span> 
     </span>
    </p>
   </div>
   <div class='ocr_carea' id='block_1_103' title="bbox 2051 4465 3651 4539">
    <p class='ocr_par' dir='ltr' id='par_1_103' title="bbox 2051 4465 3651 4539">
     <span class='ocr_line' id='line_1_103' title="bbox 2051 4465 3651 4539; baseline -0.001 -16"><span class='ocrx_word' id='word_1_787' title='bbox 2051 4469 2223 4539; x_wconf 87' lang='lat' dir='ltr'><strong>ipsum</strong></span> <span class='ocrx_word' id='word_1_788' title='bbox 2258 4470 2410 4538; x_wconf 87' lang='lat' dir='ltr'><strong>plane</strong></span> <span class='ocrx_word' id='word_1_789' title='bbox 2438 4483 2695 4538; x_wconf 88' lang='lat' dir='ltr'><strong>respuere</strong></span> <span class='ocrx_word' id='word_1_790' title='bbox 2719 4484 2821 4521; x_wconf 87' lang='lat' dir='ltr'><strong>non</strong></span> <span class='ocrx_word' id='word_1_791' title='bbox 2849 4483 3031 4534; x_wconf 85' lang='lat' dir='ltr'><strong>ausus,</strong></span> <span class='ocrx_word' id='word_1_792' title='bbox 3066 4483 3177 4522; x_wconf 89' lang='lat' dir='ltr'><strong>rem</strong></span> <span class='ocrx_word' id='word_1_793' title='bbox 3202 4467 3254 4521; x_wconf 92' lang='lat' dir='ltr'><strong>in</strong></span> <span class='ocrx_word' id='word_1_794' title='bbox 3286 4465 3462 4521; x_wconf 91' lang='lat' dir='ltr'><strong>medio</strong></span> <span class='ocrx_word' id='word_1_795' title='bbox 3494 4465 3651 4521; x_wconf 88' lang='lat' dir='ltr'><strong>relin-</strong></span> 
     </span>
    </p>
   </div>
   <div class='ocr_carea' id='block_1_104' title="bbox 2051 4560 3646 4629">
    <p class='ocr_par' dir='ltr' id='par_1_104' title="bbox 2051 4560 3646 4629">
     <span class='ocr_line' id='line_1_104' title="bbox 2051 4560 3646 4629; baseline -0.003 -13"><span class='ocrx_word' id='word_1_796' title='bbox 2051 4578 2216 4629; x_wconf 85' lang='lat' dir='ltr'><strong>quere</strong></span> <span class='ocrx_word' id='word_1_797' title='bbox 2243 4562 2448 4629; x_wconf 86' lang='lat' dir='ltr'><strong>maluit,</strong></span> <span class='ocrx_word' id='word_1_798' title='bbox 2482 4563 2611 4616; x_wconf 87' lang='lat' dir='ltr'><strong>satis</strong></span> <span class='ocrx_word' id='word_1_799' title='bbox 2641 4578 2761 4617; x_wconf 88' lang='lat' dir='ltr'><strong>esse</strong></span> <span class='ocrx_word' id='word_1_800' title='bbox 2789 4572 2936 4620; x_wconf 89' lang='lat' dir='ltr'><strong>ratus</strong></span> <span class='ocrx_word' id='word_1_801' title='bbox 2978 4561 3176 4624; x_wconf 88' lang='lat' dir='ltr'><strong>dicere,</strong></span> <span class='ocrx_word' id='word_1_802' title='bbox 3208 4569 3370 4629; x_wconf 90' lang='lat' dir='ltr'><strong>caput</strong></span> <span class='ocrx_word' id='word_1_803' title='bbox 3401 4560 3502 4614; x_wconf 87' lang='lat' dir='ltr'><strong>hoc</strong></span> <span class='ocrx_word' id='word_1_804' title='bbox 3542 4575 3646 4612; x_wconf 83' lang='lat' dir='ltr'><strong>un~</strong></span> 
     </span>
    </p>
   </div>
   <div class='ocr_carea' id='block_1_105' title="bbox 2053 4654 3650 4724">
    <p class='ocr_par' dir='ltr' id='par_1_105' title="bbox 2053 4654 3650 4724">
     <span class='ocr_line' id='line_1_105' title="bbox 2053 4654 3650 4724; baseline -0.001 -14"><span class='ocrx_word' id='word_1_805' title='bbox 2053 4656 2317 4710; x_wconf 89' lang='lat' dir='ltr'><strong>decimum</strong></span> <span class='ocrx_word' id='word_1_806' title='bbox 2353 4654 2631 4724; x_wconf 85' lang='lat' dir='ltr'><strong>majorem,</strong></span> <span class='ocrx_word' id='word_1_807' title='bbox 2674 4670 2831 4724; x_wconf 91' lang='lat' dir='ltr'><strong>quam</strong></span> <span class='ocrx_word' id='word_1_808' title='bbox 2862 4666 3055 4709; x_wconf 60' lang='lat' dir='ltr'><strong>caetera</strong></span> <span class='ocrx_word' id='word_1_809' title='bbox 3084 4670 3202 4722; x_wconf 78' lang='lat' dir='ltr'><strong>quae</strong></span> <span class='ocrx_word' id='word_1_810' title='bbox 3233 4657 3281 4706; x_wconf 89' lang='lat' dir='ltr'><strong>in</strong></span> <span class='ocrx_word' id='word_1_811' title='bbox 3332 4654 3650 4709; x_wconf 87' lang='lat' dir='ltr'><strong>Gorbeiensi</strong></span> 
     </span>
    </p>
   </div>
   <div class='ocr_carea' id='block_1_106' title="bbox 2051 4745 3647 4815">
    <p class='ocr_par' dir='ltr' id='par_1_106' title="bbox 2051 4745 3647 4815">
     <span class='ocr_line' id='line_1_106' title="bbox 2051 4745 3647 4815; baseline -0.001 -17"><span class='ocrx_word' id='word_1_812' title='bbox 2051 4747 2263 4808; x_wconf 77' lang='lat' dir='ltr'><strong>desunt,</strong></span> <span class='ocrx_word' id='word_1_813' title='bbox 2301 4745 2457 4798; x_wconf 88' lang='lat' dir='ltr'><strong>fidem</strong></span> <span class='ocrx_word' id='word_1_814' title='bbox 2500 4746 2818 4814; x_wconf 82' lang='lat' dir='ltr'><strong>promereri,</strong></span> <span class='ocrx_word' id='word_1_815' title='bbox 2853 4763 2968 4799; x_wconf 87' lang='lat' dir='ltr'><strong>cum</strong></span> <span class='ocrx_word' id='word_1_816' title='bbox 3009 4747 3196 4809; x_wconf 87' lang='lat' dir='ltr'><strong>desint,</strong></span> <span class='ocrx_word' id='word_1_817' title='bbox 3231 4746 3434 4815; x_wconf 87' lang='lat' dir='ltr'><strong>inqttit,</strong></span> <span class='ocrx_word' id='word_1_818' title='bbox 3486 4762 3647 4814; x_wconf 77' lang='lat' dir='ltr'><strong>argu-</strong></span> 
     </span>
    </p>
   </div>
   <div class='ocr_carea' id='block_1_107' title="bbox 2050 4837 3648 4908">
    <p class='ocr_par' dir='ltr' id='par_1_107' title="bbox 2050 4837 3648 4908">
     <span class='ocr_line' id='line_1_107' title="bbox 2050 4837 3648 4908; baseline -0.001 -17"><span class='ocrx_word' id='word_1_819' title='bbox 2050 4848 2219 4892; x_wconf 86' lang='lat' dir='ltr'><strong>menta</strong></span> <span class='ocrx_word' id='word_1_820' title='bbox 2247 4838 2429 4908; x_wconf 82' lang='lat' dir='ltr'><strong>quibus</strong></span> <span class='ocrx_word' id='word_1_821' title='bbox 2455 4839 2712 4904; x_wconf 85' lang='lat' dir='ltr'><strong>probetur,</strong></span> <span class='ocrx_word' id='word_1_822' title='bbox 2756 4848 2842 4892; x_wconf 84' lang='lat' dir='ltr'><strong>aut</strong></span> <span class='ocrx_word' id='word_1_823' title='bbox 2870 4837 3200 4906; x_wconf 77' lang='lat' dir='ltr'><strong>improbetur.</strong></span> <span class='ocrx_word' id='word_1_824' title='bbox 3237 4841 3306 4893; x_wconf 83' lang='lat' dir='ltr'><strong>At</strong></span> <span class='ocrx_word' id='word_1_825' title='bbox 3329 4842 3371 4892; x_wconf 91' lang='lat' dir='ltr'><strong>si</strong></span> <span class='ocrx_word' id='word_1_826' title='bbox 3408 4840 3522 4893; x_wconf 65' lang='lat' dir='ltr'><strong>haec</strong></span> <span class='ocrx_word' id='word_1_827' title='bbox 3549 4838 3648 4890; x_wconf 88' lang='lat' dir='ltr'><strong>viri</strong></span> 
     </span>
    </p>
   </div>
   <div class='ocr_carea' id='block_1_108' title="bbox 2053 4931 3644 4998">
    <p class='ocr_par' dir='ltr' id='par_1_108' title="bbox 2053 4931 3644 4998">
     <span class='ocr_line' id='line_1_108' title="bbox 2053 4931 3644 4998; baseline -0.004 -11"><span class='ocrx_word' id='word_1_828' title='bbox 2053 4933 2246 4987; x_wconf 89' lang='lat' dir='ltr'><strong>eruditi</strong></span> <span class='ocrx_word' id='word_1_829' title='bbox 2281 4933 2442 4986; x_wconf 87' lang='lat' dir='ltr'><strong>verba</strong></span> <span class='ocrx_word' id='word_1_830' title='bbox 2466 4932 2836 4998; x_wconf 84' lang='lat' dir='ltr'><strong>admittantur,</strong></span> <span class='ocrx_word' id='word_1_831' title='bbox 2881 4947 3132 4987; x_wconf 85' lang='lat' dir='ltr'><strong>corruere</strong></span> <span class='ocrx_word' id='word_1_832' title='bbox 3165 4947 3389 4988; x_wconf 89' lang='lat' dir='ltr'><strong>necesse</strong></span> <span class='ocrx_word' id='word_1_833' title='bbox 3420 4939 3502 4985; x_wconf 90' lang='lat' dir='ltr'><strong>est</strong></span> <span class='ocrx_word' id='word_1_834' title='bbox 3531 4931 3644 4995; x_wconf 90' lang='lat' dir='ltr'><strong>illa,</strong></span> 
     </span>
    </p>
   </div>
   <div class='ocr_carea' id='block_1_109' title="bbox 2048 5024 3642 5097">
    <p class='ocr_par' dir='ltr' id='par_1_109' title="bbox 2048 5024 3642 5097">
     <span class='ocr_line' id='line_1_109' title="bbox 2048 5024 3642 5097; baseline -0.001 -18"><span class='ocrx_word' id='word_1_835' title='bbox 2048 5039 2167 5093; x_wconf 76' lang='lat' dir='ltr'><strong>qum</strong></span> <span class='ocrx_word' id='word_1_836' title='bbox 2195 5024 2327 5079; x_wconf 86' lang='lat' dir='ltr'><strong>alias</strong></span> <span class='ocrx_word' id='word_1_837' title='bbox 2357 5027 2565 5080; x_wconf 91' lang='lat' dir='ltr'><strong>censuit</strong></span> <span class='ocrx_word' id='word_1_838' title='bbox 2596 5025 2922 5081; x_wconf 86' lang='lat' dir='ltr'><strong>validissima</strong></span> <span class='ocrx_word' id='word_1_839' title='bbox 2969 5038 3282 5097; x_wconf 85' lang='lat' dir='ltr'><strong>argumenta</strong></span> <span class='ocrx_word' id='word_1_840' title='bbox 3312 5027 3376 5079; x_wconf 87' lang='lat' dir='ltr'><strong>ad</strong></span> <span class='ocrx_word' id='word_1_841' title='bbox 3406 5025 3642 5095; x_wconf 89' lang='lat' dir='ltr'><strong>proban-</strong></span> 
     </span>
    </p>
   </div>
   <div class='ocr_carea' id='block_1_110' title="bbox 2046 5117 3644 5189">
    <p class='ocr_par' dir='ltr' id='par_1_110' title="bbox 2046 5117 3644 5189">
     <span class='ocr_line' id='line_1_110' title="bbox 2046 5117 3644 5189; baseline 0 -18"><span class='ocrx_word' id='word_1_842' title='bbox 2046 5117 2168 5171; x_wconf 89' lang='lat' dir='ltr'><strong>dam</strong></span> <span class='ocrx_word' id='word_1_843' title='bbox 2198 5120 2486 5172; x_wconf 89' lang='lat' dir='ltr'><strong>multorum</strong></span> <span class='ocrx_word' id='word_1_844' title='bbox 2516 5120 2748 5187; x_wconf 91' lang='lat' dir='ltr'><strong>capitum</strong></span> <span class='ocrx_word' id='word_1_845' title='bbox 2776 5121 2826 5174; x_wconf 92' lang='lat' dir='ltr'><strong>in</strong></span> <span class='ocrx_word' id='word_1_846' title='bbox 2857 5118 3096 5189; x_wconf 85' lang='lat' dir='ltr'><strong>Gregorii</strong></span> <span class='ocrx_word' id='word_1_847' title='bbox 3131 5119 3358 5174; x_wconf 65' lang='lat' dir='ltr'><strong>llistoria</strong></span> <span class='ocrx_word' id='word_1_848' title='bbox 3404 5119 3644 5187; x_wconf 91' lang='lat' dir='ltr'><strong>interpo-</strong></span> 
     </span>
    </p>
   </div>
   <div class='ocr_carea' id='block_1_111' title="bbox 2026 5210 3642 5282">
    <p class='ocr_par' dir='ltr' id='par_1_111' title="bbox 2026 5210 3642 5282">
     <span class='ocr_line' id='line_1_111' title="bbox 2026 5210 3642 5282; baseline 0.001 -20"><span class='ocrx_word' id='word_1_849' title='bbox 2026 5211 2321 5275; x_wconf 90' lang='lat' dir='ltr'><strong>-lationem,</strong></span> <span class='ocrx_word' id='word_1_850' title='bbox 2347 5211 2589 5266; x_wconf 90' lang='lat' dir='ltr'><strong>codicum</strong></span> <span class='ocrx_word' id='word_1_851' title='bbox 2624 5214 2830 5268; x_wconf 91' lang='lat' dir='ltr'><strong>scilicet</strong></span> <span class='ocrx_word' id='word_1_852' title='bbox 2867 5210 3349 5282; x_wconf 87' lang='lat' dir='ltr'><strong>manuscriptorum</strong></span> <span class='ocrx_word' id='word_1_853' title='bbox 3379 5210 3559 5266; x_wconf 80' lang='lat' dir='ltr'><strong>fidem.</strong></span> <span class='ocrx_word' id='word_1_854' title='bbox 3585 5211 3642 5266; x_wconf 93' lang='lat' dir='ltr'><strong>Si</strong></span> 
     </span>
    </p>
   </div>
   <div class='ocr_carea' id='block_1_112' title="bbox 2046 5303 3645 5374">
    <p class='ocr_par' dir='ltr' id='par_1_112' title="bbox 2046 5303 3645 5374">
     <span class='ocr_line' id='line_1_112' title="bbox 2046 5303 3645 5374; baseline 0 -16"><span class='ocrx_word' id='word_1_855' title='bbox 2046 5303 2262 5374; x_wconf 87' lang='lat' dir='ltr'><strong>quidem</strong></span> <span class='ocrx_word' id='word_1_856' title='bbox 2291 5305 2444 5360; x_wconf 89' lang='lat' dir='ltr'><strong>allata</strong></span> <span class='ocrx_word' id='word_1_857' title='bbox 2496 5305 2620 5360; x_wconf 89' lang='lat' dir='ltr'><strong>licet</strong></span> <span class='ocrx_word' id='word_1_858' title='bbox 2662 5307 3002 5362; x_wconf 87' lang='lat' dir='ltr'><strong>Corbciensis</strong></span> <span class='ocrx_word' id='word_1_859' title='bbox 3046 5315 3098 5359; x_wconf 92' lang='lat' dir='ltr'><strong>et</strong></span> <span class='ocrx_word' id='word_1_860' title='bbox 3148 5304 3371 5359; x_wconf 91' lang='lat' dir='ltr'><strong>alterius</strong></span> <span class='ocrx_word' id='word_1_861' title='bbox 3418 5303 3645 5369; x_wconf 87' lang='lat' dir='ltr'><strong>codicis,</strong></span> 
     </span>
    </p>
   </div>
   <div class='ocr_carea' id='block_1_113' title="bbox 2047 5398 3648 5469">
    <p class='ocr_par' dir='ltr' id='par_1_113' title="bbox 2047 5398 3648 5469">
     <span class='ocr_line' id='line_1_113' title="bbox 2047 5398 3648 5469; baseline 0 -17"><span class='ocrx_word' id='word_1_862' title='bbox 2047 5398 2214 5452; x_wconf 92' lang='lat' dir='ltr'><strong>immo</strong></span> <span class='ocrx_word' id='word_1_863' title='bbox 2246 5407 2298 5452; x_wconf 88' lang='lat' dir='ltr'><strong>et</strong></span> <span class='ocrx_word' id='word_1_864' title='bbox 2329 5399 2494 5468; x_wconf 91' lang='lat' dir='ltr'><strong>ipsius</strong></span> <span class='ocrx_word' id='word_1_865' title='bbox 2523 5399 2827 5469; x_wconf 84' lang='lat' dir='ltr'><strong>Fredegarii</strong></span> <span class='ocrx_word' id='word_1_866' title='bbox 2858 5399 3198 5466; x_wconf 86' lang='lat' dir='ltr'><strong>auctoritate,</strong></span> <span class='ocrx_word' id='word_1_867' title='bbox 3253 5401 3444 5457; x_wconf 86' lang='lat' dir='ltr'><strong>deesse</strong></span> <span class='ocrx_word' id='word_1_868' title='bbox 3489 5414 3648 5454; x_wconf 72' lang='lat' dir='ltr'><strong>arsu-</strong></span> 
     </span>
    </p>
   </div>
   <div class='ocr_carea' id='block_1_114' title="bbox 2047 5489 3648 5560">
    <p class='ocr_par' dir='ltr' id='par_1_114' title="bbox 2047 5489 3648 5560">
     <span class='ocr_line' id='line_1_114' title="bbox 2047 5489 3648 5560; baseline 0 -18"><span class='ocrx_word' id='word_1_869' title='bbox 2047 5499 2221 5544; x_wconf 76' lang='lat' dir='ltr'><strong>menta</strong></span> <span class='ocrx_word' id='word_1_870' title='bbox 2255 5490 2567 5555; x_wconf 74' lang='lat' dir='ltr'><strong>res,mndet,</strong></span> <span class='ocrx_word' id='word_1_871' title='bbox 2594 5493 2788 5560; x_wconf 85' lang='lat' dir='ltr'><strong>quibus</strong></span> <span class='ocrx_word' id='word_1_872' title='bbox 2818 5501 2907 5545; x_wconf 89' lang='lat' dir='ltr'><strong>aut</strong></span> <span class='ocrx_word' id='word_1_873' title='bbox 2937 5492 3193 5560; x_wconf 89' lang='lat' dir='ltr'><strong>probetur</strong></span> <span class='ocrx_word' id='word_1_874' title='bbox 3236 5501 3329 5545; x_wconf 89' lang='lat' dir='ltr'><strong>aut</strong></span> <span class='ocrx_word' id='word_1_875' title='bbox 3377 5489 3648 5558; x_wconf 81' lang='lat' dir='ltr'><strong>improbe-</strong></span> 
     </span>
    </p>
   </div>
   <div class='ocr_carea' id='block_1_115' title="bbox 2045 5580 3641 5639">
    <p class='ocr_par' dir='ltr' id='par_1_115' title="bbox 2045 5580 3641 5639">
     <span class='ocr_line' id='line_1_115' title="bbox 2045 5580 3641 5639; baseline -0.003 -5"><span class='ocrx_word' id='word_1_876' title='bbox 2045 5591 2131 5634; x_wconf 89' lang='lat' dir='ltr'><strong>tur</strong></span> <span class='ocrx_word' id='word_1_877' title='bbox 2178 5583 2320 5636; x_wconf 92' lang='lat' dir='ltr'><strong>illius</strong></span> <span class='ocrx_word' id='word_1_878' title='bbox 2351 5583 2448 5637; x_wconf 91' lang='lat' dir='ltr'><strong>loci</strong></span> <span class='ocrx_word' id='word_1_879' title='bbox 2482 5585 2791 5638; x_wconf 86' lang='lat' dir='ltr'><strong>auctoritas.</strong></span> <span class='ocrx_word' id='word_1_880' title='bbox 2845 5583 2996 5637; x_wconf 87' lang='lat' dir='ltr'><strong>Haud</strong></span> <span class='ocrx_word' id='word_1_881' title='bbox 3047 5585 3220 5639; x_wconf 92' lang='lat' dir='ltr'><strong>minus</strong></span> <span class='ocrx_word' id='word_1_882' title='bbox 3264 5585 3363 5638; x_wconf 91' lang='lat' dir='ltr'><strong>sibi</strong></span> <span class='ocrx_word' id='word_1_883' title='bbox 3417 5580 3641 5636; x_wconf 79' lang='lat' dir='ltr'><strong>invicem</strong></span> 
     </span>
    </p>
   </div>
   <div class='ocr_carea' id='block_1_116' title="bbox 2043 5674 3640 5749">
    <p class='ocr_par' dir='ltr' id='par_1_116' title="bbox 2043 5674 3640 5749">
     <span class='ocr_line' id='line_1_116' title="bbox 2043 5674 3640 5749; baseline -0.001 -21"><span class='ocrx_word' id='word_1_884' title='bbox 2043 5674 2317 5731; x_wconf 80' lang='lat' dir='ltr'><strong>coluerent</strong></span> <span class='ocrx_word' id='word_1_885' title='bbox 2345 5679 2515 5746; x_wconf 86' lang='lat' dir='ltr'><strong>capita</strong></span> <span class='ocrx_word' id='word_1_886' title='bbox 2550 5679 2880 5748; x_wconf 86' lang='lat' dir='ltr'><strong>trigesimum</strong></span> <span class='ocrx_word' id='word_1_887' title='bbox 2912 5688 3163 5749; x_wconf 90' lang='lat' dir='ltr'><strong>quartum</strong></span> <span class='ocrx_word' id='word_1_888' title='bbox 3207 5686 3261 5732; x_wconf 91' lang='lat' dir='ltr'><strong>et</strong></span> <span class='ocrx_word' id='word_1_889' title='bbox 3306 5676 3640 5747; x_wconf 85' lang='lat' dir='ltr'><strong>trigesimum</strong></span> 
     </span>
    </p>
   </div>
   <div class='ocr_carea' id='block_1_117' title="bbox 2042 5769 3635 5844">
    <p class='ocr_par' dir='ltr' id='par_1_117' title="bbox 2042 5769 3635 5844">
     <span class='ocr_line' id='line_1_117' title="bbox 2042 5769 3635 5844; baseline -0.001 -19"><span class='ocrx_word' id='word_1_890' title='bbox 2042 5774 2285 5842; x_wconf 87' lang='lat' dir='ltr'><strong>quintum</strong></span> <span class='ocrx_word' id='word_1_891' title='bbox 2317 5775 2558 5838; x_wconf 81' lang='lat' dir='ltr'><strong>ejusdem</strong></span> <span class='ocrx_word' id='word_1_892' title='bbox 2594 5775 2736 5838; x_wconf 82' lang='lat' dir='ltr'><strong>libri,</strong></span> <span class='ocrx_word' id='word_1_893' title='bbox 2768 5775 2819 5828; x_wconf 92' lang='lat' dir='ltr'><strong>in</strong></span> <span class='ocrx_word' id='word_1_894' title='bbox 2853 5789 3079 5844; x_wconf 88' lang='lat' dir='ltr'><strong>quorum</strong></span> <span class='ocrx_word' id='word_1_895' title='bbox 3110 5775 3271 5844; x_wconf 83' lang='lat' dir='ltr'><strong>priori</strong></span> <span class='ocrx_word' id='word_1_896' title='bbox 3299 5785 3440 5825; x_wconf 83' lang='lat' dir='ltr'><strong>mors</strong></span> <span class='ocrx_word' id='word_1_897' title='bbox 3472 5769 3635 5824; x_wconf 75' lang='lat' dir='ltr'><strong>unius</strong></span> 
     </span>
    </p>
   </div>
  </div>
