4086 6328
474 286 546 342 79
1934 281 2321 341 Pit/EFATIO.
3696 291 3770 351 εο

466 403 760 474 Chilperici
782 403 921 473 regis
947 400 1037 456 filii
1059 398 1399 462 describitur,
1426 395 1563 468 quod
1588 403 1671 451 est
1699 395 1922 452 alterius
1947 398 2063 453 fun-
2088 405 2141 464 Α
2170 403 2465 468 Michaelis,
2495 400 2663 457 multo
2712 402 3065 465 antiquiorem
3116 412 3171 461 et
3218 405 3459 463 melioris
3500 414 3663 474 notae,
3713 411 3771 467 in

467 499 800 564 damentum,
834 504 892 551 ut
938 505 1060 566 pote
1101 497 1176 549 sic
1225 493 1523 561 incipiens:
1554 490 1694 544 Dum
1734 500 1906 545 autem
1950 494 2059 546 [two

467 600 759 663 agerentur,
784 588 1054 642 nuntiatur
1077 586 1265 656 regina:
1302 597 1513 654 puerum
1542 582 1629 651 qui
1668 591 1897 636 mortuus
1943 584 2057 652 fue-

464 692 572 749 rat,
604 692 711 737 etc.
759 681 825 735 Et
874 689 1051 735 tamen
1098 681 1325 748 primum
1373 690 1404 730 a
1444 675 1741 731 Cointianis
1786 676 2059 732 codicibus

466 777 640 843 abest,
668 776 758 847 qui
789 777 989 832 habent
1029 775 1274 829 alterum.
1308 771 1540 840 Majores
1569 770 1742 827 adhuc
1780 771 1833 827 in
1862 786 2060 842 angus-

466 873 569 929 tias
595 871 864 927 Cointium
906 872 1109 939 redegit
1150 876 1312 936 caput
1340 865 1407 921 15
1438 856 1679 937 ejusdem
1730 867 1855 922 libri
1901 868 2056 931 sexti,

464 965 608 1036 quod
640 982 760 1021 cum
785 964 961 1034 capite
988 962 1233 1031 sequenti
1262 961 1335 1015 ita
1366 960 1711 1031 conjunctum
1739 976 1860 1017 esse
1880 962 1974 1025 ait,
2003 968 2061 1015 ut

462 1074 527 1117 ea
558 1060 774 1115 vinculo
799 1056 1139 1112 indissolubiti
1164 1070 1284 1111 esse
1312 1071 1551 1110 connexa
1586 1055 1847 1121 fateatur;
1893 1066 1947 1111 et
1976 1064 2060 1111 ta-

462 1165 587 1206 men
618 1150 779 1215 priori
810 1146 1011 1202 omisso
1037 1147 1264 1200 alterum
1299 1145 1497 1199 habent
1525 1145 1791 1199 Cointiani
1821 1145 2059 1200 codices.

462 1244 640 1313 Quare
665 1241 753 1297 ille
778 1240 1033 1295 audacior
1057 1238 1314 1293 adversus
1343 1239 1557 1293 codices
1603 1254 1731 1325 suqs
1778 1238 1947 1294 factus
1993 1236 2060 1293 ad

460 1351 656 1392 annum
682 1333 813 1401 582,
842 1348 1068 1389 numero
1096 1333 1153 1401 4,
1184 1348 1369 1387 eorum
1403 1332 1776 1390 auctoritatem
1822 1333 1888 1388 ad
1928 1334 2059 1403 reji-

458 1427 642 1484 cienda
674 1427 879 1498 aliquot
908 1425 1144 1495 capitula
1190 1427 1473 1479 maximam
1507 1441 1629 1480 esse
1677 1426 1939 1491 admittit,
1996 1425 2063 1482 ad

456 1518 735 1576 retinenda
761 1533 887 1573 vero
917 1533 1021 1572 non
1043 1532 1163 1573 esse
1187 1519 1316 1571 tanti
1340 1518 1609 1587 ponderis.
1630 1519 1863 1573 Alterum
1880 1528 2054 1589 caput,

454 1614 649 1685 inquit,
682 1613 887 1668 scilicet
918 1613 982 1668 16
1002 1652 1017 1678 ,
1049 1613 1280 1682 quamvis
1311 1614 1363 1665 in
1408 1613 1665 1667 codicibus
1698 1612 1985 1668 Corbeicnsi
2016 1623 2063 1669 et

456 1707 701 1762 Mettensi
725 1706 992 1772 habeatur,
1018 1707 1216 1759 videtur
1238 1722 1345 1760 esse
1375 1706 1666 1773 insititium,
1694 1708 1816 1778 quia
1845 1724 2060 1762 cumsu-

2164 512 2270 565 quo
2301 496 2479 551 omnia
2510 496 2729 551 omnino
2756 498 2951 565 capita,
2992 506 3049 552 ut
3075 498 3275 553 habent
3300 500 3451 567 editi,
3478 504 3767 558 continen-

2164 598 2271 644 tur.
2306 591 2371 643 At
2400 589 2503 655 hic,
2539 590 2710 660 inquit
2731 590 2990 656 Cointius,
3016 592 3209 659 codex,
3241 592 3308 648 de
3337 592 3659 650 Michaelino
3688 596 3762 649 lo-

2161 697 2354 753 quens,
2385 683 2603 738 easdem
2634 698 2852 752 prorsus
2883 699 2970 739 res
3000 693 3181 740 narrat
3218 701 3279 740 ac
3329 685 3478 750 editi,
3516 688 3766 756 proinde-

2163 793 2267 847 que
2299 792 2406 832 non
2428 776 2730 833 conducere
2754 786 2929 846 potest
2948 778 3013 831 ad
3039 778 3477 849 interpolationes
3505 779 3764 849 detegen—

2163 869 2278 925 das.
2305 870 2414 925 Sed
2444 872 2696 942 supponit
2719 872 2800 926 his
2823 872 3004 927 verbis
3030 876 3111 928 vir
3132 874 3376 928 eruditus
3398 873 3537 944 quod
3564 874 3614 929 ei
3641 890 3767 944 pro-

2165 964 2396 1020 bandum
2429 966 2902 1021 incumbebat.'lta
2933 967 3071 1022 enim
3103 968 3340 1038 loquitur
3371 970 3521 1036 quasi
3552 979 3762 1025 certum

2166 1056 2353 1114 fuisset
2384 1060 2551 1113 multa
2581 1076 2699 1115 esse
2730 1060 2783 1115 in
2816 1060 3017 1115 ultimis
3045 1059 3285 1132 Gregorii
3321 1061 3475 1116 libris
3523 1061 3765 1130 interpo-

2164 1150 2267 1205 lata
2302 1168 2317 1205 :
2351 1152 2534 1207 ethoc
2580 1153 2751 1219 ipsum
2783 1154 2873 1207 est
2894 1153 2961 1207 de
3005 1168 3111 1223 quo
3158 1152 3497 1221 inquirimus,
3550 1163 3603 1208 et
3648 1153 3765 1224 ipse

2164 1243 2377 1299 volebat
2402 1243 2691 1312 inquirere.
2716 1242 2831 1298 Jam
2863 1259 2990 1300 vero
3020 1244 3063 1299 si
3089 1245 3209 1315 quis
3239 1246 3381 1300 scire
3427 1246 3573 1345 et?“
3617 1261 3765 1315 qua:-

2165 1353 2288 1393 nam
2320 1338 2529 1393 censeri
2564 1338 2757 1393 debeat
2785 1338 3061 1406 utriusque
3106 1337 3305 1393 codicis
3333 1337 3643 1404 auctoritas,
3677 1340 3767 1395 vel

2164 1430 2283 1500 quis
2313 1446 2343 1485 e
2372 1429 2579 1485 duobus
2608 1429 2680 1484 sit
2708 1430 2863 1485 alteri
2896 1428 3283 1500 praeferendus,
3313 1429 3363 1485 id
3390 1446 3454 1485 ex
3485 1430 3753 1501 ipsorum-

2165 1536 2275 1583 met
2300 1526 2544 1582 codicum
2572 1526 2879 1582 conditione
2906 1526 3253 1594 judicandum
3282 1535 3383 1581 est.
3418 1526 3597 1581 Codex
3629 1527 3762 1581 Met-

2167 1620 2357 1685 tensis,
2390 1630 2446 1674 ut
2473 1636 2583 1690 jam
2632 1620 3057 1685 observavimus,
3105 1634 3170 1673 ex
3224 1618 3505 1687 scriptoris
3558 1618 3763 1675 incuria

2166 1728 2385 1769 mancus
2415 1722 2468 1767 et
2519 1713 2887 1782 imperfectus,
2918 1712 3103 1767 decem
3152 1711 3321 1767 libros
3366 1712 3761 1782 complectitur,

454 1802 673 1874 periore,
696 1800 834 1871 quod
854 1800 1056 1853 admitti
1067 1815 1172 1853 non
1200 1808 1383 1867 potest,
1402 1799 1684 1854 arctissime
1704 1802 2053 1871 conjungitur.
2088 1790 2137 1851 Β
2164 1822 2298 1873 quos
2326 1805 2589 1876 Gregorio
2617 1806 2863 1860 attribuit
2892 1824 2903 1859 :
2937 1806 3029 1861 sed
3063 1806 3266 1876 aliquot
3296 1805 3494 1861 sinceri
3516 1805 3761 1875 Gregorii

454 1897 634 1964 Quare
660 1904 838 1950 autem
859 1896 1106 1964 superius
1134 1894 1345 1947 admitti
1371 1908 1475 1947 non
1512 1894 1697 1962 possit,
1732 1909 1837 1949 uno
1882 1896 2048 1951 verbo

454 1990 695 2058 exponit,
725 1987 868 2059 quod
898 2002 1091 2056 nempe
1120 1986 1351 2041 Felicem
1384 1987 1720 2057 episcopum,
1772 1988 1924 2058 falso,
1977 1989 2051 2043 uti

454 2082 726 2153 conjicere
767 2092 871 2148 est,
923 2082 1209 2151 vituperet.
1243 2080 1448 2146 Quibus
1486 2081 1661 2136 verbis
1694 2097 1909 2136 omnem
1942 2084 2051 2138 suis

452 2178 728 2234 codicibus
756 2176 1129 2232 auctoritatem
1158 2174 1369 2240 adimit,
1400 2174 1561 2231 etiam
1594 2175 1925 2239 Corbeiensi,
1956 2176 2047 2247 qui

450 2270 591 2326 sicut
620 2279 674 2324 et
702 2270 903 2338 caeteri,
938 2268 1057 2337 ipso
1086 2267 1388 2322 affirmante
1418 2267 1653 2332 Cointio,
1700 2267 1904 2321 fabulas
1951 2269 2047 2321 ad-

449 2361 614 2429 misit,
643 2372 697 2418 et
725 2361 1022 2416 calumnias
1053 2360 1311 2414 adversus
1342 2359 1674 2427 episc0pum,
1703 2375 1823 2429 quae
1853 2360 1963 2413 sola
1996 2360 2048 2414 ei

449 2454 717 2525 superfuit
766 2454 1080 2523 detegendae
1134 2451 1562 2521 iuterpolationis
1605 2450 1837 2507 occasio.
1897 2451 2049 2507 Unde

449 2551 645 2606 mirum
675 2563 781 2603 non
813 2556 895 2603 est
924 2548 965 2600 si
1001 2548 1139 2601 idem
1168 2546 1409 2601 Cointius
1437 2546 1545 2599 alio
1575 2546 1626 2601 in
1658 2546 1777 2600 loco
1798 2545 1867 2599 de
1889 2544 2049 2599 chro-

448 2643 712 2712 nologicis
752 2639 1267 2711 computationibus,
1319 2653 1441 2708 quas
1484 2637 1537 2692 in
1587 2639 1692 2693 fine
1720 2636 1841 2691 libri
1869 2636 2050 2707 quarti

448 2734 792 2805 Gregorianze
828 2732 1075 2786 Historia:
1104 2730 1387 2794 habentur,
1417 2744 1603 2800 agens,
1636 2744 1729 2785 eas
1757 2730 1920 2799 plane
1961 2743 2049 2784 re-

444 2826 614 2899 jiciat,
657 2825 819 2882 veluti
859 2823 1117 2893 Gregorio
1168 2823 1437 2877 immerito
1480 2822 1764 2891 ascriptas,
1821 2822 1943 2878 licet
1992 2822 2045 2876 in

443 2921 693 2976 omnibus
718 2919 936 2975 omnino
963 2918 1258 2981 codicibus,
1288 2931 1410 2971 cum
1442 2915 1602 2971 editis
1643 2923 1754 2969 tum
1806 2916 2041 2984 scriptis,

443 3012 606 3069 etiam
635 3011 947 3068 Corbeiensi
971 3020 1025 3065 et
1047 3010 1435 3074 Bellovacensi,
1463 3007 1554 3077 qui
1585 3007 1744 3077 paulo
1766 3017 1885 3077 post
1910 3006 2045 3062 Gre-

442 3106 573 3176 gorii
608 3105 781 3161 nostri
808 3112 1020 3159 aetatem
1053 3100 1255 3158 exarati
1282 3109 1436 3167 sunt,
1469 3100 1789 3155 habeantur.
1819 3099 2039 3155 Frustra

2158 1899 2332 1968 capita
2361 1915 2424 1953 ex
2457 1898 2609 1953 libris
2640 1914 2781 1954 nono
2811 1912 2861 1953 et
2894 1899 3106 1954 decimo
3138 1901 3188 1951 in
3222 1914 3387 1953 unum
3417 1900 3758 1953 consarciuat

2157 1990 2375 2054 librum,
2402 2006 2559 2059 quem
2585 2004 2783 2044 nonum
2803 1990 3055 2059 appellat,
3084 1988 3423 2044 utChronico
3443 1988 3751 2056 Fredegar-

2156 2082 2247 2137 det
2277 2082 2453 2137 locum
2490 2082 2630 2136 inter
2663 2082 2909 2151 Gregorii
2936 2096 3121 2151 opera,
3149 2082 3290 2151 quod
3321 2081 3419 2134 sub
3450 2081 3643 2135 decimi
3690 2080 3755 2134 li-

2154 2176 2234 2230 bri
2271 2175 2425 2228 titulo
2476 2175 2673 2244 posuit.
2708 2174 2989 2231 Librorum
3031 2173 3194 2227 initiis
3239 2173 3290 2228 in
3340 2174 3529 2227 eodem
3573 2172 3759 2229 codice

2154 2284 2541 2337 nonnunquam
2573 2267 2929 2336 capitulorum
2960 2267 3165 2321 indices
3213 2266 3628 2334 przcmittuntur,
3662 2264 3755 2320 sed

2152 2357 2222 2411 ita
2256 2357 2458 2425 vitiosi,
2494 2367 2550 2410 ut
2580 2357 2847 2427 capitibus
2896 2356 3025 2426 ipsis
3074 2356 3128 2410 in
3177 2356 3315 2411 libro
3366 2357 3650 2424 descriptis
3701 2365 3756 2410 ut

2153 2448 2442 2519 plurimum
2469 2464 2575 2504 non
2595 2457 2925 2518 congruant;
2945 2465 3010 2502 ex
3032 2449 3112 2502 bis
3135 2450 3386 2503 nonnulla
3413 2434 3757 2516 omittuntur,

2152 2541 2321 2610 aliajin
2347 2540 2497 2610 plura
2518 2540 2848 2608 dividuntur,
2874 2556 3255 2611 nonnunquam
3282 2540 3513 2610 denique
3536 2554 3758 2596 contra-

2154 2633 2355 2688 huntur
2383 2634 2490 2689 duo
2518 2634 2573 2687 in
2606 2649 2791 2688 unum.
2826 2633 2971 2687 Idem
2999 2632 3166 2687 codex
3203 2634 3363 2687 habet
3390 2643 3551 2701 caput
3582 2634 3754 2703 septi-

2152 2743 2298 2783 mum
2330 2727 2453 2783 libri
2480 2744 2533 2796 x,
2565 2727 2707 2798 quod
2738 2736 2794 2782 ut
2818 2727 2872 2781 in
2903 2727 3059 2782 editis
3091 2726 3171 2783 sic
3200 2728 3418 2782 inchoat
3448 2745 3462 2782 :
3498 2728 3567 2782 In
3596 2746 3757 2800 supra

2152 2825 2292 2879 dicta
2319 2825 2541 2893 civitate,
2570 2824 2775 2879 scilicet
2821 2828 3079 2889 Arverna,
3129 2822 3195 2877 de
3244 2836 3345 2893 qua
3396 2832 3573 2879 tamen
3622 2822 3757 2879 urbe

2151 2919 2283 2974 nihil
2316 2918 2496 2979 habet.
2522 2919 2736 2974 omissis
2768 2917 3031 2987 capitibus
3060 2916 3269 2973 duobus
3301 2918 3754 2986 praecedentibus,

2151 3027 2269 3081 quae
2301 3011 2528 3080 proinde
2558 3026 2620 3066 ex
2656 3009 2772 3065 aliis
2824 3009 3223 3079 exemplaribus
3270 3010 3568 3079 supplenda
3607 3019 3752 3065 sunt.

2149 3101 2330 3159 Codex
2367 3113 2546 3160 autem
2575 3104 2743 3159 sancti
2793 3103 3069 3158 Michaelis
3118 3102 3271 3158 initio
3313 3103 3526 3173 quidem
3580 3114 3751 3169 caret,

444 3198 627 3268 itaque
650 3192 1181 3253 contenditCoiutius
1204 3192 1419 3248 codices
1440 3192 1559 3247 illos
1578 3193 1679 3247 sibi
1699 3193 2040 3262 patrocinari,
2072 3188 2119 3252 C
2151 3198 2243 3252 sed
2270 3205 2573 3266 temporum
2602 3196 2819 3267 injuria.
2841 3196 2917 3251 Ex
2943 3194 3133 3250 litteris
3159 3196 3359 3265 quippe
3387 3196 3754 3251 numeralibus

443 3305 578 3362 quos
608 3289 663 3344 in
693 3304 789 3344 sua
834 3288 1102 3344 sententia
1150 3286 1496 3355 interpolatos
1543 3299 1684 3350 esse,
1736 3294 1790 3339 et
1842 3286 2046 3340 incerta

443 3387 734 3443 obtrudere
766 3400 858 3454 pro
888 3384 1051 3438 certis
1102 3382 1216 3450 ipse
1267 3382 1415 3435 fateri
1461 3380 1690 3449 cogitur.
1743 3380 1849 3435 Eos
1901 3380 2045 3450 ipsos

443 3478 748 3536 econtrario
777 3478 975 3531 nostra:
996 3473 1276 3529 sententiae
1300 3472 1468 3526 multo
1492 3472 1898 3527 favorabiliores
1924 3486 2044 3527 esse

443 3588 606 3631 nemo
640 3588 746 3628 non
768 3570 913 3625 videt
940 3587 954 3624 :
981 3568 1241 3638 siquidem
1267 3567 1504 3621 admisso
1526 3565 1691 3620 semel
1718 3568 1800 3634 (ut
1826 3564 2041 3633 quidem

442 3669 561 3723 loca
588 3680 619 3721 a
668 3666 824 3721 nobis
856 3664 1068 3718 laudata
1103 3664 1297 3717 factum
1348 3661 1513 3715 fuisse
1558 3660 1755 3714 invicte
1791 3657 2042 3727 probant)

444 3760 585 3831 quod
615 3775 681 3816 ex
722 3761 931 3829 integra
974 3756 1207 3813 Historia
1238 3753 1494 3824 descripti
1526 3752 1728 3808 fuerint
1770 3753 1837 3807 ab
1865 3752 2044 3821 aliquo

444 3856 534 3924 qui
566 3853 907 3910 solummodo
932 3862 1084 3923 gesta
1135 3848 1406 3921 praecipua
1435 3849 1692 3917 colligere
1740 3846 1999 3900 voluisset
2026 3863 2041 3912 ;

446 3945 797 4019 Gregoriana.
828 3944 1077 4001 Historiae
1106 3939 1404 4011 integritati
1427 3955 1585 4010 quam
1616 3952 2039 4009 propuguamus,

443 4056 551 4096 non
582 4042 802 4105 obsunt,
855 4048 909 4094 et
956 4053 1172 4094 omnem
1219 4051 1370 4091 suam
1421 4035 1795 4089 auctoritatem
1839 4042 2039 4087 sartam

442 4139 643 4188 tectam
670 4130 948 4185 habebunt
981 4145 1176 4199 :quam
1202 4143 1333 4183 sane
1370 4126 1450 4182 eis
1487 4126 1775 4181 conciliare
1818 4126 2037 4191 debent,

442 4234 498 4282 et
525 4224 883 4282 conformitas
912 4236 1035 4277 cum
1080 4221 1312 4286 caneris,
1344 4231 1396 4274 et
1425 4221 1735 4284 antiquitas.
1768 4220 2040 4284 Quosdam

440 4320 584 4377 enim
615 4334 678 4374 ex
714 4318 802 4386 iis,
830 4316 1018 4385 quales
1044 4326 1168 4369 sunt
1191 4312 1583 4369 Belhvacensis
1605 4320 1659 4366 et
1674 4311 2036 4378 Corbeiensis,

441 4430 549 4470 non
576 4413 749 4468 multo
774 4420 893 4480 post
923 4407 1165 4476 Gregorii
1191 4415 1401 4462 aetatem
1425 4407 1651 4476 scriptos
1670 4403 1856 4472 fuisse,
1880 4419 2039 4460 nemo

400 4572 411 4581 η
440 4511 529 4582 qui
558 4524 652 4565 eos
683 4504 981 4574 inspexerit
1010 4504 1236 4559 iuticiari
1268 4512 1463 4573 potest.

2150 3290 2201 3343 in
2235 3288 2471 3343 inferiori
2505 3288 2707 3343 codicis
2750 3304 2841 3343 ora
2890 3289 3149 3356 appositis
3194 3288 3647 3358 deprehenditur,
3681 3303 3753 3344 ex

2147 3382 2218 3436 20
2247 3381 2687 3451 quaternionibus
2711 3381 2896 3436 decem
2926 3382 3221 3436 desiderari
3244 3382 3297 3436 in
3328 3398 3393 3437 eo
3422 3383 3627 3449 codice,
3656 3383 3749 3450 qui

2150 3476 2382 3544 priorem
2410 3473 2663 3528 Historiae
2688 3483 2917 3543 partem,
2950 3474 3001 3527 id
3028 3475 3365 3543 estquinque
3400 3475 3584 3538 libros,
3609 3489 3747 3528 con-

2149 3567 2411 3621 tinebant.
2447 3566 2656 3620 Initium
2686 3582 2878 3635 nempe
2904 3566 3051 3621 ducit
3079 3583 3106 3620 a
3138 3567 3317 3636 capite
3342 3567 3371 3619 7
3396 3567 3518 3622 libri
3545 3582 3616 3633 vr,
3652 3582 3753 3623 nec

2148 3662 2408 3730 deinceps
2440 3664 2494 3715 in
2527 3661 2617 3714 illo
2638 3660 2826 3716 codice
2857 3660 3146 3731 quidquam
3179 3660 3356 3715 deest.
3387 3661 3629 3728 Scriptus
3662 3668 3749 3713 est

2154 3755 2313 3823 plano
2344 3764 2398 3807 ct
2426 3753 2618 3821 aequali
2652 3754 2987 3819 charactere,
3018 3754 3107 3823 qui
3135 3767 3305 3807 annos
3334 3751 3398 3805 ad
3423 3752 3600 3805 minus
3621 3765 3751 3819 sep-

2150 3846 2414 3915 tingentos
2448 3844 2703 3914 praeferre
2757 3845 2985 3911 videtur,
3039 3859 3106 3900 eo
3152 3858 3404 3898 exaratus
3449 3843 3607 3914 stylo,
3656 3841 3751 3912 qui

2146 3941 2366 3996 omnino
2397 3943 2772 4011 antiquitatem
2799 3943 2958 4012 sapit,
2984 3942 3199 4012 qualem
3225 3940 3277 3996 in
3309 3940 3569 4010 Gregorio
3598 3938 3750 3995 desi-

2147 4036 2336 4092 derare
2365 4052 2425 4091 se
2454 4037 2643 4092 scribit
2671 4037 2868 4105 passim
2908 4037 3190 4103 Cointius;
3222 4036 3273 4091 id
3319 4046 3402 4090 est
3446 4036 3496 4091 iu
3544 4050 3609 4089 eo
3652 4049 3748 4089 ca-

2147 4145 2299 4185 suum
2332 4131 2654 4185 mutationes
2684 4130 2993 4200 frequenter
3021 4138 3340 4194 occurrunt,
3372 4130 3565 4184 litterae
3621 4129 3743 4184 alia:

2145 4240 2245 4294 pro
2271 4224 2393 4278 aliis
2422 4223 2696 4289 adhibitae,
2731 4225 2945 4278 nomina
2990 4225 3228 4279 virorum
3273 4223 3489 4294 propria
3518 4221 3750 4277 barbare

2145 4318 2449 4382 cﬂ‘ormata,
2478 4326 2532 4372 ct
2561 4327 2757 4372 caetera
2787 4318 2963 4371 omnia
3014 4315 3505 4384 deprehenduntur.
3538 4330 3658 4383 qua:
3686 4315 3742 4368 in

2145 4413 2414 4482 prioribus
2443 4411 2788 4480 Gregorianze
2818 4408 3066 4463 Historia:
3093 4408 3242 4463 libris
3282 4423 3345 4460 ex
3374 4408 3562 4462 codice
3609 4405 3746 4461 Cor-

2142 4506 2346 4561 beiensi
2378 4503 2618 4559 Cointius
2645 4503 2862 4557 laudare
2892 4503 3050 4557 solet.
3072 4502 3339 4557 Craterum
3375 4500 3429 4555 hi
3454 4506 3559 4554 duo
3588 4499 3748 4554 codi-

512 4602 604 4657 97.
630 4601 747 4657 lluc
777 4615 947 4669 usque
976 4599 1043 4653 de
1070 4612 1164 4652 sex
1209 4595 1473 4665 prioribus
1522 4593 1867 4665 Gregorianze
1915 4593 2039 4648 llis-
2070 4581 2118 4642 Ῐ)
2146 4612 2236 4653 ccs
2266 4597 2317 4651 in
2348 4595 2674 4651 bibliotheca
2704 4594 3008 4649 Colbertina
3067 4593 3330 4663 hodieque
3376 4599 3742 4655 asservautur,

440 4695 593 4748 toria:
622 4691 772 4746 libris
793 4690 1032 4761 egimus;
1067 4690 1133 4743 de
1154 4686 1503 4758 sequentibus
1522 4700 1653 4741 vero
1679 4687 1925 4755 pauciora
1948 4700 2039 4740 oc-

443 4802 667 4849 currunt
715 4792 941 4847 dicenda
995 4803 1058 4842 ex
1117 4784 1492 4855 manuscriptis
1539 4784 1854 4849 codicibus,
1915 4798 2036 4836 cum

441 4888 696 4957 deinceps
725 4884 926 4939 nullum
960 4880 1208 4935 habuerit
1235 4878 1476 4934 Cointius
1498 4878 1625 4933 satis
1647 4876 2034 4941 authenticum,

441 4995 547 5048 quo
576 4976 812 5049 potuerit
835 4974 1302 5044 interpolationes,
1335 4982 1392 5026 ut
1423 4971 1535 5040 ipse
1568 4971 1820 5041 loquitur,
1853 4984 1881 5022 a
1912 4983 2034 5035 ger—

443 5088 605 5127 mano
633 5070 880 5141 Gregorii
913 5079 1058 5123 textu
1108 5067 1435 5122 discernere.
1477 5066 1646 5119 Tanta
1690 5075 1867 5118 tamen
1917 5061 2034 5131 ejus

442 5164 542 5219 fuit
571 5164 623 5218 in
655 5161 962 5219 resecandis
984 5160 1325 5228 Gregoriante
1349 5157 1596 5213 Hister-ite
1628 5156 1774 5209 libris
1805 5169 2034 5225 propen-

442 5256 544 5319 sio,
577 5265 633 5309 ut
659 5271 779 5309 cum
809 5270 928 5309 sese
950 5254 1164 5309 occasio
1187 5254 1363 5322 aliqua
1387 5250 1581 5305 obtulit
1609 5265 1680 5304 ex
1705 5265 1766 5304 ea
1785 5246 2032 5301 laudandi

442 5348 617 5418 capita
647 5362 766 5416 quae
794 5348 846 5400 in
875 5348 1058 5401 codice
1090 5343 1337 5400 Mettensi
1362 5340 1754 5404 desiderantur,
1782 5339 1896 5406 ipsa
1925 5346 2034 5391 sta-

444 5441 539 5496 tim
565 5439 636 5493 ob
667 5438 774 5493 hoc
798 5437 973 5492 solum
1006 5437 1147 5507 quod
1176 5437 1229 5490 in
1272 5450 1339 5490 eo
1368 5432 1553 5487 codice
1582 5432 1779 5493 desint,
1825 5439 1917 5483 aut
1954 5432 2033 5482 in-

446 5533 710 5604 terpolata
738 5547 858 5588 esse
884 5577 899 5602 ,
932 5541 1025 5585 aut
1051 5532 1240 5584 saltem
1268 5528 1425 5583 dubia
1459 5522 1881 5596 pronuntiaverit
1910 5538 1923 5575 :
1960 5531 2036 5576 ta-

445 5626 604 5682 metsi
635 5626 873 5680 codicem
900 5623 1041 5678 hunc
1070 5631 1122 5674 et
1154 5620 1522 5689 imperfectum
1557 5632 1675 5675 esse
1702 5627 1757 5672 et
1786 5616 2034 5671 vitiosum

443 5721 563 5788 ipse
587 5718 888 5787 agnoverit,
936 5724 990 5771 et
1016 5713 1203 5777 alium,
1235 5719 1297 5766 ut
1324 5711 1457 5766 nihil
1500 5713 1567 5767 de
1597 5711 1807 5767 cmteris
1834 5708 2032 5775 dicam,

444 5826 558 5876 prae
588 5811 835 5868 manibus
866 5805 1130 5871 habuerit,
1162 5818 1225 5859 cx
1275 5805 1601 5863 monasterio
1631 5804 1834 5861 scilicet
1863 5801 2035 5862 sancti

2144 4696 2279 4761 quos
2304 4689 2376 4743 ibi
2406 4688 2691 4757 unicuique
2720 4686 3005 4742 consulere
3035 4685 3190 4739 facile
3232 4684 3356 4737 erit.
3402 4683 3471 4736 At
3510 4682 3554 4737 si
3598 4688 3746 4737 tanta

2144 4782 2216 4837 sit
2243 4780 2446 4837 codicis
2476 4781 2646 4834 sancti
2680 4779 2955 4833 Michaelis
3002 4794 3111 4847 pra:
3160 4776 3407 4832 Mettensi
3430 4775 3745 4843 auctoritas,

2144 4892 2302 4931 nemo
2329 4891 2432 4929 non
2467 4874 2616 4929 videt
2642 4873 2913 4929 immerito
2938 4888 2967 4927 a
2998 4871 3211 4927 Cointio
3234 4871 3407 4937 capita
3443 4870 3531 4925 illa
3581 4873 3747 4925 inter-

2145 4971 2322 5042 polata
2352 4969 2583 5035 censeri,
2608 4977 2699 5022 aut
2726 4978 2873 5023 certe
2902 4967 3141 5022 revocari
3176 4966 3315 5021 inter
3336 4964 3493 5020 dubia
3527 4980 3593 5019 eo
3620 4965 3741 5033 ipso

2144 5063 2339 5129 solum,
2372 5061 2589 5131 quodin
2646 5060 2835 5116 codice
2883 5059 3128 5114 Mettensi
3176 5059 3374 5113 omissa
3421 5059 3548 5120 sint,
3595 5067 3649 5110 et
3689 5056 3744 5111 in

2143 5156 2327 5209 codice
2355 5154 2521 5209 sancti
2555 5153 2827 5209 Michaelis
2854 5152 3169 5208 habeantur.
3196 5152 3299 5208 Sed
3330 5151 3445 5205 haec
3471 5151 3744 5206 sufficiant

2143 5249 2209 5303 de
2238 5249 2512 5303 codicibus
2541 5248 2955 5315 manuscriptis;
3005 5247 3113 5317 jam
3145 5246 3210 5300 ad
3257 5255 3631 5315 argumentum
3676 5256 3736 5299 ex

2143 5339 2466 5409 Fredegario
2496 5341 2718 5407 petitum
2755 5338 3077 5393 veniendum
3109 5346 3215 5392 est.

2214 5430 2301 5485 98.
2347 5428 2648 5498 Fredegarii
2681 5430 3051 5485 auctoritatem
3085 5438 3284 5483 tantam
3320 5430 3417 5484 hac
3448 5429 3500 5483 in
3524 5438 3742 5485 contro—

2141 5522 2313 5577 versia
2341 5537 2464 5579 esse
2489 5520 2684 5590 passim
2710 5522 3003 5591 proclamat
3024 5521 3287 5587 Cointius,
3315 5528 3373 5575 ut
3400 5519 3548 5575 litem
3574 5529 3739 5574 totam

2140 5633 2202 5674 ea
2230 5619 2343 5673 sola
2383 5618 2560 5674 dirimi
2610 5632 2770 5687 posse
2818 5633 3201 5688 nonnunquam
3231 5618 3646 5682 asseveraverit,
3682 5624 3741 5671 ut

2140 5720 2264 5781 pote
2285 5728 2401 5782 qum
2426 5717 2736 5780 argumenta
2759 5713 2828 5766 ad
2847 5714 3234 5782 confutandam,
3259 5721 3313 5767 ut
3342 5713 3455 5783 ipse
3478 5711 3736 5781 loquitur,

2139 5804 2519 5869 interpolatoris
2548 5803 2825 5857 audaciam
2858 5802 3182 5860 validissima
3212 5803 3599 5861 subminiSIret.
3633 5800 3733 5855 Ve-
