4086 6328
320 399 383 451 u
1766 385 2162 445 PREFATIO.
3540 393 3613 453 83

320 528 441 572 rum
454 507 765 582 Fredegarii
787 511 1161 579 auctoritatem
1184 504 1344 563 nobis
1363 506 1538 563 multo
1560 504 1731 576 magis
1754 519 1917 576 quam
1945 506 2000 569 Α
2024 506 2328 576 Roriconis,
2366 500 2679 575 Adhemari,
2725 508 3057 581 aliorumque
3093 490 3615 582 qtﬁmplurimorun

319 606 539 666 Cointio
583 603 762 658 lavere
789 601 873 656 vel
903 616 970 656 ex
1000 599 1103 656 hoc
1134 600 1251 655 solo
1281 599 1596 669 probamus,
1629 597 1770 668 quod
1800 598 1917 667 ipso

321 701 529 757 fatente
548 696 760 752 Cointio
783 694 948 749 multa
970 709 1036 749 ex
1059 693 1165 748 illis
1187 692 1454 761 capitibus
1480 691 1759 747 admiserit
1782 691 1917 746 Fre-

320 795 593 865 degarius,
625 808 747 863 quae
776 792 831 848 in
860 788 1136 846 codicibus
1176 788 1345 859 Regio
1371 797 1425 844 et
1453 788 1723 856 Mettensi,
1754 787 1920 842 immo

324 890 487 945 etiam
543 895 597 944 et
646 885 699 941 in
740 882 1107 939 Bellovacensi
1148 880 1553 947 desiderantur;
1604 879 1755 948 plura
1787 893 1919 933 vero

320 979 525 1036 omittit
573 994 641 1035 ex
689 976 915 1032 sinceris
957 976 1201 1045 Gregorii
1248 974 1521 1043 cperibus,
1571 989 1689 1044 quae
1734 985 1920 1027 omnes

320 1073 568 1140 omnino,
592 1072 753 1127 etiam
779 1070 1047 1125 Cointiani
1078 1068 1291 1123 codices
1323 1067 1538 1122 habent.
1573 1068 1782 1122 Etenim
1815 1066 1920 1135 pri-

322 1182 468 1221 mum
502 1174 558 1218 et
587 1171 817 1233 quatuor
859 1162 1076 1217 ultimos
1103 1160 1447 1232 Gregorianze
1480 1161 1729 1217 Historiae
1756 1161 1921 1216 libros

322 1259 588 1329 integros,
621 1257 861 1325 exceptis
892 1257 1100 1310 duobus
1122 1265 1215 1309 aut
1238 1256 1407 1310 tribus
1434 1254 1557 1311 libri
1587 1255 1801 1324 septimi
1832 1269 1921 1310 ca-

326 1354 528 1421 pitulis,
578 1353 802 1406 omnino
850 1350 1226 1420 praetermisit;
1273 1366 1338 1405 ex
1370 1352 1581 1407 caeteris
1621 1353 1839 1406 tertium
1870 1359 1924 1407 et

322 1455 571 1516 quartum
596 1444 714 1499 libri
737 1442 956 1500 secundi
980 1444 1151 1515 capita
1178 1460 1283 1499 non
1312 1444 1519 1511 attigit;
1550 1446 1697 1513 plura
1721 1461 1787 1500 ex
1817 1452 1923 1500 ter-

321 1539 397 1596 tio
422 1542 583 1606 libro,
607 1542 698 1612 qui
732 1543 937 1612 integer
965 1540 1161 1611 ubique
1188 1542 1431 1609 habetur,
1458 1542 1667 1607 omisit;
1701 1542 1841 1597 sicut
1869 1551 1925 1599 et

324 1652 394 1691 ex
426 1645 617 1705 quarto
650 1635 788 1688 libro
813 1634 987 1703 capita
1012 1636 1066 1701 4,
1096 1634 1184 1699 12,
1214 1636 1303 1699 51,
1331 1634 1399 1686 54
1428 1644 1482 1690 et
1502 1634 1565 1689 41
1594 1651 1701 1688 non
1734 1635 1920 1703 habet;

321 1744 389 1783 ex
414 1730 550 1783 l‘thro
573 1730 758 1797 quinto
786 1727 958 1797 capita
989 1728 1078 1791 11,
1104 1727 1191 1792 li,
1212 1727 1302 1793 2t,
1330 1728 1421 1792 2%,
1445 1726 1532 1795 30,
1560 1727 1658 1793 52;
1682 1744 1745 1784 ex
1769 1737 1923 1786 sexto

322 1822 496 1891 capita
540 1823 593 1885 5,
624 1822 710 1885 17,
742 1821 832 1888 28,
866 1820 958 1884 29,
989 1820 1079 1884 50,
1113 1822 1206 1887 52,
1235 1821 1326 1887 35,
1370 1840 1490 1893 quae
1522 1832 1697 1879 tamen
1742 1825 1923 1880 omnia

2022 610 2303 658 auctorum
2320 616 2481 671 opera
2499 602 2579 656 vel
2597 601 2847 657 chronica
2865 603 3209 660 revolverint.
3225 600 3335 657 Nec
3350 601 3617 659 minorem

2023 694 2184 750 fuisse
2201 696 2252 748 in
2268 694 2634 764 discerpendis
2651 695 3025 751 Miraculorum
3042 696 3191 752 libris
3207 696 3474 751 licentiam
3492 711 3617 766 pro-

2024 790 2150 844 bant
2167 790 2363 859 passim
2381 790 2593 845 codices
2615 791 2979 859 manuscripti,
2998 806 3225 861 quorum
3240 790 3329 846 alii
3346 805 3509 846 unum
3525 798 3620 846 aut

2024 882 2271 951 alterum,
2298 881 2387 937 alii
2408 882 2841 953 pluresGregorii
2867 884 3032 939 libros
3054 883 3345 951 exhibent;
3374 882 3616 939 nonnulli

2024 990 2151 1028 vero
2173 974 2283 1027 sola
2296 989 2481 1028 eorum
2500 974 2813 1043 fragmenta,
2830 989 2949 1027 cum
2964 974 3050 1045 adj
3062 976 3252 1040 unctis,
3267 985 3323 1030 ιιι
3340 974 3620 1045 scriptori—

2025 1070 2126 1126 bus
2142 1069 2359 1139 placuit,
2380 1069 2567 1124 titulis.
2586 1069 2663 1137 De
2681 1068 2873 1137 quibus
2896 1070 3142 1124 omnibus
3164 1068 3333 1123 fusius
3350 1070 3619 1123 disserere

2024 1176 2133 1217 non
2152 1168 2323 1225 vacat,
2350 1175 2417 1217 ne
2443 1159 2553 1230 jam
2574 1159 2713 1214 dicta
2746 1159 3014 1214 incassum
3047 1172 3289 1231 repetere
3318 1160 3618 1216 videamur.

2102 1255 2223 1310 100.
2256 1255 2479 1320 Verum,
2503 1255 2753 1323 expensis
2784 1254 2890 1309 illis
2912 1256 3262 1323 argumentis,
3287 1270 3405 1326 quae
3433 1254 3622 1310 adver-

2026 1364 2118 1406 sus
2149 1350 2429 1419 complura
2452 1348 2795 1418 Gregorianze
2824 1349 3068 1403 Historias
3096 1349 3267 1417 capita
3290 1349 3529 1403 Cointius
3555 1363 3624 1403 ex

2027 1456 2159 1495 mss.
2193 1442 2394 1508 aliquot
2423 1440 2667 1495 codicum
2701 1441 3039 1508 auctoritate,
3087 1447 3180 1494 aut
3214 1454 3281 1495 ex
3312 1440 3625 1510 Fredegarii

2026 1532 2242 1587 silentio
2260 1531 2503 1600 deduxit,
2522 1533 2874 1588 examinanda
2896 1543 3187 1602 supersunt
3208 1534 3488 1600 nonnulla,
3504 1548 3625 1605 quae

2028 1627 2111 1681 vel
2143 1642 2209 1681 ex
2238 1627 2401 1697 stylo,
2435 1630 2514 1681 vel
2546 1642 2615 1682 ex
2646 1628 2809 1683 rebus
2840 1629 2891 1682 in
2922 1628 3030 1683 illis
3060 1627 3325 1696 capitibus
3356 1628 3627 1683 contentis

2029 1721 2240 1789 objicit,
2278 1732 2528 1786 tanquam
2576 1740 2602 1776 a
2628 1722 2873 1791 Gregorii
2906 1723 3066 1777 modo
3107 1724 3378 1778 scribendi
3424 1722 3625 1790 aliena,

2028 1821 2119 1866 aut
2148 1822 2293 1868 certe
2322 1830 2443 1884 quae
2469 1813 2592 1869 aliis
2623 1815 2791 1881 ipsius
2818 1816 3058 1885 ejusdem
3092 1817 3367 1886 cperibns,
3397 1826 3491 1872 aut
3520 1832 3628 1870 cae-

322 1919 495 1983 capita
523 1920 573 1971 in
597 1915 906 1971 Corbeiensi
934 1916 1121 1970 codice
1144 1915 1428 1982 habentur,
1455 1928 1508 1971 et
1531 1927 1781 1988 tanquam
1807 1919 1920 1974 veri

2032 1906 2161 1961 teris
2184 1906 2501 1975 Gregoriani
2533 1911 2628 1962 aevi
2656 1909 2893 1977 probatis
2922 1910 3227 1965 auctoribus
3254 1910 3522 1965 contraria
3545 1909 3626 1963 vi-

323 2020 377 2063 et
406 2008 601 2064 sinceri
625 2008 870 2075 Gregorii
894 2009 1032 2065 fetus
1062 2025 1091 2063 a
1119 2009 1333 2065 Cointio
1361 2010 1741 2066 admittuntur.
1774 2012 1925 2067 Unde

324 2110 477 2169 patet
504 2116 608 2155 non
642 2103 930 2157 admodum
964 2103 1154 2159 utilem
1186 2119 1309 2158 esse
1337 2104 1454 2159 viro
1486 2105 1699 2159 erudito
1721 2105 1924 2161 Frede-

322 2192 457 2260 garii
504 2195 877 2248 auctoritatem
942 2194 1008 2247 ad
1059 2194 1389 2261 probandum
1438 2210 1502 2250 ex
1549 2194 1664 2264 ejus
1711 2196 1926 2251 silentio

325 2286 497 2338 multa
553 2284 798 2356 Gregorii
858 2286 1109 2341 Historiae
1167 2286 1334 2341 fuisse
1382 2287 1923 2357 superadditamum

326 2385 537 2432 constet
582 2380 650 2432 ab
700 2394 768 2434 eo
812 2388 1034 2434 auctore
1092 2380 1255 2434 multa
1301 2394 1371 2435 ex
1421 2380 1633 2435 sincero
1682 2378 1925 2450 Gregorii

328 2479 477 2525 textu
505 2479 697 2539 sponte
726 2480 780 2525 et
809 2487 872 2526 ex
906 2472 1167 2526 industria
1198 2471 1397 2527 omissa
1430 2471 1614 2527 fuisse.

399 2562 491 2618 99.
534 2564 624 2629 At,
678 2566 908 2636 inquies,
955 2566 1311 2637 Fredegarius
1357 2568 1628 2623 Francicae
1678 2568 1927 2627 Historia:

325 2658 599 2729 epitomen
623 2661 1039 2715 concinnaturus
1072 2677 1099 2713 a
1126 2662 1403 2732 praposito
1425 2676 1523 2717 suo
1546 2663 1780 2719 alienum
1806 2677 1927 2719 esse

321 2754 540 2808 censuit
564 2767 655 2809 res
681 2764 992 2820 extraneas,
1020 2756 1120 2812 etsi
1152 2758 1330 2826 reipsa
1361 2772 1391 2812 a
1415 2757 1675 2825 Gregorio
1704 2760 1920 2827 relatas,

322 2847 478 2917 operi
502 2861 601 2902 suo
623 2847 889 2915 inserere;
916 2849 985 2903 ita
1009 2860 1067 2903 ut
1090 2852 1288 2904 nemini
1312 2852 1506 2906 mirum
1522 2852 1689 2907 videri
1708 2853 1920 2922 debeat,

323 2938 370 3007 si
414 2938 667 3007 nonnulla
704 2940 865 2995 etiam
924 2956 991 2996 ex
1034 2943 1256 2998 sinceris
1294 2944 1635 3016 Gregorianae
1676 2948 1926 3003 Historiae

324 3030 591 3099 capitibus
624 3032 885 3088 omiserit.
946 3032 1015 3087 At
1042 3034 1437 3103 nulla‘prorsns
1477 3038 1712 3093 laudavit
1742 3054 1810 3095 ex
1862 3039 1926 3094 iis

326 3139 447 3194 quae
488 3125 542 3179 in
571 3126 757 3181 codice
783 3127 1098 3184 Corbeiensi
1131 3130 1539 3196 desiderantur;
1591 3131 1926 3203 proindeque

325 3216 606 3286 probabile
646 3227 749 3286 est,
785 3234 849 3273 ea
890 3230 1014 3275 tunc
1058 3222 1313 3288 temporis
1354 3237 1459 3277 non
1498 3224 1798 3290 exstitisse,
1827 3223 1923 3280 sed

324 3312 668 3381 postmodum
697 3308 1230 3384 Gregoriioperibus
1256 3318 1325 3370 ab
1354 3317 1537 3386 aliquo
1568 3317 1734 3374 fuisse
1758 3289 1922 3375 inter—
1952 3289 1999 3354 C

324 3405 571 3475 polatore
592 3414 794 3460 assuta.
840 3410 907 3462 At
929 3417 1145 3463 corruet
1176 3417 1346 3464 totum
1378 3410 1507 3464 illud
1541 3410 1739 3466 Gointii
1768 3428 1924 3482 argu-

324 3509 589 3565 mentum,
640 3501 804 3553 immo
836 3502 991 3557 nobis
1040 3502 1264 3557 omnino
1309 3502 1532 3573 favebit,
1564 3507 1609 3560 si
1641 3521 1822 3562 verum
1852 3510 1925 3564 sit

326 3590 709 3661 Fredegarium
733 3595 975 3649 eamdem
1002 3596 1253 3653 habuisse
1275 3598 1537 3653 rationem
1559 3614 1621 3655 ea
1644 3602 1925 3659 omittendi

325 3699 446 3756 qua:
477 3685 529 3739 in
558 3685 869 3744 Corbeiensi
899 3691 1085 3745 codice
1134 3707 1239 3745 non
1274 3692 1560 3761 habentur,
1597 3710 1657 3749 ac
1686 3696 1775 3750 illa
1806 3712 1924 3767 quae

325 3788 395 3830 ex
441 3776 653 3831 sincera
684 3777 929 3849 Gregorii
962 3780 1192 3835 Historia
1247 3797 1353 3836 non
1406 3784 1610 3838 retulit.
1666 3785 1925 3842 Eamdem

325 3884 457 3924 vero
482 3870 649 3926 fuisse
667 3871 779 3941 jam
807 3888 969 3941 supra
994 3875 1421 3945 observavimus,
1449 3887 1503 3934 ct
1526 3881 1715 3936 iterum
1738 3892 1927 3938 osten-

327 3962 526 4017 dimus.
570 3963 781 4019 Etenim
814 3968 1161 4035 praetermisit
1193 3968 1550 4039 Fredegarius
1582 3971 1927 4044 Gregoriante

331 4055 580 4110 Historiae
617 4059 822 4128 capita,
865 4059 1026 4112 etiam
1067 4061 1303 4128 sincera,
1346 4078 1465 4131 qua:
1504 4063 1567 4116 ad
1618 4066 1926 4131 generalem

330 4148 661 4204 Francorum
684 4152 857 4214 gentis
881 4151 1165 4206 Historiam
1196 4153 1417 4209 minime
1437 4155 1756 4211 attinebant.
1786 4158 1928 4213 Idem

327 4256 542 4311 quoque
561 4243 685 4297 Iecit
703 4242 1049 4299 Corbeiensis
1075 4244 1277 4299 codicis
1299 4248 1561 4316 scriptor;
1588 4247 1725 4303 idem
1751 4250 1929 4305 fecere

330 4342 384 4387 et
408 4334 498 4403 qui
529 4334 668 4389 alios
698 4335 911 4390 codices
942 4351 970 4389 a
994 4336 1208 4392 Cointio
1243 4339 1487 4393 laudatos
1518 4352 1827 4397 exararunt.
1862 4344 1931 4400 Et

328 4426 544 4496 quidem
569 4427 758 4482 eodem
782 4443 845 4482 ac
863 4428 1217 4499 Fredegarius
1238 4431 1488 4487 consilio.
1512 4432 1588 4487 llli
1609 4435 1776 4500 enim,
1793 4436 1931 4493 sicut

327 4530 377 4575 et
414 4518 805 4591 Fredegarius,
856 4526 1164 4593 generalem
1213 4526 1552 4582 solummodo
1600 4528 1929 4587 Francorum

330 4612 622 4667 Historiam
681 4614 882 4670 habere
933 4617 1233 4684 cupientes,
1293 4619 1593 4688 singulares
1650 4619 1927 4675 hominum

2028 1997 2224 2052 dentur
2251 2017 2262 2051 :
2294 2014 2412 2066 quae
2440 2000 2563 2053 licet
2588 2000 2698 2053 suis
2730 2002 2781 2054 in
2817 2003 2969 2067 locis,
2994 2013 3251 2071 quantum
3286 2003 3425 2058 ferre
3454 2002 3629 2073 potuit

2030 2101 2281 2147 notarum
2327 2092 2585 2161 brevitas,
2639 2096 3072 2163 exposuerimus,
3118 2095 3204 2163 hic
3244 2104 3420 2151 tamen
3469 2096 3631 2165 paulo

2028 2184 2199 2239 fusius
2224 2186 2555 2240 discutienda
2587 2197 2729 2239 sunt.
2764 2187 2828 2240 Et
2858 2190 3088 2256 primum
3120 2190 3356 2257 quidem,
3391 2190 3531 2256 quod
3562 2188 3630 2245 ad

2028 2277 2155 2348 styli
2179 2277 2430 2331 duritiem
2455 2278 2683 2345 pertinet
2703 2288 2791 2331 aut
2813 2280 3079 2333 sermonis
3101 2280 3477 2346 rusticitatem,
3498 2295 3630 2351 quas

2029 2373 2085 2426 in
2116 2372 2229 2426 suis
2273 2371 2528 2440 operibus
2578 2371 2805 2426 inveniri
2857 2372 3051 2427 fatetur
3081 2372 3280 2441 passim
3312 2372 3627 2442 Gregorius,

2032 2474 2195 2520 testes
2216 2465 2427 2535 appello
2453 2472 2716 2534 quotquot
2740 2463 2984 2534 Gregorii
3008 2480 3173 2533 opera
3198 2462 3445 2535 legerint,
3471 2476 3631 2533 atque

2030 2562 2229 2632 capita,
2264 2576 2383 2630 quae
2410 2559 2656 2616 Cointius
2688 2561 3005 2630 interpolata
3037 2561 3291 2632 appellat,
3322 2561 3482 2618 simul
3508 2578 3630 2618 cum

2030 2653 2151 2709 aliis
2177 2652 2426 2709 conferre
2454 2654 2741 2720 voluerint,
2775 2668 2843 2708 an
2864 2668 3029 2710 ovum
3061 2668 3167 2709 ovo
3194 2656 3428 2710 similius
3460 2656 3631 2711 videri

2032 2747 2222 2815 possit.
2256 2746 2534 2802 Habentur
2556 2746 2752 2818 quippe
2792 2746 2847 2800 in
2888 2747 3015 2813 illis,
3043 2747 3185 2803 sicut
3207 2756 3258 2804 et
3285 2748 3339 2803 in
3365 2749 3504 2816 istis,
3536 2763 3632 2804 ea-

2029 2856 2188 2896 suum
2216 2841 2558 2908 mutationes,
2585 2842 2634 2897 id
2662 2850 2746 2897 est
2772 2842 3057 2897 accusandi
3079 2858 3253 2910 casus,
3279 2852 3339 2899 ut
3361 2858 3631 2914 gramma-

2031 2934 2122 2989 tici
2153 2942 2364 3000 vocant,
2400 2948 2495 3003 pro
2526 2933 2807 3000 ablativis;
2865 2934 3126 2990 habentur
3157 2944 3212 2991 et
3243 2936 3498 2993 feminina
3530 2952 3630 2991 no-

2030 3027 2175 3082 mina
2207 3041 2302 3096 pro
2333 3026 2675 3091 masculinis,
2720 3034 2774 3081 et
2807 3027 3101 3082 masculina
3134 3030 3353 3083 nomina
3390 3044 3510 3084 cum
3538 3030 3633 3085 ad-

2028 3122 2240 3194 jectivis
2284 3124 2335 3177 in
2364 3121 2624 3177 feminino
2653 3136 2851 3193 genere
2889 3122 3198 3193 conjuncta.
3240 3125 3540 3180 Occurrunt
3577 3134 3632 3183 et

2033 3232 2195 3273 voces
2234 3218 2484 3281 exoticae,
2519 3215 2879 3286 loquendique
2922 3216 3065 3271 modi
3096 3217 3255 3287 plane
3296 3216 3529 3287 barbari,
3564 3218 3633 3277 de

2028 3312 2224 3383 quibus
2262 3312 2423 3366 rebus
2452 3310 2700 3379 exempla
2730 3311 2785 3365 in
2814 3309 3049 3366 medium
3096 3310 3342 3381 proferre
3370 3326 3477 3367 non
3504 3313 3633 3369 sinit

2030 3406 2141 3476 ipsa
2168 3406 2244 3460 rei
2277 3404 2564 3459 evidentia.
2600 3402 2793 3458 Fateor
2824 3403 3074 3472 equidem
3107 3404 3158 3457 in
3190 3403 3464 3460 codicibus
3493 3405 3630 3460 Coro

2029 3498 2233 3554 beiensi
2261 3512 2324 3552 ac
2348 3496 2731 3561 Bellovaeensi,
2754 3511 2888 3567 quos
2913 3499 2966 3552 in
2988 3496 3232 3569 Gregorii
3260 3508 3407 3556 textu
3430 3500 3633 3557 descri-

2031 3591 2209 3647 bendo
2232 3589 2476 3646 Cointius
2505 3590 2696 3645 merito
2728 3590 2925 3645 imitari
2951 3590 3164 3662 gaudet,
3192 3592 3392 3663 aliquot
3414 3595 3632 3652 nomina

2032 3686 2221 3756 magis,
2249 3694 2308 3739 ut
2338 3685 2408 3739 ita
2442 3684 2641 3750 dicam,
2672 3684 2898 3740 barbare
2932 3685 3115 3754 scribi,
3147 3701 3306 3755 quam
3336 3689 3387 3743 in
3415 3691 3632 3747 caeteris

2032 3778 2307 3834 codicibus
2333 3776 2510 3831 minus
2538 3774 2789 3846 antiquis,
2812 3777 3311 3847 frequentiorcsque
3334 3781 3387 3835 in
3415 3780 3523 3836 illis
3547 3782 3631 3837 in-

2032 3872 2204 3929 veniri
2251 3886 2495 3939 casuum,
2523 3871 2823 3927 litterarum
2855 3880 2948 3927 aut
2985 3888 3239 3942 generum
3281 3876 3626 3932 mutationes.

2033 3963 2140 4020 Sed
2166 3965 2269 4019 hoc
2290 3979 2356 4019 ex
2382 3964 2596 4019 diverso
2616 3963 2950 4018 diversorum
2979 3972 3276 4034 temporum
3303 3980 3367 4022 ac
3394 3969 3632 4024 notario-

2034 4072 2151 4111 rum
2175 4057 2333 4127 genio
2355 4064 2411 4111 et
2430 4056 2650 4110 arbitrio
2675 4056 2904 4112 accidit:
2930 4056 3049 4128 quae
3076 4058 3360 4117 diversitas
3379 4062 3629 4123 codicum

2034 4148 2401 4219 antiquitatem
2423 4148 2655 4219 probare
2676 4149 2889 4218 quidem
2913 4159 3104 4220 potest,
3127 4167 3232 4208 non
3254 4169 3385 4211 vero
3405 4170 3628 4226 operum

2035 4243 2369 4297 varietatem.
2411 4241 2575 4298 lidem
2618 4242 2761 4298 enim
2794 4246 3035 4315 suntqui
3082 4247 3135 4301 in
3163 4249 3346 4305 saeculi
3378 4252 3511 4306 sexti
3538 4246 3633 4311 aut

2034 4339 2250 4408 septimi
2275 4338 2460 4393 codice
2489 4338 2796 4393 scribuntttr
2818 4337 3236 4409 Chlotovechus,
3269 4342 3631 4404 Chlothacba-

2034 4430 2166 4499 tius,
2197 4430 2671 4499 Chrochticliildis,
2713 4445 2777 4487 ac
2803 4433 2895 4501 qui
2924 4433 2997 4487 iir
3010 4436 3324 4500 posterioris
3360 4439 3465 4494 aevi
3495 4442 3632 4496 scri-

2036 4523 2137 4592 ptis
2163 4522 2413 4577 ilieuntur
2436 4523 2761 4593 Hlodoveus,
2787 4524 3079 4592 Hlotarius,
3103 4538 3199 4585 aut
3223 4530 3499 4599 chtildis;
3532 4547 3631 4593 seu

2034 4618 2396 4684 Ghlodoveus,
2422 4620 2746 4687 Chlotarius,
2772 4619 3076 4689 Chlotildis,
3101 4632 3207 4684 etc.
3236 4624 3380 4683 Idem
3403 4629 3632 4700 contigit

327 4705 679 4773 privatorum,
706 4715 795 4759 aut
824 4706 1060 4761 locorum
1091 4707 1341 4764 historias
1362 4711 1780 4779 praetermisere,
1816 4720 1930 4768 tan-
1958 4694 2011 4754 Ι)
2042 4711 2096 4765 in
2123 4711 2325 4781 aliquot
2361 4711 2481 4766 aliis
2511 4712 2751 4779 vocibus,
2796 4728 2931 4783 quas
2959 4730 3314 4774 amanuenses
3347 4735 3444 4791 pro
3476 4694 3631 4779 libitu

327 4814 484 4867 quam
514 4800 612 4853 sibi
637 4800 873 4855 inutiles.
901 4800 954 4853 ld
980 4800 1151 4869 ipsum
1177 4802 1352 4856 innuit
1380 4802 1432 4855 in
1460 4802 1623 4858 variis
1646 4802 1921 4858 codicibus

324 4893 677 4947 omissionum
714 4893 966 4948 varietas.
1019 4894 1089 4947 Ea
1128 4894 1270 4948 enim
1326 4893 1446 4960 fuit,
1482 4895 1667 4966 utjam
1700 4911 1804 4951 non
1836 4910 1921 4952 se-

324 4986 434 5040 mel
476 4988 897 5054 observavimus,
929 4987 1172 5058 Gregorii
1226 4988 1392 5042 nostri
1442 4987 1679 5055 lortuna,
1714 4998 1770 5045 ut
1798 4990 1921 5060 quia

323 5078 533 5148 primus
563 5087 617 5132 et.
645 5081 833 5134 unicus
862 5088 1103 5133 veterum
1138 5095 1318 5134 rerum
1349 5080 1523 5149 gentis
1555 5090 1756 5135 nostra
1784 5097 1924 5151 pra:-

324 5171 471 5225 clare
498 5180 766 5239 gestarum
799 5172 1029 5240 scriptor
1059 5172 1285 5239 exstitit,
1313 5187 1382 5227 ex
1412 5173 1528 5242 ejus
1552 5174 1806 5243 oneribus
1827 5176 1919 5243 qui

326 5273 509 5333 postea
537 5265 703 5319 secuti
732 5274 858 5320 sunt
885 5265 1199 5334 scriptores,
1232 5280 1327 5334 pro
1359 5281 1456 5320 suo
1487 5266 1640 5320 libitu
1670 5282 1788 5336 quae
1819 5268 1921 5323 sibi

327 5357 439 5411 visa
472 5366 619 5426 sunt,
650 5358 738 5412 alii
765 5358 940 5427 plura,
964 5357 1051 5412 alii
1085 5361 1337 5427 pauciora
1359 5356 1761 5427 descripserint.
1786 5360 1922 5416 Hinc

326 5450 572 5505 nonnulli
618 5451 832 5506 codices
876 5460 1107 5521 quatuor
1148 5450 1396 5506 Historiae
1436 5450 1601 5507 libros
1639 5452 1917 5522 exhibent,

324 5543 415 5597 alii
437 5544 695 5614 quinque,
718 5544 807 5599 alii
829 5545 1048 5610 s»x,alii
1073 5557 1200 5598 vero
1228 5559 1417 5600 novem
1436 5553 1526 5599 aut
1548 5544 1756 5601 decem.
1782 5546 1921 5613 Quin

324 5646 381 5693 et
407 5652 473 5691 ex
504 5636 609 5691 illis
638 5636 790 5691 libris
820 5635 909 5689 alii
939 5639 1087 5706 plura
1121 5646 1209 5690 aut
1237 5638 1488 5707 pauciora
1519 5653 1614 5708 pro
1644 5652 1742 5692 suo
1768 5637 1919 5693 libitu

323 5731 499 5799 capita
528 5732 898 5800 exscripsere;
938 5730 1179 5810 nonnulli
1213 5740 1388 5786 autem
1422 5731 1537 5786 haec
1564 5732 1618 5787 in
1648 5734 1917 5801 epitomen

323 5824 613 5880 reduxere.
647 5825 778 5890 Qua:
807 5825 985 5878 omnia
1014 5826 1188 5895 quivis
1218 5835 1418 5881 norunt
1444 5827 1497 5881 in
1524 5828 1699 5897 gentis
1724 5837 1923 5883 nostrae

325 5918 562 5977 Historia
579 5920 663 5977 vel
688 5920 949 5978 tantillum
971 5921 1188 5989 versati,
1209 5923 1299 5992 qui
1317 5922 1643 5993 Fredegarii,
1658 5923 1916 5989 Aimoini,

2028 4812 2392 4869 mutaverunt,
2427 4812 2485 4858 ut
2513 4818 2633 4858 cum
2663 4805 2877 4876 equites,
2901 4822 3059 4877 quam
3092 4822 3279 4866 vocem
3312 4821 3520 4868 veteres
3554 4813 3624 4868 ad

2025 4912 2221 4967 equum
2244 4895 2630 4967 designandum
2653 4898 3002 4966 usurpabant,
3026 4899 3077 4954 in
3100 4916 3253 4972 equos
3277 4901 3621 4971 transtulere,

2026 4989 2377 5046 intentionem
2408 4989 2462 5043 in
2490 4992 2895 5058 contentionem;
2937 4993 3027 5063 qui
3068 5003 3123 5049 et
3145 4995 3230 5050 ubi
3252 4994 3516 5064 indignate
3534 5004 3626 5053 aut

2025 5099 2300 5152 exsequere
2315 5082 2575 5151 scriptum
2598 5082 2938 5150 invenerunt,
2954 5100 3244 5155 reposuere
3256 5085 3619 5161 indignemini,

2026 5183 2081 5230 et
2109 5175 2349 5242 exsequi;
2379 5182 2433 5228 et
2458 5173 2535 5229 sic
2572 5173 2674 5229 alia
2716 5175 3017 5241 innumera,
3070 5191 3189 5243 qua:
3233 5176 3414 5233 multis
3458 5181 3624 5239 variis

2026 5266 2342 5322 lcetionibus
2373 5266 2635 5336 originem
2663 5269 2880 5338 quidem
2925 5267 3215 5335 dederunt,
3256 5278 3313 5326 at
3342 5287 3614 5345 nunquam

2026 5361 2167 5430 apud
2196 5360 2341 5415 viros
2369 5360 2608 5416 eruditos
2638 5360 2691 5416 in
2723 5361 2942 5416 dubium
2975 5375 3229 5419 revocare
3258 5362 3499 5422 fecerunt
3525 5380 3625 5423 ve-

2026 5463 2139 5510 tera
2174 5463 2539 5521 monumenta,
2567 5469 2793 5526 quorum
2821 5468 2889 5508 ne
2916 5454 3133 5509 unicum
3162 5456 3393 5514 fortasse
3421 5459 3489 5515 ad
3518 5474 3622 5515 nos

2026 5547 2401 5603 intemeratum
2434 5547 2745 5617 pervenisse
2780 5546 2911 5603 alias
2933 5548 3218 5606 dicendum
3256 5559 3420 5607 esset.
3467 5551 3617 5609 Unde

2027 5654 2131 5694 non
2162 5639 2339 5694 minus
2374 5639 2671 5693 indubitata
2698 5637 2941 5709 Gregorii
2982 5656 3168 5711 opera,
3198 5659 3361 5713 quam
3389 5658 3472 5710 ea,
3497 5659 3619 5715 qua:

2024 5732 2343 5803 interpolata
2381 5748 2409 5787 a
2438 5731 2652 5787 Cointio
2677 5732 2949 5807 dicuntur,
2982 5737 3247 5807 ejusmodi
3289 5738 3621 5796 mutationes

2024 5827 2092 5882 ab
2112 5825 2528 5881 amanuensibus
2553 5828 2835 5896 pertulere.
2863 5826 2973 5885 Sed
3000 5829 3044 5884 si
3073 5840 3285 5886 veteres
3311 5829 3428 5883 illas
3459 5842 3621 5884 voces

2025 5935 2089 5977 ac
2124 5919 2419 5976 locutiones
2459 5918 2735 5988 barbaras,
2768 5928 2862 5977 aut
2889 5935 3113 5978 casuum
3162 5920 3484 5977 mutationes
3524 5931 3620 5974 ne-
