4086 6328
497 399 567 455 83
1943 383 2330 448 PRIElt‘ATIO.
3723 389 3787 446 ει

495 530 758 572 cessartas
778 515 996 569 omnino
1018 529 1136 569 esse
1159 509 1276 582 quis
1299 509 1586 566 contendat
1606 507 1670 564 ad
1693 507 2085 565 conciliandam
2113 516 2170 573 Α
2195 518 2360 564 sttora
2386 501 2729 562 monumenta
2755 499 2859 561 non
2883 519 3095 577 semper
3115 503 3215 561 sibi
3237 501 3520 562 constant:
3547 515 3599 562 et
3622 523 3779 568 unum

496 609 758 681 capitibus
781 609 904 676 illis,
929 623 1046 679 quae
1075 605 1391 676 interpolata
1415 609 1601 660 censet.
1624 602 1883 667 Cointius,
1907 612 2091 656 aucto-

495 702 732 767 ritatem,
748 716 810 756 ac
830 703 894 754 ad
920 697 1299 755 restituendam
1316 695 1559 768 Gregorii
1583 694 1834 764 operibus
1858 704 2086 750 nativam

483 793 744 858 formam,
775 809 880 848 non
905 794 1095 846 desunt
1124 790 1337 845 codices
1369 790 1572 859 antiqui
1599 791 1686 859 qui
1721 789 1839 842 illas
1867 789 2087 844 omnino

495 890 771 956 exhibent,
801 897 956 959 prout
985 901 1074 942 eas
1102 887 1280 956 reipsa
1313 888 1513 955 passim
1559 885 1613 938 in
1644 893 1824 938 nostra
1855 884 2088 939 editione

473 983 849 1049 ‘restituimus,
870 993 961 1039 aut
982 983 1388 1039 observavimus
1418 983 1469 1037 in
1495 983 1656 1047 notis,
1677 997 1794 1036 cum
1820 980 2087 1052 ejusmodi

494 1078 725 1135 insolitae
754 1079 1092 1148 exprimendi
1127 1076 1368 1130 formulm
1401 1075 1622 1130 nimium
1655 1075 1981 1130 facesserent
2011 1075 2088 1131 le-

493 1176 739 1247 gentibus
773 1176 1063 1247 negotium.
1106 1173 1406 1228 Occurrunt
1438 1181 1491 1228 et
1523 1173 1574 1227 in
1609 1169 1793 1227 iisdem
1823 1171 2088 1241 capitibus

489 1288 650 1328 voces
694 1273 937 1343 quaedam
984 1273 1314 1340 singulares,
1345 1287 1465 1342 quae
1507 1271 1746 1342 Gregorii
1787 1273 1982 1343 stylum
2032 1281 2088 1327 et

488 1367 704 1435 genium
730 1367 965 1436 sapiunt,
997 1365 1297 1434 cujusmodi
1328 1365 1437 1420 fere
1465 1371 1590 1420 sunt
1611 1366 1824 1420 intentio
1855 1366 1919 1420 ad
1950 1382 2084 1422 con—

485 1461 781 1514 tentionem
831 1459 1256 1527 exprimendam,
1306 1459 1494 1529 equites
1538 1474 1634 1527 pro
1675 1459 1843 1528 equis,
1893 1461 2085 1528 species

487 1541 585 1622 pro
615 1552 978 1606 mercimoniis
1023 1563 1112 1606 aut
1162 1551 1322 1606 rebus
1353 1550 1649 1618 venalibus,
1682 1567 1954 1605 consensus
1986 1567 2084 1622 pro

484 1645 842 1700 instrumento
894 1644 1193 1708 electionis,
1249 1643 1528 1698 cicindeltts
1577 1659 1673 1713 pro
1719 1643 1944 1699 candela
1994 1655 2084 1700 aut

481 1751 662 1801 cerea,
692 1735 938 1790 satellites
963 1750 1059 1804 pro
1085 1735 1265 1800 sociis,
1313 1735 1523 1788 manicis
1555 1735 1928 1805 apprehensus,
1954 1733 2083 1790 Bar-

481 1831 659 1896 barus,
691 1841 788 1901 pro
815 1829 1074 1895 Francus,
1102 1837 1154 1883 et
1176 1829 1274 1882 alia
1303 1827 1566 1898 ejusmodi
1588 1828 1724 1883 bene
1752 1829 1935 1895 multa,
1964 1845 2080 1900 qu:c
2115 1879 2122 1901 ε

2198 601 2450 670 idemque
2494 602 2689 655 factum
2718 616 2748 654 a
2772 600 3000 655 diversis
3047 601 3353 655 auctoribus
3387 602 3544 655 etiam
3579 600 3781 670 peritis,

2195 695 2285 764 qui
2318 694 2392 748 rei
2420 702 2583 762 gestae
2627 692 2992 758 interfuerint,
3022 692 3170 746 varie
3215 691 3454 746 enarrari
3479 692 3782 762 quotidiana

2196 791 2529 860 experientia
2562 799 2794 846 constat.
2827 789 2946 846 Jatu
2987 773 3055 845 ad
3098 789 3393 860 singulares
3421 787 3614 843 Cointii
3644 787 3783 843 dini-

2193 887 2418 942 cultates
2450 885 2808 941 enucleandas
2839 882 3177 940 accedamus.

2270 980 2389 1034 102.
2433 979 2570 1035 Nihil
2599 979 2818 1035 omnino
2849 981 2899 1032 in
2929 987 3039 1033 toto
3067 979 3237 1048 primo
3261 975 3510 1033 Historia:
3539 976 3677 1032 libro
3703 989 3784 1031 re-

2194 1075 2471 1144 prehendit
2501 1073 2766 1140 Coiutius,
2798 1089 2980 1142 quem,
3015 1087 3135 1126 curn
3167 1085 3252 1126 res
3281 1065 3331 1124 in
3363 1085 3428 1125 eo
3461 1079 3690 1125 narraltn
3719 1069 3782 1123 ad

2192 1166 2360 1235 ipsius
2398 1183 2503 1222 non
2534 1177 2773 1236 spectent
2807 1167 3130 1230 institutum,
3155 1165 3466 1220 examinare
3495 1180 3601 1219 non
3634 1179 3783 1218 cura-

2191 1263 2285 1317 vit.
2336 1262 2474 1317 Nihil
2508 1261 2668 1317 etiam
2702 1262 2862 1316 habet
2893 1261 2958 1314 de
3000 1258 3104 1314 illis
3142 1259 3390 1314 omnibus
3430 1257 3697 1327 capitulis,
3731 1256 3779 1310 in

2190 1357 2382 1428 quibus
2422 1371 2480 1411 ea
2526 1365 2860 1425 repetuntur,
2893 1369 3009 1424 quae
3043 1353 3328 1423 Gregorius
3376 1352 3429 1406 in
3473 1352 3591 1406 aliis
3637 1349 3781 1404 libris

2192 1457 2536 1504 tractaveral.
2598 1448 2861 1516 Pleraque
2906 1447 3066 1501 etiam
3116 1446 3219 1499 alia
3274 1444 3502 1514 capitula
3553 1443 3782 1497 admittit

2188 1541 2425 1612 quidem,
2464 1537 2524 1596 ut
2563 1549 2690 1611 pote
2729 1555 2849 1610 qua:
2877 1553 3004 1593 vera
3045 1547 3098 1592 et
3136 1550 3278 1592 certa
3320 1545 3562 1602 narrant,
3593 1535 3688 1590 sed
3718 1550 3779 1589 ea

2188 1637 2505 1708 interpolata
2537 1635 2608 1690 ob
2638 1635 2687 1689 id
2717 1637 2890 1690 solum
2923 1643 3126 1696 censet,
3159 1631 3300 1702 quod
3331 1631 3381 1686 in
3415 1632 3618 1700 aliquot
3648 1627 3779 1684 scri-

2186 1729 2292 1800 ptis
2316 1729 2590 1783 codicibus
2617 1728 2812 1784 desiut.
2861 1727 2966 1782 Sed
2990 1727 3057 1781 de
3087 1727 3170 1781 his
3204 1725 3362 1780 modo
3389 1734 3566 1778 actum
3597 1731 3700 1787 est,
3728 1729 3779 1776 et

2188 1821 2337 1888 plura
2371 1822 2555 1877 dicere
2579 1822 2764 1876 inutile
2788 1819 2943 1876 foret.
2985 1818 3194 1874 Gtt-tera
3225 1827 3403 1872 autem
3432 1817 3632 1887 capita,
3664 1829 3778 1884 quae

481 1925 664 1981 nullus
697 1899 810 1979 non
854 1923 1142 1979 observare
1182 1930 1384 1991 potest,
1417 1923 1592 1992 qualia
1644 1923 1696 1977 in
1745 1899 2079 1982 onomastieo
2111 1899 2157 1960 Β
2185 1914 2255 1969 0b
2282 1913 2608 1983 Ρθουιῑτπεῐη
2651 1913 2882 1979 aliquam
2927 1913 3195 1965 rali‘mem
3245 1910 3439 1977 relic".
3495 1910 3580 1964 hic
3625 1905 3776 1963 ηοδῖε

480 2014 658 2070 indice
688 2015 754 2070 ad
785 2015 986 2070 calcem
1019 2013 1178 2084 hujus
1209 2013 1496 2068 voluminis
1523 2015 1860 2083 collegimus.

555 2108 648 2161 lOl
664 2148 676 2160 .
703 2105 818 2163 Non
843 2107 1057 2176 majoris
1080 2117 1162 2161 est
1186 2106 1445 2160 momenti
1464 2105 1659 2162 Cointii
1682 2119 2078 2179 argumentum,

479 2215 585 2268 quo
637 2200 800 2254 multa
847 2198 901 2254 in
949 2197 1213 2269 capitibus
1265 2199 1597 2268 interpolatis
1649 2201 1844 2268 passim
1893 2201 2077 2258 haberi

477 2293 776 2358 contendit,
826 2291 1049 2347 sinceris
1077 2289 1321 2362 Gregorii
1369 2292 1620 2360 operibus
1672 2309 1775 2346 non
1809 2294 1946 2350 bene
1987 2311 2081 2351 co-

478 2385 758 2448 ba'srentia,
806 2382 970 2437 immo
1017 2391 1071 2438 et
1118 2382 1250 2450 ipsis
1294 2383 1582 2438 contraria.
1641 2382 1846 2438 Deinde
1877 2384 2078 2453 profert

477 2476 682 2545 aliquot
711 2475 849 2538 loca,
875 2474 928 2529 in
955 2472 1150 2543 quibus
1186 2472 1274 2528 ille
1305 2482 1512 2540 auctor,
1541 2488 1656 2541 seu,
1689 2484 1745 2527 ut
1788 2475 1878 2540 ait,
1912 2475 2076 2530 inter-

478 2571 716 2642 polator,
748 2585 856 2623 non
900 2567 1026 2622 satis
1058 2567 1261 2638 aliquot
1294 2577 1602 2622 sanctorum
1634 2567 1868 2622 virorum
1922 2569 2076 2624 fanne

479 2659 820 2716 consuluisse
871 2659 1128 2724 videtur;
1210 2658 1568 2728 nonnullaque
1641 2659 1742 2713 alia
1797 2669 2076 2716 auctorum

477 2754 832 2823 coaaqualium
877 2747 1201 2808 testimoniis
1232 2753 1476 2821 opposita
1508 2753 1775 2819 retulisse,
1809 2752 1880 2808 ita
1921 2763 1995 2820 ut,
2031 2758 2076 2809 si

475 2847 847 2913 admittantur,
898 2855 984 2901 aut
1028 2845 1193 2915 ipsos,
1243 2855 1333 2900 aut
1366 2855 1510 2901 certe
1533 2846 1847 2916 Gregorium
1889 2863 1916 2901 a
1947 2857 2074 2904 Vero

474 2941 758 2998 aberrasse
808 2938 1083 2994 fatendutn
1136 2939 1205 2994 sit
1250 2958 1265 2993 :
1312 2955 1429 3007 quae
1477 2940 1703 3008 proinde
1748 2943 1927 2996 omnia
1978 2957 2074 3012 pro

471 3038 618 3093 veris
648 3036 893 3102 Gregorii
927 3035 1121 3089 fetibus
1153 3033 1336 3090 haberi
1369 3051 1473 3088 non
1502 3035 1717 3090 debent.
1749 3033 1844 3090 His
1876 3035 2074 3106 quippe

471 3129 722 3184 omnibus
754 3144 861 3183 uno
892 3126 1056 3183 verbo
1084 3127 1270 3197 reponi
1294 3137 1494 3198 posset,
1521 3128 1662 3197 quod
1686 3131 1784 3184 etsi
1815 3129 2072 3184 nonnulla

470 3217 736 3287 ejusmodi
782 3219 834 3271 in
875 3218 1141 3286 capitibus
1180 3219 1546 3273 controversis
1581 3219 1928 3284 haberentur,
1963 3233 2070 3274 non

472 3402 638 3456 multa
679 3401 732 3455 in
779 3399 1008 3456 sinceris
1033 3401 1276 3471 Gregorii
1325 3399 1588 3469 capitibus
1638 3401 1918 3467 habentur,
1951 3417 2067 3474 quae

474 3509 596 3549 cum
623 3493 742 3564 ipso
791 3493 1051 3563 Gregorio
1073 3503 1160 3547 aut
1191 3493 1310 3549 aliis
1340 3497 1701 3550 monumentis
1733 3511 1837 3552 non
1863 3513 2067 3553 conve-

470 3586 640 3640 niunt.
685 3582 800 3642 Hoc
845 3585 1023 3656 ipsum
1054 3585 1299 3640 Cointius
1331 3601 1437 3640 non
1477 3586 1644 3642 semel
1677 3588 1824 3642 fateri
1862 3592 2069 3660 cogitur

469 3677 524 3734 in
555 3679 882 3745 Annalibus;
932 3681 1095 3752 idque
1144 3680 1327 3736 multis
1377 3682 1636 3751 exemplis
1678 3681 2069 3738 demonstravit

469 3770 718 3829 Valesius
747 3773 798 3828 in
824 3773 1139 3843 praefatione
1167 3773 1229 3826 ad
1265 3783 1463 3828 tomum
1491 3773 1533 3828 ll
1558 3773 1752 3830 Rerum
1785 3774 2068 3832 Francica-

468 3882 611 3922 rum.
643 3866 729 3922 Sic
771 3867 912 3922 libro
942 3883 997 3934 ιι,
1034 3865 1212 3937 rapite
1245 3866 1453 3936 ultimo,
1485 3866 1858 3923 Chlodoveum
1884 3885 2062 3940 regem

465 3973 610 4013 anno
653 3959 713 4013 ll
759 3960 951 4014 Licinii
1003 3960 1238 4029 episcopi
1291 3959 1623 4016 Turonensis
1670 3962 1777 4016 fato
1827 3962 2067 4018 functum

465 4050 637 4104 fuisse
687 4050 912 4106 scribit:
943 4060 996 4105 et
1025 4061 1202 4106 tamen
1249 4065 1453 4109 certum
1497 4067 1578 4109 est
1612 4055 1846 4110 Leonem
1880 4055 2067 4111 Licinii

469 4151 841 4197 successorem
897 4143 1263 4212 quinquennio
1314 4155 1438 4199 aute
1489 4146 1783 4203 Chlodovei
1839 4161 2066 4205 mortem

467 4250 565 4306 per
613 4235 834 4290 missum
895 4251 1047 4291 suum
1099 4238 1326 4292 concilio
1371 4239 1666 4309 Agathensi
1739 4241 2064 4300 interfuisse.

469 4327 864 4385 Guntramnnm
917 4331 1058 4384 inter
1106 4332 1510 4401 etSigibertum
1560 4333 1757 4388 bellum
1805 4337 2069 4393 exarsisse

467 4421 541 4476 ait
571 4423 708 4477 libro
734 4439 806 4490 tv,
837 4424 1013 4491 capite
1045 4421 1135 4489 42,
1186 4425 1350 4493 quod,
1379 4425 1496 4494 ipso
1526 4437 1804 4483 asserente
1835 4428 2065 4496 Cointio,

468 4527 658 4568 verum
690 4529 796 4568 non
837 4524 937 4568 est.
987 4514 1321 4583 Ghilpericus
1353 4518 1641 4572 Suessione
1690 4519 1959 4576 exstitis~e
1989 4523 2068 4575 tli-

468 4608 606 4662 citur
636 4609 772 4663 llbl'O
803 4623 857 4677 v,
891 4609 1156 4676 capitibus
1179 4611 1212 4661 2
1233 4610 1361 4676 et5,
1394 4621 1447 4667 et
1477 4621 1652 4666 tamen
1682 4611 1808 4668 inde
1830 4613 2065 4671 abfuisse

2185 2007 2536 2062 examinanda
2579 2013 2804 2063 restant.
2848 2003 2991 2061 Libri
3018 2019 3055 2059 ιι
3115 2001 3365 2074 caput56
3394 2001 3462 2056 ab
3489 2000 3779 2069 interpola-

2185 2113 2304 2158 tore
2325 2103 2561 2157 additum
2590 2119 2707 2158 esse
2732 2109 2882 2173 putat
2906 2100 2985 2155 vir
3012 2099 3270 2162 eruditus,
3299 2096 3438 2168 quod
3465 2109 3552 2151 res
3581 2111 3645 2152 eo
3675 2095 3776 2151 loci

2183 2195 2250 2250 de
2295 2205 2482 2249 sancto
2512 2195 2799 2262 Quintiano
2852 2202 3161 2248 memorata:
3209 2201 3540 2263 pra-postero
3591 2188 3778 2244 ordine

2181 2291 2516 2356 referantur;
2568 2290 2641 2344 ibi
2675 2291 2867 2360 quippe
2909 2288 3077 2343 sancti
3109 2287 3206 2342 viri
3245 2302 3274 2340 e
3303 2285 3430 2340 sede
3459 2283 3704 2354 expulsio
3747 2297 3776 2339 a

2184 2385 2396 2442 Gotthis
2436 2385 2573 2441 facta
2615 2393 2885 2454 narratur,
2932 2401 3048 2453 qua:
3080 2384 3249 2439 multo
3290 2394 3412 2438 ante
3455 2381 3776 2452 contigerat.

2183 2485 2356 2551 Atque
2389 2481 2439 2535 id
2486 2481 2701 2551 quidem
2733 2475 2871 2534 haud
2904 2481 3168 2545 diflitear;
3201 2475 3292 2533 sed
3335 2476 3464 2531 nihil
3497 2471 3619 2530 inde
3649 2491 3778 2530 con-

2183 2573 2378 2628 ﬁcitur.
2414 2574 2525 2628 Non
2553 2573 2694 2629 enim
2719 2569 2805 2626 hic
2828 2573 3118 2643 Gregorius
3148 2570 3307 2626 refert
3332 2555 3682 2638 Quintianum
3713 2584 3778 2624 eo

2181 2666 2300 2734 ipso
2329 2681 2470 2719 anno
2499 2666 2708 2736 pulsum
2757 2665 2940 2732 fuisse,
2975 2663 3118 2735 quod
3161 2679 3290 2719 sane
3331 2664 3520 2717 falsum
3565 2661 3774 2728 fuisset,

2181 2760 2275 2815 sed
2304 2763 2524 2831 loquens
2554 2759 2620 2816 de
2650 2760 2884 2813 maxima
2915 2758 3187 2814 Gallorum
3220 2771 3347 2823 erga
3380 2755 3614 2811 Francos
3646 2767 3776 2822 pro-

2181 2855 2460 2924 pensione,
2493 2868 2560 2909 ex
2590 2868 2649 2906 ea
2682 2852 3003 2906 concitatam
3035 2851 3107 2904 ait
3137 2849 3456 2905 Gotthorum
3486 2843 3773 2912 invidiam,

2179 2946 2268 3017 qui
2298 2947 2499 3002 idcirco
2525 2948 2832 3017 complures
2869 2945 3152 3015 episcopos
3191 2961 3221 2999 e
3259 2942 3387 2998 sede
3430 2947 3522 2995 Sua
3562 2939 3777 3010 dcjece-

2179 3049 2302 3095 rant
2327 3057 2338 3094 :
2365 3055 2466 3111 qua
2499 3042 2784 3097 occasione
2811 3038 3107 3110 Gregorius
3137 3039 3343 3093 illustre
3372 3035 3575 3107 profert
3603 3033 3774 3088 sancti

2178 3137 2450 3205 Quintiani
2483 3138 2786 3208 exemplum
2817 3155 2829 3191 :
2855 3136 3065 3191 tametsi
3100 3135 3268 3191 multo
3298 3142 3422 3188 ante
3453 3129 3504 3188 id
3539 3142 3773 3200 tempus,

2133 3281 2140 3295 ρ
2181 3231 2359 3287 relicta
2388 3231 2537 3295 sede,
2569 3245 2635 3286 ex
2663 3231 2793 3286 urbe
2829 3237 3164 3286 excesserat.

470 3312 653 3364 statim
700 3323 888 3365 eorum
945 3309 1340 3364 convelleretur
1369 3308 1682 3372 auctoritas,
1726 3310 1988 3379 siquidem
2019 3318 2072 3366 et
2099 3293 2147 3358 C

2257 3322 2451 3380 105.1n
2484 3325 2638 3378 tertio
2663 3323 2800 3378 libro
2824 3321 2966 3376 nulla
2994 3330 3077 3376 est
3103 3319 3490 3376 controversia:
3523 3316 3773 3385 materia,

2175 3437 2297 3476 cum
2325 3420 2466 3474 hunc
2492 3419 2686 3474 librum
2716 3434 2904 3474 omnes
2927 3417 3145 3471 omnino
3167 3416 3400 3474 codices.
3426 3411 3552 3468 editi
3575 3411 3776 3482 pariter

2174 3523 2228 3568 ct
2249 3513 2458 3581 scripti,
2490 3511 2753 3580 integrum
2786 3517 3196 3574 repraesentem.
3226 3503 3369 3562 Libri
3394 3504 3570 3576 quarti
3596 3495 3775 3573 capita

2175 3607 2227 3676 5,
2254 3606 2308 3677 6,
2335 3607 2390 3673 '7,
2430 3605 2481 3658 ll
2523 3616 2576 3661 et
2606 3604 2692 3673 12,
2724 3604 2776 3659 ἰιι
2810 3603 3128 3674 quibusdam
3158 3599 3432 3654 codicibus
3462 3591 3775 3652 desiderab-

2176 3713 2282 3770 Iur,
2315 3700 2478 3771 quod,
2504 3711 2560 3756 ut
2587 3701 2742 3754 nobis
2770 3712 3080 3767 persuasum
3105 3705 3206 3761 est,
3235 3693 3362 3748 nihil
3393 3692 3456 3747 ad
3484 3687 3774 3746 Historiam

2176 3793 2505 3848 Francorum
2581 3789 2888 3862 generalem
2964 3789 3314 3859 pertinerent.
3367 3785 3435 3839 At
3479 3783 3774 3838 subornata

2175 3903 2323 3952 esse,
2371 3887 2680 3954 nullamque
2727 3882 2921 3938 mereri
2973 3879 3128 3935 fidem
3179 3876 3456 3935 contendit
3500 3875 3770 3940 Cointius,

2175 3980 2315 4051 quod
2349 3980 2412 4034 iis
2454 3979 2704 4034 admissis
2732 3976 3033 4047 Aquitania
3082 3973 3268 4042 primae
3296 3971 3595 4042 pontifices,
3630 3969 3775 4024 inter

2175 4086 2308 4140 quos
2361 4070 2604 4124 nonnulli
2653 4068 2918 4138 hodieque
2984 4065 3151 4121 sancti
3214 4065 3367 4118 titulo
3417 4060 3772 4127 decorantur,

2173 4161 2357 4226 quales
2400 4161 2548 4216 fuere
2581 4160 2877 4214 Probianus
2908 4147 3202 4224 Biturigum
3246 4163 3298 4208 et
3333 4151 3628 4207 Dalmatius
3662 4149 3772 4202 ltu—

2176 4251 2461 4305 tltenorum
2501 4268 2546 4316 e,
2573 4249 2763 4319 iscopi,
2800 4248 3019 4303 maximi
3051 4245 3290 4301 criminis
3334 4244 3409 4298 rei
3440 4241 3651 4298 dicendi
3684 4241 3770 4294 fo-

2173 4356 2314 4411 rent,
2345 4344 2436 4415 qui
2469 4346 2780 4415 episcopum
2814 4343 3116 4397 inconsulto
3140 4356 3264 4410 rege
3288 4337 3538 4394 ordinare
3560 4335 3771 4390 'delibe—

2172 4445 2442 4501 raverant,
2473 4445 2525 4490 et
2547 4436 2763 4505 quidem
2800 4434 2887 4488 tali
2917 4434 3175 4503 dignitate
3206 4446 3424 4502 prorsus
3470 4429 3769 4498 indignum,

2171 4528 2430 4584 Catonem
2461 4529 2685 4595 scilicet,
2718 4529 2808 4598 qui
2841 4527 3088 4596 superbia
3121 4529 3254 4582 adeo
3281 4523 3515 4581 tumidus
3541 4533 3672 4587 erat,
3713 4533 3771 4577 ut

2176 4624 2444 4675 neminem
2474 4637 2531 4676 se
2561 4621 2859 4690 digniorem
2886 4616 3200 4692 episcmiatu
3231 4619 3600 4673 arbitraretur.
3627 4615 3772 4670 Cau-

467 4701 552 4756 his
590 4701 720 4771 ipsis
761 4703 890 4756 locis
940 4706 1388 4771 prtesupponitur.
1436 4697 1553 4760 Alia
1594 4707 1747 4761 mitto
1795 4712 2058 4780 exempla,
2090 4692 2144 4754 Β
2171 4715 2312 4768 tinus
2345 4715 2539 4780 etiam,
2579 4717 2665 4782 qui
2709 4714 2773 4768 ad
2821 4714 3188 4784 episcotiatum
3232 4717 3506 4777 promotus
3546 4703 3651 4772 cst,
3685 4707 3771 4762 his

468 4807 589 4864 quae
626 4799 704 4849 vel
753 4811 817 4851 ex
862 4797 993 4863 ipsis
1018 4797 1213 4851 Cointii
1255 4799 1506 4866 operibus
1554 4801 1707 4858 facile
1751 4805 2062 4873 suppedita-

465 4887 692 4955 buntur,
716 4890 1014 4959 cujusmodi
1041 4892 1182 4946 nulla
1208 4894 1258 4946 in
1290 4894 1572 4963 capitibus,
1599 4913 1718 4966 qua:
1742 4898 2061 4967 interpolata

467 4990 653 5036 censet
672 4981 938 5050 Cointius,
977 4984 1201 5039 inveniri
1230 4999 1471 5055 possunt.
1502 4987 1637 5043 Loca
1670 4999 1846 5046 autem
1881 4993 2062 5057 singu-

467 5074 600 5130 laria
633 5091 749 5144 qum
782 5079 919 5131 hanc
959 5079 1009 5131 in
1040 5089 1152 5132 rem
1184 5079 1368 5149 objicit
1395 5083 1472 5136 vir
1500 5083 1762 5150 eruditus,
1788 5085 1900 5139 suis
1929 5083 2059 5138 locis

470 5168 918 5223 examinabimns.
964 5169 1120 5236 Quod
1163 5173 1207 5225 si
1253 5171 1410 5228 famae
1461 5186 1769 5229 sanctorum
1824 5177 2059 5232 xirorum

468 5256 791 5328 quandoque
835 5261 1010 5315 minus
1050 5265 1381 5321 consuluisse
1422 5266 1632 5321 videtur
1667 5265 1976 5338 Gregorius,
2009 5269 2059 5323 id

467 5349 586 5418 ejus
610 5351 831 5406 candori
862 5367 923 5406 ac
954 5354 1166 5411 sincero
1195 5357 1375 5412 animo
1408 5357 1772 5425 tribuendum,
1807 5361 1892 5428 qui
1922 5361 2055 5414 facta

469 5441 770 5508 hominum,
823 5456 977 5514 prout
1021 5464 1084 5504 ea
1143 5463 1386 5517 noverat,
1442 5453 1675 5520 genuine
1725 5453 2056 5519 exoonebat,

443 5534 616 5600 nullo
663 5547 909 5606 respectu
963 5537 1330 5608 icrsonarum.
1386 5541 1571 5611 Neque
1619 5559 1744 5598 vero
1771 5543 2054 5612 quisquam

462 5626 672 5694 credat,
719 5631 1001 5687 laudabilia
1043 5635 1208 5690 fuisse
1254 5638 1489 5690 virorum
1525 5635 1684 5690 etiam
1728 5637 2053 5691 sanctiorum

469 5721 646 5774 omnia
670 5737 852 5791 Opera.
901 5725 968 5779 Et
1006 5727 1220 5795 quidem
1253 5728 1321 5781 ab
1342 5727 1576 5793 antiquis
1605 5740 1763 5795 atque
1789 5728 1949 5781 etiam
1989 5728 2056 5783 ab

465 5815 585 5870 aliis
613 5821 696 5872 sui
728 5820 825 5872 aevi
875 5821 1189 5874 auctoribus
1239 5835 1621 5889 nonnunquam
1653 5822 1898 5877 dissentit
1925 5823 2056 5878 Gre-

464 5909 646 5969 gorius
672 5927 684 5964 :
710 5911 853 5979 quod
887 5911 1078 5964 mirmn
1107 5928 1211 5966 non
1243 5921 1346 5978 est,
1379 5913 1643 5980 siquidem
1669 5921 1722 5970 et
1755 5915 1864 5985 ipsa
1898 5921 2049 5971 retu-

2169 4806 2438 4862 coloribus
2486 4807 2537 4861 in
2589 4808 2704 4862 istis
2747 4807 3015 4877 capitibus
3057 4805 3377 4876 depingitur,
3420 4811 3476 4856 ut
3522 4807 3770 4855 extremo

2168 4899 2430 4968 supplicio
2480 4899 2657 4968 potius
2705 4897 3006 4968 puniendus
3050 4898 3256 4961 fuisset,
3288 4909 3445 4967 quam
3475 4892 3768 4963 episcopali

2167 4992 2296 5047 sedc
2324 4993 2625 5048 donandus.
2663 4995 2784 5047 llaec
2815 4992 3094 5046 Cointius:
3137 4992 3229 5045 sed
3258 5003 3374 5058 qua:
3419 4988 3678 5041 factorum
3711 4985 3768 5039 in

2167 5086 2253 5140 his
2280 5086 2543 5155 capitibus
2576 5087 2866 5141 relatorum
2895 5085 3266 5138 auctoritatem
3294 5082 3512 5135 minime
3542 5076 3771 5132 convel-

2171 5180 2304 5234 lunt.
2360 5175 2710 5249 Improbanda
2759 5179 2956 5247 quippe
2998 5183 3082 5229 est
3121 5171 3430 5243 pontificum
3463 5165 3772 5234 Aquitania:

2168 5272 2409 5340 audacia,
2450 5273 2539 5342 qui
2571 5287 2696 5342 rege
2748 5270 3051 5326 inconsulto
3087 5267 3419 5336 epis'cdpum,
3466 5261 3708 5333 quamvis
3738 5277 3771 5319 a

2165 5363 2313 5417 clero
2342 5373 2394 5416 et
2420 5363 2614 5431 populo
2646 5359 2897 5426 eleCtum,
2949 5359 3200 5415 ordinare
3227 5358 3624 5425 disposuerant.
3657 5351 3788 5432 Sed

2170 5455 2244 5509 rei
2279 5452 2563 5508 insolentia
2597 5453 2719 5507 facti
2753 5453 3029 5505 veritatem
3079 5465 3183 5505 non
3211 5445 3409 5517 elevat,
3447 5461 3568 5518 quae
3597 5447 3772 5500 etiam

2165 5547 2283 5602 aliis
2314 5547 2583 5616 exotnplis
2627 5544 2929 5598 confirmari
2964 5553 3162 5613 posset.
3207 5543 3367 5598 Certe
3398 5542 3566 5595 multo
3598 5538 3739 5593 auda
3761 5569 3773 5580 -

2165 5639 2280 5692 cior
2331 5638 2428 5692 fuit
2479 5637 2699 5692 alterius
2751 5637 3081 5706 Aquitaniae,
3129 5636 3181 5690 id
3232 5646 3315 5690 εει.
3368 5632 3771 5702 Burdigalensis

2167 5729 2490 5797 provincite,
2546 5729 2918 5798 epiScOporum
2967 5740 3229 5794 conatus,
3312 5728 3400 5798 qui
3450 5717 3768 5781 Eumer-ium

2166 5820 2558 5878 Santoueusem
2603 5823 2912 5890 episcopum
2960 5835 2990 5877 e
3030 5823 3158 5876 sede
3188 5821 3626 5886 deturbaveraut,
3657 5817 3770 5873 ne-

2165 5916 2331 5972 reclio
2351 5915 2457 5986 jam
2489 5918 2538 5972 i'u
2569 5915 2685 5986 ejus
2709 5914 2883 5971 locum
2911 5916 3219 5984 substituto,
3247 5910 3386 5985 quod
3413 5911 3771 5983 praecipiente
