4086 6328
352 351 424 407 ss
1783 330 2177 413 ramento.
3574 355 3643 410 at.

355 486 490 545 rege
524 468 729 543 absque
784 472 1181 544 metropiﬂitani
1234 472 1522 545 praesentia
1577 470 1764 528 fuisset
1809 470 1953 527 ordi-
1982 466 2302 537 AGregorii
2340 463 2717 540 Lingonensis,
2766 469 2956 527 Nicetii
2994 471 3363 543 Lugdunensis
3417 474 3470 527 et
3512 470 3650 527 Galli
3684 475 3695 482 ’

356 574 538 621 natus.
570 564 678 621 Res
702 576 879 622 tamen
898 566 1173 623 habuisset
1194 564 1462 634 el’fectum,
1488 566 1591 623 nisi
1617 565 1956 621 obstitissent

356 661 659 717 Cltaribertl
691 662 835 733 regis
863 662 1022 716 minae
1060 663 1148 732 qui
1181 662 1250 717 oh
1283 663 1447 732 patris
1476 662 1558 716 sui
1597 661 1956 716 reverentiam

358 755 543 811 irritos
562 754 799 811 reddidit
822 755 1199 825 episcoporum
1225 765 1471 810 conatus.
1504 752 1715 809 EtCato
1738 752 1957 823 quidem

358 849 613 918 superbia
658 848 895 904 tumidus
924 856 1038 904 erat
1071 866 1081 902 :
1117 851 1213 904 sed
1258 849 1327 904 ob
1373 848 1505 903 alias
1534 847 1710 911 dotes,
1742 845 1959 916 potissi-

362 958 513 999 mum
547 942 618 998 ob
649 941 1075 998 misericordiam
1105 942 1156 997 in
1191 956 1455 1012 pauperes
1487 941 1557 996 ita
1592 938 1734 1010 plebi
1766 953 1956 1009 accep-

359 1047 507 1107 ptus,
538 1045 597 1091 ut
643 1037 823 1092 nullus
868 1052 973 1091 non
1016 1051 1139 1090 eum
1188 1036 1386 1090 habere
1430 1034 1589 1090 vellet
1616 1033 1955 1103 episcopum.

364 1132 661 1203 Utrumque
701 1148 767 1187 ex
811 1134 929 1201 ipso
978 1131 1238 1203 Gregorio
1287 1138 1493 1187 certum
1535 1136 1634 1195 est,
1669 1134 1733 1185 ex
1786 1127 1963 1199 capite

362 1228 568 1284 scilicet
589 1227 679 1292 5t,
708 1227 851 1295 quod
876 1222 1254 1291 indubitatum,
1286 1226 1446 1280 etiam
1473 1225 1700 1289 Cointio,
1733 1218 1963 1276 habetur

366 1322 454 1377 ubi
484 1322 550 1376 de
577 1320 819 1391 ejusdem
844 1321 1059 1374 Catonis
1098 1326 1291 1384 morte,
1323 1334 1479 1389 quam
1520 1318 1571 1373 in
1611 1316 1964 1372 sollicitandis

367 1415 685 1486 pauperibus
706 1427 945 1483 tempore
976 1413 1141 1483 pestis
1173 1414 1413 1477 incurrit,
1443 1428 1628 1484 agens,
1662 1412 1761 1465 ait:
1782 1410 1965 1463 Multa:

366 1509 699 1562 humanitatis
725 1509 820 1576 fuit
844 1515 889 1560 et
904 1507 1025 1560 satis
1045 1523 1325 1577 pauperum
1343 1506 1589 1569 dilector;
1617 1515 1662 1559 et
1690 1506 1841 1559 credo
1858 1505 1964 1558 lucc

368 1615 526 1654 causa
563 1601 609 1651 ei
643 1600 687 1652 si
722 1599 846 1669 quid
882 1597 1133 1667 superbia:
1165 1598 1360 1665 habuit,
1399 1598 1823 1652 medicamentum
1846 1597 1960 1665 fuit.

368 1692 649 1747 Gaulinum
696 1704 827 1749 vero
889 1696 1268 1759 saevissimum,
1338 1711 1399 1751 ac
1454 1694 1747 1764 episcopali
1798 1692 1965 1764 gradu

370 1789 529 1862 plane
554 1785 833 1855 indignum
863 1786 914 1840 in
946 1785 1062 1840 istis
1091 1786 1353 1854 capitibus
1382 1786 1625 1841 exhiberi
1662 1785 1802 1840 ultro
1830 1786 1962 1840 fate-

2062 559 2421 617 Arvernensis
2450 563 2610 631 vitas,
2639 563 2735 619 hos
2758 574 2972 620 sanctos
3006 566 3147 619 viros
3177 566 3492 638 cognatione
3521 580 3648 620 con-

2056 653 2277 724 junctos
2303 653 2469 712 fuisse
2490 654 2651 713 facile
2678 658 3061 727 deprehendet,
3098 660 3340 729 quamvis
3386 659 3435 714 id
3468 669 3649 729 aperte

2063 762 2168 800 non
2200 748 2478 817 scripserit
2503 750 2812 822 Gregorius.
2842 752 2993 820 Quod
3037 752 3232 807 Felicis
3276 753 3650 808 Nautnetcnsis

2065 840 2410 898 sanctitatem
2440 853 2689 912 Spectat,
2723 846 2883 916 idque
2929 856 3009 901 est
3056 848 3281 901 alterum
3336 847 3653 917 objectionis

2063 930 2366 988 Coinlianm
2389 945 2583 1002 caput,
2618 937 2664 990 ei
2710 939 2921 1008 quidettt
2976 938 3262 995 detrahere
3306 942 3513 993 animus
3548 957 3654 995 lll‘ll

2065 1035 2164 1080 est.
2201 1026 2306 1082 Sed
2338 1035 2555 1082 sanctos
2599 1030 2741 1082 viros
2774 1047 2950 1085 naevos
2997 1049 3120 1085 suos
3157 1033 3409 1087 habuisse
3437 1030 3652 1087 dilﬁteri

2067 1133 2174 1174 non
2210 1134 2518 1188 possumus,
2546 1135 2678 1190 quos
2723 1118 2863 1175 forte
2914 1122 3145 1192 majores
3193 1138 3351 1193 quam
3384 1122 3557 1192 rcipsa
3603 1124 3654 1175 in

2068 1213 2247 1270 Felice
2277 1226 2460 1271 essent
2487 1262 2499 1285 ,
2534 1216 2822 1271 arbitratus
2866 1226 2948 1271 est
2999 1220 3131 1271 bona
3169 1218 3271 1271 [ide
3318 1218 3608 1286 Gregorius
3640 1236 3653 1270 ε

2068 1306 2160 1360 sed
2195 1305 2295 1361 hoc
2326 1307 2571 1361 humanae
2605 1307 2961 1362 imbecillitati
2996 1307 3435 1362 eondonantlut‘n.
3467 1306 3648 1369 Certe,

2068 1399 2185 1470 ipso
2213 1399 2415 1455 fatente
2443 1401 2653 1455 (lointio
2678 1401 2742 1454 ad
2783 1416 2981 1455 annum
3016 1402 3138 1467 3‘82,
3175 1418 3320 1455 num.
3360 1400 3413 1467 ei,
3459 1400 3660 1469 Grego-

2070 1498 2184 1551 rius
2210 1496 2346 1550 lihro
2379 1512 2449 1559 vr,
2484 1498 2660 1567 capite
2696 1496 2782 1561 16,
2810 1496 3059 1552 eumdem
3107 1493 3335 1548 Felicem
3368 1494 3656 1548 iracuudhe

2071 1604 2133 1643 ac
2159 1589 2269 1642 (loli
2303 1590 2477 1657 palam
2510 1588 2817 1655 insimulat,
2853 1600 2903 1643 et
2930 1598 3103 1642 tamen
3132 1586 3234 1640 hoc
3264 1599 3419 1655 caput
3455 1588 3505 1639 in
3538 1602 3656 1639 om—

2072 1681 2230 1736 nibus
2270 1681 2483 1749 scriptis
2510 1722 2525 1748 ,
2555 1682 2717 1736 etiam
2756 1680 3069 1735 Corbeieusi
3116 1678 3381 1743 habetur;
3425 1678 3549 1745 quin
3602 1686 3655 1731 et

2072 1789 2191 1829 cum
2223 1774 2492 1843 superiori
2534 1775 2709 1841 capite
2760 1774 3123 1845 conjungilur,
3154 1770 3296 1842 quod
3344 1770 3511 1826 Felici
3558 1786 3663 1824 non

369 1860 491 1932 mur
523 1893 538 1931 :
572 1877 664 1931 sed
693 1877 796 1931 nisi
826 1892 949 1932 eum
983 1880 1139 1932 talem
1175 1891 1281 1932 non
1314 1876 1480 1932 fuisse
1508 1882 1700 1947 probet
1725 1875 1965 1932 Cointius
2077 1863 2241 1917 ιηυιίο
2264 1862 2607 1917 favorabilius
2632 1871 2732 1918 93i-

369 1983 438 2025 εχ
476 1971 656 2039 probis
702 1970 1037 2036 auctoribus,
1080 1970 1209 2026 nihil
1252 1971 1471 2025 omnino
1520 1971 1776 2025 adversus
1811 1970 1968 2039 hujus

373 2063 625 2117 Historiae
671 2064 946 2117 veritatem
992 2062 1222 2118 evincet.
1300 2062 1408 2118 Nec
1455 2062 1581 2116 illud
1628 2062 1777 2131 juvat
1825 2062 1967 2131 quod

374 2154 634 2209 Cautinus
663 2170 695 2209 e
724 2156 853 2209 sede
876 2169 969 2208 sua
1002 2170 1272 2224 nunquam
1306 2153 1615 2207 exturbatus
1640 2152 1818 2220 fuerit,
1847 2168 1967 2208 cum

373 2260 534 2301 nemo
560 2246 767 2301 nesciat
796 2244 1041 2315 Gregorii
1073 2254 1232 2301 aetate
1264 2247 1445 2315 plures
1475 2245 1774 2314 episcopos,
1805 2244 1971 2300 variis

378 2336 613 2393 irretitus
638 2338 973 2404 criminibus,
998 2338 1065 2391 ad
1093 2347 1321 2393 mortem
1350 2354 1515 2407 usque
1541 2339 1591 2393 in
1619 2338 1729 2392 suis
1756 2338 1971 2395 sedibus

379 2445 782 2501 perseverasse,
815 2430 954 2501 qttod
986 2432 1188 2484 utinam
1223 2441 1297 2485 tot
1329 2431 1589 2500 exemplis
1622 2431 1832 2500 probari
1868 2448 1972 2487 non

378 2534 578 2595 posset.
601 2524 845 2583 Sulliciat
863 2525 1099 2580 Melantii
1125 2526 1176 2579 in
1197 2526 1507 2580 Praetextati
1526 2526 1974 2596 Rotltomagcnsis

379 2618 552 2672 locum
621 2618 815 2671 intrusi
882 2618 1188 2687 exemplum
1230 2618 1489 2686 proferre.
1536 2618 1784 2685 Ejusdem
1856 2618 1974 2672 libri

380 2710 559 2779 quarti
596 2718 757 2778 caput
777 2710 843 2765 19
874 2709 1046 2780 rejicit
1075 2711 1215 2780 quod
1264 2710 1315 2764 in
1345 2710 1618 2766 codicibus
1649 2711 1855 2765 duobus
1885 2714 1974 2766 de-

384 2800 673 2866 sideretur,
723 2815 819 2856 nec
860 2802 991 2855 satis
1033 2810 1283 2857 accurate
1327 2803 1497 2857 sancti
1532 2802 1768 2857 Medardi
1800 2803 1977 2859 obitus

381 2908 580 2947 annum
628 2894 879 2963 assignat.
936 2893 1128 2948 Verum
1161 2909 1283 2949 cum
1333 2894 1404 2948 ibi
1437 2893 1726 2965 Gregorius
1772 2894 1975 2949 nullum

382 2993 588 3041 eertum
613 2998 809 3040 annum
835 2985 975 3040 beati
994 2984 1228 3040 Medardi
1262 2987 1449 3041 mortis
1479 2987 1762 3057 designare
1793 2987 1976 3043 volue-

384 3079 476 3145 rit,
518 3078 647 3134 nihil
694 3079 760 3133 ad
795 3080 1110 3135 elevandum
1145 3078 1302 3148 hujus
1349 3081 1545 3150 capitis
1602 3080 1975 3135 auctoritatem

384 3175 601 3246 prodest
647 3174 747 3229 ista
778 3175 1030 3244 objectio.
1062 3174 1214 3242 Quod
1259 3175 1400 3229 enim
1432 3175 1503 3228 ait
1532 3174 1821 3244 Gregorius
1849 3184 1975 3227 tem-

385 3284 505 3338 pore
531 3265 781 3321 Clhotarii
811 3277 1055 3322 sanctum
1100 3266 1408 3322 Medardum
1452 3266 1673 3337 obiisse,
1707 3283 1863 3322 nemo
1892 3284 1977 3321 rc-

386 3367 545 3413 vocat
577 3359 628 3412 itt
655 3358 895 3414 dubium.

459 3449 580 3504 104.
623 3450 681 3504 ln
710 3450 846 3504 libro
884 3467 917 3506 v
950 3461 1109 3519 caput
1158 3451 1402 3521 quintum
1453 3452 1765 3508 convellere
1793 3451 1984 3508 nititur

394 3541 479 3595 vir
508 3541 780 3606 eruditus,
807 3543 945 3611 quod
973 3544 1074 3597 etsi
1108 3557 1193 3597 res
1226 3558 1379 3597 veras
1409 3552 1465 3598 ut
1494 3543 1782 3612 plurimum
1844 3547 1981 3600 tere-

389 3642 490 3699 rat,
520 3634 714 3689 habeat
756 3646 933 3689 tamen
966 3636 1221 3689 nonnulla
1245 3677 1258 3698 ,
1288 3652 1409 3706 qua:
1452 3636 1863 3707 reprehensioni
1900 3638 1980 3691 vi-

391 3728 583 3783 dentur
611 3729 859 3783 obnoxia.
879 3728 1112 3783 Primum
1141 3730 1282 3799 quod
1312 3731 1475 3786 multa
1506 3732 1644 3787 ineo
1666 3733 1978 3787 continean-

392 3830 476 3875 tur
508 3830 696 3875 contra
731 3821 964 3875 Felicem
996 3821 1419 3878 Namneteusem
1448 3826 1799 3892 episcopum,
1823 3841 1980 3894 quem

391 3914 630 3969 Ecclesia
656 3915 734 3969 uti
776 3925 1020 3969 sanctum
1073 3917 1245 3969 virum
1291 3918 1552 3972 celebrat.
1588 3918 1789 3973 Deinde
1836 3919 1980 3988 quod

391 4008 585 4064 ibidem
621 4008 915 4078 Gregorius
947 4010 1216 4081 vulgatus,
1251 4026 1367 4077 seu,
1399 4021 1451 4066 ut
1480 4010 1724 4067 Cointius
1764 4013 1866 4079 ait,
1894 4014 1975 4067 in.

392 4103 687 4171 terpolator
717 4106 818 4158 sub
862 4104 1002 4159 illius
1045 4106 1284 4174 nomine,
1322 4106 1637 4173 Gregorium
1674 4107 1983 4169 Lingonen-

393 4210 507 4250 sem
533 4196 844 4265 episc0pum
878 4212 1120 4267 proavum
1152 4213 1307 4252 suum
1340 4198 1605 4267 appellet,
1637 4208 1691 4252 et
1719 4198 1980 4252 Nicetium

396 4290 805 4361 Lugdunensem
836 4292 1022 4346 matris
1052 4306 1165 4346 suae
1186 4290 1504 4345 avunculum
1528 4335 1539 4356 ,
1567 4303 1753 4346 contra
1784 4290 1983 4345 sinceri

394 4389 637 4457 Gregorii
680 4404 922 4454 morem,
969 4387 1058 4457 qui
1089 4388 1221 4442 alias
1274 4387 1341 4440 de
1372 4386 1560 4441 iisdem
1610 4389 1809 4441 sanctis
1850 4387 1982 4441 viris

396 4495 601 4549 agens,
648 4493 911 4549 nusquam
965 4478 1204 4532 meminit
1254 4478 1374 4531 talis
1425 4478 1788 4548 cognationis,
1822 4492 1979 4545 quam

397 4575 555 4629 etiam
587 4575 788 4630 siluere
837 4573 1020 4628 clerici
1064 4572 1411 4626 Turoneuses
1442 4571 1494 4623 in
1542 4570 1707 4638 ipsius
1741 4568 1980 4636 Gregorii

2024 3275 2050 3300 Ἰ

2152 1958 2268 2012 105.
2318 1955 2507 2010 Ριιεὶἓίε
2537 1966 2615 2013 est
2647 1958 2906 2012 adversus
2952 1964 3109 2026 caput
3139 1957 3168 2010 9
3203 1956 3326 2011 libri
3372 1954 3541 2025 quinti
3571 1955 3666 2006 oh-

2074 2050 2265 2120 jectio,
2299 2050 2591 2121 Caluppam
2624 2066 2816 2121 nempe
2846 2050 2945 2103 hoc
2975 2050 3026 2103 in
3058 2049 3173 2103 loco
3204 2047 3482 2118 appellari,
3504 2061 3665 2116 quem

2080 2142 2443 2216 Caluppanem
2496 2147 2742 2200 sincerus
2801 2143 3089 2215 Gregorius
3148 2142 3199 2198 in
3260 2144 3394 2197 Vitis
3450 2142 3666 2196 Patrum

2078 2240 2291 2295 dixerit.
2318 2240 2447 2307 Quis
2478 2242 2618 2295 enim
2656 2242 2857 2294 nesciat
2886 2238 3151 2308 ejusmodi
3184 2238 3401 2292 nomina
3438 2252 3542 2290 non
3583 2250 3669 2287 so-

2082 2336 2192 2389 ltnn
2248 2338 2299 2390 in
2333 2338 2497 2390 variis
2542 2336 2840 2401 codicibus,
2887 2337 2980 2389 sed
3032 2344 3086 2390 et
3116 2338 3169 2389 in
3219 2350 3324 2388 uno
3371 2335 3668 2402 eodemque

2080 2428 2377 2495 exemplari
2409 2428 2604 2495 s;cpitts
2634 2428 2780 2482 varie
2815 2428 3083 2496 descripta
3110 2426 3380 2482 inveniri?
3416 2426 3570 2495 hujus
3594 2425 3671 2479 rei

2080 2522 2319 2590 cxt‘mp'a
2348 2521 2587 2590 proferre
2612 2537 2828 2591 prorsus
2855 2524 3083 2576 otiosum
3118 2520 3302 2577 fuerit.
3328 2520 3495 2574 Immo
3519 2520 3667 2574 nulla

2080 2622 2162 2668 est
2219 2616 2267 2667 iu
2320 2616 2418 2668 hoc
2452 2618 2667 2669 llilllllle
2718 2615 2859 2685 apud
2911 2616 3227 2683 Gregorium
3270 2616 3500 2669 varietas
3534 2630 3547 2667 :
3581 2613 3672 2682 qui

2083 2709 2221 2759 enim
2254 2706 2489 2778 Caluppa
2521 2710 2570 2762 in
2607 2720 2753 2762 recto
2785 2723 2911 2761 casu
2941 2708 3141 2763 dicitur
3189 2709 3240 2762 in
3292 2707 3524 2760 Historia
3554 2743 3568 2769 ,
3624 2707 3671 2757 is

2081 2797 2196 2864 ipse
2231 2808 2309 2852 est
2341 2799 2427 2868 qui
2470 2801 2519 2853 in
2550 2816 2674 2853 casu
2707 2810 2858 2853 sexto
2888 2799 3187 2871 Catuppune
3217 2799 3448 2865 scriptus
3477 2811 3660 2850 occur-

2081 2893 2150 2945 rit
2198 2892 2246 2945 in
2282 2892 2415 2946 \"itis
2446 2893 2691 2957 Patrum,
2741 2895 2919 2963 capite
2950 2895 3040 2957 ll,
3090 2908 3212 2946 cum
3264 2907 3420 2946 nemo
3472 2889 3673 2945 nesciat
3732 2898 3735 2903 '

2082 2983 2232 3049 eiiISli
2261 2981 2345 3036 odi
2381 2984 2541 3036 nornis
2568 2998 2596 3036 a
2624 2985 2722 3037 hoc
2756 2984 2913 3037 modo
2960 2983 3262 3037 desinentia
3303 2983 3379 3037 sic
3411 2982 3557 3035 varie
3589 2978 3673 3034 ef-

2085 3076 2231 3140 ferri,
2256 3086 2310 3129 ut
2341 3077 2536 3146 passim
2568 3092 2631 3131 ex
2670 3077 2829 3129 Attila
2857 3078 3148 3141 Attilanem,
3184 3086 3236 3130 ct
3268 3092 3331 3130 ex
3367 3074 3515 3145 Agila
3545 3074 3668 3143 Λαὶς

2084 3172 2249 3224 latrem
2276 3170 2553 3225 eliminata
2584 3172 2797 3223 nomina
2830 3171 3073 3238 legimus.

2162 3263 2279 3317 lOii.
2318 3263 2606 3327 Validiora,
2647 3276 2698 3314 ttt
2728 3272 2873 3329 putat
2909 3262 2984 3313 vir
3028 3259 3298 3323 eruditus,
3347 3267 3472 3313 sunt
3518 3272 3675 3325 argu—

2091 3370 2266 3413 menta
2297 3374 2415 3427 qua)
2449 3357 2650 3425 profert
2681 3357 2941 3411 adversus
2979 3366 3137 3423 caput
3167 3355 3226 3407 2|
3268 3353 3512 3422 ejusdem
3548 3352 3671 3405 libri

2088 3451 2277 3519 quinti.
2314 3450 2378 3503 Et
2411 3450 2548 3519 quidt
2576 3468 2622 3503 Ill
2668 3465 2727 3503 ea
2762 3450 2934 3518 magni
2970 3452 3075 3501 sint
3126 3446 3379 3516 ponderis
3432 3458 3653 3499 t‘tecesse

2085 3554 2188 3607 est,
2225 3556 2281 3598 ttt
2312 3555 2433 3613 pote
2467 3560 2584 3613 quce
2615 3560 2856 3598 omnium
2887 3552 3371 3612 tnauuscrtptorum
3399 3541 3671 3603 codicum,

2086 3638 2248 3691 etiam
2275 3636 2633 3701 Corhcicnsis,
2672 3639 2762 3706 qui
2788 3654 2894 3690 non
2923 3639 3093 3691 multo
3128 3646 3246 3705 post
3278 3634 3521 3704 Gregorii
3549 3642 3678 3687 aita-

2090 3742 2196 3786 tem
2250 3733 2484 3799 scriptus
2540 3731 2814 3797 creditur,
2873 3732 3249 3785 auctoritatem
3312 3730 3528 3783 elevare
3585 3726 3725 3779 der

2088 3823 2271 3879 beant.
2305 3824 2414 3877 lloc
2446 3824 2645 3893 quippe
2676 3834 2837 3890 caput
2862 3824 2924 3876 ει
2964 3824 3276 3887 manifeste,
3311 3832 3365 3875 ut
3407 3821 3519 3889 ipse
3552 3819 3681 3875 fale-

2090 3928 2172 3971 tur
2198 3917 2471 3981 Cointius,
2520 3918 2568 3968 in
2602 3919 2775 3984 capite
2816 3915 2884 3966 2?;
2935 3915 3175 3983 ejusdem
3232 3914 3353 3967 libri
3397 3912 3671 3977 laudatur,

2087 4008 2230 4077 quod
2264 4017 2423 4075 caput
2452 4004 2522 4057 28
2553 4020 2741 4059 omnes
2787 4004 3029 4070 codices,
3058 4014 3111 4057 et
3161 4004 3377 4069 quidem
3414 4003 3682 4070 integrum

2090 4100 2307 4155 habent.
2342 4099 2723 4167 lnterpolatum
2773 4110 2949 4150 tamen
2988 4096 3280 4150 arbitratur
3304 4096 3572 4160 Cointius,
3602 4095 3682 4150 id-

2092 4207 2195 4259 que
2224 4191 2410 4259 multa,
2446 4202 2499 4243 ut
2534 4191 2644 4258 ipse
2691 4190 2996 4254 existimat,
3032 4199 3279 4259 arguunt.
3315 4188 3494 4242 Primo
3540 4187 3683 4258 quod

2090 4284 2158 4336 ibi
2194 4282 2402 4335 Nicetio
2434 4281 2868 4351 Lugdunensitun
2907 4281 3163 4348 episeopo
3196 4278 3519 4334 Patriarchte
3556 4282 3683 4333 titu-

2088 4375 2175 4431 lus
2209 4376 2439 4430 donetur
2490 4384 2674 4429 contra
2722 4375 2937 4429 illorum
2990 4384 3289 4444 temporum
3334 4385 3387 4429 et
3436 4374 3684 4445 Gregorii

2090 4471 2257 4540 ipsius
2314 4486 2540 4525 morem.
2577 4468 2779 4525 Deinde
2836 4470 2975 4537 quod
3037 4471 3247 4525 concilii
3307 4470 3679 4541 Lugdunensis

2091 4575 2263 4635 patres
2282 4565 2622 4635 Sagittarium
2652 4578 2701 4619 et
2727 4565 2998 4619 Salonium
3018 4565 3301 4633 episcopos
3323 4565 3392 4619 ob
3418 4566 3596 4619 cedes
3620 4574 3680 4619 et

396 4668 729 4722 Turonensis
763 4666 902 4719 Vita.
946 4664 1143 4719 Verum
1177 4679 1241 4718 ex
1278 4663 1358 4717 his
1404 4662 1610 4715 duabus
1657 4660 1981 4727 objettionis
2090 4658 2354 4712 adulteria
2409 4657 2624 4711 sedibus
2656 4658 2768 4710 suis
2823 4656 3102 4724 pellendos
3163 4658 3439 4711 censuisse
3482 4657 3681 4712 ibidem

397 4760 541 4815 illius
585 4758 823 4829 partibus
852 4772 1009 4812 unam
1043 4756 1202 4811 Solvit
1241 4758 1355 4825 ipse
1398 4754 1662 4809 Cointius.
1696 4754 1985 4822 Gognatio-

397 4868 517 4909 netn
538 4854 733 4923 quippe
756 4852 900 4905 illam
934 4851 1071 4904 inter
1093 4850 1407 4919 Gregorium
1441 4856 1680 4901 nostrum
1701 4858 1753 4901 et
1773 4854 1988 4899 sanctos

398 4946 518 4999 illos
560 4947 703 5000 viros
754 4944 989 4998 admittit
1036 4953 1090 4996 et
1142 4948 1465 5012 propugnat.
1518 4939 1682 4992 ltnmo
1736 4935 1987 5005 exemplo

399 5037 678 5091 conﬁrmat
708 5042 1077 5105 argumentum
1108 5033 1247 5089 istud
1280 5032 1631 5097 abnutivutn,
1664 5030 1797 5083 alias
1847 5023 1987 5083 forte

400 5132 786 5186 validissimum
809 5174 822 5196 ,
860 5131 911 5184 in
948 5131 1045 5183 hac
1090 5140 1271 5183 tamen
1308 5138 1454 5199 parte
1490 5140 1707 5197 prorsus
1739 5126 1988 5193 t'rjtcien-

398 5224 525 5279 dum
555 5226 864 5289 esse.Natn,
890 5225 1081 5291 inquit,
1110 5222 1292 5276 Gallus
1318 5226 1678 5276 Arvernorum
1703 5224 1987 5288 episcOpus

399 5329 548 5375 certo
578 5325 777 5374 certius
810 5320 1035 5389 patruus
1086 5317 1188 5370 fuit
1234 5319 1399 5373 nostri
1446 5315 1727 5383 Gregorii,
1759 5326 1813 5367 ut
1847 5315 1990 5380 ipse-

400 5425 507 5469 met
538 5422 763 5468 testatur
793 5413 843 5465 in
874 5412 1012 5466 libro
1033 5408 1099 5464 de
1122 5408 1423 5464 Virtutibus
1452 5407 1623 5462 sancti
1657 5405 1875 5469 doliani,
1896 5419 1987 5455 ca-

401 5505 507 5573 pitc
528 5505 625 5569 25,
657 5512 711 5558 et
740 5512 918 5558 tamen
970 5501 1258 5570 Gregorius
1310 5514 1484 5568 neque
1531 5498 1580 5552 in
1637 5499 1803 5566 ipsius
1850 5494 1989 5546 Galli

400 5597 525 5661 vita,
557 5610 658 5651 nec
686 5606 909 5666 usquam
941 5594 1098 5661 alias,
1126 5606 1428 5663 quanquam
1454 5589 1751 5659 scapis-sitne
1774 5586 1913 5642 Galli
1934 5593 1988 5639 et

402 5689 513 5757 eius
552 5696 831 5758 parentum
861 5688 1185 5752 meminerit,
1218 5696 1462 5741 sanctum
1496 5681 1705 5736 Gallum
1741 5690 1986 5749 patruum

403 5796 559 5835 suum
590 5780 905 5852 appellavit.
940 5781 1099 5835 Addit
1124 5780 1263 5833 idem
1304 5776 1571 5840 Cointius,
1604 5774 1742 5843 quod
1782 5773 1824 5825 si
1873 5772 1992 5837 quis

404 5882 656 5931 accurate
687 5874 827 5931 inter
856 5886 976 5929 sese
1021 5886 1336 5943 comparare
1378 5868 1647 5935 voluerit,
1682 5873 1993 5920 sanctorum

2097 4752 2358 4814 dicantur,
2393 4768 2511 4805 cum
2550 4762 2722 4803 tamen
2754 4750 2993 4815 episcopi
3046 4750 3184 4818 apud
3217 4748 3587 4814 Cabillonum,
3626 4759 3681 4802 lt’

2097 4846 2322 4914 ip-emct
2364 4846 2498 4898 inira
2524 4886 2538 4909 ,
2584 4845 2758 4913 capite
2790 4845 2858 4897 :28
2895 4844 3055 4897 habet
3088 4843 3410 4913 Gregorius,
3457 4857 3683 4911 congre-

2098 4936 2224 5005 gati,
2258 4936 2377 4991 illos
2401 4938 2682 5005 episcopos
2716 4936 2785 4991 ob
2817 4938 2959 5003 ipsas
2988 4935 3200 4988 easdem
3235 4935 3454 4988 omnino
3493 4948 3683 4989 causas

2100 5028 2308 5082 nonnisi
2342 5029 2633 5095 ptenilentit':
2662 5030 2959 5099 purgandos
2990 5027 3352 5082 decreverint.
3385 5024 3568 5078 Tertio
3588 5026 3687 5077 0b-

2092 5122 2209 5193 jiclt
2258 5124 2469 5177 concilii
2527 5122 2901 5191 Lugdunensis
2932 5122 3030 5175 hac
3075 5121 3140 5174 de
3186 5136 3243 5173 re
3274 5117 3688 5181 silentium,-si-

2097 5216 2310 5284 quidem
2344 5230 2601 5279 nusquam
2659 5216 2709 5268 in
2743 5217 2893 5269 istius
2926 5212 3115 5284 synodi
3162 5208 3456 5264 canonibus
3478 5210 3565 5279 qui
3599 5224 3689 5263 ευ-

2098 5323 2218 5375 pt‘i‘S
2245 5309 2558 5375 .nt,legatur
2582 5310 2852 5378 Sagittarii
2881 5317 2933 5362 et
2957 5304 3158 5359 Salonii
3179 5318 3393 5358 causam
3427 5303 3497 5357 ibi
3520 5304 3687 5360 fuisse

2096 5401 2369 5469 agitatam.
2407 5402 2645 5468 Denique
2677 5418 2702 5453 a
2734 5395 3198 5455 verisimilitudine
3229 5397 3452 5450 multum
3494 5398 3709 5474 abesse

2096 5501 2273 5561 putat,
2308 5492 2446 5561 quod
2497 5494 2585 5545 ille
2633 5489 2991 5557 interpolator
3041 5487 3109 5542 de
3148 5487 3436 5557 Sagittario
3480 5486 3689 5554 refert,

2098 5599 2216 5637 eunt
2252 5600 2440 5653 nempe
2471 5582 2755 5651 aliquando
2778 5580 2999 5647 dixisse,
3039 5578 3357 5633 Guntramni
3382 5578 3522 5633 ﬁlios
3549 5593 3688 5648 quos

2099 5689 2162 5728 ex
2198 5675 2524 5743 Austrigilde
2558 5683 2903 5740 susceperat,
2938 5673 3007 5727 ob
3039 5668 3194 5727 istius
3228 5672 3481 5725 natalium
3509 5670 3689 5725 humi-

2102 5768 2305 5820 litatem
2360 5782 2630 5831 nunquam
2676 5768 2810 5836 patri
2844 5768 2895 5819 in
2955 5780 3120 5836 regno
3167 5779 3506 5819 successores
3550 5766 3686 5818 lore.

2104 5858 2231 5915 llaec
2261 5860 2389 5914 ille:
2426 5860 2618 5931 quibus
2651 5861 2957 5929 singillatim
2990 5858 3289 5913 faciendum
3332 5866 3413 5911 est
3437 5857 3584 5910 satis.
3621 5856 3685 5909 Et
