4086 6328
396 274 466 332 87
572 274 583 291 ’
1794 255 2012 318 PREF.

2117 255 2185 311 ἶΟ.
3610 242 3684 297 88

395 390 630 463 primum
650 392 908 460 quantum
938 386 1006 443 ad
1032 384 1349 456 patriarchae
1379 394 1600 449 nomen,
1648 390 1757 450 quo
1802 376 1856 431 in
1887 373 1991 429 hoc
2014 370 2071 433 Δ
2095 382 2224 425 vero
2250 366 2438 463 objicit
2475 362 2936 463 Cointius-contra
2961 358 3209 463 ejusdem
3249 358 3446 463 capitis
3464 357 3529 414 ει
3564 359 3681 415 sin-

397 484 575 552 capite
603 481 894 537 decoratur
919 478 1181 545 Nicetius,
1216 477 1345 533 nihil
1370 484 1454 532 est
1484 476 1678 529 mirum
1701 513 1717 541 ,
1749 469 1988 541 quando-

404 577 620 648 quidem
652 572 903 631 eumdem
936 572 1161 628 honoris
1185 570 1394 625 titulum
1421 567 1637 622 Priscus
1661 563 1850 619 Nicetii
1875 576 1988 616 suc-

403 647 588 723 cessor
631 666 817 722 habuit
854 667 908 722 in
950 664 1177 721 concilio
1207 678 1244 717 ll
1276 658 1655 717 Matisconensi
1689 670 1831 711 anno
1862 651 1987 706 585.

404 759 572 814 Datur
618 768 673 814 et
715 757 1035 819 Chelidonio
1087 753 1597 811 Vesontionensium
1640 750 1891 819 episcopo
1937 747 1990 801 in

410 854 525 909 Vita
556 854 727 909 sancti
758 853 984 908 Romani
1016 852 1226 907 abbatis
1256 848 1502 905 Jurensis
1528 889 1541 911 ,
1586 860 1745 914 quam
1776 841 1993 910 scripsit

405 957 595 1007 auctor
617 947 877 1017 Gregorio
906 954 1092 1000 nostro
1115 942 1360 1014 aequalis,
1392 941 1482 995 ubi
1516 939 1777 993 Hilarium
1802 934 1993 990 Arela-

406 1046 615 1094 tensem
646 1020 956 1106 episcOpum
1009 1035 1217 1105 arguit,
1247 1031 1390 1102 quod
1427 1028 1760 1086 Celedonium
1798 1026 1993 1080 Veson-

404 1135 650 1189 tionensis
694 1132 990 1199 metropolis
1038 1129 1384 1199 patriarcham
1436 1142 1467 1181 e
1519 1126 1657 1180 solio
1707 1122 1988 1192 dejecerit.

403 1226 767 1282 Patriarcliam
809 1224 1098 1295 appellavit
1140 1221 1432 1289 Sulpicium
1461 1221 1848 1275 Bituricensem
1889 1231 1994 1271 ste-

408 1318 532 1373 culo
554 1319 803 1387 sequenti
829 1332 883 1369 sa
894 1326 1045 1371 nctus
1065 1313 1375 1369 Desiderius
1396 1313 1747 1367 Caturcorum
1770 1308 1995 1363 antistes

366 1402 380 1481 ’ἶ
413 1410 465 1464 in
497 1411 724 1481 epistola
750 1410 815 1463 ad
844 1424 966 1463 eum
1002 1408 1224 1463 directa.
1258 1407 1387 1472 Quae
1415 1404 1659 1473 exempla
1684 1404 1784 1457 etsi
1810 1403 1860 1455 in
1883 1402 1996 1455 sitt-

374 1508 379 1522 ’
411 1502 553 1573 gulis
592 1503 708 1557 istis
752 1502 1060 1556 auctoribus
1104 1504 1208 1555 sint
1238 1499 1561 1568 singularia,
1616 1513 1648 1551 a
1688 1496 1995 1565 suspicione

407 1604 589 1649 tamen
622 1593 741 1648 falsi
774 1603 865 1647 aut
894 1594 1039 1648 dubii
1082 1594 1334 1648 immunia
1379 1601 1504 1645 sunt
1533 1590 1777 1653 omnino.
1814 1588 1997 1658 proin-

410 1688 585 1757 deque
614 1698 668 1742 et
693 1688 934 1756 Gregorii
967 1696 1165 1743 textus.

2096 463 2371 518 ceritatem
2405 457 2775 529 Lugdunensis
2824 454 3041 511 concilii
3084 452 3358 509 silentium
3402 453 3472 509 de
3514 467 3681 509 causa

2096 556 2369 627 Sagittarii
2391 565 2444 610 et
2465 555 2688 621 Salonii,
2708 568 2830 625 quae
2849 566 3041 621 nempe
3060 552 3109 605 in
3124 549 3419 606 canonibus
3435 548 3679 619 ejusdem

2096 648 2307 705 concilii
2349 649 2436 717 qui
2486 654 2800 717 supersunt,
2858 652 3150 700 memorata
3198 656 3305 699 non
3379 642 3674 711 habeatur;

2099 744 2232 799 nihil
2262 743 2483 798 omnino
2512 741 2731 807 evincit,
2762 740 2863 794 nisi
2892 740 3083 809 probet
3106 739 3186 793 vir
3211 737 3458 793 eruditus
3489 752 3679 792 omnes

2096 836 2317 891 omnino
2345 850 2567 899 causas,
2617 833 2758 905 quod
2798 834 2849 887 in
2893 831 3140 888 conciliis
3177 831 3391 902 agitatae
3420 829 3675 897 fuerunt,

2097 931 2149 987 in
2192 945 2377 985 eorum
2428 906 2725 984 canonibus
2776 943 3059 995 expressas
3111 928 3325 982 fuisse:
3358 926 3498 995 quod
3544 941 3678 983 sane

2099 1037 2257 1077 nemo
2286 1020 2502 1076 dixerit.
2533 1020 2641 1076 Nec
2671 1020 2721 1074 id
2754 1019 2807 1074 in
2838 1020 3090 1089 praisenti
3122 1034 3283 1074 causa
3312 1020 3679 1075 necessarium

2097 1115 2215 1183 fuit,
2244 1124 2338 1169 aut
2360 1116 2490 1171 utile
2521 1114 2750 1184 pomeris
2779 1113 2990 1169 fuisset.
3033 1112 3167 1167 Novi
3200 1113 3397 1184 quippe
3444 1128 3685 1169 canones

2102 1209 2332 1265 istorum
2356 1212 2735 1279 episcOporum
2757 1210 3210 1264 exauctorationis
3240 1208 3524 1263 occasione
3553 1222 3687 1263 con-

2099 1302 2260 1357 dendi
2293 1318 2399 1359 non
2432 1303 2664 1368 fuerant,
2699 1319 2820 1357 cum
2853 1302 2902 1357 id
2932 1303 3128 1373 passim
3157 1302 3412 1357 haberent
3440 1311 3687 1371 veteres;

2100 1409 2200 1447 nec
2241 1394 2467 1449 decebat
2538 1395 2734 1449 factum
2778 1396 3048 1467 singulare
3100 1395 3395 1450 canonibus
3427 1396 3688 1461 inserere,

2099 1489 2242 1556 quod
2275 1489 2427 1544 nihili
2480 1489 2784 1557 profuisset.
2821 1490 2879 1545 Si
2927 1501 3103 1545 autem
3135 1492 3379 1560 exempla
3410 1491 3530 1560 quis
3560 1491 3693 1545 velit

2100 1581 2363 1650 ejusmodi
2405 1596 2618 1647 rerum,
2647 1596 2765 1651 quae
2797 1581 2920 1636 licet
2975 1584 3025 1636 in
3055 1581 3275 1651 synodis
3318 1582 3529 1651 agitata
3579 1580 3694 1637 fue-

2101 1680 2228 1744 rint,
2264 1687 2439 1733 tamen
2474 1679 2525 1732 in
2556 1693 2739 1732 earum
2764 1679 2899 1731 actis
2931 1685 3021 1730 aut
3050 1678 3348 1731 canonibus
3377 1686 3694 1731 memoratze

483 1780 606 1833 107.
634 1780 713 1834 Ad
760 1780 873 1835 haec
904 1782 1077 1849 arguit
1108 1779 1353 1834 Cointius
1382 1821 1395 1843 ,
1438 1778 1582 1848 quod
1635 1786 1719 1834 est
1762 1777 1990 1831 alterum
2023 1774 2072 1835 B
2104 1790 2208 1829 non
2238 1779 2550 1839 occurrunt,
2587 1787 2618 1826 e
2652 1770 2893 1841 pluribus
2920 1786 3081 1825 unum
3116 1776 3209 1823 aut
3237 1770 3461 1824 alterum
3488 1784 3552 1824 ex
3578 1771 3695 1834 ipso

408 1869 528 1942 ejus
559 1871 881 1940 objectionis
907 1882 1085 1939 caput,
1118 1871 1472 1941 Gregorii,.ut
1498 1879 1673 1931 vocat,
1712 1869 2001 1936 interpola-

409 1974 603 2028 torem,
640 1964 783 2033 quod
824 1964 1142 2018 sententiam
1177 1963 1534 2032 depositionis
1563 1964 1613 2017 in
1651 1962 2001 2031 Sagittarium

412 2064 471 2112 et
508 2055 781 2110 Salonium
808 2055 1121 2124 episcopos,
1172 2054 1440 2109 homicidii
1483 2063 1537 2109 et
1572 2052 1824 2107 adulterii
1857 2068 1999 2116 reos,

411 2146 577 2202 latam
618 2147 781 2205 fuisse
827 2148 1131 2217 scripserit.
1179 2147 1291 2202 Hoc
1330 2150 1508 2212 enim,
1542 2146 1712 2216 inquit
1736 2146 1999 2210 Cointius,

416 2237 535 2292 ﬁeri
569 2253 671 2291 non
708 2240 903 2307 potuit,
955 2254 1072 2292 cum
1125 2254 1189 2292 ex
1243 2237 1502 2307 Gregmio
1539 2240 1772 2304 sincero,
1829 2238 2003 2307 capite

417 2329 621 2383 scilicet
648 2329 719 2381 ‘28
762 2330 1003 2399 ejusdem
1040 2331 1180 2387 libri.
1220 2331 1383 2387 iidem
1431 2332 1669 2399 episcopi
1705 2332 1773 2383 ob
1815 2330 2003 2384 eadem

416 2421 638 2475 omnino
668 2422 870 2476 scelera
902 2424 1094 2476 iterum
1121 2424 1172 2477 in
1194 2424 1281 2490 jus
1306 2423 1501 2488 vocati,
1538 2422 1589 2476 in
1621 2421 1856 2476 concilio
1897 2420 2003 2474 Ca-

420 2512 705 2568 billonensi
739 2513 1066 2583 paenitentiae
1114 2515 1455 2571 solummodo
1504 2514 1733 2585 subjecti
1782 2513 2003 2578 fuerint,

418 2605 514 2659 sed
546 2620 652 2660 non
684 2609 1036 2662 exauctorati.
1068 2607 1265 2663 Verum
1304 2610 1444 2664 ultro
1485 2608 1658 2663 fateor
1683 2607 1869 2662 Patres
1907 2606 2007 2662 Ca-

421 2696 755 2752 billonenses
779 2699 966 2753 eadem
996 2702 1283 2756 severitate
1317 2715 1442 2756 usos
1472 2716 1580 2756 non
1622 2699 1810 2765 fuisse,
1848 2714 2005 2770 quam

418 2788 828 2860 Lugdunenses.
854 2791 959 2846 Sed
993 2793 1265 2847 contendo
1306 2792 1696 2863 Lugdunenses
1736 2794 1886 2861 juxta
1914 2806 2006 2847 ca-

418 2896 622 2937 nonum
646 2883 777 2939 scita
807 2886 995 2939 tulisse
1022 2888 1347 2941 sententiam
1373 2905 1388 2953 ;
1417 2885 1828 2941 Cabilloncnses
1854 2899 2004 2951 vero,

421 2975 492 3030 ob
532 2977 705 3047 justas
733 2979 950 3049 quidem
970 3020 986 3046 ,
1016 2989 1073 3033 ut
1119 2980 1429 3035 existimare
1479 2994 1573 3048 par
1602 2988 1685 3035 est
1706 3020 1721 3047 ,
1749 2977 2007 3043 rationes,

420 3067 488 3121 ab
518 3070 876 3138 exsequendis
909 3080 1089 3125 tamen
1128 3069 1425 3124 canonibus
1459 3068 1806 3125 abstinuisse.
1844 3067 2010 3123 Nemo

2106 1868 2367 1934 Gregorio
2390 1866 2681 1937 proferam.
2714 1864 2910 1919 Narrat
2937 1866 3049 1935 ipse
3085 1865 3375 1937 Gregorius
3403 1866 3693 1931 quemdam

2106 1964 2413 2032 episcOpum
2444 1961 2515 2014 ita
2540 1960 2838 2028 simplicem
2864 1960 3030 2016 fuisse
3052 2003 3065 2027 ,
3099 1969 3155 2015 ut
3213 1960 3267 2015 in
3304 1958 3697 2014 Matisconensi

2107 2054 2340 2109 concilio
2377 2066 2690 2108 asseverare
2712 2069 2831 2106 eum
2864 2067 2967 2106 non
3018 2052 3266 2121 puduerit
3289 2093 3305 2118 ,
3335 2052 3434 2107 sub
3474 2052 3699 2107 hominis

2108 2163 2242 2203 voce
2265 2147 2315 2202 in
2357 2146 2650 2214 Scripturis
2680 2148 2846 2199 sacris
2870 2146 3122 2201 mulieres
3155 2160 3257 2199 non
3290 2144 3695 2215 comprehendi.

2110 2238 2322 2293 Nullum
2357 2247 2536 2291 tamen
2566 2248 2741 2291 exstat
2770 2252 2829 2291 ea
2860 2236 2927 2291 de
2958 2252 3015 2290 re
3040 2236 3092 2290 in
3115 2237 3306 2309 synodi
3337 2235 3698 2291 Matisconen-

2109 2333 2184 2388 sis
2215 2332 2348 2387 actis
2377 2333 2454 2384 vel
2491 2332 2605 2386 leve
2636 2330 2941 2401 vestigium.
2971 2328 3212 2384 Meminit
3239 2330 3380 2384 idem
3423 2338 3612 2385 auctor
3642 2330 3696 2384 in

2111 2425 2249 2479 Vitis
2282 2425 2536 2489 Patrum,
2581 2422 2758 2491 capite
2786 2423 2849 2489 li,
2878 2420 3040 2475 Marci
3085 2420 3362 2490 cujusdam
3391 2419 3632 2491 episcOpi
3669 2435 3701 2476 e

2112 2534 2207 2573 sua
2239 2518 2365 2573 sedc
2398 2517 2579 2587 inique
2626 2516 2859 2579 extrusi,
2903 2513 3055 2583 cujus
3094 2529 3256 2569 causa
3297 2514 3349 2569 in
3395 2514 3625 2569 concilio
3669 2528 3701 2567 ν

2114 2610 2487 2667 Aurelianensi
2512 2651 2528 2675 ,
2560 2609 2674 2678 ipso
2726 2606 2929 2663 fatente
2981 2606 3228 2673 Cointio,
3269 2607 3545 2674 discussa,
3574 2606 3691 2662 sedi

2112 2719 2223 2761 suae
2250 2704 2528 2758 restitutus
2557 2710 2659 2757 est.
2686 2700 2827 2755 Nihil
2870 2709 3048 2756 tamen
3080 2700 3149 2755 de
3192 2699 3276 2754 his
3303 2700 3503 2755 habent
3529 2700 3702 2756 Aure-

2114 2800 2369 2854 lianensis
2395 2813 2427 2851 v
2456 2795 2675 2851 concilii
2722 2802 2838 2849 acta
2867 2813 2881 2861 ;
2915 2794 3041 2850 licet
3082 2794 3151 2850 ob
3200 2794 3336 2849 hanc
3366 2792 3700 2864 potissimum

2114 2906 2328 2947 causam
2359 2905 2387 2944 a
2411 2889 2755 2944 (lhildeberto
2777 2899 3022 2943 coactum
3043 2886 3211 2943 fuisse
3248 2885 3392 2941 istud
3415 2886 3700 2941 concilium

2115 2984 2343 3053 ipsemet
2371 2982 2572 3038 scribat
2602 2979 2915 3054 Gregorius.

2188 3077 2309 3131 108.
2342 3075 2599 3131 Ultimum
2625 3075 2856 3145 denique
2882 3074 3198 3145 objectionis
3221 3082 3381 3143 caput
3406 3081 3522 3142 est,
3554 3075 3702 3144 quod

417 3158 585 3223 enim.
612 3160 699 3214 vel
742 3161 846 3215 levi
895 3176 1166 3216 canonum
1194 3162 1505 3231 cognitione
1535 3160 1774 3215 imbulus
1806 3160 2002 3225 nescii.
2034 3163 2078 3225 C
2112 3166 2403 3222 verisimile
2444 3180 2551 3221 non
2582 3166 2675 3236 sit,
2709 3166 3055 3236 Sagittarium
3085 3167 3398 3237 Austrigildi
3446 3168 3705 3225 natalium

418 3251 685 3319 ejusmodi
716 3253 1004 3308 criminum
1052 3269 1174 3309 reos
1208 3269 1310 3308 una
1342 3255 1609 3308 sententia
1662 3261 1717 3307 et
1746 3266 1849 3305 una
1876 3264 2009 3305 voce

416 3346 559 3413 ppud
610 3344 827 3400 Graecos
872 3356 925 3400 et
970 3346 1188 3401 Latinos
1233 3346 1363 3401 sede
1406 3344 1700 3415 episcopali
1752 3343 2004 3413 indignos

422 3438 761 3507 proclameri.
798 3438 854 3494 Si
910 3438 1090 3505 itaque
1118 3440 1188 3495 ob
1227 3438 1395 3494 resin
1427 3438 1546 3494 istis
1586 3437 1851 3509 capitibus
1870 3437 1931 3491 21
1963 3445 2017 3492 et

423 3528 495 3584 28
526 3538 807 3584 contentas
862 3531 1177 3587 alterutrum
1220 3542 1378 3601 caput
1424 3531 1779 3595 reiiciendum
1828 3530 2010 3600 foret,

423 3620 576 3689 rejici
606 3621 728 3691 jure
757 3620 981 3677 deberet
1002 3633 1162 3692 caput
1189 3625 1291 3691 28,
1324 3636 1379 3679 ut
1417 3634 1543 3695 pote
1600 3624 1897 3694 disciplinm
1928 3638 2018 3677 ec-

427 3714 739 3771 clesiasticae
768 3718 1070 3786 oppositum
1093 3760 1107 3785 ,
1137 3734 1244 3772 non
1288 3732 1420 3773 vero
1442 3728 1603 3786 caput
1638 3716 1728 3783 21,
1764 3716 1903 3787 quod
1932 3730 2018 3769 sa-

426 3806 530 3860 cris
560 3806 854 3861 canonibus
876 3818 928 3863 et
960 3808 1217 3862 Ecclesia:
1250 3810 1450 3880 regulis
1477 3808 1697 3862 omnino
1716 3820 2015 3862 consonum

428 3907 529 3953 est.
566 3896 769 3953 Vadem
801 3900 959 3971 hujus
988 3899 1064 3956 rei
1111 3902 1249 3972 apud
1281 3916 1469 3956 omnes
1500 3901 1568 3954 ob
1596 3915 1860 3955 summam
1898 3909 2023 3955 eru"

431 3991 686 4049 ditionem
745 4004 799 4050 et
863 3998 1129 4051 sincerum
1201 3996 1365 4050 animi
1437 3994 1721 4050 candorem
1799 3993 2019 4048 maximi

430 4084 706 4151 pcnderis,
724 4085 939 4154 profero
963 4086 1288 4143 Ludovicum
1312 4086 1746 4152 Thomassinum,
1776 4086 2019 4155 ejusdem

434 4192 495 4232 ac
528 4178 643 4246 ipse
671 4176 912 4234 Cointius
939 4180 1171 4235 Oratorii
1200 4181 1460 4236 Gallicam
1495 4181 1869 4252 presbyterum
1888 4220 1903 4243 ,
1931 4180 2019 4247 qui

433 4285 497 4324 ea
528 4270 596 4326 de
641 4287 698 4325 re
751 4272 1046 4335 disserens,
1092 4281 1337 4326 neutrum
1393 4271 1640 4343 Gregorii
1690 4280 1851 4343 caput
1898 4273 2023 4341 reji—

401 4362 654 4465 1ciendo,
686 4362 765 4417 sic
791 4364 1027 4433 loquitur
1058 4365 1359 4433 Disciplina:
1381 4365 1763 4420 ecclesiasticae
1791 4374 1939 4432 parte
1961 4381 2018 4429 ιι,

436 4452 575 4509 libro
603 4469 641 4522 ι,
675 4469 792 4523 cap.
827 4454 913 4522 58,
948 4472 1001 4510 n.
1041 4458 1098 4512 11
1140 4475 1151 4509 :
1183 4457 1457 4511 Canonicis
1495 4458 1708 4513 decretis
1739 4458 2022 4513 consentie-

436 4546 521 4599 bat
549 4546 903 4619 Lugdunensis
956 4550 1161 4604 concilii
1197 4551 1479 4622 judicium,
1507 4552 1685 4617 quibus
1715 4552 2024 4606 irrevocabi-
2050 4545 2107 4607 Β

438 4638 555 4693 liter
584 4639 893 4709 dejiciuntur
914 4645 1025 4711 ejus
1054 4645 1250 4715 generis
1282 4644 1557 4713 {acinorosi
1578 4662 1596 4710 ;
1616 4645 1879 4717 judicium
1905 4661 2023 4699 vero

439 4732 810 4788 Cabillonensis
867 4738 1089 4805 concilii,
1122 4741 1260 4811 quod
1300 4738 1635 4810 indulgentia:
1662 4741 1825 4809 magis
1854 4740 2027 4792 stude-

442 4828 545 4896 bat,
580 4844 682 4883 non
713 4839 819 4883 tam
838 4830 1093 4899 judicium
1129 4832 1405 4900 fuitquam
1443 4840 1657 4885 conatus
1699 4831 1907 4900 quidam
1927 4872 1941 4895 ,
1972 4838 2027 4884 ut

442 4938 475 4975 a
505 4923 744 4989 pontiﬁce
770 4931 817 4977 et
848 4940 965 4992 rege
1003 4923 1219 4978 iniretur
1250 4925 1438 4995 gratia,
1471 4926 1557 4995 qui
1585 4934 1727 4978 erant
1756 4925 1824 4976 ad
1847 4924 2029 4977 lenita-

445 5024 544 5069 tem
574 5018 737 5087 magis
758 5017 1012 5070 inclinati.
1042 5016 1168 5070 Hcce
1194 5034 1281 5087 per
1309 5020 1653 5087 paenitentiam
1680 5019 1893 5089 purgari
1916 5034 2031 5071 cen-

444 5119 606 5165 sentes
636 5113 882 5182 cpiswpi,
914 5113 1096 5182 quibus
1126 5112 1286 5167 verbis
1314 5130 1416 5167 non
1445 5113 1714 5182 deﬁnitiva
1738 5115 2030 5168 insinuatur

447 5212 716 5269 sententia,
742 5206 832 5258 sed
863 5207 1221 5275 episcoporum
1253 5208 1479 5275 opinatio
1508 5208 1714 5261 mollior
1738 5208 2031 5260 demissior-

447 5308 563 5360 que,
596 5301 699 5347 etc.
726 5294 853 5349 Haec
879 5296 986 5360 ille,
1012 5299 1100 5367 qui
1126 5314 1350 5354 numero
1372 5299 1618 5368 sequenti
1642 5299 2032 5355 Cabillonensis

2122 3258 2478 3314 humilitatem
2509 3259 2905 3330 exprobrasse,
2955 3270 3045 3313 aut
3074 3258 3277 3314 dixisse
3306 3259 3424 3328 ejus
3472 3258 3608 3314 ﬁlios
3633 3257 3705 3313 ad

2118 3350 2516 3406 successionem
2579 3351 2939 3407 admittendos
3004 3366 3109 3407 non
3166 3366 3305 3407 esse.
3365 3351 3472 3407 Sed
3538 3351 3706 3407 nihilo

2120 3446 2239 3515 plus
2286 3444 2455 3499 efficit
2504 3444 2604 3500 nisi
2653 3446 2846 3515 probet
2892 3444 3135 3501 Cointius
3182 3455 3273 3500 aut
3321 3444 3703 3515 Austrigildem

2121 3538 2295 3606 rcipsa
2322 3552 2389 3590 ex
2424 3535 2609 3591 humili
2637 3538 2757 3592 loco
2788 3552 2893 3591 non
2928 3538 3189 3607 prodiisse
3222 3556 3236 3593 :
3268 3536 3411 3608 quod
3445 3535 3561 3593 ﬁeri
3604 3550 3704 3591 ne-

2121 3630 2255 3700 quit,
2290 3629 2464 3685 fuerat
2488 3629 2631 3686 enim
2660 3628 3009 3685 Mercatrudis
3032 3631 3246 3695 ancilla,
3280 3639 3414 3687 teSIe
3440 3630 3556 3700 ipso
3580 3629 3707 3686 Fre-

2121 3724 2340 3796 degario
2364 3741 2378 3791 ;
2421 3733 2513 3778 aut
2540 3734 2689 3780 certe
2714 3722 3060 3794 Sagittarium
3085 3722 3360 3778 hominem
3398 3722 3559 3779 fuisse
3582 3737 3708 3792 pru-

2122 3816 2520 3885 dentissimum,
2553 3831 2617 3872 ac
2664 3818 2739 3872 ita
2793 3816 3111 3881 discretum,
3140 3824 3200 3870 ut
3239 3831 3512 3885 nunquam
3544 3815 3710 3869 verbo

2124 3910 2425 3965 excessisse
2448 3909 2556 3964 dici
2582 3909 2750 3979 possit
2781 3927 2793 3962 :
2825 3909 2967 3978 quod
2988 3922 3055 3962 an
3080 3921 3263 3963 verum
3296 3906 3384 3970 sit,
3419 3907 3501 3962 vel
3533 3908 3708 3976 ipsum

2123 4003 2392 4060 Cointium
2421 4004 2657 4075 judicem
2711 4002 2943 4073 appello.
2981 4002 3113 4069 Quis
3150 4001 3295 4057 enim
3340 3999 3542 4055 nesciat
3585 4012 3709 4052 eum

2127 4097 2423 4160 hominem,
2456 4105 2510 4151 ut
2538 4105 2733 4151 caetera
2765 4095 2883 4166 ejus
2938 4093 3134 4163 ﬂagitia
3164 4102 3369 4149 taceam
3389 4132 3405 4158 ,
3434 4090 3598 4146 fuisse
3629 4090 3710 4145 le-

2126 4191 2404 4245 vissimum
2436 4205 2498 4244 ac
2529 4190 2998 4259 superbissimum,
3024 4188 3112 4258 qui
3142 4186 3355 4241 tandem
3384 4193 3506 4256 post
3534 4183 3707 4239 varias

2135 4282 2377 4335 fortunas
2412 4278 2800 4333 Guntramnum
2831 4278 3051 4347 ejusque
3082 4277 3221 4331 filios
3268 4292 3374 4331 non
3404 4275 3579 4330 verbis
3624 4290 3711 4329 so-

2127 4374 2261 4441 lum,
2315 4372 2409 4428 sed
2441 4380 2498 4427 et
2526 4370 2689 4425 armis
2713 4370 3011 4435 lacessivit,
3037 4367 3371 4424 Gundovaldi
3398 4366 3714 4421 Ballomeris

2128 4475 2308 4537 partes
2334 4473 2550 4520 secutus
2579 4462 2717 4529 apud
2748 4460 3049 4524 Convenas,
3074 4460 3161 4514 ubi
3195 4459 3391 4513 misere
3415 4455 3609 4526 periit?

2206 4559 2330 4614 109.
2363 4555 2632 4611 Nonnulla
2663 4553 2818 4608 all'ert
2842 4552 2921 4606 vir
2940 4551 3182 4608 eruditus
3214 4550 3278 4604 ad
3315 4546 3714 4605 convellendam

2135 4650 2377 4721 ejusdem
2427 4648 2548 4703 libri
2596 4646 2767 4716 quinti
2797 4643 2988 4714 capitis
3014 4643 3083 4699 48
3131 4643 3543 4709 auctoritatem,
3576 4638 3716 4709 quod

2136 4758 2331 4813 nempe
2359 4749 2519 4811 caput
2548 4740 2648 4796 etsi
2696 4738 2950 4794 nonnulla
2994 4750 3119 4791 vera
3167 4735 3479 4803 contineat,
3512 4736 3563 4789 in
3595 4732 3718 4787 aliis

2139 4846 2319 4892 tamen
2349 4835 2509 4889 rebus
2535 4848 2641 4888 non
2690 4829 3078 4888 admittendum
3110 4827 3383 4891 videatur,
3430 4840 3550 4896 quae
3578 4824 3720 4879 scili-

2137 4938 2225 4985 cet
2253 4944 2359 4985 non
2390 4928 2521 4982 satis
2546 4940 2665 4981 cum
2714 4923 2941 4980 sinceris
2971 4921 3218 4991 Gregorii
3253 4919 3518 4989 capitibus
3546 4916 3722 4971 cohae—

2138 5031 2277 5078 rent.
2311 5019 2519 5075 Etenim
2554 5017 2876 5073 Leudastem
2903 5016 2975 5070 ibi
3012 5014 3251 5084 depingit
3278 5010 3572 5080 Gregorius
3609 5017 3722 5062 tan-

2136 5132 2297 5187 quam
2331 5114 2605 5170 hominem
2660 5110 2848 5166 humili
2898 5110 3014 5164 loco
3066 5114 3274 5172 natum,
3306 5104 3398 5174 qui
3424 5118 3488 5158 ex
3529 5100 3723 5156 infimis

2137 5210 2395 5280 gradibus
2427 5208 2490 5261 ad
2524 5206 2849 5261 immensum
2882 5204 3095 5256 tandem
3127 5196 3403 5267 dignitatis
3443 5202 3497 5251 et
3539 5202 3719 5264 puten-

2140 5307 2227 5362 tia:
2258 5302 2522 5371 fastigium
2570 5298 2915 5367 pervenerit;
2956 5303 3011 5349 et
3049 5302 3229 5347 tamen
3284 5289 3408 5345 talia
3455 5300 3722 5356 nunquam

448 5385 664 5439 concilii
710 5387 1089 5457 indulgentiam
1118 5393 1259 5448 inter
1297 5393 1700 5465 dispensationes
1730 5410 1876 5448 raras
1900 5408 2032 5447 con-

450 5489 718 5549 numerat,
746 5496 864 5551 quae
893 5500 1158 5555 nunquam
1192 5489 1354 5542 lucem
1386 5505 1637 5543 canonum
1680 5488 2040 5555 splendidissi-

452 5586 592 5623 mum
623 5588 777 5641 quam
832 5579 997 5633 secuti
1028 5579 1240 5637 fuerant
1283 5582 1663 5652 Lugdunenses
1692 5581 1906 5649 Patres,
1943 5581 2038 5635 oh-

455 5683 672 5727 scurare
715 5686 1030 5743 potuerunt;
1088 5680 1421 5749 proindeque
1473 5695 1572 5737 nec
1622 5678 1866 5750 Gregorii
1919 5694 2037 5734 eam

458 5760 745 5822 Historiam
777 5768 1065 5828 referentis
1104 5772 1481 5829 auctoritatem
1513 5774 1841 5832 convellere.
1884 5771 2038 5841 Quod

2139 5397 2244 5466 ipsi
2271 5394 2401 5449 alias
2432 5390 2786 5461 exprobravit
2818 5386 3104 5456 Gregorius
3127 5422 3144 5450 ,
3175 5384 3299 5438 licet
3326 5381 3395 5437 de
3423 5380 3541 5450 ejus
3583 5378 3727 5433 vitiis

2142 5497 2197 5546 et
2228 5487 2405 5555 pravis
2435 5485 2676 5538 moribus
2722 5496 2829 5536 non
2877 5477 3041 5533 semel
3079 5475 3271 5546 egerit.
3308 5473 3512 5528 Deinde
3542 5471 3597 5526 in
3630 5469 3729 5525 hoc

2143 5580 2408 5653 peccavit,
2435 5587 2491 5633 ut
2514 5578 2586 5630 ait
2617 5574 2888 5637 Cointius,
2922 5569 3298 5640 interpolator,
3334 5565 3475 5636 quod
3506 5564 3729 5619 Turoni-

2146 5690 2264 5732 cam
2299 5672 2484 5727 urbem
2517 5666 2789 5725 exstitisse
2830 5664 3026 5720 dixerit
3072 5662 3289 5717 biennio
3337 5660 3438 5715 sub
3483 5655 3731 5728 Sigiberti

2149 5777 2449 5840 potestate,
2501 5771 2781 5836 postquam
2833 5775 2864 5816 e
2912 5754 3198 5825 Chilperici
3255 5754 3502 5812 manibus
3557 5759 3726 5809 luerat
