4086 6328
261 344 331 402 89
1690 341 2082 401 PREFATIO.
3469 353 3538 410 90

260 464 448 529 erepta
478 468 494 510 :
526 452 669 524 quod
698 452 892 510 falsum
916 451 1105 510 censet
1124 452 1369 511 Cointius
1387 495 1404 522 ,
1452 466 1576 510 cum
1606 453 1847 522 Sigiber—
1875 462 1922 517 Α
1953 469 2077 525 pum
2110 457 2334 528 attinet,
2368 456 2634 517 Riculfum
2661 462 2872 532 quidem
2903 470 3189 534 exceperat
3217 463 3358 536 apud
3381 480 3463 555 se,
3484 474 3540 522 at

263 563 350 608 tus
376 566 494 608 eam
520 550 709 607 urbem
740 555 866 604 ante
906 562 1110 613 annum.
1136 547 1240 601 574
1266 563 1372 605 non
1424 551 1847 619 recuperaverit,

260 646 506 705 amiserit
537 658 666 699 vero
695 644 853 699 simul
889 657 1009 697 cum
1042 644 1154 697 vita
1185 644 1309 697 anni
1358 630 1636 709 sequentis
1675 644 1849 700 initio.

262 742 463 797 Verum
496 736 563 792 ad
591 737 705 792 haec
746 746 1017 793 momenta
1057 736 1232 791 facilis
1272 744 1354 792 est
1384 737 1604 791 omnino
1628 751 1851 807 respon-

263 834 367 889 sio.
401 832 534 887 Nam
563 830 858 902 Gregorius
886 830 1004 884 aliis
1033 829 1252 899 quidem
1283 830 1335 884 in
1378 831 1509 885 locis
1532 844 1643 885 non
1683 829 1852 885 semel

263 930 331 985 de
363 927 645 982 Leudastis
682 926 825 980 vitiis
881 925 1010 995 egit,
1043 934 1092 978 at
1126 925 1463 980 solummodo
1489 925 1712 979 aliorum
1738 925 1855 994 ejus

268 1018 537 1074 factorum
557 1018 842 1074 occasione
861 1036 873 1071 :
890 1018 1032 1073 unde
1045 1019 1233 1072 mirum
1261 1033 1363 1071 non
1379 1028 1461 1073 est
1482 1018 1527 1072 si
1542 1018 1608 1074 de
1630 1018 1744 1088 ejus
1760 1033 1853 1075 na-

274 1113 475 1167 talibus
488 1127 551 1167 ac
570 1112 794 1166 fortuna:
817 1110 984 1165 initiis
1000 1110 1132 1165 nihil
1152 1111 1223 1166 ibi
1238 1110 1451 1165 dixerit.
1478 1111 1575 1165 Hic
1588 1126 1718 1165 vero
1731 1111 1853 1166 data

267 1221 433 1275 opera
464 1204 531 1258 de
555 1203 674 1274 ejus
696 1203 903 1273 origine
932 1219 994 1258 ac
1018 1205 1189 1270 patria
1230 1203 1540 1272 singillatim
1584 1203 1855 1259 disserere

270 1297 528 1361 inStituit,
553 1296 887 1366 proindeque
907 1295 1095 1351 debuit
1119 1295 1274 1364 paulo
1290 1297 1589 1350 accuratius
1608 1304 1857 1366 parentes

267 1390 389 1458 ejus
411 1403 471 1443 ac
501 1389 796 1456 primorum
819 1397 1092 1457 gestorum
1116 1387 1544 1442 circumstantias
1561 1387 1853 1456 explicare,

278 1496 341 1534 ac
374 1495 436 1535 ea
467 1495 587 1547 qua:
620 1479 752 1533 alias
795 1478 1246 1548 praetermiserat,
1296 1490 1388 1533 aut
1435 1480 1623 1534 letiter
1653 1488 1855 1534 tantum

269 1574 543 1645 attigerat,
577 1572 737 1639 paulo
768 1570 942 1627 fusius
971 1587 1243 1627 enarrare.
1274 1571 1577 1642 Sigibertus
1607 1587 1736 1627 vero
1758 1586 1856 1627 an-

268 1666 351 1719 nis
379 1665 589 1718 duobus
615 1664 864 1718 Turonos
911 1664 1207 1719 obtinuisse
1257 1666 1361 1720 dici
1406 1665 1610 1735 potuit,
1659 1676 1851 1721 neutro

270 1761 393 1814 licet
422 1760 649 1827 integro.
696 1758 1003 1813 Extremam
1034 1761 1179 1815 enim
1226 1762 1385 1815 unius
1437 1761 1563 1815 anni
1621 1769 1855 1830 partem,

1955 550 2102 606 necis
2123 551 2381 610 adversus
2404 570 2581 625 regem
2604 556 2827 628 ejusque
2841 557 2977 615 filios
2998 568 3267 629 conceptae
3281 574 3379 615 nec
3390 550 3535 630 reus,

1954 657 2055 697 nec
2080 646 2287 701 consilii
2320 648 2584 719 particeps
2613 665 2844 721 unquam
2867 651 2985 706 fuit.
3014 651 3204 721 Immo,
3234 661 3291 708 ut
3312 654 3366 708 in
3394 654 3536 710 netis

1954 735 2020 790 ad
2052 736 2191 792 hunc
2220 738 2397 794 locum
2424 741 2846 811 observavimus,
2879 743 2995 799 haec
3038 744 3092 799 in
3124 759 3303 813 regem
3324 753 3379 800 et
3398 746 3537 802 filios

1955 827 2071 897 ejus
2099 830 2424 900 conjttratio,
2444 849 2562 902 quae
2588 836 2641 888 in
2670 836 2825 891 editis
2850 852 2918 891 ex
2942 837 3143 892 voculae
3170 836 3540 893 immutatione

1956 920 2169 990 irrepsit
2196 923 2249 976 itt
2282 932 2508 991 textum,
2535 927 2690 981 nulla
2727 944 2959 998 unquam
2991 929 3109 984 fuit.
3136 929 3335 985 Textus
3357 938 3539 984 autem

1960 1015 2039 1069 sic
2069 1030 2127 1070 se
2162 1015 2320 1072 habet
2353 1017 2405 1072 in
2435 1017 2593 1073 editis
2629 1038 2641 1073 :
2672 1019 2882 1074 Dicebat
2926 1021 2987 1075 ob
3016 1020 3113 1075 hoc
3142 1023 3328 1091 regina:
3351 1025 3543 1076 crimen

1959 1108 2247 1177 objectum,
2282 1118 2335 1163 ut
2364 1112 2526 1176 ejecta
2556 1112 2617 1165 de
2654 1127 2810 1183 regno
2831 1152 2848 1178 ,
2896 1113 3172 1168 interfectis
3217 1115 3459 1184 fratribus
3483 1132 3542 1170 ac

1958 1214 2128 1271 patre,
2164 1203 2511 1260 Chlodovecns
2539 1222 2753 1276 regnum
2782 1208 3033 1276 acciperet
3063 1225 3083 1262 .'
3109 1224 3227 1278 qum
3264 1209 3426 1264 verba
3454 1225 3543 1267 ne-

1961 1296 2171 1349 fandam
2208 1298 2637 1366 conjuratiunem
2666 1309 3074 1370 repraesentant.
3106 1300 3212 1355 Sed
3242 1305 3287 1355 si
3318 1302 3541 1372 legatur,

1959 1390 2239 1461 interfectis
2271 1392 2518 1461 fratribus
2540 1433 2554 1459 ,
2582 1410 2612 1447 a
2642 1402 2793 1465 patre
2843 1391 3159 1448 Chlodoveus
3178 1433 3193 1459 ,
3220 1403 3350 1461 etc.,
3394 1403 3452 1449 ut
3480 1408 3546 1449 ex

1962 1483 2152 1539 codice
2181 1484 2626 1557 Regiomontensi
2652 1488 3011 1553 restituimus,
3040 1487 3149 1556 jam
3176 1488 3402 1543 habetur
3429 1504 3547 1559 ger-

1963 1594 2155 1633 manus
2185 1580 2347 1650 hujus
2374 1582 2479 1637 loci
2518 1597 2709 1637 sensus
2731 1625 2745 1649 ,
2779 1582 2920 1653 quod
2960 1583 3165 1638 scilicet
3192 1584 3371 1653 regina
3403 1584 3549 1638 adul-

1967 1672 2087 1726 terii
2113 1681 2363 1727 accusata
2394 1675 2556 1729 fuerit
2574 1684 2768 1747 agente
2791 1675 3119 1743 Cltlodoveo,
3154 1682 3211 1731 ut
3238 1692 3299 1732 ea
3321 1676 3390 1731 ob
3412 1676 3551 1734 istud

1963 1768 2168 1823 crimen
2217 1769 2394 1838 pulsa,
2430 1771 2563 1839 ipse,
2596 1772 2886 1827 interfectis
2914 1771 3186 1839 fratribus,
3210 1786 3339 1841 quos
3362 1785 3552 1841 nempe

270 1867 333 1905 ac
364 1852 574 1905 initium
604 1851 880 1921 sequentis
921 1853 1061 1919 apud
1093 1853 1335 1922 vulgatos
1373 1863 1620 1908 auctores
1651 1854 1854 1923 simpli-
1885 1853 1935 1915 Β
1961 1863 2078 1928 ipse
2108 1861 2450 1928 Chilpericus
2477 1863 2766 1934 instigante
2817 1866 3003 1922 eadem
3060 1864 3410 1937 Fredeguude
3442 1868 3552 1933 jam

271 1944 406 1999 citer
433 1958 603 2000 annos
651 1944 787 1999 duos
820 1945 1018 2013 passim
1066 1945 1167 2000 dici
1213 1946 1333 2015 quis
1378 1946 1744 2001 inficiabitur?
1793 1947 1857 2002 Et

270 2037 485 2107 quidem
513 2034 804 2107 Gregorius
837 2053 945 2092 non
996 2037 1083 2092 hic
1130 2039 1208 2091 ait
1235 2038 1443 2095 duobus
1473 2041 1628 2095 annis
1668 2039 1856 2096 solidis

270 2130 516 2185 Turonos
545 2132 599 2185 in
630 2130 877 2202 Sigiberti
909 2137 1173 2199 potestate
1198 2132 1539 2186 remansisse.

347 2223 467 2276 110.
496 2222 668 2292 Caput
694 2222 761 2276 49
788 2222 909 2277 libri
940 2223 1134 2293 quinti,
1168 2225 1307 2292 quod
1342 2225 1493 2279 nobis
1533 2232 1617 2280 est
1655 2225 1723 2279 50
1744 2266 1759 2292 ,
1791 2239 1859 2283 eo

272 2320 494 2371 nomine
516 2316 868 2386 rejiciendum
893 2331 1015 2373 esse
1055 2328 1239 2374 censet
1274 2319 1519 2375 Cointius
1541 2361 1555 2388 ,
1606 2322 1749 2391 quod
1786 2322 1858 2377 ibi

274 2410 331 2464 in
360 2426 453 2464 sua
482 2411 785 2467 innocentia
822 2413 1206 2482 propttgnanda
1240 2413 1553 2483 imprudens
1584 2415 1860 2471 describa-

274 2514 363 2559 tur
386 2504 711 2576 Gregorius,
740 2521 803 2562 ea
850 2507 1057 2562 scilicet
1096 2507 1208 2577 regi
1251 2507 1603 2578 interroganti
1639 2525 1861 2580 respon-

274 2596 470 2662 dendo,
505 2613 625 2667 qua:
652 2598 880 2653 debebat
924 2600 1288 2655 dissimulare.
1334 2601 1536 2657 Deinde
1566 2602 1706 2672 quod
1759 2604 1862 2659 ibi-

274 2689 396 2745 dem
436 2690 775 2759 Chilpericus
802 2700 856 2747 et
882 2692 1252 2764 Fredeguudis
1288 2695 1459 2749 multo
1506 2710 1665 2767 quam
1714 2697 1862 2754 soliti

273 2790 431 2836 erant
458 2782 699 2837 mitiores
728 2795 1195 2852 repraesententur.
1239 2787 1389 2855 Quod
1439 2788 1667 2860 denique
1696 2789 1863 2847 inter-

276 2878 488 2946 polator
530 2876 744 2950 indigna
792 2880 981 2936 habeat
1032 2882 1100 2937 de
1153 2882 1328 2939 Felice
1356 2883 1699 2940 Namnetensi
1745 2885 1863 2955 epi-

276 2984 464 3039 scopo,
494 2985 651 3039 quem
700 2972 1089 3042 conjurationis
1131 2978 1183 3030 in
1215 2991 1391 3045 regem
1441 2976 1754 3046 participem
1786 2977 1867 3033 fa-

276 3076 403 3117 cere
430 3077 535 3117 non
566 3070 798 3119 veretur.
826 3065 907 3119 Ad
942 3066 1186 3135 primum,
1214 3066 1500 3138 Gregorius
1523 3083 1582 3123 se
1604 3068 1775 3125 malos
1796 3068 1865 3125 de

278 3162 458 3229 regina
489 3174 731 3214 rumores
758 3160 1026 3217 audivisse
1070 3161 1285 3229 fantur,
1332 3177 1392 3219 se
1419 3170 1595 3219 autem
1624 3163 1743 3220 illos
1765 3178 1863 3219 ex-

1960 1953 2257 2021 occiderat,
2298 1954 2446 2010 solus
2476 1966 2749 2025 superstes
2779 1972 3001 2027 regnum
3026 1974 3056 2012 a
3080 1968 3229 2026 patre
3264 1958 3551 2016 obtineret.

2036 2046 2156 2099 111.
2181 2046 2453 2103 Adversus
2475 2057 2634 2118 caput
2655 2048 2688 2101 8
2707 2049 2828 2104 libri
2844 2065 2895 2104 vr
2920 2050 3108 2119 objicit
3127 2048 3370 2104 Cointius
3394 2050 3553 2104 chro-

1960 2138 2264 2208 nologicum
2297 2155 2537 2195 errorem
2557 2183 2572 2209 ,
2607 2156 2765 2210 quem
2796 2142 3155 2197 sufficientem
3185 2142 3457 2197 existimat
3486 2140 3554 2197 ad

1960 2230 2275 2285 elevandum
2319 2230 2475 2302 hujus
2504 2234 2700 2303 capitis
2746 2234 3100 2290 autltentiam.
3135 2235 3211 2289 lbi
3243 2236 3386 2290 enim
3422 2235 3556 2292 Gre-

1959 2322 2142 2393 gorius
2163 2364 2180 2392 ,
2214 2338 2309 2379 seu
2331 2365 2344 2387 ,
2402 2335 2457 2379 ut
2490 2327 2603 2394 ipse
2632 2327 2768 2393 vult,
2799 2328 2918 2397 ejus
2970 2328 3348 2398 interpolator,
3390 2328 3555 2397 Epar-

1960 2414 2141 2470 chium
2192 2430 2332 2471 anno
2375 2416 2492 2486 ejus
2537 2418 2854 2473 reclusionis
2884 2418 2954 2471 44
2978 2420 3177 2474 obiisse
3215 2419 3381 2475 dicit:
3414 2416 3556 2489 quod

1960 2507 2152 2563 falsum
2205 2523 2325 2564 esse
2373 2509 2561 2578 probat
2606 2512 2688 2565 vir
2738 2511 2979 2567 eruditus
3026 2527 3090 2568 ex
3148 2512 3265 2567 Vita
3317 2511 3557 2581 ejusdem

1960 2602 2136 2657 sancti
2163 2600 2231 2656 ab
2261 2611 2485 2658 auctore
2521 2603 2714 2674 atqnali
2746 2605 2977 2674 scripta,
3012 2604 3100 2659 ubi
3136 2603 3434 2681 Eparchius
3465 2604 3558 2659 tri-

1961 2694 2106 2764 ginta
2132 2694 2472 2749 solummodo
2496 2704 2549 2750 et
2577 2710 2775 2751 novem
2801 2696 2958 2752 annis
2984 2698 3229 2753 reclusus
3253 2697 3454 2753 vixisse
3476 2694 3559 2753 di-

1963 2786 2123 2843 sertis
2153 2787 2336 2843 verbis
2382 2788 2599 2843 dicitur.
2640 2788 2848 2845 Deinde
2879 2790 3171 2858 Aptonius,
3205 2804 3310 2860 quo
3337 2788 3560 2846 sedente

1965 2881 2263 2951 Eparchius
2295 2882 2500 2938 recludi
2531 2884 2717 2953 cmpit,
2764 2898 2870 2938 non
2904 2884 3143 2953 suscepit
3176 2882 3559 2939 Ecolismensis

1965 2974 2223 3030 Ecclesiae
2269 2976 2511 3044 regimen
2561 2984 2686 3031 ante
2723 2991 2921 3031 annum
2968 2976 3095 3031 541.
3142 2977 3210 3030 At
3259 2976 3560 3046 Eparchius

1966 3067 2183 3122 nemine
2215 3067 2620 3124 contradicente
2652 3068 2787 3123 obiit
2817 3068 3227 3139 annotejusdem
3256 3068 3438 3122 saeculi
3467 3068 3558 3134 81,

1970 3161 2304 3233 proindeque
2326 3176 2486 3231 supra
2508 3175 2681 3217 annos
2704 3161 3053 3232 quadraginta
3083 3163 3135 3216 in
3164 3160 3298 3215 cella
3319 3159 3561 3216 reclusus

280 3254 543 3323 cogitasse
572 3265 825 3324 pernegat
857 3272 870 3309 :
898 3269 1017 3325 quae
1055 3255 1271 3324 quidem
1326 3257 1609 3326 responsio
1659 3260 1864 3328 impru-
1896 3236 1942 3301 C
1972 3253 2170 3325 degere
2209 3268 2315 3309 non
2350 3254 2543 3324 potuit.
2590 3254 2658 3307 At
2686 3268 2807 3308 cum
2855 3254 3070 3308 Cointio
3096 3253 3354 3319 fatemur,
3389 3251 3561 3321 Epar-

282 3346 414 3401 deus
442 3345 666 3402 fortasse
703 3345 832 3414 fuit,
861 3348 905 3402 si
936 3363 1053 3402 eam
1088 3362 1191 3403 non
1218 3351 1457 3421 exegerit
1497 3352 1863 3422 interrogatio.

282 3438 425 3495 Fieri
454 3440 593 3495 enim
625 3440 796 3510 potuit
822 3449 878 3495 ut
904 3442 1325 3512 interrogaretur
1353 3444 1643 3513 Gregorius
1672 3447 1739 3502 de
1775 3463 1866 3502 ru-

283 3543 433 3586 more
462 3531 552 3586 illo
578 3532 668 3600 qui
697 3534 855 3605 vulgo
875 3534 1354 3591 circumferebatur
1376 3554 1387 3590 :
1412 3538 1497 3592 cui
1530 3538 1619 3593 ille
1640 3553 1865 3609 respon—

282 3627 357 3680 dit
387 3626 548 3682 modo
574 3628 899 3697 sinceritati,
934 3644 1051 3699 quae
1096 3630 1148 3684 in
1200 3631 1409 3687 caeteris
1451 3631 1569 3701 ejus
1616 3632 1869 3702 operibus

284 3723 492 3787 elucet,
540 3736 771 3777 maxime
818 3737 1076 3795 congruo.
1109 3724 1232 3780 Scio
1278 3726 1680 3795 responsionem
1731 3726 1869 3783 banc

288 3812 498 3868 Valesio
530 3813 921 3884 imprudentem
971 3816 1137 3870 visam
1187 3815 1386 3874 fuisse:
1418 3818 1511 3873 sed
1562 3833 1663 3874 nec
1700 3819 1870 3890 ipsam

285 3915 463 3961 tamen
494 3907 564 3962 ob
591 3908 642 3962 id
668 3908 929 3979 Gregorio
958 3908 1251 3979 abjudicat,
1278 3926 1379 3967 nec
1405 3913 1584 3966 caeteri
1620 3912 1717 3966 viri
1743 3926 1868 3967 eru-

287 3998 405 4065 diti,
439 4001 527 4069 qui
561 4000 876 4072 Gregorium
905 4000 1120 4056 humani
1147 4003 1308 4058 errati
1348 4005 1563 4059 omnino
1594 4013 1869 4074 expertem

289 4092 453 4149 fuisse
483 4109 753 4165 nunquam
781 4104 903 4149 sunt
930 4094 1194 4151 arbitrati.
1236 4095 1352 4151 Non
1382 4094 1598 4166 majoris
1633 4105 1711 4151 est
1751 4112 1870 4152 mo-

291 4188 454 4240 menti
485 4186 625 4254 quod
655 4186 730 4241 ait
760 4186 846 4240 vir
865 4187 1127 4251 eruditus,
1160 4187 1453 4257 Cltilperici
1484 4199 1535 4243 et
1564 4188 1873 4260 Fredcgun-

293 4278 376 4333 dis
400 4278 636 4333 innatam
663 4278 922 4333 saevitiam
958 4280 1007 4333 in
1042 4280 1143 4335 hoc
1175 4277 1293 4336 loc'o
1324 4296 1431 4337 non
1461 4282 1709 4337 inveniri.
1757 4282 1873 4339 Non

289 4370 431 4425 enim
458 4371 592 4426 adeo
621 4372 871 4428 crudeles
898 4387 1112 4443 semper
1140 4382 1194 4429 et
1220 4373 1413 4446 ubique
1447 4374 1521 4429 illi
1549 4375 1784 4443 fuerunt,
1816 4387 1874 4434 ut

291 4464 437 4518 omni
484 4464 766 4521 occasione
800 4481 893 4533 per
932 4463 1012 4521 fas
1056 4475 1109 4523 et
1158 4467 1308 4523 nefas
1338 4468 1584 4526 homines
1615 4470 1870 4526 trucidari

286 4556 566 4626 jusserint,
595 4560 684 4630 qui
713 4560 766 4614 in
796 4573 981 4614 eorum
1030 4560 1384 4617 incurrissent
1408 4561 1690 4617 offensam.
1717 4564 1875 4619 Certe

1971 3346 2151 3402 chium
2174 3360 2315 3401 anno
2347 3356 2602 3401 extremae
2630 3360 2739 3402 sua:
2767 3344 3084 3401 reclusionis
3117 3344 3391 3416 trigesimo
3418 3356 3564 3398 nono

1971 3440 2198 3505 abiisse,
2231 3447 2291 3495 ut
2326 3441 2381 3495 in
2425 3440 2542 3507 ejus
2583 3439 2703 3495 Vita
2750 3440 2967 3511 legitur.
2999 3439 3111 3494 Sed
3145 3438 3192 3495 si
3246 3436 3564 3493 reclusionis

1969 3532 2188 3588 nomine
2232 3540 2399 3588 totum
2430 3532 2558 3588 illud
2591 3542 2802 3604 tempus
2834 3532 3194 3602 intelligatur,
3238 3546 3346 3603 quo
3395 3529 3565 3600 Epar-

1972 3625 2125 3681 chius
2154 3627 2345 3682 relicto
2375 3630 2573 3683 saeculo
2602 3628 2655 3684 in
2688 3627 3017 3684 monasterio
3044 3627 3193 3695 vixit,
3239 3634 3333 3681 aut
3361 3625 3415 3681 in
3448 3626 3566 3681 loco

1970 3715 2219 3784 deserto,
2274 3733 2380 3788 quo
2411 3719 2632 3788 majoris
2670 3719 2979 3775 solitudinis
3009 3715 3279 3775 desiderio
3324 3729 3565 3772 secesse-

1972 3817 2073 3875 rat,
2105 3808 2214 3878 jam
2243 3810 2392 3864 nulla
2413 3812 2679 3879 supererit
2708 3811 2789 3864 dif
2791 3812 3015 3866 ticultas.
3038 3807 3254 3866 Certum
3282 3809 3478 3879 quippe
3497 3821 3566 3866 ex

1973 3900 2088 3971 ejus
2112 3901 2229 3958 Vita
2258 3911 2363 3970 est,
2388 3904 2537 3958 illum
2566 3905 2619 3959 in
2653 3903 2951 3960 Sedeciano
2975 3903 3303 3957 monasterio
3331 3902 3566 3970 primum

1971 4001 2177 4047 vestem
2208 3995 2557 4049 monasticam
2594 3994 2856 4059 induisse,
2892 4002 3002 4048 tum
3032 3993 3084 4047 in
3116 3991 3235 4047 loco
3263 3990 3503 4047 solitario
3534 4006 3565 4046 a

1973 4085 2183 4139 caeteris
2238 4095 2542 4154 separatum
2592 4085 2901 4155 aliquandiu
2957 4084 3206 4156 degisse,
3253 4084 3567 4156 priusquam

1972 4181 2349 4261 episcoporum
2400 4183 2724 4239 auctoritate
2776 4182 3165 4239 recluderetur.
3212 4183 3341 4252 Qum
3388 4181 3566 4237 omnia

1977 4279 2267 4346 Gregorius
2298 4278 2459 4332 simul
2486 4278 2840 4348 conjungens,
2872 4277 3217 4348 Eparcltium,
3252 4277 3418 4333 illaesa
3459 4274 3569 4331 his»

1978 4373 2127 4429 tortae
2166 4374 2424 4441 veritate,
2470 4373 2650 4429 dicere
2694 4372 2902 4444 potuit,
2955 4386 3126 4427 annos
3174 4370 3245 4425 at
3296 4371 3567 4427 reclusum

1976 4467 2239 4535 exegisse.
3293 4508 3305 4513 -

2052 4561 2176 4614 H2.
2221 4560 2297 4614 Ea
2326 4573 2452 4615 vero
2481 4574 2600 4630 qum
2626 4558 2887 4615 adversus
2914 4567 3074 4631 caput
3096 4558 3128 4614 9
3158 4558 3399 4629 ejusdem
3423 4557 3570 4628 libri,

286 4655 557 4722 negotium
585 4655 728 4710 istud
761 4656 936 4726 magni
965 4665 1082 4711 erat
1126 4658 1383 4715 momenti
1417 4676 1431 4712 :
1468 4660 1521 4714 in
1548 4659 1756 4730 publica
1786 4677 1865 4733 sy-

1986 4652 2077 4708 ubi
2109 4652 2175 4708 de
2213 4663 2399 4707 sancto
2444 4652 2702 4707 Domnulo
2730 4651 3123 4708 Cenomanensi
3166 4651 3420 4720 episcopo
3455 4652 3571 4721 agi-

285 4748 431 4802 nodo
459 4749 741 4819 agebatur.
785 4748 1025 4816 Quaestio
1065 4759 1245 4807 autem
1300 4752 1415 4818 ipsa
1470 4752 1697 4808 delicata
1727 4765 1870 4821 erat,

284 4853 385 4895 nec
411 4839 550 4895 forte
580 4840 917 4911 Fredegnndi
950 4850 1157 4913 gratum
1188 4850 1340 4909 erat,
1376 4853 1434 4899 ut
1474 4855 1578 4900 tam
1627 4856 1876 4902 accurate

285 4933 353 4987 de
383 4933 500 5001 ejus
527 4935 629 4987 vita
661 4943 714 4989 et
746 4936 983 4989 moribus
1014 4936 1389 5007 inquireretur.
1426 4937 1641 4995 Sciebat
1675 4939 1876 5009 Gregoo

284 5026 427 5079 rium
452 5026 721 5082 hominem
745 5028 1161 5096 sanctissimum,
1189 5032 1275 5097 qui
1306 5045 1406 5086 nec
1430 5032 1587 5086 minis
1610 5049 1707 5088 nec
1730 5035 1879 5089 blan-

288 5117 435 5173 ditiis
483 5134 509 5172 a
557 5130 705 5176 recto
755 5122 969 5176 tramite
1017 5138 1247 5192 unquam
1300 5125 1562 5193 potuisset
1591 5124 1875 5181 deterreri.

291 5209 446 5267 Unde
470 5211 625 5268 linire
674 5216 818 5283 regis
854 5216 1088 5269 animum
1141 5216 1310 5285 magis
1340 5216 1685 5285 expediebat,
1719 5233 1878 5287 quam

290 5307 465 5373 ipsum
490 5306 543 5360 in
564 5316 840 5362 accusatos
864 5322 1203 5376 exasperare.
1230 5310 1298 5361 At
1329 5322 1479 5374 vero,
1504 5323 1624 5362 cum
1654 5318 1879 5378 purgato

291 5410 803 5467 persacramentnm
848 5399 1144 5471 Gregorio,
1196 5399 1488 5455 Leudastes
1527 5415 1589 5455 ac
1642 5402 1880 5457 Riculqu

289 5490 571 5548 calumniae
616 5496 693 5548 rei
725 5492 1053 5564 pronuntiati
1090 5492 1347 5557 fuissent,
1394 5492 1445 5546 in
1485 5507 1581 5547 cos
1631 5495 1878 5549 saevitum

290 5592 391 5650 est,
425 5593 479 5639 et
514 5586 778 5642 Leudaste
826 5589 946 5659 fuga
987 5589 1171 5659 elapso
1202 5588 1336 5642 alter
1362 5586 1545 5657 jussus
1588 5596 1672 5642 est
1717 5588 1881 5643 inter-

292 5674 377 5729 fici
413 5693 425 5728 :
460 5676 550 5745 qui
592 5677 717 5733 licet
758 5678 1016 5750 Gregorio
1049 5680 1415 5735 intercedente
1442 5678 1603 5734 vitam
1636 5678 1879 5736 obtinue-

291 5770 381 5837 rit,
416 5770 844 5829 intolerabilibus
876 5784 1053 5829 tamen
1086 5776 1365 5830 tormentis
1395 5776 1605 5831 attritus
1632 5782 1734 5843 est,
1761 5788 1881 5845 quae

292 5862 588 5934 Gregorius
617 5874 815 5923 narrat.
856 5866 1094 5937 Denique
1140 5869 1283 5937 quod
1311 5868 1379 5925 ad
1409 5868 1643 5928 Felicem
1674 5869 1883 5937 episco-

1985 4754 2089 4813 tur,
2122 4746 2475 4813 expendimus
2518 4746 2572 4800 in
2618 4745 2763 4800 notis
2792 4745 2857 4800 ad
2888 4745 3037 4800 illum
3087 4745 3295 4813 locum,
3328 4759 3446 4815 quat
3475 4744 3573 4801 ite—

1986 4854 2101 4893 rum
2146 4848 2391 4907 repetere
2441 4852 2898 4907 supervacaneum
2952 4837 3108 4894 foret.
3159 4836 3238 4892 Ad
3291 4847 3452 4907 caput
3506 4837 3572 4891 15

1990 4932 2371 4988 transeundum
2421 4942 2531 5001 est,
2566 4947 2597 4987 a
2626 4932 2838 4987 Cointio
2884 4931 2954 4988 ob
2999 4932 3051 4987 id
3093 4933 3381 5001 rejectum,
3431 4928 3573 4998 quod

1986 5027 2147 5081 multa
2202 5025 2398 5081 habeat
2448 5034 2631 5080 contra
2685 5025 2878 5080 Felicis
2930 5025 3302 5083 Namnetensis
3342 5023 3572 5090 famam,

1983 5120 2107 5189 quin
2140 5128 2193 5173 et
2222 5133 2340 5173 cum
2390 5117 2521 5172 illud
2552 5118 2793 5187 sequenti
2844 5118 3001 5187 capiti
3046 5119 3115 5173 ita
3145 5130 3411 5170 annexum
3459 5113 3532 5170 sit
3555 5156 3573 5185 ,

1981 5220 2041 5265 ut
2066 5192 2316 5264 alterum
2357 5209 2475 5264 sine
2507 5209 2677 5264 altero
2710 5224 2815 5263 non
2866 5210 3032 5278 possit
3075 5205 3305 5262 admitti.
3337 5206 3404 5261 Et
3429 5205 3574 5263 istud

1983 5320 2195 5376 quoque
2224 5305 2425 5375 reSpuit
2451 5303 2530 5358 vir
2556 5305 2819 5370 eruditus,
2847 5304 2969 5359 licet
3000 5303 3052 5355 in
3079 5299 3328 5356 omnibus
3352 5301 3573 5357 omnino

1984 5396 2261 5453 codicibus
2292 5396 2571 5465 habeatur,
2603 5396 2766 5450 etiam
2797 5394 2850 5448 in
2908 5390 3240 5458 Corbeiensi,
3277 5407 3433 5461 quem
3467 5407 3572 5447 non

1986 5491 2254 5545 inliciatur
2284 5489 2441 5559 paulo
2466 5499 2587 5559 post
2609 5485 2849 5555 Gregorii
2879 5483 3049 5539 nostri
3079 5494 3290 5540 aetatem
3313 5485 3573 5556 scriptum

1987 5584 2183 5649 fuisse;
2235 5582 2566 5653 proindeque
2612 5579 2861 5634 admittat
2889 5593 3112 5634 necesse
3152 5586 3263 5646 est,
3306 5578 3575 5635 exstitisse

1985 5687 2258 5732 auctorem
2299 5677 2529 5746 aliquem
2560 5671 2821 5741 Gregorio
2850 5680 2941 5727 aut
2969 5671 3227 5742 aequalem
3259 5679 3351 5724 aut
3376 5670 3575 5739 subpa-

1987 5790 2124 5841 rem,
2157 5788 2220 5829 ex
2253 5788 2358 5843 quo
2389 5769 2776 5840 interpolator,
2825 5769 2917 5842 qui
2966 5778 3018 5824 et
3064 5768 3178 5837 ipse
3206 5765 3288 5821 his
3315 5763 3574 5834 tempori-

1989 5869 2089 5928 bus
2122 5867 2351 5934 vixerit,
2401 5865 2505 5922 ista
2550 5873 2709 5933 atque
2734 5863 2837 5921 alia
2889 5862 3053 5922 multa
3083 5874 3205 5928 quae
3252 5856 3419 5915 refert
3444 5854 3575 5912 batt-
