4086 6328
570 375 632 436 9ι
2009 355 2397 438 ΜῐλῑέΑτιῡ.
3794 404 3876 452 9:.

568 491 720 548 serit.
755 491 822 546 At
847 501 969 547 cum
999 501 1089 546 Ine
1117 497 1304 546 auctor
1335 488 1533 545 nemini
1582 503 1815 561 unquam
1848 501 2009 549 notus
2042 495 2160 552 fue-
2189 498 2243 558 Α
2272 499 2435 568 periei
2457 493 2583 558 vero
2606 485 2671 559 de
2701 487 2888 560 liasina
2911 505 3030 562 loco
3052 505 3358 580 Rithguntis
3377 509 3699 568 Gottltorum
3717 518 3876 587 regis

569 585 676 652 rit,
727 585 898 640 satius
947 586 1102 641 nobis
1153 585 1362 640 videtur
1407 585 1637 659 ingenue
1689 588 1840 644 fateri
1885 589 1936 644 iu
1991 590 2167 650 Felice

528 732 534 736 .
573 691 758 732 naevos
772 680 986 746 quidem
1010 681 1304 748 fuisse,sed
1331 695 1467 749 quos
1491 684 1911 753 autpmnitentia
1928 679 2166 756 diluerit,

574 780 666 826 aut
693 782 841 829 certe
867 775 956 838 qui
988 777 1120 830 tanti
1152 790 1260 831 non
1292 775 1509 842 fuerint,
1531 785 1591 831 ut
1618 776 1930 832 charitatem
1964 777 2164 834 Christi

571 880 693 936 qua:
725 867 1124 922 multitudinem
1159 869 1330 938 operit
1375 873 1739 938 peccatorum,
1764 871 2163 926 olfuscaveriut.

645 956 768 1015 “5.
809 959 980 1030 Caput
1023 960 1092 1013 2'2
1124 961 1479 1032 rejiciendum
1533 977 1655 1017 esse
1683 974 1863 1019 censet
1913 963 1994 1019 vir
2039 983 2166 1019 Clll-

569 1048 744 1117 ditus,
775 1054 915 1122 quod
945 1053 1304 1124 Cltilpericutn
1351 1071 1528 1119 regem
1563 1058 1756 1124 alium,
1793 1059 1841 1112 id
1885 1068 1966 1114 est
1998 1059 2164 1114 lenio-

567 1157 683 1198 rem
737 1155 897 1215 quam
952 1146 1128 1213 reipsa
1184 1148 1373 1214 fuerit,
1417 1160 1790 1218 repraesentet.
1831 1149 2165 1221 Chilpericus

567 1233 711 1288 enim
735 1275 748 1295 .
803 1245 861 1290 ut
884 1234 1098 1291 Coin'io
1126 1238 1367 1304 videtur,
1401 1241 1739 1295 Charterium
1771 1244 1856 1309 qui
1904 1245 2165 1300 adversus

566 1339 686 1379 eum
718 1327 926 1384 litteras
948 1330 1235 1399 injuriosas
1263 1334 1550 1402 scripsisse
1577 1337 1948 1402 accusabatur,
1983 1339 2162 1394 statim

563 1421 957 1489 oppressisset;
989 1433 1078 1478 aut
1111 1437 1258 1480 certe
1287 1425 1404 1496 ejus
1434 1438 1806 1482 accusat--rcm
1853 1428 2160 1500 diaconum,

562 1517 652 1584 qui
697 1530 791 1570 eas
823 1517 1078 1588 episcopo
1109 1530 1206 1575 suo
1238 1523 1584 1592 supposuisse
1633 1523 1931 1581 dicebatur.
1967 1520 2162 1583 Verum

563 1622 672 1662 non
704 1610 773 1664 ita
802 1623 979 1666 saevus
1005 1622 1122 1668 erat
1150 1610 1512 1682 Cbllpericus,
1549 1627 1640 1671 aut
1664 1619 1741 1671 sui
1773 1617 2073 1687 impotens,
2107 1629 2166 1676 ut

561 1717 670 1757 non
703 1705 803 1759 nisi
837 1706 904 1759 ab
931 1706 1228 1774 impostore
1257 1707 1360 1763 dici
1393 1710 1677 1778 potuisset,
1709 1726 1831 1766 eum
1864 1711 2040 1782 aliqua
2072 1728 2165 1768 oc-

563 1795 778 1850 casione
801 1812 830 1850 a
859 1799 1130 1853 saeviendo
1161 1801 1506 1858 abstinuisse.
1536 1801 1716 1872 Certe,
1744 1813 1798 1858 ut
1829 1819 1857 1858 a
1884 1806 2012 1860 viris
2043 1822 2160 1862 eru-

564 1883 820 1956 ditisjam
850 1903 952 1944 non
980 1892 1149 1946 semel
1181 1893 1521 1948 observatum
1554 1903 1658 1959 est,
1683 1895 2018 1964 Chilpericus
2048 1915 2161 1953 ma-
2192 1871 2238 1943 Β

555 1976 644 2046 gis
671 1981 908 2043 uxorius,
941 1996 1098 2050 quam
1127 1998 1301 2038 saevus
1353 1983 1479 2050 fuit,
1512 1993 1672 2055 atque
1704 1990 1823 2056 plus
1863 1989 2016 2044 uxori
2052 2005 2166 2047 sum

565 2072 805 2138 parendo
828 2089 947 2142 qua:
967 2089 1090 2129 eum
1122 2076 1186 2130 ad
1215 2091 1373 2132 neces
1396 2079 1666 2134 hominum
1692 2081 1791 2136 sibi
1818 2083 1918 2150 ipsi
1948 2100 2168 2153 suspec-

571 2170 745 2216 torum
785 2163 1250 2237 incitabat,quam
1305 2170 1482 2224 innata
1531 2172 1846 2228 crudelitate
1901 2177 2159 2244 peccavit.

566 2251 876 2310 Audiendus
897 2270 959 2310 ea
991 2257 1056 2312 de
1083 2274 1142 2313 re
1175 2258 1235 2314 V.
1262 2258 1322 2314 C.
1351 2261 1648 2317 lladrianus
1691 2265 1926 2320 Valesius
1955 2269 2088 2324 libro
2115 2286 2164 2325 ιι

565 2341 762 2399 Rerum
785 2347 1175 2420 Francicarum,
1200 2353 1286 2408 ubi
1312 2364 1586 2424 postquam
1606 2357 1968 2429 Chilpericum
1992 2379 2166 2430 repre-

569 2437 843 2496 hendisset
866 2444 1008 2512 quod
1035 2443 1229 2502 furenti
1270 2449 1422 2503 uxori
1447 2452 1668 2504 nimium
1703 2452 2002 2519 indulserit,
2035 2457 2164 2512 sub-

567 2530 770 2601 iungit:
801 2533 966 2590 Plane
981 2540 1026 2591 si
1048 2542 1255 2609 quando
1277 2544 1338 2595 ob
1369 2560 1426 2596 ea
1451 2560 1548 2596 non
1574 2546 1934 2615 instigaliatur,
1961 2549 2168 2616 Chilpe-

569 2621 1007 2684 ricunt'mmatum
1027 2640 1074 2685 et
1094 2637 1174 2687 sui
1206 2635 1504 2691 dissimilem
1527 2639 1720 2707 factum
1747 2642 2009 2698 crederes:
2039 2647 2166 2700 adeo

568 2720 872 2787 communis,
895 2724 1038 2776 aditu
1064 2727 1250 2795 facilis,
1273 2729 1399 2782 lenis
1422 2746 1619 2798 quoque
1635 2740 1681 2784 et
1706 2733 1755 2784 in
1753 2735 1914 2802 juria:
1945 2737 2162 2804 patiens.

570 2808 869 2867 Lenitatem
891 2814 1009 2884 ejus
1038 2818 1278 2887 pluribus
1310 2820 1540 2877 laudavit
1567 2822 1892 2880 Fortunatus
1920 2847 1932 2884 :
1961 2847 2058 2885 nec
2088 2841 2166 2886 ta-

572 2915 696 2956 men
721 2902 882 2973 hujus
902 2909 1136 2962 anetoris
1151 2912 1388 2965 carmina
1413 2913 1479 2968 ob
1500 2914 1552 2970 id
1577 2916 1713 2969 ullus
1737 2917 1931 2974 dixerit
1954 2937 2072 2978 esse
2097 2924 2164 2978 ab

567 2993 868 3065 impostore
888 3005 1210 3074 excogitata.
1240 3006 1304 3060 Et
1325 3008 1536 3076 quidem
1565 3011 1689 3065 licet
1715 3024 1988 3082 partarum
2015 3034 2166 3074 more

570 3086 623 3144 in
654 3089 922 3147 laudando
944 3093 1252 3166 Chilperico
1280 3104 1583 3159 excessisse
1609 3107 1884 3164 nonnullis
1929 3109 2164 3170 fortasse

568 3180 816 3238 videatur
856 3185 1220 3262 Fortunatus,
1265 3205 1423 3250 nemo
1472 3205 1653 3254 tamen
1698 3201 1894 3257 dixe/rit
1942 3221 2063 3260 eum
2111 3207 2162 3262 in

570 3278 785 3338 homine
813 3286 1112 3343 suavissimo
1136 3291 1410 3347 lenitatem
1447 3295 1782 3361 potissimum
1812 3299 2157 3366 prmdicasse.
2193 3271 2238 3335 Ε

571 3370 811 3443 Denique
855 3376 1098 3436 Cointius
1130 3382 1243 3451 ipse
1273 3384 1404 3439 alias
1433 3387 1747 3458 Gregorium
1781 3403 2019 3449 nostrum
2075 3412 2164 3451 re-

572 3467 883 3535 prehendit,
914 3472 1052 3540 quod
1102 3471 1155 3528 in
1187 3475 1292 3529 fine
1320 3475 1514 3533 librin
1548 3480 1795 3536 Historiae
1822 3484 1872 3538 in
1903 3483 2164 3558 Chilperio

571 3572 690 3612 cum
723 3560 841 3628 plus
867 3578 1022 3634 mque
1053 3567 1209 3622 fuerit
1241 3569 1516 3638 invectus,
1572 3575 1723 3642 quasi
1757 3571 1901 3632 nulla
1947 3594 2166 3648 prorsus

570 3648 729 3706 laude
759 3652 952 3722 dignus
983 3657 1171 3724 fuerit,
1221 3675 1380 3730 quem
1416 3669 1596 3719 tamen
1643 3667 1896 3734 prmi-lora
1931 3671 2166 3728 facinora

570 3741 802 3800 edidisse
843 3748 1113 3804 neminem
1143 3751 1367 3808 inficiari
1399 3771 1554 3824 posse
1585 3760 1882 3816 contendit.

642 3853 766 3912 lli.
807 3853 978 3930 Caput
1006 3860 1076 3916 54
1103 3865 1344 3933 ejusdem
1378 3869 1500 3924 libri
1533 3887 1606 3937 vr,
1641 3872 1767 3930 licet
1796 3874 1847 3930 in
1881 3876 2055 3946 capite
2084 3895 2168 3935 se-

570 3949 772 4018 quenti,
808 3952 947 4022 quod
980 3969 1170 4012 omnes
1199 3961 1417 4015 omnino
1450 3959 1634 4034 scripti
1688 3975 1740 4020 et
1769 3967 1901 4023 editi
1947 3969 2164 4039 habent,

568 4037 834 4109 laudetur,
867 4048 1140 4120 multaque
1166 4057 1556 4124 complectatur
1603 4076 1749 4128 vera,
1784 4064 2161 4134 interpolatum

569 4141 746 4192 tamen
774 4152 960 4197 censet
996 4146 1081 4198 vir
1106 4164 1249 4215 sa-pe
1281 4150 1559 4220 laudatus,
1593 4158 1733 4226 quod
1769 4161 2043 4228 nonnulla,
2089 4163 2170 4218 in-

571 4228 705 4297 quit,
748 4233 1022 4290 contineat
1046 4255 1075 4292 a
1101 4241 1382 4298 verisimili
1423 4247 1618 4302 aliena.
1655 4248 1889 4304 Primum
1919 4265 1999 4308 est
2025 4255 2166 4323 quod

572 4320 729 4384 hujus
758 4326 948 4394 capitis
987 4328 1142 4386 initio
1176 4348 1504 4392 memoretur
1535 4339 1892 4410 Hispanorum
1927 4345 2122 4413 legatio
2151 4391 2164 4414 ,

571 4421 690 4482 qua:
712 4415 756 4468 si
785 4417 1118 4489 admittatur,
1155 4426 1307 4481 tertia
1339 4429 1440 4483 erit
1461 4448 1619 4501 quam
1656 4433 1756 4488 hoc
1779 4453 1920 4490 anno
1952 4440 2170 4510 Hispani

571 4505 816 4563 miserint
845 4509 896 4565 in
925 4511 1142 4571 Gallias.
1171 4518 1474 4576 Secundum
1499 4525 1650 4580 initio
1680 4531 1867 4595 capitis
1900 4505 2168 4603 legati-ap-

571 4599 835 4668 pellantur
865 4605 914 4674 ⁸,
944 4610 1087 4678 quod
1125 4609 1324 4667 indicat
1353 4613 1532 4683 plures
1571 4633 1630 4670 ea
1663 4620 1946 4678 occasione
1975 4625 2166 4680 missos

569 4690 767 4763 fuisse;
819 4708 870 4754 et
922 4697 1101 4756 tamen
1159 4703 1211 4758 in
1261 4706 1520 4761 orationis
1571 4725 1855 4778 progressu
1902 4729 2007 4769 non
2062 4718 2162 4772 nisi

569 4785 728 4842 unius
781 4789 938 4860 legati
988 4795 1189 4849 mentio
1237 4800 1494 4853 occurrit.
1550 4799 1786 4870 Denique
1830 4801 2166 4874 Chilpericus

570 4883 765 4941 ibidem
816 4885 1080 4955 cogitasse
1111 4888 1308 4943 dicitur
1343 4890 1410 4944 de
1439 4887 1628 4946 Basiua
1676 4891 1727 4948 in
1769 4909 1988 4949 uxorem
2024 4895 2163 4952 Rec-

568 4976 770 5033 caredo
813 4976 1133 5034 Gotthorum
1166 4983 1276 5050 regi
1311 4982 1600 5050 tradenda,
1633 5002 1750 5055 quae
1781 4995 2017 5056 stuprata
2053 4991 2165 5045 fue-

569 5075 679 5142 rat,
715 5085 770 5130 et
818 5077 870 5131 in
916 5078 1300 5134 monasterium
1337 5092 1563 5135 retrusa.
1598 5081 1675 5134 Ad
1726 5084 1952 5150 prinmm
1991 5094 2043 5140 et
2085 5102 2171 5141 sc-

568 5170 804 5224 cundum
850 5169 1174 5241 Objectiouis
1224 5183 1385 5242 caput
1427 5174 1676 5229 facillima
1727 5185 1809 5230 cst
1863 5180 2163 5247 responsio.

569 5259 686 5314 Non
717 5263 860 5315 enim
890 5261 1223 5331 impossibile
1250 5273 1332 5319 est
1366 5274 1545 5320 ternas
1575 5285 1638 5323 eo
1684 5285 1822 5324 anno
1872 5271 2166 5343 legationes

573 5371 638 5407 ex
670 5353 938 5423 Ilispaniis
971 5355 1022 5410 in
1056 5355 1258 5412 Gallias
1288 5357 1628 5426 adventasse,
1661 5378 1780 5418 cum
1828 5377 2075 5436 ageretur
2102 5365 2169 5421 de

573 5444 775 5510 nuptiis
825 5446 965 5501 inter
1013 5447 1307 5520 Leuvigildi
1362 5451 1526 5506 filium
1566 5464 1619 5527 et
1663 5455 1953 5525 Chiiperici
2006 5457 2167 5513 liliam

573 5539 977 5608 contrahendis,
1002 5545 1140 5615 quod
1162 5547 1394 5602 maxime
1411 5546 1592 5602 Gothi
1614 5550 1988 5618 peroptabaut.
2014 5550 2167 5616 Quod

574 5648 703 5688 vero
732 5633 963 5704 legatum
1013 5647 1103 5692 aut
1134 5638 1338 5710 legatos
1389 5657 1488 5694 una
1521 5653 1610 5695 aut
1655 5641 1823 5696 altera
1875 5643 1989 5697 vice
2035 5647 2171 5697 scri-

571 5724 740 5802 pserit
784 5733 1106 5804 Gregorius,
1141 5752 1226 5792 res
1255 5746 1338 5792 est
1368 5735 1431 5790 ad
1462 5738 1808 5792 asserendnm
1841 5746 1931 5791 aut
1962 5735 2172 5807 abjndi-

578 5828 807 5886 candum
840 5828 1098 5901 Gregorio
1129 5839 1288 5903 caput
1317 5831 1455 5885 istud
1488 5833 1642 5900 plane
1666 5833 1995 5888 indifferens.
2024 5831 2171 5887 Chil-

2271 593 2380 647 filio
2410 596 2778 652 substituenda
2812 597 3094 654 consilium
3116 643 3130 666 ,
3163 603 3301 672 quod
3336 605 3500 660 refert
3545 606 3871 677 Gregorius,

2271 686 2504 744 bOminis
2552 692 2786 747 animmn
2829 692 3025 748 indicat
3076 696 3509 766 tergiversantis,
3560 701 3650 768 qui
3699 704 3868 759 liliam

2271 795 2420 835 suam
2452 792 2560 836 tum
2595 783 2788 851 vellet,
2840 796 2948 840 tum
2983 786 3144 843 nollet
3174 786 3483 846 Reccaredo
3524 795 3713 862 nuptui
3761 806 3872 851 tra-

2269 869 2422 929 dere.
2456 875 2597 929 ldetn
2647 878 2874 946 probant
2903 881 3063 935 varia:
3095 880 3282 937 barutu
3317 877 3620 955 nuptiarum
3649 888 3873 944 dilatio-

2271 981 2388 1032 nes,
2415 981 2442 1020 a
2476 968 2733 1038 Gregorio
2761 971 2878 1043 ipso
2906 984 3236 1041 memoratae,
3267 992 3385 1045 qum
3410 977 3621 1032 tandem
3649 997 3712 1035 eo
3743 999 3868 1054 pio-

2269 1073 2501 1125 cessere,
2533 1073 2587 1115 ut
2621 1062 2706 1117 illa
2739 1064 2935 1135 saepius
2968 1067 3090 1122 licet
3123 1070 3405 1138 promissa,
3442 1071 3607 1126 immo
3633 1084 3687 1128 et
3719 1076 3784 1128 ad
3814 1076 3869 1131 id

2269 1152 2541 1219 profecta,
2576 1171 2842 1226 nunquam
2879 1159 3182 1215 Recraredo
3215 1165 3474 1231 nupserit.
3522 1165 3868 1235 Chilpericus

2270 1247 2448 1316 itaque
2498 1249 2818 1306 Gotthorum
2872 1256 3183 1325 petitionem
3241 1259 3396 1328 plane
3445 1276 3702 1331 respuere
3753 1280 3864 1320 non

2268 1345 2533 1411 audebat,
2581 1348 2744 1403 immo
2773 1365 2874 1406 nec
2902 1352 3113 1407 volebat
3142 1373 3152 1406 :
3186 1354 3278 1408 sed
3327 1371 3490 1425 grave
3534 1369 3711 1412 tamen
3746 1367 3867 1413 erat

2268 1440 2315 1492 ei
2347 1455 2376 1493 a
2404 1440 2510 1494 ﬁlia
2542 1458 2635 1497 sua
2668 1443 2934 1514 separari,
2985 1462 3142 1517 quam
3190 1463 3254 1503 ex
3289 1448 3638 1522 Fredegunde
3675 1469 3862 1508 susce-

2268 1543 2440 1603 perat,
2473 1545 2525 1590 ct
2554 1536 2811 1606 diligebat
2838 1555 2946 1609 pra:
2973 1541 3208 1606 coeti-ris;
3244 1543 3441 1600 veritus
3475 1546 3726 1608 tuaxime,
3761 1564 3863 1617 ne,

2271 1633 2328 1680 ut
2375 1628 2626 1684 Chlotildi
2673 1641 2727 1685 et
2775 1632 2995 1698 lngundi
3033 1636 3364 1706 contigerat,
3421 1638 3532 1705 ipsa
3563 1653 3592 1691 a
3648 1639 3866 1694 Gotthis

2269 1718 2409 1773 male
2441 1720 2750 1777 haberetur.
2782 1723 3029 1780 Basinam
3078 1742 3203 1780 vero
3236 1730 3304 1781 ob
3334 1728 3383 1781 id
3415 1729 3551 1784 forte
3580 1729 3868 1801 ltithgunti

2271 1815 2698 1869 substituendam
2734 1833 2839 1872 non
2871 1820 2977 1872 alio
3009 1821 3188 1875 animo
3221 1823 3584 1892 proponebat,
3615 1841 3776 1896 quam
3808 1836 3868 1882 ut

2267 1902 2573 1974 Rithguntis
2601 1908 2895 1964 discessum
2927 1910 3188 1966 differret.

2344 1995 2464 2051 H23.
2511 1998 2679 2069 Caput
2708 2001 2948 2070 ejusdem
2995 2004 3115 2059 libri
3146 2021 3309 2059 xxxvi
3343 2005 3574 2082 insititiis
3621 2009 3869 2082 adjungit

2269 2087 2531 2158 Cointius,
2564 2092 2706 2163 quod
2741 2094 2791 2148 in
2823 2112 2886 2149 eo
2915 2093 3201 2168 Gregorius
3235 2097 3302 2152 de
3333 2097 3578 2153 Etherio
3607 2102 3864 2171 episcopo

2272 2181 2587 2238 Lexoviensi
2619 2201 2783 2256 agens
2817 2186 2978 2257 dit-at,
3028 2192 3175 2260 cujus
3206 2207 3363 2259 supra
3394 2193 3738 2257 meminimus,
3780 2203 3837 2248 ta

2270 2274 2426 2329 tnclsi
2480 2275 2620 2329 nulla
2669 2275 2786 2345 ejus
2842 2280 3042 2334 mentio
3089 2281 3156 2334 ab
3185 2280 3300 2350 ipso
3349 2285 3480 2338 facta
3515 2285 3603 2338 sit.
3657 2285 3869 2343 Deinde

2269 2367 2409 2436 quod
2459 2367 2598 2422 idem
2633 2367 2910 2426 AStlterius
2959 2388 3064 2426 non
3115 2374 3246 2427 satis
3278 2375 3510 2443 prudens
3543 2375 3644 2430 hoc
3674 2376 3728 2431 in
3773 2395 3868 2432 ca-

2272 2464 2378 2530 pite
2409 2474 2846 2532 reprteScntetur,
2881 2467 3077 2536 quippe
3107 2468 3197 2538 qui
3249 2485 3533 2536 puerorum
3575 2473 3724 2528 urbis
3753 2488 3871 2529 suae

2271 2557 2642 2612 educationem
2677 2559 2791 2614 viro
2837 2561 3167 2629 nequissimo
3215 2566 3537 2631 permiserit.
3584 2566 3664 2621 Ex
3695 2569 3872 2636 prima

2269 2647 2588 2716 objectionis
2637 2649 2797 2719 hujus
2849 2663 2999 2721 parte
3029 2654 3205 2723 colligi
3253 2656 3467 2725 quidem
3519 2668 3730 2728 potest,
3775 2670 3873 2716 aut

2272 2738 2587 2811 Gregorium
2641 2745 2903 2800 memoria
2951 2746 3157 2817 lapsum
3215 2763 3367 2814 esse;
3417 2761 3510 2805 aut
3555 2754 3756 2824 aliquid
3797 2755 3873 2810 de

2272 2821 2518 2889 Etherio
2551 2835 2602 2890 in
2648 2837 2898 2907 Gregorii
2923 2841 3136 2911 scriptis
3166 2845 3468 2913 exstitisse,
3519 2821 3664 2917 quod
3705 2850 3877 2906 modo

2271 2943 2377 2981 non
2411 2927 2665 2997 habetur;
2699 2940 2792 2986 aut
2820 2943 2967 2988 certe
3001 2936 3113 2990 lucc
3142 2938 3301 2991 verba
3331 2939 3400 2993 ab
3449 2943 3874 2998 amanuensibus

2270 3019 2615 3088 superaddita
2652 3020 2836 3077 fuisse.
2870 3021 3009 3079 Hinc
3041 3035 3215 3083 tamen
3244 3045 3352 3084 non
3379 3031 3729 3100 conficietur,
3777 3045 3874 3090 to-

2274 3117 2382 3164 tum
2415 3108 2519 3166 hoc
2547 3107 2707 3182 caput
2733 3113 2897 3170 fuisse
2921 3118 3298 3187 interpolatum
3327 3123 3437 3176 :uti
3462 3123 3658 3179 similia
3680 3127 3870 3194 verba,
3903 3169 3914 3174 -

2272 3217 2394 3272 quae
2450 3203 2518 3260 de
2569 3203 2784 3262 Tetrica
2817 3208 3143 3280 Lingouensi
3195 3212 3448 3284 episcOpo
3491 3215 3758 3273 habentur
3799 3219 3874 3274 li-

2272 3297 2370 3355 bro
2400 3314 2486 3366 tv,
2535 3299 2711 3371 capite
2745 3300 2843 3371 16,
2879 3320 2979 3358 nec
3009 3306 3250 3374 Cointio,
3294 3325 3392 3363 nec
3422 3309 3538 3366 aliis
3577 3327 3873 3380 persuase-

2273 3404 2432 3462 runt,
2481 3395 2800 3464 caputistud
2831 3398 2899 3455 ab
2947 3400 3332 3470 interpolatore
3363 3403 3526 3460 fuisse
3573 3405 3869 3464 iutrusum.

2275 3479 2434 3557 Erat,
2470 3489 2637 3560 inquit
2671 3492 2990 3563 Gregorius,
3023 3496 3092 3549 ibi
3119 3508 3236 3551 tunc
3263 3509 3471 3553 sanctus
3499 3499 3730 3555 Tetricus
3757 3518 3870 3571 ept-

2273 3595 2478 3649 scopus,
2524 3587 2672 3654 cujus
2712 3584 2764 3637 in
2795 3601 3048 3655 superiori
3092 3587 3262 3642 libello
3293 3592 3589 3645 memoriam
3630 3595 3868 3663 fecimus,

2273 3671 2338 3726 de
2371 3687 2474 3742 quo
2501 3683 2679 3730 tamen
2712 3677 2914 3732 nullum
2949 3681 3001 3733 in
3050 3679 3416 3748 superioribus
3446 3685 3727 3754 vestigium
3777 3701 3872 3742 su-

2274 3775 2472 3834 perest.
2509 3766 2740 3824 Etherii
2773 3785 2904 3826 vero
2931 3771 3262 3844 indulgentia
3289 3790 3414 3846 erga
3446 3775 3719 3834 hominem
3748 3794 3873 3848 pra-

2274 3861 2397 3912 vu'm
2421 3900 2434 3925 ,
2480 3859 2652 3930 arguit
2686 3861 2901 3930 quidem
2931 3862 3239 3921 Etherium
3289 3865 3408 3935 plus
3442 3884 3597 3938 aequo
3631 3869 3870 3937 facilem,

2273 3960 2327 4005 et
2357 3949 2567 4006 incaute
2617 3953 3054 4023 misericordem,
3088 3959 3179 4012 sed
3211 3975 3318 4015 non
3365 3961 3555 4030 probat
3583 3963 3658 4018 rei
3701 3974 3873 4033 gestae

2275 4044 2638 4100 narrationem
2671 4061 2793 4102 esse
2822 4058 2914 4103 aut
2946 4048 3168 4120 falsam,
3200 4064 3290 4106 aut
3333 4051 3666 4123 Gregoriano
3701 4055 3874 4111 textui

2278 4146 2476 4192 temere
2508 4147 2764 4193 assutam.

2351 4231 2470 4288 illi.
2515 4232 2630 4288 Non
2682 4233 2853 4305 major
2901 4247 2981 4291 est
3030 4237 3307 4307 rejiciendi
3356 4240 3546 4310 capitis
3594 4242 3873 4311 sequentis

2275 4326 2413 4380 ratio
2435 4366 2448 4390 ,
2497 4325 2622 4379 licet
2649 4325 2699 4380 in
2731 4342 2797 4381 eo
2830 4327 3077 4396 Lupcntii
3109 4329 3319 4384 abbatis
3354 4331 3529 4386 caades
3559 4331 3875 4387 innocentio

2277 4415 2593 4473 Gabalitauo
2631 4419 2817 4474 comiti
2871 4421 3166 4489 tribuatur,
3215 4423 3304 4490 qui
3349 4434 3534 4493 postea
3575 4427 3753 4494 capite
3801 4425 3875 4480 '58

2276 4507 2474 4564 dicitur
2527 4507 2831 4565 Theodosio
2886 4510 3259 4568 Ruthenorum
3315 4516 3569 4586 episcopo
3619 4516 3876 4570 defuncto

2275 4603 2623 4658 successisse.
2660 4603 2776 4658 Non
2802 4605 2946 4660 enim
2977 4605 3134 4661 facile
3165 4605 3339 4662 arceri
3368 4607 3539 4677 potuit
3565 4607 3630 4663 ab
3660 4609 3877 4677 episco-

2196 4681 2246 4742 Ι)
2277 4709 2401 4766 patu
2433 4698 2798 4764 Innocentius,
2830 4701 2980 4770 cujus
3029 4718 3219 4771 magna
3261 4703 3401 4771 apud
3433 4703 3669 4772 reginam
3701 4703 3877 4774 gratia

2276 4800 2414 4858 erat,
2449 4789 2547 4846 nisi
2579 4792 2680 4848 hoc
2712 4792 2913 4847 crimen
2949 4793 3161 4863 publice
3189 4805 3374 4848 notum
3407 4792 3618 4849 fuisset.
3650 4795 3718 4849 At
3745 4810 3879 4850 nus-

2275 4899 2434 4953 quam
2468 4884 2694 4956 legimus
2751 4885 3114 4940 Innocentium
3152 4885 3285 4941 tanti
3314 4878 3558 4941 criminis
3588 4881 3737 4941 reum
3779 4887 3878 4942 de—

2273 4978 2534 5033 claratum
2567 4979 2752 5043 fuisse,
2786 4978 2949 5033 immo
2981 4993 3079 5034 nec
3105 4979 3316 5046 publice
3340 4988 3668 5042 accusatum,
3701 4994 3878 5048 quan-

2276 5085 2436 5138 quam
2468 5070 2605 5126 forte
2630 5070 2680 5125 id
2712 5087 2894 5125 rutnor
2921 5074 2967 5126 ei
3002 5071 3280 5128 tribueret.
3316 5070 3420 5127 Sed
3465 5088 3569 5127 non
3600 5081 3715 5127 erat
3744 5069 3878 5141 legi-

2276 5165 2443 5231 tima,
2491 5173 2583 5218 aut
2619 5174 2765 5220 certe
2817 5167 3092 5221 sufﬁciens
3137 5165 3242 5220 illis
3293 5167 3657 5236 temporibus,
3705 5167 3880 5236 impe-

2273 5256 2483 5312 dieudze
2514 5257 2870 5314 ordinationis
2901 5274 3081 5325 causa,
3114 5275 3232 5328 qua:
3263 5259 3392 5314 alias
3419 5259 3570 5328 juxta
3603 5274 3872 5314 canonum

2277 5337 2608 5424 priescripta,
2639 5353 2765 5409 cieri
2798 5363 2852 5409 et
2882 5353 3060 5424 pepuli
3092 5355 3262 5422 votis,
3294 5364 3386 5407 aut
3415 5364 3561 5409 certe
3590 5369 3655 5407 ex
3687 5368 3876 5422 regum

2273 5443 2577 5512 Voluntate,
2635 5445 2748 5500 ﬁeri
2780 5447 3081 5515 petebatur.
3115 5445 3224 5500 Nec
3251 5443 3445 5500 desunt
3477 5443 3724 5511 exentpla
3775 5459 3876 5498 ne.

2276 5537 2520 5606 quiorum
2571 5537 2875 5603 hominum,
2927 5536 3016 5609 qui
3062 5555 3156 5609 per
3183 5552 3246 5594 ea
3281 5550 3518 5607 tempora
3554 5536 3714 5591 sedes
3757 5536 3879 5606 epi-

2275 5631 2518 5700 scopales
2553 5631 2849 5688 sceleribus
2891 5639 3074 5700 partas
3111 5631 3205 5686 diu
3237 5629 3518 5686 obtinuere
3550 5649 3564 5686 :
3604 5630 3685 5683 vel
3734 5643 3878 5682 unus

2277 5725 2562 5783 Melantius
2611 5725 2664 5780 in
2708 5725 3017 5779 Praatextati
3066 5724 3514 5796 Rothomagensis
3566 5723 3739 5776 locum
3792 5720 3878 5774 in-

2277 5831 2455 5876 trusus
2487 5817 2646 5891 hujus
2699 5819 2777 5874 rei
2817 5817 3120 5890 exemplum
3170 5817 3512 5890 suppeditare
3553 5807 3766 5885 potest,
3819 5820 3878 5872 ut

647 5971 666 5993 ‘
695 5968 857 6028 Forte
890 5969 1179 6038 legendum
1210 5990 1222 6029 :
1262 5969 1585 6040 Secundum,
1616 5972 1757 6040 quod
1789 5970 1938 6026 initio
1963 5969 2150 6039 capitis
2181 5966 2338 6042 legati
2365 5965 2709 6038 appellentur.
