4086 6328
333 423 400 483 93
1793 395 2172 479 Ῥηιεὲλτιο.
3547 425 3622 487 οι

331 543 436 618 jam
469 535 892 596 observavimus.
920 531 1080 594 Plura
1107 535 1208 592 alia
1239 535 1473 608 adjicere
1494 529 1634 590 haud
1658 544 1800 591 esset
1821 533 1923 591 dif-
1948 533 2002 603 Α
2028 534 2171 592 ‘vium
2203 545 2344 589 anno
2373 531 2508 600 584,
2553 531 2607 590 et
2633 533 2848 607 quidem
2887 551 3076 594 mense
3101 535 3402 608 Septembri
3427 553 3622 596 exces-

331 635 492 702 ticile,
539 635 582 689 si
614 650 699 691 res
728 635 989 705 exigeret.

402 730 528 784 117.
573 728 697 784 [hec
725 735 851 782 sunt
890 725 1157 797 praecipua
1184 725 1381 781 Cointii
1409 721 1742 795 argumeiita,
1771 722 1921 795 queis

329 834 456 876 usus
487 828 570 874 est
597 819 662 873 ad
703 815 1018 874 elevandum
1049 833 1113 873 ex
1150 833 1243 872 sex
1285 817 1551 887 prioribus
1591 815 1742 872 libris
1787 815 1919 871 Gre-

323 911 564 982 goriana:
597 909 845 966 Historia:
897 909 1183 964 multorum
1227 911 1458 978 capitum
1484 951 1499 975 ,
1539 925 1658 979 qua:
1703 910 1755 964 in
1793 908 1916 979 qui-

326 1003 550 1058 husdam
580 1003 856 1059 codicibus
902 1019 1039 1059 mss.
1069 1003 1473 1068 desiderantur,
1516 1001 1911 1075 auctoritatem.

325 1096 401 1151 De
423 1096 775 1166 sequentibus
801 1111 930 1151 vero
960 1095 1110 1151 libris
1133 1111 1297 1166 pauca
1327 1095 1506 1162 habet,
1533 1096 1601 1150 oh
1624 1095 1911 1161 deiectum,

325 1192 531 1261 inquit,
583 1191 850 1247 codicum.
896 1193 1212 1262 Quanquam
1244 1193 1486 1261 neglecto
1529 1192 1714 1246 codice
1744 1189 1915 1244 sancti

325 1283 600 1340 Michaelis
629 1285 847 1354 optima:
878 1293 1047 1350 notae,
1099 1285 1294 1354 passim
1335 1285 1499 1339 multa
1531 1282 1792 1352 Gtegorio
1821 1283 1914 1338 ab—

325 1378 544 1450 iudicet,
577 1379 646 1434 ob
678 1379 730 1434 id
773 1381 976 1447 solum,
1013 1391 1067 1432 ut
1105 1379 1214 1448 jam
1245 1379 1513 1444 diximus,
1557 1379 1698 1450 quod
1734 1380 1785 1433 in
1825 1393 1914 1433 co-

324 1469 442 1525 dice
492 1471 738 1527 Mettensi
783 1469 1192 1536 desiderentur,
1234 1482 1326 1526 aut
1356 1484 1503 1528 certe
1549 1471 1724 1528 desint
1770 1473 1912 1542 apud

322 1559 653 1617 Aimoinum.
683 1564 899 1618 Certum
932 1573 1016 1619 est
1049 1574 1261 1630 tamen,
1295 1574 1351 1618 ut
1381 1579 1540 1634 supra
1571 1566 1908 1619 demonstra-

321 1659 431 1706 tum
464 1663 580 1720 est,
629 1662 684 1708 et
726 1655 954 1724 ipsemet
997 1654 1240 1709 Cointius
1283 1655 1509 1710 inliciari
1556 1671 1658 1710 non
1704 1664 1906 1724 audet,

320 1747 485 1800 multa
527 1747 580 1801 in
613 1763 678 1802 eo
706 1749 893 1803 codice
930 1765 997 1802 ex
1039 1749 1301 1804 industria
1353 1751 1548 1804 omissa
1591 1750 1772 1806 fuisse.
1822 1751 1911 1806 Ai-

318 1839 485 1895 moini
517 1855 644 1895 vero
673 1843 1047 1897 auctoritatem
1081 1843 1180 1898 hac
1211 1845 1261 1897 in
1293 1858 1352 1897 re
1391 1843 1588 1898 nullius
1621 1859 1739 1900 esse
1772 1859 1906 1914 pon-

2026 637 2162 692 sisse
2201 652 2231 693 e
2261 635 2416 704 vivis,
2449 641 2926 710 successoremque
2966 640 3210 710 sequenti
3238 649 3404 705 anno,
3452 639 3506 695 id
3532 641 3616 696 est

2026 738 2147 799 post
2193 729 2399 799 aliquot
2449 745 2664 786 menses
2689 773 2705 799 ,
2755 731 3006 788 habuisse
3047 733 3416 789 Desideratum
3451 747 3615 805 :qua

2022 831 2088 874 an
2113 837 2295 876 secum
2331 829 2584 892 pugnent,
2614 823 2778 893 aequis
2803 825 3092 880 lectoribus
3115 824 3464 895 iudicandum
3494 841 3617 896 per-

2021 914 2195 966 mitto.
2229 913 2388 968 Certe
2427 915 2528 968 etsi
2562 915 2718 983 paulo
2747 915 2974 983 amplius
3006 915 3192 971 fuisset
3221 917 3363 972 ittter
3405 924 3610 971 utrum-

2020 1019 2124 1074 que
2148 1007 2787 1076 temporisintervallum,
2817 1017 2921 1062 non
2954 1016 3129 1064 tamen
3153 1010 3500 1078 improbanda
3535 1011 3617 1064 to:-

2020 1105 2102 1150 ret
2135 1097 2374 1165 Gregorii
2411 1101 2665 1166 narratio,
2699 1115 2818 1154 cum
2852 1102 3144 1158 verisimile
3190 1103 3259 1156 sit
3291 1113 3408 1172 post
3435 1102 3609 1157 Salvii

2019 1191 2222 1246 obitum
2250 1192 2453 1260 aliquas
2485 1193 2663 1247 turbas
2690 1192 2758 1247 de
2787 1195 3160 1248 suhstitueudo
3186 1195 3258 1248 illi
3296 1202 3613 1250 successore

2017 1295 2234 1339 exortus
2268 1286 2432 1340 fuisse
2461 1304 2471 1340 :
2506 1302 2609 1356 qua
2642 1289 2930 1343 occasione
2961 1289 3203 1342 nonnulli
3247 1289 3429 1344 sedem
3467 1289 3616 1343 Albi-

2016 1393 2235 1446 gensetn
2267 1394 2295 1432 a
2329 1379 2646 1433 Theotfrido
2697 1380 2881 1434 nescio
2926 1391 3030 1448 quo
3083 1389 3394 1448 occupatam
3450 1380 3612 1434 fuisse

2015 1472 2280 1529 scribunt.
2332 1473 2483 1528 Nulla
2532 1473 2708 1543 itaque
2738 1481 2822 1528 est
2868 1473 3004 1541 apuel
3048 1471 3252 1543 Gregor
3276 1489 3362 1526 um
3390 1514 3404 1540 ,
3449 1472 3608 1526 etiam

2015 1562 2253 1618 admisso
2287 1565 2422 1619 inter
2451 1563 2570 1634 ejus
2618 1579 2783 1632 opera
2836 1566 3045 1619 sincera
3078 1564 3252 1631 capite
3287 1565 3306 1617 t
3349 1563 3468 1618 libri
3502 1577 3608 1629 vn,

2016 1657 2392 1712 contradictio.
2451 1660 2559 1722 At,
2610 1657 2783 1726 inquit
2829 1657 2908 1710 vir
2936 1655 3164 1720 doctus,
3217 1654 3609 1724 interpolator,

2015 1749 2259 1818 quisquis
2287 1750 2373 1804 ille
2407 1750 2585 1818 l'uerit,
2613 1751 2772 1804 multa
2803 1761 2865 1804 ex
2893 1751 3058 1819 gestis
3090 1750 3260 1803 sancti
3293 1748 3454 1804 Salvii
3484 1749 3608 1803 Am-

2015 1841 2290 1897 bianensis
2338 1841 2609 1910 episcopi,
2654 1841 2916 1912 Gregorio
2963 1842 3177 1910 quidem
3224 1841 3391 1894 multo
3432 1849 3612 1908 poste-

316 1933 492 2001 deris,
539 1934 622 1990 vel
654 1951 717 1990 ex
771 1935 872 1991 hoc
920 1937 1078 1991 unico
1123 1947 1438 2010 argumento
1469 1938 1644 1994 evinci
1691 1948 1899 2008 potest,
1937 1940 1982 2000 Β
2011 1933 2190 2000 rioris,
2225 1933 2276 1988 in
2309 1933 2425 2004 ejus
2471 1933 2717 1987 Historia:
2750 1943 2952 1988 textum
2987 1932 3220 1987 intrusit.
3271 1933 3468 1988 Verum
3501 1941 3609 1988 tota

315 2027 456 2095 quod
484 2028 599 2096 ipso
624 2037 912 2082 atteStante
939 2027 1171 2097 Cointio,
1206 2041 1259 2085 et
1288 2032 1606 2098 interpolata
1629 2031 1902 2088 admiserit

314 2126 368 2172 et
395 2120 639 2172 omiserit
681 2119 912 2175 sincera.
963 2121 1065 2176 Sed
1112 2132 1165 2176 et
1197 2122 1428 2190 ipsemet
1468 2125 1782 2190 Aimoinus,
1817 2140 1906 2180 ca-

318 2209 427 2277 pite
459 2201 523 2263 18
564 2210 684 2265 libri
716 2211 905 2279 primi,
942 2212 1139 2268 fatetur
1177 2230 1236 2269 se
1265 2215 1316 2269 in
1345 2217 1583 2271 codicem
1617 2217 1906 2273 incurrisse

311 2301 630 2370 scriptorum
680 2303 806 2358 vitio
854 2304 1074 2359 omnino
1124 2303 1492 2374 depravatum.
1549 2306 1746 2362 Verum
1800 2308 1900 2362 hac

312 2393 564 2460 Opinione
607 2393 841 2450 imbutus
872 2395 1146 2463 tiointiu's,
1185 2398 1324 2467 quod
1357 2397 1524 2453 multa
1558 2399 1610 2453 in
1661 2398 1903 2470 Gregorii

311 2483 460 2540 libris
490 2486 556 2541 ab
588 2488 974 2556 interpolatore
1003 2499 1185 2544 essent
1215 2489 1555 2559 superaddita
1575 2530 1589 2556 ,
1635 2505 1729 2545 eos
1760 2491 1904 2558 ipsos

309 2577 558 2634 auctores
588 2591 678 2634 aut
699 2582 934 2646 eoiliccs,
966 2597 1100 2651 quos
1129 2583 1198 2636 ob
1222 2583 1418 2637 omissa
1445 2583 1647 2652 aliquot
1670 2583 1902 2650 capitula

307 2670 544 2726 maxime
578 2669 782 2738 laudat,
816 2674 1032 2727 eosdem
1074 2673 1275 2742 rejicit,
1309 2675 1351 2728 si
1387 2675 1522 2729 forte
1549 2675 1802 2729 nonnulla
1836 2675 1903 2729 ab

305 2761 430 2818 aliis
460 2766 822 2833 praetermissa
855 2765 1160 2822 exhibeant.
1209 2766 1285 2821 De
1317 2782 1448 2821 mss.
1483 2767 1758 2822 codicibus
1807 2782 1901 2822 su-

305 2857 490 2925 perius
533 2856 664 2912 satis
695 2857 938 2912 dictum:
969 2875 1107 2913 nunc
1151 2861 1337 2929 paucis
1376 2863 1640 2931 agendum
1679 2863 1747 2917 de
1794 2877 1901 2916 uno

305 2959 394 3005 aut
423 2950 596 3005 altero
625 2941 866 3021 Gregorii
895 2951 1044 3019 loco,
1091 2969 1225 3023 quos
1255 2952 1498 3008 Cointius
1529 2952 1582 3007 in
1627 2952 1776 3008 libris
1808 2967 1902 3022 po-

302 3041 620 3104 sterioribus
647 3063 712 3104 ex
750 3049 878 3118 ipsis
932 3050 1092 3107 rebus
1122 3067 1240 3121 qua
1295 3059 1612 3120 narrantur,
1661 3051 1898 3120 interpo-

301 3139 438 3196 lalos
470 3155 589 3198 esse
629 3144 925 3200 contendit.

380 3215 497 3289 ΗΒ.
547 3234 789 3303 Primus,
837 3247 890 3293 et
922 3237 1137 3307 quidem
1169 3235 1395 3294 celebris
1425 3237 1590 3304 satis,
1636 3235 1786 3292 locus
1815 3243 1898 3292 est
1951 3303 1956 3308 ε

2009 2039 2128 2084 ruet
2179 2028 2266 2083 illa
2327 2028 2520 2082 Cointii
2584 2027 2857 2098 objectio,
2915 2030 2958 2082 Si
3009 2029 3174 2082 Salvii
3228 2027 3610 2084 Ambianensis

2008 2128 2157 2192 gesta
2199 2135 2264 2174 ex
2316 2117 2559 2188 Gregorii
2593 2126 2739 2174 textu
2793 2129 2848 2172 ut
2896 2119 3186 2188 plurimum
3232 2119 3610 2174 consarcinata

2009 2229 2162 2279 esse,
2197 2227 2302 2267 non
2348 2227 2473 2267 vero
2512 2228 2578 2266 ex
2613 2213 2726 2266 istis
2753 2214 2919 2281 gestis
2963 2211 3225 2280 Gregorio
3268 2211 3468 2278 aliquid
3513 2223 3609 2264 su-

2009 2303 2343 2374 peradditunt
2388 2303 2555 2358 fuisse
2591 2304 3061 2357 demonstremus:
3095 2302 3238 2372 quod
3263 2307 3412 2355 'certc
3458 2301 3598 2354 hattd

2006 2411 2293 2465 Operosum
2345 2396 2534 2460 fuerit,
2590 2396 2728 2450 facta
2787 2395 2928 2449 inter
2977 2405 3264 2463 utrumque
3318 2407 3604 2462 compara-

2009 2489 2173 2544 ti0ne.
2219 2487 2459 2558 Gregorii
2492 2487 2730 2542 narratio
2760 2486 2962 2540 nullam
3009 2497 3231 2554 prorsus
3266 2483 3320 2538 in
3349 2499 3408 2538 se
3437 2484 3609 2536 invol-

2008 2582 2091 2636 vit
2117 2581 2620 2644 contradictionem,
2653 2577 2782 2634 nihil
2811 2577 2970 2633 habet
2999 2577 3142 2647 quod
3167 2589 3197 2628 a
3227 2586 3364 2630 teste
3393 2576 3608 2629 oculata

2005 2684 2059 2729 et
2102 2676 2369 2745 scriptore
2414 2674 2608 2744 mquali
2635 2674 2738 2728 dici
2791 2688 2898 2727 non
2942 2672 3193 2740 patuerit.
3245 2671 3410 2724 Multa
3442 2683 3607 2724 econ-

2007 2766 2171 2820 trario
2209 2765 2620 2834 complectitur,
2667 2779 2822 2834 quae,
2869 2764 2984 2832 ipso
3015 2763 3211 2815 latente
3241 2761 3484 2825 Cointio,
3534 2761 3604 2814 ita

2005 2858 2184 2915 Salvio
2212 2856 2491 2927 Albigensi
2518 2855 2729 2926 propria
2764 2864 2891 2909 sunt
2923 2865 2980 2908 ut
3003 2853 3156 2908 alteri
3181 2853 3381 2919 Salvio,
3407 2852 3607 2920 absque

2003 2965 2189 3006 errore
2219 2950 2380 3005 tribui
2411 2964 2516 3003 non
2570 2950 2798 3017 possint.
2843 2947 3046 3001 Auctor
3079 2947 3170 3001 ille
3201 2945 3368 3001 Deum
3414 2955 3606 3000 testem

2002 3045 2234 3106 invocat,
2265 3059 2326 3097 se
2353 3058 2477 3096 vera
2504 3041 2774 3108 scribere,
2803 3055 2925 3110 qua:
2953 3055 3147 3108 nempe
3175 3054 3207 3093 a
3236 3055 3296 3095 se
3328 3039 3440 3093 visa
3483 3038 3606 3093 lue-

2001 3147 2142 3202 rant,
2175 3144 2270 3190 aut
2294 3135 2361 3189 ab
2392 3135 2511 3204 ipso
2538 3135 2718 3188 Salvio
2749 3142 2971 3200 accepta
2994 3169 3012 3198 ,
3063 3132 3396 3202 proindeque
3428 3130 3607 3201 perju-

2001 3245 2093 3286 rus
2116 3239 2170 3285 et
2195 3228 2499 3299 gravissimi
2529 3229 2772 3282 criminis
2799 3241 2924 3282 reus
2954 3225 3164 3282 censeri
3192 3225 3372 3294 debet,
3398 3225 3444 3280 si
3472 3225 3607 3281 falsa

301 3327 368 3382 de
401 3338 588 3383 sancto
638 3329 820 3386 Salvio
849 3333 1216 3402 Albtgensium
1248 3333 1500 3401 episcopo
1522 3373 1535 3398 ,
1585 3331 1737 3401 cujus
1767 3332 1894 3386 vitae
1923 3323 1969 3386 C
2001 3323 2220 3391 dixerit,
2248 3325 2391 3396 quod
2421 3337 2551 3378 sane
2583 3323 2786 3392 absque
2818 3321 3049 3375 maxima
3093 3330 3145 3375 ct
3173 3319 3409 3375 evidenti
3437 3335 3598 3375 causa

301 3422 711 3490 compendium,
760 3425 1134 3481 admirabilem
1177 3427 1437 3480 visionem
1473 3435 1526 3480 et
1566 3426 1769 3481 obitum
1801 3425 1897 3481 de-

299 3513 490 3567 sr-rihit
544 3525 730 3569 noster
781 3517 1074 3588 Gregorius
1125 3517 1280 3572 initio
1328 3518 1447 3573 libri
1499 3519 1732 3587 septimi.
1788 3518 1895 3577 Sed

300 3603 444 3659 hunc
487 3607 658 3660 locum
706 3609 772 3662 ab
804 3607 1186 3678 interpolatore
1234 3609 1470 3664 additmn
1512 3615 1695 3664 censet
1727 3610 1893 3664 Coin-

300 3693 428 3758 tius,
463 3711 565 3750 non
593 3698 764 3750 solmn
789 3699 929 3768 quod
965 3699 1015 3752 in
1047 3700 1232 3754 codice
1267 3699 1510 3753 Mettensi
1533 3699 1890 3766 desideretur,

300 3797 486 3838 verum
516 3787 676 3840 etiam
708 3787 849 3856 quod
893 3802 958 3842 eo
989 3787 1258 3854 admisso,
1305 3790 1605 3843 contrarius
1645 3787 1745 3842 sibi
1792 3787 1894 3856 ipsi

300 3875 561 3934 dicendus
591 3890 734 3935 esset
763 3881 1072 3951 Gregorius,
1106 3883 1302 3952 quippe
1331 3883 1417 3953 qui
1454 3880 1615 3937 Salvii
1666 3890 1892 3935 mortem

297 3985 441 4027 anno
471 3971 574 4025 584
606 3975 692 4028 hic
713 3975 1060 4044 consignarit,
1103 3989 1259 4045 quam
1289 3977 1428 4030 libro
1457 3991 1568 4043 vm,
1598 3975 1775 4044 capite
1800 3974 1892 4040 9'2,

297 4077 443 4117 anno
475 4067 718 4134 sequenti
747 4066 1039 4135 contigisse
1067 4065 1396 4136 scripsisset.
1428 4067 1570 4122 ldetn
1604 4075 1790 4120 auctor
1827 4066 1892 4119 ad

297 4167 499 4212 annum
534 4158 659 4228 686,
689 4160 776 4214 ubi
804 4162 871 4215 de
902 4161 1083 4216 Salvio
1107 4161 1453 4216 Ambiaoensi
1487 4162 1740 4230 episcopo
1765 4161 1892 4228 agit,

298 4245 685 4316 lmpudentiam
716 4249 1108 4320 interpolatori,
1155 4253 1226 4305 uti
1261 4261 1436 4316 vocat,
1464 4252 1796 4321 Gregoriano
1819 4253 1899 4304 af-

298 4342 502 4411 lingere
534 4359 640 4396 non
670 4343 907 4412 veretur,
952 4360 1071 4399 eum
1108 4359 1354 4400 asserens
1397 4346 1689 4399 mendacem
1713 4354 1758 4398 et
1781 4351 1898 4414 p'er-

297 4441 494 4506 furum,
537 4440 628 4509 qui
662 4441 979 4509 interposito
1009 4451 1350 4498 Sacramento
1376 4443 1656 4512 juraverit,
1691 4457 1754 4497 ea
1774 4458 1893 4511 qua:

295 4529 398 4584 sub
429 4532 670 4602 Gregorii
705 4537 920 4590 nomine
951 4535 1225 4590 intrudere
1253 4537 1436 4603 audet,
1466 4535 1535 4590 ab
1565 4536 1681 4603 ipso
1708 4534 1892 4589 Salvio

295 4623 574 4694 Alhig'ensi
607 4639 665 4681 se
692 4627 976 4692 didicisse,
1024 4630 1268 4698 quamvis
1309 4629 1425 4684 haec
1463 4629 1578 4698 ipsa
1625 4645 1688 4682 ex
1729 4629 1893 4697 gestis
1927 4689 1956 4698 .-

296 4714 516 4771 alterius
531 4717 698 4773 Salvii
721 4722 1176 4791 cxcerpserit,qui
1205 4723 1644 4776 Atnbianensium
1670 4722 1893 4776 antistes
1923 4689 1973 4769 Ῐ)

296 4806 394 4861 fuit
425 4812 624 4865 saeculo
672 4813 940 4882 sequenti.
976 4813 1100 4868 Haec
1132 4814 1223 4868 ille
1251 4831 1266 4867 :
1290 4815 1382 4869 sed
1431 4814 1545 4869 haec
1575 4823 1886 4883 argumenti

297 4900 497 4955 nullius
526 4917 646 4956 esse
675 4905 881 4959 roboris
915 4907 1118 4976 absque
1165 4908 1381 4974 negmio
1410 4909 1766 4961 demonstrari
1799 4921 1892 4974 po-

293 5000 423 5046 test.
467 4994 596 5050 Nam
642 4999 815 5066 primo
862 5000 1104 5053 codicum
1137 5000 1427 5055 auctoritas
1473 5000 1630 5056 nobis
1669 5001 1890 5055 omnino

291 5080 471 5148 favet,
507 5094 561 5139 ut
593 5083 703 5156 jam
737 5102 882 5157 saepe
907 5089 1173 5159 diximus,
1207 5106 1326 5144 cum
1376 5096 1576 5144 multos
1618 5093 1886 5162 integros,

292 5177 516 5248 optima:
543 5185 701 5248 natae,
731 5193 784 5238 et
808 5183 1028 5253 majoris
1051 5186 1402 5252 antiquitatis,
1423 5189 1581 5240 unico
1604 5185 1888 5240 Cointiano

294 5273 565 5340 tnutllato,
598 5277 874 5346 scriptoris
906 5277 1109 5331 incuria
1141 5278 1361 5341 vitiato,
1394 5289 1446 5332 et
1477 5281 1740 5347 sequioris
1770 5279 1890 5345 acti,

290 5383 650 5434 opponarnus.
692 5369 894 5424 Deinde
928 5370 1069 5423 nulla
1102 5382 1180 5424 est
1211 5371 1350 5439 apud
1395 5372 1717 5441 Gregorium
1752 5372 1892 5425 inter

289 5470 447 5523 caput
479 5459 502 5510 i
538 5459 657 5514 libri
690 5476 764 5515 vn
814 5473 866 5515 et
897 5472 1056 5530 caput
1085 5461 1156 5514 22
1197 5461 1315 5516 libri
1360 5466 1636 5531 sequentis
1677 5466 1890 5533 opposi-

289 5548 384 5603 tio.
421 5550 569 5606 Licet
599 5552 739 5608 cnim
774 5555 948 5622 primo
971 5559 1088 5612 loco
1114 5559 1311 5613 dixerit
1334 5557 1570 5614 Salvium
1603 5557 1696 5612 hoc
1725 5573 1884 5621 anno,

287 5639 339 5694 id
371 5654 451 5696 est
481 5643 617 5711 58-5,
656 5646 885 5713 obiisse,
934 5659 986 5702 et
1016 5651 1186 5704 altera
1215 5662 1326 5719 post
1368 5652 1562 5704 obitum
1603 5651 1765 5706 Salvii
1796 5653 1888 5704 hoc

287 5748 457 5801 anno,
491 5735 541 5789 id
586 5745 670 5790 est
702 5737 826 5804 £185,
863 5739 1229 5794 Desideratqu
1264 5742 1642 5814 Albigensihus
1675 5747 1886 5810 episco-

289 5841 416 5896 pum
472 5831 635 5884 luisse
665 5830 878 5895 datum,
913 5833 1041 5886 nihil
1075 5850 1203 5888 sane
1247 5836 1390 5889 aliud
1423 5852 1488 5890 ex
1531 5837 1645 5890 istis
1675 5836 1883 5890 duobus

285 5920 557 5990 capitibus
602 5923 746 5982 inter
783 5938 842 5982 se
871 5926 1084 5982 collatis
1114 5929 1292 5997 colligi
1322 5938 1533 5998 potest,
1577 5945 1740 5996 quam
1769 5930 1887 5986 Sat-

2003 3417 2072 3473 de
2119 3432 2385 3486 quoquam
2433 3415 2720 3485 nequidem
2770 3415 3009 3485 cogitare
3062 3413 3212 3469 licet.
3265 3413 3435 3468 Immo
3491 3428 3607 3469 meo

2001 3510 2180 3565 omnia
2210 3509 2574 3564 narrationem
2597 3517 2826 3578 arguunt
2853 3523 3030 3561 veram
3055 3516 3109 3561 et
3133 3508 3426 3561 sinecratn.
3453 3506 3608 3562 Adde

2006 3604 2145 3671 quod
2174 3603 2245 3658 ibi
2278 3604 2520 3674 Gregorii
2564 3605 2754 3674 genius
2779 3609 2834 3656 et
2864 3602 3062 3672 stylus,
3096 3602 3318 3671 ejusque
3347 3601 3598 3671 loquendi

2002 3695 2147 3748 modi
2186 3694 2403 3764 genuini
2432 3702 2736 3748 occurrant.
2773 3691 3093 3748 hiccutrario
3127 3708 3254 3748 vero
3294 3692 3453 3748 Gesta
3485 3707 3604 3762 qum

2001 3787 2164 3844 Salvii
2216 3788 2592 3843 Ambianensis
2643 3803 2836 3842 nomen
2899 3787 3222 3856 praeferunt,
3267 3787 3337 3842 ab
3385 3796 3606 3844 auctore

2001 3881 2373 3936 consarcinata
2421 3889 2550 3935 sunt
2587 3896 2766 3934 rerum
2811 3880 3032 3949 ignaro,
3088 3881 3178 3948 qui
3225 3881 3602 3949 episcoporum

2003 3975 2441 4028 Ambiauensium
2475 3976 2670 4028 seriem
2703 3973 3000 4042 ignoravit,
3048 3981 3288 4038 tempora
3324 3973 3606 4040 perturba-

2002 4066 2106 4130 vit,
2154 4064 2281 4116 falsa
2313 4065 2529 4128 retulit,
2576 4078 2770 4130 resque
2798 4079 2826 4112 a
2860 4070 3045 4116 nostro
3088 4062 3271 4117 Salvio
3319 4062 3604 4130 Albigensi

2000 4155 2304 4211 certissime
2331 4167 2533 4224 gestas,
2570 4157 2684 4224 ipso
2715 4154 2985 4210 indicante
3011 4155 3246 4220 Cointio,
3293 4170 3394 4210 suo
3422 4154 3603 4212 Salvio

2004 4258 2211 4304 temere
2240 4249 2546 4318 adseripsit.
2576 4247 2694 4318 ipse
2717 4249 2861 4304 enim
2903 4247 3142 4304 Salvium
3177 4249 3450 4303 llonorato
3477 4263 3601 4303 sue-

2001 4345 2232 4400 cessisse
2272 4345 2527 4415 scripsit:
2556 4344 2696 4400 inter
2742 4353 3029 4414 utrumque
3075 4355 3252 4399 tamen
3285 4347 3398 4415 ipse
3427 4344 3592 4400 Coin-

2001 4437 2106 4492 tius
2147 4447 2378 4508 quatuor
2422 4438 2704 4509 episcopos
2746 4440 3120 4496 intercessisse
3165 4440 3379 4496 fatetur".
3418 4441 3601 4496 Hone-

1999 4541 2174 4586 ratum
2229 4530 2570 4587 Theoderico
2640 4533 2944 4588 monarchte
3004 4532 3370 4604 synehronum
3434 4535 3599 4601 facit,

2000 4633 2186 4677 contra
2216 4623 2414 4678 Cointii
2445 4624 2612 4693 ipsius
2642 4626 2905 4680 calculum
2927 4667 2940 4691 ,
2993 4629 3082 4696 qui
3121 4643 3320 4682 annum
3353 4626 3457 4683 580
3489 4628 3598 4682 Hu-

1999 4716 2173 4768 norati
2204 4725 2504 4770 extremum
2558 4715 2722 4772 fuisse
2759 4718 3068 4784 contendit,
3115 4729 3169 4775 et
3197 4719 3598 4776 Theodoricum

2001 4824 2106 4863 non
2134 4809 2256 4864 nisi'
2277 4819 2394 4878 post
2423 4824 2595 4864 annos
2618 4821 2834 4866 centum
2868 4812 3234 4868 monarchiam
3266 4811 3598 4870 Francorum

1998 4904 2293 4959 obtinuisse
2339 4905 2553 4972 scribit,
2595 4905 2749 4975 cujus
2793 4906 3008 4962 decimo
3048 4908 3206 4962 tertio
3256 4907 3406 4976 regni
3448 4921 3592 4962 anno

2000 4998 2214 5053 Salvius
2285 5001 2337 5054 in
2417 4999 2668 5054 thronum
2731 5001 3179 5056 Ambianensium
3256 4999 3592 5054 conscendit.

2000 5090 2201 5146 Deinde
2243 5092 2381 5147 idem
2424 5103 2613 5146 auctor
2656 5104 2840 5147 narrat
2868 5093 3219 5149 Mummolum
3262 5091 3594 5160 Patricium,

1996 5196 2149 5251 capta
2197 5185 2414 5240 civitate
2443 5193 2498 5239 et
2523 5186 2714 5240 dirutis
2749 5201 2916 5240 muris
2943 5228 2958 5249 ,
3008 5186 3204 5239 multos
3242 5183 3483 5252 captivos
3536 5185 3591 5242 in

1998 5276 2311 5345 Hispaniam
2361 5277 2754 5342 transmisisse,
2788 5278 2876 5347 qui
2933 5275 3151 5339 Salvio,
3192 5273 3414 5343 jubente
3443 5291 3588 5346 rege,

1996 5368 2188 5423 redditi
2221 5369 2460 5423 luerunt.
2495 5373 2562 5422 At
2609 5369 2725 5424 hzec
2753 5377 2809 5422 ut
2838 5369 2906 5422 de
2937 5365 3320 5423 Ambianorum
3347 5368 3588 5436 civitate,

1995 5472 2086 5517 aut
2118 5463 2183 5516 de
2206 5462 2386 5517 Salvio
2417 5462 2533 5532 ejus
2559 5464 2818 5532 episcopo
2843 5459 2948 5514 dici
2982 5461 3208 5528 possint,
3243 5471 3428 5518 vetant
3456 5471 3592 5522 tem-

1994 5569 2208 5623 porum,
2243 5569 2590 5624 personarum
2635 5562 2691 5608 et
2722 5554 2958 5608 locorum
2985 5555 3426 5610 circumstantim.
3463 5555 3593 5623 Qua:

1994 5649 2175 5702 omnia
2227 5649 2430 5717 optime
2477 5656 2783 5715 congruunt
2841 5647 2885 5700 si
2935 5646 3003 5702 de
3051 5647 3266 5702 civitate
3313 5647 3590 5716 Alliigensi

1995 5742 2400 5810 intelligantur,
2442 5755 2602 5809 quam
2653 5747 2858 5795 certum
2891 5751 3004 5806 est,
3057 5751 3244 5796 sancto
3292 5741 3471 5796 Salvio
3515 5742 3593 5795 vi-

1995 5846 2152 5890 vente
2179 5851 2206 5886 a
2250 5832 2533 5886 iiummolo
2563 5843 2881 5903 occupatam
2926 5833 3118 5898 luisse,
3153 5842 3209 5885 ut
3241 5842 3358 5900 post
3391 5830 3593 5901 Grego-

1991 5928 2133 5984 rium
2177 5936 2422 5984 nostrum
2446 5925 2662 5996 scripsit
2686 5925 2804 5997 ipse
2829 5923 3092 5982 Quintius.
3131 5921 3282 5980 Unde
3307 5921 3468 5981 fateri
3493 5936 3560 5980 eo
3629 5919 3663 5952 ⁶
