4086 6328
507 417 579 475 95
1970 400 2363 461 ΡΒᾸΞΡΔΤΙΟ.
3733 400 3832 461 96

502 532 666 602 gitur,
689 543 846 587 suum
872 529 1024 587 illum
1048 536 1323 587 auctorem
1360 524 1616 583 nonnulla
1643 538 1709 581 ex
1740 523 1904 597 gestis
1935 522 2100 580 Salvii
2125 522 2179 583 Α
2205 522 2305 577 bus
2329 562 2343 587 ,
2376 534 2512 591 quos
2538 527 2714 577 tamen
2746 520 2817 577 ob
2856 521 2911 577 id
2953 534 3052 578 nec
3092 520 3259 577 falsos
3300 535 3401 579 nec
3444 521 3829 594 interpolato.

502 624 809 694 Albigensis
852 624 907 679 in
938 621 1316 678 Ambianensis
1362 629 1479 675 acta
1512 617 1868 675 transtulisse.
1900 616 1955 673 Si
1998 617 2097 671 ita-
2206 616 2345 670 ullus
2386 616 2646 673 hactenus
2690 617 2919 673 habuit:
2961 618 3101 689 quod
3150 621 3419 674 sexcentis
3466 623 3741 693 exemplis
3778 637 3823 679 ι

501 730 609 785 que
633 713 797 771 Salvii
836 714 1212 770 Ambianensis
1253 712 1387 768 Vitae
1416 713 1681 781 scriptor,
1713 712 1909 767 fatente
1938 710 2097 766 Coin-
2203 708 2413 765 Cointio
2443 710 2559 780 ipso
2588 710 2759 765 allatis
2790 710 2947 767 facile
2970 725 3113 768 esset
3137 713 3531 769 demonstrare.

508 811 619 878 tio,
664 810 919 865 nonnulla
952 825 1017 866 ex
1042 809 1209 880 gestis
1239 808 1407 864 Salvii
1446 807 1750 877 Albigensis
1789 822 1888 862 suo
1914 805 2095 861 Salvio
2282 804 2398 857 19.0.
2441 803 2559 858 Jam
2611 815 2822 874 tempus
2867 815 2952 860 est
2991 816 3049 860 ut
3093 807 3255 863 ﬁnem
3297 808 3633 878 imponamus
3663 810 3819 867 huic

505 901 761 957 tribuisse
786 902 1146 968 convincitur,
1171 910 1262 955 aut
1291 900 1447 956 malae
1472 901 1595 956 ﬁdei
1626 916 1772 965 reus,
1804 911 1896 955 aut
1920 909 2089 967 certe,
2205 894 2528 949 diSCUSsioni
2547 939 2563 962 ,
2589 912 2746 967 quam
2772 900 3009 953 nonnulli
3042 900 3268 954 fortasse
3297 902 3638 971 prolixiorem
3670 918 3821 960 esse

503 994 648 1063 quod
688 993 959 1048 lubentius
989 994 1334 1057 crediderim,
1370 994 1531 1048 homo
1566 996 1780 1064 ignarus
1812 994 1972 1049 fuerit
2000 1009 2093 1049 ne-

502 1099 658 1141 cesse
696 1094 809 1152 est;
857 1088 1025 1155 utqui
1072 1102 1256 1159 regum
1286 1088 1769 1156 episcoporumque
1812 1089 1984 1143 series
2030 1102 2094 1143 ac

502 1184 743 1248 temmra
776 1178 1200 1247 perturbaverit,
1250 1179 1494 1234 civitates
1532 1195 1598 1234 ex
1641 1196 1741 1233 una
1776 1181 1829 1234 in
1873 1180 2093 1234 alteram

501 1268 828 1338 provinciam
883 1270 1254 1334 transtulerit,
1307 1270 1538 1340 denique
1589 1271 1767 1326 omnia
1825 1272 2094 1340 susdeque

505 1363 757 1431 verterit,
806 1370 865 1417 ut
906 1365 1067 1416 vitam
1102 1364 1182 1418 sui
1224 1364 1388 1419 Salvii
1418 1365 1723 1421 fabricaret.
1766 1365 1883 1421 Jam
1924 1376 2094 1423 testes

501 1452 715 1522 appello
756 1463 1021 1524 quotquot
1055 1456 1195 1511 hunc
1225 1457 1397 1511 locum
1444 1458 1691 1527 legerint,
1735 1473 1801 1513 an
1834 1459 1955 1513 talis
1998 1474 2094 1513 au-

498 1553 616 1599 ctor
646 1546 890 1613 praeferri
920 1547 1115 1603 debeat
1141 1549 1390 1619 scriptori
1434 1552 1625 1616 capitis
1654 1551 1677 1603 1
1710 1552 1831 1605 libri
1861 1567 1931 1605 vn
1962 1551 2093 1607 Gre-

498 1640 737 1709 gorianm
786 1639 1063 1706 ilistoriat,
1109 1645 1198 1713 qui
1246 1643 1412 1698 Salvii
1446 1645 1749 1714 Albigensis
1782 1661 1867 1699 res
1915 1655 2095 1712 gestas

498 1728 659 1782 modo
682 1729 1166 1799 irreprebensibili,
1196 1737 1420 1789 servatis
1447 1736 1684 1789 historia:
1715 1736 1943 1803 legibus,
1972 1752 2096 1789 cou-

499 1819 736 1887 scripsit.
764 1822 837 1877 De
866 1823 1272 1881 visioneSalvio
1294 1835 1530 1893 ostensa,
1558 1843 1677 1896 qua:
1706 1828 1932 1883 fortasse
1958 1844 2091 1882 non-

2202 999 2626 1055 conquerentur.
2653 990 2722 1043 At
2751 992 3113 1044 necessarium
3148 990 3242 1043 fuit
3276 991 3414 1046 hanc
3444 993 3600 1061 paulo
3630 1008 3817 1047 accu-

2202 1080 2366 1135 ratius
2398 1085 2681 1153 prosequi,
2724 1086 2776 1138 in
2817 1101 2920 1153 qua
2961 1086 3217 1155 agebatur
3252 1087 3321 1141 de
3358 1087 3649 1157 rejicieuda
3698 1096 3815 1144 aut

2201 1176 2507 1244 recipienda
2553 1179 2723 1232 unica:
2769 1190 2969 1233 nostrae
3012 1182 3187 1249 gentis
3230 1182 3478 1236 Historiae
3512 1200 3615 1236 non
3653 1198 3810 1239 con-

2201 1270 2487 1324 temnenda
2530 1280 2710 1338 parte,
2743 1266 2927 1341 quam,
2952 1271 3211 1340 Gregorio
3250 1274 3658 1343 abjudicandam
3706 1275 3811 1329 vir

2201 1363 2342 1419 inter
2370 1366 2609 1420 eruditos
2642 1367 2983 1421 clarissimus
3009 1369 3297 1434 censebat,
3326 1386 3424 1423 nos
3452 1386 3577 1425 vero
3605 1373 3807 1427 since-

2200 1473 2317 1512 rum
2352 1459 2521 1526 ipsius
2550 1475 2671 1515 esse
2702 1460 2866 1515 fetum
2900 1477 3325 1531 propugnamns:
3353 1464 3490 1530 quod
3515 1479 3543 1516 a
3569 1480 3653 1519 me
3677 1480 3805 1519 non

2199 1548 2529 1618 disceptandi
2544 1551 2724 1605 animo
2736 1562 3041 1620 susceptum
3059 1568 3179 1608 esse
3199 1557 3443 1609 omnibus
3468 1571 3802 1624 persuasum

2200 1660 2321 1701 esse
2344 1648 2533 1713 velim,
2570 1662 2674 1701 non
2704 1649 2845 1717 quod
2877 1647 3005 1701 mihi
3034 1648 3231 1717 aliquid
3255 1651 3486 1715 superbe
3508 1666 3795 1719 arrogem,

2200 1738 2288 1805 qui
2332 1752 2450 1791 cum
2491 1746 2639 1793 tanto
2668 1738 2781 1793 viro
2813 1724 3087 1808 disputare
3114 1740 3405 1805 voluerim,
3452 1743 3545 1794 sed
3584 1742 3634 1794 id
3667 1742 3801 1796 fac-

2203 1836 2313 1881 tum
2342 1830 2512 1885 solius
2540 1832 2783 1885 veritatis
2811 1832 2989 1887 studio
3016 1841 3069 1887 et
3092 1847 3307 1900 amore,
3332 1833 3399 1887 ad
3428 1838 3794 1888 asseretttlam

499 1910 659 1965 nullis
689 1913 1030 1984 displicebit,
1078 1917 1209 1971 nihil
1256 1917 1519 1983 diximus,
1552 1919 1695 1988 quod
1734 1935 1855 1974 eam
1901 1935 2089 1975 revera
2124 1924 2171 1983 B
2198 1934 2251 1979 et
2279 1927 2717 1995 propugnandam
2744 1927 2866 1996 ejus
2890 1928 3125 1982 auctoris
3148 1942 3370 1996 Operum
3398 1926 3797 1993 integritatem,

501 2005 823 2075 contigisse,
857 2008 1039 2063 Salvio
1082 2010 1432 2066 Ambianensi
1460 2028 1527 2067 an
1571 2014 1867 2083 Albigensi,
1902 2030 2089 2085 parum

500 2095 700 2164 refert,
750 2096 994 2155 Cointius
1025 2102 1323 2158 admiserit.
1361 2104 1517 2162 Tales
1548 2116 1759 2174 autem,
1808 2124 1940 2177 quas
1989 2110 2090 2163 ho-

500 2186 674 2242 mines
716 2179 888 2243 saucii
934 2192 1050 2247 sive
1078 2192 1217 2249 intra
1260 2209 1487 2267 corpus,
1542 2199 1657 2253 sive
1702 2208 1853 2253 extra
1896 2215 2092 2271 corpus

500 2280 796 2346 constituti,
826 2290 885 2337 ut
911 2283 1148 2354 loquitur
1179 2286 1245 2346 de
1285 2303 1343 2343 se
1389 2292 1715 2359 Apostolus,
1749 2292 2087 2362 habuerunt,

500 2375 699 2441 passim
732 2377 843 2432 suis
874 2382 1207 2449 temporibus
1252 2385 1542 2455 contigisse
1574 2400 1877 2445 memorant
1920 2400 2091 2450 testes

501 2468 643 2521 omni
683 2473 1005 2540 exceptione
1050 2476 1328 2545 majores:
1365 2480 1694 2549 Augustinus
1741 2485 1792 2537 in
1840 2486 1977 2542 libro
2022 2489 2091 2545 de

509 2556 651 2614 Cura
682 2575 779 2630 pro
806 2567 1056 2633 mortuis,
1085 2567 1371 2640 Gregorius
1402 2572 1652 2643 Magnus,
1688 2577 1932 2649 Scriptor
1971 2598 2091 2652 pas-

502 2653 666 2709 sionis
709 2656 809 2712 SS.
861 2657 1143 2729 Perpetua:
1191 2672 1247 2718 et
1275 2664 1610 2736 Felicitatis,
1657 2681 1710 2727 et
1755 2674 1844 2727 alii
1890 2679 2091 2746 passim

502 2748 675 2815 magni
708 2750 939 2807 nominis
967 2762 1239 2812 auctores.

577 2840 701 2896 119.
742 2841 1105 2917 Βυρετεειμυι
1142 2848 1339 2921 aliquid
1371 2852 1437 2908 de
1464 2852 1811 2926 Gregorianaa
1841 2860 2092 2921 Historiae

502 2932 713 3005 epilogo
739 2935 1011 3009 dicamus,
1043 2956 1203 3009 quem
1234 2945 1425 3013 partim
1458 2946 1638 3017 rejicit
1665 2951 1940 3023 Cointius,
1968 2971 2092 3027 par-

504 3030 594 3087 tim
626 3048 726 3103 pro
756 3036 908 3093 libito
941 3041 1197 3098 admittit.
1232 3044 1380 3100 Illum
1429 3064 1622 3120 nempe
1669 3059 1776 3105 tres
1819 3049 1871 3106 in
1913 3062 2092 3121 partes

508 3136 658 3183 secat
684 3147 695 3180 :
723 3130 950 3200 primam
978 3133 1062 3190 his
1085 3137 1262 3193 verbis
1282 3138 1493 3195 inlibata
1518 3154 1846 3213 permaneant
1874 3145 2091 3200 conclu-

498 3218 605 3283 dit,
631 3236 789 3291 quam
810 3264 827 3292 ,
849 3226 990 3294 quod
1021 3228 1073 3282 in
1100 3230 1285 3286 codice
1315 3235 1485 3288 sancti
1510 3234 1782 3291 Michaelis
1806 3237 2085 3305 habeatur,

2194 2030 2351 2085 quem
2376 2018 2765 2071 restituendum
2789 2028 2842 2071 et
2865 2017 3241 2071 illustrandum
3264 2030 3628 2082 susceperam.
3649 2016 3799 2083 Quae

2196 2122 2282 2161 res
2311 2110 2474 2162 etiam
2500 2107 2601 2177 ipsi
2624 2108 2867 2173 Cointio,
2897 2106 3051 2175 cujus
3078 2106 3391 2159 memoriam
3422 2107 3663 2171 impense
3690 2120 3800 2162 ve-

2196 2215 2375 2261 neror,
2423 2210 2480 2254 ut
2523 2210 2646 2268 pote
2684 2202 2896 2253 sincero
2940 2198 3179 2252 veritatis
3216 2197 3473 2261 amatori,
3515 2196 3652 2250 baud
3693 2196 3797 2251 in-

2193 2304 2339 2362 grata
2372 2291 2588 2351 fuisset.
2629 2306 2751 2347 cum
2787 2293 2841 2346 in
2891 2293 3046 2347 istam
3086 2291 3393 2362 opinionem
3428 2292 3496 2345 ob
3532 2291 3793 2348 codicum

2194 2384 2704 2453 manuscriptorum,
2728 2400 2861 2455 quos
2881 2386 3091 2441 nonnisi
3118 2398 3336 2438 mancos
3356 2393 3411 2439 et
3434 2384 3795 2453 imperfectos

2195 2478 2413 2543 habuit,
2458 2478 2829 2532 auctoritatem
2875 2478 3096 2543 abierit,
3152 2476 3309 2530 facile
3350 2476 3401 2530 in
3448 2476 3794 2531 contrariam

2194 2583 2556 2626 concessurus
2586 2570 2907 2626 sententiam
2931 2611 2945 2633 ,
2977 2570 3023 2623 si
3052 2567 3278 2622 aliorum
3304 2567 3569 2634 codicum,
3601 2576 3653 2621 et
3682 2583 3791 2621 nu-

2194 2680 2367 2731 mero,
2387 2674 2441 2720 et
2460 2665 2783 2735 integritate,
2803 2672 2857 2719 et
2877 2666 3195 2719 auctoritate
3217 2664 3385 2734 magis
3410 2664 3791 2733 praestantium

2194 2759 2248 2813 in
2272 2757 2704 2827 recognoscenda
2722 2758 3053 2827 Gregoriana
3075 2758 3295 2812 historia
3324 2758 3537 2826 adjutus
3567 2756 3790 2814 fuisset.

2265 2850 2353 2905 iV.
2376 2880 2447 2894 -—-
2474 2852 2595 2906 121.
2626 2850 2743 2907 Jam
2774 2854 2951 2922 itaque
2981 2851 3311 2921 praefationis
3341 2861 3536 2907 nostra:
3565 2852 3788 2911 tertiam

2196 2954 2404 3016 partem
2432 2944 2738 3016 attigimus,
2774 2945 2827 2999 in
2856 2959 2957 3015 qua
2990 2946 3125 2999 ratio
3157 2944 3431 3001 reddenda
3453 2954 3535 3000 est
3557 2959 3788 3012 eorum,

2194 3052 2314 3107 quae
2344 3036 2397 3091 itt
2430 3037 2529 3091 hac
2559 3050 2693 3091 nova
2720 3036 3172 3107 Gregorianorum
3216 3052 3438 3107 operum
3478 3037 3716 3093 editione
3746 3052 3785 3093 ta

2194 3131 2348 3188 nobis
2377 3132 2615 3202 praestita
2646 3140 2788 3185 sunt.
2828 3132 3073 3202 Gregorii
3112 3146 3276 3201 Opera
3320 3147 3416 3201 per
3445 3139 3624 3202 partes
3668 3131 3786 3187 dis-

2195 3224 2331 3279 cissa
2360 3265 2375 3291 ,
2420 3234 2475 3280 et
2514 3240 2636 3279 cum
2684 3223 2848 3279 variis
2892 3226 3159 3279 variorum
3207 3236 3482 3280 aucturum
3515 3224 3779 3294 operibus

503 3312 767 3381 admittit,
799 3318 941 3372 sicut
967 3329 1021 3375 et
1051 3324 1375 3391 secundam,
1412 3326 1533 3381 licet
1565 3328 1617 3382 in
1649 3329 1966 3385 Michaelino
1990 3304 2085 3385 co;
2114 3304 2161 3368 ο
2195 3318 2449 3387 permista
2478 3318 2531 3371 in
2563 3334 2722 3372 unum
2756 3318 3007 3373 volumen
3037 3318 3370 3388 collegimus
3423 3318 3500 3373 Ea
3546 3332 3673 3373 vero
3714 3333 3787 3377 ex

502 3401 622 3458 dice
652 3405 1015 3479 desideretur,
1048 3415 1223 3484 quod,
1255 3418 1464 3487 inquit,
1499 3421 1788 3491 Gregorius
1818 3424 1872 3478 in
1904 3424 2085 3480 Histo-

503 3498 602 3553 riae
634 3501 858 3572 prologo
887 3519 1049 3575 opera
1074 3523 1169 3563 sua
1193 3526 1352 3566 versu
1378 3512 1608 3569 describi
1640 3518 1974 3587 permiserit,
2008 3517 2088 3571 ni-

504 3588 685 3661 hilque
710 3595 854 3650 aliud
882 3597 1141 3655 habeatur
1164 3601 1215 3655 in
1242 3604 1340 3657 ista
1367 3605 1562 3677 epilogi
1592 3618 1763 3676 parte,
1788 3624 1943 3676 quam
1968 3625 2089 3681 qua:

502 3699 571 3740 ex
609 3688 833 3759 prologo
873 3692 987 3747 fieri
1035 3704 1343 3763 potuerunt.
1388 3697 1458 3753 At
1500 3703 1710 3755 tertiam
1752 3713 1959 3770 partem
2000 3704 2089 3760 ubi

503 3781 665 3835 variae
697 3782 964 3841 habentur
992 3791 1420 3858 computationes
1440 3833 1455 3859 ,
1488 3793 1646 3863 plane
1675 3796 1915 3864 respuit,
1949 3798 2091 3867 quod

502 3888 610 3929 non
641 3877 806 3945 satis,
841 3888 897 3933 ut
926 3880 1005 3935 illi
1039 3883 1271 3951 videtur,
1317 3897 1569 3956 computo
1604 3887 1933 3960 Gregoriano
1961 3905 2091 3947 con-

498 3970 707 4027 cordet.
741 3972 854 4040 Qua
878 3973 933 4029 in
957 3990 1017 4031 re
1041 3992 1142 4032 nec
1164 3977 1407 4034 codicum
1436 3994 1566 4035 mss.
1596 3982 1966 4037 auctoritatem
1998 3998 2091 4037 cu-

502 4073 619 4130 rat,
655 4067 706 4120 in
740 4070 931 4136 quibus
959 4071 1165 4127 eaedem
1199 4073 1329 4142 ipsae
1364 4076 1793 4145 computationes
1825 4075 2093 4133 habentur

508 4156 574 4210 ad
609 4158 809 4213 calcem
840 4161 958 4215 libri
992 4179 1067 4228 tv,
1096 4165 1255 4219 etiam
1289 4166 1342 4221 in
1374 4167 1558 4223 codice
1587 4167 1902 4225 Corbeiensi
1934 4186 1946 4221 :
1992 4183 2093 4225 nec

503 4250 799 4307 audiendos
825 4268 946 4309 esse
971 4266 1154 4311 censet
1182 4272 1276 4312 eos
1294 4299 1310 4323 ,
1337 4260 1428 4329 qui
1461 4262 1627 4314 nostri
1656 4260 1896 4330 Gregorii
1927 4261 2092 4316 vitam

506 4358 573 4399 ex
602 4343 717 4413 ejus
743 4346 956 4417 scriptis
984 4350 1345 4417 collegerunt,
1376 4351 1599 4421 quibus,
1626 4351 1824 4407 fatente
1852 4352 2092 4421 Cointio,

508 4434 670 4491 etiam
713 4436 827 4491 haec
871 4439 1029 4494 tertia
1077 4439 1268 4511 epilogi
1316 4455 1437 4509 pars
1479 4450 1603 4496 nota
1644 4442 1761 4498 fuit.
1792 4442 1998 4512 Nempe
2037 4451 2096 4498 ut

510 4526 626 4581 htcc
679 4530 856 4583 omnia
908 4530 1153 4599 refellat,
1207 4534 1420 4587 unicum
1462 4532 1512 4588 ei
1561 4533 1761 4589 sufficit
1807 4549 2097 4605 argumen-

511 4625 620 4709 tum
637 4657 652 4682 ,
679 4621 1140 4689 computationum
1165 4638 1357 4694 nempe
1380 4626 1600 4680 istarum
1623 4626 1925 4694 discordia;
1950 4626 2093 4699 quod

2191 3415 2413 3470 inﬁnitis
2444 3415 2829 3484 propemodum
2870 3414 3110 3480 mendis,
3153 3430 3269 3483 QULE
3309 3412 3395 3466 vel
3433 3428 3497 3466 ex
3529 3412 3785 3468 codicum

2192 3518 2287 3564 aut
2323 3508 2617 3563 editionum
2648 3509 2813 3576 vitio,
2845 3508 2929 3562 vel
2962 3523 3030 3563 ex
3067 3508 3302 3576 qualibet
3330 3508 3433 3561 alia
3464 3520 3624 3561 causa
3656 3519 3784 3575 pas-

2193 3604 2294 3658 sim
2325 3602 2380 3657 in
2410 3610 2612 3657 textum
2645 3601 2999 3670 irrepserant,
3040 3615 3341 3669 expurgare
3373 3599 3621 3654 codicum
3664 3613 3785 3653 ma-

2194 3694 2592 3763 nuscriptorum
2621 3707 2726 3762 ope
2768 3696 2945 3747 conati
2989 3705 3207 3757 sumus,
3244 3700 3299 3746 et
3334 3691 3540 3760 rcipsa,
3580 3689 3656 3743 uti
3698 3688 3785 3744 le-

2194 3786 2443 3857 gentibus
2489 3786 2722 3856 patebit,
2770 3785 3055 3854 plurimum
3099 3785 3532 3853 expurgavimus.
3570 3782 3781 3838 Deinde

2195 3880 2450 3935 nonnulla
2475 3880 2542 3934 de
2568 3895 2707 3933 novo
2737 3878 3063 3943 addidimus,
3087 3888 3142 3932 et
3170 3878 3374 3948 aliquot
3400 3876 3630 3946 capitula
3660 3890 3786 3946 qua

2195 3974 2247 4026 in
2288 3972 2557 4042 prioribus
2594 3972 2751 4026 editis
2788 3970 3158 4025 indicabantur
3193 3971 3441 4041 quidem,
3470 3970 3565 4023 Sed
3601 3978 3785 4024 tamen

2195 4064 2426 4119 inveniri
2484 4064 2720 4118 nondum
2777 4073 3104 4132 potucrant,
3156 4077 3221 4116 ex
3273 4061 3376 4116 fide
3428 4060 3786 4130 quorumdam

2195 4158 2588 4226 exemplarium
2621 4153 3008 4224 supplevimus.
3037 4154 3116 4208 Ad
3150 4154 3264 4207 lucc
3288 4154 3633 4222 Gregoriante
3657 4151 3784 4208 llis-

2199 4254 2351 4309 toria:
2394 4254 2790 4323 integritatem,
2842 4266 2946 4319 qua
2996 4266 3131 4321 pene
3169 4251 3239 4304 ob
3276 4251 3485 4321 aliquot
3532 4251 3783 4306 codicum

2196 4346 2438 4401 defectus
2486 4346 2623 4413 apud
2669 4345 2957 4399 nonnullos
3004 4345 3244 4399 eruditos
3281 4343 3427 4398 viros
3469 4343 3785 4409 exciderat,

2198 4439 2441 4495 codicum
2494 4440 2729 4493 melioris
2788 4448 2973 4507 noun,
3030 4449 3087 4495 et
3136 4438 3355 4493 minime
3409 4446 3787 4503 suSpectorum

2200 4533 2556 4598 auctoritate,
2598 4532 2824 4602 aliisque
2863 4533 3194 4602 argumentis
3242 4532 3589 4585 asseruimus.
3637 4529 3786 4583 Prte-

2202 4634 2348 4681 terea
2380 4634 2535 4679 notas
2567 4624 2885 4693 marginales
2928 4623 3257 4689 addidimus,
3298 4636 3415 4689 qua:
3459 4621 3635 4675 varias
3677 4620 3788 4676 lecb

501 4686 677 4766 tanien
710 4714 881 4769 solum
911 4713 1186 4771 sufficiens
1217 4732 1337 4772 esse
1368 4734 1525 4772 nemo
1556 4718 1751 4774 dixerit
1776 4720 1841 4773 ad
1874 4721 2091 4775 elevan-
2118 4686 2171 4747 Ῑ)
2201 4718 2375 4772 tiones
2425 4718 2910 4785 ntanuscriptorum
2967 4716 3243 4779 codicum,
3290 4724 3383 4769 aut
3433 4722 3675 4768 veterum
3730 4721 3788 4769 et

501 4807 622 4860 dam
653 4808 879 4878 alicujus
904 4812 1086 4880 operis
1112 4814 1518 4879 auctoritatem,
1565 4815 1745 4870 multis
1786 4818 2003 4872 aliunde
2035 4826 2089 4871 et

502 4907 892 4973 propemodum
942 4908 1105 4963 certis
1150 4909 1449 4964 rationibus
1496 4909 1721 4965 suﬂ‘ttlti.
1772 4911 1899 4977 Quis
1943 4909 2087 4965 enim

503 5001 709 5055 nesciat
736 5002 787 5056 in
820 5002 1083 5071 ejusmodi
1113 5005 1604 5074 computationibus
1631 5020 1736 5059 non
1770 5005 1946 5059 solum
1977 5004 2087 5073 ple-

499 5107 699 5162 rosque
743 5094 911 5150 medii
956 5097 1055 5150 αξνί
1095 5106 1346 5152 auctores
1389 5114 1418 5151 a
1464 5112 1592 5152 vero
1630 5099 1945 5164 aberrasse,
1991 5096 2085 5152 sed

499 5187 661 5240 etiam
696 5188 908 5243 illorum
940 5190 1219 5244 erroribus
1246 5191 1380 5244 alios
1411 5205 1626 5246 errores
1650 5191 1717 5246 ab
1743 5189 2091 5245 amanuensi-

501 5277 601 5332 bus
642 5279 807 5337 fuisse
846 5292 905 5337 ut
947 5284 1235 5354 plurimum
1283 5286 1697 5353 superadditos,
1743 5286 1829 5340 vel
1879 5287 2092 5355 propria

501 5385 690 5427 eorum
723 5373 931 5430 incuria
952 5420 965 5437 .
1000 5377 1083 5432 vel
1113 5377 1258 5447 quod
1292 5377 1516 5432 nimium
1545 5379 1649 5433 sibi
1690 5378 1820 5448 ipsis
1868 5378 2095 5434 ﬁdentes

504 5474 744 5520 veterum
785 5480 1036 5538 computa
1078 5471 1370 5525 emendare
1405 5470 1720 5525 voluerint?
1756 5470 1889 5525 Hinc
1917 5472 1966 5524 in
1997 5485 2095 5525 ex-

509 5555 759 5613 hibendis
802 5561 1070 5630 ejusmodi
1120 5565 1360 5620 numeris
1413 5572 1491 5618 tot
1532 5572 1659 5619 sunt
1697 5563 1808 5618 fere
1840 5562 2097 5618 lectiones

510 5654 704 5720 variat,
734 5664 865 5725 quot
895 5667 1020 5711 sunt
1048 5650 1293 5726 codices,
1325 5659 1484 5728 idque
1516 5673 1619 5714 non
1652 5657 1706 5712 in
1742 5656 1989 5727 Gregorii
2015 5670 2099 5710 so-

506 5746 615 5803 lum
644 5752 927 5821 operibus,
957 5754 1051 5809 sed
1079 5763 1134 5810 et
1161 5754 1216 5809 in
1258 5755 1377 5810 aliis
1418 5756 1634 5826 Optimae
1677 5764 1817 5808 nota:
1858 5752 2095 5807 auctori-

2199 4824 2456 4867 novarum
2488 4810 2781 4864 editionum
2822 4806 3109 4873 exhibent,
3152 4815 3391 4875 tempora
3434 4820 3614 4858 rerum
3656 4818 3788 4874 ges-

2199 4916 2373 4961 tarum
2408 4904 2646 4959 indicant
2671 4946 2685 4971 ,
2716 4920 2803 4958 res
2844 4903 2986 4971 ipsas
3031 4902 3330 4965 illustrant,
3369 4900 3608 4953 locorum
3649 4899 3790 4953 situs

2195 5002 2548 5067 describunt,
2606 5012 3056 5069 personarumque
3104 4994 3344 5050 notitiam
3394 4993 3788 5063 suppeditant,

2196 5092 2425 5149 laudatis
2451 5091 2609 5146 etiam
2631 5132 2646 5158 ,
2676 5100 2767 5143 aut
2791 5088 3035 5143 adductis
3055 5131 3070 5154 ,
3094 5101 3215 5140 cum
3245 5099 3381 5154 opus
3409 5093 3521 5148 est,
3550 5082 3789 5136 aliorum

2198 5196 2477 5243 auctorum
2509 5186 2659 5239 locis.
2694 5184 2835 5251 Quin
2872 5193 2924 5236 et
2963 5197 3031 5237 ne
3068 5192 3313 5235 notarum
3355 5176 3623 5248 ejusmodi
3664 5190 3791 5247 pro.

2200 5281 2408 5336 lixitate
2452 5290 2542 5334 aut
2586 5278 2926 5333 multitudine
2962 5278 3281 5345 quandoque
3315 5275 3570 5334 obrutus,
3618 5278 3677 5325 ut
3714 5269 3793 5326 ita

2202 5375 2415 5444 loquar,
2476 5383 2650 5428 textus
2704 5371 2970 5437 videatur,
3016 5382 3169 5424 untas
3209 5368 3411 5436 aliquot
3450 5366 3675 5421 fusiores
3717 5364 3793 5421 ad

2201 5470 2402 5524 calcem
2434 5468 2724 5522 Voluminis
2752 5468 2780 5501 "
2812 5464 3148 5529 addidimus,
3181 5463 3245 5517 ad
3277 5478 3409 5532 quas
3448 5476 3512 5516 ea
3551 5475 3670 5530 qum
3700 5458 3793 5513 fu-

2205 5563 2406 5618 siorem
2449 5563 2737 5632 exigebant
2776 5560 3301 5613 animadversionem
3350 5555 3697 5611 remisimus:
3734 5553 3792 5612 in

2206 5656 2401 5727 quibus
2429 5657 2589 5710 etiam
2622 5652 2762 5707 netis
2796 5652 3118 5706 inseruimus
3161 5649 3415 5705 nonnulla
3458 5645 3793 5717 antiquitatis

2206 5756 2551 5804 monumenta
2580 5788 2594 5813 ,
2642 5746 2853 5815 aliaque
2893 5745 3173 5799 retulimus
3212 5759 3332 5813 qum
3374 5743 3532 5798 nobis
3573 5741 3793 5799 excide-

574 5934 609 5972 ⁸
637 5932 745 5993 Nos
771 5934 999 5995 fusiores
1024 5936 1188 5995 etiam
1221 5941 1380 5995 notas
1409 5934 1580 5996 textui
1608 5932 1880 5996 subiicere
1908 5928 2213 5989 maluinius.
2245 5926 2396 5983 Eotr.
