4086 6328
247 346 316 402 97
1709 351 1830 408 PBt!

1933 352 2094 410 \TIO.

3450 359 3524 420 98

239 470 406 531 rant,
438 469 529 517 aut
555 475 673 531 quae
699 462 808 532 jam
846 460 1078 532 incmpta
1106 461 1208 517 hac
1237 462 1470 519 editione
1496 464 1823 534 accepimus,
1856 467 1911 528 Α
1936 468 2140 521 tionum
2169 466 2328 536 capiti
2355 468 2424 521 25
2453 470 2765 540 respondet.
2797 469 2948 528 Alter
2971 471 3142 529 codex
3172 472 3298 545 qui,
3327 481 3386 530 ut
3408 483 3520 533 tes-

239 555 311 610 ad
363 555 737 610 illustrandum
790 553 1108 624 Gregorium
1158 553 1369 612 idonea.
1427 558 1631 613 Prteter
1688 559 1827 616 hanc

242 657 489 704 nostram
521 649 888 719 praefationem
918 663 1076 718 quam
1119 648 1360 720 Gregorii
1394 651 1646 721 operibus
1684 666 1830 718 prte-

241 742 532 807 mittimus,
563 740 733 795 Vitam
758 757 820 797 ex
844 756 961 811 ejus
990 742 1205 812 scriptis
1236 744 1518 799 collectam
1551 744 1618 800 ab
1641 744 1831 801 Odone

239 834 467 897 abbate,
498 833 563 889 ad
597 835 794 889 multos
819 834 1036 889 codices
1065 835 1319 891 collatam
1350 835 1713 906 proferemus,
1744 835 1835 892 cui

246 928 641 999 subjungemus
677 928 913 983 virorum
946 929 1236 985 illustrium
1268 929 1334 984 de
1359 938 1544 984 nostro
1575 928 1833 998 Gregorio

245 1022 579 1077 testimonia.
612 1019 745 1076 Post
775 1020 890 1076 haec
920 1022 1314 1091 subsequentur
1333 1021 1567 1076 Annales
1590 1021 1832 1077 Francici

243 1127 343 1169 seu
373 1122 615 1168 veterum
644 1114 885 1170 omnium
916 1098 1216 1181 auctorum,
1244 1116 1331 1185 qui
1362 1115 1676 1183 Gregorium
1705 1130 1834 1183 prae-

240 1215 525 1261 cesserunt
556 1205 673 1260 loca
693 1249 707 1273 ,
732 1215 787 1260 et
811 1206 913 1260 alia
938 1205 1156 1276 antiqua
1188 1214 1531 1260 monumenta
1560 1204 1611 1259 in
1641 1203 1833 1274 quibus

239 1294 484 1352 Francite
522 1306 610 1351 aut
639 1296 963 1351 Francorum
995 1297 1202 1352 mentio
1228 1296 1499 1364 occurrit,
1534 1295 1830 1351 secundum

239 1389 486 1444 ordinem
536 1388 975 1459 chronologicum
1015 1390 1308 1459 distiosita,
1338 1405 1456 1458 quae
1500 1388 1715 1459 quidem
1760 1386 1827 1443 ν.

244 1480 330 1538 Cl.
362 1480 587 1535 Carolus
618 1480 908 1545 Bultellus,
944 1480 1194 1536 Historia:
1236 1481 1510 1536 Francicae
1553 1480 1831 1536 studiosis-

238 1574 444 1642 simus,
477 1574 761 1644 diligenter
788 1575 1041 1645 collegit,
1075 1590 1139 1630 ac
1177 1575 1310 1630 mihi
1352 1576 1646 1631 liberaliter
1683 1589 1821 1630 com-

237 1669 534 1723 municavit
555 1670 619 1723 ad
646 1667 896 1741 Gregorii
928 1669 1100 1725 nostri
1129 1669 1406 1724 historiam
1433 1666 1827 1722 illustrandam.

240 1761 335 1817 llis
392 1761 766 1833 subjungimus
817 1763 1045 1819 indicem
1123 1761 1562 1831 chronologicum
1639 1774 1824 1815 eorum

1937 571 2081 617 tatur
2105 563 2221 631 ejus
2250 564 2526 635 inscriptio
2543 607 2560 634 ,
2588 566 2816 623 celebris
2842 568 3151 625 monasterii
3173 568 3516 627 Corbeiensis

1936 656 1989 711 in
2019 671 2150 727 agro
2178 658 2519 715 Ambianensi
2551 660 2675 715 olim
2708 659 2835 729 fuit,
2876 670 3035 718 aetate
3079 663 3345 731 posterior
3390 678 3518 719 cen-

1936 749 2042 803 seri
2072 765 2178 805 non
2221 750 2399 807 debet.
2440 752 2689 821 Exceptis
2730 755 2898 809 titulis
2922 765 2977 811 et
3005 756 3207 826 aliquot
3247 756 3512 811 librorum

1935 840 2137 906 initiis,
2180 858 2300 912 quae
2348 844 2658 909 majusculis
2702 855 2757 901 et
2804 845 3062 904 Romanis
3106 849 3511 904 characteribus

1934 930 2200 1002 descripta
2245 943 2403 1001 sunt,
2438 934 2649 1002 litteris,
2682 944 2739 989 ut
2781 936 3018 1007 loquitur
3050 938 3320 1008 Valesius,
3363 940 3515 1010 plane

1936 1022 2167 1079 barbaris
2206 1028 2578 1099 mediocrisque
2615 1031 2986 1101 magnitudinis
3023 1032 3242 1101 scriptus
3280 1041 3355 1086 est
3380 1073 3396 1098 ,
3438 1032 3513 1085 ita

1933 1115 2068 1170 inter
2098 1134 2150 1173 se
2176 1122 2447 1187 connexis,
2478 1132 2527 1176 et
2554 1138 2645 1192 per
2672 1124 2906 1192 quaedam
2934 1133 3174 1178 notarum
3213 1124 3516 1193 compendia

1936 1211 2171 1281 pluribus
2221 1220 2509 1284 expressis,
2562 1226 2619 1269 ut
2667 1216 2773 1286 fere
2819 1216 2999 1270 lectori
3046 1218 3111 1271 sit
3160 1218 3511 1272 divinandum.

1935 1302 2063 1369 Quae
2082 1342 2096 1367 ,
2128 1304 2201 1358 uti
2231 1307 2489 1376 conjicio,
2515 1307 2723 1377 legendi
2749 1307 3038 1363 difﬁcultas
3060 1308 3330 1364 Andream
3354 1307 3516 1365 Ches-

1935 1394 2083 1448 nium
2117 1394 2189 1450 ita
2215 1396 2507 1463 deterruit,
2540 1406 2599 1451 ut
2628 1398 2868 1454 codicem
2894 1398 3040 1453 hunc
3063 1414 3093 1453 a
3119 1412 3178 1454 se
3205 1400 3378 1454 visum
3409 1408 3515 1455 tes-

1934 1495 2095 1555 tetur,
2131 1488 2227 1544 sed
2257 1491 2505 1545 collatura
2534 1508 2639 1547 non
2667 1491 2833 1547 dicat.
2866 1492 2931 1546 Et
2958 1490 3172 1561 quidem
3202 1507 3368 1562 pauca
3394 1508 3515 1563 quae

1933 1580 2000 1635 de
2027 1595 2092 1635 eo
2125 1580 2315 1648 habet,
2353 1598 2379 1635 a
2413 1583 2599 1639 codice
2630 1584 2705 1638 ita
2733 1584 2906 1639 aliena
2935 1593 3091 1650 sunt,
3126 1592 3184 1639 ut
3223 1599 3323 1639 nec
3360 1584 3515 1640 illum

1933 1672 2001 1729 ab
2029 1688 2095 1728 eo
2124 1674 2293 1728 visum
2341 1674 2507 1732 fuisse
2545 1676 2702 1732 facile
2739 1677 2969 1733 diceres.
3006 1677 3189 1733 Codex
3226 1685 3404 1732 tamen
3435 1678 3516 1731 in-

1935 1771 2084 1833 teger
2114 1774 2199 1819 est
2219 1806 2234 1832 ,
2287 1766 2597 1837 illibataque
2626 1769 2996 1838 perseveravit
3033 1769 3298 1839 scriptura
3318 1808 3334 1836 ,
3364 1768 3516 1839 cujus

240 1872 360 1927 qua:
393 1856 446 1910 in
472 1856 714 1925 Gregorii
742 1866 834 1911 aut
864 1857 1175 1927 Fredegarii
1205 1855 1458 1926 operibus
1487 1853 1822 1926 potissimum
1857 1852 1905 1913 B
1932 1854 2142 1925 legendi
2184 1856 2474 1913 difﬁcultas
2505 1874 2591 1913 me
2619 1874 2650 1913 a
2684 1860 2867 1915 labore
2896 1860 2965 1913 ita
2996 1875 3103 1914 non
3135 1860 3426 1925 deterruit,
3459 1868 3515 1914 ut

241 1950 308 2003 ad
339 1949 630 2004 Historiam
665 1949 976 2005 Francicam
1010 1949 1300 2018 pertinent.
1333 1947 1449 2001 Non
1480 1946 1622 2001 enim
1655 1945 1827 2000 solam

241 2042 556 2113 Fredegarii
592 2042 877 2113 Epitomcn
897 2083 912 2109 ,
942 2059 1059 2111 qua:
1086 2052 1167 2099 est
1199 2041 1446 2097 HiStoriae
1477 2039 1829 2110 Gregorianae

235 2135 597 2204 breviarium,
627 2136 925 2203 edidimus;
956 2137 1051 2193 sed
1074 2147 1127 2192 et
1152 2138 1324 2206 ipsum
1354 2136 1472 2206 ejus
1498 2135 1825 2191 Chronicum

234 2243 300 2283 ac
330 2229 473 2284 illius
506 2231 906 2285 continuatores
928 2245 1095 2298 usque
1126 2229 1191 2284 ad
1221 2227 1430 2298 Pippini
1458 2229 1597 2300 regis
1626 2228 1827 2283 obitum

242 2331 299 2377 et
334 2322 451 2391 ejus
497 2321 725 2377 ﬁliorum
767 2323 1105 2376 Carlomanni
1150 2330 1204 2376 et
1242 2320 1418 2376 Caroli
1464 2320 1826 2390 inauguratio-

237 2428 366 2469 nem
386 2455 400 2479 ,
431 2414 756 2485 subjungere
785 2413 956 2469 visum
989 2422 1102 2482 est,
1134 2414 1202 2468 de
1236 2412 1428 2481 quibus
1457 2410 1680 2466 inferius
1706 2426 1829 2480 spe-

238 2506 423 2561 ciatim
449 2506 711 2563 dicemus.
736 2508 1095 2578 Appendiccm
1115 2521 1329 2577 quoque
1356 2506 1682 2574 addidimus,
1711 2522 1828 2575 qua:

237 2611 449 2656 vetusta
492 2602 737 2669 quaedam
779 2604 951 2673 gentis
994 2610 1224 2667 nostrae,
1272 2609 1380 2655 tam
1409 2599 1785 2655 ecclesiasticae
1810 2640 1826 2666 ,

238 2705 403 2762 quam
448 2692 625 2746 civilis
675 2691 911 2745 historiae
953 2699 1299 2746 monumenta
1340 2688 1731 2759 complectitur,
1765 2702 1831 2744 ea

230 2781 450 2836 scilicet
478 2795 597 2851 quae
628 2779 917 2851 Gregorius
948 2792 1130 2838 noster
1159 2781 1367 2848 laudat,
1409 2790 1501 2836 aut
1539 2796 1659 2851 quae
1688 2795 1825 2835 con-

229 2877 417 2933 ferunt
464 2877 683 2931 omnino
731 2877 797 2931 ad
851 2878 1164 2933 illustranda
1215 2877 1335 2948 ejus
1380 2885 1473 2932 aut
1519 2876 1829 2947 Fredegarii

233 2971 462 3039 scripta.
496 2970 704 3025 Indices
734 2969 910 3025 varios
940 2972 1130 3025 omitto
1155 2988 1168 3023 :
1200 2985 1318 3039 quae
1347 2970 1528 3024 omnia
1555 2984 1679 3023 cum
1710 2971 1829 3024 uni-

239 3064 436 3131 cuique
479 3062 677 3131 legenti
704 3061 858 3117 obvia
888 3062 1031 3130 sint,
1064 3062 1232 3117 fusius
1275 3062 1547 3131 explicare
1588 3074 1694 3115 non
1740 3060 1827 3114 vi-

234 3155 397 3210 detur
424 3168 547 3209 esse
587 3169 767 3223 operte
808 3155 1059 3223 pretium.
1107 3156 1177 3210 At
1217 3169 1336 3209 cum
1379 3153 1446 3209 ad
1486 3152 1826 3209 asserendam

1934 1962 2002 2002 ne
2030 1947 2098 2003 de
2128 1949 2292 2004 verbo
2323 1949 2391 2003 ad
2421 1951 2644 2005 verbum
2671 1950 2847 2021 ipsum
2887 1966 3009 2005 cum
3051 1950 3210 2006 editis
3252 1952 3513 2022 integrum

1933 2039 2255 2096 conferrem.
2286 2041 2528 2112 Scriptus
2575 2053 2657 2098 est
2725 2043 2915 2099 litteris
2967 2059 3099 2114 quas
3142 2045 3298 2113 vulgo
3338 2045 3514 2100 Mero-

1930 2133 2170 2203 vingicas
2216 2148 2310 2190 seu
2360 2134 2790 2206 Francogallicas
2838 2136 3215 2206 appellamus,
3264 2136 3418 2207 cujus
3465 2137 3512 2193 si

1932 2225 2275 2282 characteres
2299 2269 2313 2294 ,
2353 2237 2409 2281 ut
2438 2228 2612 2297 reipsa
2646 2231 2853 2283 exarati
2879 2240 3032 2295 sunt,
3065 2230 3185 2299 quis
3214 2229 3398 2285 videre
3425 2244 3513 2283 vo.

1933 2318 2125 2385 luerit,
2181 2319 2339 2374 adeat
2391 2320 2589 2375 librum
2640 2322 2706 2375 de
2756 2324 2834 2377 Re
2875 2321 3216 2391 diplomatica
3258 2338 3288 2376 a
3329 2333 3511 2378 nostro

1931 2409 2241 2466 Mabillonio
2263 2411 2463 2467 editum
2482 2453 2497 2479 ,
2526 2413 2705 2484 ibique
2734 2413 2870 2468 libro
2900 2430 2973 2480 1v,
3010 2430 3126 2484 pag.
3159 2413 3261 2467 549
3281 2455 3296 2478 ,
3327 2430 3511 2471 eorum

1931 2504 2199 2570 specimen
2232 2517 2297 2555 ex
2327 2502 2443 2570 ipso
2470 2502 2655 2559 codice
2685 2504 2777 2557 aeri
2812 2504 3036 2559 incisum
3067 2504 3251 2560 videre
3281 2510 3499 2575 poterit.

2004 2594 2147 2650 Duos
2176 2594 2312 2651 alios
2340 2596 2560 2652 codices
2590 2597 2871 2652 habuimus
2906 2613 2937 2653 e
2972 2598 3283 2654 Colbertina
3324 2599 3514 2655 biblio-

1931 2684 2086 2741 theca
2106 2728 2120 2752 ,
2150 2702 2316 2757 quos,
2350 2689 2474 2758 quia
2507 2688 2632 2744 olim
2661 2689 2728 2743 ad
2754 2691 2824 2745 cl.
2856 2690 3137 2746 Tliuanum
3170 2690 3512 2762 pertinuere,

1931 2778 2221 2835 Thuaneos
2267 2780 2534 2837 Chesnius
2584 2791 2637 2835 et
2690 2782 2936 2838 Valesius
2993 2785 3269 2854 appellare
3316 2785 3513 2841 solent.

1930 2871 2114 2927 Maluit
2158 2870 2402 2929 Cointiu‘s
2453 2890 2614 2929 unum
2661 2891 2731 2930 ex
2780 2876 2862 2930 his
2907 2878 3076 2931 sancti
3116 2876 3391 2932 Michaelis
3426 2891 3516 2932 co-

1931 2961 2105 3017 dicem
2139 2965 2352 3031 dicere,
2383 2966 2525 3037 quod
2548 3008 2562 3033 ,
2596 2977 2654 3021 ut
2686 2968 2885 3023 indicat
2912 2969 3217 3038 inscriptio,
3252 2970 3307 3025 in
3337 2971 3513 3040 aliquo

1932 3052 2091 3124 hujus
2117 3057 2351 3111 nominis
2378 3059 2701 3113 monasterio
2729 3061 2959 3131 scriptus
2985 3061 3176 3127 fuerit;
3205 3070 3260 3117 et
3287 3064 3512 3118 alterum

1932 3147 2103 3200 sancti
2132 3146 2337 3201 Amulli
2356 3191 2370 3217 ,
2400 3162 2493 3201 seu
2523 3148 2838 3204 Mettensem
2870 3166 2933 3204 ex
2966 3152 3261 3220 percelebri
3294 3168 3514 3207 monas-

236 3257 485 3302 veterum
542 3256 1014 3302 monumentorum
1072 3247 1443 3301 auctoritatem
1469 3286 1484 3311 ν
1532 3247 1821 3301 emendan-
1850 3242 1897 3306 ρ
1929 3238 2093 3303 terio,
2126 3236 2193 3292 ad
2220 3238 2361 3308 quod
2393 3239 2518 3293 olim
2552 3241 2825 3309 pertinuit.
2857 3242 3009 3296 Prior
3046 3242 3115 3296 ab
3151 3243 3305 3298 annis
3348 3242 3504 3298 circi-

239 3340 447 3409 dosqne
477 3354 663 3394 eorum
706 3353 952 3406 errores,
994 3339 1283 3408 plur-imum
1321 3338 1562 3393 conferat
1601 3338 1826 3407 qualitas

231 3432 512 3497 codicum,
543 3448 608 3487 ex
645 3433 838 3502 quibus
882 3432 965 3487 vel
1002 3442 1152 3487 eruta
1183 3439 1339 3496 sunt,
1383 3431 1467 3487 vel
1507 3430 1785 3486 emendata
1808 3474 1823 3500 ,

234 3539 511 3592 exponere
542 3524 693 3593 juvat
721 3523 1029 3593 singillatim
1061 3539 1342 3578 numerum
1376 3537 1438 3577 ac
1467 3522 1825 3577 conditionem

234 3631 424 3671 eorum
450 3660 464 3683 ,
495 3618 690 3686 quibus
731 3619 785 3673 in
816 3616 1128 3672 adornanda
1165 3617 1266 3672 hac
1313 3616 1556 3687 Gregorii
1593 3618 1828 3673 editione

236 3710 320 3763 usi
355 3709 567 3764 luimus.

313 3820 439 3876 1‘22.
483 3821 550 3874 Et
579 3820 748 3891 primo
777 3820 992 3889 quidem
1024 3821 1274 3877 Historiae
1301 3820 1469 3876 libros
1500 3822 1822 3877 contulimus

235 3914 306 3970 ad
340 3914 555 3969 codices
583 3914 718 3969 duos
745 3914 1068 3969 veneranda!
1090 3914 1445 3982 antiquitatis,
1474 3929 1607 3983 quos
1636 3928 1829 3980 nempe

234 4006 382 4061 haud
431 4006 599 4061 multo
649 4018 771 4076 post
819 4007 1062 4077 Gregorii
1114 4009 1282 4061 nostri
1329 4014 1538 4061 tetatem
1584 4016 1831 4061 exaratos

234 4096 405 4152 fuisse
447 4098 792 4152 consentiunt
821 4100 954 4165 Viri,
1004 4106 1267 4167 quotquot
1310 4113 1404 4153 eos
1448 4099 1828 4165 insiiexerunt,

235 4191 457 4246 eruditi.
491 4191 879 4247 Pcrtinuerunt
914 4192 1043 4245 olim
1098 4192 1165 4246 ad
1218 4191 1505 4245 Antonium
1557 4192 1831 4261 Oyselium

236 4282 584 4338 Bellovacnm
607 4326 621 4348 ,
660 4286 827 4338 virum
857 4283 924 4339 de
951 4299 1011 4337 re
1036 4283 1292 4338 litteraria
1322 4284 1734 4349 benemeritum,
1766 4301 1830 4339 cx

238 4389 353 4445 quo
384 4375 447 4428 ad
484 4374 545 4428 V.
580 4373 659 4428 Cl.
695 4374 974 4428 Claudium
1004 4373 1202 4429 Jolium
1231 4384 1505 4429 cantorem
1533 4384 1588 4430 et
1615 4378 1834 4430 canoni-

238 4481 364 4520 cum
416 4466 668 4521 Ecclesiae
720 4466 1069 4532 Parisiensis,
1118 4467 1235 4535 ejus
1279 4483 1343 4521 cx
1398 4468 1502 4521 ﬁlia
1545 4478 1829 4537 nepotem,

246 4568 653 4629 pervenerunt,
676 4560 829 4627 cujus
855 4559 1177 4614 venerabilis
1205 4568 1257 4614 et
1285 4560 1665 4628 sapientissimi
1689 4561 1833 4615 senis

239 4650 539 4717 beneﬁcio,
589 4651 710 4705 illos
750 4652 1150 4705 vetustissimos
1199 4652 1412 4706 codices
1460 4653 1741 4706 commode
1779 4661 1831 4707 et

235 4759 363 4798 cum
398 4744 506 4799 otio
539 4743 859 4813 inspiciendi
884 4759 945 4798 ac
971 4744 1317 4808 revolvendi,
1344 4745 1584 4815 adeoque
1611 4744 1829 4799 domum

233 4838 584 4905 aSportandi,
634 4836 868 4905 quandiu
913 4834 1105 4900 libuit,
1156 4835 1473 4890 facultatem
1525 4837 1828 4893 habuimus.

237 4925 401 4981 Prior
432 4940 621 4980 eorum
655 4926 745 4994 qui
769 4966 783 4990 ,
812 4935 870 4979 ut
901 4927 1236 4995 accepimus,
1285 4936 1337 4981 et
1377 4927 1577 4982 indicat
1613 4943 1718 4982 non
1748 4943 1833 4984 se-

233 5017 347 5072 mel
376 5017 442 5071 ad
475 5032 625 5071 oram
657 5017 781 5071 libri
809 5019 1055 5087 apposita
1092 5018 1207 5072 haec
1237 5017 1515 5088 inscriptio
1537 5059 1551 5087 ,
1585 5019 1832 5074 Ecclesia:

234 5109 411 5164 sancti
443 5106 590 5162 Petri
618 5107 1016 5175 Bellovacensis,
1040 5110 1165 5164 olim
1196 5112 1248 5165 in
1280 5112 1499 5181 majoris
1532 5114 1834 5169 Bellovaco-

238 5218 363 5258 rum
406 5202 654 5256 ecclesia:
686 5201 1008 5255 bibliotheca
1040 5203 1443 5271 asservabatur,
1480 5205 1530 5259 in
1563 5207 1847 5259 membrai

244 5295 333 5349 nis
360 5294 764 5364 elegantissime
796 5295 1027 5363 scriptus
1058 5304 1143 5348 est
1172 5295 1367 5349 litteris
1406 5295 1695 5365 grandibus
1724 5297 1833 5351 Bo-

243 5390 453 5454 manis,
490 5403 628 5457 quas
659 5388 819 5457 vulgo
850 5388 1089 5443 unciales
1130 5388 1245 5442 sive
1283 5387 1606 5457 majnsculas
1648 5391 1833 5459 appel-

244 5485 405 5547 lant;
437 5492 492 5538 at
519 5484 592 5539 ita
627 5482 832 5552 imbre,
868 5483 970 5537 situ
999 5492 1091 5536 aut
1135 5496 1353 5537 mucore
1388 5492 1701 5552 corruptus,
1746 5490 1837 5537 aut

238 5588 516 5634 vctuState
540 5592 736 5633 exesus
764 5585 876 5639 est,
908 5584 969 5630 ut
999 5573 1181 5629 multis
1225 5574 1276 5627 in
1323 5574 1454 5628 locis
1494 5572 1836 5641 imperfectus

238 5673 336 5728 sit.
370 5672 528 5726 Initio
566 5681 620 5727 ct
663 5671 768 5725 ﬁne
805 5678 954 5724 caret
996 5669 1064 5725 ob
1110 5669 1293 5722 avulsa
1336 5683 1366 5723 e
1409 5668 1594 5724 codice
1635 5669 1837 5739 aliquot

238 5763 392 5820 folia.
428 5762 620 5833 Incipit
653 5778 684 5815 a
717 5759 893 5816 media
918 5768 1072 5829 parte
1114 5759 1302 5829 capitis
1341 5757 1376 5811 2
1416 5759 1537 5816 libri
1579 5774 1652 5827 ιι,
1695 5762 1838 5815 desi-

243 5859 437 5917 uituue
469 5859 521 5914 in
554 5857 676 5913 libri
720 5870 751 5913 v
798 5853 976 5926 capite
1034 5850 1132 5919 15,
1162 5852 1306 5933 quod
1344 5853 1677 5931 vulgatarum
1708 5852 1835 5931 redi;

1931 3336 2013 3384 ter
2042 3329 2147 3384 700
2190 3329 2423 3398 scriptus
2464 3332 2695 3396 videtur,
2737 3333 2903 3387 veteri
2948 3335 3260 3391 charactere
3301 3349 3363 3390 ac
3402 3337 3516 3391 sine

1931 3418 2034 3473 ulla
2065 3420 2298 3487 capitum
2331 3420 2677 3477 distinctione
2701 3464 2715 3488 ,
2748 3438 3050 3493 quanquam
3080 3440 3267 3482 eorum
3301 3427 3509 3483 indicu-

1930 3511 2013 3567 lus
2045 3512 2271 3584 singulis
2300 3516 2659 3583 praeminatur
2694 3517 2886 3584 libris;
2920 3528 2974 3573 at
3003 3518 3257 3576 detractis
3292 3537 3361 3578 ex
3397 3523 3517 3594 ipso

1930 3607 2118 3662 codice
2144 3608 2329 3663 decem
2366 3610 2632 3677 prioribus
2659 3615 3135 3681 quaternionibus,
3184 3631 3293 3671 non
3334 3619 3436 3671 nisi
3482 3632 3513 3673 a

1934 3700 2110 3753 media
2138 3701 2330 3771 capitis
2360 3704 2423 3756 17
2454 3712 2604 3771 parte
2633 3703 2753 3759 libri
2781 3706 2916 3761 sexti
2943 3706 3149 3761 initium
3176 3707 3340 3763 ducit.
3366 3707 3516 3763 Alter

1932 3793 2085 3847 annis
2116 3793 2327 3849 circiter
2352 3805 2564 3850 centum
2596 3800 2882 3867 posterior,
2917 3800 3070 3855 initio
3113 3816 3324 3869 quoque
3366 3809 3518 3855 caret

1933 3898 1997 3938 ex
2044 3885 2178 3939 vitio
2225 3886 2464 3951 codicis,
2515 3887 2603 3956 qui
2652 3889 3002 3957 imperfectus
3041 3900 3163 3956 est;
3194 3891 3390 3959 quippe
3427 3890 3519 3959 qui

1933 3978 2106 4047 capite
2136 3981 2168 4033 '7
2200 3981 2324 4034 libri
2355 3996 2389 4034 ll
2427 3982 2634 4049 incipit.
2670 3982 2735 4034 At
2768 3982 2915 4050 plura
2959 3981 3241 4051 scriptoris
3281 3982 3398 4037 sive
3439 3981 3520 4037 in.

1933 4072 2112 4141 curia,
2143 4075 2257 4129 sive
2284 4076 2513 4130 consilio
2535 4118 2548 4139 ,
2576 4076 2775 4145 passim
2806 4076 2999 4131 desunt
3024 4077 3195 4146 capita
3222 4094 3235 4142 ;
3267 4077 3521 4135 nonnulla

1940 4180 2073 4221 vero
2118 4167 2383 4221 habentur
2413 4169 2577 4223 altera
2613 4184 2770 4223 manu
2803 4168 2981 4223 addita
3004 4211 3017 4233 ,
3051 4171 3214 4224 immo
3241 4178 3296 4225 et
3323 4169 3519 4239 passim

1935 4260 2313 4317 interlineares
2362 4262 2623 4317 lectiones
2654 4266 2816 4318 variae
2856 4273 3177 4329 occurrunt,
3227 4278 3319 4319 seu
3358 4264 3519 4319 etiam

1932 4369 2122 4410 vocum
2176 4356 2546 4424 expositiones
2598 4373 2715 4426 quae
2765 4366 2856 4411 aut
2904 4374 2968 4412 ex
3014 4359 3119 4411 alio
3158 4358 3383 4424 codice,
3429 4366 3521 4412 aut

1936 4458 2085 4504 certe
2112 4451 2178 4504 ab
2208 4450 2324 4519 ipso
2353 4452 2693 4520 exscriptore
2741 4451 3102 4520 superadditm
3143 4449 3377 4505 fuerunt.
3420 4450 3522 4503 De-

1938 4542 2098 4611 nique
2126 4542 2317 4596 librum
2347 4559 2545 4597 nonum
2576 4553 2630 4597 et
2657 4543 2924 4597 decimum
2949 4584 2962 4607 ,
2998 4558 3090 4597 seu
3122 4545 3297 4613 p0tius
3326 4543 3521 4598 utrius-

1860 4622 1915 4683 D
1940 4648 2043 4701 que
2081 4630 2280 4702 aliquo!
2328 4634 2558 4703 capitula
2583 4675 2598 4701 ,
2647 4634 2700 4689 in
2745 4651 2908 4689 unum
2949 4634 3143 4690 librum
3184 4637 3522 4691 consarcinat

1938 4727 2039 4780 sub
2071 4728 2195 4781 noni
2229 4726 2351 4799 libri
2383 4727 2537 4781 titulo
2563 4768 2574 4789 ,
2606 4736 2662 4783 et
2690 4724 3000 4799 Fredegarii
3035 4727 3361 4783 Chronicum
3393 4727 3522 4783 Gre-

1938 4819 2073 4886 gorii
2104 4796 2311 4873 librurﬂ
2327 4819 2597 4875 decimum
2627 4796 2927 4891 nuncupat,
2955 4828 3011 4875 ut
3033 4820 3141 4891 jam
3170 4835 3328 4892 supra
3359 4836 3389 4874 a
3418 4834 3521 4875 no-
3546 4872 3552 4890 ,

1940 4910 2021 4965 bis
2051 4911 2391 4966 observatum
2423 4922 2526 4967 est.

2012 5025 2054 5079 E
2084 5024 2248 5089 Regia
2287 5024 2610 5080 bibliotheca
2643 5024 2855 5080 unicum
2888 5026 3234 5097 Gregorianae
3266 5022 3516 5078 Historia:

1944 5115 2184 5169 codiceni
2216 5115 2499 5170 habuimus
2518 5157 2531 5179 ,
2564 5116 2630 5171 ab
2659 5118 2815 5171 annis
2844 5116 3057 5171 circiter
3086 5114 3190 5170 500
3216 5112 3477 5180 scriptum
3502 5154 3518 5179 ,

1943 5211 2030 5277 qui
2060 5207 2217 5273 olim,
2248 5208 2321 5261 uti
2355 5205 2677 5272 inscribitur,
2705 5208 2801 5263 fuit
2828 5219 3016 5263 sancite
3043 5205 3226 5259 Maria:
3246 5204 3300 5257 in
3326 5203 3523 5257 Uttem-

1943 5301 2070 5371 burg
2103 5299 2329 5354 dimcesis
2364 5297 2704 5370 Moguntina.
2736 5300 3004 5368 Nusquam
3051 5294 3293 5363 Gregorii
3321 5308 3520 5350 nomen

1942 5391 2200 5447 exhibet:
2232 5390 2391 5445 habet
2424 5401 2600 5446 tamen
2632 5390 2748 5461 ejus
2780 5388 3150 5458 prtefationem
3172 5428 3187 5454 ,
3217 5386 3310 5441 sed
3353 5385 3520 5440 multa

1945 5486 2138 5556 passim
2166 5486 2363 5540 omittit
2388 5486 2592 5554 capita:
2620 5482 2759 5551 quod
2785 5480 2906 5535 data
2938 5494 3100 5549 opera
3130 5479 3326 5535 factum
3357 5477 3523 5532 fuisse

1930 5577 2170 5653 probent
2200 5576 2401 5632 indices
2432 5576 2582 5629 libris
2613 5572 2839 5641 singulis
2872 5570 3099 5641 praeﬁxi.
3133 5571 3296 5626 Index
3326 5581 3521 5637 nempe

1940 5668 2097 5739 primi
2126 5667 2248 5721 libri
2270 5668 2457 5734 viginti
2488 5662 2826 5719 solummodo
2852 5672 2904 5718 et
2932 5678 3028 5719 sex
3058 5662 3231 5734 capita
3260 5659 3517 5717 exhibet:

1939 5768 1997 5816 et
2025 5769 2204 5815 tamen
2236 5758 2404 5812 multo
2434 5758 2584 5827 plura
2621 5757 2672 5811 in
2706 5756 2822 5828 ipso
2867 5756 3004 5813 libro
3043 5755 3345 5819 habentur;
3392 5750 3519 5806 ulti-

1937 5855 2083 5910 mum
2115 5863 2308 5922 nempe
2331 5859 2412 5909 est
2436 5849 2902 5922 quadragesimum
2919 5889 2936 5915 .
2961 5848 3105 5913 quod
3130 5848 3395 5906 editorum
3423 5842 3519 5899 tri-
