4086 6328
547 269 618 352 99
2013 263 2403 330 ramento.

3727 264 3831 324 too

549 399 762 466 gesturo
788 392 982 441 octavo
1010 383 1318 458 respondet.
1351 383 1515 439 Index
1549 382 1673 438 libri
1701 398 1738 438 ιι
1767 393 2016 438 recenset
2047 398 2139 436 ca-
2167 388 2222 468 Α
2246 386 2334 455 qui
2369 383 2782 442 eminentissimi
2812 383 3099 440 cardinalis
3131 383 3184 437 in
3217 397 3328 438 rem
3365 381 3677 456 litterariam
3718 393 3837 460 stu.

550 471 659 553 pitu
689 463 794 535 ’δάε
828 481 878 534 in
911 479 1049 552 libro
1079 463 1207 534 vero
1237 479 1354 546 ipso
1394 490 1743 534 numerantur
1786 478 1889 543 56,
1942 487 2134 540 praeter

548 573 655 628 alia
689 571 885 642 quibus
927 572 1103 626 nullus
1148 572 1438 642 prarﬁgitur
1478 571 1682 627 titulus.
1726 572 1888 626 Index
1933 572 2050 625 libri
2084 587 2134 624 tv

548 667 714 720 habet
735 664 909 734 capita
953 663 1055 733 55,
1104 679 1224 718 cum
1267 680 1452 718 eorum
1495 664 1831 729 summariis,
1868 674 1920 719 et
1959 673 2135 720 tamen

546 756 665 827 ipse
697 756 833 812 liber
860 755 1062 810 desinit
1093 756 1144 809 in
1174 755 1350 830 media
1399 766 1551 823 parte
1592 756 1782 825 capitis
1826 756 1884 808 ll
1913 796 1927 820 ,
1968 755 2137 810 edito-

547 862 668 902 rum
699 847 788 904 16.
821 847 929 902 Nec
956 833 1128 902 codex
1157 858 1236 903 est
1272 847 1490 902 mutilus
1521 856 1610 901 ant
1638 847 1981 918 imperfectus
2002 893 2014 916 ,
2043 847 2138 904 sed

552 941 804 1008 proxime
836 949 953 1009 post
982 939 1298 1009 Gregorium
1331 940 1578 1008 sequitur
1605 940 1932 994 Chronicum
1979 942 2136 1011 Regi-

553 1033 712 1087 nonis
737 1031 923 1086 eadem
956 1047 1114 1086 manu
1144 1042 1446 1086 exaratum.
1498 1032 1558 1086 lli
1602 1042 1781 1087 autem
1822 1043 1944 1088 sunt
1982 1037 2138 1104 quin-

551 1139 658 1192 que
697 1124 919 1178 codices
965 1138 1100 1193 quos
1130 1124 1403 1176 consuluit
1448 1122 1731 1178 (ioin'tius:
1774 1125 1916 1178 unde
1949 1125 2140 1179 merito

550 1216 904 1286 conqueritur
950 1217 1035 1270 vir
1066 1216 1344 1281 eruditus,
1393 1233 1497 1270 non
1542 1218 1642 1270 nisi
1686 1217 1898 1272 codices
1942 1217 2141 1287 imper-

547 1309 720 1364 lectos
752 1310 1100 1382 Gregorianze
1135 1311 1380 1364 Historiae
1410 1325 1438 1364 a
1469 1326 1527 1366 se
1558 1313 1701 1367 visos
1732 1314 1914 1368 fuisse.

620 1403 744 1458 1‘25.
777 1404 976 1458 Sextus
1012 1404 1196 1474 itaque
1226 1405 1392 1458 codex
1425 1405 1489 1458 ad
1521 1421 1677 1475 quem
1705 1405 1951 1472 Gregorii
1977 1420 2140 1475 opera

544 1497 909 1561 contulimus,
947 1507 1029 1552 est
1061 1499 1375 1553 monasterii
1406 1498 1688 1554 Becccnsis
1712 1499 1762 1552 in
1790 1499 2137 1561 Norn'iannia,

548 1587 618 1642 ah
646 1587 803 1641 annis
834 1589 942 1642 lere
972 1588 1077 1642 700
1118 1602 1387 1644 exaratus.
1439 1590 1578 1644 Nihil
1615 1596 1668 1645 in
1701 1607 1766 1646 co
1795 1593 2008 1661 penitus
2047 1592 2142 1647 de-

544 1679 815 1734 sideratur
871 1691 1063 1750 prmter
1133 1686 1358 1753 primam
1421 1681 1661 1753 Gregorii
1721 1683 2140 1753 praelationem;

2243 477 2331 552 dio
2362 480 2502 533 ultro
2531 478 2925 545 obsecundans,
2976 477 3172 552 nullam
3221 475 3555 528 occasioneu
3606 486 3837 542 prmter-

2241 573 2404 626 mittit
2433 571 2653 639 nostris,
2688 582 3100 646 nostrorumque
3130 568 3321 623 studiis
3371 568 3647 638 suppetias
3699 569 3834 621 aﬂ'e-

2242 663 2416 717 rendi.
2482 662 2738 718 L'ltitnum
2795 662 3024 734 denique
3073 677 3137 716 ex
3193 649 3514 732 bibliotheca
3577 657 3834 712 Vaticana

2241 755 2484 811 Palatina
2508 757 2869 811 commodavit
2901 756 3295 810 illustrissimus
3322 755 3382 806 υ.
3409 751 3733 806 Laurentius
3765 753 3834 806 de

2246 848 2540 920 laci-agnis
2586 850 2791 919 primus
2828 849 3092 904 Vaticana:
3132 847 3470 902 bibliotheca:
3501 846 3791 918 praefectus
3819 888 3835 913 ,

2250 941 2321 994 ob
2351 941 2492 996 edita
2523 956 2683 1012 opera
2718 942 2848 1010 viris
2879 941 3126 996 omnibus
3157 940 3407 995 litteratis
3455 950 3611 994 notus
3633 980 3648 1005 ,
3683 941 3841 994 nobis

2243 1048 2376 1086 vero
2404 1044 2658 1101 prtetcrea
2689 1034 2757 1088 ob
2787 1033 3063 1089 liberalem
3098 1034 3148 1087 in
3180 1031 3356 1086 studia
3381 1038 3562 1084 nostra
3591 1031 3834 1085 animum

2245 1124 2528 1193 plurimum
2574 1124 3048 1179 commendandus.
3104 1125 3158 1178 In
3212 1123 3315 1179 hoc
3364 1132 3541 1176 autem
3596 1124 3836 1189 codice,

2245 1214 2374 1269 olim
2405 1217 2715 1274 monasterii
2747 1219 2914 1272 sancti
2967 1201 3176 1271 Nazarii
3211 1215 3714 1281 Laureshatnensis,
3750 1215 3839 1288 qui

2250 1305 2317 1360 ab
2347 1309 2503 1360 annis
2533 1307 2749 1363 circiter
2781 1311 2884 1363 800
2911 1311 3141 1382 scriptus
3168 1308 3380 1364 videtur
3400 1348 3414 1366 .
3449 1308 3610 1378 multa
3645 1308 3843 1365 desunt

2248 1402 2448 1468 passim
2482 1403 2737 1472 capitula,
2773 1404 2821 1458 id
2852 1415 2932 1458 est
2961 1385 3032 1460 ea
3052 1405 3270 1462 omnino
3298 1410 3508 1476 eadem,
3538 1427 3655 1482 qua:
3677 1426 3845 1480 Supra

2247 1493 2299 1548 in
2328 1494 2586 1550 'l‘huaneo
2617 1511 2710 1551 seu
2741 1496 3050 1552 Colbertino
3079 1499 3374 1557 desiderari
3404 1505 3838 1564 observavimus.

2246 1588 2322 1643 lbi
2356 1597 2410 1643 et
2441 1590 2574 1642 liher
2605 1605 2777 1644 nonus
2805 1607 2925 1645 cum
2960 1591 3173 1648 decimo
3204 1596 3570 1668 confunditur,
3607 1577 3676 1653 let
3710 1599 3841 1655 Fre~

2249 1677 2448 1752 tlegarii
2482 1679 2808 1734 Chronicum
2859 1682 2959 1736 sub
3008 1684 3160 1738 titulo
3194 1686 3311 1740 libri
3346 1689 3540 1744 decimi
3595 1690 3846 1746 Historiae

555 1774 825 1842 Scriptura
860 1775 1013 1842 plana
1045 1785 1127 1828 est
1169 1783 1223 1829 et
1257 1775 1476 1843 aequalis
1520 1783 1678 1841 atque
1715 1775 1931 1842 optimm
1973 1784 2134 1829 notze.
2166 1778 2216 1848 Β
2248 1771 2588 1840 Gregorianze
2621 1783 3059 1840 repraesentatur.
3113 1775 3252 1831 Nihil
3295 1793 3422 1834 vero
3451 1796 3512 1836 ea
3564 1782 3631 1838 de
3688 1798 3746 1837 re
3794 1785 3844 1836 in

545 1868 847 1936 Septimum
881 1869 1170 1924 habuimus
1201 1885 1264 1923 ex
1300 1873 1630 1925 monasterio
1662 1869 1809 1938 Regii
1850 1872 2048 1924 montis
2089 1872 2139 1924 in

545 1963 766 2018 dioecesi
802 1962 1167 2016 Bellovacensi
1200 1962 1418 2015 Ordinis
1454 1963 1860 2025 (listerciensis,
1897 1963 1983 2031 qui
2015 1977 2134 2042 orn-

548 2069 648 2108 ncs
693 2055 914 2107 omnino
956 2052 1200 2123 Gregorii
1245 2055 1491 2108 Historia:
1535 2053 1701 2109 libros
1741 2054 2138 2123 Complectitur,

547 2154 744 2215 pneter
789 2145 993 2214 aliquot
1042 2145 1214 2199 ultimi
1262 2145 1382 2199 libri
1431 2155 1676 2200 extrema
1726 2149 1937 2214 capita,
1982 2163 2139 2216 qure,

546 2241 751 2294 avulsis
804 2240 1008 2307 aliquot
1064 2255 1096 2293 e
1150 2239 1335 2294 codice
1398 2238 1572 2305 loliis,
1631 2240 1842 2294 desunt.
1903 2240 2142 2294 Vidimus

549 2344 796 2388 octavum
846 2331 1086 2386 codicem
1123 2333 1171 2384 in
1205 2330 1528 2386 bibliotheca
1564 2331 1945 2387 Vindocinensi
1987 2332 2143 2386 char-

550 2435 792 2489 tacenm,
823 2434 875 2476 et
916 2425 1131 2478 caeteris
1173 2426 1559 2488 recentiorem,
1596 2434 1652 2478 ut
1699 2435 1821 2494 pote
1851 2426 1941 2495 qui
1972 2440 2143 2479 annos

547 2517 655 2573 200
713 2532 973 2594 superare
1029 2532 1133 2572 non
1196 2519 1454 2575 videtur:
1508 2521 1750 2574 continet
1802 2521 2144 2576 solummodo

550 2613 786 2680 quinque
827 2610 1038 2682 priores
1083 2609 1282 2675 libros,
1327 2611 1419 2666 sed
1467 2613 1690 2666 omnino
1739 2612 2010 2684 integros,
2052 2628 2142 2668 ex-

554 2713 706 2773 cepta
758 2705 1004 2773 Gregorii
1054 2705 1219 2773 prima
1269 2706 1603 2775 pricl'ationc.
1649 2707 1808 2762 Libro
1851 2722 1883 2760 v
1925 2705 2148 2777 subjun-

551 2805 748 2864 guntur
775 2799 1006 2864 capitula
1039 2795 1155 2850 libri
1209 2811 1282 2850 vr.
1326 2797 1392 2850 At
1421 2798 1618 2852 librum
1651 2798 1822 2864 ipsum
1855 2813 1915 2854 se
1943 2798 2147 2855 habere

564 2898 670 2938 n0n
706 2887 944 2951 potuisse
978 2887 1325 2956 conqueritur
1359 2888 1609 2957 scriptor,
1647 2898 1984 2961 testaturque
2017 2907 2146 2962 Opus

552 2991 672 3031 esse
703 2978 1094 3050 dignissimum,
1125 2997 1218 3051 pro
1250 2982 1515 3037 scribentis
1544 2983 1700 3038 simul
1731 2993 1777 3039 et
1807 2986 2034 3040 materia:
2061 2986 2146 3039 di-

553 3071 765 3141 gnitate.

2246 1864 2484 1931 priorum
2530 1863 2786 1917 librorum
2835 1866 2976 1920 notis
3023 1871 3406 1940 marginalibus
3464 1873 3530 1926 ad
3593 1873 3844 1944 Gregorii

2245 1963 2449 2009 textum
2499 1956 2920 2025 observavimus,
2955 1961 3096 2029 quod
3152 1961 3316 2033 hujus
3347 1965 3546 2020 codicis
3599 1971 3846 2024 notitiam

2249 2049 2485 2103 nondum
2521 2061 2645 2105 tunc
2695 2052 2862 2105 Roma
2893 2068 3290 2122 acceperamus.
3329 2057 3533 2134 Similis
3569 2059 3692 2114 huic
3723 2077 3838 2118 esse

2249 2144 2466 2198 videtur
2497 2144 2667 2198 codex
2702 2147 3014 2201 monasterii
3047 2149 3213 2202 sancti
3246 2150 3515 2206 Trudonis
3549 2155 3601 2226 in
3637 2153 3814 2208 llasha

2247 2239 2354 2303 nia,
2393 2239 2444 2291 in
2478 2254 2603 2307 quo,
2636 2241 2707 2293 uti
2740 2239 2992 2294 obsrrvat
3020 2241 3344 2297 Godeﬁ-idus
3375 2244 3754 2302 llenschenius
3784 2247 3841 2304 in

2248 2319 2541 2400 praemissis
2567 2329 2634 2383 ad
2669 2329 2842 2384 Vitam
2875 2331 3043 2386 sancti
3083 2333 3357 2404 Sigiherti,
3393 2334 3553 2404 multa
3609 2330 3842 2406 capitula

2248 2424 2463 2478 desunt.
2498 2423 2766 2478 Caeterum
2829 2423 3007 2493 plures
3059 2426 3195 2504 alios
3244 2425 3454 2482 codices
3484 2427 3717 2483 vidimus
3741 2471 3757 2496 ,
3793 2437 3848 2484 et

2248 2515 2461 2591 quidem
2494 2516 2920 2585 antiquissimos,
2953 2518 3042 2585 qui
3106 2520 3359 2571 mmnulla
3391 2504 3632 2591 Gregorii
3666 2521 3846 2577 Histo-

2251 2606 2344 2658 riae
2377 2585 2672 2674 fragmenta
2703 2607 2803 2660 suh
2835 2606 2998 2660 variis
3037 2607 3200 2661 titulis
3242 2612 3679 2678 complectuntur
3709 2630 3720 2664 :
3745 2612 3847 2667 sed

2251 2712 2346 2752 eos
2375 2712 2472 2751 suo
2505 2699 2642 2764 loco,
2681 2698 2722 2752 si
2758 2698 2892 2753 forte
2915 2699 3116 2768 aliquid
3140 2701 3518 2776 observatione
3541 2705 3760 2776 dignum
3791 2709 3844 2759 in

2252 2788 2328 2843 eis
2361 2788 2679 2855 occurrerit,
2713 2801 2804 2844 aut
2833 2791 2886 2846 in
2942 2791 3118 2846 indice
3153 2777 3283 2852 mss.
3327 2769 3572 2851 cddicum
3621 2798 3849 2854 inferius

2251 2879 2474 2936 laudare
2504 2881 2752 2937 sufﬁciat.
3564 2868 3570 2874 ’

2327 2972 2450 3028 125.
2518 2972 2596 3029 Ea
2663 2990 2826 3046 porro
2895 2976 3192 3048 fragmenta
3259 2995 3378 3036 esse
3451 2986 3846 3039 contemnenda

2255 3083 2416 3122 nemo
2442 3067 2660 3135 dixerit,
2706 3084 2826 3122 cum
2876 3071 3181 3126 montrario
3237 3077 3459 3128 multum
3511 3078 3726 3132 valeant
3775 3080 3848 3132 ad

627 3164 752 3219 1⁸24,
796 3164 904 3220 Nec
936 3167 1062 3221 satis
1111 3165 1217 3224 fuit
1245 3168 1551 3226 Gallicanos
1595 3169 1810 3226 cndices
1853 3171 2140 3237 evolvere;
2171 3168 2218 3230 ο
2251 3163 2677 3217 conﬁrmandum
2729 3178 3038 3234 germanum
3097 3165 3339 3238 Gregorii
3410 3181 3633 3227 textum.
3701 3171 3839 3227 Cum

556 3256 733 3310 visum
759 3267 842 3312 est
870 3260 1029 3312 etiam
1059 3261 1343 3317 consulere
1376 3262 1608 3315 Italicos.
1637 3263 1752 3329 Qua
1785 3264 1834 3317 in
1865 3277 1925 3317 re
1952 3277 2146 3332 suppe-

559 3349 664 3403 tias
695 3349 849 3403 nobis
880 3351 1062 3404 attulit
1103 3351 1169 3406 Β.
1204 3353 1264 3406 Ρ.
1318 3353 1382 3408 Ι).
1414 3353 1670 3408 Claudius
1716 3355 2096 3424 eteplianotius
2123 3393 2140 3419 ,

562 3440 1001 3526 Congregationis
1045 3455 1240 3500 nostra:
1291 3447 1344 3500 in
1387 3449 1532 3502 curia
1569 3447 1803 3502 Romana
1837 3459 2147 3518 procurator

558 3519 978 3606 generalis,'qni
1024 3539 1196 3593 varias
1227 3539 1506 3604 lectiones,
1537 3541 1747 3607 aliaque
1792 3539 1863 3595 ad
1904 3555 2019 3598 rem
2051 3555 2147 3596 no-

557 3638 723 3708 stram
756 3628 1134 3698 conducentia,
1165 3646 1261 3701 pro
1290 3647 1390 3687 suo
1416 3648 1566 3688 more
1597 3633 1894 3696 liberaliter
1920 3650 1986 3688 ex
2018 3635 2148 3690 urbe

562 3705 734 3798 Itonia
761 3713 1087 3797 transmisit.
1122 3725 1332 3780 Primus
1359 3741 1426 3794 ex
1456 3728 1728 3796 codicibus
1759 3728 1975 3794 Italicis,
1997 3731 2148 3798 cujus

557 3820 800 3884 notitiam
835 3828 887 3874 et
941 3819 1203 3874 lectiones
1233 3822 1410 3878 varias
1440 3823 1746 3890 accepimus
1770 3862 1785 3888 ,
1818 3823 1863 3877 is
1919 3823 2033 3892 ipse
2064 3834 2147 3878 est

557 3895 892 3977 Casiniensis,
925 3929 1083 3984 quem
1119 3913 1172 3969 in
1203 3911 1368 3970 Sacro
1417 3913 1596 3970 Monte
1625 3929 1652 3969 a
1685 3929 1743 3968 se
1790 3923 1846 3969 et
1874 3929 1971 3968 suo
2001 3916 2148 3968 socio

561 4006 823 4060 Michaele
854 4022 1111 4076 germano
1163 4008 1333 4064 visum
1367 4007 1546 4064 laudat
1596 4017 1779 4066 noster
1811 4009 2150 4066 Mabillonius

559 4097 776 4152 Itineris
812 4099 978 4152 Italici
1014 4115 1128 4168 pag.
1168 4101 1268 4152 1273
1294 4143 1308 4166 ,
1345 4099 1579 4173 Gregorii
1630 4102 1942 4157 Turonensis
1977 4103 2149 4158 Histo-

563 4191 718 4255 riam,
751 4208 863 4259 (μιαν
893 4193 944 4242 in
979 4191 1238 4244 nonnullis
1268 4195 1329 4244 ab
1359 4193 1506 4247 editis
1536 4193 1726 4259 (li/fert.
1761 4196 1863 4248 Has
1893 4196 2151 4253 differen-

567 4284 667 4336 tias
699 4298 819 4336 cum
869 4290 1100 4353 quatuor
1137 4285 1405 4354 capitibus
1432 4325 1446 4350 ,
1480 4302 1596 4354 qua:
1641 4297 1797 4341 antea
1846 4289 1962 4342 solo
1997 4290 2152 4344 titulo

559 4385 685 4430 nota
715 4383 889 4443 erant,
923 4377 1035 4430 suis
1065 4377 1196 4432 locis
1226 4376 1438 4432 damus.
1473 4377 1609 4433 Huic
1652 4380 1881 4435 adtlemli
1927 4383 2032 4436 duo
2063 4399 2154 4438 co-

561 4469 704 4535 dices
737 4484 800 4524 ex
836 4470 1008 4525 Gallia
1041 4473 1091 4524 in
1127 4471 1334 4525 Italiam
1369 4487 1397 4526 a
1421 4471 1693 4528 Christina
1734 4475 1942 4529 Sueciac
1972 4479 2150 4546 regina

2201 3257 2214 3264 ’
2253 3255 2401 3309 enim
2430 3266 2680 3324 excerpta
2712 3257 2816 3310 sint
2851 3267 2908 3311 ut
2946 3259 3000 3313 in
3030 3259 3220 3314 ofﬁciis
3255 3262 3478 3332 publicis
3508 3264 3841 3336 legerentur,

2253 3356 2330 3401 tot
2358 3358 2482 3402 sunt
2513 3364 2688 3402 rerum
2721 3350 2959 3404 veritatis
2988 3368 3107 3421 qua:
3137 3351 3190 3407 in
3224 3355 3300 3407 eis
3333 3366 3617 3411 narrantur
3650 3367 3846 3425 testes,

2252 3447 2383 3508 quot
2416 3439 2629 3493 luerunt
2661 3438 2916 3495 Ecclesia:
2971 3459 3088 3514 qua:
3117 3459 3178 3498 ea
3229 3443 3278 3498 in
3313 3447 3630 3517 lectionibus
3677 3449 3850 3504 cilicii

2252 3531 2417 3586 divini
2449 3532 2796 3602 adoptarunt.
2833 3533 2966 3587 Hinc
2998 3550 3118 3589 cum
3174 3551 3225 3590 in
3257 3537 3529 3607 plerisque
3576 3539 3849 3608 ejusmodi

2251 3624 2565 3694 fragmentis
2587 3625 2770 3680 Sermo
2789 3627 2850 3680 de
2875 3630 3093 3682 transitu
3113 3632 3279 3683 sancti
3305 3631 3519 3685 Martini
3545 3636 3853 3689 inveniatur

2252 3720 2562 3790 inscriptus,
2598 3723 2647 3773 in
2700 3723 2871 3789 iisque
2928 3725 3178 3778 omnibus
3208 3735 3425 3781 sanctus
3456 3726 3702 3794 antistes,
3748 3730 3848 3782 At-

2252 3812 2352 3865 tice
2381 3822 2427 3865 et
2461 3813 2687 3866 (.‘wsario
2715 3814 3011 3868 consulibus
3039 3859 3052 3883 ,
3094 3818 3158 3870 ad
3210 3833 3432 3888 superos
3471 3820 3671 3875 abiisse
3719 3837 3852 3877 con-

2252 3914 2458 3960 stanter
2508 3907 2732 3969 dicatur,
2790 3909 2930 3962 sicut
2978 3907 3178 3963 habent
3219 3925 3407 3964 omnes
3461 3912 3683 3966 omnino
3737 3921 3850 3968 tam

2253 3999 2423 4066 editi,
2455 4014 2611 4068 quam
2661 4000 2842 4067 scripti
2884 4001 3100 4057 codices
3153 4004 3404 4060 llis-toria;
3457 4003 3804 4076 Grcgoriame
3838 4053 3852 4074 τ

2254 4092 2374 4160 quis
2406 4091 2732 4146 inhciabitur
2773 4092 2906 4146 hanc
2946 4109 3065 4148 esse
3093 4110 3276 4149 veram
3309 4106 3364 4152 et
3412 4097 3680 4153 sinceram
3712 4099 3848 4153 Gre~

2255 4184 2392 4254 gorii
2424 4185 2747 4249 lectionem,
2779 4199 2936 4253 quam
2966 4187 3034 4258 ab
3062 4188 3218 4242 annis
3250 4190 3526 4258 plusquam
3558 4191 3664 4246 901)
3688 4191 3854 4246 varia":

2255 4275 2506 4330 Ecclesiae
2537 4277 2940 4333 adhibuerunt?
2980 4280 3205 4335 Codices
3234 4283 3374 4336 enim
3407 4294 3602 4354 praeter
3621 4295 3856 4342 Caeteros

2259 4371 2489 4425 vidimus
2511 4373 2646 4426 duos
2668 4373 2784 4443 ejus
2806 4374 3162 4445 antiquitatis,
3189 4393 3348 4431 unmn
3381 4379 3590 4434 scilicet
3613 4397 3678 4434 ex
3712 4381 3853 4435 Cor-

2258 4465 2459 4520 beiensi
2477 4465 2819 4532 bibliotheca,
2837 4470 3064 4524 alterum
3091 4471 3142 4524 in
3165 4472 3394 4526 archivis
3407 4473 3646 4528 ecclesiae
3671 4477 3855 4530 cathe-

561 4568 947 4633 transportati,
1007 4583 1231 4637 quomm
1284 4579 1468 4624 noster
1508 4569 1890 4639 Stephaootius
1939 4575 2146 4642 copiam
2178 4570 2230 4642 ι)
2255 4555 2419 4612 dralis
2452 4558 2876 4630 Andegavensis,
2905 4561 3307 4619 characteribus
3342 4564 3455 4621 fere
3479 4568 3854 4640 Merovingicis

561 4663 767 4718 habuit.
801 4665 955 4720 Prior
984 4705 999 4731 ,
1028 4666 1118 4736 qui
1166 4667 1369 4724 saeculo
1398 4666 1609 4722 decimo
1650 4669 1883 4738 scriptus
1932 4670 2024 4723 fuit
2054 4711 2067 4735 ,
2096 4680 2152 4725 et

560 4756 798 4826 quidem,
830 4759 902 4811 uti
935 4757 1168 4826 videtur,
1203 4760 1252 4814 in
1274 4761 1603 4815 monasterio
1629 4759 2148 4818 sanctFLaunomari

561 4851 859 4919 Blesensis,
898 4851 1055 4906 hodie
1103 4864 1348 4906 servatur
1378 4854 1430 4907 in
1476 4853 1731 4910 Vaticana
1780 4854 2148 4921 bibliotheca,

561 4959 628 4999 ex
667 4944 808 5000 dono
839 4944 1130 5001 Alexandri
1179 4946 1316 5014 Vill,
1363 4957 1634 5018 totamque
1685 4947 1970 5004 Historiam
2005 4963 2148 5004 com-

563 5039 841 5120 plectitur,
868 5041 1106 5109 exceptis
1140 5037 1451 5110 przefatione
1482 5052 1532 5097 ct
1566 5044 1754 5098 ultimo
1784 5043 1904 5098 libri
1941 5061 1970 5098 χ
2001 5047 2145 5115 capi-

563 5125 635 5207 te.
673 5133 876 5218 Desunt
905 5135 1064 5210 etiam
1093 5133 1336 5218 quietiam
1378 5135 1431 5190 in
1464 5147 1657 5208 quarto
1693 5137 1849 5204 libro,
1895 5153 1961 5194 ex
1992 5155 2145 5196 ama-

561 5228 782 5280 nuensis
812 5228 1088 5284 oscitantia
1119 5269 1133 5296 ,
1166 5229 1255 5300 qui
1286 5229 1487 5299 aliquot
1531 5229 1748 5301 paginas
1779 5246 1972 5288 vacuas
2019 5235 2146 5310 reli-

563 5315 714 5395 quit;
747 5327 801 5372 et
832 5321 933 5374 alia
974 5336 1163 5392 pauca,
1196 5337 1314 5392 qua:
1345 5323 1530 5388 avulso
1575 5339 1679 5378 uno
1705 5333 1794 5380 aut
1820 5327 1989 5383 altero
2020 5327 2148 5386 folio

563 5407 958 5466 desiderantur.
987 5415 1134 5472 Alter
1156 5417 1349 5482 codex,
1378 5397 1466 5486 qui
1499 5416 1626 5490 olim
1661 5417 1727 5471 ad
1761 5423 2144 5486 monasterium

563 5498 907 5562 Floriacense
941 5507 1241 5575 pertinuit,
1277 5508 1502 5564 habetur
1546 5513 1597 5564 in
1650 5511 1971 5570 bibliotheca
2018 5515 2153 5570 emi-

563 5597 872 5669 nentissimi
905 5601 1198 5657 cardinalis
1229 5606 1515 5673 Ottoboni;
1544 5607 1696 5675 cujus
1721 5608 1984 5664 beneﬁcio
2013 5608 2155 5665 hunc

563 5690 803 5752 codicem
836 5702 888 5748 et
931 5695 1032 5766 alia
1062 5738 1076 5764 ,
1109 5711 1442 5772 quacunque
1497 5700 1654 5760 nobis
1687 5701 1991 5758 necessaria
2043 5701 2156 5757 tue-

563 5795 731 5858 runt,
777 5789 1138 5872 suppeditavit
1190 5792 1251 5848 ν.
1284 5792 1365 5860 Ci.
1420 5791 1740 5870 Franciscus
1792 5793 2154 5876 Blancbinus,

2258 4649 2454 4703 sicculo
2482 4660 2672 4706 octavo
2691 4651 2902 4706 labente
2931 4662 3196 4708 exaratos.
3225 4654 3375 4713 Unde
3399 4658 3520 4712 licet
3544 4661 3596 4713 in
3627 4660 3770 4714 notis
3785 4665 3853 4715 ad

2257 4744 2415 4797 istum
2444 4741 2688 4813 Gregorii
2716 4745 2888 4799 locum
2915 4747 3044 4800 Satis
3072 4748 3224 4802 nobis
3252 4750 3422 4804 visum
3452 4751 3608 4806 tuerit
3643 4763 3849 4808 textum

2255 4844 2571 4891 auctontate
2603 4854 2734 4892 mss.
2764 4839 3002 4893 omnium
3033 4841 3370 4910 conﬁrmare,
3402 4859 3622 4914 remque
3652 4845 3724 4901 de
3751 4864 3860 4900 cae-

2261 4937 2376 4981 tero
2404 4928 2546 4983 circa
2591 4938 2892 4984 extremum
2941 4932 3112 4986 sancti
3160 4932 3371 4988 Martini
3420 4951 3656 5000 annum,
3691 4951 3854 5007 quem

2261 5019 2348 5072 alii
2380 5018 2499 5074 aliis
2530 5021 2686 5074 annis
2714 5023 3023 5091 assignant,
3059 5025 3109 5076 in
3163 5026 3340 5080 medio
3385 5028 3687 5098 PClIDQU'.Te
3712 5046 3730 5096 ;
3760 5045 3858 5084 ex-

2259 5113 2438 5182 pensis
2472 5122 2649 5169 tamen
2684 5124 2870 5184 postea
2917 5115 3226 5186 diligentius
3259 5118 3499 5196 Gregorii
3553 5119 3708 5185 locis,
3748 5121 3855 5175 hoc

2257 5219 2461 5267 certum
2493 5227 2612 5267 esse
2653 5211 3099 5281 existimavimus,
3135 5213 3414 5268 Martinmn
3443 5220 3589 5284 juxta
3646 5217 3856 5286 Grego-

2222 5334 2229 5343 -
2257 5306 2318 5358 rii
2352 5315 2603 5371 mentem,
2639 5307 2805 5359 Attico
2839 5315 2886 5360 et
2917 5305 3138 5360 Cwsario
3191 5309 3506 5373 consulibus,
3554 5311 3859 5368 excessisse

2256 5413 2286 5452 e
2321 5399 2450 5464 vita,
2488 5398 2815 5466 proindeqne
2846 5413 2985 5451 anno
3020 5397 3252 5466 vulgaris
3283 5415 3404 5453 serae
3434 5401 3558 5468 5W7,
3585 5416 3693 5471 quo
3719 5418 3857 5457 con-

2262 5504 2367 5548 stat
2405 5495 2637 5548 Atticum
2672 5504 2724 5546 et
2750 5491 3041 5546 Caesarium
3075 5493 3325 5548 consules
3357 5493 3539 5548 fuisse.
3576 5495 3626 5549 Id
3656 5497 3859 5567 quippe

2259 5588 2450 5659 repetit
2480 5584 2774 5658 Gregorius
2804 5585 2854 5638 in
2892 5585 3040 5662 libro
3069 5584 3136 5639 de
3169 5586 3437 5642 Miraculis
3487 5589 3661 5643 sancti
3706 5590 3857 5647 Mar-

2259 5681 2356 5736 tini
2385 5723 2399 5748 ,
2433 5679 2680 5747 hancque
2729 5677 2988 5758 epocham
3040 5681 3158 5734 aliis
3189 5681 3592 5737 characteribus
3621 5683 3862 5740 chrono-

2262 5774 2446 5855 logicis
2494 5772 2816 5840 conﬁrmat,
2851 5787 2973 5827 cum
3024 5785 3266 5832 sanctum
3319 5777 3606 5858 ltiartinum
3654 5780 3861 5843 abiisse
