4086 6328
221 347 332 408 101

1697 333 2084 426 Ριιιειτᾼτιο.

3415 338 3516 426 ill2

219 465 410 524 scribit
439 464 663 538 secunde
696 463 919 542 Honorii
947 463 1273 540 imperatoris
1317 480 1455 521 anno
1478 508 1492 534 ,
1526 463 1615 535 qui
1662 462 1823 530 etiam

1934 468 2098 530 petua:
2118 461 2490 526 maledictionis
2512 464 2834 538 anathemate
2852 464 3127 543 damnatus
3164 469 3371 534 existat.
3402 471 3513 540 νυ.

219 575 374 634 anno
404 557 508 612 597
540 558 862 627 respondet;
896 568 1094 614 etcum
1140 559 1457 629 Perpetuum
1481 559 1818 629 sexagesimo

217 661 423 722 quarto
456 661 577 723 post
612 653 821 707 Martini
853 653 1060 731 obitum
1111 669 1253 710 anno
1282 656 1336 728 in
1370 655 1619 712 thronum
1650 656 1820 712 Turo-

216 760 448 800 nensem
496 745 734 802 subiisse
775 755 1166 804 commemorat
1206 764 1222 805 :
1259 750 1400 824 quod
1459 764 1588 805 sane
1631 764 1818 806 verum

220 855 336 893 non
395 846 583 905 esset,
657 841 700 893 si
757 839 896 894 ultra
977 855 1176 896 annum
1231 841 1547 912 praedictum
1606 841 1818 904 Martini

218 933 402 987 exitus
452 917 800 1002 differretur,
843 935 1110 1006 siquidem
1182 936 1474 1006 Perpetuus
1520 951 1663 992 anno
1712 936 1811 992 401

219 1022 530 1080 Turonensi
581 1027 810 1100 concilio
840 1027 1073 1098 praefuit.
1098 1027 1304 1086 Caetera
1337 1028 1647 1098 argumenta
1683 1044 1819 1098 prte-

219 1118 490 1185 termitto,
518 1134 635 1187 qnze
665 1120 805 1190 apud
848 1130 1098 1176 auctores
1126 1123 1367 1192 vulgatos
1407 1121 1694 1190 habentur.
1727 1124 1816 1187 At,

221 1209 466 1280 inquies,
501 1209 794 1282 Gregorius
849 1214 898 1266 in
945 1213 1323 1270 Miraculorum
1356 1213 1508 1278 libris
1553 1229 1723 1270 annos
1754 1212 1821 1266 ab

221 1302 374 1356 exitu
415 1305 586 1357 sancti
641 1304 852 1357 Martini
884 1303 950 1358 ad
991 1320 1144 1362 suum
1179 1320 1346 1376 usque
1376 1313 1608 1374 tempus,
1654 1305 1706 1360 id
1739 1314 1820 1360 est

224 1394 296 1448 ad
329 1410 530 1469 annum
561 1393 893 1474 Childeberti
932 1396 1072 1466 regis
1116 1405 1446 1463 currentem,
1475 1413 1580 1467 quo
1605 1396 1823 1452 scribe-

222 1485 320 1542 bat
370 1487 537 1542 semel
585 1497 637 1542 et
688 1488 879 1566 iterum
911 1499 1264 1558 eomputans,
1296 1489 1581 1544 manifeste
1625 1488 1823 1543 indicat

221 1576 510 1632 Martinum
555 1595 695 1635 anno
748 1581 852 1656 400
901 1582 965 1635 ad
1012 1582 1179 1636 eoelos
1255 1585 1586 1638 convolasse.
1633 1580 1824 1637 Fateor

223 1666 371 1724 hanc
415 1669 581 1726 fuisse
629 1671 872 1746 Gregorii
923 1683 1155 1727 mentem
1187 1673 1234 1729 si
1280 1673 1399 1730 huic
1430 1677 1543 1742 ejus
1572 1685 1823 1743 computo

223 1767 457 1826 stemus,
507 1762 647 1829 quod
677 1763 845 1817 secuti
880 1773 1003 1818 sunt
1039 1779 1143 1818 non
1194 1765 1343 1834 pauci
1398 1766 1706 1834 sequiornm
1761 1780 1824 1820 ac

1928 565 2017 624 ces
2046 566 2165 628 qua:
2216 553 2427 630 detritae
2473 566 2597 626 sunt
2648 557 2966 628 itemensem
3015 559 3401 634 designabant,
3435 564 3512 620 uti

1924 644 2190 716 suspicor,
2224 646 2531 716 ecclesiam,
2558 650 2642 708 cui
2696 651 2891 706 multos
2936 652 3074 720 alios
3105 654 3319 710 codices
3350 655 3513 730 Odal-

1925 737 2068 790 ricus
2097 738 2343 803 contulit,
2379 748 2436 794 ut
2480 756 2545 795 ex
2573 743 2843 800 similibus
2873 747 3117 801 codicum
3152 749 3513 820 inscriptioni-

1926 829 2024 884 bus
2054 838 2219 900 patet,
2252 833 2341 902 qui
2372 833 2534 890 etiam
2567 851 2708 892 nunc
2738 837 2794 892 in
2843 839 3164 910 bibliotheca
3196 847 3513 915 metrOpuli-

1925 928 2065 974 tanm
2100 922 2385 978 Remorum
2417 925 2662 982 ecclesiae
2710 941 3096 1002 asservantur:
3128 934 3225 990 sed
3257 942 3312 992 et
3339 938 3513 1006 eccle-

1925 1013 2001 1068 sia
2036 1018 2204 1074 sancti
2233 1016 2509 1073 Michaelis
2550 1017 2624 1074 ibi
2651 1021 2812 1076 etiatn
2861 1038 3003 1091 nunc
3047 1024 3100 1082 in
3130 1025 3510 1094 canonicorum

1925 1104 2163 1162 claustro
2194 1107 2457 1163 subsisrit.
3314 1093 3317 1094 7
3365 1093 3370 1098 ’

1999 1198 2122 1254 127.
2165 1199 2364 1258 Praeter
2394 1200 2764 1258 Colbcrtinum
2817 1207 3056 1276 codicem
3092 1225 3250 1281 supra
3303 1227 3514 1280 memo-

1928 1299 2124 1357 ratum,
2160 1301 2269 1347 tres
2319 1294 2454 1349 alios
2501 1311 2565 1350 ex
2609 1298 2800 1358 eadem
2835 1299 3161 1377 bibliotheca
3209 1305 3514 1376 habuimus,

1928 1385 2018 1452 qui
2061 1386 2266 1453 aliquot
2317 1386 2690 1468 Miraculorum
2741 1393 2907 1450 libros
2949 1411 2975 1448 a
3023 1395 3282 1469 Gregorio
3331 1410 3516 1456 nostro

1926 1478 2099 1534 editos
2126 1481 2598 1551 complectuntur;
2650 1501 2717 1542 ex
2765 1488 2955 1558 quibus
2995 1506 3131 1546 unus
3158 1507 3193 1547 e
3240 1493 3517 1553 Tutelensi

1929 1575 2157 1630 ecclesia
2189 1581 2448 1635 advectus
2473 1595 2660 1638 omnes
2692 1583 2852 1641 habet
2879 1596 3073 1655 praeter
3097 1587 3248 1646 Vitas
3277 1590 3516 1654 Patrum.

1929 1666 2202 1772 'i‘otidem,
2235 1686 2344 1726 uno
2376 1673 2442 1726 de
2472 1672 2888 1732 Coniessoribus
2903 1689 3164 1774 excepto,
3200 1682 3368 1742 libros
3392 1701 3517 1746 conv.

1928 1761 2061 1816 tinet
2089 1772 2334 1834 vetustus
2362 1766 2532 1822 codex
2585 1769 2757 1824 sancti
2798 1761 3009 1826 Mariini
3059 1775 3196 1843 apud
3248 1775 3516 1843 Turonos,

224 1855 587 1908 recentiorum
631 1866 929 1934 temporum
984 1866 1252 1914 auctores.
1284 1855 1359 1930 Ea
1407 1856 1492 1910 his
1538 1857 1818 1912 Albericus
1849 1865 1896 1928 Β
1930 1855 2084 1924 cujus
2104 1866 2159 1911 et
2189 1857 2435 1928 alterius,
2465 1875 2495 1915 e
2525 1862 2852 1932 cathedralis
2901 1865 3072 1922 sancti
3102 1865 3310 1934 Gatiani
3341 1870 3518 1927 eccle-

224 1944 413 1999 Trium
486 1945 734 2002 Fontium
801 1949 854 2016 in
925 1947 1213 2018 Campania
1263 1948 1560 2003 monachus
1629 1949 1819 2019 quovis

226 2037 468 2106 perieulo
509 2037 560 2092 id
591 2054 651 2092 se
677 2041 1019 2118 probaturum
1072 2039 1283 2108 recipit,
1326 2040 1650 2107 adhibetque
1680 2041 1821 2096 inter

231 2129 336 2182 alia
378 2130 486 2185 duo
533 2130 620 2184 illa
662 2131 904 2200 Gregorii
970 2141 1284 2201 argumenta
1314 2173 1330 2198 ,
1377 2139 1488 2188 tum
1536 2132 1604 2188 ab
1658 2133 1819 2206 Attici

233 2230 290 2276 et
318 2221 537 2277 Cassarii
588 2224 890 2292 consulatu,
923 2232 1034 2278 tum
1082 2241 1110 2278 a
1143 2226 1382 2280 secundo
1428 2241 1570 2281 anno
1601 2227 1821 2284 Honorii

231 2314 602 2382 imperatoris,
654 2318 793 2386 quod
847 2328 1132 2386 utrumque
1181 2319 1247 2373 ad
1299 2333 1494 2373 annum
1546 2320 1650 2396 400
1698 2336 1821 2375 atra:

229 2407 548 2463 Christianae
583 2420 818 2464 revocat.
860 2410 927 2464 At
969 2420 1179 2465 certum
1222 2419 1306 2465 est
1338 2420 1621 2480 utrumque
1679 2426 1820 2465 anno

229 2503 336 2557 ’597
367 2504 676 2567 convenire,
709 2502 1069 2573 standumqne
1119 2505 1293 2571 potius
1339 2513 1477 2559 notae
1527 2504 1822 2558 chronolo-

231 2594 362 2663 gicaa
391 2610 420 2646 a
454 2594 710 2664 pra‘dicto
738 2596 1022 2649 consulatu
1054 2607 1105 2649 et
1138 2595 1378 2650 secundo
1411 2595 1630 2649 Honorii
1681 2611 1821 2649 anno

231 2686 444 2755 petitae,
479 2701 642 2756 quam
671 2689 824 2742 alteri
856 2705 886 2742 a
917 2686 1177 2758 Gregorio
1209 2689 1429 2757 prolatae
1453 2688 1521 2741 ab
1552 2689 1707 2742 annis
1736 2705 1824 2743 re-

231 2782 320 2851 gni
352 2761 708 2836 Childeberti.
759 2782 938 2852 Longe
986 2784 1127 2836 enim
1177 2783 1377 2836 certior
1412 2789 1465 2836 et
1495 2782 1824 2851 expleratior

233 2884 319 2929 est
353 2874 500 2944 prior
532 2874 622 2928 illa
654 2873 995 2944 computandi
1043 2875 1180 2929 ratio
1208 2889 1236 2928 a
1275 2874 1575 2939 consulatu,
1607 2888 1765 2941 quam
1793 2887 1824 2927 a

234 2966 500 3036 Gregorio
529 2967 870 3022 adinventant
895 2983 1016 3022 esse
1040 2981 1374 3038 nequaquam
1406 2967 1697 3022 verisimile
1718 2974 1821 3033 est,

236 3059 329 3113 sed
360 3060 534 3128 potius
563 3074 632 3114 ex
669 3061 898 3130 antiquis
930 3059 1184 3115 Ecclesia:
1214 3077 1325 3115 suae
1370 3061 1557 3139 aliisve
1600 3057 1826 3128 publicis

237 3156 602 3210 monumentis
631 3155 700 3210 ab
740 3170 804 3211 eo
839 3156 1192 3226 desumptam.
1233 3157 1378 3211 llanc
1407 3171 1538 3232 vero
1580 3156 1827 3210 consula-

1927 1947 2020 2000 sia:
2054 1948 2400 2029 bibliotheca,
2435 1954 2610 2026 varias
2655 1956 2914 2014 lectiones
2941 1973 2970 2022 a
3021 1967 3207 2026 nostro
3237 1961 3517 2018 Edmundo

1929 2039 2200 2098 Martenne
2221 2046 2547 2118 accepimus.
2581 2049 2724 2104 Duos
2748 2065 2778 2105 e
2807 2050 3266 2114 Glaromontensis
3294 2057 3513 2128 collegii

1927 2127 2246 2187 Parisiensis
2273 2135 2528 2192 Ludovici
2560 2139 2731 2210 Magni
2762 2141 3084 2202 bibliotheca
3118 2147 3398 2204 nobiscum
3427 2127 3516 2205 sio-

1927 2219 2016 2274 lita
2062 2239 2159 2277 sua
2202 2226 2530 2285 humanitate
2587 2236 3007 2292 communicavit
3064 2238 3128 2293 li.
3179 2241 3241 2296 P.
3281 2243 3518 2300 Joannes

1931 2313 2256 2373 llardninns.
2306 2319 2530 2384 Unicum
2564 2339 2594 2379 e
2622 2326 2821 2380 celebri
2869 2329 3041 2383 sancti
3085 2329 3316 2387 Victoris
3366 2335 3516 2390 Pari-

1936 2407 2130 2482 siensis
2161 2412 2506 2484 bibliotheca,
2541 2420 2696 2472 nobis
2744 2399 3108 2494 suppeditavit
3136 2424 3200 2480 V.
3234 2425 3315 2492 Gl.
3350 2427 3521 2498 Hero-

1931 2500 2132 2555 vallins
2159 2503 2397 2572 ejusdem
2435 2507 2533 2561 loci
2566 2511 2856 2586 canonicus
2888 2515 3172 2584 regularis,
3209 2533 3312 2588 non
3346 2521 3520 2577 minus

1929 2595 2136 2658 paterni
2167 2595 2216 2648 in
2248 2595 2454 2652 litteras
2478 2605 2678 2657 amoris
2703 2619 2861 2674 quam
2892 2607 3126 2676 nominis
3154 2608 3348 2679 haeres.
3388 2611 3520 2668 Uni-

1929 2698 2050 2738 cum
2085 2685 2209 2740 item
2241 2692 2546 2758 accepimus
2590 2710 2655 2772 ex
2693 2696 3016 2754 bibliotheca
3065 2701 3480 2772 Getnmeticensi
3505 2745 3520 2772 ,

1929 2776 2153 2860 alterum
2179 2795 2240 2832 ex
2276 2778 2624 2852 Floriat-tnsi,
2641 2771 2860 2842 tertium
2879 2805 2946 2844 ex
2971 2771 3247 2861 Becceusi,
3271 2808 3521 2864 quartum

1929 2881 1990 2920 ex
2024 2879 2209 2922 sancto
2245 2871 2522 2928 Vincentio
2561 2878 2957 2961 Cenomanensi
2981 2925 2997 2950 ,
3029 2896 3255 2959 quatuor
3288 2903 3417 2943 vero
3445 2905 3513 2944 ex

1929 2971 2111 3015 nostra
2137 2967 2306 3020 sancti
2337 2960 2592 3024 Germani
2624 2972 2942 3030 bibliotheca
2967 2976 3272 3036 habuimus.
3302 2982 3516 3040 Nullum

1929 3049 2191 3124 integrum
2244 3071 2274 3110 e
2326 3058 2484 3128 Regia
2539 3061 2857 3120 bibliotheca
2895 3068 3148 3136 vidimus,
3203 3075 3297 3130 sed
3347 3077 3515 3130 multa

1931 3145 2201 3200 variorum
2236 3147 2488 3205 librorum
2545 3155 2839 3230 fragmenta
2867 3201 2882 3226 ,
2914 3175 3033 3228 cum
3070 3179 3176 3232 uno
3225 3170 3519 3236 exemplari

238 3258 324 3304 ws
352 3259 531 3304 notam
571 3249 658 3304 ubi
706 3265 823 3304 cum
857 3249 1014 3305 annis
1061 3265 1244 3320 resum
1275 3249 1442 3328 νριηίι
1467 3263 1782 3319 comparare
1805 3288 1821 3314 ,
1928 3239 2167 3292 omnium
2193 3240 2454 3297 librorum
2487 3245 2554 3300 de
2588 3248 2878 3315 Miraculis,
2904 3253 3047 3307 edito
3068 3255 3306 3326 quidem,
3339 3259 3433 3314 sed
3460 3263 3513 3316 in

238 3340 399 3398 facile
428 3358 610 3399 errare
642 3344 813 3413 potuit
865 3345 916 3398 in
968 3344 1056 3398 illa
1093 3333 1409 3422 temporan
1450 3343 1820 3398 obscuritate:

238 3451 360 3494 cum
390 3437 550 3493 hodie
579 3452 790 3507 quoque
830 3437 884 3491 in
911 3438 1014 3492 hac
1043 3438 1373 3492 eruditorum
1407 3437 1522 3491 luce
1550 3436 1665 3491 haec
1692 3451 1824 3490 eon-

240 3529 423 3587 cordia
470 3546 577 3586 non
599 3529 602 3532 ’
624 3529 740 3586 sine
770 3533 980 3601 negotio
1010 3531 1128 3586 iniri
1165 3532 1351 3601 possit.
1380 3529 1511 3585 Cum
1545 3531 1725 3600 itaque
1771 3530 1824 3608 in

241 3625 502 3678 alterutro
550 3607 880 3680 aberraverit
929 3624 1218 3695 Gregorius
1247 3666 1262 3690 ,
1309 3623 1712 3702 haudquaquam
1774 3607 1828 3677 in

241 3718 564 3790 assignando
589 3720 868 3774 consulatu
892 3719 1173 3774 aberrasse
1190 3720 1490 3774 censendus
1513 3727 1595 3773 est
1619 3735 1632 3772 :
1657 3717 1827 3773 adeo-

242 3827 346 3882 que
375 3812 598 3868 credere
626 3827 728 3867 non
755 3813 1015 3879 dubitem,
1047 3813 1216 3866 sancti
1251 3809 1461 3866 Martini
1493 3811 1698 3867 obitum
1724 3821 1830 3864 sta-

245 3905 498 3959 tuendum
541 3920 661 3960 esse
710 3919 852 3959 anno
889 3903 1014 3971 597,
1057 3904 1141 3959 cui
1188 3906 1520 3960 consulatum
1575 3905 1731 3959 Attici
1777 3912 1834 3960 et

243 3994 463 4052 Caesarii
494 3998 785 4054 convenire
817 4009 1030 4066 recepta
1061 3998 1325 4054 sententia
1352 4009 1434 4053 est
1483 3999 1622 4054 inter
1651 3999 1834 4054 erudi-

245 4100 348 4146 tos.
376 4092 480 4146 Sed
507 4091 616 4162 jam
652 4093 1014 4162 praelationem
1047 4108 1452 4162 prosequamur.

318 4184 441 4239 126.
488 4185 636 4241 Haud
665 4185 856 4240 minori
886 4183 1129 4240 codicum
1165 4203 1387 4241 numero
1428 4188 1507 4242 usi
1551 4184 1748 4262 fuimus
1778 4187 1830 4242 in

246 4267 571 4335 adornandis
602 4281 851 4352 Gregorii
897 4279 1050 4334 libris
1078 4281 1143 4334 de
1193 4280 1459 4354 Miracnlis
1504 4288 1832 4345 sanctorum,

247 4389 313 4429 ex
338 4374 531 4445 quibus
560 4381 690 4437 tres,
721 4382 776 4430 et
806 4374 1020 4444 quidem
1052 4374 1118 4430 ab
1149 4375 1303 4428 annis
1329 4376 1544 4430 circiter
1573 4375 1674 4428 800
1696 4375 1830 4429 scri-

249 4470 325 4539 pti
351 4511 368 4538 ,
397 4484 586 4524 omnes
610 4455 828 4524 omnino
861 4470 1029 4524 libros
1063 4469 1264 4525 habent
1289 4469 1491 4539 optima
1522 4485 1681 4524 manu
1709 4486 1806 4525 exa

248 4570 413 4617 ratos.
451 4561 712 4626 Primum,
747 4576 866 4615 cum
899 4562 1022 4615 aliis
1063 4577 1222 4630 supra
1251 4573 1304 4616 et
1353 4561 1488 4616 infra
1522 4562 1834 4618 memoratis

1929 3333 2083 3401 cujus
2135 3338 2376 3407 margine
2426 3342 2589 3396 varia:
2642 3345 2902 3402 lectiones
2953 3365 3114 3405 manu
3168 3352 3229 3406 V.
3261 3353 3342 3408 Gl.
3378 3355 3523 3414 Petri

1907 3424 2134 3482 'Pithmi
2169 3419 2457 3502 descripta:
2491 3435 2686 3503 passim
2717 3452 3025 3496 occurrunt.
3061 3444 3322 3519 l-‘razterea
3347 3449 3522 3507 varias

1929 3518 2188 3578 lectiones
2221 3515 2543 3596 habuimus,
2579 3545 2711 3600 quas
2755 3549 2785 3587 e
2832 3534 3041 3608 duobus
3067 3515 3348 3608 codicibus
3389 3557 3519 3610 mss.

1931 3614 2151 3685 collegit
2200 3618 2282 3670 vir
2314 3619 2534 3675 illustris
2585 3627 2861 3682 memoria:
2891 3609 3122 3685 Jacobus
3172 3632 3476 3702 Sanbovius
3505 3680 3520 3704 ,

1939 3710 2221 3780 presbyter
2242 3722 2296 3766 et
2326 3711 2516 3768 doctor
2559 3716 2882 3776 Sorbonicus
2913 3762 2928 3786 ,
2961 3726 3042 3778 vel
3071 3739 3168 3792 suo
3195 3726 3412 3800 nomine
3437 3745 3524 3784 ce-

1889 3856 1904 3870 .
1934 3798 2123 3854 lebris.
2167 3802 2317 3857 Alias
2351 3804 2608 3863 lectiones
2637 3824 2700 3863 ex
2731 3813 2918 3868 codice
2949 3798 3206 3871 Romano
3239 3819 3524 3884 Qbristinte

1935 3895 2132 3962 regina:
2184 3895 2392 3951 Sueciae
2437 3898 2698 3956 debemus
2748 3903 3101 3973 Stephanotio
3148 3919 3333 3968 nostro
3362 3951 3376 3976 ,
3431 3912 3526 3981 qui

1938 3986 2109 4040 codex
2143 4004 2330 4044 omnes
2374 3989 2543 4046 ferme
2573 3995 2944 4050 Miraculorutn
2979 4000 3143 4074 libros
3169 4004 3526 4074 comprehcn~

1937 4082 2034 4136 dit.
2069 4083 2202 4137 llttic
2229 4084 2530 4155 jungendus
2574 4089 2744 4144 codex
2784 4073 3072 4150 Vaticanus
3111 4112 3144 4154 e
3176 4073 3413 4162 Palatina
3445 4104 3527 4158 bi-

1939 4177 2208 4234 bliorheca
2259 4197 2521 4238 annorum
2564 4167 2709 4254 800,
2749 4189 2839 4259 qui
2893 4191 3018 4245 olim
3071 4193 3172 4249 fuit
3215 4201 3527 4256 monasterii

1943 4270 2363 4341 Weingartensis
2414 4277 2464 4328 in
2511 4276 2705 4332 Snevia
2731 4320 2746 4345 ,
2802 4281 2852 4334 in
2883 4296 2989 4352 quo
3041 4284 3266 4354 habetur
3298 4287 3433 4345 liber
3461 4289 3528 4344 de

1945 4366 2132 4424 Gioria
2162 4371 2556 4430 confessorum.
2588 4373 2824 4432 Caeteros
2857 4394 2953 4448 pro
2991 4385 3388 4452 opportunitate
3417 4383 3528 4440 suis

1943 4463 2074 4517 locis
2108 4464 2462 4531 laudabimus,
2496 4467 2632 4547 sicut
2663 4477 2717 4524 et
2763 4485 2858 4526 eos
2899 4472 2990 4540 oui
3031 4476 3115 4528 vel
3165 4457 3302 4530 vitas
3333 4476 3532 4547 aliquot

1943 4557 2240 4626 singulares
2288 4543 2629 4615 solummodo
2656 4563 2956 4630 continent,
2992 4575 3084 4620 aut
3113 4576 3258 4623 certe
3287 4574 3531 4639 quaedam

249 4668 281 4708 e
308 4653 632 4709 bibliotheca
663 4653 992 4721 Colbertina,
1026 4654 1182 4709 nobis
1210 4657 1624 4710 communicavit
1661 4656 1720 4710 V.
1765 4657 1827 4709 C.

1944 4649 2235 4719 singularia
2267 4653 2462 4720 capita.
2493 4652 2574 4706 Ad
2603 4669 2737 4723 quos
2781 4670 2910 4710 vero
2941 4657 3153 4713 codices
3184 4635 3378 4730 singuli
3408 4662 3531 4717 libri

253 4747 558 4816 Stephanus
608 4749 896 4812 Baluzius;
932 4749 1226 4803 secundum
1259 4765 1327 4804 ex
1362 4749 1684 4828 bibliotheca
1731 4766 1837 4806 ma-

247 4840 382 4910 joris
413 4841 656 4896 ecclesiae
705 4841 1121 4906 Bellovacensis,
1176 4843 1508 4897 assentiente
1540 4842 1837 4898 venerabiti

251 4934 518 5004 Capitulo,
553 4935 707 4992 nobis
738 4935 1098 5006 suppeditavit
1134 4935 1194 4989 Ι).
1228 4936 1294 4990 de
1338 4934 1546 5005 Neuilly
1594 4935 1834 5004 ejusdem

253 5030 498 5085 ecclesiae
527 5013 837 5086 can-onicus.
874 5031 1111 5085 Tertium
1141 5030 1368 5100 denique
1397 5045 1465 5086 ex
1493 5028 1835 5087 Lauduneusi

250 5121 507 5188 ecclesia,
534 5134 725 5193 agente
772 5123 1170 5193 sapientissimo
1200 5113 1324 5178 viro
1364 5123 1428 5177 D.
1473 5122 1658 5187 Leleu,
1707 5138 1840 5179 eon-

251 5214 716 5286 sentientibusqne
740 5217 950 5270 caeteris
981 5215 1379 5270 venerabilibus
1422 5215 1694 5270 canonicis
1721 5231 1841 5270 mu-

255 5317 346 5363 tuo
374 5309 700 5380 accepimus,
733 5310 798 5364 ad
841 5295 992 5378 cujus
1021 5310 1221 5363 calcem
1266 5308 1379 5388 haec
1409 5307 1670 5362 habentur
1693 5326 1707 5363 :
1732 5306 1843 5362 Ex-

254 5404 396 5473 plicit
452 5404 579 5458 liber
619 5385 824 5460 octavus
871 5404 1109 5477 feliciter.
1150 5385 1440 5455 Adalordus
1492 5401 1840 5456 subdiaconus

253 5496 458 5566 scripsit
503 5498 657 5551 istum
684 5498 909 5552 codicem
938 5497 990 5550 in
1033 5496 1226 5552 honore
1261 5495 1536 5548 beatissimi
1572 5493 1840 5549 Michaelis

255 5588 573 5658 archangeli.
607 5590 661 5644 In
691 5591 860 5647 altero
903 5604 1081 5645 autem
1115 5589 1242 5645 folio
1271 5589 1460 5660 legitur
1493 5587 1606 5643 lucc
1634 5590 1845 5659 epigra-

255 5679 399 5750 phe:
435 5680 592 5736 Hunc
633 5684 875 5753 indignus
922 5684 1076 5738 levita
1105 5683 1290 5736 librum
1341 5681 1616 5735 Udalricus
1663 5683 1844 5737 obtulit

256 5771 366 5828 Deo
394 5784 442 5829 et
470 5785 660 5831 sancite
685 5776 988 5832 Maria..."
1016 5793 1166 5848 quem
1196 5777 1241 5831 si
1289 5779 1402 5848 quis
1432 5775 1657 5849 quolibet
1701 5779 1846 5851 inge-

256 5861 343 5922 nio
372 5863 660 5950 abstulerit.
694 5865 823 5922 iram
865 5863 960 5921 Dei
985 5865 1343 5948 omnipotentis
1371 5865 1622 5935 incurrat,
1655 5875 1702 5954 et
1730 5884 1849 5939 per-

1711 5981 1734 6008 Ι

1943 4741 2120 4796 Collati
2156 4741 2374 4810 lnerint,
2403 4744 2622 4799 inferius
2645 4747 2695 4800 itt
2731 4746 2909 4804 Indice
2939 4749 3242 4816 particulari
3267 4753 3529 4818 dicemus.

2018 4835 2142 4891 128.
2186 4834 2294 4890 Nec
2323 4838 2514 4891 minori
2545 4852 2672 4892 cura
2705 4841 2875 4895 varia.»
2905 4839 3148 4913 Gregorii
3179 4860 3402 4912 operum
3427 4847 3535 4904 edi-

1945 4929 2114 4984 tiones
2147 4930 2517 4999 inquisivimns
2547 4942 2600 5004 et
2625 4935 2943 5001 evolvimus,
2976 4953 3096 4992 cum
3129 4947 3337 4996 certum
3366 4939 3438 4993 sit
3468 4953 3535 4996 ex

1944 5018 2210 5090 ejusmodi
2243 5023 2391 5079 libris
2421 5026 2559 5080 inter
2603 5041 2664 5082 se
2690 5028 2903 5084 collatis
2933 5045 3314 5102 nonnunquam
3367 5030 3536 5088 multa

1949 5111 2129 5168 haberi
2165 5130 2321 5183 posse
2352 5117 2416 5170 ad
2445 5117 2752 5173 illustranda
2787 5131 3025 5176 veterum
3069 5137 3247 5192 opera.
3280 5122 3532 5188 Omnium

1947 5218 2120 5259 autem
2147 5207 2292 5278 prior
2313 5209 2554 5280 Gregorii
2573 5213 2758 5284 editio,
2784 5230 2940 5284 quam
2965 5215 3177 5282 quidem
3200 5217 3537 5285 noverimus,

1946 5297 2163 5353 Parisiis
2187 5300 2429 5356 inlucem
2453 5306 2646 5373 prodiit
2672 5321 2814 5363 anno
2838 5308 2966 5363 1511
3019 5325 3084 5364 ex
3137 5307 3358 5365 Joannis
3381 5309 3538 5366 Parvi

1949 5391 2187 5482 ofﬁcina,
2226 5395 2370 5470 curis
2401 5396 2713 5470 Hieronymi
2747 5401 3037 5472 Clichtovei
3067 5401 3492 5474 Neoportucnsis
3522 5443 3537 5470 ,

1948 5488 2037 5570 qui
2073 5487 2214 5543 illam
2245 5489 2530 5546 Guillehno
2562 5493 2734 5567 Parvo
2779 5500 3125 5560 nuncupavit.
3155 5500 3538 5567 tiontplectitur

1949 5589 2126 5660 autem
2169 5619 2186 5646 ,
2251 5587 2525 5654 praemissa
2577 5585 2816 5656 Gregorii
2897 5590 3066 5648 nostri
3141 5591 3302 5657 Vita,
3376 5591 3542 5648 libros

1951 5677 2087 5731 duos
2115 5676 2181 5731 de
2233 5677 2414 5734 Gloria
2448 5681 2735 5751 Martyrum
2771 5692 2826 5737 et
2875 5695 3100 5754 quatuor
3131 5686 3199 5742 de
3241 5685 3542 5750 Virtutibus

1955 5769 2125 5826 sancti
2155 5770 2365 5828 Martini
2392 5787 2512 5848 cum
2543 5774 2770 5842 epistola
2793 5775 2860 5832 de
2879 5787 3088 5846 septem
3113 5777 3544 5852 Dorntieutibus,

1961 5881 2078 5950 qua:
2109 5863 2335 5946 epistola
2392 5865 2442 5946 in
2494 5866 2611 5944 aliis
2640 5867 2800 5942 etiam
2847 5868 3008 5938 editis
3047 5869 3310 5942 Gregorio
3353 5881 3554 5938 uestro
