4086 6328
556 379 662 438 105

2019 354 2409 413 ΡΒιΕῈᾹΤΙΟ.

3730 363 3845 419 1οι

3160 424 3185 449 ο

539 491 814 549 tribuitur.
865 483 1022 540 Anno
1070 475 1317 549 sequenti
1364 472 1568 543 reliqua
1617 469 1861 541 ejusdem
1894 472 2132 527 auctoris
2159 475 2209 535 Α
2238 480 2434 527 czetera
2466 467 2806 526 diversorum
2838 478 3117 525 auctorum
3147 454 3309 541 opera
3340 468 3592 529 Historiae
3623 473 3837 546 Grego.

543 594 733 650 opera,
758 578 875 646 ipso
895 580 1119 630 curante
1141 565 1429 625 Guillelmo
1458 563 1653 631 Parvo,
1676 562 1765 632 qui
1791 570 1918 617 tunc
1947 576 1977 617 a
2000 576 2130 617 con-

539 671 857 728 fessionibus
887 664 1141 722 Ludovici
1172 661 1265 718 ΧΠ
1306 659 1447 730 regis
1472 667 1624 729 erat,
1659 657 1801 714 edita
1833 666 1961 714 sunt
1990 659 2133 729 typis

539 766 724 823 Jodoci
757 762 927 818 Badii.

612 858 737 913 l29.
782 858 933 911 Anno
966 851 1094 905 1561
1130 848 1449 906 Guillelmus
1498 846 1753 901 Morelius
1785 845 1925 917 regis
1972 854 2129 918 typo-

548 948 785 1020 graphus
816 959 1007 1001 novam
1061 938 1310 1009 Gregorii
1358 937 1650 992 editionem
1699 951 1984 1006 aggressus
2013 946 2131 1004 est,

551 1041 707 1111 cujus
736 1038 881 1096 curis
906 1037 1137 1091 Historia
1166 1030 1407 1102 Gregorii
1438 1031 1610 1085 lucem
1639 1028 1868 1097 aspexit,
1895 1029 1961 1083 ad
1985 1029 2136 1084 codi-

544 1149 661 1190 cem
694 1146 796 1187 ms.
844 1127 1183 1184 bibliotheca:
1231 1123 1403 1179 sancti
1435 1121 1644 1176 Martini
1678 1119 2007 1175 Turonensis
2030 1162 2043 1185 ,
2078 1128 2139 1175 ut

545 1228 656 1298 Ipse
703 1233 967 1288 testatur,
1001 1220 1325 1282 emendata;
1379 1216 1572 1271 additis
1603 1215 1766 1271 etiam
1813 1215 1881 1269 ad
1929 1216 2133 1271 calcem

544 1322 813 1379 nonnullis
846 1318 1009 1375 variis
1057 1316 1398 1373 lectionibus.
1444 1313 1586 1370 Idem
1645 1322 1828 1382 postea
1882 1311 2134 1366 Morelius

546 1430 688 1471 anno
723 1414 866 1470 1565
892 1412 998 1466 alio
1028 1408 1299 1465 volumine
1331 1406 1493 1461 libros
1519 1406 1655 1460 duos
1684 1405 1750 1460 de
1782 1403 1965 1459 Gloria
1995 1403 2137 1457 Mar-

543 1506 742 1580 tyruln,
775 1515 831 1562 et
861 1505 1055 1561 librum
1090 1503 1156 1557 de
1184 1499 1367 1555 Gloria
1396 1497 1776 1555 Conlessorum
1814 1495 2012 1565 publici
2039 1494 2129 1564 ju-

543 1604 617 1659 ris
645 1603 774 1658 lecit
797 1616 863 1656 ex
894 1596 1141 1661 vetustis,
1175 1596 1251 1651 uti
1283 1596 1376 1659 ait,
1411 1602 1465 1649 et
1494 1607 1624 1647 mss.
1657 1590 1954 1646 codicibus.

630 1694 754 1748 150.
790 1690 939 1745 Haud
990 1689 1161 1765 multg
1187 1694 1329 1756 post,
1381 1682 1624 1754 Gregorii
1652 1681 1817 1737 editio
1848 1680 1900 1735 in
1928 1680 2142 1735 Germa-

548 1785 638 1840 nia
672 1788 897 1853 primum
925 1782 1040 1836 visa
1087 1790 1191 1844 est,
1225 1794 1385 1847 quam
1419 1776 1644 1831 Mathias
1690 1773 1911 1829 Flaccus
1962 1771 2135 1843 Illyri-

2235 564 2302 618 rii
2327 563 2391 618 ad
2422 563 2659 634 quinque
2681 563 2895 619 codices
2922 578 3053 619 mss.
3081 574 3284 619 exactas
3310 566 3603 635 principem
3651 569 3837 625 locum

2235 654 2501 710 concessit
2528 672 2543 710 :
2568 670 2686 725 qua:
2708 654 2865 711 editis
2894 656 3105 710 caeteris
3136 657 3351 711 videtur
3376 672 3499 714 esse
3523 662 3833 716 accuratior

2236 754 2293 801 et
2337 746 3109 825 emendatioraQuadriennio
3158 760 3379 817 postea,
3434 766 3575 805 anno
3624 753 3836 807 scilicet

2243 839 2407 905 1640,
2462 839 2697 895 Joannes
2760 839 3048 895 Balesdens
3079 841 3129 895 in
3178 853 3365 897 senatu
3416 843 3704 901 Parisiensi
3734 848 3832 902 atl—

2244 943 2487 997 vocatus,
2523 943 2646 988 octo
2698 933 3070 989 Miraculorum
3116 935 3280 992 libros
3327 952 3445 991 cum
3481 939 3702 995 IiiStoria
3740 956 3834 998 se-

2242 1034 2384 1092 ptem
2422 1025 2814 1081 Dormientium
2848 1027 3015 1082 edidit
3049 1028 3285 1097 Parisiis,
3318 1046 3452 1100 quos
3500 1032 3666 1089 libros
3710 1052 3739 1090 a
3774 1052 3837 1093 se

2240 1118 2304 1173 ad
2334 1122 2551 1175 codices
2602 1136 2731 1175 mss.
2765 1132 3087 1193 expurgatos
3118 1132 3171 1179 et
3216 1126 3530 1181 emendatos
3562 1128 3729 1185 fuisse
3782 1131 3837 1185 in

2242 1212 2558 1281 przclatione
2589 1222 2840 1269 testatur.
2868 1215 2937 1269 lis
2965 1216 3199 1286 denique
3225 1221 3475 1275 omnibus
3505 1222 3838 1282 editionibus

2241 1304 2541 1371 adjicienda
2576 1315 2657 1359 est
2705 1306 3001 1373 Gallicana,
3045 1311 3281 1364 omnium
3333 1312 3553 1368 omnino
3584 1314 3835 1388 Gregorii

2243 1410 2470 1466 operum
2518 1398 2695 1468 lingua
2745 1408 2929 1453 nostra
2969 1400 3309 1469 donatorum,
3343 1413 3398 1458 et
3433 1409 3572 1460 notis
3602 1407 3842 1463 illustra-

2252 1496 2454 1555 torum,
2488 1503 2608 1558 quae
2641 1489 2695 1543 in
2726 1490 2899 1546 lucem
2934 1494 3130 1561 prodiit
3159 1495 3303 1549 curis
3335 1496 3611 1553 Michaelis
3642 1501 3842 1557 Marol-

2242 1581 2299 1637 lii
2332 1583 2539 1639 abbatis
2572 1582 2959 1654 Villalupensis
2987 1628 3001 1653 ,
3031 1588 3250 1643 Parisiis
3280 1605 3343 1645 ex
3398 1591 3667 1647 Frederici
3702 1596 3842 1652 Leo-

2245 1676 2395 1731 nardi
2427 1676 2665 1739 ollicina,
2699 1693 2843 1732 anno
2876 1677 3035 1747 1668,
3069 1681 3278 1736 duobus
3308 1684 3689 1742 voluminibus.

2317 1770 2440 1825 155.
2474 1770 2567 1824 Ha:
2598 1780 2719 1825 sunt
2742 1771 2984 1839 Gregorii
3013 1773 3342 1832 Turonensis
3380 1794 3603 1847 operum
3664 1786 3843 1839 varia:

547 1892 661 1944 cus,
688 1877 753 1931 ad
786 1886 1021 1932 veterem
1051 1872 1296 1929 codicem
1324 1870 1495 1925 sancti
1524 1868 1735 1923 Nazarii
1766 1867 1817 1921 in
1849 1866 2144 1920 Lorischem
2173 1870 2220 1931 Β
2249 1862 2536 1927 editiones,
2572 1872 2681 1917 tum
2715 1862 2921 1919 Latina:
2972 1874 3080 1919 tum
3112 1866 3349 1937 Gallicas,
3377 1886 3509 1938 quas
3559 1873 3740 1929 videre
3771 1876 3843 1929 li-

547 1988 607 2029 se
638 1972 931 2028 adornasse
961 1978 1204 2026 testatur.
1252 1967 1457 2022 Prodiit
1482 1965 1701 2021 Basileae
1750 1964 1890 2034 apud
1924 1964 2143 2019 Petrum

549 2066 804 2132 Pernam,
838 2081 945 2121 non
974 2080 1117 2119 anno
1148 2060 1286 2117 1558
1314 2103 1329 2129 ,
1375 2070 1434 2117 ut
1464 2059 1720 2115 mendose
1746 2059 1918 2129 prima
1954 2059 2145 2129 pagina

550 2161 732 2225 habet,
781 2159 877 2215 sed
928 2175 1071 2214 anno
1102 2156 1263 2225 1568,
1292 2166 1349 2212 ut
1377 2172 1443 2210 ex
1489 2155 1714 2225 epistola
1757 2156 2144 2219 nuncupatoria

550 2255 823 2325 colligitur
855 2270 868 2305 :
901 2262 955 2309 et
980 2251 1196 2322 quidem
1225 2247 1588 2319 typographus
1617 2248 1669 2300 in
1702 2246 1805 2302 ﬁne
1829 2246 1949 2301 libri
1980 2247 2149 2303 More-

548 2347 604 2403 lii
634 2348 925 2403 editionem
958 2346 1159 2411 laudat,
1191 2358 1310 2413 qua:
1358 2355 1500 2395 anno
1542 2339 1673 2395 1561
1727 2340 1777 2394 in
1808 2341 1979 2395 lucem
2012 2356 2142 2410 pro-

552 2440 670 2495 diit.
704 2439 907 2495 Eodem
938 2438 1141 2493 saeculo
1188 2446 1418 2506 septem,
1454 2436 1505 2489 id
1538 2445 1621 2490 est
1652 2450 1840 2491 omnes
1864 2475 1878 2498 ,
1906 2436 2148 2504 exceptis

552 2530 689 2586 Vitis
736 2532 977 2595 Patrum,
1029 2530 1405 2584 Miraculorum
1439 2529 1559 2583 libri
1591 2526 1831 2585 Colonia:
1862 2529 1990 2584 editi
2025 2538 2151 2585 sunt

552 2638 695 2679 anno
720 2622 881 2689 1585,
916 2622 1057 2693 typis
1084 2621 1307 2676 Materni
1336 2620 1602 2675 Cholinii.

628 2718 754 2773 151.
780 2718 984 2773 Eodem
1015 2731 1157 2772 anno
1184 2714 1343 2777 1585.
1375 2715 1439 2769 R.
1476 2714 1795 2770 Laurentius
1821 2714 1887 2771 de
1914 2715 1959 2770 la
1985 2715 2153 2773 Barre

550 2809 921 2865 collectionem
949 2818 1190 2864 veterum
1222 2815 1504 2862 auctorum
1555 2808 1656 2862 sub
1704 2807 1860 2863 titulo
1892 2809 2152 2864 Historia:

550 2897 861 2957 Christianae
891 2910 1131 2958 veterum
1162 2901 1382 2955 Patrum
1416 2900 1586 2956 edidit
1627 2901 1853 2957 Parisiis
1884 2902 2025 2971 apud
2058 2903 2157 2959 Mi-

550 3001 792 3057 chaelem
838 3002 1126 3067 Sonnium,
1156 3000 1209 3054 in
1240 3015 1345 3068 qua
1396 3000 1536 3053 inter
1564 2998 1666 3053 alia
1698 3000 1954 3068 opuscula
2014 2999 2153 3056 Gre-

553 3093 691 3165 gorii
723 3095 895 3149 nostri
926 3094 1217 3148 Historiam
1248 3092 1494 3158 inseruit,
1522 3106 1641 3146 cum
1670 3091 1840 3147 tribus
1869 3092 2156 3148 Miraculo-

554 3203 670 3243 rnm
702 3187 879 3253 libris,
904 3188 956 3242 id
982 3196 1063 3243 est
1082 3187 1217 3242 duos
1240 3186 1308 3241 de
1329 3186 1511 3242 Gloria
1541 3187 1855 3258 Martyrum,
1884 3197 1937 3242 et
1962 3187 2154 3242 librum

2250 1956 2382 2021 cuit,
2418 1956 2679 2025 quibusve
2701 1973 2820 2013 cum
2869 1974 3000 2016 mss.
3057 1961 3329 2016 codicibus
3356 1964 3565 2020 collatis
3591 1967 3657 2021 ad
3702 1968 3844 2024 lianc

2252 2057 2488 2102 nOstram
2533 2050 2896 2105 ailornandam
2945 2052 3023 2106 usi
3076 2052 3292 2108 fuimus.
3324 2055 3524 2111 Praeter
3566 2058 3681 2115 haec
3709 2076 3844 2116 con-

2250 2142 2511 2198 soluimus
2560 2145 2719 2199 etiam
2762 2146 2999 2199 virorum
3054 2145 3341 2203 illustrium
3389 2165 3573 2219 opera,
3619 2155 3707 2222 qui
3748 2165 3847 2211 aut

2261 2237 2550 2293 occasione
2582 2237 2728 2303 data,
2754 2249 2843 2293 aut
2874 2256 2937 2293 ex
2968 2239 3212 2308 professo
3264 2241 3508 2312 Gregorii
3556 2250 3723 2299 nostri
3775 2248 3847 2302 li-

2252 2328 2402 2395 bros,
2431 2330 2534 2384 hoc
2560 2331 2896 2400 potissimum
2939 2334 3137 2387 saeculo
3157 2376 3171 2397 ,
3209 2334 3565 2392 illustrarunt.
3599 2340 3848 2396 Celebris

2252 2434 2335 2480 est
2364 2424 2505 2479 inter
2540 2424 2673 2479 alios
2705 2426 3008 2481 Hadrianus
3046 2428 3311 2495 Valesius,
3337 2433 3425 2500 qui
3470 2432 3633 2487 vitam
3692 2452 3847 2491 suam

2254 2532 2389 2586 pene
2439 2528 2601 2573 totam
2657 2519 2709 2573 in
2765 2522 2935 2591 gentis
2996 2535 3196 2577 nosme
3230 2506 3484 2579 ἸΙίειυι-ίε
3525 2526 3647 2582 illus
3675 2531 3845 2583 randa

2256 2613 2554 2683 transegit:
2590 2613 2744 2684 cujus
2773 2616 2901 2669 lomi
2958 2626 3090 2682 tres,
3137 2633 3272 2687 quos
3322 2635 3498 2673 rerum
3558 2622 3848 2677 Francica—

2254 2720 2375 2759 rum
2426 2705 2713 2759 Historiam
2774 2712 3136 2777 nuncupavit,
3184 2712 3236 2764 in
3288 2711 3460 2766 lucem
3506 2716 3847 2781 prodierunt.

2256 2800 2407 2855 [land
2434 2800 2611 2855 minus
2639 2810 2720 2855 est
2743 2802 2886 2857 utilis
2930 2802 3049 2873 ejus
3104 2805 3301 2859 Notitia
3358 2806 3673 2873 Galliarum,
3704 2812 3849 2865 anti-

2256 2908 2485 2963 quorum
2557 2904 2835 2951 auctorum
2892 2901 3257 2955 monumentis
3295 2910 3348 2956 ct
3394 2905 3711 2959 testimoniis
3764 2922 3849 2960 re-

2258 2988 2414 3041 ferta.
2476 2986 2581 3042 Res
2634 2987 3000 3058 Francorum,
3038 2992 3379 3061 potissimum
3428 2996 3850 3063 ecclesiasticas,

2260 3080 2610 3135 illustrandas
2632 3084 2869 3152 suscepit
2918 3082 3142 3138 Carolus
3169 3086 3416 3141 Cointius
3445 3089 3673 3141 (lratorii
3715 3089 3850 3143 Gal-

2264 3172 2421 3227 licani
2455 3174 2757 3245 presbyter,
2787 3191 2919 3243 quas
2972 3190 3176 3246 septem
3234 3180 3394 3233 tomis
3438 3183 3852 3247 eompreliendit

552 3279 617 3335 de
644 3280 823 3335 Gloria
851 3278 1255 3335 ροητθεεοωιη,
1296 3284 1364 3333 At
1406 3280 1667 3335 sexennio
1701 3291 1907 3347 postea,
1960 3280 2010 3335 id
2043 3292 2130 3336 es;
2180 3255 2227 3319 C
2259 3267 2358 3320 sub
2393 3268 2678 3322 Annalium
2736 3266 3066 3323 Francorum
3125 3272 3280 3325 titulo
3316 3289 3327 3323 :
3362 3283 3604 3326 octavum
3634 3289 3699 3328 ex
3733 3275 3854 3344 ejus

554 3385 697 3425 anno
727 3371 882 3434 1589,
933 3371 1265 3439 Margariuus
1312 3370 1380 3425 de
1426 3370 1474 3425 la
1523 3370 1710 3438 Bigne,
1761 3370 1953 3425 doctor
1998 3370 2179 3431 Pari-.

556 3463 750 3520 siensis
782 3479 812 3519 e
859 3463 1118 3518 societate
1147 3461 1463 3527 Sorbonica,
1500 3461 1886 3517 Bibliothecam
1935 3472 2151 3518 sancto-

554 3570 673 3613 rum
704 3557 921 3612 Patrum
959 3555 1136 3625 priore
1167 3570 1328 3624 quam
1376 3561 1501 3608 ante
1533 3553 1739 3624 aliquot
1786 3569 1962 3608 annos
1993 3570 2153 3610 cura-

556 3658 707 3706 verat
736 3649 905 3704 multo
932 3649 1245 3719 ampliorem
1275 3649 1463 3713 edidit,
1501 3647 1553 3701 in
1584 3662 1688 3717 qua
1713 3647 1941 3701 inseruit
1966 3648 2151 3701 omnia

556 3740 804 3814 Gregorii
853 3742 1022 3798 nostri
1065 3757 1251 3812 opera,
1300 3756 1419 3810 quze
1450 3738 1643 3795 exinde
1695 3740 1747 3792 in
1796 3740 2152 3808 sequentibus

557 3833 907 3891 Bibliotheca:
959 3834 1176 3889 Patrum
1225 3832 1577 3897 editionibus,
1629 3831 1911 3886 doctorum
1945 3832 2196 3889 scilicet'

554 3926 949 3985 Coloniensium
983 3943 1124 3984 anno
1156 3926 1316 3997 l6l8,
1347 3936 1401 3984 et
1430 3926 1771 3998 Lugdunensi
1802 3946 1944 3988 anno
1976 3932 2147 4003 1677,

554 4020 728 4078 locum
758 4022 1084 4080 habuerunt.

629 4112 752 4167 152.
778 4114 996 4168 Decimo
1020 4115 1288 4169 currentis
1316 4114 1473 4185 hujus
1496 4116 1691 4171 decimi
1722 4118 1940 4188 septimi
1968 4118 2153 4174 srcculi

560 4218 700 4259 anno
726 4205 846 4260 duae
868 4205 1065 4261 iterum
1099 4206 1441 4277 Gregoriauae
1463 4209 1710 4265 Historiae
1735 4211 2000 4267 editiones
2030 4228 2153 4281 pro-

557 4298 772 4353 dierunt
799 4298 1018 4354 Parisiis
1044 4317 1056 4352 :
1082 4314 1185 4353 una
1203 4300 1389 4355 Latine
1416 4316 1479 4354 ex
1510 4301 1783 4357 Laurentii
1818 4304 2056 4362 Bochelli
2074 4305 2153 4359 bi-

564 4390 856 4458 bliotheca,
890 4407 1011 4448 eum
1046 4392 1207 4447 variis
1236 4392 1550 4448 lectionibus
1575 4409 1638 4448 ex
1670 4409 1769 4448 ms.
1802 4396 2072 4451 Oiseliano
2100 4403 2155 4451 et

558 4486 678 4539 aliis
694 4484 930 4554 ejusdem
959 4486 1193 4541 Bochclli
1223 4488 1569 4554 membranis,
1594 4489 1658 4542 ad
1690 4489 1809 4543 libri
1834 4490 2035 4544 calcem
2060 4491 2152 4545 ad-

556 4578 792 4649 junctis;
823 4580 989 4635 altera
1016 4595 1144 4635 vero
1174 4579 1401 4648 Gallice,
1432 4596 1498 4635 ex
1530 4582 1777 4636 versione
1808 4580 2015 4637 Claudii
2044 4582 2150 4635 Bo-

2258 3359 2473 3413 schedis
2496 3360 2665 3412 edidit
2714 3359 2779 3415 V.
2812 3360 2891 3415 Cl.
2946 3359 3217 3417 Gerardus
3256 3367 3325 3416 du
3371 3363 3515 3432 Bois,
3568 3368 3774 3436 plures,
3804 3368 3851 3423 si

2259 3466 2357 3521 per
2390 3454 2553 3506 vitam
2585 3452 2860 3522 licuisset,
2898 3456 2972 3509 uti
3009 3464 3381 3525 Sperabamus,
3407 3461 3644 3515 daturus.
3683 3462 3854 3518 Voces

2266 3544 2541 3601 abstrusas
2570 3556 2624 3601 et
2652 3546 2754 3600 alia
2787 3548 3054 3617 ejusmodi
3084 3552 3329 3620 exposuit
3358 3554 3437 3605 vir
3459 3554 3617 3608 clarzc
3649 3570 3855 3609 metuo-

2257 3638 2351 3693 rize
2373 3638 2599 3696 Carolus
2634 3640 2889 3696 Fresnius
2912 3643 3145 3714 Cangius
3192 3648 3242 3699 in
3304 3646 3671 3704 laudatissimo
3699 3652 3855 3704 Glos-

2260 3734 2423 3787 sario.
2474 3734 2763 3804 Complura
2809 3737 3119 3806 explanavit
3164 3736 3326 3793 illust.
3362 3740 3446 3793 vir
3494 3741 3855 3813 Hieronymus

2259 3828 2623 3898 Bignoniusin
2671 3832 2810 3886 notis
2862 3832 2927 3886 ad
2977 3832 3213 3887 lllarculli
3268 3834 3519 3890 monachi
3571 3836 3851 3892 formulas.

2256 3920 2414 3976 Multa
2444 3924 2568 3978 item
2601 3924 2887 3979 illustravit
2910 3933 2963 3980 et
2989 3928 3293 3982 emendavit
3331 3926 3393 3982 ν.
3424 3930 3506 3984 Cl.
3544 3931 3855 3999 Stephanus

2265 4013 2516 4069 Baluzius
2549 4024 2658 4069 tum
2703 4015 2755 4069 in
2789 4017 3174 4087 capitularibus
3218 4035 3436 4089 regum,
3472 4031 3580 4076 tum
3621 4024 3672 4077 in
3732 4026 3853 4080 aliis

2256 4108 2509 4177 operibus
2529 4152 2543 4177 ,
2572 4125 2694 4179 qua:
2720 4124 2986 4164 summam
3030 4113 3147 4182 ejus
3169 4114 3524 4170 eruditionem
3559 4127 3848 4173 testantur.

2256 4199 2387 4267 Quae
2439 4216 2569 4256 vero
2617 4202 2683 4256 ad
2736 4204 3155 4260 ecclesiasticam
3194 4206 3529 4279 disciplinam
3581 4214 3855 4278 pertinent

2259 4295 2358 4349 sub
2387 4294 2553 4363 prima
2586 4284 2772 4365 regum
2817 4309 3123 4355 nostrorum
3178 4306 3364 4372 stirpe,
3389 4312 3454 4358 ex
3485 4303 3727 4376 Gregorii
3759 4324 3855 4377 po-

2257 4386 2521 4441 tissimum
2548 4388 2806 4458 operibus
2861 4392 3146 4447 elucidavit
3182 4395 3484 4451 Ludovicus
3538 4399 3855 4457 Thomassio

2256 4492 2381 4533 ηυξ.
2411 4479 2573 4534 Multa
2609 4481 2735 4536 item
2780 4483 3039 4539 debemus
3100 4486 3293 4540 Joanni
3341 4488 3597 4543 Savaroni
3657 4493 3851 4547 Claro-

2255 4583 2531 4638 montano,
2563 4573 2615 4628 in
2664 4576 2832 4642 patria
2873 4577 3232 4663 subsidiorum
3291 4582 3439 4635 curia
3486 4584 3726 4651 pratsidi,
3758 4586 3852 4653 qui

563 4675 671 4729 neti
699 4674 1230 4746 Delphinatis,quam
1247 4674 1540 4729 editionem
1569 4673 1954 4730 curavitV.C|.
1986 4674 2149 4730 d‘He-
2180 4648 2231 4707 Ῑ)
2260 4671 2457 4740 passim
2488 4673 2541 4726 in
2566 4674 2706 4727 notis
2737 4674 2801 4727 ad
2855 4648 3219 4745 Kpollinarem
3251 4648 3529 4733 Sidonium
3555 4689 3610 4733 et
3638 4683 3690 4734 in
3714 4648 3852 4736 Ori-

556 4782 695 4838 ntery
726 4768 1019 4823 d’Amboise
1043 4768 1343 4823 libellorum
1372 4769 1673 4837 supplicum
1704 4767 1979 4837 magister,
2012 4784 2147 4837 [παις

562 4861 730 4917 misso
757 4860 1003 4931 Gregorii
1054 4862 1304 4916 Historiae
1356 4860 1566 4931 prolixo
1599 4860 1863 4929 prommio
1888 4900 1901 4924 ,
1962 4860 2012 4914 in
2042 4876 2149 4930 quo

557 4952 898 5027 potissimum
932 4950 1051 5021 ejus
1094 4952 1327 5006 auctoris
1373 4950 1437 5004 ad
1492 4951 1848 5006 conlutandos
1890 4965 2147 5006 novorum

556 5044 930 5102 haereticorum
1005 5059 1217 5100 errores
1285 5043 1571 5098 utilitatem
1614 5044 1966 5099 demonstrat.
2044 5044 2148 5099 Has

559 5153 701 5195 anno
727 5137 872 5194 1615
901 5144 1085 5193 secuta
1118 5145 1201 5191 est
1247 5135 1550 5206 Marquardi
1586 5135 1807 5191 Freheri
1853 5136 2036 5204 editio,
2082 5137 2149 5192 ad

557 5233 801 5289 codicem
840 5232 1093 5289 Palatina:
1118 5230 1458 5286 bibliotheca:
1506 5230 1786 5297 adornata,
1818 5232 1870 5286 in
1913 5232 2146 5288 Histori-

558 5339 746 5380 eorum
799 5326 1039 5381 Francia:
1084 5323 1407 5380 collectione
1435 5364 1449 5389 ,
1495 5340 1652 5394 quam
1698 5325 1952 5380 l-lanovia:
2009 5324 2148 5395 typis

554 5416 920 5475 Wechelianis
951 5417 1065 5472 ﬂeri
1091 5415 1330 5471 curavit.
1367 5416 1608 5486 Denique
1638 5417 1881 5473 Andreas
1912 5417 2152 5473 Duches-

555 5525 647 5578 ne,
679 5510 763 5565 vir
792 5507 1093 5564 eruditione
1123 5506 1355 5563 celebris
1404 5517 1457 5563 et
1503 5508 1571 5563 de
1611 5509 1784 5579 gentis
1818 5519 2015 5565 nostrae
2061 5508 2150 5563 Hi-

553 5605 721 5660 storia
752 5604 889 5659 bene
936 5604 1182 5669 meritus,
1227 5612 1417 5657 nostro
1466 5603 1666 5659 saeculo
1714 5606 1933 5660 ineunte
1980 5603 2151 5658 colle-

551 5696 785 5752 ctionem
837 5692 1223 5764 amplissimam
1272 5695 1511 5751 omnium
1579 5708 1891 5761 auctorum,
1942 5695 2031 5765 qui
2080 5695 2146 5750 de

552 5788 882 5847 Francorum
937 5796 1095 5860 gente
1146 5787 1350 5857 aliquid
1408 5790 1775 5859 scripserunt,
1821 5801 2143 5858 aggressus,

550 5883 787 5944 primum
814 5881 933 5951 eius
964 5891 1168 5943 tomum
1216 5896 1363 5941 anno
1391 5881 1531 5942 1656
1570 5882 1756 5950 edidit,
1782 5880 1837 5937 in
1858 5895 1965 5950 quo
2006 5880 2147 5939 inter

2258 4764 2472 4833 ginibus
2502 4764 2934 4823 Claromontanis
2976 4767 3216 4839 Gregorii
3273 4773 3439 4826 nostri
3466 4788 3629 4838 Opera
3672 4775 3857 4832 laudat

2258 4866 2315 4912 et
2358 4858 2612 4912 illustrat.
2661 4858 2845 4929 Neque
2884 4860 3212 4917 omittendus
3258 4874 3340 4917 cst
3368 4864 3431 4919 Υ.
3462 4864 3545 4919 Cl.
3580 4869 3853 4921 Antonius

2266 4949 2504 5005 Dadiuus
2528 4951 2801 5006 Altesert'a
2833 4953 2886 5006 in
2920 4952 3186 5008 Tolosana
3237 4958 3508 5010 academia
3541 4968 3853 5013 ante-oessor

2259 5043 2677 5109 celeberrimus,
2698 5044 2789 5113 qui
2822 5054 2974 5100 notas
3002 5055 3057 5100 ct
3085 5046 3489 5102 observationes
3517 5049 3569 5102 in
3601 5048 3852 5119 Gregorii

2254 5135 2587 5191 Turonensis
2637 5136 2926 5191 Historiam
2982 5148 3037 5193 et
3090 5138 3398 5209 Fredegarii
3440 5139 3765 5196 Chronicum
3797 5143 3852 5198 in

2256 5230 2519 5300 singulari
2547 5246 2709 5299 opere
2742 5231 2911 5286 edidit
2956 5231 3165 5287 Tolosae
3200 5247 3343 5287 anno
3396 5232 3557 5287 1679.
3582 5234 3851 5301 Quantum

2252 5333 2430 5379 autem
2457 5309 2716 5393 pro'tlesse
2772 5327 2944 5394 possit
3009 5325 3059 5379 in
3111 5323 3377 5395 Gregorio
3428 5325 3751 5380 illustrando
3788 5325 3849 5380 D.

2254 5414 2478 5471 Joannis
2526 5416 2817 5472 Mabillonii
2865 5417 3086 5487 insignis
3113 5417 3250 5472 liber
3274 5416 3342 5471 de
3374 5415 3449 5471 Re
3483 5417 3851 5482 diplomatica,

2256 5528 2415 5567 nemo
2438 5523 2521 5568 est
2548 5516 2635 5583 qui
2672 5515 2900 5577 nesciat,
2930 5515 2972 5568 si
3032 5515 3115 5567 vel
3164 5515 3328 5569 semel
3378 5514 3653 5585 egregium
3716 5512 3849 5568 illud

2254 5620 2389 5674 opus
2418 5605 2698 5661 evolvet-it.
2727 5605 2831 5660 Sed
2865 5607 3013 5675 plura
3045 5614 3191 5659 vetat
3215 5606 3398 5661 dicere
3423 5606 3608 5676 optimi
3650 5604 3850 5674 magis-

2255 5699 2320 5752 tri
2357 5699 2459 5752 mei
2487 5700 2879 5768 modestia,qui
2932 5709 2985 5753 et
3020 5700 3071 5752 in
3125 5698 3331 5767 liturgia
3381 5696 3673 5760 Gallicana,
3696 5693 3847 5749 aliis-

2252 5807 2354 5861 que
2379 5792 2431 5847 in
2460 5794 2578 5847 suis
2604 5792 3099 5847 elucubrationibus
3140 5792 3314 5863 gentis
3340 5802 3537 5846 nostrae
3565 5790 3845 5849 historiam

2250 5894 2309 5943 et
2328 5888 2577 5957 antiquos
2609 5900 2791 5943 mores
2818 5901 2886 5943 ex
2908 5885 3153 5957 Gregorii
3183 5886 3363 5945 verbis
3385 5885 3670 5957 plurimum
3693 5896 3850 5940 com—
