4086 6328
245 334 349 391 105

1669 329 2055 388 ΡΒᾸΞΡΑΤΙΟ.

3416 330 3521 386 106

246 451 540 511 mendavit.
570 451 669 520 Ei,
715 452 761 508 si
805 452 931 522 quid
961 449 1015 507 in
1045 448 1145 507 hac
1168 448 1424 521 editione,
1458 458 1550 507 aut
1596 451 1651 506 in
1711 451 1830 506 aliis
1858 452 1908 511 Α
1936 452 2249 519 argumenta
2290 446 2358 502 ad
2384 446 2438 501 id
2468 445 2819 502 evincendum
2849 445 3193 514 sufficientia,
3235 463 3439 520 nosque
3467 450 3522 507 ei

245 545 434 618 opellis
464 545 622 610 meis,
649 542 776 600 utile
798 551 1049 599 occurrat
1077 543 1155 598 rei
1207 542 1508 611 litterariae,
1538 552 1708 599 totum
1741 559 1828 599 me

245 638 442 694 debere
490 636 769 707 proliteor.
801 636 1040 693 Cateros
1085 651 1215 692 vero
1235 646 1486 693 auctores
1513 637 1827 708 singillatim

246 744 351 784 non
374 730 705 784 recensebo:
757 728 1045 784 laudantur
1087 730 1229 784 enim
1273 730 1469 801 quique
1516 731 1626 786 suis
1673 730 1829 786 locis.

246 823 397 878 Nunc
425 821 497 877 de
522 821 845 891 Fredegario
871 822 1057 889 paucis
1087 822 1395 879 dicendum.

316 914 459 971 Ἴσα
477 912 552 968 De
583 912 902 986 Fredegario
925 925 973 969 et
1001 915 1109 987 ejus
1147 916 1411 987 operibus.
1433 945 1505 956 —
1532 917 1658 973 154.
1699 917 1830 985 Quis

247 1003 598 1076 Fredegarius
619 1005 776 1060 fuerit
802 1004 1020 1062 difﬁcile
1040 1014 1123 1063 est
1152 1007 1355 1073 dicere,
1378 1023 1501 1064 cum
1525 1024 1593 1065 ne
1615 1009 1831 1081 quidem

247 1098 365 1167 ejus
420 1111 617 1153 nomen
666 1108 871 1154 certum
922 1099 1202 1155 habeatur.
1251 1100 1609 1171 Fredegarius
1650 1111 1832 1160 tamen

247 1190 406 1258 vulgo
425 1188 646 1256 dicitur,
677 1197 736 1245 et
772 1190 873 1245 sub
901 1204 967 1245 eo
1023 1192 1239 1249 nomine
1294 1193 1541 1250 laudatur
1587 1196 1828 1265 passim:

249 1284 340 1340 sed
368 1283 530 1351 unde,
557 1282 656 1338 viri
700 1283 895 1339 eruditi
926 1284 1028 1339 hoc
1049 1284 1152 1340 sibi
1195 1285 1582 1357 incompertum
1605 1303 1726 1344 esse
1757 1288 1837 1343 fa-

249 1385 447 1432 tentur.
484 1376 599 1432 lloc
624 1375 821 1447 quippe
847 1390 1042 1431 nomen
1081 1392 1150 1432 ne
1176 1378 1370 1434 unicus
1398 1379 1612 1450 quidem
1638 1378 1830 1447 codex,

250 1468 338 1537 qui
360 1468 568 1523 scilicet
588 1475 747 1522 notus
772 1468 868 1535 sit,
927 1467 1164 1537 praefert.
1193 1468 1363 1526 Immo
1402 1472 1584 1528 laudat
1612 1470 1835 1526 Hadria-

250 1576 351 1615 nus
376 1561 621 1617 Valesius
672 1562 914 1619 codicem
942 1578 1110 1619 unum
1131 1609 1145 1633 ,
1172 1567 1261 1635 qui
1296 1567 1606 1639 Fredegarii
1637 1566 1835 1637 vulgati

251 1668 410 1723 opera
438 1656 616 1725 alteri,
654 1671 849 1727 nempe
896 1654 1074 1711 ldatio
1124 1657 1357 1726 cuidam,
1393 1659 1598 1715 tribuit.
1632 1660 1737 1716 Sed
1791 1661 1835 1714 is

252 1745 418 1801 codex
444 1747 580 1802 alius
604 1763 709 1803 non
741 1757 822 1803 est
846 1763 877 1802 a
901 1748 1298 1817 Sirmondiano,
1323 1750 1373 1805 in
1400 1767 1505 1822 quo
1525 1753 1701 1807 Adatii
1720 1753 1828 1823 qui-

1936 541 2075 596 ultro
2140 538 2561 596 subscribemus.
2615 538 2833 594 Interim
2891 539 3128 595 virorum
3185 540 3519 597 eruditorum

1935 632 2182 705 vestigiis
2204 631 2564 702 adhaerentes,
2592 632 2939 689 collectorem
2971 643 3214 690 nostrum
3252 635 3522 707 Fredega-

1936 726 2079 780 rium
2102 724 2487 781 scholasticum
2513 726 2783 795 appellare
2811 742 3114 797 pergemus,
3142 727 3375 784 maxime
3396 744 3521 785 cum

1933 818 2137 889 absque
2166 818 2346 889 aliqua
2374 817 2522 888 gravi
2550 817 2759 874 ratione
2789 819 3083 889 putandum
3114 834 3221 875 non
3251 820 3324 876 sit
3346 820 3449 877 hoc
3469 821 3523 876 ei

1936 925 2133 967 nomen
2157 920 2356 968 temere
2388 910 2643 966 tributum
2691 911 2854 967 fuisse
2880 927 2910 967 a
2941 913 3070 968 viris
3097 913 3345 981 eruditis,
3385 929 3521 984 quos

1936 1001 2209 1073 Josephus
2262 1002 2497 1074 Scaliger
2547 1003 2910 1059 innominatos
2954 1005 3155 1061 laudat.
3207 1007 3328 1076 Ipse
3376 1008 3521 1061 enim

1935 1095 2177 1167 Scaliger
2197 1104 2253 1151 et
2279 1094 2632 1166 Marquardus
2658 1095 2933 1152 Freherus
2962 1097 3121 1167 primi
3162 1096 3245 1154 sic
3284 1112 3409 1155 eum
3430 1114 3525 1169 ap-

1936 1190 2168 1260 pellasse
2195 1188 2559 1245 inveniuntur.

2009 1280 2133 1336 155.
2160 1280 2543 1352 Fredegarium
2576 1280 3014 1351 Burgundionem
3056 1281 3222 1338 fuisse
3270 1284 3519 1341 Valesius

1937 1382 1994 1433 et
2020 1374 2263 1431 Cointius
2286 1384 2510 1432 censent
2541 1376 2773 1447 :quibus
2818 1375 2974 1431 facile
3023 1376 3434 1443 subscribimus,
3466 1385 3523 1432 et

1940 1466 2155 1537 quidem
2185 1466 2239 1522 id
2268 1481 2335 1522 ex
2356 1467 2475 1537 ejus
2500 1467 2715 1537 scriptis
2736 1467 2949 1522 suaderi
2989 1475 3185 1537 potest.
3206 1468 3263 1521 ln
3316 1469 3514 1532 priori-

1940 1559 2041 1614 bus
2080 1560 2278 1629 quippe
2300 1573 2410 1614 suae
2434 1558 2769 1615 collectionis
2794 1559 3033 1629 partibus
3079 1559 3523 1629 Burgundionum

1939 1653 1994 1709 in
2020 1652 2219 1708 Gallias
2246 1653 2537 1709 adventum
2582 1662 2784 1719 narrat,
2839 1653 3202 1723 nonnullaque
3230 1654 3368 1710 haud
3398 1668 3527 1708 con-

1941 1745 2233 1802 temnenda
2254 1754 2308 1802 et
2336 1746 2626 1817 singularia
2653 1746 2857 1801 devhac
2885 1756 3043 1816 gente
3065 1747 3246 1813 habet,
3277 1762 3395 1816 quae
3430 1760 3531 1801 nec

254 1838 372 1895 dem
401 1855 602 1896 nomen
626 1843 884 1909 occurrit,
914 1842 1008 1898 sed
1032 1843 1278 1900 ducentis
1296 1843 1511 1901 circiter
1532 1848 1686 1903 annis
1709 1863 1836 1905 exa-
1864 1847 1913 1909 B
1938 1840 2080 1911 apud
2114 1839 2456 1910 Gregorium.
2484 1855 2583 1896 nec
2608 1840 2750 1911 apud
2779 1839 2916 1894 alios
2944 1850 3194 1896 auctores
3214 1848 3523 1896 occurrunt-

255 1939 426 1986 ratum
452 1940 572 1999 post
614 1932 855 1987 codicem
877 1933 1156 2003 scriptum,
1186 1934 1239 1988 id
1270 1943 1355 1990 est
1387 1938 1587 1993 saeculo
1624 1939 1836 1996 circiter

256 2037 420 2088 nono,
445 2033 501 2077 ut
530 2038 595 2078 ex
618 2023 944 2079 characteris
964 2024 1136 2080 forma
1155 2026 1424 2084 aestumare
1453 2028 1598 2085 licet.
1631 2030 1838 2087 Titulus

256 2122 435 2168 autem
459 2116 544 2169 ille
572 2129 601 2167 a
649 2115 830 2171 nescio
892 2132 997 2186 quo
1046 2117 1215 2172 codici
1257 2120 1488 2187 additus,
1538 2122 1615 2177 sic
1655 2122 1835 2193 habet,

258 2207 574 2265 Breviarium
599 2226 864 2280 scarpsum
893 2226 955 2264 ea:
967 2208 1222 2265 Chronica
1250 2212 1476 2283 Eusebii,
1513 2214 1839 2288 Hieronymi,

258 2300 582 2368 aliorumque
609 2311 925 2356 auctoruma
952 2304 1174 2372 quodam
1207 2305 1417 2360 Adatio.
1444 2307 1539 2362 Cui
1568 2310 1838 2381 scriptori,

259 2392 499 2461 quisquis
519 2394 611 2448 ille
632 2395 813 2459 fuerit,
847 2395 1024 2449 fucum
1080 2395 1226 2465 fecit,
1260 2409 1321 2453 ut
1359 2398 1472 2468 ipse
1500 2415 1713 2471 quoque
1733 2402 1841 2457 Va-

269 2483 435 2539 lesius
455 2485 738 2553 observat,
767 2486 918 2541 ldatii
957 2485 1304 2555 Chronicum,
1346 2492 1485 2559 quod
1532 2492 1843 2564 Fredegarii

276 2574 609 2631 collectionis
628 2588 831 2645 partem
853 2579 1151 2648 constituit,
1180 2595 1300 2635 cum
1325 2583 1549 2651 epiStola
1581 2586 1682 2654 ipsi
1713 2602 1846 2653 prat-

267 2668 434 2724 missa
458 2669 560 2723 sub
595 2669 779 2723 Udacii
809 2684 903 2725 seu
960 2670 1129 2726 Idacii
1151 2674 1385 2740 nomine,
1418 2675 1471 2729 in
1522 2691 1624 2746 qua
1648 2677 1737 2733 ille
1787 2691 1847 2735 se

264 2756 520 2825 superius
544 2759 744 2827 scripta
767 2772 831 2813 ex
862 2757 1097 2817 Eusebio
1125 2769 1181 2818 et
1210 2762 1536 2836 Hieronymo
1566 2768 1849 2838 collegisse

267 2847 591 2917 proﬁtetur;
624 2849 903 2919 sequentia
930 2866 1057 2907 vero
1096 2868 1127 2907 a
1155 2868 1214 2909 se
1266 2857 1514 2925 exposita
1564 2856 1750 2914 fuisse.
1779 2858 1849 2916 At

261 2940 380 2996 hazc
402 2940 545 2996 dicta
584 2951 735 2996 erant
756 2942 824 2997 ab
847 2942 1014 2999 ldatio
1042 2944 1109 3000 de
1157 2960 1256 3001 suo
1308 2946 1594 3015 Chronico,
1626 2950 1766 3019 quod
1793 2950 1847 3006 in

262 3031 572 3103 Fredegarii
602 3034 912 3090 collectione
937 3036 1113 3091 locum
1137 3037 1297 3092 habet
1326 3052 1343 3093 :
1371 3055 1489 3108 qua:
1523 3048 1698 3096 tamen
1725 3056 1851 3111 pos-

268 3131 414 3179 terus
461 3126 692 3195 scriptor
722 3128 788 3182 ad
827 3136 990 3183 totam
1018 3128 1406 3186 collectionem
1449 3133 1710 3189 extendit.
1741 3134 1852 3190 Nec

1941 1931 1999 1987 In
2031 1929 2299 1987 Chronico
2320 1931 2628 2001 autem,qui
2649 1931 2898 2000 proprius
2918 1930 3061 1986 illius
3074 1941 3154 1987 est
3177 1930 3338 1998 fetus,
3361 1930 3532 1986 multo

1941 2026 2245 2081 accuratius
2274 2034 2329 2080 et
2356 2024 2528 2079 fusius
2557 2038 2715 2095 quam
2740 2033 2933 2079 caetera
2964 2025 3306 2094 prosequitur
3326 2040 3389 2079 ea
3410 2039 3532 2095 qua:

1941 2119 2009 2173 ad
2038 2116 2363 2189 Burgundize
2410 2133 2632 2187 regnum
2683 2125 2947 2188 spectant,
2981 2125 3036 2173 et
3082 2116 3276 2173 librum
3324 2131 3533 2175 suuma

1944 2210 2262 2266 Guntramni
2288 2210 2607 2280 liurgundize
2634 2210 2780 2279 regis
2803 2209 3046 2264 laudibus
3076 2210 3314 2274 inchoat,
3342 2209 3533 2264 multa«

1947 2318 2053 2374 que
2076 2304 2143 2358 de
2171 2301 2290 2372 ejus
2317 2301 2602 2357 virtutibus
2632 2301 2925 2372 subjungit,
2956 2311 3117 2371 atque
3148 2315 3415 2355 annorum
3440 2315 3530 2355 se-

1944 2394 2079 2449 riem
2119 2392 2338 2447 deducit
2368 2408 2435 2447 ex
2469 2391 2791 2462 Burgundiae
2819 2393 3056 2462 regibus.
3106 2391 3290 2446 Primo
3335 2389 3533 2462 quippe

1952 2500 2042 2541 res
2068 2496 2247 2555 gestas
2278 2499 2374 2554 per
2404 2482 2723 2539 Guntramni
2753 2497 2924 2538 annos
2950 2484 3234 2554 designat;
3267 2497 3365 2537 nec
3385 2482 3536 2537 Chil-

1947 2576 2155 2633 deberti
2206 2590 2377 2631 annos
2427 2583 2696 2642 recenset,
2729 2575 3038 2645 priusquam
3074 2575 3413 2631 Guntramno
3438 2573 3535 2629 de-

1948 2670 2131 2727 functo
2160 2668 2514 2725 successisset
2555 2668 2611 2723 in
2671 2668 2991 2738 Burguntliae
3023 2683 3276 2737 regnum;
3306 2666 3540 2737 indeque

1951 2764 2165 2821 omissis
2194 2763 2372 2831 annis,
2397 2761 2591 2831 quibus
2640 2760 2785 2817 idem
2814 2760 3191 2827 Childebertus
3221 2770 3543 2831 regnaverat

1951 2855 2007 2910 in
2038 2854 2342 2920 Austrasia,
2363 2867 2534 2907 annos
2562 2853 2680 2921 ejus
2712 2852 2781 2906 ab
2835 2851 2969 2906 inito
3026 2850 3348 2921 Burgundize
3376 2866 3538 2920 regno

1953 2956 2253 3016 computat.
2277 2945 2367 3001 Sic
2400 2954 2519 3014 post
2559 2944 2894 2999 Childeberti
2948 2952 3201 3011 mortem,
3237 2944 3545 3014 posthabito.

1958 3035 2762 3095 TheodcbertoAustrasiorum
2802 3051 2951 3107 rege,
2996 3037 3121 3091 licet
3169 3045 3298 3089 natu
3329 3035 3538 3104 majori,

1957 3147 2126 3188 annos
2150 3130 2490 3198 Theoderici,
2516 3130 2603 3185 cui
2628 3130 2895 3201 obtigerat
2926 3129 3254 3201 Burgundia,
3285 3129 3545 3193 denotat;

269 3213 417 3269 aliud
447 3230 511 3268 ex
534 3215 770 3284 Rigordo
791 3218 981 3273 deduci
1027 3228 1241 3297 potest,_
1259 3222 1349 3291 qui
1385 3222 1437 3276 in
1463 3221 1694 3294 Philippi
1742 3229 1852 3281 Au-
1880 3226 1927 3291 ο
1957 3238 2058 3278 nec
2083 3222 2343 3277 Chlotarii
2369 3235 2539 3276 annos
2572 3220 2840 3291 expressit
2898 3221 3210 3290 priusquam
3259 3219 3545 3275 exstinctis

263 3305 407 3373 gusti
454 3305 571 3360 Vita
606 3310 978 3377 generationes
1002 3327 1187 3382 regum
1219 3329 1277 3369 se
1305 3316 1687 3385 comprobasse
1717 3320 1853 3375 scri-

262 3397 342 3453 bit
364 3407 642 3455 secundum
662 3403 941 3459 Chronicas
973 3403 1143 3460 Idacii
1156 3417 1205 3461 et
1243 3407 1478 3481 Gregorii
1507 3411 1850 3472 Turonensis:

263 3489 428 3560 idque
448 3507 512 3548 ex
540 3494 705 3563 ipsius
730 3496 952 3567 liigordi
996 3501 1210 3569 seriptis
1246 3502 1401 3558 facile
1449 3508 1847 3575 comprobatur.

264 3582 383 3655 Ipse
401 3589 542 3642 enim
568 3590 725 3657 paulo
749 3592 997 3661 superius
1025 3594 1092 3648 de
1127 3595 1454 3652 Francorum
1493 3601 1697 3670 origine
1722 3613 1854 3658 trac-

268 3683 407 3744 tans,
434 3680 510 3734 ait
528 3696 589 3735 se
610 3697 671 3736 ea
701 3682 768 3738 de
815 3700 873 3739 re
913 3686 1142 3742 sollicite
1173 3690 1513 3759 inquisivisse
1535 3710 1597 3748 ea;
1620 3695 1854 3752 Historia

270 3768 508 3842 Gregorii
549 3772 894 3845 Turonensis,
920 3790 967 3833 ct
1019 3797 1080 3834 ea:
1119 3780 1385 3838 Chronicis
1435 3785 1663 3858 Eusebii,
1692 3800 1738 3843 et
1789 3807 1855 3846 ea:

267 3862 536 3920 Chronicis
566 3866 751 3938 ldatii,
771 3880 815 3923 et
830 3887 893 3925 ea:
914 3872 1132 3927 aliorum
1161 3877 1441 3931 multorum
1462 3882 1684 3950 scriptis.
1718 3882 1849 3938 Tum

268 3970 332 4010 ea
362 3956 529 4013 refert
559 3976 675 4029 quae
707 3961 774 4017 de
798 3962 1125 4020 Francorum
1154 3982 1218 4021 ex
1249 3969 1497 4039 Trojanis
1544 3973 1772 4043 origine,
1799 3983 1855 4030 et

267 4049 371 4103 alia
390 4066 511 4119 quae
543 4054 596 4106 in
624 4053 931 4124 Fredegarii
954 4058 1271 4115 collectione
1301 4062 1490 4129 partim
1513 4063 1612 4117 sub
1637 4062 1853 4127 EuSebii

267 4155 362 4197 seu
394 4144 704 4217 Hieronymi
722 4150 961 4213 nomine,
991 4151 1181 4217 partim
1206 4152 1306 4206 sub
1334 4153 1453 4207 aliis
1478 4153 1641 4210 titulis
1655 4154 1854 4212 haben-

269 4242 375 4288 tur.
417 4236 487 4290 At
508 4236 739 4292 ldatium
767 4253 795 4290 a
820 4238 1166 4309 Fredegario,
1199 4257 1293 4297 seu
1320 4243 1388 4297 ab
1416 4252 1633 4300 auctore
1659 4247 1855 4302 collec-

268 4324 429 4379 tionis
458 4342 579 4395 qua:
609 4327 711 4382 sub
753 4328 1062 4399 Fredegarii
1126 4332 1344 4387 nomine
1386 4333 1634 4404 habetur,
1688 4338 1850 4394 alium

267 4431 391 4471 esse
419 4419 581 4473 unico
603 4419 707 4475 hoc
726 4430 1043 4491 argumento
1078 4423 1250 4479 evinci
1296 4436 1498 4495 potest.
1530 4430 1629 4495 Qui
1674 4431 1725 4485 in
1758 4446 1854 4487 sua

266 4509 579 4579 praefatione
603 4526 664 4566 se
680 4513 906 4568 ldatium
933 4514 1083 4584 sequi
1125 4516 1425 4586 proﬁtetur,
1445 4520 1668 4591 ejusque
1690 4537 1851 4591 opera

1957 3315 2293 3373 Childeberti
2351 3315 2475 3369 filiis
2526 3312 2887 3384 Burgundiam
2937 3314 3253 3382 accepisset.
3283 3312 3546 3371 Eumdem

1957 3411 2186 3482 patriam
2210 3408 2529 3464 Aventicum
2561 3407 2814 3463 habuisse
2844 3410 3146 3477 suSpicatur
3174 3404 3442 3471 Valesius,
3476 3406 3542 3459 ob

1957 3501 2248 3573 singularia
2270 3500 2513 3571 quaedam
2542 3498 2699 3569 hujus
2724 3497 2891 3561 urbis,
2927 3514 3046 3566 qua:
3090 3498 3183 3553 ille
3224 3498 3394 3551 fusius
3424 3511 3544 3551 nar-

1956 3601 2061 3649 rat.
2098 3594 2223 3647 Haec
2247 3591 2390 3647 enim
2416 3590 2545 3645 urbs
2601 3599 2729 3643 tunc
2754 3604 2819 3644 ex
2852 3586 3153 3658 Burgundia
3201 3586 3543 3650 censebatur,

1956 3687 2156 3759 quippe
2184 3700 2301 3755 quae
2331 3684 2565 3754 primum
2590 3682 2957 3737 Helvetiorum
2986 3690 3144 3751 caput
3170 3683 3358 3746 fuerat,
3394 3689 3452 3735 ut
3482 3696 3545 3735 ex

1958 3780 2185 3834 vetustis
2197 3777 2411 3833 Notitiis
2439 3786 2604 3846 patet,
2623 3777 2748 3831 dein
2764 3776 2863 3829 Tra
2873 3774 3247 3845 nsjurensibus
3266 3774 3545 3838 attributa,

1957 3870 2171 3925 tandem
2212 3868 2533 3939 Burgundiae
2575 3882 2743 3938 regno
2782 3876 3105 3922 accesserat.
3129 3865 3548 3933 Transjurenses

1956 3970 2134 4015 autem
2150 3960 2315 4014 duces
2332 3968 2597 4014 memorat
2619 3958 2815 4027 passim
2842 3955 3218 4025 Fredegarius,
3251 3969 3545 4024 eorumque

1955 4060 2106 4123 gesta
2138 4066 2517 4121 nonnunquam
2551 4049 2827 4104 describit.
2859 4048 3065 4103 Deinde
3095 4048 3370 4103 Aventicze
3398 4048 3547 4104 urbis

1955 4143 2144 4198 laudes
2174 4142 2293 4198 fuse
2322 4143 2667 4213 prosequitur
2686 4183 2702 4209 ,
2725 4157 2884 4211 quam
2917 4152 3034 4209 post
3063 4155 3367 4210 repressam
3416 4139 3545 4196 Ger-

1958 4253 2241 4295 manorum
2267 4236 2642 4304 rebellionem,
2677 4245 2735 4289 ut
2784 4236 2898 4304 ipse
2945 4234 3152 4304 scribit,
3176 4233 3391 4289 Flavius
3418 4232 3546 4289 γοε-

1957 4333 2213 4402 pasianus
2243 4330 2589 4393 exaediﬁcari,
2626 4342 2719 4384 seu
2762 4330 2941 4397 potius
2971 4326 3464 4397 restaurarijussit,
3497 4332 3550 4385 et

1958 4428 2262 4482 inchoatam
2294 4425 2416 4480 Tito
2430 4424 2538 4479 lilio
2565 4438 2662 4479 suo
2691 4422 3067 4493 perficiendam
3082 4421 3372 4491 commisit,
3402 4420 3547 4492 quod

1958 4533 2079 4574 cum
2112 4519 2204 4574 ille
2234 4519 2426 4573 fuisset
2452 4525 2740 4572 exsecutus
2770 4516 3020 4587 gloriose,
3050 4522 3236 4571 ornata
3261 4523 3307 4568 et
3337 4513 3548 4568 nobilis-

266 4617 375 4656 uon
405 4604 572 4658 semel
605 4605 806 4671 laudat,
839 4608 1002 4662 immo
1030 4617 1085 4663 et
1116 4610 1366 4665 Chronici
1395 4612 1846 4684 ipsiusepitomen
1873 4617 1927 4678 D
1952 4615 2083 4668 sima
2102 4615 2156 4667 in
2184 4612 2359 4667 Gallia
2387 4616 2524 4683 facta
2554 4619 2647 4665 est.
2690 4610 2818 4680 Ejus
2850 4609 3082 4678 denique
3121 4607 3350 4677 cladem,
3384 4622 3544 4678 quam

264 4693 420 4758 facit;
444 4696 640 4766 quique
663 4696 979 4767 Gregorium
1010 4712 1063 4755 et
1091 4700 1354 4757 lsidorum
1389 4714 1636 4761 auctores
1679 4707 1849 4764 ldatio

264 4791 592 4857 posteriores
622 4791 677 4844 in
703 4792 975 4860 epitomen
1006 4794 1255 4850 redactos
1281 4812 1391 4851 sua:
1429 4798 1732 4853 collectioni
1763 4801 1847 4855 in-

264 4884 453 4948 seruit,
484 4882 569 4936 hic
594 4884 782 4954 procul
816 4885 979 4940 dubio
1009 4886 1077 4941 ab
1106 4888 1275 4943 ldatio
1311 4889 1716 4960 distinguendus
1743 4901 1844 4948 est.

264 4976 391 5031 Haec
436 4986 612 5033 autem
663 4980 839 5033 omnia
896 4991 1113 5049 praestat
1162 4981 1496 5039 collectionis
1550 4994 1757 5052 auctor,
1790 4996 1849 5041 ut

263 5070 382 5138 ejus
412 5068 611 5137 scripta
640 5080 926 5139 testantur,
959 5082 1013 5127 et
1033 5074 1146 5143 ipse
1171 5075 1221 5129 in
1255 5077 1567 5146 prmfatione
1593 5078 1847 5133 Chronici

262 5159 523 5214 declarat.
557 5157 761 5232 Itaque,
822 5162 1018 5232 inquit,
1071 5163 1202 5218 beati
1261 5164 1588 5235 Hieronymi,
1621 5167 1780 5222 ldatii
1805 5180 1852 5223 et

264 5253 538 5321 cujusdam
564 5255 809 5323 sapientis
827 5271 918 5310 seu
949 5264 995 5308 et
1024 5253 1245 5321 Isidori,
1268 5258 1524 5325 immoque
1546 5267 1589 5313 et
1616 5258 1853 5329 Gregorii

265 5341 548 5398 Chronicas
576 5362 605 5397 a
638 5347 817 5400 mundi
862 5349 1059 5421 origine
1112 5349 1501 5419 diligentissime
1529 5369 1847 5423 percurrens,

265 5451 429 5505 usque
451 5436 722 5492 decedente
738 5454 893 5509 regno
915 5438 1316 5507 Guntchramni,
1347 5442 1425 5495 his
1442 5444 1667 5514 quinque
1688 5444 1853 5500 Chro-

264 5529 399 5582 nicis
424 5531 579 5600 hujus
603 5531 830 5587 libelli...
865 5533 1079 5587 inserui.
1120 5533 1175 5587 Si
1209 5534 1327 5604 quis
1352 5549 1481 5589 vero
1505 5536 1733 5592 ldacium
1756 5554 1851 5594 seu

264 5620 527 5678 Adacium
552 5622 785 5692 aliquem
811 5623 1153 5680 introducere
1180 5627 1409 5681 voluerit
1456 5626 1614 5697 hujus
1651 5629 1850 5685 collec-

270 5719 436 5774 tionis
454 5729 757 5785 auctorem,
792 5720 954 5775 alium
986 5723 1053 5774 ab
1084 5722 1251 5777 ldatio
1294 5723 1543 5779 Chronici
1565 5726 1849 5795 scriptore,

263 5811 361 5885 qui
386 5810 648 5883 Gregorio
676 5819 865 5866 nostro
896 5820 1053 5867 actate
1088 5814 1359 5882 posterior
1404 5813 1585 5883 fuerit,
1616 5816 1850 5888 proferat

544 5906 821 5969 Puncta
868 5906 1099 5969 LXXI.

1961 4707 2189 4763 Gallieni
2221 4704 2600 4775 temporibusa
2621 4702 2903 4759 Germanis
2929 4711 3013 4758 est
3041 4716 3318 4773 perpessa,
3353 4702 3548 4757 unicus

1959 4810 2150 4854 auctor
2175 4808 2413 4853 enarrat.

2038 4890 2161 4944 1'56.
2190 4888 2361 4959 Hujus
2394 4887 2633 4943 auctoris
2656 4896 2786 4942 aetas
2811 4900 2876 4941 ex
2920 4886 3090 4956 ipsius
3135 4885 3352 4955 scriptis
3380 4883 3546 4937 dedu-

1957 4984 2125 5038 cenda
2156 4992 2238 5037 est
2276 5000 2289 5035 :
2315 4980 2409 5035 sed
2434 4981 2580 5048 prius
2608 4979 2805 5050 scripta
2852 4978 2997 5033 illius
3024 4979 3232 5033 sincera
3262 4977 3329 5030 ab
3371 4975 3544 5029 adsci-

1960 5074 2110 5138 titiis,
2141 5084 2197 5127 et
2252 5072 2468 5140 quidem
2500 5072 2743 5125 codicum
2787 5071 3266 5139 manuscriptorum
3312 5069 3545 5122 auctori-

1958 5174 2089 5232 tate,
2114 5164 2444 5220 secernenda
2474 5171 2599 5218 sunt
2630 5182 2643 5217 :
2670 5178 2835 5233 quare
2870 5178 2991 5233 quae
3020 5163 3074 5217 in
3097 5159 3319 5228 singulis
3341 5160 3545 5217 codici-

1956 5259 2055 5314 bus
2082 5258 2379 5314 habeantur
2400 5258 2709 5313 examinare
2742 5258 2913 5328 juvat.
2939 5256 3019 5311 Ex
3047 5253 3322 5310 codicibus
3356 5271 3545 5311 manu-

1960 5353 2173 5423 scriptis
2204 5361 2258 5408 et
2281 5351 2440 5407 editis
2469 5352 2659 5422 liquet,
2689 5349 3093 5419 Fredegarium,
3124 5362 3219 5403 seu
3249 5350 3546 5419 quemlibet

1956 5446 2141 5510 alium,
2163 5444 2366 5514 quisub
2390 5444 2492 5500 hoc
2512 5443 2730 5499 nomine
2753 5439 2911 5495 hodie
2936 5447 3092 5492 notus
3108 5449 3210 5509 est,
3240 5450 3541 5508 auctorem,

1957 5552 2023 5593 ex
2050 5535 2210 5591 variis
2235 5535 2571 5606 antiquorum
2600 5531 2868 5600 excerptis
2890 5530 3261 5587 collectionem
3290 5531 3544 5588 historia-

1957 5644 2076 5685 rum
2099 5628 2312 5695 fecisse,
2343 5629 2429 5682 cui
2457 5641 2637 5681 rerum
2669 5633 2909 5695 tempore
2936 5640 3034 5681 suo
3059 5636 3327 5696 gestarum
3357 5639 3543 5679 narra-

1959 5722 2159 5777 tionem
2188 5719 2456 5787 adjunxit.
2490 5720 2562 5773 At
2590 5732 2712 5773 cum
2761 5721 2910 5775 varia
2962 5719 3017 5773 in
3046 5720 3211 5775 variis
3265 5719 3543 5774 codicibus

1958 5813 2212 5883 opuscula
2238 5812 2356 5869 haec
2384 5812 2632 5871 collectio
2652 5812 3043 5887 complectatur
3060 5853 3076 5877 ,
3098 5828 3209 5870 Ἴθι]
3234 5810 3370 5869 adeo
3386 5808 3544 5871 facile

3147 5907 3188 5966 Is
