4086 6328
522 363 622 424 10⁸1

1940 337 2336 401 ΡΒΕΕΛἹΊΟ,

3708 319 3809 375 [‘08

523 487 608 538 est
635 491 720 546 ea,
749 487 870 546 quae
897 487 928 527 a
951 471 1126 543 primo
1150 472 1372 523 auctore
1393 461 1620 518 collecta
1653 467 1804 525 sunt,
1836 465 1986 514 certo
2013 456 2108 512 de-
2135 457 2191 519 Α
2221 448 2440 508 nuensis
2465 460 2589 502 esse
2624 442 2837 500 videtur
2871 441 3018 512 quod
3048 440 3136 495 hic
3166 439 3284 496 libri
3310 440 3500 508 quarti,
3533 443 3654 492 meo
3676 437 3811 492 tertii

521 571 700 628 ﬁnire.
732 567 1049 634 Quanquam
1102 557 1232 616 illud
1261 556 1480 612 omnino
1521 563 1675 609 extra
1713 549 1939 605 dubium
1987 563 2111 606 esse

520 663 754 725 videtur,
783 655 1030 727 Gregorii
1059 652 1326 722 epitomen
1347 655 1406 704 et
1425 646 1752 705 Chronicum
1777 646 1830 701 ei
1855 641 2112 714 subiunc-

524 764 637 809 tum
667 750 912 808 sinceros
943 761 1063 803 esse
1103 743 1262 812 hujus
1311 740 1549 798 auctoris
1595 738 1774 804 fetus;
1828 751 1952 793 cuin
1997 735 2115 790 haec

522 844 802 918 opuscula,
833 841 940 899 etsi
964 838 1291 896 Chronicum
1325 835 1379 890 in
1394 834 1518 892 aliis
1530 831 1804 888 codicibus
1830 827 2110 900 prolixius,

525 946 581 998 in
611 938 889 998 nonnullis
912 949 1044 992 vero
1066 933 1288 990 brevius
1316 938 1519 994 exstet,
1546 929 1600 983 in
1621 925 1877 982 omnibus
1897 924 2120 979 omnino

534 1033 937 1106 exemplaribus
965 1029 1292 1085 habeantur.
1327 1026 1403 1080 De
1429 1023 1550 1079 aliis
1584 1021 1743 1091 hujus
1783 1016 2122 1076 collectionis

533 1130 774 1202 partibus
794 1123 1103 1182 dicendum.

606 1246 726 1300 137.
759 1241 938 1298 Codex
973 1239 1036 1294 V.
1061 1237 1144 1293 Cl.
1179 1237 1367 1294 Jacobi
1419 1233 1714 1300 Sirmondi,
1758 1246 1918 1301 quem
1962 1229 2126 1287 modo

529 1340 1004 1397 Claromontanum
1030 1332 1324 1402 appellant,
1346 1328 1490 1400 quod
1516 1329 1570 1383 in
1605 1325 1903 1383 Parisiensi
1940 1324 2123 1381 Ludo—

527 1429 638 1485 vici
660 1427 834 1496 Magni
863 1424 1096 1493 collegio
1119 1413 1541 1477 Clarombntano
1572 1423 1898 1482 asservetdr,
1930 1415 2130 1470 saeculo

526 1520 760 1590 septimo
776 1519 1037 1586 scriptus,
1062 1515 1111 1569 id
1143 1522 1226 1569 est
1252 1514 1472 1567 vivente
1503 1510 1842 1566 collectionis
1883 1519 2126 1575 auctore,

531 1613 709 1684 primo
738 1607 1181 1678 chronologicum
1214 1619 1350 1674 opus
1400 1602 1620 1656 exhibet
1646 1599 1746 1655 sub
1795 1598 1952 1653 titulo
2017 1598 2132 1650 libri

529 1703 937 1776 generationum,
969 1714 1000 1753 s
1030 1697 1215 1752 mundi
1243 1695 1514 1748 creatione
1543 1692 1612 1747 ad
1641 1699 1864 1760 regnum
1895 1688 2137 1758 Assyrio-

533 1813 674 1856 rum.
705 1798 840 1852 Tum
863 1794 1258 1864 subiunguntur
1295 1788 1429 1843 varii
1489 1785 1740 1855 catalogi,
1799 1797 1993 1852 nempe
2025 1781 2133 1836 Ro-

534 1903 817 1948 manorum
839 1887 1224 1955 imperatorum
1259 1880 1325 1935 ab
1364 1881 1605 1946 Augusto
1627 1877 1695 1931 ad
1739 1873 2130 1938 Alexandrum,

535 1989 894 2057 cognomento
923 1979 1412 2044 Severum,regum
1442 1973 1813 2034 Hebraeorum,
1848 1976 1988 2032 etc.;
2014 1981 2136 2022 suu-

536 2083 835 2146 sequuntur
886 2082 1149 2126 annorum
1209 2064 1619 2136 supputationes
1690 2062 1757 2116 ab
1809 2060 2018 2115 Adamo
2067 2057 2135 2113 ad

535 2165 810 2221 Christum
840 2171 1047 2218 natum.
1080 2158 1218 2214 Tum
1257 2157 1533 2227 catalogus
1560 2154 1924 2209 Romanorum
1961 2151 2137 2220 ponti-

538 2255 702 2310 ﬁcum
724 2268 756 2309 a
778 2261 969 2309 sancto
986 2250 1147 2305 Petro
1182 2247 1249 2301 ad
1283 2247 1651 2310 Theodorum,
1681 2243 1771 2313 qui
1797 2257 1955 2296 manu
1978 2240 2138 2309 paulo

537 2345 824 2402 recentiori
856 2344 1052 2400 exinde
1071 2345 1417 2399 c0ntlnuatur
1447 2340 1515 2396 ad
1542 2339 1868 2393 Hadrianum
1903 2337 1943 2389 Ι.
1974 2335 2138 2389 Deni-

539 2454 641 2510 que
662 2437 824 2494 breve
854 2438 1168 2492 cltronicum
1200 2433 1486 2503 subjicitur
1510 2447 1540 2486 a
1600 2429 1781 2484 mundi
1812 2427 2040 2483 exordio
2071 2425 2137 2480 ad

545 2547 746 2586 annum
779 2531 842 2585 51
881 2530 1111 2586 Heraclii
1139 2525 1506 2598 imperatoris,
1537 2533 1698 2592 atque
1731 2521 1784 2574 hi
1828 2519 2059 2585 catalogi
2086 2525 2142 2571 et

545 2623 956 2694 suppetationes
1007 2630 1360 2676 recensentur
1389 2620 1442 2673 in
1477 2616 1674 2677 indice.
1703 2613 1793 2684 qui
1823 2611 1978 2667 initio
2011 2609 2138 2664 libri

551 2718 865 2787 praeﬁgitur.
901 2717 1051 2771 Hunc
1081 2713 1332 2770 eumdem
1368 2713 1563 2767 librum
1607 2707 1771 2762 habet
1805 2705 1971 2760 codex
2005 2715 2142 2758 unus

546 2811 771 2878 Canisii,
805 2811 984 2865 minor
1016 2809 1083 2863 ab
1113 2822 1178 2864 eo
1199 2807 1400 2870 dictus,
1433 2815 1487 2860 et
1515 2804 1594 2858 sic
1614 2817 1737 2857 eum
1760 2800 2018 2868 deinceps
2048 2812 2141 2866 ap-

549 2903 896 2974 pellabimus,
950 2901 1190 2969 exceptis
1249 2895 1510 2965 catalogis
1558 2892 1785 2962 aliisque
1853 2889 2137 2958 computis,

547 3009 667 3068 quae
703 3007 880 3051 tamen
918 2993 1101 3050 omnia
1143 2989 1488 3046 amanuensis
1539 2986 1669 3042 vitio
1714 2987 1766 3039 in
1812 2984 1905 3038 illo
1954 2981 2143 3037 codice

553 3082 753 3144 Omissa
781 3086 950 3141 fuisse
972 3091 1118 3156 patet
1146 3098 1210 3139 ex
1246 3079 1581 3152 praefatione,
1616 3077 1668 3131 in
1693 3090 1820 3146 qua,
1845 3075 1984 3128 sicut
2006 3081 2060 3128 et
2088 3073 2142 3127 in

552 3187 739 3238 codice
767 3181 1063 3246 Sirnicudi,
1097 3185 1356 3233 auctor'se
1384 3177 1525 3230 inter
1553 3173 1715 3227 multa
1741 3171 2008 3224 dicturum
2028 3168 2142 3237 pol-

555 3276 751 3333 licetur
768 3273 835 3330 de
864 3271 1124 3342 ejusmodi
1161 3270 1344 3325 rebus.
1372 3268 1539 3321 Porro
1573 3263 1659 3318 hic
1692 3262 1828 3316 liber
1844 3261 2001 3315 abest
2032 3266 2143 3313 om-

555 3371 683 3423 nino
713 3381 744 3420 a
787 3363 1065 3420 codicibus
1081 3359 1369 3417 Canisiano
1390 3357 1595 3427 majore
1617 3363 1670 3408 et
1710 3353 2033 3417 Boheriano,
2060 3366 2146 3406 cu-

517 3472 526 3483 ·
556 3457 644 3529 jus
670 3459 789 3513 loco
813 3456 865 3510 hi
895 3453 1154 3511 exhibent
1185 3451 1428 3507 libellum
1457 3449 1639 3514 Quinti
1668 3446 1796 3502 Julii
1830 3445 2144 3513 Hilarionis,

554 3551 644 3623 qui
667 3552 723 3607 in
755 3548 1094 3605 Bibliotheca
1117 3545 1337 3601 Patrum
1367 3544 1545 3599 editus
1573 3550 1673 3597 cst.

628 3689 755 3744 1⁸58.
796 3686 960 3742 Liber
980 3683 1248 3740 secundus
1273 3677 1681 3751 Fredegarianze
1707 3673 2044 3731 collectionis
2071 3672 2150 3726 sic

557 3782 802 3864 absolute
842 3781 894 3834 in
923 3778 1106 3834 codice
1127 3773 1397 3833 Sirmondi
1443 3771 1706 3834 habetur,
1747 3767 1950 3838 absque
2000 3764 2151 3819 titulo

560 3859 665 3928 alio
694 3891 708 3928 :
736 3870 927 3941 Incipit
959 3870 1241 3939 capitolare
1265 3864 1527 3918 Cltronece
1581 3859 1836 3915 Gironimi
1861 3873 2151 3928 scarpsum.

563 3965 821 4020 Continet
844 3963 1016 4032 capita
1043 3960 1111 4012 62
1156 3974 1183 4011 a
1211 3957 1332 4012 Nini
1367 3969 1532 4026 regno
1579 3966 1747 4022 usque
1792 3950 1856 4004 ad
1912 3945 2153 4003 Belisarii

563 4045 815 4112 inertem.
851 4054 945 4106 Hic
975 4052 1113 4108 idem
1164 4050 1382 4106 omnino
1431 4047 1566 4103 liber
1597 4041 1930 4101 habetur-..in
1971 4039 2156 4096 codice

565 4149 776 4206 minore
804 4148 1093 4204 Canisiano
1119 4145 1219 4201 sub
1251 4145 1351 4198 hoc
1385 4143 1574 4197 titulo:
1610 4140 1874 4212 Incipiunt
1924 4134 2156 4206 capitula

572 4236 1472 4308 Chronicwlheronymiexcursum,
1506 4240 1562 4286 et
1605 4232 1656 4284 in
1713 4229 2034 4295 Boheriauo,
2068 4226 2157 4280 ubi

571 4333 831 4403 Incipiunt
853 4313 1130 4386 Chironec‘w
1160 4326 1480 4396 Hieronymi.
1515 4323 1623 4378 Sed
1645 4323 1696 4376 in
1721 4334 1945 4390 utroque
1975 4320 2159 4374 codice

568 4415 909 4482 interseritur
941 4424 1175 4479 IIistoria
1222 4420 1430 4475 Daretis
1458 4417 1624 4491 Frigii
1656 4419 1717 4471 de
1756 4416 1950 4485 origine
1987 4411 2163 4466 Fran-

569 4534 766 4584 corum,
799 4519 1018 4572 omnino
1049 4515 1311 4580 labulosa,
1357 4512 1462 4568 alia
1494 4522 1672 4567 tamen
1703 4509 1770 4563 ab
1789 4523 1848 4562 ea
1881 4521 2037 4578 quam
2063 4507 2162 4562 sub

2214 541 2511 611 scripserit,
2530 547 2588 593 ut
2606 554 2677 594 ex
2697 534 3020 607 praecedenti
3043 542 3098 589 et
3118 532 3469 601 subsequenti
3493 530 3632 585 libro
3659 543 3816 600 persp

2216 634 2432 706 picuum
2465 632 2552 695 lit;
2596 627 2696 684 nisi
2727 627 2813 683 hic
2835 642 2988 683 error
3017 641 3080 682 ex
3133 623 3375 693 ejusdem
3407 621 3695 692 scriptoris
3721 637 3814 696 os-

2217 727 2438 784 citantia
2469 724 2816 797 processerit,
2843 722 2932 791 qui
2964 722 3198 786 incaute,
3231 733 3334 772 nec
3359 717 3494 772 satis
3524 715 3816 770 attendens

2219 821 2287 876 ad
2318 819 2642 875 divisionem
2665 831 2823 888 quam
2845 824 3031 868 auctor
3076 812 3132 866 in
3179 810 3448 881 prioribus
3481 808 3636 863 libris
3663 808 3820 862 insti-

2223 919 2417 975 tuerat,
2465 909 2633 964 libros
2679 915 2966 977 sequentes
3021 905 3180 959 modo
3227 902 3521 958 secundum
3569 902 3816 964 tertium,

2225 1003 2386 1059 modo
2419 1003 2636 1057 tertium
2666 1012 2916 1071 quartum
2939 996 3308 1068 appellaverit.
3343 995 3406 1050 Et
3435 995 3649 1063 quidem
3669 996 3820 1060 juxta

2224 1093 2496 1152 Canisiani
2527 1094 2750 1150 minoris
2772 1092 3032 1148 calculum
3059 1091 3235 1158 reipsa
3261 1087 3397 1142 liber
3427 1087 3530 1140 iste
3557 1096 3639 1140 est
3661 1102 3826 1154 quar-

2228 1194 2338 1252 tus,
2370 1187 2456 1242 cui
2488 1186 2757 1241 consentit
2777 1183 2948 1240 codex
2987 1179 3374 1236 Ambrosianus
3404 1178 3543 1248 apud
3595 1177 3826 1231 Lambe-

2237 1281 2380 1338 cium
2416 1290 2560 1334 torno
2596 1278 2638 1333 ll
2681 1277 3026 1332 Bibliotheca:
3079 1269 3509 1327 Vindoboncnsis
3557 1268 3826 1334 laudatus,

2239 1372 2328 1444 qui
2359 1373 2436 1426 sic
2468 1371 2630 1426 habet
2663 1388 2676 1424 :
2709 1368 2900 1439 Incipit
2953 1365 3188 1435 prta/alio
3217 1361 3398 1417 Greca
3441 1361 3587 1415 Libri
3628 1362 3827 1429 quarti.

2235 1466 2304 1520 At
2328 1463 2500 1532 codex
2523 1463 2861 1517 Boherianus
2888 1501 2902 1527 ,
2929 1460 3019 1529 qui
3049 1457 3117 1512 ad
3143 1457 3353 1511 calcem
3382 1453 3740 1524 praecedentis
3767 1453 3833 1507 li-

2233 1556 2316 1614 bri
2356 1555 2518 1611 habet
2547 1571 2561 1607 :
2589 1553 2817 1621 Explicit
2867 1552 2994 1605 liber
3034 1550 3250 1620 primus,
3283 1547 3368 1601 isti
3425 1559 3640 1615 quoque
3701 1543 3833 1598 sub-

2233 1650 2408 1719 junxit
2443 1667 2456 1704 :
2486 1647 2713 1716 Explicit
2745 1645 2870 1700 liber
2891 1643 3167 1698 secundus.
3196 1641 3351 1695 Initio
3371 1649 3550 1696 autem
3583 1640 3835 1708 praelixe-

2238 1753 2322 1797 rat
2355 1761 2366 1795 :
2401 1740 2840 1812 Incipitprazfatio
2860 1754 3046 1808 grwea.
3076 1737 3210 1790 Tum
3241 1753 3255 1788 :
3282 1735 3516 1802 Capituli
3541 1734 3836 1803 libri,quod
3879 1764 3901 1781 .

2163 1841 2212 1901 B
2237 1844 2310 1888 est
2339 1849 2643 1902 excarpsum
2671 1836 2732 1884 de
2784 1829 3048 1884 Chronicis
3083 1826 3252 1882 (ἔναξε.
3297 1825 3458 1895 episc.
3487 1823 3838 1878 Thoronaeis.

2240 1925 2430 1991 Incipit
2459 1923 2605 1977 liber.
2638 1921 2864 1992 Cumque
2893 1920 3124 1974 Vandali
3149 1959 3164 1984 ,
3189 1928 3294 1973 etc.
3323 1917 3568 1972 Similem
3621 1917 3840 1971 titulum

2239 2020 2506 2077 exSIitissc
2532 2017 2585 2072 in
2617 2015 2809 2070 minori
2851 2014 3137 2068 Canisiauo
3157 2026 3220 2067 ex
3245 2025 3312 2066 eo
3339 2010 3665 2080 colligimus,
3695 2008 3842 2079 quod

2243 2114 2332 2169 ille
2355 2128 2450 2183 pro
2481 2125 2578 2165 suo
2611 2124 2759 2164 more
2781 2108 2982 2162 omisso
3008 2107 3366 2170 capitulorum
3419 2104 3594 2157 indice
3625 2101 3842 2156 titulum

2253 2207 2390 2262 libro
2420 2202 2711 2275 pra-ﬁxerit
2742 2219 2757 2254 ;
2785 2199 2977 2271 Incipit
3004 2198 3240 2270 prtefatio
3277 2197 3390 2252 libri
3415 2196 3606 2267 quarti,
3630 2210 3845 2263 excerp-

2255 2308 2361 2351 tum
2387 2297 2448 2349 de
2466 2293 2722 2349 Chronica
2753 2291 2929 2345 Greca
2967 2288 3307 2343 Tltoromaclti
3356 2286 3601 2358 episcopi,
3649 2283 3847 2340 existi-

2244 2406 2392 2446 mans
2413 2390 2551 2443 hunc
2567 2387 2759 2442 librum
2777 2394 3086 2454 excerptum
3108 2381 3132 2436 Γ
3132 2383 3212 2437 uis
3226 2397 3284 2437 se
3299 2390 3352 2437 et
3367 2380 3653 2435 Latinitate
3668 2379 3848 2433 dona-

2247 2493 2356 2537 tum
2381 2483 2448 2538 ab
2474 2491 2708 2536 auctore
2733 2478 2914 2535 saeculi
2947 2477 3074 2531 noni
3102 2491 3166 2531 ex
3218 2474 3485 2530 Chronico
3515 2471 3849 2527 Thoromaci

2243 2573 2518 2644 cujusdam
2542 2571 2781 2642 episcopi
2801 2568 2998 2636 Graeci,
3020 2566 3164 2639 quod
3178 2565 3370 2623 falsum
3395 2581 3514 2621 esse
3537 2567 3648 2637 jam
3682 2547 3849 2619 nemo

2251 2666 2443 2723 nescit.

2324 2755 2451 2810 MO.
2486 2754 2614 2809 Post
2665 2751 3008 2824 Gregorianaa
3054 2750 3305 2807 Historia:
3351 2749 3623 2820 epitomen
3674 2748 3853 2807 codex

2255 2847 2572 2902 Canisianus
2603 2843 2776 2901 minor
2821 2844 2985 2900 habet
3027 2844 3224 2900 Juliani
3278 2843 3568 2898 Hilarionis
3621 2841 3851 2906 librum,

2244 2954 2402 3009 quem
2458 2937 2701 2992 nonnulli
2762 2935 3016 3003 codices,
3075 2944 3132 2990 ut
3201 2949 3361 3004 supra
3413 2933 3851 3000 observavimus,

2246 3031 2419 3102 primo
2434 3033 2553 3088 loco
2567 3031 2839 3086 exhibent.
2865 3031 2918 3085 In
2934 3029 3235 3086 Boheriano
3249 3044 3378 3085 vero
3391 3028 3577 3083 codice
3601 3027 3858 3097 proximo

2248 3138 2365 3197 post
2382 3128 2652 3198 epitomen
2669 3126 2908 3195 sequitur
2929 3124 3256 3180 Cbronicum
3280 3123 3382 3178 sub
3406 3123 3565 3177 titulo
3593 3122 3711 3174 libri
3744 3119 3848 3174 III

2167 3218 2216 3282 C
2247 3221 2544 3276 Chronecw.
2575 3221 2642 3274 At
2666 3218 3119 3274 codexSirmomli
3145 3217 3308 3272 habet
3339 3232 3353 3271 :
3378 3214 3569 3284 Incipit
3601 3213 3857 3286 prologus

2249 3313 2524 3382 cujusdam
2555 3312 2823 3381 sapientis,
2851 3325 3152 3380 quanquam
3186 3325 3286 3364 nec
3310 3309 3424 3379 ipse
3443 3307 3722 3377 prologus,
3749 3319 3859 3362 nec

2250 3407 2391 3480 aliud
2424 3403 2715 3473 quidquam
2737 3403 2856 3472 ejus
2877 3403 2994 3459 loco
3032 3401 3232 3457 ibidem
3285 3408 3508 3469 exstat,
3537 3399 3636 3454 sed
3699 3397 3860 3452 nullo

2251 3499 2427 3566 spatio
2459 3496 2648 3552 relicto
2670 3494 2955 3550 exhibetur
3014 3493 3324 3562 Fredegarii
3347 3492 3679 3548 ‘Cltronicum
3714 3505 3861 3560 prm-

2253 3592 2418 3644 misso
2462 3588 2563 3644 hoc
2612 3587 2804 3642 titulo:
2853 3585 3046 3655 Incipit
3091 3583 3396 3654 capitularis
3445 3585 3686 3638 Croncca:
3732 3581 3861 3636 libri

2254 3685 2508 3756 quarti'in
2543 3682 2735 3738 Christi
2765 3683 2992 3737 nomine.
3025 3684 3093 3735 At
3122 3691 3244 3751 post
3273 3682 3507 3751 capitum
3535 3680 3769 3735 indicem
3799 3688 3861 3734 et

2256 3779 2535 3848 prologum
2579 3777 2740 3831 habet
2779 3792 2794 3830 ξ
2828 3774 2896 3829 In
2946 3776 3153 3829 nomine
3205 3775 3270 3831 Ι).
3307 3775 3382 3828 Ν.
3429 3772 3617 3827 LXI.
3671 3773 3862 3844 inciin

2258 3869 2516 3925 Chronica
2543 3878 2701 3923 sexta.
2729 3867 3104 3931 Guntramnus,
3131 3877 3256 3932 etc.,
3277 3875 3334 3921 ut
3361 3867 3412 3922 in
3430 3867 3590 3922 editis
3616 3867 3681 3920 ad
3706 3881 3861 3920 mor-

2262 3969 2366 4016 tem
2400 3958 2638 4013 Flacoati
2670 3959 2891 4012 relatam
2924 3960 3099 4028 capite
3135 3957 3235 4024 90;
3267 3957 3408 4026 quod
3461 3967 3622 4026 caput
3654 3957 3861 4011 Frede-
3888 3932 3898 3940 ’

2262 4051 2465 4124 gariani
2487 4049 2744 4108 Chronici
2768 4051 3010 4106 ultimum
3037 4065 3158 4106 esse
3181 4049 3317 4105 infra
3341 4050 3860 4114 demonstrabimus,

2261 4161 2568 4217 quanquam
2599 4145 2841 4200 nonnulli
2874 4144 2965 4198 alii
3016 4144 3232 4199 codices
3265 4143 3415 4212 plura
3462 4141 3682 4195 habent.
3714 4140 3864 4197 Nihil

2265 4255 2392 4295 vero
2416 4249 2538 4310 post
2569 4239 2703 4293 illud
2733 4238 3058 4293 Chronicum
3081 4247 3136 4292 et
3161 4236 3277 4306 ejus
3325 4236 3734 4290 continuatores
3760 4234 3863 4286 lia-

2266 4331 2394 4386 bent
2421 4329 2511 4384 alii
2539 4331 2774 4392 codices.
2803 4338 2858 4384 at
2879 4329 3290 4386 Sirmondianus
3320 4327 3514 4382 librum
3541 4337 3863 4396 sequentem

2267 4420 2488 4479 exhibet
2511 4422 2590 4476 sic
2620 4421 2936 4490 inscriptum
2971 4437 2984 4473 :
3019 4419 3085 4474 In
3105 4419 3310 4472 nomine
3347 4418 3556 4473 Sancta:
3589 4415 3866 4471 Trinitatis

2267 4514 2447 4583 incipit
2479 4513 2603 4566 liber
2629 4512 2653 4565 I
2685 4529 2699 4566 ι
2728 4512 2775 4566 l.
2805 4520 3215 4567 ΚΡΩΝΗΚΩΡΩΜ
3237 4511 3330 4564 sci.
3358 4509 3570 4564 Esedori
3597 4507 3717 4578 Epi.
3744 4505 3867 4559 Pri-

573 4611 734 4680 hujus
763 4611 997 4664 auctoris
1022 4608 1240 4662 nomine
1283 4607 1336 4660 in
1382 4604 1570 4659 codice
1624 4615 1727 4680 ms.
1760 4600 1930 4654 sancti
1984 4598 2160 4656 Albini
2189 4613 2244 4675 ι)
2268 4620 2384 4657 mus
2406 4621 2468 4659 ea;
2498 4603 2624 4658 [Isis
2649 4603 2823 4658 Julius
2854 4604 3132 4672 Africanus
3154 4604 3248 4656 sub
3287 4605 3412 4674 imp.
3447 4600 3626 4654 Marco
3658 4599 3867 4652 Aurilio

571 4701 970 4771 Andegavensis
999 4715 1167 4771 nuper
1198 4699 1447 4754 vidimus.
1482 4697 1651 4751 Porro
1689 4677 1882 4746 librum
1910 4691 2050 4745 hunc
2071 4705 2164 4746 co-

571 4793 674 4849 dex
700 4794 874 4847 minor
905 4793 1218 4848 Canisianus
1264 4791 1316 4844 in
1345 4789 1482 4843 duos
1512 4786 1761 4858 partitur.
1793 4783 2027 4836 Primum
2059 4797 2160 4850 aps

574 4887 738 4957 pellat
763 4886 952 4940 librum
981 4902 1020 4939 tt
1050 4885 1475 4962 generationum,
1506 4895 1668 4950 quem
1723 4863 1954 4948 epistola
2002 4876 2162 4932 ldatii

572 4979 843 5036 concludit
867 4998 881 5047 ;
904 4980 1130 5036 alterum
1153 4994 1281 5035 vero
1307 4978 1491 5031 librum
1521 4975 1787 5030 Chronica:
1811 4975 2030 5028 tertium.

645 5094 768 5151 159.
802 5093 961 5151 Liber
991 5092 1181 5148 tertius
1203 5091 1368 5146 titulo
1398 5097 1546 5145 caret
1575 5089 1627 5143 in
1656 5087 1906 5144 omnibus
1945 5087 2166 5142 omnino

580 5186 997 5255 manuscriptis;
1033 5185 1111 5239 sic
1124 5183 1368 5240 absolute
1391 5180 1579 5250 incipit
1591 5180 1643 5235 in
1656 5180 1841 5235 codice
1863 5179 2162 5235 Sirmondi:

580 5275 774 5346 Incipit
799 5276 1036 5346 prwfatio
1085 5272 1344 5344 Gregorii.
1373 5271 1678 5337 Decedente,
1704 5279 1842 5336 etc.;
1870 5281 2001 5335 tum,
2026 5268 2170 5324 Inci-

579 5368 652 5438 pit
677 5365 997 5435 eapetolares
1025 5364 1346 5436 libriquarti,
1378 5349 1516 5434 quod
1546 5373 1616 5417 est
1631 5378 1895 5434 scarpsum
1923 5361 1985 5415 de
2007 5360 2162 5414 Cltro~

580 5457 695 5511 nica
717 5451 954 5526 Gregorii
976 5453 1218 5526 Episcopi
1241 5454 1520 5521 Toronaci,
1547 5456 1600 5507 in
1623 5451 1815 5507 Christi
1833 5451 2036 5506 nomine
2051 5449 2164 5518 ﬁat.

582 5544 783 5602 Deinde
810 5543 978 5619 Caput
1007 5548 1032 5602 1
1077 5547 1141 5601 de
1167 5545 1380 5613 Cltunt's,
1414 5553 1520 5602 etc.
1543 5545 1594 5601 ls
1620 5544 1757 5600 liber
1794 5554 1877 5599 est
1938 5542 2168 5596 Historia

582 5637 824 5709 Gregorii
849 5639 1160 5710 epitomate,
1181 5655 1303 5710 quae
1326 5638 1467 5695 edita
1496 5646 1595 5693 est.
1630 5637 1795 5692 Error
1821 5642 1996 5688 autem
2027 5645 2169 5685 ama-

2269 4698 2516 4764 Anlonio,
2541 4706 2644 4752 etc.
2683 4696 2734 4749 In
2763 4698 2867 4750 line
2896 4704 3074 4749 autem
3110 4710 3125 4749 :
3152 4693 3380 4764 Explicit
3408 4693 3532 4748 liber
3552 4693 3868 4746 breuiarium

2267 4802 2555 4859 temporum
2594 4809 2624 4843 a
2649 4798 2825 4844 sancto
2857 4788 3116 4843 IIesitloro
3147 4789 3412 4843 collectum
3426 4789 3578 4857 juxta
3609 4785 3869 4840 Historia:

2268 4884 2426 4954 ﬁdem
2468 4886 2531 4940 ab
2580 4884 2726 4938 initio
2783 4883 2965 4936 mundi
3012 4897 3170 4952 usque
3236 4884 3674 4952 quadragenum
3727 4895 3870 4934 anno

2269 4979 2622 5033 (Ihlotacharii
2654 4979 2805 5048 regis.
2839 4979 2906 5035 Et
2935 4981 3013 5034 sic
3040 4979 3208 5034 codex
3229 4974 3446 5031 desinit.
3695 4969 3702 4975 ’

2345 5069 2468 5123 Ml.
2515 5071 2640 5126 Haec
2667 5085 2828 5139 porro
2859 5071 3026 5126 iusius
3055 5068 3304 5139 persequi
3331 5067 3502 5122 visum
3531 5075 3638 5130 est,
3665 5075 3727 5119 ut
3754 5066 3874 5118 sin-

2272 5177 2392 5218 cera
2417 5161 2721 5232 Fredegarii
2744 5175 2906 5231 opera
2933 5171 3208 5231 perspecta
3231 5159 3542 5213 habeantur.
3571 5155 3700 5211 lude
3720 5155 3870 5209 enim

2271 5253 2596 5323 colligimus,
2624 5268 2744 5307 eum
2771 5252 3077 5308 historicant
3095 5252 3468 5306 collectionem
3489 5250 3558 5305 ab
3579 5249 3696 5319 ipso
3718 5263 3876 5302 mun-

2272 5345 2325 5400 di
2355 5345 2585 5401 exordio
2615 5345 2678 5400 ad
2709 5342 3023 5400 Guntramni
3057 5350 3266 5398 aetatem
3300 5358 3365 5397 ex
3393 5342 3554 5396 variis
3587 5348 3873 5394 aucturum

2272 5440 2554 5495 (‘Ihronicis
2583 5439 2908 5502 adornassei,
2936 5439 3022 5493 cui
3064 5446 3247 5507 postea
3287 5439 3367 5490 sui
3411 5434 3668 5500 temporis
3698 5433 3874 5488 hieto-

2278 5531 2408 5586 riam
2439 5529 2703 5600 adjunxit.
2731 5527 2783 5582 ld
2807 5528 2978 5598 ipsum
3005 5531 3281 5598 proﬁtetur
3304 5528 3355 5581 in
3382 5528 3698 5596 praefatione
3713 5524 3878 5578 Chro-

2278 5625 2399 5680 nico
2416 5623 2652 5694 praeﬁxa,
2675 5636 2835 5690 quam
2855 5622 2961 5676 col.
2981 5623 3086 5678 586
3098 5621 3429 5677 *edidimus.
3453 5618 3659 5691 Itaque,
3675 5620 3873 5688 inquit,

651 5772 684 5809 ⁸
712 5772 809 5828 Hic
843 5782 898 5829 et
926 5774 1085 5845 inira,
1115 5777 1327 5847 quoties
1357 5775 1530 5832 aberit
1561 5771 1916 5844 parenthesis,
1948 5775 2230 5825 revocatur
2261 5764 2432 5821 lector
2465 5763 2531 5818 ad
2560 5773 2815 5816 numeros
2847 5759 2986 5816 inter
3017 5770 3219 5818 textum
3251 5757 3504 5847 crassiori
3551 5753 3875 5821 charactere

591 5858 717 5912 OXPI'
719 5858 893 5904 68108.

3280 5834 3431 5890 Eutr.
