  <div class='ocr_page' id='page_1' title='image "/cluster/home/n/w/nwhite01/storage/ocr_20150623/71/hvd.32044020096954/060.png"; bbox 0 0 4086 6328; ppageno 0'>
   <div class='ocr_carea' id='block_1_1' title="bbox 256 296 356 354">
    <p class='ocr_par' dir='ltr' id='par_1_1' title="bbox 256 296 356 354">
     <span class='ocr_line' id='line_1_1' title="bbox 256 296 356 354; baseline -0.02 0"><span class='ocrx_word' id='word_1_1' title='bbox 256 296 356 354; x_wconf 73' lang='grc'><strong><em>109</em></strong></span> 
     </span>
    </p>
   </div>
   <div class='ocr_carea' id='block_1_2' title="bbox 1671 281 2065 342">
    <p class='ocr_par' dir='ltr' id='par_1_2' title="bbox 1671 281 2065 342">
     <span class='ocr_line' id='line_1_2' title="bbox 1671 281 2065 342; baseline -0.008 0"><span class='ocrx_word' id='word_1_2' title='bbox 1671 281 2065 342; x_wconf 64' lang='grc' dir='ltr'><strong><em>ΡΒᾹΞἘᾹΤΙΟ.</em></strong></span> 
     </span>
    </p>
   </div>
   <div class='ocr_carea' id='block_1_3' title="bbox 3446 286 3547 343">
    <p class='ocr_par' dir='ltr' id='par_1_3' title="bbox 3446 286 3547 343">
     <span class='ocr_line' id='line_1_3' title="bbox 3446 286 3547 343; baseline 0.04 -3"><span class='ocrx_word' id='word_1_3' title='bbox 3446 286 3547 343; x_wconf 81' lang='grc' dir='ltr'><strong><em>ΗΟ</em></strong></span> 
     </span>
    </p>
   </div>
   <div class='ocr_carea' id='block_1_4' title="bbox 257 400 3543 485">
    <p class='ocr_par' dir='ltr' id='par_1_4' title="bbox 257 400 3543 485">
     <span class='ocr_line' id='line_1_4' title="bbox 257 400 3543 485; baseline -0.004 -11"><span class='ocrx_word' id='word_1_4' title='bbox 257 418 386 474; x_wconf 84' lang='lat' dir='ltr'><strong><em>beati</em></strong></span> <span class='ocrx_word' id='word_1_5' title='bbox 414 413 740 485; x_wconf 75' lang='lat' dir='ltr'><strong><em>Hieronymi,</em></strong></span> <span class='ocrx_word' id='word_1_6' title='bbox 785 411 967 467; x_wconf 78' lang='lat' dir='ltr'><strong><em>Ydecii</em></strong></span> <span class='ocrx_word' id='word_1_7' title='bbox 1004 418 1052 465; x_wconf 87' lang='lat' dir='ltr'><strong><em>et</em></strong></span> <span class='ocrx_word' id='word_1_8' title='bbox 1078 408 1348 483; x_wconf 73' lang='lat' dir='ltr'><strong><em>cujusdam</em></strong></span> <span class='ocrx_word' id='word_1_9' title='bbox 1384 407 1646 480; x_wconf 67' lang='lat' dir='ltr'><strong><em>Sapientis</em></strong></span> <span class='ocrx_word' id='word_1_10' title='bbox 1672 422 1765 463; x_wconf 83' lang='lat' dir='ltr'><strong><em>seu</em></strong></span> <span class='ocrx_word' id='word_1_11' title='bbox 1801 416 1849 462; x_wconf 85' lang='lat' dir='ltr'><strong><em>et</em></strong></span> <span class='ocrx_word' id='word_1_12' title='bbox 1877 408 2224 477; x_wconf 72' lang='lat' dir='ltr'><strong><em>Aanonymo</em></strong></span> <span class='ocrx_word' id='word_1_13' title='bbox 2242 400 2549 470; x_wconf 60' lang='lat' dir='ltr'><strong><em>summi,</em></strong></span> <span class='ocrx_word' id='word_1_14' title='bbox 2571 404 2669 474; x_wconf 77' lang='lat' dir='ltr'><strong><em>&#39;qui</em></strong></span> <span class='ocrx_word' id='word_1_15' title='bbox 2716 403 2817 461; x_wconf 83' lang='lat' dir='ltr'><strong><em>sub</em></strong></span> <span class='ocrx_word' id='word_1_16' title='bbox 2855 403 3053 461; x_wconf 79' lang='lat' dir='ltr'><strong>Carolo</strong></span> <span class='ocrx_word' id='word_1_17' title='bbox 3096 404 3286 474; x_wconf 77' lang='lat' dir='ltr'><strong><em>Magno</em></strong></span> <span class='ocrx_word' id='word_1_18' title='bbox 3317 404 3543 473; x_wconf 72' lang='lat' dir='ltr'><strong><em>vixerit;</em></strong></span> 
     </span>
    </p>
   </div>
   <div class='ocr_carea' id='block_1_5' title="bbox 255 497 1882 575">
    <p class='ocr_par' dir='ltr' id='par_1_5' title="bbox 255 497 1882 575">
     <span class='ocr_line' id='line_1_5' title="bbox 255 497 1882 575; baseline -0.009 -10"><span class='ocrx_word' id='word_1_19' title='bbox 255 510 471 575; x_wconf 79' lang='lat' dir='ltr'><strong><em>Isidori,</em></strong></span> <span class='ocrx_word' id='word_1_20' title='bbox 514 507 770 574; x_wconf 80' lang='lat' dir='ltr'><strong><em>immoque</em></strong></span> <span class='ocrx_word' id='word_1_21' title='bbox 806 512 854 558; x_wconf 86' lang='lat' dir='ltr'><strong><em>et</em></strong></span> <span class='ocrx_word' id='word_1_22' title='bbox 881 501 1114 573; x_wconf 78' lang='lat' dir='ltr'><strong><em>Gregorii</em></strong></span> <span class='ocrx_word' id='word_1_23' title='bbox 1145 500 1424 556; x_wconf 69' lang='lat' dir='ltr'><strong><em>Chronica:</em></strong></span> <span class='ocrx_word' id='word_1_24' title='bbox 1458 517 1492 555; x_wconf 83' lang='grc' dir='ltr'><strong><em>α</em></strong></span> <span class='ocrx_word' id='word_1_25' title='bbox 1528 500 1710 554; x_wconf 80' lang='lat' dir='ltr'><strong><em>mundi</em></strong></span> <span class='ocrx_word' id='word_1_26' title='bbox 1738 500 1844 553; x_wconf 63' lang='lat' dir='ltr'><strong><em>oric</em></strong></span> <span class='ocrx_word' id='word_1_27' title='bbox 1874 497 1882 505; x_wconf 83' lang='grc'><strong>’</strong></span> 
     </span>
    </p>
   </div>
   <div class='ocr_carea' id='block_1_6' title="bbox 255 589 1845 674">
    <p class='ocr_par' dir='ltr' id='par_1_6' title="bbox 255 589 1845 674">
     <span class='ocr_line' id='line_1_6' title="bbox 255 589 1845 674; baseline -0.008 -20"><span class='ocrx_word' id='word_1_28' title='bbox 255 603 367 674; x_wconf 78' lang='lat' dir='ltr'><strong><em>gine</em></strong></span> <span class='ocrx_word' id='word_1_29' title='bbox 404 613 702 669; x_wconf 78' lang='lat' dir='ltr'><strong><em>percurrens</em></strong></span> <span class='ocrx_word' id='word_1_30' title='bbox 744 611 904 666; x_wconf 81' lang='lat' dir='ltr'><strong><em>usque</em></strong></span> <span class='ocrx_word' id='word_1_31' title='bbox 940 594 1214 648; x_wconf 77' lang='lat' dir='ltr'><strong><em>decedente</em></strong></span> <span class='ocrx_word' id='word_1_32' title='bbox 1257 608 1413 664; x_wconf 90' lang='lat' dir='ltr'><strong><em>regno</em></strong></span> <span class='ocrx_word' id='word_1_33' title='bbox 1444 589 1845 655; x_wconf 73' lang='lat' dir='ltr'><strong><em>Guntchramni,</em></strong></span> 
     </span>
    </p>
   </div>
   <div class='ocr_carea' id='block_1_7' title="bbox 1953 494 3543 567">
    <p class='ocr_par' dir='ltr' id='par_1_7' title="bbox 1953 494 3543 567">
     <span class='ocr_line' id='line_1_7' title="bbox 1953 494 3543 567; baseline 0.003 -17"><span class='ocrx_word' id='word_1_34' title='bbox 1953 505 2117 564; x_wconf 90' lang='lat' dir='ltr'><strong><em>atque</em></strong></span> <span class='ocrx_word' id='word_1_35' title='bbox 2142 510 2262 550; x_wconf 86' lang='lat' dir='ltr'><strong><em>eam</em></strong></span> <span class='ocrx_word' id='word_1_36' title='bbox 2288 495 2398 548; x_wconf 82' lang='lat' dir='ltr'><strong><em>sub</em></strong></span> <span class='ocrx_word' id='word_1_37' title='bbox 2428 494 2529 550; x_wconf 90' lang='lat' dir='ltr'><strong><em>hoc</em></strong></span> <span class='ocrx_word' id='word_1_38' title='bbox 2554 494 2714 549; x_wconf 83' lang='lat' dir='ltr'><strong><em>titulo</em></strong></span> <span class='ocrx_word' id='word_1_39' title='bbox 2751 496 2925 565; x_wconf 86' lang='lat' dir='ltr'><strong><em>reipsa</em></strong></span> <span class='ocrx_word' id='word_1_40' title='bbox 2957 496 3226 566; x_wconf 76' lang='lat' dir='ltr'><strong><em>vulgavit;</em></strong></span> <span class='ocrx_word' id='word_1_41' title='bbox 3262 512 3419 567; x_wconf 85' lang='lat' dir='ltr'><strong><em>quem</em></strong></span> <span class='ocrx_word' id='word_1_42' title='bbox 3442 500 3543 554; x_wconf 52' lang='lat' dir='ltr'><strong><em>seu</em></strong></span> 
     </span>
    </p>
   </div>
   <div class='ocr_carea' id='block_1_8' title="bbox 1953 585 3547 657">
    <p class='ocr_par' dir='ltr' id='par_1_8' title="bbox 1953 585 3547 657">
     <span class='ocr_line' id='line_1_8' title="bbox 1953 585 3547 657; baseline 0.004 -16"><span class='ocrx_word' id='word_1_43' title='bbox 1953 597 2109 642; x_wconf 89' lang='lat' dir='ltr'><strong><em>cutus</em></strong></span> <span class='ocrx_word' id='word_1_44' title='bbox 2138 585 2489 657; x_wconf 72' lang='lat' dir='ltr'><strong><em>Marquardus</em></strong></span> <span class='ocrx_word' id='word_1_45' title='bbox 2527 585 2833 653; x_wconf 84' lang='lat' dir='ltr'><strong><em>Freberus,</em></strong></span> <span class='ocrx_word' id='word_1_46' title='bbox 2878 589 3203 644; x_wconf 86' lang='lat' dir='ltr'><strong><em>Cbronicum</em></strong></span> <span class='ocrx_word' id='word_1_47' title='bbox 3245 591 3348 646; x_wconf 88' lang='lat' dir='ltr'><strong><em>sub</em></strong></span> <span class='ocrx_word' id='word_1_48' title='bbox 3389 594 3547 647; x_wconf 90' lang='lat' dir='ltr'><strong><em>unico</em></strong></span> 
     </span>
    </p>
   </div>
   <div class='ocr_carea' id='block_1_9' title="bbox 256 678 3551 761">
    <p class='ocr_par' dir='ltr' id='par_1_9' title="bbox 256 678 3551 761">
     <span class='ocr_line' id='line_1_9' title="bbox 256 678 3551 761; baseline -0.003 -13"><span class='ocrx_word' id='word_1_49' title='bbox 256 694 336 748; x_wconf 77' lang='lat' dir='ltr'><strong><em>liis</em></strong></span> <span class='ocrx_word' id='word_1_50' title='bbox 360 693 581 761; x_wconf 76' lang='lat' dir='ltr'><strong><em>quirtque</em></strong></span> <span class='ocrx_word' id='word_1_51' title='bbox 603 688 871 745; x_wconf 82' lang='lat' dir='ltr'><strong><em>Ohronicis</em></strong></span> <span class='ocrx_word' id='word_1_52' title='bbox 890 685 1047 757; x_wconf 84' lang='lat' dir='ltr'><strong><em>hujus</em></strong></span> <span class='ocrx_word' id='word_1_53' title='bbox 1080 685 1355 741; x_wconf 88' lang='lat' dir='ltr'><strong><em>libelli.....</em></strong></span> <span class='ocrx_word' id='word_1_54' title='bbox 1396 685 1611 739; x_wconf 78' lang='lat' dir='ltr'><strong><em>inserui.</em></strong></span> <span class='ocrx_word' id='word_1_55' title='bbox 1650 681 1849 738; x_wconf 79' lang='lat' dir='ltr'><strong><em>Trans-</em></strong></span> <span class='ocrx_word' id='word_1_56' title='bbox 1953 678 2261 747; x_wconf 80' lang='lat' dir='ltr'><strong><em>Fredegarii</em></strong></span> <span class='ocrx_word' id='word_1_57' title='bbox 2290 678 2510 735; x_wconf 79' lang='lat' dir='ltr'><strong><em>nomine</em></strong></span> <span class='ocrx_word' id='word_1_58' title='bbox 2534 680 2601 736; x_wconf 84' lang='lat' dir='ltr'><strong><em>ad</em></strong></span> <span class='ocrx_word' id='word_1_59' title='bbox 2634 681 2774 735; x_wconf 89' lang='lat' dir='ltr'><strong><em>idem</em></strong></span> <span class='ocrx_word' id='word_1_60' title='bbox 2797 690 3008 751; x_wconf 77' lang='lat' dir='ltr'><strong><em>tempus</em></strong></span> <span class='ocrx_word' id='word_1_61' title='bbox 3038 685 3408 739; x_wconf 84' lang='lat' dir='ltr'><strong><em>continuatum</em></strong></span> <span class='ocrx_word' id='word_1_62' title='bbox 3435 685 3551 740; x_wconf 88' lang='lat' dir='ltr'><strong><em>edi-</em></strong></span> 
     </span>
    </p>
   </div>
   <div class='ocr_carea' id='block_1_10' title="bbox 259 778 1849 855">
    <p class='ocr_par' dir='ltr' id='par_1_10' title="bbox 259 778 1849 855">
     <span class='ocr_line' id='line_1_10' title="bbox 259 778 1849 855; baseline -0.006 -15"><span class='ocrx_word' id='word_1_63' title='bbox 259 796 375 840; x_wconf 87' lang='lat' dir='ltr'><strong><em>acto</em></strong></span> <span class='ocrx_word' id='word_1_64' title='bbox 410 798 633 855; x_wconf 82' lang='lat' dir='ltr'><strong><em>namque</em></strong></span> <span class='ocrx_word' id='word_1_65' title='bbox 681 779 917 853; x_wconf 80' lang='lat' dir='ltr'><strong><em>Gregorii</em></strong></span> <span class='ocrx_word' id='word_1_66' title='bbox 975 778 1237 833; x_wconf 75' lang='lat' dir='ltr'><strong><em>uolumine</em></strong></span> <span class='ocrx_word' id='word_1_67' title='bbox 1280 788 1566 849; x_wconf 74' lang='lat' dir='ltr'><strong><em>temporum</em></strong></span> <span class='ocrx_word' id='word_1_68' title='bbox 1615 787 1849 849; x_wconf 83' lang='lat' dir='ltr'><strong><em>gesta....</em></strong></span> 
     </span>
    </p>
   </div>
   <div class='ocr_carea' id='block_1_11' title="bbox 257 870 1855 947">
    <p class='ocr_par' dir='ltr' id='par_1_11' title="bbox 257 870 1855 947">
     <span class='ocr_line' id='line_1_11' title="bbox 257 870 1855 947; baseline -0.008 -15"><span class='ocrx_word' id='word_1_69' title='bbox 257 891 368 947; x_wconf 73' lang='lat' dir='ltr'><strong><em>qua:</em></strong></span> <span class='ocrx_word' id='word_1_70' title='bbox 390 883 566 945; x_wconf 81' lang='lat' dir='ltr'><strong><em>postea</em></strong></span> <span class='ocrx_word' id='word_1_71' title='bbox 588 874 711 928; x_wconf 86' lang='lat' dir='ltr'><strong><em>mihi</em></strong></span> <span class='ocrx_word' id='word_1_72' title='bbox 735 874 939 944; x_wconf 76' lang='lat' dir='ltr'><strong><em>[uerunt</em></strong></span> <span class='ocrx_word' id='word_1_73' title='bbox 967 872 1243 941; x_wconf 86' lang='lat' dir='ltr'><strong><em>cognita...</em></strong></span> <span class='ocrx_word' id='word_1_74' title='bbox 1273 870 1486 941; x_wconf 79' lang='lat' dir='ltr'><strong><em>legendo</em></strong></span> <span class='ocrx_word' id='word_1_75' title='bbox 1507 870 1661 923; x_wconf 80' lang='lat' dir='ltr'><strong><em>simul</em></strong></span> <span class='ocrx_word' id='word_1_76' title='bbox 1684 876 1734 922; x_wconf 93' lang='lat' dir='ltr'><strong><em>et</em></strong></span> <span class='ocrx_word' id='word_1_77' title='bbox 1759 883 1855 921; x_wconf 86' lang='lat' dir='ltr'><strong><em>au-</em></strong></span> 
     </span>
    </p>
   </div>
   <div class='ocr_carea' id='block_1_12' title="bbox 259 961 1850 1033">
    <p class='ocr_par' dir='ltr' id='par_1_12' title="bbox 259 961 1850 1033">
     <span class='ocr_line' id='line_1_12' title="bbox 259 961 1850 1033; baseline -0.005 -13"><span class='ocrx_word' id='word_1_78' title='bbox 259 967 467 1032; x_wconf 76' lang='lat' dir='ltr'><strong><em>diendo,</em></strong></span> <span class='ocrx_word' id='word_1_79' title='bbox 501 967 653 1029; x_wconf 77' lang='lat' dir='ltr'><strong><em>etiam</em></strong></span> <span class='ocrx_word' id='word_1_80' title='bbox 679 964 898 1019; x_wconf 79' lang='lat' dir='ltr'><strong><em>videndo</em></strong></span> <span class='ocrx_word' id='word_1_81' title='bbox 924 971 1112 1018; x_wconf 81' lang='lat' dir='ltr'><strong><em>cuncta</em></strong></span> <span class='ocrx_word' id='word_1_82' title='bbox 1136 976 1249 1033; x_wconf 63' lang='lat' dir='ltr'><strong><em>quae</em></strong></span> <span class='ocrx_word' id='word_1_83' title='bbox 1268 961 1591 1027; x_wconf 73' lang='lat' dir='ltr'><strong><em>certiﬁcatua</em></strong></span> <span class='ocrx_word' id='word_1_84' title='bbox 1616 962 1850 1031; x_wconf 81' lang='lat' dir='ltr'><strong><em>cognovi,</em></strong></span> 
     </span>
    </p>
   </div>
   <div class='ocr_carea' id='block_1_13' title="bbox 258 1053 1855 1130">
    <p class='ocr_par' dir='ltr' id='par_1_13' title="bbox 258 1053 1855 1130">
     <span class='ocr_line' id='line_1_13' title="bbox 258 1053 1855 1130; baseline -0.003 -17"><span class='ocrx_word' id='word_1_85' title='bbox 258 1060 311 1113; x_wconf 83' lang='lat' dir='ltr'><strong><em>in</em></strong></span> <span class='ocrx_word' id='word_1_86' title='bbox 332 1060 493 1130; x_wconf 74' lang='lat' dir='ltr'><strong><em>liuius</em></strong></span> <span class='ocrx_word' id='word_1_87' title='bbox 522 1058 684 1113; x_wconf 79' lang='lat' dir='ltr'><strong><em>libelli</em></strong></span> <span class='ocrx_word' id='word_1_88' title='bbox 707 1058 963 1112; x_wconf 75' lang='lat' dir='ltr'><strong><em>volumine</em></strong></span> <span class='ocrx_word' id='word_1_89' title='bbox 986 1057 1205 1113; x_wconf 81' lang='lat' dir='ltr'><strong><em>scribere</em></strong></span> <span class='ocrx_word' id='word_1_90' title='bbox 1231 1072 1332 1110; x_wconf 87' lang='lat' dir='ltr'><strong><em>non</em></strong></span> <span class='ocrx_word' id='word_1_91' title='bbox 1357 1054 1495 1110; x_wconf 78' lang='lat' dir='ltr'><strong><em>silui.</em></strong></span> <span class='ocrx_word' id='word_1_92' title='bbox 1532 1053 1700 1124; x_wconf 86' lang='lat' dir='ltr'><strong><em>Hujus</em></strong></span> <span class='ocrx_word' id='word_1_93' title='bbox 1727 1064 1855 1109; x_wconf 87' lang='lat' dir='ltr'><strong><em>vero</em></strong></span> 
     </span>
    </p>
   </div>
   <div class='ocr_carea' id='block_1_14' title="bbox 259 1146 1851 1221">
    <p class='ocr_par' dir='ltr' id='par_1_14' title="bbox 259 1146 1851 1221">
     <span class='ocr_line' id='line_1_14' title="bbox 259 1146 1851 1221; baseline -0.003 -14"><span class='ocrx_word' id='word_1_94' title='bbox 259 1150 587 1207; x_wconf 87' lang='lat' dir='ltr'><strong><em>collectionis</em></strong></span> <span class='ocrx_word' id='word_1_95' title='bbox 615 1150 837 1221; x_wconf 67' lang='lat' dir='ltr'><strong><em>integrat</em></strong></span> <span class='ocrx_word' id='word_1_96' title='bbox 857 1164 1024 1205; x_wconf 88' lang='lat' dir='ltr'><strong><em>unum</em></strong></span> <span class='ocrx_word' id='word_1_97' title='bbox 1051 1157 1107 1203; x_wconf 89' lang='lat' dir='ltr'><strong><em>et</em></strong></span> <span class='ocrx_word' id='word_1_98' title='bbox 1131 1146 1380 1204; x_wconf 89' lang='lat' dir='ltr'><strong><em>eumdem</em></strong></span> <span class='ocrx_word' id='word_1_99' title='bbox 1407 1161 1527 1203; x_wconf 85' lang='lat' dir='ltr'><strong><em>esse</em></strong></span> <span class='ocrx_word' id='word_1_100' title='bbox 1551 1156 1851 1213; x_wconf 83' lang='lat' dir='ltr'><strong><em>auctorem,</em></strong></span> 
     </span>
    </p>
   </div>
   <div class='ocr_carea' id='block_1_15' title="bbox 258 1234 1853 1315">
    <p class='ocr_par' dir='ltr' id='par_1_15' title="bbox 258 1234 1853 1315">
     <span class='ocr_line' id='line_1_15' title="bbox 258 1234 1853 1315; baseline -0.004 -15"><span class='ocrx_word' id='word_1_101' title='bbox 258 1254 454 1315; x_wconf 67' lang='lat' dir='ltr'><strong><em>praeter</em></strong></span> <span class='ocrx_word' id='word_1_102' title='bbox 482 1242 852 1312; x_wconf 79' lang='lat' dir='ltr'><strong><em>praefationem</em></strong></span> <span class='ocrx_word' id='word_1_103' title='bbox 881 1250 936 1297; x_wconf 92' lang='lat' dir='ltr'><strong><em>et</em></strong></span> <span class='ocrx_word' id='word_1_104' title='bbox 965 1240 1181 1297; x_wconf 78' lang='lat' dir='ltr'><strong><em>codices</em></strong></span> <span class='ocrx_word' id='word_1_105' title='bbox 1210 1248 1477 1306; x_wconf 89' lang='lat' dir='ltr'><strong><em>vetustos,</em></strong></span> <span class='ocrx_word' id='word_1_106' title='bbox 1516 1240 1705 1311; x_wconf 83' lang='lat' dir='ltr'><strong><em>probat</em></strong></span> <span class='ocrx_word' id='word_1_107' title='bbox 1728 1234 1853 1295; x_wconf 81' lang='lat' dir='ltr'><strong><em>ubi-</em></strong></span> 
     </span>
    </p>
   </div>
   <div class='ocr_carea' id='block_1_16' title="bbox 259 1333 1856 1407">
    <p class='ocr_par' dir='ltr' id='par_1_16' title="bbox 259 1333 1856 1407">
     <span class='ocr_line' id='line_1_16' title="bbox 259 1333 1856 1407; baseline -0.003 -16"><span class='ocrx_word' id='word_1_108' title='bbox 259 1346 363 1407; x_wconf 87' lang='lat' dir='ltr'><strong><em>que</em></strong></span> <span class='ocrx_word' id='word_1_109' title='bbox 387 1336 511 1407; x_wconf 78' lang='lat' dir='ltr'><strong><em>styli</em></strong></span> <span class='ocrx_word' id='word_1_110' title='bbox 541 1334 899 1401; x_wconf 87' lang='lat' dir='ltr'><strong><em>uniformitas,</em></strong></span> <span class='ocrx_word' id='word_1_111' title='bbox 930 1334 1071 1389; x_wconf 90' lang='lat' dir='ltr'><strong><em>idem</em></strong></span> <span class='ocrx_word' id='word_1_112' title='bbox 1103 1333 1478 1401; x_wconf 84' lang='lat' dir='ltr'><strong><em>epitomatoris</em></strong></span> <span class='ocrx_word' id='word_1_113' title='bbox 1502 1334 1713 1402; x_wconf 75' lang='lat' dir='ltr'><strong><em>genius,</em></strong></span> <span class='ocrx_word' id='word_1_114' title='bbox 1744 1346 1856 1387; x_wconf 84' lang='lat' dir='ltr'><strong><em>ser-</em></strong></span> 
     </span>
    </p>
   </div>
   <div class='ocr_carea' id='block_1_17' title="bbox 262 1424 1857 1498">
    <p class='ocr_par' dir='ltr' id='par_1_17' title="bbox 262 1424 1857 1498">
     <span class='ocr_line' id='line_1_17' title="bbox 262 1424 1857 1498; baseline -0.001 -15"><span class='ocrx_word' id='word_1_115' title='bbox 262 1440 350 1484; x_wconf 80' lang='lat' dir='ltr'><strong><em>mo</em></strong></span> <span class='ocrx_word' id='word_1_116' title='bbox 370 1428 568 1497; x_wconf 89' lang='lat' dir='ltr'><strong><em>ubique</em></strong></span> <span class='ocrx_word' id='word_1_117' title='bbox 589 1428 813 1498; x_wconf 77' lang='lat' dir='ltr'><strong><em>aequalis</em></strong></span> <span class='ocrx_word' id='word_1_118' title='bbox 830 1435 889 1482; x_wconf 89' lang='lat' dir='ltr'><strong><em>et</em></strong></span> <span class='ocrx_word' id='word_1_119' title='bbox 910 1427 1013 1481; x_wconf 86' lang='lat' dir='ltr'><strong><em>sibi</em></strong></span> <span class='ocrx_word' id='word_1_120' title='bbox 1030 1426 1243 1489; x_wconf 85' lang='lat' dir='ltr'><strong><em>similis,</em></strong></span> <span class='ocrx_word' id='word_1_121' title='bbox 1274 1425 1328 1481; x_wconf 91' lang='lat' dir='ltr'><strong><em>id</em></strong></span> <span class='ocrx_word' id='word_1_122' title='bbox 1344 1434 1426 1481; x_wconf 88' lang='lat' dir='ltr'><strong><em>est</em></strong></span> <span class='ocrx_word' id='word_1_123' title='bbox 1446 1424 1857 1494; x_wconf 85' lang='lat' dir='ltr'><strong><em>incultusplane</em></strong></span> 
     </span>
    </p>
   </div>
   <div class='ocr_carea' id='block_1_18' title="bbox 261 1518 1859 1593">
    <p class='ocr_par' dir='ltr' id='par_1_18' title="bbox 261 1518 1859 1593">
     <span class='ocr_line' id='line_1_18' title="bbox 261 1518 1859 1593; baseline -0.001 -19"><span class='ocrx_word' id='word_1_124' title='bbox 261 1534 324 1575; x_wconf 89' lang='lat' dir='ltr'><strong><em>ac</em></strong></span> <span class='ocrx_word' id='word_1_125' title='bbox 343 1520 625 1593; x_wconf 88' lang='lat' dir='ltr'><strong><em>barbarus,</em></strong></span> <span class='ocrx_word' id='word_1_126' title='bbox 651 1520 862 1590; x_wconf 89' lang='lat' dir='ltr'><strong><em>quoties</em></strong></span> <span class='ocrx_word' id='word_1_127' title='bbox 882 1530 1068 1573; x_wconf 79' lang='lat' dir='ltr'><strong><em>auctor</em></strong></span> <span class='ocrx_word' id='word_1_128' title='bbox 1089 1532 1189 1573; x_wconf 90' lang='lat' dir='ltr'><strong><em>suo</em></strong></span> <span class='ocrx_word' id='word_1_129' title='bbox 1211 1533 1306 1574; x_wconf 92' lang='lat' dir='ltr'><strong><em>ore</em></strong></span> <span class='ocrx_word' id='word_1_130' title='bbox 1336 1518 1592 1588; x_wconf 81' lang='lat' dir='ltr'><strong><em>loquitur,</em></strong></span> <span class='ocrx_word' id='word_1_131' title='bbox 1621 1530 1721 1574; x_wconf 87' lang='lat' dir='ltr'><strong><em>nec</em></strong></span> <span class='ocrx_word' id='word_1_132' title='bbox 1739 1532 1859 1574; x_wconf 86' lang='lat' dir='ltr'><strong><em>ver-</em></strong></span> 
     </span>
    </p>
   </div>
   <div class='ocr_carea' id='block_1_19' title="bbox 262 1610 1860 1681">
    <p class='ocr_par' dir='ltr' id='par_1_19' title="bbox 262 1610 1860 1681">
     <span class='ocr_line' id='line_1_19' title="bbox 262 1610 1860 1681; baseline -0.002 -14"><span class='ocrx_word' id='word_1_133' title='bbox 262 1613 346 1668; x_wconf 89' lang='lat' dir='ltr'><strong><em>bis</em></strong></span> <span class='ocrx_word' id='word_1_134' title='bbox 370 1612 541 1667; x_wconf 78' lang='lat' dir='ltr'><strong><em>utitur</em></strong></span> <span class='ocrx_word' id='word_1_135' title='bbox 569 1613 777 1668; x_wconf 88' lang='lat' dir='ltr'><strong><em>alienis.</em></strong></span> <span class='ocrx_word' id='word_1_136' title='bbox 811 1612 1113 1667; x_wconf 84' lang='lat' dir='ltr'><strong><em>Varietates</em></strong></span> <span class='ocrx_word' id='word_1_137' title='bbox 1142 1624 1272 1667; x_wconf 82' lang='lat' dir='ltr'><strong><em>vero</em></strong></span> <span class='ocrx_word' id='word_1_138' title='bbox 1301 1610 1435 1679; x_wconf 80' lang='lat' dir='ltr'><strong><em>illae,</em></strong></span> <span class='ocrx_word' id='word_1_139' title='bbox 1466 1624 1601 1681; x_wconf 87' lang='lat' dir='ltr'><strong><em>quas</em></strong></span> <span class='ocrx_word' id='word_1_140' title='bbox 1638 1611 1691 1665; x_wconf 89' lang='lat' dir='ltr'><strong><em>in</em></strong></span> <span class='ocrx_word' id='word_1_141' title='bbox 1722 1610 1860 1665; x_wconf 87' lang='lat' dir='ltr'><strong><em>assi-</em></strong></span> 
     </span>
    </p>
   </div>
   <div class='ocr_carea' id='block_1_20' title="bbox 263 1702 1857 1777">
    <p class='ocr_par' dir='ltr' id='par_1_20' title="bbox 263 1702 1857 1777">
     <span class='ocr_line' id='line_1_20' title="bbox 263 1702 1857 1777; baseline -0.003 -16"><span class='ocrx_word' id='word_1_142' title='bbox 263 1706 488 1777; x_wconf 79' lang='lat' dir='ltr'><strong><em>gnandis</em></strong></span> <span class='ocrx_word' id='word_1_143' title='bbox 524 1705 752 1775; x_wconf 76' lang='lat' dir='ltr'><strong><em>singulis</em></strong></span> <span class='ocrx_word' id='word_1_144' title='bbox 770 1704 929 1760; x_wconf 80' lang='lat' dir='ltr'><strong><em>iibris</em></strong></span> <span class='ocrx_word' id='word_1_145' title='bbox 951 1704 1167 1759; x_wconf 86' lang='lat' dir='ltr'><strong><em>codices</em></strong></span> <span class='ocrx_word' id='word_1_146' title='bbox 1191 1706 1350 1759; x_wconf 90' lang='lat' dir='ltr'><strong><em>etiam</em></strong></span> <span class='ocrx_word' id='word_1_147' title='bbox 1382 1704 1733 1759; x_wconf 83' lang='lat' dir='ltr'><strong><em>vetustissimi</em></strong></span> <span class='ocrx_word' id='word_1_148' title='bbox 1763 1702 1857 1757; x_wconf 86' lang='lat' dir='ltr'><strong><em>ha-</em></strong></span> 
     </span>
    </p>
   </div>
   <div class='ocr_carea' id='block_1_21' title="bbox 265 1796 1859 1866">
    <p class='ocr_par' dir='ltr' id='par_1_21' title="bbox 265 1796 1859 1866">
     <span class='ocr_line' id='line_1_21' title="bbox 265 1796 1859 1866; baseline -0.001 -12"><span class='ocrx_word' id='word_1_149' title='bbox 265 1797 413 1864; x_wconf 82' lang='lat' dir='ltr'><strong><em>bent,</em></strong></span> <span class='ocrx_word' id='word_1_150' title='bbox 456 1812 521 1853; x_wconf 83' lang='lat' dir='ltr'><strong><em>ex</em></strong></span> <span class='ocrx_word' id='word_1_151' title='bbox 564 1799 973 1852; x_wconf 88' lang='lat' dir='ltr'><strong><em>amanuensium</em></strong></span> <span class='ocrx_word' id='word_1_152' title='bbox 1004 1797 1232 1862; x_wconf 89' lang='lat' dir='ltr'><strong><em>incuria,</em></strong></span> <span class='ocrx_word' id='word_1_153' title='bbox 1265 1805 1322 1851; x_wconf 90' lang='lat' dir='ltr'><strong><em>ut</em></strong></span> <span class='ocrx_word' id='word_1_154' title='bbox 1345 1798 1454 1866; x_wconf 89' lang='lat' dir='ltr'><strong><em>jam</em></strong></span> <span class='ocrx_word' id='word_1_155' title='bbox 1479 1796 1744 1865; x_wconf 76' lang='lat' dir='ltr'><strong><em>diximus,</em></strong></span> <span class='ocrx_word' id='word_1_156' title='bbox 1776 1796 1859 1852; x_wconf 90' lang='lat' dir='ltr'><strong><em>vi-</em></strong></span> 
     </span>
    </p>
   </div>
   <div class='ocr_carea' id='block_1_22' title="bbox 262 1887 1861 1961">
    <p class='ocr_par' dir='ltr' id='par_1_22' title="bbox 262 1887 1861 1961">
     <span class='ocr_line' id='line_1_22' title="bbox 262 1887 1861 1961; baseline -0.003 -15"><span class='ocrx_word' id='word_1_157' title='bbox 262 1891 459 1946; x_wconf 87' lang='lat' dir='ltr'><strong><em>dentur</em></strong></span> <span class='ocrx_word' id='word_1_158' title='bbox 489 1890 841 1961; x_wconf 83' lang='lat' dir='ltr'><strong><em>processisse.</em></strong></span> <span class='ocrx_word' id='word_1_159' title='bbox 874 1888 1143 1945; x_wconf 70' lang='lat' dir='ltr'><strong><em>Caeterum</em></strong></span> <span class='ocrx_word' id='word_1_160' title='bbox 1172 1887 1275 1944; x_wconf 88' lang='lat' dir='ltr'><strong><em>etsi</em></strong></span> <span class='ocrx_word' id='word_1_161' title='bbox 1307 1889 1509 1943; x_wconf 90' lang='lat' dir='ltr'><strong><em>nullum</em></strong></span> <span class='ocrx_word' id='word_1_162' title='bbox 1541 1888 1861 1958; x_wconf 83' lang='lat' dir='ltr'><strong><em>scriptorem</em></strong></span> 
     </span>
    </p>
   </div>
   <div class='ocr_carea' id='block_1_23' title="bbox 266 1980 1863 2053">
    <p class='ocr_par' dir='ltr' id='par_1_23' title="bbox 266 1980 1863 2053">
     <span class='ocr_line' id='line_1_23' title="bbox 266 1980 1863 2053; baseline -0.003 -14"><span class='ocrx_word' id='word_1_163' title='bbox 266 1982 593 2053; x_wconf 77' lang='lat' dir='ltr'><strong><em>Hieronymo</em></strong></span> <span class='ocrx_word' id='word_1_164' title='bbox 622 1982 977 2038; x_wconf 89' lang='lat' dir='ltr'><strong><em>vetustiorem</em></strong></span> <span class='ocrx_word' id='word_1_165' title='bbox 1018 1981 1197 2039; x_wconf 84' lang='lat' dir='ltr'><strong><em>laudet</em></strong></span> <span class='ocrx_word' id='word_1_166' title='bbox 1247 1980 1338 2035; x_wconf 88' lang='lat' dir='ltr'><strong><em>ille</em></strong></span> <span class='ocrx_word' id='word_1_167' title='bbox 1380 1988 1603 2047; x_wconf 82' lang='lat' dir='ltr'><strong><em>auctor,</em></strong></span> <span class='ocrx_word' id='word_1_168' title='bbox 1640 1994 1710 2035; x_wconf 74' lang='lat' dir='ltr'><strong><em>ex</em></strong></span> <span class='ocrx_word' id='word_1_169' title='bbox 1755 1993 1863 2050; x_wconf 90' lang='lat' dir='ltr'><strong><em>quo</em></strong></span> 
     </span>
    </p>
   </div>
   <div class='ocr_carea' id='block_1_24' title="bbox 261 2072 1863 2143">
    <p class='ocr_par' dir='ltr' id='par_1_24' title="bbox 261 2072 1863 2143">
     <span class='ocr_line' id='line_1_24' title="bbox 261 2072 1863 2143; baseline -0.002 -11"><span class='ocrx_word' id='word_1_170' title='bbox 261 2090 413 2133; x_wconf 83' lang='lat' dir='ltr'><strong><em>suam</em></strong></span> <span class='ocrx_word' id='word_1_171' title='bbox 433 2072 806 2131; x_wconf 76' lang='lat' dir='ltr'><strong><em>colleCtionem</em></strong></span> <span class='ocrx_word' id='word_1_172' title='bbox 827 2074 1302 2136; x_wconf 85' lang='lat' dir='ltr'><strong><em>consarcinaverit,</em></strong></span> <span class='ocrx_word' id='word_1_173' title='bbox 1326 2073 1657 2143; x_wconf 80' lang='lat' dir='ltr'><strong><em>antiquiores</em></strong></span> <span class='ocrx_word' id='word_1_174' title='bbox 1680 2079 1863 2128; x_wconf 87' lang='lat' dir='ltr'><strong><em>tamen</em></strong></span> 
     </span>
    </p>
   </div>
   <div class='ocr_carea' id='block_1_25' title="bbox 263 2165 1863 2239">
    <p class='ocr_par' dir='ltr' id='par_1_25' title="bbox 263 2165 1863 2239">
     <span class='ocr_line' id='line_1_25' title="bbox 263 2165 1863 2239; baseline -0.003 -14"><span class='ocrx_word' id='word_1_175' title='bbox 263 2171 595 2239; x_wconf 77' lang='lat' dir='ltr'><strong><em>excerpsisse</em></strong></span> <span class='ocrx_word' id='word_1_176' title='bbox 631 2182 718 2224; x_wconf 89' lang='lat' dir='ltr'><strong><em>res</em></strong></span> <span class='ocrx_word' id='word_1_177' title='bbox 746 2169 814 2224; x_wconf 80' lang='lat' dir='ltr'><strong><em>ab</em></strong></span> <span class='ocrx_word' id='word_1_178' title='bbox 843 2182 908 2223; x_wconf 90' lang='lat' dir='ltr'><strong><em>eo</em></strong></span> <span class='ocrx_word' id='word_1_179' title='bbox 951 2175 1180 2222; x_wconf 69' lang='lat' dir='ltr'><strong><em>narrata:</em></strong></span> <span class='ocrx_word' id='word_1_180' title='bbox 1214 2167 1467 2236; x_wconf 86' lang='lat' dir='ltr'><strong><em>probant,</em></strong></span> <span class='ocrx_word' id='word_1_181' title='bbox 1500 2181 1623 2222; x_wconf 89' lang='lat' dir='ltr'><strong><em>cum</em></strong></span> <span class='ocrx_word' id='word_1_182' title='bbox 1663 2165 1863 2222; x_wconf 84' lang='lat' dir='ltr'><strong><em>Julium</em></strong></span> 
     </span>
    </p>
   </div>
   <div class='ocr_carea' id='block_1_26' title="bbox 266 2258 1863 2332">
    <p class='ocr_par' dir='ltr' id='par_1_26' title="bbox 266 2258 1863 2332">
     <span class='ocr_line' id='line_1_26' title="bbox 266 2258 1863 2332; baseline -0.001 -15"><span class='ocrx_word' id='word_1_183' title='bbox 266 2260 575 2317; x_wconf 76' lang='lat' dir='ltr'><strong><em>Africanum</em></strong></span> <span class='ocrx_word' id='word_1_184' title='bbox 596 2303 613 2329; x_wconf 94' lang='lat'><strong><em>,</em></strong></span> <span class='ocrx_word' id='word_1_185' title='bbox 640 2277 705 2317; x_wconf 81' lang='lat' dir='ltr'><strong><em>ex</em></strong></span> <span class='ocrx_word' id='word_1_186' title='bbox 733 2275 839 2332; x_wconf 83' lang='lat' dir='ltr'><strong><em>quo</em></strong></span> <span class='ocrx_word' id='word_1_187' title='bbox 870 2261 1036 2315; x_wconf 89' lang='lat' dir='ltr'><strong><em>multa</em></strong></span> <span class='ocrx_word' id='word_1_188' title='bbox 1060 2260 1334 2329; x_wconf 79' lang='lat' dir='ltr'><strong><em>excerpsit</em></strong></span> <span class='ocrx_word' id='word_1_189' title='bbox 1362 2259 1645 2327; x_wconf 86' lang='lat' dir='ltr'><strong><em>Eusebius,</em></strong></span> <span class='ocrx_word' id='word_1_190' title='bbox 1674 2258 1863 2315; x_wconf 85' lang='lat' dir='ltr'><strong><em>Hiero-</em></strong></span> 
     </span>
    </p>
   </div>
   <div class='ocr_carea' id='block_1_27' title="bbox 266 2350 1860 2425">
    <p class='ocr_par' dir='ltr' id='par_1_27' title="bbox 266 2350 1860 2425">
     <span class='ocr_line' id='line_1_27' title="bbox 266 2350 1860 2425; baseline -0.003 -17"><span class='ocrx_word' id='word_1_191' title='bbox 266 2354 443 2425; x_wconf 79' lang='lat' dir='ltr'><strong><em>nymi,</em></strong></span> <span class='ocrx_word' id='word_1_192' title='bbox 492 2362 586 2408; x_wconf 83' lang='lat' dir='ltr'><strong><em>aut</em></strong></span> <span class='ocrx_word' id='word_1_193' title='bbox 624 2352 845 2408; x_wconf 82' lang='lat' dir='ltr'><strong><em>Eusebii</em></strong></span> <span class='ocrx_word' id='word_1_194' title='bbox 883 2367 1042 2421; x_wconf 90' lang='lat' dir='ltr'><strong><em>quem</em></strong></span> <span class='ocrx_word' id='word_1_195' title='bbox 1093 2351 1448 2421; x_wconf 81' lang='lat' dir='ltr'><strong><em>Hieronymus</em></strong></span> <span class='ocrx_word' id='word_1_196' title='bbox 1498 2350 1860 2417; x_wconf 86' lang='lat' dir='ltr'><strong><em>continuavit,</em></strong></span> 
     </span>
    </p>
   </div>
   <div class='ocr_carea' id='block_1_28' title="bbox 264 2439 1856 2512">
    <p class='ocr_par' dir='ltr' id='par_1_28' title="bbox 264 2439 1856 2512">
     <span class='ocr_line' id='line_1_28' title="bbox 264 2439 1856 2512; baseline -0.003 -14"><span class='ocrx_word' id='word_1_197' title='bbox 264 2444 482 2499; x_wconf 85' lang='lat' dir='ltr'><strong><em>nomine</em></strong></span> <span class='ocrx_word' id='word_1_198' title='bbox 509 2441 986 2512; x_wconf 82' lang='lat' dir='ltr'><strong><em>comprehendisse</em></strong></span> <span class='ocrx_word' id='word_1_199' title='bbox 1018 2450 1170 2496; x_wconf 80' lang='lat' dir='ltr'><strong><em>extra</em></strong></span> <span class='ocrx_word' id='word_1_200' title='bbox 1201 2440 1419 2495; x_wconf 89' lang='lat' dir='ltr'><strong><em>dubium</em></strong></span> <span class='ocrx_word' id='word_1_201' title='bbox 1448 2453 1569 2496; x_wconf 87' lang='lat' dir='ltr'><strong><em>esse</em></strong></span> <span class='ocrx_word' id='word_1_202' title='bbox 1596 2439 1856 2495; x_wconf 87' lang='lat' dir='ltr'><strong><em>videatur.</em></strong></span> 
     </span>
    </p>
   </div>
   <div class='ocr_carea' id='block_1_29' title="bbox 267 2530 1860 2603">
    <p class='ocr_par' dir='ltr' id='par_1_29' title="bbox 267 2530 1860 2603">
     <span class='ocr_line' id='line_1_29' title="bbox 267 2530 1860 2603; baseline -0.004 -13"><span class='ocrx_word' id='word_1_203' title='bbox 267 2534 441 2601; x_wconf 83' lang='lat' dir='ltr'><strong><em>Quare</em></strong></span> <span class='ocrx_word' id='word_1_204' title='bbox 467 2535 747 2603; x_wconf 88' lang='lat' dir='ltr'><strong><em>antiquum</em></strong></span> <span class='ocrx_word' id='word_1_205' title='bbox 778 2532 1019 2603; x_wconf 78' lang='lat' dir='ltr'><strong><em>aliquem</em></strong></span> <span class='ocrx_word' id='word_1_206' title='bbox 1058 2542 1329 2586; x_wconf 84' lang='lat' dir='ltr'><strong><em>auctorem</em></strong></span> <span class='ocrx_word' id='word_1_207' title='bbox 1361 2531 1525 2586; x_wconf 89' lang='lat' dir='ltr'><strong><em>alium</em></strong></span> <span class='ocrx_word' id='word_1_208' title='bbox 1553 2530 1624 2587; x_wconf 84' lang='lat' dir='ltr'><strong><em>ab</em></strong></span> <span class='ocrx_word' id='word_1_209' title='bbox 1650 2530 1860 2586; x_wconf 80' lang='lat' dir='ltr'><strong><em>Africa-</em></strong></span> 
     </span>
    </p>
   </div>
   <div class='ocr_carea' id='block_1_30' title="bbox 264 2622 1862 2697">
    <p class='ocr_par' dir='ltr' id='par_1_30' title="bbox 264 2622 1862 2697">
     <span class='ocr_line' id='line_1_30' title="bbox 264 2622 1862 2697; baseline -0.003 -14"><span class='ocrx_word' id='word_1_210' title='bbox 264 2639 357 2697; x_wconf 89' lang='lat' dir='ltr'><strong><em>no,</em></strong></span> <span class='ocrx_word' id='word_1_211' title='bbox 389 2627 478 2697; x_wconf 89' lang='lat' dir='ltr'><strong><em>qui</em></strong></span> <span class='ocrx_word' id='word_1_212' title='bbox 509 2634 755 2696; x_wconf 80' lang='lat' dir='ltr'><strong><em>tempore</em></strong></span> <span class='ocrx_word' id='word_1_213' title='bbox 783 2626 1076 2681; x_wconf 78' lang='lat' dir='ltr'><strong><em>Alexandri</em></strong></span> <span class='ocrx_word' id='word_1_214' title='bbox 1105 2626 1297 2680; x_wconf 84' lang='lat' dir='ltr'><strong><em>Severi</em></strong></span> <span class='ocrx_word' id='word_1_215' title='bbox 1328 2624 1543 2690; x_wconf 79' lang='lat' dir='ltr'><strong><em>vixerit,</em></strong></span> <span class='ocrx_word' id='word_1_216' title='bbox 1585 2633 1645 2679; x_wconf 81' lang='lat' dir='ltr'><strong><em>ut</em></strong></span> <span class='ocrx_word' id='word_1_217' title='bbox 1687 2622 1862 2679; x_wconf 85' lang='lat' dir='ltr'><strong><em>visum</em></strong></span> 
     </span>
    </p>
   </div>
   <div class='ocr_carea' id='block_1_31' title="bbox 265 2717 1865 2789">
    <p class='ocr_par' dir='ltr' id='par_1_31' title="bbox 265 2717 1865 2789">
     <span class='ocr_line' id='line_1_31' title="bbox 265 2717 1865 2789; baseline -0.003 -13"><span class='ocrx_word' id='word_1_218' title='bbox 265 2728 348 2777; x_wconf 89' lang='lat' dir='ltr'><strong><em>est</em></strong></span> <span class='ocrx_word' id='word_1_219' title='bbox 376 2719 506 2775; x_wconf 88' lang='lat' dir='ltr'><strong><em>viris</em></strong></span> <span class='ocrx_word' id='word_1_220' title='bbox 537 2719 744 2788; x_wconf 78' lang='lat' dir='ltr'><strong><em>aliquot</em></strong></span> <span class='ocrx_word' id='word_1_221' title='bbox 768 2718 994 2775; x_wconf 88' lang='lat' dir='ltr'><strong><em>eruditis</em></strong></span> <span class='ocrx_word' id='word_1_222' title='bbox 1032 2728 1151 2789; x_wconf 88' lang='lat' dir='ltr'><strong><em>post</em></strong></span> <span class='ocrx_word' id='word_1_223' title='bbox 1180 2718 1469 2774; x_wconf 83' lang='lat' dir='ltr'><strong><em>Henrieum</em></strong></span> <span class='ocrx_word' id='word_1_224' title='bbox 1498 2717 1767 2773; x_wconf 86' lang='lat' dir='ltr'><strong><em>Canisium</em></strong></span> <span class='ocrx_word' id='word_1_225' title='bbox 1809 2725 1865 2772; x_wconf 89' lang='lat' dir='ltr'><strong><em>et</em></strong></span> 
     </span>
    </p>
   </div>
   <div class='ocr_carea' id='block_1_32' title="bbox 265 2809 1864 2878">
    <p class='ocr_par' dir='ltr' id='par_1_32' title="bbox 265 2809 1864 2878">
     <span class='ocr_line' id='line_1_32' title="bbox 265 2809 1864 2878; baseline -0.003 -12"><span class='ocrx_word' id='word_1_226' title='bbox 265 2811 505 2867; x_wconf 72' lang='lat' dir='ltr'><strong><em>Marcum</em></strong></span> <span class='ocrx_word' id='word_1_227' title='bbox 535 2809 862 2878; x_wconf 86' lang='lat' dir='ltr'><strong><em>Welserum,</em></strong></span> <span class='ocrx_word' id='word_1_228' title='bbox 893 2810 1180 2866; x_wconf 84' lang='lat' dir='ltr'><strong><em>admittere</em></strong></span> <span class='ocrx_word' id='word_1_229' title='bbox 1210 2826 1315 2865; x_wconf 92' lang='lat' dir='ltr'><strong><em>non</em></strong></span> <span class='ocrx_word' id='word_1_230' title='bbox 1344 2810 1564 2865; x_wconf 89' lang='lat' dir='ltr'><strong><em>videtur</em></strong></span> <span class='ocrx_word' id='word_1_231' title='bbox 1610 2822 1864 2865; x_wconf 89' lang='lat' dir='ltr'><strong><em>necessa-</em></strong></span> 
     </span>
    </p>
   </div>
   <div class='ocr_carea' id='block_1_33' title="bbox 266 2902 1865 2976">
    <p class='ocr_par' dir='ltr' id='par_1_33' title="bbox 266 2902 1865 2976">
     <span class='ocr_line' id='line_1_33' title="bbox 266 2902 1865 2976; baseline -0.002 -15"><span class='ocrx_word' id='word_1_232' title='bbox 266 2906 440 2971; x_wconf 89' lang='lat' dir='ltr'><strong><em>rium;</em></strong></span> <span class='ocrx_word' id='word_1_233' title='bbox 494 2920 799 2976; x_wconf 85' lang='lat' dir='ltr'><strong><em>quanquam</em></strong></span> <span class='ocrx_word' id='word_1_234' title='bbox 849 2912 1046 2973; x_wconf 84' lang='lat' dir='ltr'><strong><em>praeter</em></strong></span> <span class='ocrx_word' id='word_1_235' title='bbox 1089 2905 1293 2960; x_wconf 84' lang='lat' dir='ltr'><strong><em>Julium</em></strong></span> <span class='ocrx_word' id='word_1_236' title='bbox 1340 2903 1686 2969; x_wconf 88' lang='lat' dir='ltr'><strong><em>Africanum,</em></strong></span> <span class='ocrx_word' id='word_1_237' title='bbox 1732 2902 1865 2958; x_wconf 90' lang='lat' dir='ltr'><strong><em>alios</em></strong></span> 
     </span>
    </p>
   </div>
   <div class='ocr_carea' id='block_1_34' title="bbox 268 2994 1867 3063">
    <p class='ocr_par' dir='ltr' id='par_1_34' title="bbox 268 2994 1867 3063">
     <span class='ocr_line' id='line_1_34' title="bbox 268 2994 1867 3063; baseline -0.004 -10"><span class='ocrx_word' id='word_1_238' title='bbox 268 3012 479 3063; x_wconf 72' lang='grc' dir='ltr'><strong><em>σιιιοαιιθ</em></strong></span> <span class='ocrx_word' id='word_1_239' title='bbox 516 3008 765 3053; x_wconf 82' lang='lat' dir='ltr'><strong><em>auctores</em></strong></span> <span class='ocrx_word' id='word_1_240' title='bbox 794 2995 1015 3053; x_wconf 68' lang='grc' dir='ltr'><strong><em>ϐτεεοοε</em></strong></span> <span class='ocrx_word' id='word_1_241' title='bbox 1054 2997 1383 3053; x_wconf 88' lang='lat' dir='ltr'><strong><em>recentiores</em></strong></span> <span class='ocrx_word' id='word_1_242' title='bbox 1429 2994 1497 3051; x_wconf 85' lang='lat' dir='ltr'><strong><em>ab</em></strong></span> <span class='ocrx_word' id='word_1_243' title='bbox 1534 3007 1603 3051; x_wconf 86' lang='lat' dir='ltr'><strong><em>eo</em></strong></span> <span class='ocrx_word' id='word_1_244' title='bbox 1644 3002 1867 3047; x_wconf 84' lang='lat' dir='ltr'><strong><em>auctore</em></strong></span> 
     </span>
    </p>
   </div>
   <div class='ocr_carea' id='block_1_35' title="bbox 271 3086 1865 3147">
    <p class='ocr_par' dir='ltr' id='par_1_35' title="bbox 271 3086 1865 3147">
     <span class='ocr_line' id='line_1_35' title="bbox 271 3086 1865 3147; baseline -0.005 0"><span class='ocrx_word' id='word_1_245' title='bbox 271 3090 523 3147; x_wconf 86' lang='lat' dir='ltr'><strong><em>collectos</em></strong></span> <span class='ocrx_word' id='word_1_246' title='bbox 543 3090 709 3147; x_wconf 89' lang='lat' dir='ltr'><strong><em>fuisse</em></strong></span> <span class='ocrx_word' id='word_1_247' title='bbox 720 3089 992 3146; x_wconf 81' lang='lat' dir='ltr'><strong><em>existimat</em></strong></span> <span class='ocrx_word' id='word_1_248' title='bbox 1010 3088 1314 3144; x_wconf 81' lang='lat' dir='ltr'><strong><em>Hadrianus</em></strong></span> <span class='ocrx_word' id='word_1_249' title='bbox 1331 3086 1602 3142; x_wconf 74' lang='lat' dir='ltr'><strong><em>Valesius.</em></strong></span> <span class='ocrx_word' id='word_1_250' title='bbox 1619 3086 1677 3141; x_wconf 93' lang='lat' dir='ltr'><strong><em>ld</em></strong></span> <span class='ocrx_word' id='word_1_251' title='bbox 1700 3098 1865 3139; x_wconf 77' lang='lat' dir='ltr'><strong><em>unum</em></strong></span> 
     </span>
    </p>
   </div>
   <div class='ocr_carea' id='block_1_36' title="bbox 1956 770 3554 848">
    <p class='ocr_par' dir='ltr' id='par_1_36' title="bbox 1956 770 3554 848">
     <span class='ocr_line' id='line_1_36' title="bbox 1956 770 3554 848; baseline 0.004 -23"><span class='ocrx_word' id='word_1_252' title='bbox 1956 773 2055 827; x_wconf 92' lang='lat' dir='ltr'><strong><em>dit.</em></strong></span> <span class='ocrx_word' id='word_1_253' title='bbox 2091 770 2285 826; x_wconf 83' lang='lat' dir='ltr'><strong><em>Verum</em></strong></span> <span class='ocrx_word' id='word_1_254' title='bbox 2329 770 2486 826; x_wconf 85' lang='lat' dir='ltr'><strong><em>aliam</em></strong></span> <span class='ocrx_word' id='word_1_255' title='bbox 2527 773 2646 828; x_wconf 84' lang='lat' dir='ltr'><strong><em>iniit</em></strong></span> <span class='ocrx_word' id='word_1_256' title='bbox 2692 773 2828 828; x_wconf 88' lang='lat' dir='ltr'><strong><em>viam</em></strong></span> <span class='ocrx_word' id='word_1_257' title='bbox 2861 776 3105 832; x_wconf 80' lang='lat' dir='ltr'><strong><em>Andreas</em></strong></span> <span class='ocrx_word' id='word_1_258' title='bbox 3132 775 3424 841; x_wconf 86' lang='lat' dir='ltr'><strong><em>Chesnius,</em></strong></span> <span class='ocrx_word' id='word_1_259' title='bbox 3462 778 3554 848; x_wconf 90' lang='lat' dir='ltr'><strong><em>qui</em></strong></span> 
     </span>
    </p>
   </div>
   <div class='ocr_carea' id='block_1_37' title="bbox 1960 866 3553 939">
    <p class='ocr_par' dir='ltr' id='par_1_37' title="bbox 1960 866 3553 939">
     <span class='ocr_line' id='line_1_37' title="bbox 1960 866 3553 939; baseline 0.003 -20"><span class='ocrx_word' id='word_1_260' title='bbox 1960 876 2105 921; x_wconf 83' lang='lat' dir='ltr'><strong><em>torno</em></strong></span> <span class='ocrx_word' id='word_1_261' title='bbox 2138 866 2155 920; x_wconf 95' lang='grc'><strong>1</strong></span> <span class='ocrx_word' id='word_1_262' title='bbox 2189 866 2437 921; x_wconf 62' lang='lat' dir='ltr'><strong><em>Historia:</em></strong></span> <span class='ocrx_word' id='word_1_263' title='bbox 2475 866 2745 923; x_wconf 75' lang='lat' dir='ltr'><strong><em>Francicie</em></strong></span> <span class='ocrx_word' id='word_1_264' title='bbox 2781 869 3107 939; x_wconf 88' lang='lat' dir='ltr'><strong><em>scriptorum</em></strong></span> <span class='ocrx_word' id='word_1_265' title='bbox 3148 870 3288 927; x_wconf 89' lang='lat' dir='ltr'><strong><em>idem</em></strong></span> <span class='ocrx_word' id='word_1_266' title='bbox 3322 870 3553 926; x_wconf 89' lang='lat' dir='ltr'><strong><em>Chroni-</em></strong></span> 
     </span>
    </p>
   </div>
   <div class='ocr_carea' id='block_1_38' title="bbox 1958 959 3551 1035">
    <p class='ocr_par' dir='ltr' id='par_1_38' title="bbox 1958 959 3551 1035">
     <span class='ocr_line' id='line_1_38' title="bbox 1958 959 3551 1035; baseline 0.004 -21"><span class='ocrx_word' id='word_1_267' title='bbox 1958 974 2080 1014; x_wconf 89' lang='lat' dir='ltr'><strong><em>cum</em></strong></span> <span class='ocrx_word' id='word_1_268' title='bbox 2127 959 2353 1014; x_wconf 83' lang='lat' dir='ltr'><strong><em>inseruit</em></strong></span> <span class='ocrx_word' id='word_1_269' title='bbox 2390 959 2489 1014; x_wconf 87' lang='lat' dir='ltr'><strong><em>sub</em></strong></span> <span class='ocrx_word' id='word_1_270' title='bbox 2528 959 2833 1029; x_wconf 80' lang='lat' dir='ltr'><strong><em>Fredegarii</em></strong></span> <span class='ocrx_word' id='word_1_271' title='bbox 2874 963 3115 1028; x_wconf 86' lang='lat' dir='ltr'><strong><em>nomine,</em></strong></span> <span class='ocrx_word' id='word_1_272' title='bbox 3147 965 3289 1034; x_wconf 88' lang='lat' dir='ltr'><strong><em>quod</em></strong></span> <span class='ocrx_word' id='word_1_273' title='bbox 3328 964 3551 1035; x_wconf 88' lang='lat' dir='ltr'><strong><em>jubente</em></strong></span> 
     </span>
    </p>
   </div>
   <div class='ocr_carea' id='block_1_39' title="bbox 1957 1051 3555 1123">
    <p class='ocr_par' dir='ltr' id='par_1_39' title="bbox 1957 1051 3555 1123">
     <span class='ocr_line' id='line_1_39' title="bbox 1957 1051 3555 1123; baseline 0.003 -16"><span class='ocrx_word' id='word_1_274' title='bbox 1957 1051 2354 1107; x_wconf 89' lang='lat' dir='ltr'><strong><em>Childebrando</em></strong></span> <span class='ocrx_word' id='word_1_275' title='bbox 2380 1051 2588 1122; x_wconf 84' lang='lat' dir='ltr'><strong><em>Pippini</em></strong></span> <span class='ocrx_word' id='word_1_276' title='bbox 2612 1061 2801 1121; x_wconf 86' lang='lat' dir='ltr'><strong><em>patruo</em></strong></span> <span class='ocrx_word' id='word_1_277' title='bbox 2822 1054 3079 1123; x_wconf 87' lang='lat' dir='ltr'><strong><em>scriptum</em></strong></span> <span class='ocrx_word' id='word_1_278' title='bbox 3112 1056 3230 1123; x_wconf 83' lang='lat' dir='ltr'><strong><em>fuit,</em></strong></span> <span class='ocrx_word' id='word_1_279' title='bbox 3248 1064 3311 1111; x_wconf 77' lang='lat' dir='ltr'><strong><em>et</em></strong></span> <span class='ocrx_word' id='word_1_280' title='bbox 3329 1067 3555 1114; x_wconf 84' lang='lat' dir='ltr'><strong><em>curante</em></strong></span> 
     </span>
    </p>
   </div>
   <div class='ocr_carea' id='block_1_40' title="bbox 1959 1143 3583 1217">
    <p class='ocr_par' dir='ltr' id='par_1_40' title="bbox 1959 1143 3583 1217">
     <span class='ocr_line' id='line_1_40' title="bbox 1959 1143 3583 1217; baseline 0.003 -18"><span class='ocrx_word' id='word_1_281' title='bbox 1959 1144 2257 1214; x_wconf 82' lang='lat' dir='ltr'><strong><em>Nibelungo</em></strong></span> <span class='ocrx_word' id='word_1_282' title='bbox 2288 1144 2531 1215; x_wconf 83' lang='lat' dir='ltr'><strong><em>ejusdem</em></strong></span> <span class='ocrx_word' id='word_1_283' title='bbox 2558 1143 2936 1201; x_wconf 83' lang='lat' dir='ltr'><strong><em>Childebrandi</em></strong></span> <span class='ocrx_word' id='word_1_284' title='bbox 2959 1147 3068 1202; x_wconf 84' lang='lat' dir='ltr'><strong><em>filio</em></strong></span> <span class='ocrx_word' id='word_1_285' title='bbox 3086 1149 3153 1202; x_wconf 87' lang='lat' dir='ltr'><strong><em>ad</em></strong></span> <span class='ocrx_word' id='word_1_286' title='bbox 3178 1148 3388 1217; x_wconf 79' lang='lat' dir='ltr'><strong><em>Pippini</em></strong></span> <span class='ocrx_word' id='word_1_287' title='bbox 3412 1162 3583 1217; x_wconf 62' lang='lat' dir='ltr'><strong><em>mor-,1</em></strong></span> 
     </span>
    </p>
   </div>
   <div class='ocr_carea' id='block_1_41' title="bbox 1962 1199 3587 1317">
    <p class='ocr_par' dir='ltr' id='par_1_41' title="bbox 1962 1199 3587 1317">
     <span class='ocr_line' id='line_1_41' title="bbox 1962 1199 3587 1317; baseline 0.003 -19"><span class='ocrx_word' id='word_1_288' title='bbox 1962 1252 2068 1298; x_wconf 90' lang='lat' dir='ltr'><strong><em>tem</em></strong></span> <span class='ocrx_word' id='word_1_289' title='bbox 2096 1244 2487 1307; x_wconf 85' lang='lat' dir='ltr'><strong><em>continuatum,</em></strong></span> <span class='ocrx_word' id='word_1_290' title='bbox 2522 1244 2673 1312; x_wconf 87' lang='lat' dir='ltr'><strong><em>quasi</em></strong></span> <span class='ocrx_word' id='word_1_291' title='bbox 2704 1244 2993 1313; x_wconf 87' lang='lat' dir='ltr'><strong><em>primarius</em></strong></span> <span class='ocrx_word' id='word_1_292' title='bbox 3019 1247 3250 1314; x_wconf 87' lang='lat' dir='ltr'><strong><em>scriptor</em></strong></span> <span class='ocrx_word' id='word_1_293' title='bbox 3274 1199 3587 1317; x_wconf 48' lang='lat' dir='ltr'><strong><em>Fredega-gg</em></strong></span> 
     </span>
    </p>
   </div>
   <div class='ocr_carea' id='block_1_42' title="bbox 1961 1318 3587 1410">
    <p class='ocr_par' dir='ltr' id='par_1_42' title="bbox 1961 1318 3587 1410">
     <span class='ocr_line' id='line_1_42' title="bbox 1961 1318 3587 1410; baseline 0.004 -20"><span class='ocrx_word' id='word_1_294' title='bbox 1961 1337 2073 1390; x_wconf 87' lang='lat' dir='ltr'><strong><em>rius</em></strong></span> <span class='ocrx_word' id='word_1_295' title='bbox 2115 1334 2439 1391; x_wconf 85' lang='lat' dir='ltr'><strong><em>Chronicuin</em></strong></span> <span class='ocrx_word' id='word_1_296' title='bbox 2494 1336 2623 1390; x_wconf 88' lang='lat' dir='ltr'><strong><em>illud</em></strong></span> <span class='ocrx_word' id='word_1_297' title='bbox 2677 1337 2939 1407; x_wconf 83' lang='lat' dir='ltr'><strong><em>integrum</em></strong></span> <span class='ocrx_word' id='word_1_298' title='bbox 2980 1336 3363 1395; x_wconf 78' lang='lat' dir='ltr'><strong><em>Childebrandi</em></strong></span> <span class='ocrx_word' id='word_1_299' title='bbox 3402 1318 3587 1410; x_wconf 31' lang='lat' dir='ltr'><strong><em>jussu!</em></strong></span> 
     </span>
    </p>
   </div>
   <div class='ocr_carea' id='block_1_43' title="bbox 1958 1415 3574 1500">
    <p class='ocr_par' dir='ltr' id='par_1_43' title="bbox 1958 1415 3574 1500">
     <span class='ocr_line' id='line_1_43' title="bbox 1958 1415 3574 1500; baseline 0.004 -19"><span class='ocrx_word' id='word_1_300' title='bbox 1958 1427 2237 1496; x_wconf 85' lang='lat' dir='ltr'><strong><em>scripserit</em></strong></span> <span class='ocrx_word' id='word_1_301' title='bbox 2268 1441 2437 1497; x_wconf 86' lang='lat' dir='ltr'><strong><em>usque</em></strong></span> <span class='ocrx_word' id='word_1_302' title='bbox 2466 1427 2532 1480; x_wconf 89' lang='lat' dir='ltr'><strong><em>ad</em></strong></span> <span class='ocrx_word' id='word_1_303' title='bbox 2574 1427 2783 1497; x_wconf 91' lang='lat' dir='ltr'><strong><em>Pipplni</em></strong></span> <span class='ocrx_word' id='word_1_304' title='bbox 2824 1429 3287 1500; x_wconf 78' lang='lat' dir='ltr'><strong><em>inaugurationem</em></strong></span> <span class='ocrx_word' id='word_1_305' title='bbox 3310 1474 3325 1498; x_wconf 94' lang='lat'><strong><em>,</em></strong></span> <span class='ocrx_word' id='word_1_306' title='bbox 3356 1415 3574 1500; x_wconf 40' lang='lat' dir='ltr'><strong><em>ipsum?</em></strong></span> 
     </span>
    </p>
   </div>
   <div class='ocr_carea' id='block_1_44' title="bbox 1960 1518 3559 1592">
    <p class='ocr_par' dir='ltr' id='par_1_44' title="bbox 1960 1518 3559 1592">
     <span class='ocr_line' id='line_1_44' title="bbox 1960 1518 3559 1592; baseline 0.004 -18"><span class='ocrx_word' id='word_1_307' title='bbox 1960 1533 2065 1589; x_wconf 90' lang='lat' dir='ltr'><strong><em>que</em></strong></span> <span class='ocrx_word' id='word_1_308' title='bbox 2090 1529 2277 1590; x_wconf 88' lang='lat' dir='ltr'><strong><em>postea</em></strong></span> <span class='ocrx_word' id='word_1_309' title='bbox 2308 1528 2400 1574; x_wconf 80' lang='lat' dir='ltr'><strong><em>aut</em></strong></span> <span class='ocrx_word' id='word_1_310' title='bbox 2428 1520 2568 1574; x_wconf 87' lang='lat' dir='ltr'><strong><em>idem</em></strong></span> <span class='ocrx_word' id='word_1_311' title='bbox 2600 1518 2980 1590; x_wconf 78' lang='lat' dir='ltr'><strong><em>Fredegarius,</em></strong></span> <span class='ocrx_word' id='word_1_312' title='bbox 3012 1532 3104 1576; x_wconf 88' lang='lat' dir='ltr'><strong><em>aut</em></strong></span> <span class='ocrx_word' id='word_1_313' title='bbox 3132 1522 3266 1577; x_wconf 83' lang='lat' dir='ltr'><strong><em>a‘lius</em></strong></span> <span class='ocrx_word' id='word_1_314' title='bbox 3294 1524 3466 1592; x_wconf 86' lang='lat' dir='ltr'><strong><em>quivis</em></strong></span> <span class='ocrx_word' id='word_1_315' title='bbox 3489 1524 3559 1580; x_wconf 87' lang='lat' dir='ltr'><strong><em>ad</em></strong></span> 
     </span>
    </p>
   </div>
   <div class='ocr_carea' id='block_1_45' title="bbox 1961 1611 3557 1684">
    <p class='ocr_par' dir='ltr' id='par_1_45' title="bbox 1961 1611 3557 1684">
     <span class='ocr_line' id='line_1_45' title="bbox 1961 1611 3557 1684; baseline 0.003 -19"><span class='ocrx_word' id='word_1_316' title='bbox 1961 1612 2202 1679; x_wconf 80' lang='lat' dir='ltr'><strong><em>ejusdem</em></strong></span> <span class='ocrx_word' id='word_1_317' title='bbox 2233 1611 2377 1680; x_wconf 77' lang='lat' dir='ltr'><strong><em>regis</em></strong></span> <span class='ocrx_word' id='word_1_318' title='bbox 2405 1611 2606 1666; x_wconf 90' lang='lat' dir='ltr'><strong><em>obitum</em></strong></span> <span class='ocrx_word' id='word_1_319' title='bbox 2639 1611 2938 1682; x_wconf 81' lang='lat' dir='ltr'><strong><em>Nibelungo</em></strong></span> <span class='ocrx_word' id='word_1_320' title='bbox 2963 1613 3186 1683; x_wconf 84' lang='lat' dir='ltr'><strong><em>jubente</em></strong></span> <span class='ocrx_word' id='word_1_321' title='bbox 3210 1616 3557 1684; x_wconf 85' lang='lat' dir='ltr'><strong><em>protraxerit.</em></strong></span> 
     </span>
    </p>
   </div>
   <div class='ocr_carea' id='block_1_46' title="bbox 1963 1702 3556 1777">
    <p class='ocr_par' dir='ltr' id='par_1_46' title="bbox 1963 1702 3556 1777">
     <span class='ocr_line' id='line_1_46' title="bbox 1963 1702 3556 1777; baseline 0.004 -21"><span class='ocrx_word' id='word_1_322' title='bbox 1963 1704 2032 1757; x_wconf 82' lang='lat' dir='ltr'><strong><em>At</em></strong></span> <span class='ocrx_word' id='word_1_323' title='bbox 2062 1702 2226 1758; x_wconf 89' lang='lat' dir='ltr'><strong><em>falsus</em></strong></span> <span class='ocrx_word' id='word_1_324' title='bbox 2257 1712 2341 1759; x_wconf 90' lang='lat' dir='ltr'><strong><em>est</em></strong></span> <span class='ocrx_word' id='word_1_325' title='bbox 2368 1709 2450 1759; x_wconf 89' lang='lat' dir='ltr'><strong><em>vlr</em></strong></span> <span class='ocrx_word' id='word_1_326' title='bbox 2474 1705 2745 1775; x_wconf 88' lang='lat' dir='ltr'><strong><em>eruditus,</em></strong></span> <span class='ocrx_word' id='word_1_327' title='bbox 2787 1706 3044 1777; x_wconf 90' lang='lat' dir='ltr'><strong><em>deceptus</em></strong></span> <span class='ocrx_word' id='word_1_328' title='bbox 3088 1709 3435 1776; x_wconf 78' lang='lat' dir='ltr'><strong><em>inscriptione</em></strong></span> <span class='ocrx_word' id='word_1_329' title='bbox 3461 1724 3556 1763; x_wconf 87' lang='lat' dir='ltr'><strong><em>co—</em></strong></span> 
     </span>
    </p>
   </div>
   <div class='ocr_carea' id='block_1_47' title="bbox 1891 1792 3559 1871">
    <p class='ocr_par' dir='ltr' id='par_1_47' title="bbox 1891 1792 3559 1871">
     <span class='ocr_line' id='line_1_47' title="bbox 1891 1792 3559 1871; baseline -0.001 -12"><span class='ocrx_word' id='word_1_330' title='bbox 1891 1792 1940 1859; x_wconf 88' lang='lat' dir='ltr'><strong>B</strong></span> <span class='ocrx_word' id='word_1_331' title='bbox 1964 1800 2098 1856; x_wconf 85' lang='lat' dir='ltr'><strong><em>dicis</em></strong></span> <span class='ocrx_word' id='word_1_332' title='bbox 2128 1799 2420 1866; x_wconf 86' lang='lat' dir='ltr'><strong><em>Petaviani,</em></strong></span> <span class='ocrx_word' id='word_1_333' title='bbox 2458 1808 2614 1868; x_wconf 75' lang='lat' dir='ltr'><strong><em>“quam</em></strong></span> <span class='ocrx_word' id='word_1_334' title='bbox 2646 1800 2893 1855; x_wconf 89' lang='lat' dir='ltr'><strong><em>dedimus</em></strong></span> <span class='ocrx_word' id='word_1_335' title='bbox 2919 1802 3167 1857; x_wconf 88' lang='lat' dir='ltr'><strong><em>columna</em></strong></span> <span class='ocrx_word' id='word_1_336' title='bbox 3201 1800 3328 1867; x_wconf 82' lang='lat'><strong><em>685,</em></strong></span> <span class='ocrx_word' id='word_1_337' title='bbox 3356 1817 3421 1856; x_wconf 88' lang='lat' dir='ltr'><strong><em>ex</em></strong></span> <span class='ocrx_word' id='word_1_338' title='bbox 3454 1816 3559 1871; x_wconf 88' lang='lat' dir='ltr'><strong><em>qua</em></strong></span> 
     </span>
    </p>
   </div>
   <div class='ocr_carea' id='block_1_48' title="bbox 1966 1887 3561 1960">
    <p class='ocr_par' dir='ltr' id='par_1_48' title="bbox 1966 1887 3561 1960">
     <span class='ocr_line' id='line_1_48' title="bbox 1966 1887 3561 1960; baseline 0.003 -15"><span class='ocrx_word' id='word_1_339' title='bbox 1966 1890 2180 1960; x_wconf 87' lang='lat' dir='ltr'><strong><em>quidem</em></strong></span> <span class='ocrx_word' id='word_1_340' title='bbox 2234 1890 2539 1959; x_wconf 78' lang='lat' dir='ltr'><strong><em>Fredegarii</em></strong></span> <span class='ocrx_word' id='word_1_341' title='bbox 2597 1887 2929 1945; x_wconf 78' lang='lat' dir='ltr'><strong><em>Chron‘icum</em></strong></span> <span class='ocrx_word' id='word_1_342' title='bbox 2984 1889 3369 1948; x_wconf 90' lang='lat' dir='ltr'><strong><em>Childebrandi</em></strong></span> <span class='ocrx_word' id='word_1_343' title='bbox 3414 1892 3561 1949; x_wconf 83' lang='lat' dir='ltr'><strong><em>curis</em></strong></span> 
     </span>
    </p>
   </div>
   <div class='ocr_carea' id='block_1_49' title="bbox 1964 1984 3563 2048">
    <p class='ocr_par' dir='ltr' id='par_1_49' title="bbox 1964 1984 3563 2048">
     <span class='ocr_line' id='line_1_49' title="bbox 1964 1984 3563 2048; baseline 0.001 -9"><span class='ocrx_word' id='word_1_344' title='bbox 1964 1984 2357 2048; x_wconf 87' lang='lat' dir='ltr'><strong><em>continuatum,</em></strong></span> <span class='ocrx_word' id='word_1_345' title='bbox 2389 1992 2480 2036; x_wconf 87' lang='lat' dir='ltr'><strong><em>aut</em></strong></span> <span class='ocrx_word' id='word_1_346' title='bbox 2506 1992 2652 2039; x_wconf 86' lang='lat' dir='ltr'><strong><em>certe</em></strong></span> <span class='ocrx_word' id='word_1_347' title='bbox 2694 1984 3097 2040; x_wconf 88' lang='lat' dir='ltr'><strong><em>continuatores</em></strong></span> <span class='ocrx_word' id='word_1_348' title='bbox 3134 1985 3197 2040; x_wconf 91' lang='lat' dir='ltr'><strong><em>in</em></strong></span> <span class='ocrx_word' id='word_1_349' title='bbox 3239 2000 3402 2040; x_wconf 90' lang='lat' dir='ltr'><strong><em>unum</em></strong></span> <span class='ocrx_word' id='word_1_350' title='bbox 3442 2000 3563 2041; x_wconf 87' lang='lat' dir='ltr'><strong><em>cor-</em></strong></span> 
     </span>
    </p>
   </div>
   <div class='ocr_carea' id='block_1_50' title="bbox 1962 2075 3563 2147">
    <p class='ocr_par' dir='ltr' id='par_1_50' title="bbox 1962 2075 3563 2147">
     <span class='ocr_line' id='line_1_50' title="bbox 1962 2075 3563 2147; baseline 0.001 -14"><span class='ocrx_word' id='word_1_351' title='bbox 1962 2090 2066 2146; x_wconf 88' lang='lat' dir='ltr'><strong><em>pus</em></strong></span> <span class='ocrx_word' id='word_1_352' title='bbox 2107 2077 2356 2132; x_wconf 87' lang='lat' dir='ltr'><strong><em>redactos</em></strong></span> <span class='ocrx_word' id='word_1_353' title='bbox 2394 2076 2561 2130; x_wconf 88' lang='lat' dir='ltr'><strong><em>fuisse</em></strong></span> <span class='ocrx_word' id='word_1_354' title='bbox 2598 2075 2781 2132; x_wconf 83' lang='lat' dir='ltr'><strong><em>inferri</em></strong></span> <span class='ocrx_word' id='word_1_355' title='bbox 2830 2086 3076 2147; x_wconf 88' lang='lat' dir='ltr'><strong><em>poterat,</em></strong></span> <span class='ocrx_word' id='word_1_356' title='bbox 3124 2094 3229 2133; x_wconf 91' lang='lat' dir='ltr'><strong><em>non</em></strong></span> <span class='ocrx_word' id='word_1_357' title='bbox 3266 2090 3397 2133; x_wconf 88' lang='lat' dir='ltr'><strong><em>vero</em></strong></span> <span class='ocrx_word' id='word_1_358' title='bbox 3436 2087 3563 2134; x_wconf 89' lang='lat' dir='ltr'><strong><em>tunc</em></strong></span> 
     </span>
    </p>
   </div>
   <div class='ocr_carea' id='block_1_51' title="bbox 1966 2169 3564 2242">
    <p class='ocr_par' dir='ltr' id='par_1_51' title="bbox 1966 2169 3564 2242">
     <span class='ocr_line' id='line_1_51' title="bbox 1966 2169 3564 2242; baseline 0.002 -19"><span class='ocrx_word' id='word_1_359' title='bbox 1966 2169 2219 2240; x_wconf 88' lang='lat' dir='ltr'><strong><em>primitus</em></strong></span> <span class='ocrx_word' id='word_1_360' title='bbox 2250 2170 2636 2240; x_wconf 88' lang='lat' dir='ltr'><strong><em>conscriptum.</em></strong></span> <span class='ocrx_word' id='word_1_361' title='bbox 2666 2170 3049 2242; x_wconf 77' lang='lat' dir='ltr'><strong><em>Fredegarium</em></strong></span> <span class='ocrx_word' id='word_1_362' title='bbox 3082 2171 3224 2226; x_wconf 81' lang='lat' dir='ltr'><strong><em>enim</em></strong></span> <span class='ocrx_word' id='word_1_363' title='bbox 3243 2215 3258 2240; x_wconf 90' lang='lat'><strong><em>,</em></strong></span> <span class='ocrx_word' id='word_1_364' title='bbox 3288 2171 3371 2226; x_wconf 90' lang='lat' dir='ltr'><strong><em>vel</em></strong></span> <span class='ocrx_word' id='word_1_365' title='bbox 3416 2169 3564 2241; x_wconf 82' lang='lat' dir='ltr'><strong><em>quis-</em></strong></span> 
     </span>
    </p>
   </div>
   <div class='ocr_carea' id='block_1_52' title="bbox 1962 2261 3564 2330">
    <p class='ocr_par' dir='ltr' id='par_1_52' title="bbox 1962 2261 3564 2330">
     <span class='ocr_line' id='line_1_52' title="bbox 1962 2261 3564 2330; baseline 0.002 -15"><span class='ocrx_word' id='word_1_366' title='bbox 1962 2261 2086 2330; x_wconf 87' lang='lat' dir='ltr'><strong><em>quis</em></strong></span> <span class='ocrx_word' id='word_1_367' title='bbox 2115 2269 2197 2315; x_wconf 89' lang='lat' dir='ltr'><strong><em>est</em></strong></span> <span class='ocrx_word' id='word_1_368' title='bbox 2240 2261 2375 2316; x_wconf 80' lang='lat' dir='ltr'><strong><em>alius</em></strong></span> <span class='ocrx_word' id='word_1_369' title='bbox 2402 2262 2654 2316; x_wconf 85' lang='lat' dir='ltr'><strong><em>Cbronici</em></strong></span> <span class='ocrx_word' id='word_1_370' title='bbox 2700 2262 2859 2330; x_wconf 83' lang='lat' dir='ltr'><strong><em>hujus</em></strong></span> <span class='ocrx_word' id='word_1_371' title='bbox 2903 2271 3121 2327; x_wconf 82' lang='lat' dir='ltr'><strong><em>auctor,</em></strong></span> <span class='ocrx_word' id='word_1_372' title='bbox 3156 2262 3564 2321; x_wconf 26' lang='lat' dir='ltr'><strong><em>,Childebrundo</em></strong></span> 
     </span>
    </p>
   </div>
   <div class='ocr_carea' id='block_1_53' title="bbox 1964 2353 3562 2424">
    <p class='ocr_par' dir='ltr' id='par_1_53' title="bbox 1964 2353 3562 2424">
     <span class='ocr_line' id='line_1_53' title="bbox 1964 2353 3562 2424; baseline 0.002 -16"><span class='ocrx_word' id='word_1_373' title='bbox 1964 2355 2321 2424; x_wconf 86' lang='lat' dir='ltr'><strong><em>antiquiorem</em></strong></span> <span class='ocrx_word' id='word_1_374' title='bbox 2356 2353 2565 2421; x_wconf 76' lang='lat' dir='ltr'><strong><em>fuisse,</em></strong></span> <span class='ocrx_word' id='word_1_375' title='bbox 2603 2362 2659 2409; x_wconf 89' lang='lat' dir='ltr'><strong><em>et</em></strong></span> <span class='ocrx_word' id='word_1_376' title='bbox 2696 2354 3022 2411; x_wconf 85' lang='lat' dir='ltr'><strong><em>Chronicum</em></strong></span> <span class='ocrx_word' id='word_1_377' title='bbox 3070 2370 3224 2410; x_wconf 86' lang='lat' dir='ltr'><strong><em>suum</em></strong></span> <span class='ocrx_word' id='word_1_378' title='bbox 3268 2370 3410 2410; x_wconf 87' lang='lat' dir='ltr'><strong><em>anno</em></strong></span> <span class='ocrx_word' id='word_1_379' title='bbox 3460 2356 3562 2411; x_wconf 75' lang='lat' dir='ltr'><strong>0H</strong></span> 
     </span>
    </p>
   </div>
   <div class='ocr_carea' id='block_1_54' title="bbox 1964 2446 3560 2516">
    <p class='ocr_par' dir='ltr' id='par_1_54' title="bbox 1964 2446 3560 2516">
     <span class='ocr_line' id='line_1_54' title="bbox 1964 2446 3560 2516; baseline -0.001 -13"><span class='ocrx_word' id='word_1_380' title='bbox 1964 2447 2297 2503; x_wconf 88' lang='lat' dir='ltr'><strong><em>conclusisse</em></strong></span> <span class='ocrx_word' id='word_1_381' title='bbox 2336 2446 2448 2516; x_wconf 89' lang='lat' dir='ltr'><strong><em>jam</em></strong></span> <span class='ocrx_word' id='word_1_382' title='bbox 2493 2446 2786 2516; x_wconf 82' lang='lat' dir='ltr'><strong><em>probarunt</em></strong></span> <span class='ocrx_word' id='word_1_383' title='bbox 2828 2446 2927 2502; x_wconf 91' lang='lat' dir='ltr'><strong><em>viri</em></strong></span> <span class='ocrx_word' id='word_1_384' title='bbox 2972 2446 3174 2502; x_wconf 87' lang='lat' dir='ltr'><strong><em>eruditi</em></strong></span> <span class='ocrx_word' id='word_1_385' title='bbox 3214 2448 3560 2502; x_wconf 73' lang='lat' dir='ltr'><strong><em>validissimis</em></strong></span> 
     </span>
    </p>
   </div>
   <div class='ocr_carea' id='block_1_55' title="bbox 1964 2539 3562 2609">
    <p class='ocr_par' dir='ltr' id='par_1_55' title="bbox 1964 2539 3562 2609">
     <span class='ocr_line' id='line_1_55' title="bbox 1964 2539 3562 2609; baseline -0.001 -14"><span class='ocrx_word' id='word_1_386' title='bbox 1964 2539 2286 2607; x_wconf 78' lang='lat' dir='ltr'><strong><em>rationibus,</em></strong></span> <span class='ocrx_word' id='word_1_387' title='bbox 2315 2553 2451 2609; x_wconf 83' lang='lat' dir='ltr'><strong><em>quas</em></strong></span> <span class='ocrx_word' id='word_1_388' title='bbox 2478 2553 2578 2595; x_wconf 88' lang='lat' dir='ltr'><strong><em>nos</em></strong></span> <span class='ocrx_word' id='word_1_389' title='bbox 2612 2539 2697 2594; x_wconf 83' lang='lat' dir='ltr'><strong><em>hic</em></strong></span> <span class='ocrx_word' id='word_1_390' title='bbox 2726 2540 2962 2595; x_wconf 83' lang='lat' dir='ltr'><strong><em>breviter</em></strong></span> <span class='ocrx_word' id='word_1_391' title='bbox 2991 2541 3435 2609; x_wconf 81' lang='lat' dir='ltr'><strong><em>perstringemus,</em></strong></span> <span class='ocrx_word' id='word_1_392' title='bbox 3466 2540 3562 2594; x_wconf 91' lang='lat' dir='ltr'><strong><em>ad-</em></strong></span> 
     </span>
    </p>
   </div>
   <div class='ocr_carea' id='block_1_56' title="bbox 1964 2630 3565 2703">
    <p class='ocr_par' dir='ltr' id='par_1_56' title="bbox 1964 2630 3565 2703">
     <span class='ocr_line' id='line_1_56' title="bbox 1964 2630 3565 2703; baseline 0 -14"><span class='ocrx_word' id='word_1_393' title='bbox 1964 2633 2092 2689; x_wconf 90' lang='lat' dir='ltr'><strong><em>ditis</em></strong></span> <span class='ocrx_word' id='word_1_394' title='bbox 2118 2633 2323 2703; x_wconf 88' lang='lat' dir='ltr'><strong><em>aliquot</em></strong></span> <span class='ocrx_word' id='word_1_395' title='bbox 2350 2632 2715 2701; x_wconf 67' lang='lat' dir='ltr'><strong><em>argumentis,</em></strong></span> <span class='ocrx_word' id='word_1_396' title='bbox 2746 2646 2866 2702; x_wconf 77' lang='lat' dir='ltr'><strong><em>quae</em></strong></span> <span class='ocrx_word' id='word_1_397' title='bbox 2895 2646 3041 2698; x_wconf 88' lang='lat' dir='ltr'><strong><em>rem,</em></strong></span> <span class='ocrx_word' id='word_1_398' title='bbox 3084 2639 3143 2687; x_wconf 88' lang='lat' dir='ltr'><strong><em>ut</em></strong></span> <span class='ocrx_word' id='word_1_399' title='bbox 3181 2632 3397 2702; x_wconf 84' lang='lat' dir='ltr'><strong><em>quidem</em></strong></span> <span class='ocrx_word' id='word_1_400' title='bbox 3433 2630 3565 2689; x_wconf 82' lang='lat' dir='ltr'><strong><em>mihi</em></strong></span> 
     </span>
    </p>
   </div>
   <div class='ocr_carea' id='block_1_57' title="bbox 1965 2725 2539 2791">
    <p class='ocr_par' dir='ltr' id='par_1_57' title="bbox 1965 2725 2539 2791">
     <span class='ocr_line' id='line_1_57' title="bbox 1965 2725 2539 2791; baseline -0.002 -13"><span class='ocrx_word' id='word_1_401' title='bbox 1965 2725 2197 2791; x_wconf 87' lang='lat' dir='ltr'><strong><em>videtur,</em></strong></span> <span class='ocrx_word' id='word_1_402' title='bbox 2231 2725 2539 2779; x_wconf 76' lang='lat' dir='ltr'><strong><em>conficient.</em></strong></span> 
     </span>
    </p>
   </div>
   <div class='ocr_carea' id='block_1_58' title="bbox 2038 2813 3556 2885">
    <p class='ocr_par' dir='ltr' id='par_1_58' title="bbox 2038 2813 3556 2885">
     <span class='ocr_line' id='line_1_58' title="bbox 2038 2813 3556 2885; baseline 0 -15"><span class='ocrx_word' id='word_1_403' title='bbox 2038 2815 2164 2870; x_wconf 76' lang='grc'><strong>145.</strong></span> <span class='ocrx_word' id='word_1_404' title='bbox 2208 2814 2516 2885; x_wconf 79' lang='lat' dir='ltr'><strong><em>Fredegarii</em></strong></span> <span class='ocrx_word' id='word_1_405' title='bbox 2546 2813 2869 2870; x_wconf 82' lang='lat' dir='ltr'><strong><em>Chronicum</em></strong></span> <span class='ocrx_word' id='word_1_406' title='bbox 2900 2815 3039 2869; x_wconf 89' lang='lat' dir='ltr'><strong><em>ultra</em></strong></span> <span class='ocrx_word' id='word_1_407' title='bbox 3078 2830 3277 2869; x_wconf 86' lang='lat' dir='ltr'><strong><em>annum</em></strong></span> <span class='ocrx_word' id='word_1_408' title='bbox 3313 2814 3556 2870; x_wconf 78' lang='lat' dir='ltr'><strong><em>Cblodo-</em></strong></span> 
     </span>
    </p>
   </div>
   <div class='ocr_carea' id='block_1_59' title="bbox 1970 2907 3562 2978">
    <p class='ocr_par' dir='ltr' id='par_1_59' title="bbox 1970 2907 3562 2978">
     <span class='ocr_line' id='line_1_59' title="bbox 1970 2907 3562 2978; baseline 0.001 -16"><span class='ocrx_word' id='word_1_409' title='bbox 1970 2908 2052 2963; x_wconf 88' lang='lat' dir='ltr'><strong><em>vei</em></strong></span> <span class='ocrx_word' id='word_1_410' title='bbox 2075 2907 2308 2978; x_wconf 83' lang='lat' dir='ltr'><strong><em>junioris</em></strong></span> <span class='ocrx_word' id='word_1_411' title='bbox 2334 2908 2387 2971; x_wconf 77' lang='grc'>4,</span> <span class='ocrx_word' id='word_1_412' title='bbox 2412 2908 2462 2962; x_wconf 88' lang='lat' dir='ltr'><strong><em>id</em></strong></span> <span class='ocrx_word' id='word_1_413' title='bbox 2478 2916 2569 2963; x_wconf 84' lang='lat' dir='ltr'><strong><em>est</em></strong></span> <span class='ocrx_word' id='word_1_414' title='bbox 2588 2907 2829 2977; x_wconf 78' lang='lat' dir='ltr'><strong><em>vulgaris</em></strong></span> <span class='ocrx_word' id='word_1_415' title='bbox 2854 2922 2974 2961; x_wconf 64' lang='lat' dir='ltr'><strong><em>mra:</em></strong></span> <span class='ocrx_word' id='word_1_416' title='bbox 2998 2907 3098 2961; x_wconf 80' lang='grc'>641</span> <span class='ocrx_word' id='word_1_417' title='bbox 3126 2922 3229 2961; x_wconf 92' lang='lat' dir='ltr'><strong><em>non</em></strong></span> <span class='ocrx_word' id='word_1_418' title='bbox 3260 2907 3562 2976; x_wconf 85' lang='lat' dir='ltr'><strong><em>pertigisse,</em></strong></span> 
     </span>
    </p>
   </div>
   <div class='ocr_carea' id='block_1_60' title="bbox 1969 2997 3563 3070">
    <p class='ocr_par' dir='ltr' id='par_1_60' title="bbox 1969 2997 3563 3070">
     <span class='ocr_line' id='line_1_60' title="bbox 1969 2997 3563 3070; baseline -0.002 -15"><span class='ocrx_word' id='word_1_419' title='bbox 1969 3010 2129 3070; x_wconf 88' lang='lat' dir='ltr'><strong><em>atque</em></strong></span> <span class='ocrx_word' id='word_1_420' title='bbox 2159 3001 2295 3055; x_wconf 91' lang='lat' dir='ltr'><strong><em>adeo</em></strong></span> <span class='ocrx_word' id='word_1_421' title='bbox 2325 3002 2376 3055; x_wconf 90' lang='lat' dir='ltr'><strong><em>in</em></strong></span> <span class='ocrx_word' id='word_1_422' title='bbox 2404 3003 2581 3070; x_wconf 86' lang='lat' dir='ltr'><strong><em>capite</em></strong></span> <span class='ocrx_word' id='word_1_423' title='bbox 2611 3002 2679 3053; x_wconf 73' lang='lat'><strong><em>90</em></strong></span> <span class='ocrx_word' id='word_1_424' title='bbox 2709 3000 2936 3055; x_wconf 81' lang='lat' dir='ltr'><strong><em>desiisse</em></strong></span> <span class='ocrx_word' id='word_1_425' title='bbox 2964 2999 3227 3054; x_wconf 87' lang='lat' dir='ltr'><strong><em>evincitur</em></strong></span> <span class='ocrx_word' id='word_1_426' title='bbox 3267 3012 3333 3053; x_wconf 80' lang='lat' dir='ltr'><strong><em>ex</em></strong></span> <span class='ocrx_word' id='word_1_427' title='bbox 3372 2997 3563 3052; x_wconf 79' lang='lat' dir='ltr'><strong><em>codice</em></strong></span> 
     </span>
    </p>
   </div>
   <div class='ocr_carea' id='block_1_61' title="bbox 1969 3090 3561 3161">
    <p class='ocr_par' dir='ltr' id='par_1_61' title="bbox 1969 3090 3561 3161">
     <span class='ocr_line' id='line_1_61' title="bbox 1969 3090 3561 3161; baseline -0.003 -14"><span class='ocrx_word' id='word_1_428' title='bbox 1969 3092 2244 3150; x_wconf 87' lang='lat' dir='ltr'><strong><em>Sirmondi</em></strong></span> <span class='ocrx_word' id='word_1_429' title='bbox 2280 3109 2384 3150; x_wconf 89' lang='lat' dir='ltr'><strong><em>seu</em></strong></span> <span class='ocrx_word' id='word_1_430' title='bbox 2408 3095 2845 3159; x_wconf 83' lang='lat' dir='ltr'><strong><em>Claromontano,</em></strong></span> <span class='ocrx_word' id='word_1_431' title='bbox 2878 3093 2966 3161; x_wconf 90' lang='lat' dir='ltr'><strong><em>qui</em></strong></span> <span class='ocrx_word' id='word_1_432' title='bbox 2995 3094 3134 3145; x_wconf 87' lang='lat' dir='ltr'><strong><em>circa</em></strong></span> <span class='ocrx_word' id='word_1_433' title='bbox 3173 3090 3315 3144; x_wconf 89' lang='lat' dir='ltr'><strong><em>istud</em></strong></span> <span class='ocrx_word' id='word_1_434' title='bbox 3348 3098 3561 3159; x_wconf 85' lang='lat' dir='ltr'><strong><em>tempus</em></strong></span> 
     </span>
    </p>
   </div>
   <div class='ocr_carea' id='block_1_62' title="bbox 271 3175 1866 3257">
    <p class='ocr_par' dir='ltr' id='par_1_62' title="bbox 271 3178 1858 3253">
     <span class='ocr_line' id='line_1_62' title="bbox 271 3178 1858 3253; baseline -0.005 -12"><span class='ocrx_word' id='word_1_435' title='bbox 271 3184 404 3241; x_wconf 80' lang='lat' dir='ltr'><strong><em>certi</em></strong></span> <span class='ocrx_word' id='word_1_436' title='bbox 435 3186 534 3239; x_wconf 89' lang='lat' dir='ltr'><strong><em>hac</em></strong></span> <span class='ocrx_word' id='word_1_437' title='bbox 562 3184 617 3239; x_wconf 92' lang='lat' dir='ltr'><strong><em>in</em></strong></span> <span class='ocrx_word' id='word_1_438' title='bbox 647 3199 708 3239; x_wconf 91' lang='lat' dir='ltr'><strong><em>re</em></strong></span> <span class='ocrx_word' id='word_1_439' title='bbox 733 3183 895 3240; x_wconf 82' lang='lat' dir='ltr'><strong><em>statui</em></strong></span> <span class='ocrx_word' id='word_1_440' title='bbox 924 3191 1131 3253; x_wconf 90' lang='lat' dir='ltr'><strong><em>potest,</em></strong></span> <span class='ocrx_word' id='word_1_441' title='bbox 1174 3182 1320 3237; x_wconf 16' lang='lat' dir='ltr'><strong><em>illunc</em></strong></span> <span class='ocrx_word' id='word_1_442' title='bbox 1360 3189 1632 3236; x_wconf 87' lang='lat' dir='ltr'><strong><em>auctorem</em></strong></span> <span class='ocrx_word' id='word_1_443' title='bbox 1663 3178 1858 3234; x_wconf 85' lang='lat' dir='ltr'><strong><em>collec-</em></strong></span> 
     </span>
    </p>
   </div>
   <div class='ocr_carea' id='block_1_63' title="bbox 1969 3175 3565 3257">
    <p class='ocr_par' dir='ltr' id='par_1_63' title="bbox 1969 3182 3565 3257">
     <span class='ocr_line' id='line_1_63' title="bbox 1969 3182 3565 3257; baseline -0.008 -10"><span class='ocrx_word' id='word_1_444' title='bbox 1969 3200 2217 3247; x_wconf 72' lang='lat' dir='ltr'><strong><em>exaratus</em></strong></span> <span class='ocrx_word' id='word_1_445' title='bbox 2246 3197 2346 3244; x_wconf 90' lang='lat' dir='ltr'><strong><em>est.</em></strong></span> <span class='ocrx_word' id='word_1_446' title='bbox 2389 3188 2553 3257; x_wconf 90' lang='lat' dir='ltr'><strong><em>ldque</em></strong></span> <span class='ocrx_word' id='word_1_447' title='bbox 2583 3185 2837 3256; x_wconf 89' lang='lat' dir='ltr'><strong><em>probatur</em></strong></span> <span class='ocrx_word' id='word_1_448' title='bbox 2876 3198 2982 3239; x_wconf 89' lang='lat' dir='ltr'><strong><em>non</em></strong></span> <span class='ocrx_word' id='word_1_449' title='bbox 3015 3191 3220 3237; x_wconf 87' lang='lat' dir='ltr'><strong><em>tantum</em></strong></span> <span class='ocrx_word' id='word_1_450' title='bbox 3251 3197 3315 3237; x_wconf 82' lang='lat' dir='ltr'><strong><em>ex</em></strong></span> <span class='ocrx_word' id='word_1_451' title='bbox 3344 3182 3565 3236; x_wconf 86' lang='lat' dir='ltr'><strong><em>charac-</em></strong></span> 
     </span>
    </p>
   </div>
   <div class='ocr_carea' id='block_1_64' title="bbox 271 3270 1859 3348">
    <p class='ocr_par' dir='ltr' id='par_1_64' title="bbox 271 3270 1859 3348">
     <span class='ocr_line' id='line_1_64' title="bbox 271 3270 1859 3348; baseline -0.005 -16"><span class='ocrx_word' id='word_1_452' title='bbox 271 3276 470 3333; x_wconf 88' lang='lat' dir='ltr'><strong><em>tionem</em></strong></span> <span class='ocrx_word' id='word_1_453' title='bbox 499 3292 653 3334; x_wconf 87' lang='lat' dir='ltr'><strong><em>suam</em></strong></span> <span class='ocrx_word' id='word_1_454' title='bbox 676 3291 742 3334; x_wconf 77' lang='lat' dir='ltr'><strong><em>ex</em></strong></span> <span class='ocrx_word' id='word_1_455' title='bbox 775 3277 1087 3348; x_wconf 87' lang='lat' dir='ltr'><strong><em>Hieronymi</em></strong></span> <span class='ocrx_word' id='word_1_456' title='bbox 1113 3272 1384 3331; x_wconf 83' lang='lat' dir='ltr'><strong><em>Chronico</em></strong></span> <span class='ocrx_word' id='word_1_457' title='bbox 1407 3270 1633 3343; x_wconf 86' lang='lat' dir='ltr'><strong><em>aliisque</em></strong></span> <span class='ocrx_word' id='word_1_458' title='bbox 1671 3278 1859 3326; x_wconf 90' lang='lat' dir='ltr'><strong><em>aucto-</em></strong></span> 
     </span>
    </p>
   </div>
   <div class='ocr_carea' id='block_1_65' title="bbox 269 3363 1865 3440">
    <p class='ocr_par' dir='ltr' id='par_1_65' title="bbox 269 3363 1865 3440">
     <span class='ocr_line' id='line_1_65' title="bbox 269 3363 1865 3440; baseline -0.003 -18"><span class='ocrx_word' id='word_1_459' title='bbox 269 3367 439 3435; x_wconf 88' lang='lat' dir='ltr'><strong><em>ribus,</em></strong></span> <span class='ocrx_word' id='word_1_460' title='bbox 463 3384 600 3439; x_wconf 87' lang='lat' dir='ltr'><strong><em>quos</em></strong></span> <span class='ocrx_word' id='word_1_461' title='bbox 629 3384 696 3425; x_wconf 79' lang='lat' dir='ltr'><strong><em>ex</em></strong></span> <span class='ocrx_word' id='word_1_462' title='bbox 734 3367 855 3440; x_wconf 85' lang='lat' dir='ltr'><strong><em>ejus</em></strong></span> <span class='ocrx_word' id='word_1_463' title='bbox 893 3366 1208 3439; x_wconf 69' lang='lat' dir='ltr'><strong><em>praefatione</em></strong></span> <span class='ocrx_word' id='word_1_464' title='bbox 1252 3365 1615 3431; x_wconf 84' lang='lat' dir='ltr'><strong><em>laudavimus,</em></strong></span> <span class='ocrx_word' id='word_1_465' title='bbox 1651 3363 1865 3435; x_wconf 85' lang='lat' dir='ltr'><strong><em>potissi-</em></strong></span> 
     </span>
    </p>
   </div>
   <div class='ocr_carea' id='block_1_66' title="bbox 269 3452 1865 3530">
    <p class='ocr_par' dir='ltr' id='par_1_66' title="bbox 269 3452 1865 3530">
     <span class='ocr_line' id='line_1_66' title="bbox 269 3452 1865 3530; baseline -0.004 -11"><span class='ocrx_word' id='word_1_466' title='bbox 269 3478 417 3519; x_wconf 85' lang='lat' dir='ltr'><strong><em>mum</em></strong></span> <span class='ocrx_word' id='word_1_467' title='bbox 442 3464 757 3530; x_wconf 82' lang='lat' dir='ltr'><strong><em>adornasse,</em></strong></span> <span class='ocrx_word' id='word_1_468' title='bbox 791 3462 1045 3518; x_wconf 77' lang='lat' dir='ltr'><strong><em>admixtis</em></strong></span> <span class='ocrx_word' id='word_1_469' title='bbox 1072 3452 1252 3518; x_wconf 86' lang='lat' dir='ltr'><strong><em>tamen</em></strong></span> <span class='ocrx_word' id='word_1_470' title='bbox 1280 3459 1481 3530; x_wconf 82' lang='lat' dir='ltr'><strong><em>passim</em></strong></span> <span class='ocrx_word' id='word_1_471' title='bbox 1502 3474 1577 3514; x_wconf 77' lang='lat' dir='ltr'><strong><em>ex</em></strong></span> <span class='ocrx_word' id='word_1_472' title='bbox 1598 3457 1717 3513; x_wconf 88' lang='lat' dir='ltr'><strong><em>aliis</em></strong></span> <span class='ocrx_word' id='word_1_473' title='bbox 1738 3469 1865 3512; x_wconf 80' lang='lat' dir='ltr'><strong><em>auc-</em></strong></span> 
     </span>
    </p>
   </div>
   <div class='ocr_carea' id='block_1_67' title="bbox 271 3552 1800 3626">
    <p class='ocr_par' dir='ltr' id='par_1_67' title="bbox 271 3552 1800 3626">
     <span class='ocr_line' id='line_1_67' title="bbox 271 3552 1800 3626; baseline -0.004 -15"><span class='ocrx_word' id='word_1_474' title='bbox 271 3554 475 3611; x_wconf 84' lang='lat' dir='ltr'><strong><em>toribus</em></strong></span> <span class='ocrx_word' id='word_1_475' title='bbox 501 3555 592 3626; x_wconf 90' lang='lat' dir='ltr'><strong><em>qui</em></strong></span> <span class='ocrx_word' id='word_1_476' title='bbox 622 3556 674 3610; x_wconf 87' lang='lat' dir='ltr'><strong><em>in</em></strong></span> <span class='ocrx_word' id='word_1_477' title='bbox 703 3554 820 3626; x_wconf 82' lang='lat' dir='ltr'><strong><em>ejus</em></strong></span> <span class='ocrx_word' id='word_1_478' title='bbox 847 3568 1039 3610; x_wconf 87' lang='lat' dir='ltr'><strong><em>manus</em></strong></span> <span class='ocrx_word' id='word_1_479' title='bbox 1067 3563 1349 3620; x_wconf 76' lang='lat' dir='ltr'><strong><em>venenat,</em></strong></span> <span class='ocrx_word' id='word_1_480' title='bbox 1378 3552 1800 3609; x_wconf 81' lang='lat' dir='ltr'><strong><em>narrationibus.</em></strong></span> 
     </span>
    </p>
   </div>
   <div class='ocr_carea' id='block_1_68' title="bbox 343 3668 1868 3742">
    <p class='ocr_par' dir='ltr' id='par_1_68' title="bbox 343 3668 1868 3742">
     <span class='ocr_line' id='line_1_68' title="bbox 343 3668 1868 3742; baseline 0 -18"><span class='ocrx_word' id='word_1_481' title='bbox 343 3668 466 3725; x_wconf 66' lang='grc'><strong><em>142.</em></strong></span> <span class='ocrx_word' id='word_1_482' title='bbox 491 3670 660 3741; x_wconf 74' lang='lat' dir='ltr'><strong><em>Major</em></strong></span> <span class='ocrx_word' id='word_1_483' title='bbox 680 3680 845 3739; x_wconf 87' lang='lat' dir='ltr'><strong><em>esset,</em></strong></span> <span class='ocrx_word' id='word_1_484' title='bbox 868 3680 924 3726; x_wconf 90' lang='lat' dir='ltr'><strong><em>et</em></strong></span> <span class='ocrx_word' id='word_1_485' title='bbox 943 3668 1158 3741; x_wconf 88' lang='lat' dir='ltr'><strong><em>quidem</em></strong></span> <span class='ocrx_word' id='word_1_486' title='bbox 1188 3668 1414 3742; x_wconf 80' lang='lat' dir='ltr'><strong><em>majoris</em></strong></span> <span class='ocrx_word' id='word_1_487' title='bbox 1438 3669 1698 3725; x_wconf 87' lang='lat' dir='ltr'><strong><em>momenti</em></strong></span> <span class='ocrx_word' id='word_1_488' title='bbox 1723 3669 1868 3724; x_wconf 89' lang='lat' dir='ltr'><strong><em>circa</em></strong></span> 
     </span>
    </p>
   </div>
   <div class='ocr_carea' id='block_1_69' title="bbox 273 3760 1860 3831">
    <p class='ocr_par' dir='ltr' id='par_1_69' title="bbox 273 3760 1860 3831">
     <span class='ocr_line' id='line_1_69' title="bbox 273 3760 1860 3831; baseline -0.001 -14"><span class='ocrx_word' id='word_1_489' title='bbox 273 3762 580 3818; x_wconf 87' lang='lat' dir='ltr'><strong><em>collectoris</em></strong></span> <span class='ocrx_word' id='word_1_490' title='bbox 627 3773 837 3819; x_wconf 64' lang='lat' dir='ltr'><strong><em>aetatem</em></strong></span> <span class='ocrx_word' id='word_1_491' title='bbox 863 3762 1186 3831; x_wconf 85' lang='lat' dir='ltr'><strong><em>difﬁcultas,</em></strong></span> <span class='ocrx_word' id='word_1_492' title='bbox 1242 3763 1345 3817; x_wconf 90' lang='lat' dir='ltr'><strong><em>nisi</em></strong></span> <span class='ocrx_word' id='word_1_493' title='bbox 1393 3761 1502 3831; x_wconf 89' lang='lat' dir='ltr'><strong><em>jam</em></strong></span> <span class='ocrx_word' id='word_1_494' title='bbox 1542 3777 1575 3817; x_wconf 89' lang='lat' dir='ltr'><strong><em>a</em></strong></span> <span class='ocrx_word' id='word_1_495' title='bbox 1606 3760 1821 3816; x_wconf 85' lang='lat' dir='ltr'><strong><em>Valesio</em></strong></span> <span class='ocrx_word' id='word_1_496' title='bbox 1847 3803 1860 3827; x_wconf 97' lang='lat'><strong><em>,</em></strong></span> 
     </span>
    </p>
   </div>
   <div class='ocr_carea' id='block_1_70' title="bbox 272 3853 1869 3921">
    <p class='ocr_par' dir='ltr' id='par_1_70' title="bbox 272 3853 1869 3921">
     <span class='ocr_line' id='line_1_70' title="bbox 272 3853 1869 3921; baseline -0.002 -11"><span class='ocrx_word' id='word_1_497' title='bbox 272 3854 507 3921; x_wconf 83' lang='lat' dir='ltr'><strong><em>Cointio,</em></strong></span> <span class='ocrx_word' id='word_1_498' title='bbox 528 3866 582 3911; x_wconf 91' lang='lat' dir='ltr'><strong><em>et</em></strong></span> <span class='ocrx_word' id='word_1_499' title='bbox 601 3856 720 3910; x_wconf 86' lang='lat' dir='ltr'><strong><em>aliis</em></strong></span> <span class='ocrx_word' id='word_1_500' title='bbox 741 3856 870 3911; x_wconf 88' lang='lat' dir='ltr'><strong><em>viris</em></strong></span> <span class='ocrx_word' id='word_1_501' title='bbox 889 3856 1112 3911; x_wconf 88' lang='lat' dir='ltr'><strong><em>eruditis</em></strong></span> <span class='ocrx_word' id='word_1_502' title='bbox 1132 3856 1395 3911; x_wconf 89' lang='lat' dir='ltr'><strong><em>illustrata</em></strong></span> <span class='ocrx_word' id='word_1_503' title='bbox 1424 3853 1632 3909; x_wconf 88' lang='lat' dir='ltr'><strong><em>fuisset.</em></strong></span> <span class='ocrx_word' id='word_1_504' title='bbox 1655 3853 1869 3909; x_wconf 87' lang='lat' dir='ltr'><strong><em>Etenim</em></strong></span> 
     </span>
    </p>
   </div>
   <div class='ocr_carea' id='block_1_71' title="bbox 272 3946 1871 4018">
    <p class='ocr_par' dir='ltr' id='par_1_71' title="bbox 272 3946 1871 4018">
     <span class='ocr_line' id='line_1_71' title="bbox 272 3946 1871 4018; baseline -0.001 -17"><span class='ocrx_word' id='word_1_505' title='bbox 272 3961 395 4001; x_wconf 87' lang='lat' dir='ltr'><strong><em>cum</em></strong></span> <span class='ocrx_word' id='word_1_506' title='bbox 425 3947 733 4018; x_wconf 74' lang='lat' dir='ltr'><strong><em>Fredegarii</em></strong></span> <span class='ocrx_word' id='word_1_507' title='bbox 760 3948 1088 4004; x_wconf 74' lang='lat' dir='ltr'><strong><em>Chronicum</em></strong></span> <span class='ocrx_word' id='word_1_508' title='bbox 1113 3949 1164 4002; x_wconf 90' lang='lat' dir='ltr'><strong><em>in</em></strong></span> <span class='ocrx_word' id='word_1_509' title='bbox 1192 3948 1352 4003; x_wconf 89' lang='lat' dir='ltr'><strong><em>variis</em></strong></span> <span class='ocrx_word' id='word_1_510' title='bbox 1382 3946 1658 4004; x_wconf 89' lang='lat' dir='ltr'><strong><em>codicibus</em></strong></span> <span class='ocrx_word' id='word_1_511' title='bbox 1688 3946 1753 4000; x_wconf 88' lang='lat' dir='ltr'><strong><em>ad</em></strong></span> <span class='ocrx_word' id='word_1_512' title='bbox 1788 3959 1871 4000; x_wconf 86' lang='lat' dir='ltr'><strong><em>va-</em></strong></span> 
     </span>
    </p>
   </div>
   <div class='ocr_carea' id='block_1_72' title="bbox 270 4041 1869 4112">
    <p class='ocr_par' dir='ltr' id='par_1_72' title="bbox 270 4041 1869 4112">
     <span class='ocr_line' id='line_1_72' title="bbox 270 4041 1869 4112; baseline -0.003 -16"><span class='ocrx_word' id='word_1_513' title='bbox 270 4042 353 4096; x_wconf 87' lang='lat' dir='ltr'><strong><em>ria</em></strong></span> <span class='ocrx_word' id='word_1_514' title='bbox 386 4050 626 4112; x_wconf 87' lang='lat' dir='ltr'><strong><em>tempora</em></strong></span> <span class='ocrx_word' id='word_1_515' title='bbox 660 4043 1032 4112; x_wconf 87' lang='lat' dir='ltr'><strong><em>protendatur,</em></strong></span> <span class='ocrx_word' id='word_1_516' title='bbox 1075 4044 1273 4097; x_wconf 89' lang='lat' dir='ltr'><strong><em>mirum</em></strong></span> <span class='ocrx_word' id='word_1_517' title='bbox 1305 4056 1411 4096; x_wconf 92' lang='lat' dir='ltr'><strong><em>non</em></strong></span> <span class='ocrx_word' id='word_1_518' title='bbox 1442 4050 1523 4095; x_wconf 89' lang='lat' dir='ltr'><strong><em>est</em></strong></span> <span class='ocrx_word' id='word_1_519' title='bbox 1553 4041 1598 4095; x_wconf 90' lang='lat' dir='ltr'><strong><em>si</em></strong></span> <span class='ocrx_word' id='word_1_520' title='bbox 1631 4054 1736 4094; x_wconf 91' lang='lat' dir='ltr'><strong><em>non</em></strong></span> <span class='ocrx_word' id='word_1_521' title='bbox 1775 4053 1869 4093; x_wconf 91' lang='lat' dir='ltr'><strong><em>ea-</em></strong></span> 
     </span>
    </p>
   </div>
   <div class='ocr_carea' id='block_1_73' title="bbox 276 4130 1870 4206">
    <p class='ocr_par' dir='ltr' id='par_1_73' title="bbox 276 4130 1870 4206">
     <span class='ocr_line' id='line_1_73' title="bbox 276 4130 1870 4206; baseline -0.003 -15"><span class='ocrx_word' id='word_1_522' title='bbox 276 4136 398 4191; x_wconf 87' lang='lat' dir='ltr'><strong><em>dem</em></strong></span> <span class='ocrx_word' id='word_1_523' title='bbox 428 4136 665 4191; x_wconf 90' lang='lat' dir='ltr'><strong><em>omnium</em></strong></span> <span class='ocrx_word' id='word_1_524' title='bbox 694 4134 795 4190; x_wconf 84' lang='lat' dir='ltr'><strong><em>fuit</em></strong></span> <span class='ocrx_word' id='word_1_525' title='bbox 820 4136 887 4191; x_wconf 92' lang='lat' dir='ltr'><strong><em>de</em></strong></span> <span class='ocrx_word' id='word_1_526' title='bbox 908 4136 1025 4206; x_wconf 82' lang='lat' dir='ltr'><strong><em>ejus</em></strong></span> <span class='ocrx_word' id='word_1_527' title='bbox 1052 4135 1289 4189; x_wconf 86' lang='lat' dir='ltr'><strong><em>auctoris</em></strong></span> <span class='ocrx_word' id='word_1_528' title='bbox 1314 4141 1472 4189; x_wconf 66' lang='lat' dir='ltr'><strong><em>aetate</em></strong></span> <span class='ocrx_word' id='word_1_529' title='bbox 1499 4132 1786 4187; x_wconf 88' lang='lat' dir='ltr'><strong><em>sententia.</em></strong></span> <span class='ocrx_word' id='word_1_530' title='bbox 1812 4130 1870 4186; x_wconf 90' lang='lat' dir='ltr'><strong><em>ln</em></strong></span> 
     </span>
    </p>
   </div>
   <div class='ocr_carea' id='block_1_74' title="bbox 277 4222 1871 4299">
    <p class='ocr_par' dir='ltr' id='par_1_74' title="bbox 277 4222 1871 4299">
     <span class='ocr_line' id='line_1_74' title="bbox 277 4222 1871 4299; baseline -0.004 -16"><span class='ocrx_word' id='word_1_531' title='bbox 277 4229 550 4299; x_wconf 85' lang='lat' dir='ltr'><strong><em>plerisque</em></strong></span> <span class='ocrx_word' id='word_1_532' title='bbox 589 4229 783 4297; x_wconf 88' lang='lat' dir='ltr'><strong><em>editis,</em></strong></span> <span class='ocrx_word' id='word_1_533' title='bbox 824 4229 913 4283; x_wconf 90' lang='lat' dir='ltr'><strong><em>ubi</em></strong></span> <span class='ocrx_word' id='word_1_534' title='bbox 954 4227 1054 4283; x_wconf 89' lang='lat' dir='ltr'><strong><em>sub</em></strong></span> <span class='ocrx_word' id='word_1_535' title='bbox 1090 4225 1212 4281; x_wconf 90' lang='lat' dir='ltr'><strong><em>libri</em></strong></span> <span class='ocrx_word' id='word_1_536' title='bbox 1256 4240 1311 4280; x_wconf 73' lang='grc' dir='ltr'><strong><em>χι</em></strong></span> <span class='ocrx_word' id='word_1_537' title='bbox 1358 4225 1604 4280; x_wconf 72' lang='lat' dir='ltr'><strong><em>Historia:</em></strong></span> <span class='ocrx_word' id='word_1_538' title='bbox 1631 4222 1871 4279; x_wconf 85' lang='lat' dir='ltr'><strong><em>Franco-</em></strong></span> 
     </span>
    </p>
   </div>
   <div class='ocr_carea' id='block_1_75' title="bbox 277 4316 1872 4392">
    <p class='ocr_par' dir='ltr' id='par_1_75' title="bbox 277 4316 1872 4392">
     <span class='ocr_line' id='line_1_75' title="bbox 277 4316 1872 4392; baseline -0.003 -16"><span class='ocrx_word' id='word_1_539' title='bbox 277 4336 420 4392; x_wconf 88' lang='lat' dir='ltr'><strong><em>rum,</em></strong></span> <span class='ocrx_word' id='word_1_540' title='bbox 452 4333 545 4377; x_wconf 90' lang='lat' dir='ltr'><strong><em>aut</em></strong></span> <span class='ocrx_word' id='word_1_541' title='bbox 573 4333 723 4378; x_wconf 87' lang='lat' dir='ltr'><strong><em>certe</em></strong></span> <span class='ocrx_word' id='word_1_542' title='bbox 751 4320 1075 4391; x_wconf 80' lang='lat' dir='ltr'><strong><em>Appendicis</em></strong></span> <span class='ocrx_word' id='word_1_543' title='bbox 1107 4319 1172 4375; x_wconf 92' lang='lat' dir='ltr'><strong><em>ad</em></strong></span> <span class='ocrx_word' id='word_1_544' title='bbox 1199 4317 1443 4390; x_wconf 74' lang='lat' dir='ltr'><strong><em>Gregorii</em></strong></span> <span class='ocrx_word' id='word_1_545' title='bbox 1478 4317 1770 4372; x_wconf 88' lang='lat' dir='ltr'><strong><em>Historiam</em></strong></span> <span class='ocrx_word' id='word_1_546' title='bbox 1802 4316 1872 4371; x_wconf 87' lang='lat' dir='ltr'><strong><em>ti-</em></strong></span> 
     </span>
    </p>
   </div>
   <div class='ocr_carea' id='block_1_76' title="bbox 280 4411 1871 4484">
    <p class='ocr_par' dir='ltr' id='par_1_76' title="bbox 280 4411 1871 4484">
     <span class='ocr_line' id='line_1_76' title="bbox 280 4411 1871 4484; baseline -0.002 -17"><span class='ocrx_word' id='word_1_547' title='bbox 280 4413 409 4468; x_wconf 89' lang='lat' dir='ltr'><strong><em>tulis</em></strong></span> <span class='ocrx_word' id='word_1_548' title='bbox 434 4422 633 4479; x_wconf 80' lang='lat' dir='ltr'><strong><em>exstat,</em></strong></span> <span class='ocrx_word' id='word_1_549' title='bbox 666 4428 833 4484; x_wconf 88' lang='lat' dir='ltr'><strong><em>usque</em></strong></span> <span class='ocrx_word' id='word_1_550' title='bbox 860 4414 927 4468; x_wconf 91' lang='lat' dir='ltr'><strong><em>ad</em></strong></span> <span class='ocrx_word' id='word_1_551' title='bbox 954 4412 1135 4467; x_wconf 89' lang='lat' dir='ltr'><strong><em>Caroli</em></strong></span> <span class='ocrx_word' id='word_1_552' title='bbox 1163 4411 1389 4467; x_wconf 79' lang='lat' dir='ltr'><strong><em>Martelli</em></strong></span> <span class='ocrx_word' id='word_1_553' title='bbox 1415 4418 1642 4466; x_wconf 89' lang='lat' dir='ltr'><strong><em>mortem</em></strong></span> <span class='ocrx_word' id='word_1_554' title='bbox 1668 4411 1871 4479; x_wconf 87' lang='lat' dir='ltr'><strong><em>pertin-</em></strong></span> 
     </span>
    </p>
   </div>
   <div class='ocr_carea' id='block_1_77' title="bbox 277 4503 1874 4576">
    <p class='ocr_par' dir='ltr' id='par_1_77' title="bbox 277 4503 1874 4576">
     <span class='ocr_line' id='line_1_77' title="bbox 277 4503 1874 4576; baseline -0.003 -17"><span class='ocrx_word' id='word_1_555' title='bbox 277 4506 376 4576; x_wconf 80' lang='lat' dir='ltr'><strong><em>git.</em></strong></span> <span class='ocrx_word' id='word_1_556' title='bbox 407 4504 768 4561; x_wconf 82' lang='lat' dir='ltr'><strong><em>Consentium</em></strong></span> <span class='ocrx_word' id='word_1_557' title='bbox 798 4506 1014 4561; x_wconf 90' lang='lat' dir='ltr'><strong><em>codices</em></strong></span> <span class='ocrx_word' id='word_1_558' title='bbox 1054 4513 1164 4560; x_wconf 89' lang='lat' dir='ltr'><strong><em>tres</em></strong></span> <span class='ocrx_word' id='word_1_559' title='bbox 1203 4503 1424 4573; x_wconf 87' lang='lat' dir='ltr'><strong><em>scripti,</em></strong></span> <span class='ocrx_word' id='word_1_560' title='bbox 1468 4503 1560 4572; x_wconf 87' lang='lat' dir='ltr'><strong><em>qui</em></strong></span> <span class='ocrx_word' id='word_1_561' title='bbox 1607 4503 1735 4558; x_wconf 91' lang='lat' dir='ltr'><strong><em>illud</em></strong></span> <span class='ocrx_word' id='word_1_562' title='bbox 1761 4546 1775 4571; x_wconf 93' lang='lat'><strong><em>,</em></strong></span> <span class='ocrx_word' id='word_1_563' title='bbox 1815 4509 1874 4556; x_wconf 91' lang='lat' dir='ltr'><strong><em>ut</em></strong></span> 
     </span>
    </p>
   </div>
   <div class='ocr_carea' id='block_1_78' title="bbox 1968 3275 3564 3352">
    <p class='ocr_par' dir='ltr' id='par_1_78' title="bbox 1968 3275 3564 3352">
     <span class='ocr_line' id='line_1_78' title="bbox 1968 3275 3564 3352; baseline -0.004 -15"><span class='ocrx_word' id='word_1_564' title='bbox 1968 3283 2098 3339; x_wconf 88' lang='lat' dir='ltr'><strong><em>teris</em></strong></span> <span class='ocrx_word' id='word_1_565' title='bbox 2135 3281 2386 3352; x_wconf 81' lang='lat' dir='ltr'><strong><em>quadrati</em></strong></span> <span class='ocrx_word' id='word_1_566' title='bbox 2426 3280 2603 3335; x_wconf 80' lang='lat' dir='ltr'><strong><em>forma</em></strong></span> <span class='ocrx_word' id='word_1_567' title='bbox 2644 3287 2703 3333; x_wconf 82' lang='lat' dir='ltr'><strong><em>et</em></strong></span> <span class='ocrx_word' id='word_1_568' title='bbox 2748 3275 3056 3349; x_wconf 72' lang='lat' dir='ltr'><strong><em>maiusculis</em></strong></span> <span class='ocrx_word' id='word_1_569' title='bbox 3091 3276 3320 3343; x_wconf 88' lang='lat' dir='ltr'><strong><em>litteris,</em></strong></span> <span class='ocrx_word' id='word_1_570' title='bbox 3367 3276 3564 3344; x_wconf 87' lang='lat' dir='ltr'><strong><em>quibus</em></strong></span> 
     </span>
    </p>
   </div>
   <div class='ocr_carea' id='block_1_79' title="bbox 1966 3358 3562 3443">
    <p class='ocr_par' dir='ltr' id='par_1_79' title="bbox 1966 3358 3562 3443">
     <span class='ocr_line' id='line_1_79' title="bbox 1966 3358 3562 3443; baseline -0.007 -12"><span class='ocrx_word' id='word_1_571' title='bbox 1966 3377 2203 3443; x_wconf 83' lang='lat' dir='ltr'><strong><em>scriptus</em></strong></span> <span class='ocrx_word' id='word_1_572' title='bbox 2229 3380 2332 3439; x_wconf 91' lang='lat' dir='ltr'><strong><em>est,</em></strong></span> <span class='ocrx_word' id='word_1_573' title='bbox 2361 3385 2549 3427; x_wconf 86' lang='lat' dir='ltr'><strong><em>verum</em></strong></span> <span class='ocrx_word' id='word_1_574' title='bbox 2577 3370 2739 3425; x_wconf 89' lang='lat' dir='ltr'><strong><em>etiam</em></strong></span> <span class='ocrx_word' id='word_1_575' title='bbox 2769 3383 2835 3423; x_wconf 77' lang='lat' dir='ltr'><strong><em>ex</em></strong></span> <span class='ocrx_word' id='word_1_576' title='bbox 2872 3358 2980 3423; x_wconf 89' lang='lat' dir='ltr'><strong><em>illis</em></strong></span> <span class='ocrx_word' id='word_1_577' title='bbox 3021 3368 3181 3423; x_wconf 88' lang='lat' dir='ltr'><strong><em>rebus</em></strong></span> <span class='ocrx_word' id='word_1_578' title='bbox 3210 3382 3329 3438; x_wconf 72' lang='lat' dir='ltr'><strong><em>qua:</em></strong></span> <span class='ocrx_word' id='word_1_579' title='bbox 3358 3365 3412 3422; x_wconf 83' lang='lat' dir='ltr'><strong><em>in</em></strong></span> <span class='ocrx_word' id='word_1_580' title='bbox 3445 3368 3562 3436; x_wconf 89' lang='lat' dir='ltr'><strong><em>ipso</em></strong></span> 
     </span>
    </p>
   </div>
   <div class='ocr_carea' id='block_1_80' title="bbox 1967 3459 3561 3531">
    <p class='ocr_par' dir='ltr' id='par_1_80' title="bbox 1967 3459 3561 3531">
     <span class='ocr_line' id='line_1_80' title="bbox 1967 3459 3561 3531; baseline -0.005 -9"><span class='ocrx_word' id='word_1_581' title='bbox 1967 3468 2333 3522; x_wconf 87' lang='lat' dir='ltr'><strong><em>continentur.</em></strong></span> <span class='ocrx_word' id='word_1_582' title='bbox 2366 3462 2501 3517; x_wconf 80' lang='lat' dir='ltr'><strong><em>Nam</em></strong></span> <span class='ocrx_word' id='word_1_583' title='bbox 2527 3461 2803 3531; x_wconf 76' lang='lat' dir='ltr'><strong><em>catalogus</em></strong></span> <span class='ocrx_word' id='word_1_584' title='bbox 2832 3460 3143 3530; x_wconf 81' lang='lat' dir='ltr'><strong><em>pontiﬁcum</em></strong></span> <span class='ocrx_word' id='word_1_585' title='bbox 3172 3459 3561 3527; x_wconf 78' lang='lat' dir='ltr'><strong><em>Romanorum,</em></strong></span> 
     </span>
    </p>
   </div>
   <div class='ocr_carea' id='block_1_81' title="bbox 1968 3553 3567 3632">
    <p class='ocr_par' dir='ltr' id='par_1_81' title="bbox 1968 3553 3567 3632">
     <span class='ocr_line' id='line_1_81' title="bbox 1968 3553 3567 3632; baseline -0.006 -17"><span class='ocrx_word' id='word_1_586' title='bbox 1968 3560 2081 3632; x_wconf 90' lang='lat' dir='ltr'><strong><em>qui,</em></strong></span> <span class='ocrx_word' id='word_1_587' title='bbox 2112 3570 2173 3615; x_wconf 90' lang='lat' dir='ltr'><strong><em>ut</em></strong></span> <span class='ocrx_word' id='word_1_588' title='bbox 2200 3571 2360 3628; x_wconf 81' lang='lat' dir='ltr'><strong><em>supra</em></strong></span> <span class='ocrx_word' id='word_1_589' title='bbox 2387 3556 2700 3613; x_wconf 70' lang='lat' dir='ltr'><strong><em>dicebamus</em></strong></span> <span class='ocrx_word' id='word_1_590' title='bbox 2719 3596 2735 3621; x_wconf 93' lang='lat'><strong><em>,</em></strong></span> <span class='ocrx_word' id='word_1_591' title='bbox 2767 3554 2821 3609; x_wconf 90' lang='lat' dir='ltr'><strong><em>in</em></strong></span> <span class='ocrx_word' id='word_1_592' title='bbox 2851 3553 3024 3624; x_wconf 87' lang='lat' dir='ltr'><strong><em>primo</em></strong></span> <span class='ocrx_word' id='word_1_593' title='bbox 3052 3553 3388 3609; x_wconf 89' lang='lat' dir='ltr'><strong><em>collectionis</em></strong></span> <span class='ocrx_word' id='word_1_594' title='bbox 3426 3553 3567 3607; x_wconf 89' lang='lat' dir='ltr'><strong><em>libro</em></strong></span> 
     </span>
    </p>
   </div>
   <div class='ocr_carea' id='block_1_82' title="bbox 1970 3644 3568 3717">
    <p class='ocr_par' dir='ltr' id='par_1_82' title="bbox 1970 3644 3568 3717">
     <span class='ocr_line' id='line_1_82' title="bbox 1970 3644 3568 3717; baseline -0.006 -8"><span class='ocrx_word' id='word_1_595' title='bbox 1970 3652 2202 3709; x_wconf 88' lang='lat' dir='ltr'><strong><em>insertus</em></strong></span> <span class='ocrx_word' id='word_1_596' title='bbox 2230 3659 2336 3714; x_wconf 89' lang='lat' dir='ltr'><strong><em>est,</em></strong></span> <span class='ocrx_word' id='word_1_597' title='bbox 2362 3647 2555 3705; x_wconf 87' lang='lat' dir='ltr'><strong><em>desinit</em></strong></span> <span class='ocrx_word' id='word_1_598' title='bbox 2579 3648 2632 3703; x_wconf 88' lang='lat' dir='ltr'><strong><em>in</em></strong></span> <span class='ocrx_word' id='word_1_599' title='bbox 2658 3647 2968 3716; x_wconf 88' lang='lat' dir='ltr'><strong><em>Theodoro,</em></strong></span> <span class='ocrx_word' id='word_1_600' title='bbox 2989 3646 3077 3717; x_wconf 88' lang='lat' dir='ltr'><strong><em>qui</em></strong></span> <span class='ocrx_word' id='word_1_601' title='bbox 3100 3644 3355 3701; x_wconf 83' lang='lat' dir='ltr'><strong><em>Romanae</em></strong></span> <span class='ocrx_word' id='word_1_602' title='bbox 3377 3644 3568 3700; x_wconf 84' lang='lat' dir='ltr'><strong><em>Eccle-</em></strong></span> 
     </span>
    </p>
   </div>
   <div class='ocr_carea' id='block_1_83' title="bbox 1970 3738 3566 3809">
    <p class='ocr_par' dir='ltr' id='par_1_83' title="bbox 1970 3738 3566 3809">
     <span class='ocr_line' id='line_1_83' title="bbox 1970 3738 3566 3809; baseline -0.006 -7"><span class='ocrx_word' id='word_1_603' title='bbox 1970 3748 2067 3802; x_wconf 68' lang='lat' dir='ltr'><strong><em>siae</em></strong></span> <span class='ocrx_word' id='word_1_604' title='bbox 2094 3746 2164 3800; x_wconf 92' lang='lat' dir='ltr'><strong><em>ab</em></strong></span> <span class='ocrx_word' id='word_1_605' title='bbox 2194 3758 2340 3800; x_wconf 87' lang='lat' dir='ltr'><strong><em>anno</em></strong></span> <span class='ocrx_word' id='word_1_606' title='bbox 2368 3742 2473 3795; x_wconf 67' lang='grc'>642</span> <span class='ocrx_word' id='word_1_607' title='bbox 2511 3741 2580 3796; x_wconf 87' lang='lat' dir='ltr'><strong><em>ad</em></strong></span> <span class='ocrx_word' id='word_1_608' title='bbox 2620 3739 2723 3795; x_wconf 76' lang='grc'><strong><em>649</em></strong></span> <span class='ocrx_word' id='word_1_609' title='bbox 2766 3740 2996 3809; x_wconf 66' lang='lat' dir='ltr'><strong><em>praefuit.</em></strong></span> <span class='ocrx_word' id='word_1_610' title='bbox 3044 3738 3345 3809; x_wconf 89' lang='lat' dir='ltr'><strong><em>Sequentes</em></strong></span> <span class='ocrx_word' id='word_1_611' title='bbox 3385 3748 3566 3794; x_wconf 83' lang='lat' dir='ltr'><strong><em>autem</em></strong></span> 
     </span>
    </p>
   </div>
   <div class='ocr_carea' id='block_1_84' title="bbox 1972 3832 3563 3912">
    <p class='ocr_par' dir='ltr' id='par_1_84' title="bbox 1972 3832 3563 3912">
     <span class='ocr_line' id='line_1_84' title="bbox 1972 3832 3563 3912; baseline -0.007 -16"><span class='ocrx_word' id='word_1_612' title='bbox 1972 3840 2255 3912; x_wconf 85' lang='lat' dir='ltr'><strong><em>pontiﬁces</em></strong></span> <span class='ocrx_word' id='word_1_613' title='bbox 2281 3838 2347 3893; x_wconf 91' lang='lat' dir='ltr'><strong><em>ad</em></strong></span> <span class='ocrx_word' id='word_1_614' title='bbox 2382 3834 2709 3892; x_wconf 83' lang='lat' dir='ltr'><strong><em>Hadrianum</em></strong></span> <span class='ocrx_word' id='word_1_615' title='bbox 2741 3834 2760 3888; x_wconf 93' lang='lat' dir='ltr'><strong><em>l</em></strong></span> <span class='ocrx_word' id='word_1_616' title='bbox 2791 3842 3161 3899; x_wconf 87' lang='lat' dir='ltr'><strong><em>recensentur,</em></strong></span> <span class='ocrx_word' id='word_1_617' title='bbox 3208 3834 3303 3887; x_wconf 87' lang='lat' dir='ltr'><strong><em>sed</em></strong></span> <span class='ocrx_word' id='word_1_618' title='bbox 3331 3832 3464 3897; x_wconf 88' lang='lat' dir='ltr'><strong><em>alia,</em></strong></span> <span class='ocrx_word' id='word_1_619' title='bbox 3508 3840 3563 3885; x_wconf 88' lang='lat' dir='ltr'><strong><em>et</em></strong></span> 
     </span>
    </p>
   </div>
   <div class='ocr_carea' id='block_1_85' title="bbox 1972 3922 3570 4002">
    <p class='ocr_par' dir='ltr' id='par_1_85' title="bbox 1972 3922 3570 4002">
     <span class='ocr_line' id='line_1_85' title="bbox 1972 3922 3570 4002; baseline -0.006 -15"><span class='ocrx_word' id='word_1_620' title='bbox 1972 3932 2189 4002; x_wconf 88' lang='lat' dir='ltr'><strong><em>quidem</em></strong></span> <span class='ocrx_word' id='word_1_621' title='bbox 2220 3931 2381 3999; x_wconf 85' lang='lat' dir='ltr'><strong><em>p‘aulo</em></strong></span> <span class='ocrx_word' id='word_1_622' title='bbox 2414 3927 2700 3984; x_wconf 86' lang='lat' dir='ltr'><strong><em>recentiori</em></strong></span> <span class='ocrx_word' id='word_1_623' title='bbox 2748 3939 2931 3980; x_wconf 89' lang='lat' dir='ltr'><strong><em>manu.</em></strong></span> <span class='ocrx_word' id='word_1_624' title='bbox 2961 3922 3241 3977; x_wconf 80' lang='lat' dir='ltr'><strong><em>Consenrit</em></strong></span> <span class='ocrx_word' id='word_1_625' title='bbox 3276 3922 3570 3990; x_wconf 82' lang='lat' dir='ltr'><strong><em>imperato-</em></strong></span> 
     </span>
    </p>
   </div>
   <div class='ocr_carea' id='block_1_86' title="bbox 1974 4013 3572 4087">
    <p class='ocr_par' dir='ltr' id='par_1_86' title="bbox 1974 4013 3572 4087">
     <span class='ocr_line' id='line_1_86' title="bbox 1974 4013 3572 4087; baseline -0.006 -10"><span class='ocrx_word' id='word_1_626' title='bbox 1974 4038 2093 4078; x_wconf 90' lang='lat' dir='ltr'><strong><em>rum</em></strong></span> <span class='ocrx_word' id='word_1_627' title='bbox 2118 4021 2484 4076; x_wconf 82' lang='lat' dir='ltr'><strong><em>Romanorum</em></strong></span> <span class='ocrx_word' id='word_1_628' title='bbox 2506 4018 2696 4085; x_wconf 86' lang='lat' dir='ltr'><strong><em>series,</em></strong></span> <span class='ocrx_word' id='word_1_629' title='bbox 2730 4031 2850 4087; x_wconf 73' lang='lat' dir='ltr'><strong><em>qua:</em></strong></span> <span class='ocrx_word' id='word_1_630' title='bbox 2873 4015 2941 4070; x_wconf 91' lang='lat' dir='ltr'><strong><em>ad</em></strong></span> <span class='ocrx_word' id='word_1_631' title='bbox 2972 4014 3307 4085; x_wconf 80' lang='lat' dir='ltr'><strong><em>trigesimum</em></strong></span> <span class='ocrx_word' id='word_1_632' title='bbox 3336 4013 3572 4083; x_wconf 88' lang='lat' dir='ltr'><strong><em>primum</em></strong></span> 
     </span>
    </p>
   </div>
   <div class='ocr_carea' id='block_1_87' title="bbox 1974 4106 3563 4181">
    <p class='ocr_par' dir='ltr' id='par_1_87' title="bbox 1974 4106 3563 4181">
     <span class='ocr_line' id='line_1_87' title="bbox 1974 4106 3563 4181; baseline -0.006 -10"><span class='ocrx_word' id='word_1_633' title='bbox 1974 4112 2208 4171; x_wconf 84' lang='lat' dir='ltr'><strong><em>Heraclii</em></strong></span> <span class='ocrx_word' id='word_1_634' title='bbox 2232 4113 2444 4181; x_wconf 89' lang='lat' dir='ltr'><strong><em>imperii</em></strong></span> <span class='ocrx_word' id='word_1_635' title='bbox 2469 4124 2693 4177; x_wconf 88' lang='lat' dir='ltr'><strong><em>annum,</em></strong></span> <span class='ocrx_word' id='word_1_636' title='bbox 2726 4110 2779 4164; x_wconf 92' lang='lat' dir='ltr'><strong><em>id</em></strong></span> <span class='ocrx_word' id='word_1_637' title='bbox 2811 4108 2985 4165; x_wconf 89' lang='lat' dir='ltr'><strong><em>estad</em></strong></span> <span class='ocrx_word' id='word_1_638' title='bbox 3018 4107 3257 4178; x_wconf 74' lang='lat' dir='ltr'><strong><em>vulgaris</em></strong></span> <span class='ocrx_word' id='word_1_639' title='bbox 3300 4122 3424 4161; x_wconf 66' lang='lat' dir='ltr'><strong><em>arae</em></strong></span> <span class='ocrx_word' id='word_1_640' title='bbox 3460 4106 3563 4163; x_wconf 75' lang='grc'><strong><em>641</em></strong></span> 
     </span>
    </p>
   </div>
   <div class='ocr_carea' id='block_1_88' title="bbox 1975 4200 3569 4275">
    <p class='ocr_par' dir='ltr' id='par_1_88' title="bbox 1975 4200 3569 4275">
     <span class='ocr_line' id='line_1_88' title="bbox 1975 4200 3569 4275; baseline -0.005 -11"><span class='ocrx_word' id='word_1_641' title='bbox 1975 4206 2289 4273; x_wconf 89' lang='lat' dir='ltr'><strong><em>deducitur,</em></strong></span> <span class='ocrx_word' id='word_1_642' title='bbox 2318 4220 2380 4260; x_wconf 92' lang='lat' dir='ltr'><strong><em>ac</em></strong></span> <span class='ocrx_word' id='word_1_643' title='bbox 2423 4203 2649 4275; x_wconf 87' lang='lat' dir='ltr'><strong><em>proinde</em></strong></span> <span class='ocrx_word' id='word_1_644' title='bbox 2690 4203 2758 4258; x_wconf 89' lang='lat' dir='ltr'><strong><em>ad</em></strong></span> <span class='ocrx_word' id='word_1_645' title='bbox 2788 4203 2960 4273; x_wconf 89' lang='lat' dir='ltr'><strong><em>ipsum</em></strong></span> <span class='ocrx_word' id='word_1_646' title='bbox 3001 4200 3298 4257; x_wconf 87' lang='lat' dir='ltr'><strong><em>Cblodovei</em></strong></span> <span class='ocrx_word' id='word_1_647' title='bbox 3332 4200 3569 4272; x_wconf 70' lang='lat' dir='ltr'><strong><em>iunioris</em></strong></span> 
     </span>
    </p>
   </div>
   <div class='ocr_carea' id='block_1_89' title="bbox 1976 4293 3574 4369">
    <p class='ocr_par' dir='ltr' id='par_1_89' title="bbox 1976 4293 3574 4369">
     <span class='ocr_line' id='line_1_89' title="bbox 1976 4293 3574 4369; baseline -0.004 -15"><span class='ocrx_word' id='word_1_648' title='bbox 1976 4313 2176 4355; x_wconf 85' lang='lat' dir='ltr'><strong><em>annum</em></strong></span> <span class='ocrx_word' id='word_1_649' title='bbox 2214 4306 2486 4369; x_wconf 89' lang='lat' dir='ltr'><strong><em>quartum,</em></strong></span> <span class='ocrx_word' id='word_1_650' title='bbox 2533 4309 2641 4367; x_wconf 82' lang='lat' dir='ltr'><strong><em>quo</em></strong></span> <span class='ocrx_word' id='word_1_651' title='bbox 2666 4293 2993 4350; x_wconf 85' lang='lat' dir='ltr'><strong><em>Cbronicum</em></strong></span> <span class='ocrx_word' id='word_1_652' title='bbox 3026 4293 3302 4348; x_wconf 87' lang='lat' dir='ltr'><strong><em>terminari</em></strong></span> <span class='ocrx_word' id='word_1_653' title='bbox 3350 4302 3574 4349; x_wconf 84' lang='lat' dir='ltr'><strong><em>conten-</em></strong></span> 
     </span>
    </p>
   </div>
   <div class='ocr_carea' id='block_1_90' title="bbox 1976 4386 3571 4458">
    <p class='ocr_par' dir='ltr' id='par_1_90' title="bbox 1976 4386 3571 4458">
     <span class='ocr_line' id='line_1_90' title="bbox 1976 4386 3571 4458; baseline -0.003 -11"><span class='ocrx_word' id='word_1_654' title='bbox 1976 4393 2175 4448; x_wconf 88' lang='lat' dir='ltr'><strong><em>dimus.</em></strong></span> <span class='ocrx_word' id='word_1_655' title='bbox 2202 4389 2283 4447; x_wconf 83' lang='lat' dir='ltr'><strong><em>Ad</em></strong></span> <span class='ocrx_word' id='word_1_656' title='bbox 2312 4391 2451 4446; x_wconf 88' lang='lat' dir='ltr'><strong><em>idem</em></strong></span> <span class='ocrx_word' id='word_1_657' title='bbox 2481 4387 2653 4445; x_wconf 84' lang='lat' dir='ltr'><strong><em>ferme</em></strong></span> <span class='ocrx_word' id='word_1_658' title='bbox 2679 4397 2891 4458; x_wconf 89' lang='lat' dir='ltr'><strong><em>tempus</em></strong></span> <span class='ocrx_word' id='word_1_659' title='bbox 2914 4402 3003 4443; x_wconf 87' lang='lat' dir='ltr'><strong><em>res</em></strong></span> <span class='ocrx_word' id='word_1_660' title='bbox 3036 4386 3334 4457; x_wconf 79' lang='lat' dir='ltr'><strong><em>Hispanicae</em></strong></span> <span class='ocrx_word' id='word_1_661' title='bbox 3363 4387 3571 4444; x_wconf 86' lang='lat' dir='ltr'><strong><em>descri-</em></strong></span> 
     </span>
    </p>
   </div>
   <div class='ocr_carea' id='block_1_91' title="bbox 1979 4480 3573 4551">
    <p class='ocr_par' dir='ltr' id='par_1_91' title="bbox 1979 4480 3573 4551">
     <span class='ocr_line' id='line_1_91' title="bbox 1979 4480 3573 4551; baseline -0.005 -8"><span class='ocrx_word' id='word_1_662' title='bbox 1979 4489 2175 4543; x_wconf 89' lang='lat' dir='ltr'><strong><em>buntur</em></strong></span> <span class='ocrx_word' id='word_1_663' title='bbox 2206 4502 2275 4541; x_wconf 80' lang='lat' dir='ltr'><strong><em>ex</em></strong></span> <span class='ocrx_word' id='word_1_664' title='bbox 2304 4484 2495 4540; x_wconf 85' lang='lat' dir='ltr'><strong><em>lsidori</em></strong></span> <span class='ocrx_word' id='word_1_665' title='bbox 2519 4482 2790 4539; x_wconf 88' lang='lat' dir='ltr'><strong><em>Chronico</em></strong></span> <span class='ocrx_word' id='word_1_666' title='bbox 2831 4498 2845 4535; x_wconf 90' lang='lat'><strong>:</strong></span> <span class='ocrx_word' id='word_1_667' title='bbox 2890 4480 3044 4551; x_wconf 75' lang='lat' dir='ltr'><strong><em>cujus</em></strong></span> <span class='ocrx_word' id='word_1_668' title='bbox 3080 4481 3317 4535; x_wconf 85' lang='lat' dir='ltr'><strong><em>clausula</em></strong></span> <span class='ocrx_word' id='word_1_669' title='bbox 3344 4521 3358 4545; x_wconf 94' lang='lat'><strong><em>,</em></strong></span> <span class='ocrx_word' id='word_1_670' title='bbox 3409 4495 3573 4550; x_wconf 87' lang='lat' dir='ltr'><strong><em>quam</em></strong></span> 
     </span>
    </p>
   </div>
   <div class='ocr_carea' id='block_1_92' title="bbox 275 4568 3578 4669">
    <p class='ocr_par' dir='ltr' id='par_1_92' title="bbox 275 4568 3578 4669">
     <span class='ocr_line' id='line_1_92' title="bbox 275 4568 3578 4669; baseline 0 -14"><span class='ocrx_word' id='word_1_671' title='bbox 275 4568 422 4669; x_wconf 72' lang='lat' dir='ltr'><strong><em>saepe</em></strong></span> <span class='ocrx_word' id='word_1_672' title='bbox 444 4601 697 4667; x_wconf 76' lang='lat' dir='ltr'><strong><em>diximus,</em></strong></span> <span class='ocrx_word' id='word_1_673' title='bbox 729 4601 830 4655; x_wconf 89' lang='lat' dir='ltr'><strong><em>sub</em></strong></span> <span class='ocrx_word' id='word_1_674' title='bbox 859 4599 977 4655; x_wconf 90' lang='lat' dir='ltr'><strong><em>libri</em></strong></span> <span class='ocrx_word' id='word_1_675' title='bbox 1008 4599 1201 4655; x_wconf 83' lang='lat' dir='ltr'><strong><em>decimi</em></strong></span> <span class='ocrx_word' id='word_1_676' title='bbox 1228 4568 1739 4665; x_wconf 42' lang='lat' dir='ltr'><strong><em>Historiis—Gregorii</em></strong></span> <span class='ocrx_word' id='word_1_677' title='bbox 1762 4568 1873 4649; x_wconf 66' lang='grc' dir='ltr'><strong><em>τη-</em></strong></span> <span class='ocrx_word' id='word_1_678' title='bbox 1898 4568 1953 4634; x_wconf 75' lang='grc' dir='ltr'><strong>Β</strong></span> <span class='ocrx_word' id='word_1_679' title='bbox 1979 4590 2137 4649; x_wconf 76' lang='lat' dir='ltr'><strong><em>supra</em></strong></span> <span class='ocrx_word' id='word_1_680' title='bbox 2167 4592 2231 4633; x_wconf 73' lang='lat' dir='ltr'><strong><em>ex</em></strong></span> <span class='ocrx_word' id='word_1_681' title='bbox 2258 4578 2447 4633; x_wconf 69' lang='lat' dir='ltr'><strong><em>eodem</em></strong></span> <span class='ocrx_word' id='word_1_682' title='bbox 2478 4576 2664 4631; x_wconf 73' lang='lat' dir='ltr'><strong><em>codice</em></strong></span> <span class='ocrx_word' id='word_1_683' title='bbox 2688 4574 3007 4669; x_wconf 53' lang='grc' dir='ltr'><strong><em>τθωίίωιέξε</em></strong></span> <span class='ocrx_word' id='word_1_684' title='bbox 3036 4587 3234 4627; x_wconf 66' lang='lat' dir='ltr'><strong><em>mum</em></strong></span> <span class='ocrx_word' id='word_1_685' title='bbox 3261 4571 3333 4628; x_wconf 63' lang='grc'><strong><em>40</em></strong></span> <span class='ocrx_word' id='word_1_686' title='bbox 3357 4571 3578 4669; x_wconf 42' lang='lat' dir='ltr'><strong><em>CMF”?</em></strong></span> 
     </span>
    </p>
   </div>
   <div class='ocr_carea' id='block_1_93' title="bbox 276 4684 1879 4761">
    <p class='ocr_par' dir='ltr' id='par_1_93' title="bbox 276 4684 1879 4761">
     <span class='ocr_line' id='line_1_93' title="bbox 276 4684 1879 4761; baseline -0.005 -14"><span class='ocrx_word' id='word_1_687' title='bbox 276 4691 527 4747; x_wconf 88' lang='lat' dir='ltr'><strong><em>ronensis</em></strong></span> <span class='ocrx_word' id='word_1_688' title='bbox 555 4692 775 4747; x_wconf 88' lang='lat' dir='ltr'><strong><em>nomine</em></strong></span> <span class='ocrx_word' id='word_1_689' title='bbox 802 4698 1213 4761; x_wconf 78' lang='lat' dir='ltr'><strong><em>repraesentant.</em></strong></span> <span class='ocrx_word' id='word_1_690' title='bbox 1246 4689 1287 4743; x_wconf 91' lang='lat' dir='ltr'><strong><em>li</em></strong></span> <span class='ocrx_word' id='word_1_691' title='bbox 1310 4698 1434 4743; x_wconf 89' lang='lat' dir='ltr'><strong><em>sunt</em></strong></span> <span class='ocrx_word' id='word_1_692' title='bbox 1455 4687 1626 4743; x_wconf 79' lang='lat' dir='ltr'><strong><em>codex</em></strong></span> <span class='ocrx_word' id='word_1_693' title='bbox 1653 4684 1879 4741; x_wconf 86' lang='lat' dir='ltr'><strong><em>Colber-</em></strong></span> 
     </span>
    </p>
   </div>
   <div class='ocr_carea' id='block_1_94' title="bbox 278 4774 1876 4854">
    <p class='ocr_par' dir='ltr' id='par_1_94' title="bbox 278 4774 1876 4854">
     <span class='ocr_line' id='line_1_94' title="bbox 278 4774 1876 4854; baseline -0.006 -14"><span class='ocrx_word' id='word_1_694' title='bbox 278 4785 461 4852; x_wconf 87' lang='lat' dir='ltr'><strong><em>tinus,</em></strong></span> <span class='ocrx_word' id='word_1_695' title='bbox 505 4783 598 4854; x_wconf 89' lang='lat' dir='ltr'><strong><em>qui</em></strong></span> <span class='ocrx_word' id='word_1_696' title='bbox 645 4783 747 4840; x_wconf 89' lang='lat' dir='ltr'><strong><em>sub</em></strong></span> <span class='ocrx_word' id='word_1_697' title='bbox 786 4783 1028 4839; x_wconf 80' lang='lat' dir='ltr'><strong><em>Thuanci</em></strong></span> <span class='ocrx_word' id='word_1_698' title='bbox 1078 4781 1297 4837; x_wconf 91' lang='lat' dir='ltr'><strong><em>nomine</em></strong></span> <span class='ocrx_word' id='word_1_699' title='bbox 1339 4779 1569 4837; x_wconf 87' lang='lat' dir='ltr'><strong><em>celebris</em></strong></span> <span class='ocrx_word' id='word_1_700' title='bbox 1607 4786 1690 4835; x_wconf 90' lang='lat' dir='ltr'><strong><em>est</em></strong></span> <span class='ocrx_word' id='word_1_701' title='bbox 1737 4774 1876 4847; x_wconf 89' lang='lat' dir='ltr'><strong><em>apud</em></strong></span> 
     </span>
    </p>
   </div>
   <div class='ocr_carea' id='block_1_95' title="bbox 274 4880 1875 4954">
    <p class='ocr_par' dir='ltr' id='par_1_95' title="bbox 274 4880 1875 4954">
     <span class='ocr_line' id='line_1_95' title="bbox 274 4880 1875 4954; baseline -0.006 -12"><span class='ocrx_word' id='word_1_702' title='bbox 274 4880 577 4954; x_wconf 83' lang='lat' dir='ltr'><strong><em>Cointium;</em></strong></span> <span class='ocrx_word' id='word_1_703' title='bbox 614 4887 750 4941; x_wconf 90' lang='lat' dir='ltr'><strong><em>alter</em></strong></span> <span class='ocrx_word' id='word_1_704' title='bbox 777 4900 842 4940; x_wconf 82' lang='lat' dir='ltr'><strong><em>ex</em></strong></span> <span class='ocrx_word' id='word_1_705' title='bbox 876 4882 1133 4939; x_wconf 76' lang='lat' dir='ltr'><strong><em>Vaticana</em></strong></span> <span class='ocrx_word' id='word_1_706' title='bbox 1157 4881 1522 4947; x_wconf 86' lang='lat' dir='ltr'><strong><em>bibliotheca;</em></strong></span> <span class='ocrx_word' id='word_1_707' title='bbox 1567 4888 1623 4937; x_wconf 91' lang='lat' dir='ltr'><strong><em>et</em></strong></span> <span class='ocrx_word' id='word_1_708' title='bbox 1662 4881 1875 4947; x_wconf 90' lang='lat' dir='ltr'><strong><em>tertius,</em></strong></span> 
     </span>
    </p>
   </div>
   <div class='ocr_carea' id='block_1_96' title="bbox 272 4972 1877 5044">
    <p class='ocr_par' dir='ltr' id='par_1_96' title="bbox 272 4972 1877 5044">
     <span class='ocr_line' id='line_1_96' title="bbox 272 4972 1877 5044; baseline -0.004 -11"><span class='ocrx_word' id='word_1_709' title='bbox 272 4972 325 5034; x_wconf 90' lang='lat' dir='ltr'><strong><em>si</em></strong></span> <span class='ocrx_word' id='word_1_710' title='bbox 356 4982 538 5033; x_wconf 86' lang='lat' dir='ltr'><strong><em>tamen</em></strong></span> <span class='ocrx_word' id='word_1_711' title='bbox 566 4991 597 5033; x_wconf 88' lang='lat' dir='ltr'><strong><em>a</em></strong></span> <span class='ocrx_word' id='word_1_712' title='bbox 628 4974 885 5033; x_wconf 80' lang='lat' dir='ltr'><strong><em>Vaticano</em></strong></span> <span class='ocrx_word' id='word_1_713' title='bbox 908 4973 1319 5044; x_wconf 81' lang='lat' dir='ltr'><strong><em>distinguendus</em></strong></span> <span class='ocrx_word' id='word_1_714' title='bbox 1344 4973 1435 5040; x_wconf 91' lang='lat' dir='ltr'><strong><em>sit,</em></strong></span> <span class='ocrx_word' id='word_1_715' title='bbox 1459 4972 1788 5028; x_wconf 83' lang='lat' dir='ltr'><strong><em>Nazarianus</em></strong></span> <span class='ocrx_word' id='word_1_716' title='bbox 1811 4986 1877 5027; x_wconf 84' lang='lat' dir='ltr'><strong><em>ex</em></strong></span> 
     </span>
    </p>
   </div>
   <div class='ocr_carea' id='block_1_97' title="bbox 278 5066 1878 5149">
    <p class='ocr_par' dir='ltr' id='par_1_97' title="bbox 278 5066 1878 5149">
     <span class='ocr_line' id='line_1_97' title="bbox 278 5066 1878 5149; baseline -0.004 -15"><span class='ocrx_word' id='word_1_717' title='bbox 278 5066 607 5135; x_wconf 77' lang='lat' dir='ltr'><strong><em>bibliotheca</em></strong></span> <span class='ocrx_word' id='word_1_718' title='bbox 637 5070 1061 5149; x_wconf 84' lang='lat' dir='ltr'><strong><em>Archipalatina,</em></strong></span> <span class='ocrx_word' id='word_1_719' title='bbox 1114 5092 1221 5148; x_wconf 90' lang='lat' dir='ltr'><strong><em>quo</em></strong></span> <span class='ocrx_word' id='word_1_720' title='bbox 1247 5091 1307 5132; x_wconf 88' lang='lat' dir='ltr'><strong><em>se</em></strong></span> <span class='ocrx_word' id='word_1_721' title='bbox 1336 5091 1492 5131; x_wconf 89' lang='lat' dir='ltr'><strong><em>usum</em></strong></span> <span class='ocrx_word' id='word_1_722' title='bbox 1524 5076 1687 5131; x_wconf 88' lang='lat' dir='ltr'><strong><em>fuisse</em></strong></span> <span class='ocrx_word' id='word_1_723' title='bbox 1717 5084 1878 5130; x_wconf 82' lang='lat' dir='ltr'><strong><em>testa-</em></strong></span> 
     </span>
    </p>
   </div>
   <div class='ocr_carea' id='block_1_98' title="bbox 277 5164 1875 5251">
    <p class='ocr_par' dir='ltr' id='par_1_98' title="bbox 277 5164 1875 5251">
     <span class='ocr_line' id='line_1_98' title="bbox 277 5164 1875 5251; baseline -0.004 -11"><span class='ocrx_word' id='word_1_724' title='bbox 277 5193 369 5240; x_wconf 88' lang='lat' dir='ltr'><strong><em>tur</em></strong></span> <span class='ocrx_word' id='word_1_725' title='bbox 399 5164 746 5251; x_wconf 73' lang='lat' dir='ltr'><strong><em>Marquardus</em></strong></span> <span class='ocrx_word' id='word_1_726' title='bbox 774 5182 1045 5238; x_wconf 86' lang='lat' dir='ltr'><strong><em>Freherus</em></strong></span> <span class='ocrx_word' id='word_1_727' title='bbox 1074 5196 1088 5232; x_wconf 88' lang='lat'><strong>:</strong></span> <span class='ocrx_word' id='word_1_728' title='bbox 1120 5178 1317 5250; x_wconf 90' lang='lat' dir='ltr'><strong><em>quibus</em></strong></span> <span class='ocrx_word' id='word_1_729' title='bbox 1346 5194 1513 5245; x_wconf 89' lang='lat' dir='ltr'><strong><em>unus,</em></strong></span> <span class='ocrx_word' id='word_1_730' title='bbox 1551 5178 1653 5235; x_wconf 89' lang='lat' dir='ltr'><strong><em>nisi</em></strong></span> <span class='ocrx_word' id='word_1_731' title='bbox 1695 5174 1875 5245; x_wconf 87' lang='lat' dir='ltr'><strong><em>fallor,</em></strong></span> 
     </span>
    </p>
   </div>
   <div class='ocr_carea' id='block_1_99' title="bbox 280 5278 1880 5351">
    <p class='ocr_par' dir='ltr' id='par_1_99' title="bbox 280 5278 1880 5351">
     <span class='ocr_line' id='line_1_99' title="bbox 280 5278 1880 5351; baseline -0.005 -8"><span class='ocrx_word' id='word_1_732' title='bbox 280 5286 564 5344; x_wconf 84' lang='lat' dir='ltr'><strong><em>addendus</em></strong></span> <span class='ocrx_word' id='word_1_733' title='bbox 588 5294 674 5341; x_wconf 87' lang='lat' dir='ltr'><strong><em>est</em></strong></span> <span class='ocrx_word' id='word_1_734' title='bbox 702 5300 769 5340; x_wconf 81' lang='lat' dir='ltr'><strong><em>ex</em></strong></span> <span class='ocrx_word' id='word_1_735' title='bbox 797 5282 1123 5340; x_wconf 86' lang='lat' dir='ltr'><strong><em>Canisiauis.</em></strong></span> <span class='ocrx_word' id='word_1_736' title='bbox 1150 5282 1223 5338; x_wconf 79' lang='lat' dir='ltr'><strong><em>At</em></strong></span> <span class='ocrx_word' id='word_1_737' title='bbox 1253 5294 1375 5347; x_wconf 85' lang='lat' dir='ltr'><strong><em>cum</em></strong></span> <span class='ocrx_word' id='word_1_738' title='bbox 1406 5282 1521 5351; x_wconf 89' lang='lat' dir='ltr'><strong><em>ipse</em></strong></span> <span class='ocrx_word' id='word_1_739' title='bbox 1547 5278 1794 5345; x_wconf 88' lang='lat' dir='ltr'><strong><em>Canisius</em></strong></span> <span class='ocrx_word' id='word_1_740' title='bbox 1822 5280 1880 5336; x_wconf 88' lang='lat' dir='ltr'><strong><em>in</em></strong></span> 
     </span>
    </p>
   </div>
   <div class='ocr_carea' id='block_1_100' title="bbox 280 5379 1883 5451">
    <p class='ocr_par' dir='ltr' id='par_1_100' title="bbox 280 5379 1883 5451">
     <span class='ocr_line' id='line_1_100' title="bbox 280 5379 1883 5451; baseline -0.006 -6"><span class='ocrx_word' id='word_1_741' title='bbox 280 5389 506 5445; x_wconf 78' lang='lat' dir='ltr'><strong><em>alterae</em></strong></span> <span class='ocrx_word' id='word_1_742' title='bbox 528 5388 646 5443; x_wconf 86' lang='lat' dir='ltr'><strong><em>suis</em></strong></span> <span class='ocrx_word' id='word_1_743' title='bbox 682 5386 963 5443; x_wconf 88' lang='lat' dir='ltr'><strong><em>codicibus</em></strong></span> <span class='ocrx_word' id='word_1_744' title='bbox 1001 5383 1329 5439; x_wconf 82' lang='lat' dir='ltr'><strong><em>Chrenicum</em></strong></span> <span class='ocrx_word' id='word_1_745' title='bbox 1374 5381 1521 5437; x_wconf 85' lang='lat' dir='ltr'><strong><em>istud</em></strong></span> <span class='ocrx_word' id='word_1_746' title='bbox 1554 5381 1624 5436; x_wconf 90' lang='lat' dir='ltr'><strong><em>ad</em></strong></span> <span class='ocrx_word' id='word_1_747' title='bbox 1668 5379 1883 5451; x_wconf 82' lang='lat' dir='ltr'><strong><em>Pippini</em></strong></span> 
     </span>
    </p>
   </div>
   <div class='ocr_carea' id='block_1_101' title="bbox 280 5483 1880 5561">
    <p class='ocr_par' dir='ltr' id='par_1_101' title="bbox 280 5483 1880 5561">
     <span class='ocr_line' id='line_1_101' title="bbox 280 5483 1880 5561; baseline -0.006 -15"><span class='ocrx_word' id='word_1_748' title='bbox 280 5501 515 5547; x_wconf 86' lang='lat' dir='ltr'><strong><em>mortem</em></strong></span> <span class='ocrx_word' id='word_1_749' title='bbox 545 5506 712 5561; x_wconf 84' lang='lat' dir='ltr'><strong><em>usque</em></strong></span> <span class='ocrx_word' id='word_1_750' title='bbox 734 5498 1046 5558; x_wconf 80' lang='lat' dir='ltr'><strong><em>porrectum</em></strong></span> <span class='ocrx_word' id='word_1_751' title='bbox 1075 5485 1404 5551; x_wconf 81' lang='lat' dir='ltr'><strong><em>invenisset,</em></strong></span> <span class='ocrx_word' id='word_1_752' title='bbox 1443 5498 1548 5539; x_wconf 80' lang='lat' dir='ltr'><strong><em>non</em></strong></span> <span class='ocrx_word' id='word_1_753' title='bbox 1575 5483 1748 5539; x_wconf 85' lang='lat' dir='ltr'><strong><em>solum</em></strong></span> <span class='ocrx_word' id='word_1_754' title='bbox 1779 5483 1880 5538; x_wconf 86' lang='lat' dir='ltr'><strong><em>ad-</em></strong></span> 
     </span>
    </p>
   </div>
   <div class='ocr_carea' id='block_1_102' title="bbox 278 5584 1882 5656">
    <p class='ocr_par' dir='ltr' id='par_1_102' title="bbox 278 5584 1882 5656">
     <span class='ocr_line' id='line_1_102' title="bbox 278 5584 1882 5656; baseline -0.006 -7"><span class='ocrx_word' id='word_1_755' title='bbox 278 5593 544 5649; x_wconf 83' lang='lat' dir='ltr'><strong><em>ditionem</em></strong></span> <span class='ocrx_word' id='word_1_756' title='bbox 569 5594 726 5650; x_wconf 82' lang='lat' dir='ltr'><strong><em>istam</em></strong></span> <span class='ocrx_word' id='word_1_757' title='bbox 748 5601 895 5647; x_wconf 84' lang='lat' dir='ltr'><strong><em>tome</em></strong></span> <span class='ocrx_word' id='word_1_758' title='bbox 916 5590 961 5646; x_wconf 89' lang='lat' dir='ltr'><strong><em>ll</em></strong></span> <span class='ocrx_word' id='word_1_759' title='bbox 986 5590 1232 5646; x_wconf 87' lang='lat' dir='ltr'><strong><em>lectionis</em></strong></span> <span class='ocrx_word' id='word_1_760' title='bbox 1253 5588 1491 5656; x_wconf 74' lang='lat' dir='ltr'><strong><em>antiquis</em></strong></span> <span class='ocrx_word' id='word_1_761' title='bbox 1514 5584 1759 5650; x_wconf 89' lang='lat' dir='ltr'><strong><em>inseruit,</em></strong></span> <span class='ocrx_word' id='word_1_762' title='bbox 1784 5584 1882 5640; x_wconf 88' lang='lat' dir='ltr'><strong><em>sed</em></strong></span> 
     </span>
    </p>
   </div>
   <div class='ocr_carea' id='block_1_103' title="bbox 280 5685 1881 5764">
    <p class='ocr_par' dir='ltr' id='par_1_103' title="bbox 280 5685 1881 5764">
     <span class='ocr_line' id='line_1_103' title="bbox 280 5685 1881 5764; baseline -0.007 -11"><span class='ocrx_word' id='word_1_763' title='bbox 280 5698 448 5753; x_wconf 86' lang='lat' dir='ltr'><strong><em>etiam</em></strong></span> <span class='ocrx_word' id='word_1_764' title='bbox 480 5696 605 5751; x_wconf 89' lang='lat' dir='ltr'><strong><em>inde</em></strong></span> <span class='ocrx_word' id='word_1_765' title='bbox 641 5692 873 5764; x_wconf 87' lang='lat' dir='ltr'><strong><em>sumpsit</em></strong></span> <span class='ocrx_word' id='word_1_766' title='bbox 912 5693 1250 5749; x_wconf 86' lang='lat' dir='ltr'><strong><em>occasionem</em></strong></span> <span class='ocrx_word' id='word_1_767' title='bbox 1298 5700 1468 5745; x_wconf 89' lang='lat' dir='ltr'><strong><em>totum</em></strong></span> <span class='ocrx_word' id='word_1_768' title='bbox 1512 5690 1614 5744; x_wconf 86' lang='lat' dir='ltr'><strong><em>hoc</em></strong></span> <span class='ocrx_word' id='word_1_769' title='bbox 1649 5685 1881 5744; x_wconf 83' lang='lat' dir='ltr'><strong><em>Chroni-</em></strong></span> 
     </span>
    </p>
   </div>
   <div class='ocr_carea' id='block_1_104' title="bbox 281 5791 1885 5865">
    <p class='ocr_par' dir='ltr' id='par_1_104' title="bbox 281 5791 1885 5865">
     <span class='ocr_line' id='line_1_104' title="bbox 281 5791 1885 5865; baseline -0.006 -9"><span class='ocrx_word' id='word_1_770' title='bbox 281 5812 433 5861; x_wconf 89' lang='lat' dir='ltr'><strong><em>cum.</em></strong></span> <span class='ocrx_word' id='word_1_771' title='bbox 467 5797 633 5857; x_wconf 83' lang='lat' dir='ltr'><strong><em>immo</em></strong></span> <span class='ocrx_word' id='word_1_772' title='bbox 658 5807 713 5856; x_wconf 87' lang='lat' dir='ltr'><strong><em>et</em></strong></span> <span class='ocrx_word' id='word_1_773' title='bbox 741 5806 909 5855; x_wconf 81' lang='lat' dir='ltr'><strong><em>totam</em></strong></span> <span class='ocrx_word' id='word_1_774' title='bbox 940 5793 1247 5865; x_wconf 79' lang='lat' dir='ltr'><strong><em>Fredegarii</em></strong></span> <span class='ocrx_word' id='word_1_775' title='bbox 1277 5793 1648 5852; x_wconf 85' lang='lat' dir='ltr'><strong><em>collectionem</em></strong></span> <span class='ocrx_word' id='word_1_776' title='bbox 1679 5791 1885 5849; x_wconf 86' lang='lat' dir='ltr'><strong><em>auctori</em></strong></span> 
     </span>
    </p>
   </div>
   <div class='ocr_carea' id='block_1_105' title="bbox 1983 4666 3578 4745">
    <p class='ocr_par' dir='ltr' id='par_1_105' title="bbox 1983 4666 3578 4745">
     <span class='ocr_line' id='line_1_105' title="bbox 1983 4666 3578 4745; baseline -0.007 -13"><span class='ocrx_word' id='word_1_777' title='bbox 1983 4678 2046 4733; x_wconf 91' lang='lat' dir='ltr'><strong><em>rii</em></strong></span> <span class='ocrx_word' id='word_1_778' title='bbox 2080 4676 2221 4745; x_wconf 74' lang='lat' dir='ltr'><strong><em>regis</em></strong></span> <span class='ocrx_word' id='word_1_779' title='bbox 2246 4674 2466 4739; x_wconf 89' lang='lat' dir='ltr'><strong><em>indicat,</em></strong></span> <span class='ocrx_word' id='word_1_780' title='bbox 2495 4671 2548 4728; x_wconf 86' lang='lat' dir='ltr'><strong><em>id</em></strong></span> <span class='ocrx_word' id='word_1_781' title='bbox 2570 4681 2653 4728; x_wconf 90' lang='lat' dir='ltr'><strong><em>est</em></strong></span> <span class='ocrx_word' id='word_1_782' title='bbox 2673 4670 2877 4727; x_wconf 81' lang='lat' dir='ltr'><strong><em>Christi</em></strong></span> <span class='ocrx_word' id='word_1_783' title='bbox 2907 4668 3032 4723; x_wconf 77' lang='lat'><strong><em>6‘25.</em></strong></span> <span class='ocrx_word' id='word_1_784' title='bbox 3075 4669 3329 4724; x_wconf 84' lang='lat' dir='ltr'><strong><em>Eamdem</em></strong></span> <span class='ocrx_word' id='word_1_785' title='bbox 3377 4666 3578 4722; x_wconf 87' lang='lat' dir='ltr'><strong><em>codicis</em></strong></span> 
     </span>
    </p>
   </div>
   <div class='ocr_carea' id='block_1_106' title="bbox 1984 4756 3573 4842">
    <p class='ocr_par' dir='ltr' id='par_1_106' title="bbox 1984 4756 3573 4842">
     <span class='ocr_line' id='line_1_106' title="bbox 1984 4756 3573 4842; baseline -0.009 -15"><span class='ocrx_word' id='word_1_786' title='bbox 1984 4771 2352 4842; x_wconf 86' lang='lat' dir='ltr'><strong><em>antiquitatem</em></strong></span> <span class='ocrx_word' id='word_1_787' title='bbox 2383 4756 2719 4823; x_wconf 87' lang='lat' dir='ltr'><strong><em>demonstrat</em></strong></span> <span class='ocrx_word' id='word_1_788' title='bbox 2740 4775 2896 4819; x_wconf 88' lang='lat' dir='ltr'><strong><em>vetus</em></strong></span> <span class='ocrx_word' id='word_1_789' title='bbox 2928 4763 3225 4832; x_wconf 85' lang='lat' dir='ltr'><strong><em>inscriptio,</em></strong></span> <span class='ocrx_word' id='word_1_790' title='bbox 3259 4776 3381 4833; x_wconf 68' lang='lat' dir='ltr'><strong><em>qua:</em></strong></span> <span class='ocrx_word' id='word_1_791' title='bbox 3404 4762 3461 4815; x_wconf 86' lang='lat' dir='ltr'><strong><em>in</em></strong></span> <span class='ocrx_word' id='word_1_792' title='bbox 3490 4760 3573 4814; x_wconf 92' lang='lat' dir='ltr'><strong><em>ul-</em></strong></span> 
     </span>
    </p>
   </div>
   <div class='ocr_carea' id='block_1_107' title="bbox 1984 4855 3576 4934">
    <p class='ocr_par' dir='ltr' id='par_1_107' title="bbox 1984 4855 3576 4934">
     <span class='ocr_line' id='line_1_107' title="bbox 1984 4855 3576 4934; baseline -0.009 -14"><span class='ocrx_word' id='word_1_793' title='bbox 1984 4865 2109 4920; x_wconf 89' lang='lat' dir='ltr'><strong><em>tima</em></strong></span> <span class='ocrx_word' id='word_1_794' title='bbox 2142 4863 2334 4934; x_wconf 81' lang='lat' dir='ltr'><strong><em>pagina</em></strong></span> <span class='ocrx_word' id='word_1_795' title='bbox 2362 4858 2767 4917; x_wconf 82' lang='lat' dir='ltr'><strong><em>cbaracteribus</em></strong></span> <span class='ocrx_word' id='word_1_796' title='bbox 2791 4855 3172 4927; x_wconf 79' lang='lat' dir='ltr'><strong><em>Merovingicis</em></strong></span> <span class='ocrx_word' id='word_1_797' title='bbox 3198 4856 3439 4926; x_wconf 86' lang='lat' dir='ltr'><strong><em>apposita</em></strong></span> <span class='ocrx_word' id='word_1_798' title='bbox 3468 4862 3576 4917; x_wconf 88' lang='lat' dir='ltr'><strong><em>est,</em></strong></span> 
     </span>
    </p>
   </div>
   <div class='ocr_carea' id='block_1_108' title="bbox 1984 4946 3577 5027">
    <p class='ocr_par' dir='ltr' id='par_1_108' title="bbox 1984 4946 3577 5027">
     <span class='ocr_line' id='line_1_108' title="bbox 1984 4946 3577 5027; baseline -0.008 -16"><span class='ocrx_word' id='word_1_799' title='bbox 1984 4957 2077 5011; x_wconf 90' lang='lat' dir='ltr'><strong><em>sed</em></strong></span> <span class='ocrx_word' id='word_1_800' title='bbox 2106 4953 2430 5027; x_wconf 76' lang='lat' dir='ltr'><strong><em>fugientibus</em></strong></span> <span class='ocrx_word' id='word_1_801' title='bbox 2467 4953 2663 5008; x_wconf 88' lang='lat' dir='ltr'><strong><em>litteris</em></strong></span> <span class='ocrx_word' id='word_1_802' title='bbox 2706 4951 2776 5006; x_wconf 89' lang='lat' dir='ltr'><strong><em>ob</em></strong></span> <span class='ocrx_word' id='word_1_803' title='bbox 2810 4958 3132 5007; x_wconf 86' lang='lat' dir='ltr'><strong><em>vetustatem</em></strong></span> <span class='ocrx_word' id='word_1_804' title='bbox 3176 4962 3312 5019; x_wconf 80' lang='lat' dir='ltr'><strong><em>pene</em></strong></span> <span class='ocrx_word' id='word_1_805' title='bbox 3348 4946 3577 5012; x_wconf 85' lang='lat' dir='ltr'><strong><em>detrita,</em></strong></span> 
     </span>
    </p>
   </div>
   <div class='ocr_carea' id='block_1_109' title="bbox 1985 5036 3575 5119">
    <p class='ocr_par' dir='ltr' id='par_1_109' title="bbox 1985 5036 3575 5119">
     <span class='ocr_line' id='line_1_109' title="bbox 1985 5036 3575 5119; baseline -0.009 -16"><span class='ocrx_word' id='word_1_806' title='bbox 1985 5047 2138 5119; x_wconf 91' lang='lat' dir='ltr'><strong><em>cujus</em></strong></span> <span class='ocrx_word' id='word_1_807' title='bbox 2166 5048 2419 5116; x_wconf 84' lang='lat' dir='ltr'><strong><em>reliquias</em></strong></span> <span class='ocrx_word' id='word_1_808' title='bbox 2451 5045 2537 5100; x_wconf 91' lang='lat' dir='ltr'><strong><em>hic</em></strong></span> <span class='ocrx_word' id='word_1_809' title='bbox 2565 5043 2874 5100; x_wconf 87' lang='lat' dir='ltr'><strong><em>describere</em></strong></span> <span class='ocrx_word' id='word_1_810' title='bbox 2900 5042 3071 5100; x_wconf 91' lang='lat' dir='ltr'><strong><em>visum</em></strong></span> <span class='ocrx_word' id='word_1_811' title='bbox 3096 5049 3197 5096; x_wconf 91' lang='lat' dir='ltr'><strong><em>est.</em></strong></span> <span class='ocrx_word' id='word_1_812' title='bbox 3232 5039 3436 5093; x_wconf 78' lang='lat' dir='ltr'><strong><em>Invenit</em></strong></span> <span class='ocrx_word' id='word_1_813' title='bbox 3464 5036 3575 5090; x_wconf 87' lang='lat' dir='ltr'><strong><em>Lu-</em></strong></span> 
     </span>
    </p>
   </div>
   <div class='ocr_carea' id='block_1_110' title="bbox 1985 5130 3581 5208">
    <p class='ocr_par' dir='ltr' id='par_1_110' title="bbox 1985 5130 3581 5208">
     <span class='ocr_line' id='line_1_110' title="bbox 1985 5130 3581 5208; baseline -0.006 -15"><span class='ocrx_word' id='word_1_814' title='bbox 1985 5140 2145 5193; x_wconf 82' lang='lat' dir='ltr'><strong><em>cerias</em></strong></span> <span class='ocrx_word' id='word_1_815' title='bbox 2173 5138 2426 5208; x_wconf 80' lang='lat' dir='ltr'><strong><em>presbeter</em></strong></span> <span class='ocrx_word' id='word_1_816' title='bbox 2453 5151 2694 5190; x_wconf 81' lang='lat' dir='ltr'><strong><em>monecoe</em></strong></span> <span class='ocrx_word' id='word_1_817' title='bbox 2720 5136 2935 5191; x_wconf 83' lang='lat' dir='ltr'><strong><em>dom....</em></strong></span> <span class='ocrx_word' id='word_1_818' title='bbox 2971 5146 3201 5189; x_wconf 64' lang='lat' dir='ltr'><strong><em>tamam.</em></strong></span> <span class='ocrx_word' id='word_1_819' title='bbox 3232 5147 3321 5200; x_wconf 83' lang='lat' dir='ltr'><strong><em>per</em></strong></span> <span class='ocrx_word' id='word_1_820' title='bbox 3345 5130 3445 5184; x_wconf 82' lang='lat' dir='ltr'><strong><em>ista</em></strong></span> <span class='ocrx_word' id='word_1_821' title='bbox 3465 5144 3581 5184; x_wconf 89' lang='lat' dir='ltr'><strong><em>cro-</em></strong></span> 
     </span>
    </p>
   </div>
   <div class='ocr_carea' id='block_1_111' title="bbox 1986 5222 3578 5300">
    <p class='ocr_par' dir='ltr' id='par_1_111' title="bbox 1986 5222 3578 5300">
     <span class='ocr_line' id='line_1_111' title="bbox 1986 5222 3578 5300; baseline -0.006 -16"><span class='ocrx_word' id='word_1_822' title='bbox 1986 5246 2145 5295; x_wconf 88' lang='lat' dir='ltr'><strong><em>neca,</em></strong></span> <span class='ocrx_word' id='word_1_823' title='bbox 2197 5237 2246 5284; x_wconf 85' lang='lat' dir='ltr'><strong><em>et</em></strong></span> <span class='ocrx_word' id='word_1_824' title='bbox 2271 5244 2363 5300; x_wconf 79' lang='lat' dir='ltr'><strong><em>per</em></strong></span> <span class='ocrx_word' id='word_1_825' title='bbox 2391 5230 2495 5283; x_wconf 86' lang='lat' dir='ltr'><strong><em>alia</em></strong></span> <span class='ocrx_word' id='word_1_826' title='bbox 2536 5245 2865 5285; x_wconf 87' lang='lat' dir='ltr'><strong><em>croneca.....</em></strong></span> <span class='ocrx_word' id='word_1_827' title='bbox 2911 5226 3046 5295; x_wconf 81' lang='lat' dir='ltr'><strong><em>quod</em></strong></span> <span class='ocrx_word' id='word_1_828' title='bbox 3082 5231 3410 5292; x_wconf 78' lang='lat' dir='ltr'><strong><em>scpiaoyenla</em></strong></span> <span class='ocrx_word' id='word_1_829' title='bbox 3450 5222 3578 5276; x_wconf 80' lang='lat' dir='ltr'><strong><em>auiti</em></strong></span> 
     </span>
    </p>
   </div>
   <div class='ocr_carea' id='block_1_112' title="bbox 1985 5316 3581 5393">
    <p class='ocr_par' dir='ltr' id='par_1_112' title="bbox 1985 5316 3581 5393">
     <span class='ocr_line' id='line_1_112' title="bbox 1985 5316 3581 5393; baseline -0.005 -14"><span class='ocrx_word' id='word_1_830' title='bbox 1985 5331 2339 5379; x_wconf 75' lang='lat' dir='ltr'><strong><em>sunt..........</em></strong></span> <span class='ocrx_word' id='word_1_831' title='bbox 2367 5338 2455 5377; x_wconf 80' lang='lat' dir='ltr'><strong><em>sus</em></strong></span> <span class='ocrx_word' id='word_1_832' title='bbox 2490 5322 2625 5393; x_wconf 83' lang='lat' dir='ltr'><strong><em>quod</em></strong></span> <span class='ocrx_word' id='word_1_833' title='bbox 2664 5333 2837 5378; x_wconf 71' lang='lat' dir='ltr'><strong><em>sextus</em></strong></span> <span class='ocrx_word' id='word_1_834' title='bbox 2882 5319 3129 5373; x_wconf 82' lang='lat' dir='ltr'><strong><em>miliarias</em></strong></span> <span class='ocrx_word' id='word_1_835' title='bbox 3474 5331 3581 5371; x_wconf 74' lang='lat' dir='ltr'><strong><em>esse</em></strong></span> 
     </span>
    </p>
   </div>
   <div class='ocr_carea' id='block_1_113' title="bbox 1988 5410 3577 5487">
    <p class='ocr_par' dir='ltr' id='par_1_113' title="bbox 1988 5410 3577 5487">
     <span class='ocr_line' id='line_1_113' title="bbox 1988 5410 3577 5487; baseline -0.006 -17"><span class='ocrx_word' id='word_1_836' title='bbox 1988 5416 2209 5484; x_wconf 79' lang='lat' dir='ltr'><strong><em>explitos</em></strong></span> <span class='ocrx_word' id='word_1_837' title='bbox 2232 5417 2522 5485; x_wconf 86' lang='lat' dir='ltr'><strong><em>conpolavit</em></strong></span> <span class='ocrx_word' id='word_1_838' title='bbox 2552 5417 2685 5487; x_wconf 78' lang='lat' dir='ltr'><strong><em>ipsos</em></strong></span> <span class='ocrx_word' id='word_1_839' title='bbox 2716 5430 2878 5467; x_wconf 81' lang='lat' dir='ltr'><strong><em>annos</em></strong></span> <span class='ocrx_word' id='word_1_840' title='bbox 2920 5413 2972 5463; x_wconf 87' lang='lat' dir='ltr'><strong><em>in</em></strong></span> <span class='ocrx_word' id='word_1_841' title='bbox 3013 5428 3283 5478; x_wconf 81' lang='lat' dir='ltr'><strong><em>upen......</em></strong></span> <span class='ocrx_word' id='word_1_842' title='bbox 3326 5412 3379 5464; x_wconf 84' lang='lat' dir='ltr'><strong><em>in</em></strong></span> <span class='ocrx_word' id='word_1_843' title='bbox 3408 5410 3577 5464; x_wconf 84' lang='lat' dir='ltr'><strong><em>indic-</em></strong></span> 
     </span>
    </p>
   </div>
   <div class='ocr_carea' id='block_1_114' title="bbox 1986 5500 3583 5574">
    <p class='ocr_par' dir='ltr' id='par_1_114' title="bbox 1986 5500 3583 5574">
     <span class='ocr_line' id='line_1_114' title="bbox 1986 5500 3583 5574; baseline -0.006 -12"><span class='ocrx_word' id='word_1_844' title='bbox 1986 5510 2121 5562; x_wconf 84' lang='lat' dir='ltr'><strong><em>tione</em></strong></span> <span class='ocrx_word' id='word_1_845' title='bbox 2170 5509 2390 5562; x_wconf 77' lang='lat' dir='ltr'><strong><em>exsiente</em></strong></span> <span class='ocrx_word' id='word_1_846' title='bbox 2433 5509 2580 5561; x_wconf 77' lang='lat' dir='ltr'><strong><em>tertia</em></strong></span> <span class='ocrx_word' id='word_1_847' title='bbox 2851 5518 2882 5556; x_wconf 95' lang='lat' dir='ltr'><strong><em>o</em></strong></span> <span class='ocrx_word' id='word_1_848' title='bbox 2929 5512 3111 5573; x_wconf 85' lang='lat' dir='ltr'><strong><em>quarto</em></strong></span> <span class='ocrx_word' id='word_1_849' title='bbox 3144 5500 3435 5574; x_wconf 82' lang='lat' dir='ltr'><strong><em>Dagoberto</em></strong></span> <span class='ocrx_word' id='word_1_850' title='bbox 3464 5517 3583 5570; x_wconf 88' lang='lat' dir='ltr'><strong><em>reg-</em></strong></span> 
     </span>
    </p>
   </div>
   <div class='ocr_carea' id='block_1_115' title="bbox 1988 5594 3582 5672">
    <p class='ocr_par' dir='ltr' id='par_1_115' title="bbox 1988 5594 3582 5672">
     <span class='ocr_line' id='line_1_115' title="bbox 1988 5594 3582 5672; baseline -0.007 -15"><span class='ocrx_word' id='word_1_851' title='bbox 1988 5612 2163 5658; x_wconf 87' lang='lat' dir='ltr'><strong><em>nante.</em></strong></span> <span class='ocrx_word' id='word_1_852' title='bbox 2212 5601 2292 5658; x_wconf 76' lang='lat' dir='ltr'><strong><em>Ex</em></strong></span> <span class='ocrx_word' id='word_1_853' title='bbox 2322 5602 2515 5672; x_wconf 89' lang='lat' dir='ltr'><strong><em>quibus</em></strong></span> <span class='ocrx_word' id='word_1_854' title='bbox 2556 5598 2869 5667; x_wconf 75' lang='lat' dir='ltr'><strong><em>fragmentis</em></strong></span> <span class='ocrx_word' id='word_1_855' title='bbox 2913 5598 3248 5668; x_wconf 82' lang='lat' dir='ltr'><strong><em>colligimus,</em></strong></span> <span class='ocrx_word' id='word_1_856' title='bbox 3296 5594 3582 5650; x_wconf 77' lang='lat' dir='ltr'><strong><em>Luceriam</em></strong></span> 
     </span>
    </p>
   </div>
   <div class='ocr_carea' id='block_1_116' title="bbox 1990 5696 3583 5759">
    <p class='ocr_par' dir='ltr' id='par_1_116' title="bbox 1990 5696 3583 5759">
     <span class='ocr_line' id='line_1_116' title="bbox 1990 5696 3583 5759; baseline -0.006 -8"><span class='ocrx_word' id='word_1_857' title='bbox 1990 5696 2139 5751; x_wconf 88' lang='lat' dir='ltr'><strong><em>illum</em></strong></span> <span class='ocrx_word' id='word_1_858' title='bbox 2164 5699 2482 5751; x_wconf 83' lang='lat' dir='ltr'><strong><em>monachum</em></strong></span> <span class='ocrx_word' id='word_1_859' title='bbox 2506 5706 2767 5749; x_wconf 88' lang='lat' dir='ltr'><strong><em>annorum</em></strong></span> <span class='ocrx_word' id='word_1_860' title='bbox 2796 5706 3058 5747; x_wconf 88' lang='lat' dir='ltr'><strong><em>summam</em></strong></span> <span class='ocrx_word' id='word_1_861' title='bbox 3082 5698 3425 5759; x_wconf 79' lang='lat' dir='ltr'><strong><em>computasse</em></strong></span> <span class='ocrx_word' id='word_1_862' title='bbox 3447 5700 3583 5741; x_wconf 82' lang='lat' dir='ltr'><strong><em>anno</em></strong></span> 
     </span>
    </p>
   </div>
   <div class='ocr_carea' id='block_1_117' title="bbox 1990 5780 3581 5860">
    <p class='ocr_par' dir='ltr' id='par_1_117' title="bbox 1990 5780 3581 5860">
     <span class='ocr_line' id='line_1_117' title="bbox 1990 5780 3581 5860; baseline -0.005 -15"><span class='ocrx_word' id='word_1_863' title='bbox 1990 5798 2173 5858; x_wconf 85' lang='lat' dir='ltr'><strong><em>quarto</em></strong></span> <span class='ocrx_word' id='word_1_864' title='bbox 2204 5790 2494 5860; x_wconf 79' lang='lat' dir='ltr'><strong><em>Dagaberti,</em></strong></span> <span class='ocrx_word' id='word_1_865' title='bbox 2528 5787 2804 5844; x_wconf 85' lang='lat' dir='ltr'><strong><em>indictione</em></strong></span> <span class='ocrx_word' id='word_1_866' title='bbox 2832 5802 2926 5844; x_wconf 77' lang='lat' dir='ltr'><strong><em>xui</em></strong></span> <span class='ocrx_word' id='word_1_867' title='bbox 2952 5806 2964 5845; x_wconf 88' lang='lat'><strong>:</strong></span> <span class='ocrx_word' id='word_1_868' title='bbox 2989 5785 3133 5856; x_wconf 85' lang='lat' dir='ltr'><strong><em>quod</em></strong></span> <span class='ocrx_word' id='word_1_869' title='bbox 3163 5785 3231 5842; x_wconf 85' lang='lat' dir='ltr'><strong><em>de</em></strong></span> <span class='ocrx_word' id='word_1_870' title='bbox 3256 5780 3581 5854; x_wconf 77' lang='lat' dir='ltr'><strong><em>Dagoberto,</em></strong></span> 
     </span>
    </p>
   </div>
  </div>
