4086 6328
540 271 637 328 111

1964 258 2354 320 ΡΒᾹΞΡΑΤῙΟέ

3704 276 3815 333 HI

528 400 639 444 non
676 383 870 456 primo,
902 380 997 437 sed
1040 380 1224 447 tertio,
1252 392 1411 450 quem
1438 376 1529 433 alii
1574 375 1871 433 secundum
1909 376 2111 447 dicunt,
2143 385 2192 441 Α
2218 377 2373 434 detur
2398 392 2427 432 a
2457 377 2912 448 consarcinatore,
2945 384 3003 435 ut
3031 379 3256 450 hiatum,
3286 382 3377 452 qui
3420 383 3564 438 inter
3602 385 3811 443 Frede-

528 479 672 535 haud
699 480 857 535 dubie
898 478 1299 548 intelligendum
1328 483 1441 541 est,
1491 473 1641 543 cujus
1686 488 1857 529 annus
1895 484 2116 544 quartus

528 588 653 633 cum
677 592 818 631 anno
843 573 1042 629 Chris1i
1071 572 1174 627 715
1202 569 1475 625 coincidit.
1504 568 1840 636 Proindeque
1864 566 1967 621 hoc
2002 568 2117 637 ipso

528 686 672 727 anno
696 671 806 742 jam
836 671 1068 740 scriptus
1090 676 1205 724 erat
1232 666 1399 721 codex
1428 665 1893 732 Claromontanus,
1940 666 1992 719 id
2034 674 2117 720 est

528 764 834 832 priusquam
865 760 1166 829 Fredegarii
1196 756 1520 812 Chronicum
1546 757 1969 813 continuaretur.
1998 756 2117 812 Ca:-

529 864 702 910 terum
719 854 960 910 eamdem
984 850 1382 920 inscriptionem
1404 851 1455 904 in
1476 850 1661 906 codice
1679 850 2110 915 Claromontano,

526 954 617 1001 aut
639 955 785 1001 certe
808 946 859 1000 in
889 944 1057 999 altero
1096 944 1254 999 simili
1290 944 1496 999 viderat
1534 943 1810 1013 Philippus
1839 943 2109 1008 Labbeus,

511 1039 617 1112 ,qui
642 1037 695 1091 in
712 1037 943 1107 epitome
964 1035 1342 1107 chronologica
1364 1036 1431 1091 ad
1454 1050 1653 1091 annum
1675 1036 1799 1104 715,
1824 1052 1883 1092 se
1911 1036 2111 1092 vidisse

524 1138 749 1186 testatur
774 1129 1053 1198 antiquum
1081 1129 1321 1183 codicem
1363 1143 1466 1183 ms.
1516 1130 1571 1183 in
1614 1143 1720 1198 quo
1760 1128 1981 1184 indictio
2018 1143 2112 1182 xm

524 1232 711 1274 mense
753 1220 993 1289 Augusto
1046 1233 1167 1274 cum
1212 1234 1352 1275 anno
1400 1228 1593 1291 quarto
1633 1219 1919 1291 Dagoberti
1973 1219 2111 1290 regis

522 1309 817 1379 composita
847 1316 981 1365 erat.
1108 1366 1109 1369 η

595 1401 722 1457 144.
754 1400 871 1455 Alia
902 1408 1025 1456 sunt
1053 1401 1271 1470 insuper
1290 1401 1483 1457 indicia
1515 1416 1622 1458 non
1646 1417 1832 1471 pauca,
1852 1418 1971 1473 quae
1999 1401 2110 1457 sin-

521 1508 703 1548 cerum
737 1492 1039 1563 Fredegarii
1072 1491 1393 1548 Chronicum
1436 1494 1491 1548 in
1528 1496 1703 1565 capite
1750 1496 1818 1550 90
1862 1495 2112 1551 desinere

519 1585 663 1641 haud
693 1586 919 1642 obscure
948 1588 1233 1642 insinuant.
1269 1587 1399 1642 Nam
1428 1597 1480 1643 et
1506 1589 1595 1643 alii
1640 1590 1852 1645 codices
1899 1590 1986 1658 qui
2031 1600 2111 1644 too

520 1684 626 1731 tam
656 1678 960 1749 Fredegarii
990 1679 1357 1735 collectionem
1381 1682 1675 1749 continent,
1704 1685 1802 1737 etsi
1832 1686 2110 1737 continua-

2219 473 2351 541 garii
2380 471 2701 528 Chronicum
2730 484 2783 530 et
2811 475 3060 529 secundae
3089 475 3254 544 partis
3280 486 3552 532 auctorem
3585 478 3809 551 interja-

2218 566 2391 629 cebat,
2423 565 2716 635 suppleret.
2751 566 2829 620 Ad
2862 566 2913 620 id
2942 582 3068 622 usus
3098 577 3182 621 est
3210 568 3300 622 ille
3330 570 3639 625 auctoribus
3667 575 3812 627 anti~

2216 657 2335 727 quis
2360 658 2593 727 quidem,
2626 658 2719 713 sed
2760 656 3014 714 fabulosis
3046 678 3061 714 :
3096 660 3235 713 unde
3278 674 3365 715 res
3405 662 3689 730 plurimum
3737 665 3810 719 ab

2216 762 2358 803 anno
2388 747 2492 801 642
2534 748 2599 802 ad
2642 748 2769 815 680,
2819 766 2953 820 quos
2993 744 3384 818 complectitur,
3418 754 3639 811 confuse
3669 756 3811 812 refe-

2216 850 2428 895 runtur.
2457 841 2702 897 Secunda
2732 857 2857 912 pars
2878 858 2994 911 qua:
3027 842 3213 913 incipit
3239 844 3413 914 capite
3441 847 3509 899 97
3530 846 3730 903 desinit
3750 850 3807 905 in

2215 931 2388 988 media
2422 942 2571 1001 parte
2601 932 2793 1003 capitis
2820 934 2942 1003 109,
2974 934 3057 988 his
3090 936 3265 989 verbis
3293 933 3531 1006 Regnum
3562 937 3805 994 Franco-

2214 1042 2361 1091 rum;
2385 1026 2538 1095 cujus
2561 1036 2748 1080 auctor
2774 1042 2859 1080 res
2892 1026 3221 1095 potissimum
3252 1028 3304 1082 in
3330 1030 3604 1085 Austrasia
3628 1040 3809 1100 gestas

2215 1117 2282 1171 ab
2305 1131 2446 1171 anno
2473 1118 2576 1172 680
2603 1117 2671 1173 ad
2701 1116 2803 1170 756
2834 1127 3037 1186 narrat,
3061 1128 3116 1174 et
3139 1119 3356 1189 quidem
3382 1121 3513 1176 satis
3533 1132 3805 1180 accurate.

2214 1207 2446 1265 .‘Etalem
2481 1224 2633 1264 suam
2666 1210 2843 1280 prodit
2868 1213 3042 1280 capite
3075 1212 3198 1277 109,
3230 1212 3321 1266 ubi
3345 1227 3609 1269 annorum
3638 1217 3809 1272 curri-

2215 1300 2332 1356 cula
2362 1301 2627 1371 replicans
2651 1346 2666 1371 ,
2714 1317 2773 1358 se
2821 1302 3064 1358 kalendis
3106 1304 3233 1372 ipsis
3263 1304 3505 1362 Januarii
3546 1308 3671 1362 anni
3703 1310 3808 1364 755

2214 1396 2451 1453 scribere
2477 1397 2697 1463 indicat,
2724 1396 2815 1467 qui
2836 1412 3009 1453 annus
3027 1399 3175 1466 juxta
3198 1408 3439 1455 nostrum
3461 1404 3807 1471 computandi

2217 1490 2435 1545 modum
2465 1504 2496 1544 a
2526 1489 2782 1544 Januario
2810 1490 3071 1559 incipiens
3098 1490 3200 1544 756
3228 1492 3435 1546 censeri
3458 1491 3639 1548 debet.
3673 1494 3807 1549 Pars

2214 1582 2371 1637 tertia
2394 1599 2423 1637 a
2448 1580 2623 1650 capite
2658 1582 2755 1636 109
2790 1582 2857 1636 ad
2890 1582 2993 1638 118
3021 1583 3391 1651 continuatur,
3437 1584 3489 1639 id
3529 1595 3610 1640 est
3643 1586 3711 1640 ab
3743 1601 3809 1642 eo

2216 1685 2458 1746 tempore
2487 1693 2593 1746 quo
2622 1675 2770 1746 prior
2798 1675 2977 1740 desiit,
3010 1676 3077 1730 ad
3110 1676 3315 1746 Pippini
3342 1677 3483 1746 regis
3516 1678 3807 1748 inaugura-

518 1778 660 1826 tores
686 1770 956 1827 Chronico
984 1771 1295 1841 subiunctos
1320 1774 1628 1840 exhibeant,
1651 1775 1908 1845 quasdam
1931 1786 2107 1830 tamen
2136 1761 2185 1822 B
2215 1768 2434 1834 tionem.
2462 1783 2583 1839 quae
2612 1784 2756 1823 anno
2784 1767 2888 1823 752
2917 1770 3053 1823 facta
3082 1778 3187 1825 est.
3223 1770 3369 1823 Hanc
3395 1771 3551 1839 jussu
3581 1772 3805 1827 Childe-

516 1860 813 1931 praeferunt
840 1874 1014 1929 notas,
1048 1879 1168 1932 qua:
1194 1865 1406 1920 diversa
1436 1880 1557 1921 esse
1586 1880 1750 1936 opera
1774 1868 2018 1923 innuunt.
2050 1867 2106 1922 In

514 1954 601 2011 his
634 1956 964 2013 Boherianus
994 1960 1161 2015 codex
1192 1961 1424 2030 spatium
1449 1961 1666 2031 aliquod
1695 1963 1834 2017 inter
1859 1972 2019 2032 caput
2039 1962 2108 2017 90

514 2057 569 2103 et
597 2050 1001 2106 continuatores
1045 2051 1281 2122 reliquit.
1316 2052 1453 2119 Quin
1493 2061 1547 2107 et
1586 2054 1636 2106 in
1670 2052 1899 2123 capitum
1934 2053 2109 2108 indice

512 2154 621 2195 non
655 2141 806 2210 plura
844 2158 1002 2213 quam
1036 2144 1105 2198 90
1133 2144 1452 2197 indicantur.
1487 2143 1690 2199 Eadem
1723 2144 1882 2198 habet
1910 2144 2107 2198 Frede-

512 2239 643 2307 garii
669 2233 831 2293 editio
858 2251 885 2289 a
916 2235 1235 2305 Marquardo
1264 2234 1501 2291 Frehero
1528 2236 1803 2291 adornata.
1830 2238 2107 2293 Aimoinus

511 2334 667 2403 plura
698 2348 802 2386 non
829 2331 1058 2398 viderat,
1086 2339 1140 2384 ut
1167 2328 1419 2384 observat
1448 2330 1818 2386 Henschenius
1849 2333 1904 2384 in
1930 2330 2106 2386 Vitam

511 2427 681 2480 sancti
720 2425 971 2494 Sigiberti
1001 2433 1146 2478 tomo
1182 2422 1201 2476 l
1244 2422 1561 2489 Februarii,
1603 2423 1695 2477 ubi
1724 2432 1777 2477 et
1807 2424 1988 2477 laudat
2017 2438 2107 2478 co-

514 2517 690 2572 dicem
722 2515 1029 2570 Melchioris
1052 2513 1292 2570 Goldasti
1333 2514 1399 2568 ab
1429 2516 1584 2569 annis
1608 2516 1822 2571 circiter
1843 2516 1948 2572 600
1971 2532 2103 2571 con-

511 2609 802 2677 scriptum,
851 2608 903 2660 in
949 2622 1056 2676 quo
1095 2604 1422 2660 Chronicum
1477 2606 1787 2676 Fredegarii
1842 2609 2106 2676 capitibus

511 2702 727 2756 omnino
756 2699 824 2753 90
853 2697 1213 2766 concluditur,
1246 2699 1491 2768 apposita
1513 2698 1676 2754 etiam
1712 2700 1920 2770 vulgari
1958 2701 2104 2756 clau-

511 2794 631 2850 sula
658 2792 885 2863 explicit,
920 2805 1039 2862 quae
1068 2805 1202 2860 opus
1231 2790 1526 2860 perfectum
1557 2790 1778 2845 indicat.
1812 2789 1943 2846 Aliae
1976 2791 2103 2847 item

508 2894 633 2943 sunt
660 2885 1089 2940 continuatorum
1118 2897 1149 2935 a
1179 2881 1354 2952 primo
1377 2882 1631 2938 Chronici
1659 2884 1920 2953 scriptore
1952 2883 2104 2939 diffe-

508 2975 715 3033 rentiae.
747 2975 1102 3046 Fredegarius
1131 2990 1218 3030 res
1241 2983 1418 3046 gestas
1452 2991 1546 3046 per
1565 2990 1735 3031 annos
1760 2992 1944 3047 regum
1971 2977 2104 3032 Bur—

507 3069 713 3138 gundire
754 3068 1083 3139 digesserat,
1126 3083 1558 3139 unamquamque
1599 3084 1698 3125 suo
1738 3070 1860 3126 loco
1899 3080 1955 3127 et
2001 3086 2101 3127 suo

2210 1861 2400 1916 brandi
2422 1862 2663 1933 ejusdem
2686 1862 2826 1931 regis
2852 1862 3026 1931 patrui
3062 1864 3311 1931 scriptam
3342 1862 3504 1918 fuisse
3541 1863 3649 1931 jam
3693 1879 3805 1918 mo-

2211 1953 2443 2020 nuimus,
2468 1969 2533 2008 ex
2556 1954 2721 2009 veteri
2752 1952 3123 2021 inscriptione,
3150 1953 3291 2009 unde
3313 1954 3473 2009 etiam
3497 1955 3563 2007 ab
3582 1962 3805 2011 aurtore

2210 2047 2400 2114 aequali
2430 2060 2547 2099 eam
2577 2045 2740 2100 fuisse
2768 2056 3039 2100 exaratam
3068 2045 3391 2115 colligimus.
3426 2046 3650 2116 Reliqua
3672 2061 3806 2101 vero

2210 2152 2327 2205 qua:
2353 2146 2648 2207 sequuntur
2675 2137 2740 2191 ad
2772 2136 2983 2206 Pippini
3015 2137 3239 2202 obitum,
3281 2153 3387 2207 quo
3417 2146 3525 2194 tota
3552 2138 3804 2195 collectio

2210 2228 2532 2295 absolvitur,
2572 2228 2722 2299 jussu
2765 2230 3045 2300 Nibelungi
3090 2231 3467 2286 Cbildebrandi
3536 2233 3626 2288 filii
3666 2249 3803 2289 con-

2211 2320 2408 2389 scripta
2436 2320 2600 2374 fuisse
2630 2320 3031 2376 indicateadem
3052 2324 3349 2390 inscriptio.
3386 2328 3465 2377 An
3496 2338 3625 2377 vero
3656 2324 3797 2379 idem

2210 2411 2326 2478 ipse
2356 2410 2427 2464 sit
2452 2420 2660 2477 auctor,
2689 2411 2779 2483 qui
2811 2422 2920 2467 tum
2942 2413 3351 2476 Cbildebrandi,
3375 2423 3486 2467 tum
3515 2414 3797 2485 Nibelungi

2206 2506 2354 2573 jussu
2386 2505 2692 2574 scripserit,
2727 2521 2789 2560 ex
2838 2507 3189 2577 inscriptione
3229 2508 3466 2563 divinare
3496 2525 3601 2564 non
3631 2510 3800 2579 licet,

2211 2610 2309 2650 nec
2339 2597 2541 2651 rescire
2570 2598 2798 2652 multum
2826 2599 3069 2654 interest.
3101 2601 3148 2654 ls
3176 2609 3259 2655 est
3300 2602 3523 2657 forsitan
3551 2602 3681 2671 ipse,
3708 2602 3800 2673 qui

2210 2686 2307 2740 has
2333 2702 2520 2743 omnes
2545 2689 2974 2747 continuationes
3017 2694 3068 2746 in
3108 2709 3270 2748 unum
3313 2710 3507 2764 corpus
3556 2695 3798 2768 redegit,

2207 2780 2457 2847 adjuncta
2496 2796 2564 2837 ex
2602 2782 2779 2838 Gestis
2819 2784 3147 2839 Francorum
3190 2797 3242 2841 et
3272 2788 3552 2859 Anonymo
3592 2789 3796 2861 Diony-

2207 2873 2360 2928 siano
2389 2876 2555 2943 prima
2586 2884 2738 2945 parte
2759 2919 2774 2943 ,
2805 2892 2873 2933 ne
2914 2878 3053 2933 inter
3084 2878 3466 2951 Fredegarium
3511 2892 3565 2938 et
3604 2898 3799 2938 secun-

2207 2965 2334 3020 dum
2364 2967 2793 3024 continuatorem
2825 2969 3005 3025 hiatus
3033 2980 3180 3026 esset
3207 2988 3469 3029 annorum
3504 2976 3717 3046 triginta
3743 2986 3797 3032 et

2208 3075 2423 3117 novem.
2455 3063 2617 3120 Certe
2642 3065 2695 3120 id
2744 3066 2968 3123 innuere
3014 3067 3223 3124 videtur
3268 3084 3410 3139 saepe
3457 3070 3663 3124 laudata
3710 3072 3795 3125 in-

506 3174 749 3232 tcmpore
772 3165 1035 3220 referens.
1065 3165 1162 3217 Ast
1189 3163 1279 3232 qui
1313 3163 1515 3230 primus
1540 3172 1658 3232 post
1687 3173 1846 3233 caput
1873 3165 1939 3216 90
1969 3179 2095 3219 con-

2206 3156 2444 3226 scriptio.
2498 3156 2562 3212 Et
2604 3159 2819 3229 quidem
2849 3176 3038 3217 omnes
3086 3163 3181 3216 has
3208 3162 3585 3218 chronicorum
3618 3172 3797 3231 partes

507 3256 765 3322 tinuevit,
813 3256 1181 3327 compluribus
1211 3256 1448 3325 omissis,
1488 3256 1789 3325 posthabita
1836 3271 2098 3312 annorum

506 3356 557 3402 et
587 3363 771 3418 regum
803 3350 970 3415 serie,
1018 3349 1182 3401 multa
1232 3348 1285 3401 in
1332 3362 1495 3401 unum
1542 3348 1803 3416 congerit.
1845 3347 2097 3417 Sigiberti

505 3448 655 3510 gesta
683 3454 802 3508 qua:
831 3438 1186 3508 [f‘redegarius
1219 3437 1497 3493 inchoarat
1515 3477 1528 3500 ,
1552 3436 1765 3506 penitus
1794 3438 2011 3506 omittit,
2044 3447 2093 3494 et

504 3548 570 3586 ne
598 3545 761 3586 unum
790 3528 1005 3603 quidem
1033 3528 1256 3583 verbum
1286 3527 1354 3583 de
1382 3526 1497 3595 ejus
1525 3527 1673 3581 obitu
1700 3527 1877 3596 habet,
1912 3537 2005 3581 aut
2031 3528 2098 3581 de

506 3623 603 3680 lilii
647 3624 765 3691 ejus
796 3620 1084 3692 Dagoberti
1126 3620 1359 3685 fortuna,
1400 3618 1490 3688 qui
1535 3617 1824 3673 Grimoaldi
1869 3620 2098 3674 factione

503 3716 556 3771 in
587 3716 821 3772 Scotiam
855 3721 1266 3782 transportatus,
1296 3721 1350 3768 et
1399 3722 1584 3781 postea
1610 3728 1640 3767 a
1692 3716 1841 3783 regni
1906 3727 2097 3784 proce-

503 3806 654 3861 ribus
682 3814 986 3871 revocatus,
1031 3818 1254 3873 regnum
1296 3812 1577 3873 paternum
1620 3803 1925 3873 aliquandiu
1957 3804 2097 3859 obti-

504 3904 638 3959 nuit.
666 3902 747 3957 Ad
780 3902 896 3957 haec
921 3916 1181 3955 annorum
1213 3899 1324 3955 fere
1348 3910 1563 3954 centum
1592 3914 1679 3955 res
1707 3909 1891 3971 gestas
1920 3899 2097 3970 magni

503 3996 763 4050 momenti
793 4005 1021 4063 quatuor
1050 4004 1141 4049 aut
1169 3995 1404 4065 quinque
1430 3994 1658 4063 pagellis
1687 3996 1968 4051 conclusit.
1997 3996 2097 4062 Qui

504 4101 635 4141 vero
658 4101 780 4140 eum
809 4087 976 4140 secuti
999 4096 1123 4140 sunt
1153 4086 1243 4140 alii
1264 4088 1683 4153 continuatores,
1709 4089 1799 4157 qui
1824 4103 1921 4143 suo
1943 4089 2097 4158 quis-

505 4193 610 4248 que
640 4179 799 4232 modo
826 4194 913 4233 res
937 4190 1115 4244 gesms
1137 4185 1542 4231 euarravernnt.
1570 4178 1770 4233 Horum
1799 4180 2005 4249 aliquos
2030 4194 2095 4234 ex

503 4274 780 4329 Austrasia
835 4272 997 4325 fuisse
1054 4270 1245 4340 probat
1296 4269 1532 4323 maxima
1588 4270 1641 4323 in
1700 4272 2096 4326 Austrasiorum

503 4378 657 4432 reges
688 4372 740 4417 et
769 4361 1041 4432 principes
1074 4360 1380 4428 propensio.
1421 4357 1664 4425 Denique
1696 4358 1825 4413 nihil
1858 4360 1925 4415 de
1956 4361 2095 4413 Lan-

503 4453 859 4523 gobardorum
892 4461 948 4507 et
976 4450 1295 4532 Gotthprnm
1343 4448 1579 4517 regibus,
1622 4448 1848 4518 aliisque
1889 4449 2096 4503 vicina-

2208 3262 2370 3300 unum
2404 3248 2642 3305 biSlOl‘iiB
2685 3267 2881 3322 corpus
2916 3254 3027 3323 jam
3073 3256 3271 3309 smculo
3317 3271 3456 3309 nono
3498 3258 3798 3313 confecisse

2207 3346 2353 3405 patet
2380 3355 2445 3393 ex
2473 3342 2659 3397 codice
2687 3344 2924 3411 Jurensi,
2957 3361 2987 3399 a
3016 3348 3277 3402 Mannone
3307 3350 3422 3417 ejus
3457 3350 3555 3403 loci
3590 3369 3797 3422 praepo-

2205 3432 2309 3485 sito
2335 3433 2433 3487 sub
2462 3436 2668 3490 exitum
2696 3440 2879 3493 saeculi
2913 3440 3038 3493 noni
3066 3440 3133 3493 ad
3157 3442 3329 3496 sancti
3359 3442 3597 3512 Eugcndi
3623 3448 3796 3516 sepul-

2204 3539 2353 3579 crum
2382 3525 2596 3595 oblato,
2644 3544 2751 3599 quo
2786 3532 2840 3584 in
2871 3532 3056 3587 codice
3088 3532 3141 3587 hi
3174 3549 3361 3589 omnes
3387 3537 3791 3594 continuatores

2203 3614 2361 3670 simul
2382 3615 2554 3685 juncti
2573 3620 2909 3677 exhibentur.
2929 3622 3019 3678 Sic
3034 3625 3195 3678 etiam
3209 3640 3301 3680 eos
3315 3626 3566 3682 exhibent
3579 3616 3683 3684 duo
3700 3631 3791 3685 alii

2203 3712 2442 3777 codices,
2463 3711 2792 3768 Boherianus
2812 3715 3016 3770 scilicet
3032 3718 3248 3786 Optimae
3268 3728 3407 3773 notae
3430 3721 3498 3773 ab
3518 3722 3673 3775 annis
3687 3721 3791 3778 600

2202 3804 2455 3871 scriptus,
2480 3815 2533 3857 et
2554 3804 2687 3859 alter
2704 3820 2912 3873 eorum,
2936 3823 3000 3861 ex
3023 3808 3217 3877 quibus
3237 3808 3479 3865 Canisius
3502 3811 3792 3870 editionem

2204 3912 2353 3954 suam
2384 3897 2687 3953 adornavit.
2721 3899 3042 3955 Chronicum
3077 3911 3253 3957 tamen
3286 3904 3593 3975 Fredegarii
3641 3921 3791 3962 seor-

2203 3988 2302 4043 sim
2333 4002 2363 4042 a
2394 3989 2508 4042 suis
2537 3990 3032 4060 continuatoribus,
3069 3994 3231 4047 immo
3257 4003 3313 4048 et
3341 3995 3576 4065 singulas
3606 4001 3785 4052 conti-

2203 4082 2473 4139 nuationis
2502 4094 2680 4153 partes
2708 4086 2810 4139 sub
2838 4087 2949 4140 suis
2993 4103 3233 4158 quasque
3280 4090 3445 4144 titulis
3492 4090 3790 4161 edidimus,

2203 4192 2269 4231 ne
2297 4186 2374 4232 tot
2396 4186 2673 4233 auctorum
2697 4178 2943 4235 confusio
2970 4178 3259 4237 lectoribus
3283 4185 3553 4253 negotium
3576 4186 3790 4254 aliquod

2202 4268 2512 4325 facesseret.
2548 4271 2801 4326 Ultimam
2834 4289 2964 4327 vero
2996 4285 3222 4342 partem,
3266 4290 3383 4345 quae
3425 4275 3568 4329 nulla
3606 4275 3791 4331 hacte-

2201 4375 2302 4415 nus
2331 4361 2563 4429 capitum
2592 4362 2856 4416 divisione
2884 4364 3131 4418 distincta
3166 4366 3280 4430 fuit,
3304 4365 3356 4418 in
3382 4367 3529 4420 varia
3557 4367 3789 4436 capitula

2202 4452 2273 4506 ob
2300 4453 2584 4522 legentium
2616 4454 2956 4508 commodum
2990 4456 3172 4524 partiri
3206 4458 3379 4511 visum
3410 4466 3509 4512 est.

503 4561 623 4600 rum
661 4544 901 4616 gentium
936 4541 1265 4612 principibus
1296 4540 1514 4605 habent,
1545 4556 1777 4610 quorum
1829 4550 2007 4595 tamen
2039 4555 2098 4597 se
2122 4536 2178 4600 Ι)
2277 4545 2400 4598 146.
2445 4545 2524 4598 Ex
2558 4545 2641 4600 his
2672 4557 2848 4600 autem
2878 4548 3124 4602 omnibus
3155 4562 3273 4613 quae
3300 4548 3552 4617 diximus,
3586 4548 3789 4605 Frede-

501 4640 634 4694 riem
665 4648 719 4693 et
748 4636 1039 4706 insigniora
1072 4634 1209 4688 facta
1241 4632 1445 4689 referre
1476 4633 1683 4689 solebat
1714 4633 2091 4703 Fredegarius.

574 4730 695 4785 115.
730 4729 861 4783 Cum
895 4730 1073 4797 itaque
1112 4737 1360 4782 constare
1401 4727 1624 4793 debeat,
1665 4727 1932 4781 sincerum
1963 4727 2100 4782 Fre-

503 4823 700 4894 degarii
721 4821 1045 4876 Chronicum
1068 4821 1207 4875 ultra
1229 4820 1400 4888 capita
1422 4822 1490 4873 90
1511 4822 1759 4889 protendi
1783 4837 1888 4875 non
1913 4837 2093 4891 posse,

502 4917 673 4971 visum
702 4924 785 4977 est
814 4912 987 4981 ipsum
1023 4916 1120 4968 hac
1149 4914 1200 4966 in
1235 4922 1416 4967 nostra
1458 4913 1691 4967 editione
1719 4929 1747 4966 a
1779 4915 1891 4967 suis
1919 4915 2090 4969 centi-

501 5007 847 5071 nuatoribns,
900 5008 1063 5059 immo
1083 5014 1137 5059 et
1181 5004 1326 5073 ipsos
1373 5005 1774 5060 continuatores
1817 5005 2083 5075 diversos,

502 5101 591 5169 qui
621 5109 776 5155 antea
805 5100 858 5152 in
886 5113 1048 5152 unum
1092 5096 1575 5163 confundebantur,
1621 5098 1688 5150 ab
1731 5098 1958 5153 invicem
2005 5114 2090 5154 se-

503 5202 745 5244 cernere.
774 5188 1016 5255 Quatuor
1045 5188 1097 5241 in
1124 5197 1299 5254 partes
1328 5187 1583 5241 Chronici
1620 5187 1929 5259 Fredegarii
1960 5206 2089 5244 con-

501 5278 849 5333 tinuationem
881 5278 1224 5335 dividendam
1252 5292 1373 5332 esse
1406 5293 1709 5343 censemus,
1755 5280 1897 5347 quod
1940 5290 2088 5349 patet

503 5375 615 5423 tum
643 5383 708 5422 ex
737 5368 857 5435 styli
888 5371 1216 5434 diversitate,
1257 5378 1365 5421 tum
1396 5382 1462 5422 ex
1492 5368 1595 5421 alio
1627 5378 1681 5423 et
1710 5369 1816 5422 alio
1848 5385 1936 5423 res
1965 5386 2083 5438 ges-

502 5470 588 5519 tas
616 5460 900 5516 enarrandi
931 5464 1112 5530 modo,
1143 5464 1307 5517 immo
1345 5471 1397 5516 et
1437 5478 1502 5516 ex
1541 5460 1859 5529 scriptorum
1901 5471 2078 5530 aetate,

504 5568 623 5624 qua:
652 5567 1033 5620 nonnunquam
1074 5554 1359 5607 indicatur.
1404 5551 1535 5606 Pars
1577 5553 1719 5621 prior
1747 5564 1904 5621 caput
1934 5555 1996 5609 91
2029 5562 2085 5609 et

505 5649 743 5718 quinque
790 5647 1064 5717 sequentia
1116 5646 1511 5716 complectitur,
1564 5647 1797 5702 mininue
1846 5648 2082 5701 omnium

508 5738 835 5797 auctoritatis
888 5748 943 5793 ut
973 5746 1096 5804 pote
1124 5752 1243 5805 qua:
1273 5747 1390 5804 post
1421 5738 1552 5795 alias
1594 5750 1768 5807 partes
1799 5737 1974 5794 addita
2005 5738 2088 5791 vi-

2202 4638 2339 4707 garii
2382 4646 2592 4692 aetatem
2632 4639 2884 4709 colligere
2928 4656 3033 4695 non
3080 4641 3367 4696 admodum
3408 4642 3625 4698 diﬂicile
3664 4644 3786 4698 erit.

2201 4728 2334 4783 Cum
2366 4729 2509 4783 enim
2549 4729 2873 4785 Chronicum
2920 4730 3033 4799 ejus
3082 4746 3225 4787 anno
3270 4734 3363 4787 6M
3415 4734 3784 4804 concludatur,

2200 4821 2525 4889 passimque,
2546 4830 2599 4876 et
2628 4821 2961 4889 potissimum
2994 4824 3045 4875 in
3072 4823 3401 4890 praefatione,
3426 4835 3698 4879 asseveret
3722 4840 3788 4882 ea

2198 4926 2318 4980 quae
2349 4912 2591 4966 audierat
2620 4915 2734 4981 ipse
2778 4922 2831 4967 et
2870 4914 3105 4976 viderat,
3139 4924 3229 4968 aut
3254 4926 3399 4970 certe
3428 4915 3668 4983 legerat,
3703 4917 3789 4971 vel

2196 5001 2411 5055 aliunde
2450 5004 2760 5070 certi/Icarus
2806 5014 3128 5073 cognoverat
3175 5021 3234 5061 se
3278 5021 3398 5061 esse
3441 5007 3785 5077 scripturum,

2200 5109 2358 5149 nemo
2389 5105 2471 5150 est
2500 5095 2588 5163 qui
2616 5095 2842 5150 inticiari
2874 5099 3040 5166 possit
3062 5113 3182 5153 eum
3223 5099 3419 5153 saeculo
3450 5101 3679 5168 septimo
3708 5100 3786 5155 la-

2197 5185 2357 5242 bente
2386 5188 2653 5242 ﬂoruisse.
2687 5186 2859 5241 Vitam
2892 5192 3086 5259 quippe
3116 5189 3182 5243 ad
3213 5204 3411 5244 annum
3456 5191 3648 5245 saltem
3680 5192 3786 5246 658

2196 5281 2522 5347 protraxisse
2548 5280 2846 5350 colligimus
2875 5296 2941 5334 ex
2969 5282 3144 5349 capite
3189 5280 3257 5335 48
3283 5321 3299 5346 ,
3353 5281 3442 5335 ubi
3491 5283 3783 5337 Samonem

2193 5372 2474 5439 quemdam
2508 5375 2890 5442 negotiatorem
2922 5372 3185 5425 Francum
3213 5374 3262 5426 in
3286 5372 3552 5428 Sclaviam
3586 5374 3783 5427 abiisse

2196 5475 2455 5517 memorat
2483 5478 2624 5518 anno
2646 5463 2904 5517 Chlolarii
2936 5463 3028 5529 40,
3055 5463 3107 5517 id
3134 5473 3217 5518 est
3246 5480 3370 5519 aera:
3401 5465 3628 5535 vulgaris
3654 5464 3780 5534 635,

2191 5555 2369 5624 ibique
2397 5556 2623 5610 electum
2654 5556 2706 5608 in
2738 5570 2920 5625 regem
2948 5569 3115 5609 annos
3145 5554 3215 5611 55
3244 5555 3560 5625 imperasse.
3592 5557 3666 5612 Ex
3698 5558 3780 5610 his

2193 5659 2352 5702 etiam
2374 5663 2490 5716 qua:
2512 5646 2743 5700 diximus
2765 5645 2832 5701 de
2862 5645 3206 5715 Frcdegario,
3230 5647 3409 5717 colligi
3433 5648 3614 5715 debet,
3638 5646 3777 5701 hunc

2195 5746 2463 5795 auctorem
2500 5737 2761 5804 magnoin
2789 5738 2957 5805 pretio
2977 5737 3114 5806 apud
3145 5737 3287 5793 viros
3320 5739 3561 5796 eruditos
3579 5738 3762 5795 haben-
