4086 6328
314 389 416 448 H3

1668 416 1669 419 η
1734 377 2127 434 PREFATIO.

3468 368 3575 430 114

314 503 461 565 dum,
479 502 535 553 ut
552 502 677 568 pote
696 491 1136 559 vetustissimum,
1154 488 1422 546 oculatum
1434 496 1489 545 et
1513 488 1746 555 unicum,
1764 487 1896 544 deti-
1921 494 1968 550 Α
2000 502 2182 543 coram
2208 487 2393 543 videre
2420 501 2482 543 ac
2509 487 2760 543 evolvere
2789 486 2957 556 licuit,
2987 488 3250 548 beneﬁcio
3274 490 3353 548 CI.
3380 494 3482 551 viri
3506 496 3572 554 D.

312 595 489 650 ciente
514 588 800 658 Gregorio,
832 588 1004 656 gentis
1048 594 1241 640 nostra:
1281 585 1516 639 historiae
1552 586 1892 652 scriptorem.

318 683 470 740 Unde
507 681 552 735 si
597 680 688 748 qui
717 686 958 731 auctores
1002 676 1136 728 forte
1173 682 1478 740 occurrant,
1502 674 1590 743 qui
1613 689 1735 728 eum
1758 687 1895 743 aegre

314 773 587 830 laudatum
615 769 854 834 voluere,
884 767 968 822 vel
996 766 1064 822 de
1105 765 1222 835 ejus
1261 766 1588 820 collectionis
1634 764 1894 832 [rioribus

314 864 468 920 libris
508 858 837 930 intelligendi
878 866 1023 924 sunt,
1070 865 1161 911 aut
1207 865 1354 912 certe
1401 856 1523 926 styli
1574 854 1893 920 barbariem,

319 955 646 1021 modumque
677 966 766 1006 res
793 949 1076 1006 enarrandi
1118 950 1273 1018 plane
1314 948 1611 1013 impolitum
1652 947 1892 1002 attende-

318 1055 462 1109 runt,
496 1044 579 1098 vel
604 1043 833 1109 denique
861 1040 1181 1096 Chronicum
1203 1040 1318 1108 ejus
1341 1040 1406 1092 ad
1432 1038 1641 1108 Pippini
1671 1046 1899 1093 mortem

317 1152 488 1206 usque
518 1135 793 1205 perttgiSs-e
822 1133 1283 1188 existimaverunt.
1346 1131 1556 1184 Etenim
1586 1130 1629 1184 si
1678 1130 1745 1184 de
1791 1131 1902 1183 sin-

317 1242 441 1283 cero
471 1227 585 1295 ejus
610 1225 878 1278 Chronico
907 1236 1117 1294 agatur,
1146 1221 1310 1291 quod,
1344 1233 1403 1275 ut
1431 1222 1797 1292 probavimus,
1824 1220 1903 1275 ul-

318 1331 401 1376 tra
429 1321 663 1376 Flaocati
696 1328 920 1372 mortem
962 1316 1135 1385 capite
1164 1315 1232 1370 90
1270 1315 1493 1370 relatam
1536 1330 1641 1369 non
1684 1324 1899 1382 proten-

320 1417 480 1479 ditur,
515 1429 672 1468 nemo
700 1425 780 1466 esr
812 1412 899 1480 qui
944 1411 1112 1479 ipsum
1157 1409 1383 1478 probare
1426 1423 1529 1462 non
1572 1408 1787 1463 debeat.
1830 1408 1902 1461 lta

317 1494 481 1562 sentit
506 1505 805 1559 Hadrianus
829 1501 1093 1566 Valesius,
1124 1499 1214 1569 qui
1240 1515 1361 1553 cum
1392 1500 1623 1568 primum
1650 1497 1904 1552 Chronici

319 1602 720 1653 continuatures
765 1610 793 1647 a
848 1592 1167 1662 Fredegario
1216 1607 1321 1645 non
1371 1591 1724 1655 distinxisset,
1782 1588 1905 1660 styli

318 1691 433 1762 ejus
462 1690 705 1745 barbarie
746 1686 1003 1753 offensus,
1048 1699 1332 1752 rerumque
1370 1683 1686 1751 scriptarum
1728 1679 1904 1736 brevi-

320 1793 581 1849 tate,eum
605 1796 709 1834 non
732 1780 890 1832 modo
913 1778 1180 1831 indoctum
1205 1776 1586 1845 pronuntiavit,
1604 1775 1695 1828 sed
1719 1777 1902 1839 etiam,

1999 578 2212 633 Boherii
2256 578 2325 633 de
2370 578 2670 645 Saviniaco,
2712 581 2802 649 qui
2853 581 3019 650 patris
3049 590 3102 637 et
3148 583 3233 637 avi
3281 585 3335 639 in
3368 586 3579 645 litteras

1998 670 2198 725 amoris
2217 685 2321 724 non
2348 671 2523 725 minus
2546 685 2702 741 quam
2720 680 3035 727 caaterarum
3063 674 3247 729 dotum
3270 689 3574 744 successor,

1999 776 2119 817 eum
2147 760 2380 815 Parisios
2411 762 2607 831 attulit,
2628 762 2886 831 nobisque
2910 764 3163 820 utendum
3193 768 3576 825 commodavit.

1999 853 2262 920 Tertium,
2293 853 2383 922 qui
2429 854 2481 907 in
2528 854 2849 911 bibliotheca
2881 854 3192 913 Colbertina
3247 872 3579 928 asscrvatur,

2004 944 2067 999 V.
2101 945 2179 1000 Cl.
2213 943 2487 1013 Stephano
2539 944 2756 999 Baluzio
2808 945 3192 1003 humanissime
3244 951 3578 1008 concedente

2002 1037 2329 1105 accepimus.
2350 1038 2606 1101 Quartum
2625 1036 2858 1106 denique
2878 1053 2909 1092 e
2932 1026 3383 1097 Laureshamensi
3406 1045 3581 1098 sancti

2001 1126 2210 1182 Nazarii
2235 1128 2565 1182 monasterio
2602 1126 2655 1180 in
2688 1126 2997 1184 Vaticanam
3025 1131 3401 1188 bibliothecam
3432 1134 3582 1190 dela-

2006 1229 2139 1283 tum,
2162 1234 2281 1272 cum
2301 1218 2459 1273 editis
2479 1219 2706 1274 contulit
2730 1230 2911 1274 noster
2930 1220 3157 1277 domnus
3186 1223 3439 1280 Claudius
3463 1228 3585 1282 Ste-

2006 1313 2315 1381 phanotius,
2346 1312 2644 1366 indefessus
2680 1312 2981 1367 studiorum
3012 1326 3312 1369 nostrorum
3342 1316 3579 1388 adjutor.

2009 1402 2101 1455 His
2139 1402 2413 1457 codicibus
2443 1402 2674 1458 addendi
2702 1402 2806 1456 duo
2835 1419 2901 1459 ex
2932 1405 3123 1474 quibus
3150 1404 3398 1463 Canisius
3434 1423 3583 1465 suam

2008 1494 2366 1560 Tltoromachi,
2398 1505 2453 1549 ut
2492 1506 2666 1563 vocat,
2714 1497 3063 1551 collectionem
3105 1500 3399 1554 historicam
3434 1504 3587 1556 chro-

2008 1589 2374 1658 nographicam
2416 1588 2601 1653 edidit,
2636 1599 2686 1644 et
2720 1590 2907 1645 tertius
2934 1606 2965 1645 e
2997 1590 3235 1645 Palatina
3269 1591 3589 1648 bibliotheca

2008 1696 2037 1734 a
2077 1680 2315 1735 Frehero
2361 1681 2588 1736 collatus
2622 1699 2636 1735 :
2668 1698 2803 1747 quos
2858 1699 3066 1747 omnes,
3109 1699 3172 1739 ac
3208 1686 3472 1740 editiones
3501 1699 3591 1740 va-

2008 1775 2115 1827 rias
2137 1790 2267 1841 quas
2299 1774 2688 1843 consuluimus,
2719 1776 2855 1831 infra
2887 1778 2939 1831 in
2967 1778 3225 1847 peculiari
3246 1778 3423 1834 indice
3446 1778 3591 1833 codi-

318 1882 374 1928 ut
425 1885 546 1943 pate
594 1872 781 1941 linguae
830 1858 1037 1921 Latina?
1079 1866 1519 1936 grammatica’que
1564 1865 1801 1934 ignarum
1846 1880 1907 1917 ac
1937 1864 1982 1924 Β
2010 1880 2129 1919 cum
2162 1866 2587 1921 recensebimus.

321 1967 471 2035 plane
501 1966 773 2019 barbarum
808 1977 963 2030 usque
992 1962 1061 2011 ad
1094 1960 1357 2025 fastidium
1381 1967 1423 2009 et
1447 1957 1706 2010 horrorem
1735 1955 1905 2025 legen-

319 2058 466 2120 tium,
501 2069 722 2109 exosum
757 2051 957 2104 habuit.
991 2051 1058 2103 At
1089 2048 1423 2117 postmodum
1458 2061 1515 2100 re
1540 2046 1793 2100 attentius
1825 2046 1905 2099 in-

319 2156 521 2215 specta.
553 2161 672 2200 cum
698 2143 895 2198 codicis
915 2140 1275 2197 Sirmondiani
1309 2155 1410 2209 ope
1433 2140 1754 2193 Chronicum
1783 2138 1907 2194 Fre

319 2236 521 2307 degarii
552 2238 819 2290 sincerum
849 2250 875 2285 a
898 2234 1107 2288 caeteris
1136 2234 1475 2297 secrevisset,
1501 2234 1551 2285 in
1585 2232 1769 2286 laudes
1793 2241 1902 2284 sta-

322 2333 413 2386 tim
471 2329 771 2399 Fredegarii
822 2329 1037 2397 erupit,
1088 2327 1286 2395 rejecta
1328 2325 1381 2379 in
1417 2326 1676 2392 temporis
1715 2324 1903 2378 vitium

321 2425 551 2476 auctoris
580 2422 632 2475 in
666 2420 896 2475 dicendo
926 2428 979 2474 et
1008 2419 1273 2472 narrando
1301 2417 1563 2493 brevitate
1594 2433 1605 2469 :
1642 2413 1907 2486 Fredega-

320 2518 445 2581 rius,
479 2516 666 2583 inquit,
693 2516 765 2567 ita
802 2524 873 2567 est
902 2512 1152 2567 Historiae
1194 2520 1381 2565 nostra:
1417 2511 1748 2572 necessarius,
1780 2517 1834 2562 ut
1864 2509 1907 2563 si

321 2615 545 2674 tempora
572 2604 821 2658 Chlotarii
849 2605 1083 2671 minoris,
1119 2601 1395 2673 Dugoberti
1440 2617 1499 2653 ac
1544 2599 1819 2654 Chlodovei
1842 2596 1908 2651 II

320 2708 440 2751 nota
466 2697 650 2749 habere
676 2695 925 2759 volumus,
959 2712 1166 2764 prorsus
1200 2710 1260 2748 eo
1300 2709 1471 2747 carere
1505 2709 1608 2746 non
1634 2694 1904 2763 possimus.

320 2787 546 2842 Fatetur
570 2787 694 2840 alibi
722 2788 922 2841 nullum
954 2785 1115 2840 fuisse
1144 2786 1315 2856 gentis
1344 2792 1539 2840 nostra:
1568 2784 1907 2849 historicum,

321 2879 412 2948 qui
440 2879 557 2946 ejus
584 2877 742 2932 verba
784 2892 909 2931 suos
949 2879 1002 2931 in
1043 2878 1456 2932 commentarios
1496 2893 1600 2931 non
1641 2877 1908 2932 retulerit.

323 2971 562 3040 Denique
592 2984 713 3024 cum
744 2971 807 3023 ad
838 2986 1034 3025 annum
1061 2970 1159 3025 641
1193 2971 1243 3023 in
1274 2970 1507 3024 Historia
1538 2983 1718 3024 rerum
1744 2968 1911 3022 Fran-

325 3070 557 3123 cicarum
602 3070 952 3137 pervenisset,
1002 3069 1322 3139 Fredegario
1368 3070 1473 3124 srbi
1503 3069 1787 3124 deﬁciente
1830 3069 1911 3124 sic

325 3165 668 3233 conqueritur
696 3181 709 3217 :
744 3164 1088 3233 Fredegarius
1122 3162 1456 3218 scholasticus
1486 3180 1579 3217 nos
1607 3165 1661 3217 in
1688 3179 1746 3217 eo
1774 3177 1910 3217 anno

2088 1958 2205 2012 M8.
2241 1958 2411 2013 Pauca
2450 1968 2739 2028 supersunt
2769 1972 2886 2030 quae
2915 1960 2981 2015 de
3019 1962 3378 2016 monumentis
3408 1961 3459 2016 in
3487 1963 3592 2031 Ap-

2009 2052 2235 2123 pendice
2262 2054 2327 2106 ad
2362 2052 2517 2120 hujus
2540 2052 2831 2107 voluminis
2859 2054 3059 2108 calcem
3083 2054 3425 2122 superaddita
3447 2054 3593 2109 dica-

2009 2160 2149 2207 mus,
2177 2159 2298 2198 cum
2322 2159 2507 2198 eorum
2530 2144 2769 2199 omnium
2796 2145 2953 2199 index
2991 2160 3088 2199 suo
3117 2147 3235 2201 loco
3260 2144 3587 2215 proferatur.

2010 2237 2085 2290 Ea
2120 2252 2250 2291 vero
2275 2236 2564 2304 selegimus
2593 2252 2659 2291 ex
2702 2239 2925 2291 vetustis
2976 2238 3284 2292 auctoribus
3329 2247 3383 2292 et
3428 2237 3594 2291 variis

2010 2329 2366 2384 Historiarum
2406 2329 2835 2396 collectionibus,
2865 2343 2986 2397 quae
3016 2340 3107 2383 aut
3133 2344 3162 2383 a
3195 2330 3456 2399 Gregorio
3492 2344 3594 2383 no-

2011 2430 2123 2476 stro
2157 2420 2466 2486 laudantur,
2494 2430 2587 2474 aut
2636 2421 2858 2474 multum
2904 2428 3127 2489 prosunt
3176 2420 3243 2473 ad
3288 2434 3448 2490 Opera
3479 2422 3596 2489 ejus

2012 2510 2351 2573 illustranda,
2379 2526 2411 2565 e
2438 2511 2630 2580 quibus
2653 2510 2901 2579 pauciora
2927 2510 3145 2581 quidem
3163 2525 3195 2566 e
3218 2510 3432 2565 mss.de
3456 2522 3597 2565 novo

2012 2612 2162 2665 eruta
2192 2610 2338 2667 sunt,
2363 2601 2455 2656 sed
2490 2603 2747 2671 pleraque
2775 2601 2842 2657 ad
2874 2609 3112 2657 vetustos
3139 2601 3353 2657 codices
3380 2601 3597 2667 collata,

2014 2701 2069 2750 et
2116 2694 2309 2763 passim
2338 2693 2623 2748 emendata
2659 2712 2673 2746 :
2706 2709 2770 2748 ex
2803 2694 2994 2765 quibus
3020 2707 3152 2749 mss.
3191 2708 3329 2749 unus
3358 2701 3442 2748 est
3469 2694 3599 2748 Cor-

2013 2785 2270 2851 beiensis,
2305 2794 2464 2840 aetate
2490 2786 2734 2856 Gregorii
2763 2795 3032 2841 exaratus.
3060 2785 3298 2855 Denique
3324 2784 3600 2854 subjunxi-

2014 2893 2135 2934 mus
2162 2879 2378 2933 brevem
2404 2878 2726 2933 conditionis
2745 2877 3049 2933 monasterii
3076 2877 3241 2931 nostri
3268 2877 3440 2930 sancti
3464 2873 3602 2930 Ger-

2014 2972 2215 3027 mania
2255 2970 2428 3025 Pratis
2462 2970 2763 3035 historiam,
2790 2968 2931 3039 quod
2977 2967 3108 3023 illud
3151 2967 3221 3023 sit
3266 2964 3601 3023 Childeberti

2016 3060 2155 3130 regis
2199 3059 2617 3114 illustrissimum
2654 3059 2866 3128 pietatis
2896 3074 2959 3115 ac
2986 3057 3369 3113 muniﬁcentiae
3408 3071 3602 3112 monu-

2015 3161 2281 3217 mentum,
2329 3150 2383 3205 in
2429 3150 2583 3221 cujus
2611 3151 2829 3231 basilica
2876 3151 2990 3220 ipse
3024 3164 3144 3204 cum
3186 3148 3458 3204 nonnullis
3486 3146 3605 3202 aliis

327 3257 573 3322 destituit,
606 3257 874 3310 historicus
900 3272 991 3327 pro
1019 3266 1169 3325 captu
1214 3255 1425 3309 illorum
1466 3263 1749 3327 temporum
1791 3254 1915 3310 dili-
1944 3250 1990 3314 C
2019 3245 2234 3316 regibus
2262 3244 2593 3312 SCPUIlul’am
2636 3244 2813 3299 habel-
2844 3243 2957 3299 (Eri
2988 3245 3151 3298 etiam
3196 3243 3363 3298 inCidi
3388 3239 3600 3299 θυι-εινί-

328 3366 472 3419 gens,
504 3358 558 3402 ut
586 3358 752 3417 (etate,
785 3350 859 3402 sic
897 3350 1199 3403 auctoritate
1237 3348 1482 3420 Gregorio
1522 3351 1817 3420 proximus,
1863 3358 1912 3404 et

326 3443 381 3497 in
414 3458 598 3511 magna
628 3443 871 3497 bonorum
894 3452 1163 3497 auctorum
1189 3444 1366 3513 inopia
1405 3443 1546 3497 utilis
1585 3459 1647 3497 ac
1684 3459 1914 3497 necessa-

328 3534 459 3600 rius,
487 3550 577 3588 nec
600 3552 955 3605 usquequaque
980 3536 1390 3600 contemnendus,
1422 3539 1568 3606 cujus
1616 3534 1829 3589 brevitas
1867 3543 1915 3590 et

328 3636 513 3683 cratera
546 3635 717 3683 omnia
754 3632 874 3683 vitia
918 3631 1223 3700 temporibus
1260 3629 1504 3700 imputari
1556 3628 1754 3683 debent.
1788 3628 1913 3683 Haec

331 3720 440 3787 ille,
491 3723 575 3776 cui
633 3723 787 3779 facile
840 3725 1174 3780 subscribent
1203 3724 1377 3795 quivis
1433 3735 1674 3781 veterum
1730 3740 1909 3781 rerum

335 3812 711 3870 Francicarum
741 3816 935 3872 sinceri
973 3826 1258 3873 amatores.

404 3905 527 3959 M7.
561 3906 613 3960 In
642 3908 974 3963 emendando
1024 3920 1203 3964 autem
1252 3909 1603 3979 Fredegario,
1636 3908 1912 3965 codicibus

332 3999 706 4065 manuscriptis
739 4001 1074 4067 potissimum
1099 4011 1327 4071 quatuor
1357 4003 1436 4055 usi
1460 4002 1673 4055 fuimus.
1700 4001 1913 4057 Primus

334 4103 399 4142 ex
429 4086 555 4155 illis,
585 4090 751 4143 codex
774 4090 956 4146 Jacobi
981 4092 1252 4146 Sirmondi
1283 4095 1441 4163 vulgo
1468 4093 1785 4162 appellatus,
1818 4094 1915 4147 ho-

333 4182 421 4235 die
453 4184 503 4235 in
534 4183 852 4237 bibliotheca
884 4183 1105 4255 Collegii
1138 4186 1454 4240 Parisieusis
1483 4186 1605 4241 Soc.
1650 4186 1777 4240 Jesu
1810 4184 1916 4238 Lu-

333 4276 507 4330 dovici
538 4277 709 4345 Magni
737 4288 1063 4341 asservatur,
1093 4294 1198 4346 quo
1232 4278 1385 4331 nobis
1412 4293 1507 4346 pro
1534 4292 1630 4331 sua
1670 4277 1916 4331 humani-

333 4378 465 4435 tate,
493 4383 746 4437 quantunt
775 4371 950 4433 libuit,
976 4370 1225 4424 utendum
1262 4371 1503 4439 permisit
1542 4372 1604 4425 R.
1641 4372 1701 4425 Ρ.
1754 4370 1917 4425 Joan-

333 4478 432 4516 nes
477 4462 799 4527 Harduinus,
831 4477 1059 4530 eumque
1100 4472 1156 4517 ut
1206 4472 1329 4532 pote
1368 4465 1599 4518 auctoris
1645 4474 1823 4533 aetate,
1858 4471 1918 4519 ut

331 4569 495 4622 Supra
542 4554 791 4619 diximus,
824 4554 1078 4623 scriptum
1126 4554 1529 4624 diligentissime
1561 4561 1627 4608 de
1651 4557 1820 4609 verho
1849 4555 1915 4609 ad

2018 3352 2139 3393 mus
2166 3336 2376 3392 iconem
2406 3337 2596 3391 tumuli
2627 3336 2999 3408 Fredegundis
3028 3336 3251 3407 reginae,
3284 3342 3445 3405 atque
3472 3332 3607 3388 alias

2018 3430 2174 3486 istius
2202 3431 2305 3485 aevi
2334 3429 2613 3499 reliquias,
2644 3444 2766 3499 quae
2815 3428 3040 3483 multum
3076 3428 3363 3484 conferunt
3389 3427 3457 3482 ad
3486 3426 3607 3483 illu-

2017 3523 2293 3580 Strandam
2321 3537 2505 3579 eorum
2533 3531 2835 3592 temporum
2857 3522 3155 3578 historiam.

2090 3634 2212 3691 M9.
2242 3634 2359 3690 Jam
2392 3633 2604 3690 tandem
2645 3634 2768 3689 ﬁnis
2803 3634 3159 3705 imponendus
3185 3641 3267 3691 est
3296 3633 3606 3689 Praefationi

2018 3738 2240 3799 HOSU'IB,
2301 3731 2528 3784 fortasse
2580 3729 2891 3799 prolixiori;
2926 3736 3086 3800 atque
3131 3727 3443 3784 exhibenda
3489 3728 3611 3783 Vita

2017 3825 2189 3880 sancti
2219 3822 2466 3893 Gregorii
2499 3822 2735 3893 episc0pi
2756 3821 3110 3888 Turonensis,
3144 3823 3347 3891 absque
3373 3820 3612 3875 auctoris

2019 3916 2235 3970 nomine
2259 3916 2369 3985 jam
2396 3914 2563 3980 edita,
2594 3929 2714 3984 qua:
2744 3915 2795 3968 in
2819 3914 3095 3967 nonnullis
3124 3912 3359 3980 antiquis
3401 3909 3607 3965 codici-

2018 4010 2120 4064 bus
2147 4008 2317 4062 Odoni
2351 4006 2528 4060 abbati
2559 4004 2826 4059 tribuitur.
2856 4003 2948 4059 Sic
2969 4003 3114 4057 enim
3141 4001 3194 4057 in
3218 4000 3406 4057 codice
3433 4003 3607 4057 sancti

2018 4100 2187 4167 Sergii
2212 4096 2611 4153 Andecavensis
2632 4096 2961 4162 inscribitur,
2982 4093 3239 4165 Prologus
3264 4094 3441 4149 domi
3465 4094 3608 4148 Odo-

2020 4194 2098 4246 uis
2125 4191 2336 4245 abbatis.
2374 4188 2634 4255 Omnium,
2660 4196 2764 4242 etc.
2790 4185 2985 4256 Incipit
3014 4187 3116 4240 vita
3139 4186 3276 4241 edita
3321 4186 3385 4239 ab
3431 4185 3610 4240 Odone

2020 4285 2217 4339 abbate.
2252 4283 2395 4337 Idem
2438 4281 2490 4335 in
2539 4282 2643 4335 [ine
2686 4281 2966 4350 repetitur.
3017 4279 3168 4334 Hunc
3207 4292 3337 4334 vero
3365 4277 3610 4339 Odonem

2020 4393 2125 4432 Ποιι
2152 4376 2317 4430 alium
2341 4389 2461 4429 esse
2491 4382 2739 4442 putamus
2770 4386 2798 4424 a
2828 4379 3015 4426 sancto
3055 4371 3244 4426 Odone
3265 4370 3606 4425 Cluniacensi

2022 4474 2233 4537 abbate,
2270 4472 2359 4540 qui
2403 4470 2541 4538 apud
2569 4468 2987 4523 Caesarodunum
3016 4466 3289 4522 Turonum
3340 4467 3603 4521 educatus

2023 4581 2086 4622 ac
2114 4566 2203 4620 diu
2227 4574 2600 4627 conversatus,
2647 4560 2805 4623 facile
2831 4561 3021 4615 adduci
3064 4560 3237 4630 potuit
3266 4560 3333 4614 ad
3364 4560 3611 4615 scriben-

333 4646 557 4701 verbum
580 4646 920 4700 contulimus.
957 4648 1259 4701 Secundum
1290 4647 1578 4701 habuimus
1625 4664 1691 4702 ex
1718 4648 1907 4702 biblio-

2024 4660 2145 4714 dam
2174 4660 2344 4714 Vitam
2371 4660 2539 4714 sancti
2562 4658 2839 4723 antistitis,
2866 4657 2977 4726 jam
3010 4666 3135 4710 tunc
3156 4655 3221 4709 ad
3252 4655 3423 4724 pedes
3436 4652 3611 4709 sancti

335 4741 489 4795 theca
533 4738 876 4793 illustrissimi
908 4740 1008 4793 viri
1042 4740 1254 4795 Boherii
1281 4741 1680 4796 in‘Divionensi
1724 4751 1914 4797 senatu

333 4834 578 4905 praesidis
618 4834 843 4887 intulati.
877 4833 1028 4888 Hunc
1069 4835 1306 4890 codicem
1340 4851 1460 4890 cum
1492 4836 1647 4892 editis
1689 4836 1917 4905 primum

332 4927 561 4984 contulit
582 4935 763 4982 noster
795 4925 1021 4981 domnus
1048 4927 1164 4982 Odo
1192 4928 1494 4999 Clergerius
1524 4928 1748 4984 Divione
1773 4929 1915 4999 apud

330 5029 584 5079 sanctum
623 5020 953 5089 Benignum;
985 5020 1079 5078 sed
1109 5030 1295 5091 postea
1341 5023 1631 5091 ipsummet
1673 5022 1916 5080 codicem

2026 4751 2233 4805 Martini
2273 4753 2326 4805 in
2365 4752 2479 4817 ejus
2529 4749 2741 4804 basilica
2786 4746 3003 4817 sepulti,
3034 4760 3193 4816 quam
3237 4760 3303 4800 ex
3349 4744 3593 4815 ejusdem

2027 4841 2269 4912 Gregorii
2298 4840 2511 4910 scriptis
2542 4840 2681 4896 forte
2718 4839 2933 4908 collegit
2962 4836 3273 4908 priusquam
3305 4835 3457 4890 ﬁeret
3487 4846 3608 4887 mo-

2027 4937 2254 5004 nachus,
2287 4949 2409 4989 cum
2432 4933 2608 4989 adhuc
2649 4940 2794 4989 esset
2832 4930 3077 5003 basilicae
3108 4927 3444 4987 Martiniuua‘.
3468 4935 3608 4995 prse-

2026 5034 2218 5082 centor
2240 5034 2293 5082 et
2322 5025 2629 5081 scholarum
2666 5024 2938 5095 Magister.
