4086 6328
595 384 3845 432 W

672 594 1318 805 VITA
1480 592 2411 805 SANCTI
2549 596 3773 816 GBEGOBI'I

1564 991 2082 1163 E‘PISCllPl
2179 994 2880 1159 TURONENSIS

1372 1302 1641 1390 PER
1719 1301 2325 1388 ODONEM
2402 1303 3093 1389 ABBATEM.

1626 1502 2797 1563 ψ-
2892 1544 2895 1545 ν

1872 1679 2583 1857 ἣβτοιοᾳιιῇ.

642 1967 896 2026 Omnium
917 1966 1135 2041 quidem
1160 1973 1469 2022 sanctorum
1487 1966 1609 2037 jure
1631 1966 1889 2021 memoria
1919 1974 2226 2035 veneratur,
2247 1965 2341 2020 sed
2360 1978 2454 2021 eos
2480 1968 2707 2036 primum
2740 1966 2925 2023 ﬁdeles
2955 1966 3329 2033 honorificam,
3348 1968 3438 2038 qui
3462 1966 3551 2022 vel
3580 1967 3836 2030 doctrina,

575 2060 665 2116 vel
694 2062 945 2127 exemplo
971 2060 1185 2115 caeteris
1212 2060 1411 2114 clarius
1435 2059 1711 2115 effulsere.
1742 2059 1907 2113 Porro
1932 2074 2097 2112 unum
2126 2074 2190 2114 ex
2218 2057 2301 2113 his
2328 2060 2539 2113 beatum
2573 2061 2885 2129 Gregorium
2912 2062 3194 2117 Turonicae
3227 2063 3372 2117 sedis
3398 2063 3847 2132 archiepiscopum

572 2152 758 2219 fuisse,
790 2167 1021 2224 eumque
1044 2152 1144 2206 hac
1169 2151 1384 2221 gemina
1415 2150 1540 2205 dote
1564 2150 1964 2219 respleuduisse
1994 2166 2096 2203 nou
2128 2163 2285 2216 parva
2317 2150 2639 2206 documenta
2678 2154 2926 2222 produnt.
2961 2153 3126 2223 Cujus
3154 2154 3405 2208 nimirum
3440 2162 3592 2223 gesta
3636 2152 3715 2205 vel
3747 2164 3847 2217 par-

572 2244 665 2300 tim
699 2247 1003 2301 necessario
1032 2244 1429 2309 describuntur,
1461 2257 1530 2298 ne
1559 2242 1698 2296 fama
1723 2244 1851 2298 tanti
1876 2243 1975 2297 viri
1997 2243 2318 2313 quandoque
2344 2242 2632 2299 dubietatis
2654 2246 2845 2301 nebula
2876 2247 3193 2302 fuscaretur.
3217 2247 3283 2301 Et
3304 2249 3521 2318 quidem
3548 2249 3675 2302 satis
3698 2255 3773 2300 est
3792 2244 3847 2298 ad

571 2334 689 2405 ejus
734 2337 958 2407 gloriam
987 2338 1131 2406 quod
1158 2333 1458 2401 Christum,
1489 2333 1575 2390 cui
1606 2335 1820 2404 placere
1867 2336 2138 2404 quaasivit,
2169 2336 2445 2391 conscium
2479 2337 2640 2392 habet
2670 2338 2721 2391 in
2763 2338 3012 2404 excelso,
3048 2342 3139 2392 sed
3173 2348 3349 2395 tamen
3382 2352 3436 2396 et
3467 2340 3557 2395 hic
3591 2341 3737 2394 nefas
3774 2348 3846 2392 est

570 2430 713 2486 illius
760 2432 947 2488 laudes
972 2442 1169 2497 tacere,
1198 2431 1286 2501 qui
1330 2440 1410 2486 tot
1437 2440 1747 2487 sanctorum
1775 2432 1981 2487 studuit
2010 2431 2194 2487 laudes
2224 2432 2524 2501 propalare.
2551 2431 2681 2500 Quae
2711 2434 2917 2487 scilicet
2949 2432 3143 2489 relatio
3171 2437 3425 2505 quantula
3456 2439 3583 2503 erit,
3625 2452 3721 2491 nec
3746 2436 3847 2503 ejus

570 2523 803 2593 insignia
844 2537 904 2581 ut
933 2536 1056 2580 sunt
1088 2526 1342 2595 proferet,
1374 2526 1627 2595 quoniam
1680 2525 1924 2593 plurimis
1972 2540 2091 2595 quae
2134 2524 2395 2595 opinione.
2418 2526 2666 2582 feruntur
2693 2528 2928 2593 omissis,
2959 2544 3123 2598 pauca
3157 2530 3401 2599 quaedam
3435 2547 3557 2602 quae
3606 2548 3669 2587 ex
3717 2531 3847 2585 libris

573 2618 696 2690 ejus
720 2621 1087 2689 approbantur
1116 2621 1447 2690 attingimus.
1482 2620 1635 2689 Quod
1658 2620 1702 2674 si
1729 2619 1849 2689 quis
1875 2618 2102 2673 Iudaico
2128 2632 2281 2674 more
2309 2618 2460 2687 signa
2492 2608 2781 2687 requirens.
2802 2630 3045 2675 sanctum
3076 2623 3371 2692 quemlibet
3398 2626 3674 2692 signorum
3697 2639 3847 2691 quan-

570 2714 723 2769 titate
750 2717 989 2781 metitur,
1031 2716 1157 2786 quid
1189 2716 1256 2770 de
1286 2716 1438 2771 beata
1466 2714 1562 2770 Dei
1603 2713 1898 2780 Genitrice,
1930 2713 2011 2768 vel
2051 2714 2120 2768 de
2160 2727 2498 2784 praecursore
2542 2714 2749 2769 Joanne
2804 2717 3045 2771 censebit
3077 2718 3132 2771 ll?
3154 2718 3351 2773 Saulus
3383 2721 3563 2789 itaque
3593 2720 3847 2775 discernat

573 2806 717 2876 quod
738 2807 793 2861 in
824 2808 1105 2863 tremendo
1134 2807 1220 2861 die
1265 2806 1445 2861 multis
1494 2806 1582 2875 qui
1617 2807 1766 2876 signa
1812 2804 2059 2861 fecerunt
2085 2805 2410 2875 reprobatis,
2444 2805 2495 2859 hi
2517 2807 2605 2876 qui
2638 2821 2801 2875 opera
2826 2809 3048 2877 justitia:
3074 2812 3263 2866 sectati
3310 2822 3431 2866 sunt
3465 2814 3531 2869 ad
3579 2814 3843 2869 dexteram

571 2898 788 2965 superni
820 2897 1022 2953 Judicis
1048 2897 1149 2952 soli
1178 2896 1517 2966 colligentur.
1550 2895 1663 2951 Non
1697 2896 1869 2965 igitur
1891 2896 2177 2967 praesulem
2207 2904 2451 2951 nostrum
2478 2911 2507 2949 a
2535 2905 2687 2966 gestu
2711 2900 3092 2957 miraculorum
3115 2907 3577 2971 commendamus,
3610 2904 3844 2975 quamvis

569 3000 623 3046 et
649 2993 740 3047 illa
766 3009 875 3050 non
905 2995 1229 3050 omnimodis
1257 2995 1505 3064 deerunt,
1521 2994 1614 3050 sed
1644 2995 1785 3065 quod
1818 2976 1965 3052 mitis
1991 3003 2055 3067 et
2079 2993 2297 3051 humilis
2326 2995 2492 3051 corde
2515 2994 2791 3052 Chrismm
2815 2997 3054 3056 imitatus
3081 3000 3241 3057 fuerit.
3268 3001 3646 3058 demonstrare
3673 3014 3846 3073 aggre-

571 3086 783 3143 diamur
808 3086 859 3143 δ.

634 3246 679 3302 ι.
706 3247 998 3319 Gregorius
1028 3244 1232 3304 Celtico
1257 3248 1550 3305 Galliarum
1581 3257 1754 3304 tractu
1780 3250 1880 3304 fuit
1902 3257 2145 3316 exortus,
2176 3251 2231 3314 Δ
2253 3250 2326 3307 rii
2350 3250 2626 3321 parentela
2649 3251 2997 3321 produxerat,
3018 3256 3132 3309 haec
3162 3262 3456 3319 senatores,
3481 3254 3598 3308 haec
3633 3252 3843 3324 iudices

564 3340 875 3396 Arveruicaa
905 3339 1145 3409 regionis,
1179 3339 1452 3410 indigena,
1483 3350 1631 3410 patre
1660 3343 1952 3408 Florentio,
1985 3352 2156 3399 matre

564 3430 907 3487 Armentaria
936 3439 1267 3499 procreatus.
1297 3433 1365 3487 Et
1391 3434 1441 3488 si
1468 3433 1595 3503 quid
1648 3432 1843 3489 divinae
1872 3438 2155 3504 generosi-

564 3526 656 3578 tati
710 3534 922 3579 terrena
971 3522 1225 3579 conducit
1271 3524 1548 3591 nobilitas,
1584 3535 1833 3595 parentes
1863 3527 1982 3596 ejus
2030 3542 2155 3582 cum

562 3614 722 3671 rebus
751 3612 1064 3682 locupletes,
1094 3622 1203 3681 tum
1231 3631 1445 3687 quoque
1473 3616 1743 3685 natalibus
1783 3618 2052 3681 fulserunt
2078 3620 2146 3673 il-

562 3707 781 3771 lustres.
815 3705 925 3771 Sed
950 3709 1099 3776 quod
1125 3709 1297 3780 pluris
1322 3718 1425 3779 est,
1454 3710 1654 3775 muniis
1678 3711 1875 3771 divinae
1915 3714 2151 3775 servitu-

561 3799 629 3855 tis
655 3799 887 3869 quadam
906 3802 1162 3881 peculiari
1180 3802 1467 3865 devotione
1494 3803 1565 3858 ita
1596 3802 1912 3863 videbantur
1932 3807 2151 3872 annexi,

568 3899 625 3963 ut
653 3892 892 3963 quisquis
919 3908 983 3953 ex
1016 3895 1097 3950 his
1119 3894 1455 3965 irreligiosus
1478 3894 1754 3959 existeret,
1767 3895 1888 3963 jure
1917 3894 2151 3966 degener

562 3993 870 4055 rimaretur,
896 3986 960 4053 ad
985 3985 1129 4055 quod
1158 3986 1508 4061 astruenduni
1551 3985 1807 4057 quiddam
1836 3986 1904 4043 de
1932 3988 2151 4056 pmpin—

559 4076 841 4149 quioribus
864 4076 1193 4143 inseramus.
1229 4080 1411 4149 Itaque
1438 4080 1700 4150 Georgius
1724 4089 1746 4119 ο
1777 4079 2045 4150 quondam
2068 4096 2154 4137 se-

558 4177 717 4239 nator
745 4169 1068 4235 Leucadiam
1099 4169 1255 4229 duxit
1278 4187 1497 4231 uxorem
1520 4173 1669 4237 ;haec
1692 4174 1761 4231 de
1788 4173 1957 4243 stirpe
1982 4174 2152 4239 Vectii

560 4261 787 4334 Epagati
807 4262 1355 4334 descenderat,quem
1385 4264 1645 4327 Eusebius
1674 4265 1728 4318 in
1757 4266 1943 4331 quinto
1969 4266 2142 4331 llile-

560 4356 761 4415 riarum
788 4354 924 4431 libro
949 4355 1192 4425 Lugduni
1221 4370 1457 4424 passum,
1485 4371 1549 4413 ac
1577 4355 1716 4419 inter
1749 4357 1989 4426 reliquos
2022 4366 2151 4421 tunc

563 4448 819 4518 temporis
854 4457 1038 4505 narrat
1064 4447 1354 4520 gloriosius
1382 4449 1750 4519 agonizatum.
1781 4448 1912 4514 Quae
1948 4448 2149 4504 Leoca-

564 4541 652 4597 dia
680 4542 889 4612 peperit
914 4552 1157 4609 sanctum
1184 4542 1394 4598 Gallum
1424 4541 1737 4603 Arvernicae
1767 4540 1910 4595 sedis
1933 4539 2145 4610 episco-

2261 3350 2314 3399 et
2343 3341 2601 3411 quidquid
2631 3342 2700 3396 de
2730 3342 2920 3396 ordine
2954 3343 3327 3410 primariorum
3351 3343 3581 3396 dixerim
3615 3342 3848 3411 profere-

2257 3431 2371 3488 bat.
2400 3431 2458 3489 id
2488 3446 2619 3487 sane
2649 3432 2716 3488 de
2746 3432 3056 3500 parentibus
3082 3433 3281 3486 dictum
3314 3433 3404 3501 sit,
3432 3443 3488 3487 ut
3516 3433 3645 3501 quia
3672 3432 3846 3487 Domi-

2256 3540 2360 3583 nus
2376 3528 2428 3581 in
2450 3528 2797 3597 generatione
2814 3527 2957 3596 justa
2979 3534 3080 3592 est,
3110 3527 3174 3581 ad
3210 3527 3419 3583 laudem
3445 3526 3690 3595 Gregorii
3718 3540 3840 3596 pro-

2258 3618 2424 3684 ﬁciat,
2460 3618 2601 3690 quod
2633 3620 2686 3673 ei
2715 3634 2813 3674 sua
2856 3621 3140 3689 progenies
3193 3619 3348 3673 titulo
3398 3619 3703 3675 sanctitatis
3754 3632 3843 3674 co-

2260 3713 2442 3771 lumna
2462 3714 2707 3769 videatur
2721 3712 2772 3767 ά.
2793 3712 2962 3782 Hujus
2985 3728 3154 3783 genus
3182 3723 3235 3769 et
3262 3714 3487 3784 patriam
3521 3713 3843 3769 Fortunatus

2254 3819 2688 3859 commemorans
2716 3806 2826 3873 (lib.
2860 3821 2978 3871 vin,
3014 3822 3121 3859 car.
3156 3806 3269 3874 17),

2442 3918 2594 3969 Forte
2619 3916 2814 3980 (inquit)
2837 3920 2991 3968 decus
3007 3921 3230 3981 generis,
3244 3919 3601 3969 Turouicensis
3622 3928 3745 3981 apex

2380 3979 2585 4042 Alpibus
2608 3979 2844 4033 Arvernis
2868 3980 3073 4033 veniens
3095 3997 3233 4031 mons
3256 3983 3394 4032 altior
3421 3984 3557 4043 ipsis.

2325 4089 2407 4149 Ad
2429 4099 2655 4146 matrem
2679 4104 2894 4160 quoque
2919 4090 3037 4162 ejus
3067 4091 3182 4158 (lib.
3214 4107 3270 4158 x,
3302 4107 3463 4144 carm.
3485 4089 3602 4161 21),

2381 4204 2518 4254 Felix
2547 4206 2618 4253 his
2642 4207 2832 4255 meritis
2849 4206 2939 4254 sibi
2968 4205 3269 4255 Macchabzea
3296 4205 3371 4255 vel
3396 4205 3526 4264 orbi,

2377 4266 2497 4329 Quae
2518 4275 2708 4329 septem
2730 4270 2911 4328 palmas
2931 4269 3056 4317 eoelo
3073 4269 3342 4316 transmisit
3363 4268 3426 4315 ab
3451 4264 3599 4329 alvo:

2376 4328 2449 4391 In
2471 4327 2666 4391 quoque
2697 4327 2831 4391 prole
2861 4336 3038 4391 potens
3058 4337 3197 4379 recte
3218 4331 3531 4391 Armentaria
3550 4327 3691 4379 felix.

2376 4388 2504 4439 Petti
2527 4388 2651 4438 clira
2680 4390 2763 4438 tiro
2782 4388 2942 4451 geniti
2971 4391 3266 4439 circumdata
3293 4389 3469 4447 fructu,

2500 4452 2584 4501 Est
2607 4451 2692 4503 tibi
2722 4453 2993 4513 Gregorius
3022 4453 3181 4513 p'alma
3202 4465 3381 4501 corona
3405 4465 3577 4503 novus.

2329 4535 2403 4591 ita
2447 4534 2609 4590 nobili
2653 4537 2822 4605 stirpe
2853 4538 3185 4593 nobilissima
3227 4538 3406 4608 proles
3437 4549 3740 4607 emergens,
3778 4536 3833 4585 ut

567 4647 693 4703 pum
721 4643 877 4703 atque
897 4634 1233 4707 Florentium
1246 4634 1409 4715 hujus,
1429 4624 1582 4705 pueri
1604 4635 1927 4707 genitorem.
1948 4633 2024 4695 De
2052 4634 2152 4699 huc
2181 4645 2231 4707 Β
2256 4642 2379 4683 rosa
2406 4629 2649 4698 quietiam
2686 4643 2785 4683 suo
2819 4627 2999 4698 stipite
3028 4628 3251 4699 gratior,
3272 4628 3435 4683 decus
3463 4621 3830 4715 generositatis

568 4738 745 4782 autem
764 4728 1063 4799 Florentio,
1078 4730 1169 4799 sed
1187 4738 1241 4791 et
1261 4729 1327 4785 de
1348 4727 1682 4791 Armentaria
1699 4735 1888 4791 matre,
1911 4726 1979 4781 de
1992 4725 2152 4781 Petro

566 4834 779 4890 quoque
802 4819 965 4881 fratre
994 4820 1249 4895 ejus,,nec
1276 4836 1384 4885 non
1406 4820 1541 4885 etde
1570 4835 1735 4879 uxore
1759 4820 2154 4881 Justinisorore

561 4913 776 4989 ejus,‘ac
800 4912 1007 4969 duabus
1031 4913 1279 4990 neptibus
1297 4913 1565 4977 Heustena
1587 4911 1855 4975 videlicet,
1874 4910 2151 4967 etJustina

568 5004 734 5060 beatae
772 5005 1107 5075 Radegundis
1147 5007 1435 5084 discipula,
1462 5005 1588 5081 libri
1616 5004 1995 5073 miraculorum
2028 5004 2154 5060 talia

566 5093 941 5166 referunt,per
970 5112 1088 5166 quae
1119 5097 1252 5153 ﬁdes
1282 5098 1493 5152 illorum
1518 5105 1572 5151 et
1600 5096 1790 5149 merita
1826 5109 1930 5147 non
1962 5094 2141 5163 exigui

561 5190 818 5243 momenti
852 5189 1015 5245 fuisse
1068 5190 1468 5259 dignoscantur.
1502 5190 1625 5244 Haec
1661 5197 1837 5243 autem
1884 5186 2142 5240 Arvernis

560 5280 691 5353 [Ed.
711 5283 1019 5355 Arveruia],
1043 5301 1163 5355 quae
1187 5302 1350 5355 puero
1377 5285 1602 5355 genialis
1621 5283 1812 5337 humus
1836 5281 1953 5347 fuit,
1980 5280 2144 5336 vehe-

561 5382 773 5429 menter
801 5376 929 5431 olim
961 5388 1119 5446 caput
1141 5379 1425 5440 extulerat,
1454 5379 1527 5432 ita
1551 5386 1608 5432 ut
1636 5375 1977 5432 senatoribus
1998 5373 2146 5427 velut

562 5468 687 5522 urbs
712 5466 937 5535 Tarpeia
964 5466 1059 5540 [lt.
1088 5470 1275 5541 Roma]
1311 5470 1644 5539 praepolleret
1674 5485 1686 5521 :
1719 5468 1787 5521 ab
1809 5467 1891 5521 his
1934 5463 2138 5534 Grego-

644 5641 671 5671 ⁸
692 5627 899 5693 Germ.,
931 5639 1151 5684 censent.
1182 5629 1358 5699 Serg.,
1384 5630 1684 5684 censebitur.
1720 5626 1915 5699 Sanus.

535 5718 544 5748 δ
642 5700 1043 5768 bEd.etCor.,
1089 5697 1512 5755 demonstremus.
1563 5702 1769 5765 Germ.,
1818 5697 2138 5751 demonstra-

536 5818 539 5827 .
561 5787 748 5828 'emus.

2252 4729 2467 4785 auctum
2500 4720 2551 4775 iu
2580 4732 2828 4789 parentes
2851 4720 3067 4783 refudit.
3104 4721 3169 4777 Et
3198 4721 3441 4790 quamvis
3457 4720 3568 4789 jam
3599 4714 3832 4791 mysterii

2252 4813 2505 4883 maiestas
2546 4813 2599 4867 in
2628 4811 2936 4867 nominibus
2967 4827 3075 4867 non
3103 4821 3376 4881 quzeratur
3396 4855 3410 4878 ,
3442 4822 3623 4867 tamen
3648 4811 3752 4872 hic,
3775 4812 3829 4859 υι

2254 4908 2412 4963 rebus
2444 4914 2713 4969 assertum
2739 4915 2847 4973 est,
2876 4905 3166 4974 Gregorius
3212 4906 3543 4973 competenti
3574 4898 3825 4974 praisagio

2252 5001 2579 5065 nominatur.
2600 4999 2687 5067 Sie
2714 5000 2859 5055 enim
2891 4997 3110 5054 Graecus
3131 4998 3436 5066 vigilantem
3472 4998 3723 5068 appellat,
3749 4991 3828 5053 hic

2256 5093 2485 5162 denique
2516 5106 2621 5147 non
2647 5091 2821 5145 solum
2852 5088 3063 5144 tertiam
3088 5089 3343 5156 vigiliam,
3376 5090 3467 5144 sed
3492 5092 3632 5158 quod
3664 5084 3824 5153 majus

2253 5191 2337 5239 est
2361 5183 2673 5247 secundam,
2700 5180 2947 5250 quodque
2977 5180 3250 5237 rarissime
3293 5180 3495 5245 videas,
3529 5174 3820 5235 observavit

2255 5287 2311 5334 et
2334 5278 2557 5348 primam
2587 5294 2598 5328 :
2632 5283 2686 5330 et
2725 5275 2847 5343 quia
2892 5274 3071 5343 iugum
3118 5273 3327 5327 Domini
3358 5274 3425 5327 ab
3468 5266 3818 5328 adolescentia

2253 5373 2502 5442 portavit,
2557 5368 2776 5425 sedebat
2822 5367 2930 5441 [ΑΙ.
2977 5367 3202 5439 sedebit}
3247 5369 3415 5432 solus,
3449 5377 3507 5422 ut
3537 5371 3609 5421 ait
3642 5366 3820 5421 Hiere-

2257 5465 2415 5529 mias,
2442 5462 2528 5517 vel
2555 5470 2701 5517 certe
2740 5475 2908 5529 prope
2948 5460 3248 5514 Martinum.
3283 5460 3349 5515 Ut
3395 5472 3572 5515 autem
3601 5453 3819 5513 mtatulze

2325 5634 2348 5662 ο
2378 5624 2467 5679 Sic
2510 5634 2656 5679 recte
2702 5624 2889 5694 Scrg.;
2949 5624 3019 5677 ita
3076 5625 3220 5679 enim
3268 5624 3545 5679 dicebatur
3583 5612 3815 5692 GregOrii

2248 5709 2401 5765 avus,
2433 5708 2486 5750 et
2519 5706 2601 5749 est
2629 5696 2869 5763 Gregorii
2902 5694 3083 5748 lectio.
3120 5697 3280 5763 Editi,
3313 5695 3610 5765 Gregorius.

2319 5762 2346 5803 ἀ
2379 5764 2584 5831 Germ.,
2616 5767 2751 5829 quod
2772 5782 2935 5822 sua...
2964 5781 3020 5821 eo
3047 5768 3377 5822 coltuminata
3396 5762 3610 5824 videtur.
