4086 6328
329 354 434 413 117

1171 347 1416 405 SANCTI
1453 342 1787 405 GREGOBII
1826 342 2139 405 EPISCOPI
2169 344 2599 404 TURONENSIS
2635 346 2819 406 VITA.

3513 352 3620 409 H8

330 416 502 524 robur.
522 464 760 531 admisit,
784 462 1083 527 litterarum
1109 462 1304 519 studiis
1329 470 1690 533 manetpatur,
1721 462 1778 516 in
1800 469 2007 531 (ιω-Ἀ
2031 473 2203 528 primo
2246 457 2424 516 fumus
2470 460 2652 517 odoris
2680 459 2877 535 [Germ
2913 463 3049 519 odor
3095 463 3251 536 fumi]
3296 464 3347 521 in
3396 467 3620 525 naribus

330 558 435 614 bus
464 554 925 626 equidemstudiis
948 556 1193 624 primitus
1222 555 1322 611 sub
1343 555 1499 612 Gallo
1518 555 1797 624 episcopo,
1825 567 1923 609 suo

332 650 590 719 videlicet
618 657 827 719 patruo,
860 662 1053 703 sensus
1092 648 1235 702 illius
1266 648 1567 705 teneritudo
1593 646 1814 703 coaluit.

406 742 471 797 ll.
504 742 637 797 Cum
666 756 795 810 ergo
830 742 940 811 jam
970 740 1024 795 in
1053 740 1326 797 discendis
1366 750 1611 797 notarum
1644 742 1925 797 characte-

334 834 487 891 ribus
536 844 808 904 ageretur,
837 834 977 889 hunc
1007 834 1188 889 divina
1236 835 1520 904 dispositio
1548 834 1800 889 virtutum
1832 851 1924 888 au-

335 928 520 999 Spiciis
552 927 804 991 initiavit,
821 936 1168 996 sanctamque
1198 928 1313 996 ejus
1341 928 1617 983 infamiam
1647 930 1921 997 signorum

337 1020 651 1077 ostensione
680 1020 1003 1075 nobilitavit.
1039 1021 1169 1075 Nam
1195 1030 1345 1091 pater
1365 1021 1485 1091 ejus
1518 1021 1683 1075 nimia
1719 1022 1924 1076 valetu-

335 1114 460 1169 dine
489 1114 914 1183 comprehensus
962 1114 1156 1169 lectulo
1198 1115 1518 1179 decubahat,
1550 1115 1754 1169 inlimis
1782 1115 1920 1169 ossi—

334 1207 435 1261 bus
475 1206 635 1261 ardor
683 1207 882 1275 furere,
932 1207 1250 1277 podagricus
1295 1207 1486 1261 humor
1519 1208 1648 1261 foris
1694 1207 1923 1263 intume-

334 1316 503 1366 scere,
539 1316 704 1369 vapor
745 1301 928 1357 aridus
957 1317 1049 1356 ora
1096 1316 1386 1372 perurgere
1414 1303 1577 1371 coepit
1607 1344 1620 1366 ,
1652 1316 1774 1357 cum
1802 1302 1922 1371 qui-

336 1394 457 1449 dam
504 1410 671 1464 puero
714 1396 790 1449 vir
821 1410 916 1464 per
948 1397 1208 1449 visionem
1240 1411 1504 1465 apparens
1541 1395 1743 1449 diceret
1777 1412 1789 1448 :
1824 1395 1924 1449 Le-

332 1485 476 1555 gisti,
500 1487 593 1551 ait,
626 1487 814 1541 librum
850 1486 975 1540 Jesu
1016 1487 1193 1541 Nave?
1224 1487 1311 1541 cui
1353 1486 1484 1542 ille:
1520 1487 1687 1554 Nihil,
1725 1487 1919 1556 inquit,

330 1576 473 1630 aliud
519 1578 815 1632 litterarum
850 1586 1045 1647 praeter
1073 1588 1224 1633 notas
1253 1579 1497 1644 attendo,
1524 1594 1747 1648 quarum
1782 1593 1921 1633 nunc

328 1671 589 1727 exercitio
614 1672 940 1728 constrictus
971 1672 1199 1743 affligor.
1224 1673 1356 1727 Nam
1382 1674 1468 1728 hic
1498 1674 1632 1728 liber
1662 1674 1706 1727 si
1728 1676 1796 1727 sit
1828 1689 1921 1743 pe-

331 1766 478 1827 nitus
516 1766 725 1835 ignoro.
755 1766 820 1821 Et
850 1768 937 1822 ille
971 1784 984 1820 :
1019 1768 1187 1831 Vade,
1220 1767 1414 1838 inquit,
1446 1767 1529 1821 fac
1558 1768 1818 1821 hastulam
1852 1782 1917 1821 ex

2029 552 2202 623 patris
2228 555 2459 621 reﬂavit,
2494 557 2739 625 protinus
2765 558 2942 612 omnis
2989 557 3081 613 ille
3128 566 3309 614 tumor
3356 560 3618 631 dolorque

2030 646 2298 702 discessit.
2331 647 2383 701 Si
2417 663 2663 719 magnum
2696 658 2781 704 est
2826 664 2887 704 os
2938 651 3213 707 Zacharias
3248 651 3473 708 Joannis
3503 668 3617 709 me-

2031 736 2138 790 rito
2162 736 2323 792 fuisse
2352 746 2672 803 reseratum,
2706 754 2805 794 nec
2831 741 3101 798 modiorum
3144 742 3325 813 utique
3364 752 3447 799 est
3487 744 3617 799 Flo-

2000 894 2001 897 η
2030 830 2265 887 rentium
2298 845 2403 884 non
2436 832 2624 898 semel,
2645 832 2739 885 sed
2770 831 2852 887 bis
2882 847 2976 903 per
3005 834 3172 889 filium
3196 848 3316 891 esse
3344 842 3613 893 curatum.

2030 920 2322 975 Senserant
2359 937 2422 975 ex
2467 923 2569 977 hoc
2610 924 2769 979 iidem
2806 930 3056 994 parcntes
3084 928 3227 997 quod
3252 918 3459 984 dextro
3489 930 3613 1001 pedi

2030 1013 2309 1082 potissimo
2328 1013 2463 1069 foret
2483 1016 2794 1082 inuixurus;
2823 1033 2923 1075 nec
2946 1021 3190 1089 ignorare
3217 1031 3461 1092 poterant
3487 1024 3615 1092 quin

2029 1107 2176 1161 illum
2209 1108 2389 1173 divina
2416 1109 2698 1178 dispositio
2726 1111 3119 1170 dexterioribus
3147 1115 3343 1171 officiis
3373 1116 3612 1186 aptavis-

2032 1210 2134 1256 set.
2161 1203 2329 1269 Quem
2356 1211 2533 1259 tamen
2565 1221 2670 1259 non
2702 1207 2958 1263 continuo
3011 1210 3375 1278 tetenderunt,
3417 1210 3614 1281 ipsius,

2029 1303 2089 1347 ut
2117 1308 2258 1360 reor,
2293 1310 2572 1351 assensum
2601 1296 2654 1351 in
2702 1299 3051 1367 suscipiendo
3099 1301 3355 1357 clericatu
3391 1311 3616 1377 praesto-

2030 1385 2222 1453 lantes,
2256 1387 2551 1445 litterarum
2604 1398 2782 1445 tamen
2822 1392 3012 1446 Studiis
3053 1393 3339 1449 instantius
3380 1392 3617 1465 applica-

2028 1478 2202 1534 batur.

2099 1572 2165 1626 V.
2194 1573 2384 1630 Adhuc
2412 1574 2590 1646 itaque
2621 1576 2811 1646 laicus,
2837 1585 2953 1633 tam
2998 1595 3164 1636 sensu
3195 1595 3353 1651 quam
3386 1595 3617 1651 corpore
3651 1563 3664 1576 ’

2026 1663 2357 1735 adoleverat,
2377 1683 2496 1723 cum
2521 1669 2701 1723 subito
2727 1671 2777 1724 vi
2808 1671 2969 1727 nimia
2999 1672 3227 1727 febrium
3259 1688 3321 1727 ac
3346 1672 3613 1729 stomachi

2028 1756 2215 1823 pituita
2251 1759 2695 1827 comprehensus,
2728 1763 2892 1833 coepit
2923 1765 3155 1833 graviter
3183 1775 3467 1834 aegrotare,
3495 1766 3616 1821 lan-

331 1857 479 1927 ligno
507 1874 625 1929 qua:
659 1860 828 1927 possit
866 1860 966 1913 hoc
1010 1860 1251 1929 recipere
1299 1875 1513 1925 nomen,
1557 1860 1918 1929 scriptumque
1950 1859 1999 1920 B
2024 1867 2161 1921 guor
2208 1868 2301 1921 per
2350 1855 2468 1910 dies
2512 1856 2909 1926 ingravescere,
2963 1859 3299 1914 medicinalis
3349 1860 3611 1915 industria

329 1966 395 2005 ex
428 1959 730 2009 atramento
785 1953 887 2007 sub
927 1955 1132 2021 paterni
1166 1954 1353 2022 capitis
1387 1954 1553 2009 fulcro
1582 1954 1912 2008 collucahis:

329 2045 471 2115 quod
502 2046 547 2100 si
576 2045 789 2111 feceris,
822 2046 926 2101 erit
952 2048 999 2101 ei
1034 2047 1360 2115 praesidium.
1383 2047 1533 2101 Mane
1563 2046 1727 2116 facto,
1761 2049 1917 2103 matri

328 2135 473 2204 quod
496 2136 703 2192 viderat
734 2136 1017 2193 indicavit:
1049 2148 1293 2193 senserat
1314 2139 1568 2193 nimirum
1595 2141 1763 2195 sancti
1784 2155 1919 2210 puer

330 2227 531 2297 ingenii
563 2245 665 2285 non
698 2244 819 2295 auo,
850 2230 944 2286 sed
989 2230 1173 2285 matris
1194 2230 1414 2300 judicio,
1445 2247 1558 2286 rem
1581 2246 1701 2286 esse.
1726 2247 1918 2301 geren-

331 2323 477 2378 dam.
508 2324 659 2379 Tunc
683 2324 769 2378 illa
795 2325 950 2394 jubet
980 2324 1244 2380 visionem
1272 2324 1515 2393 implere.
1558 2325 1779 2379 Factum
1812 2335 1916 2392 est,

333 2427 390 2474 et
421 2428 567 2487 pater
589 2419 657 2474 de
687 2427 961 2485 momento
990 2420 1276 2473 convaluit.
1309 2418 1451 2485 Quid
1470 2432 1600 2475 sane
1624 2420 1916 2475 rationabi-

330 2509 436 2565 lius
464 2526 622 2581 quam
677 2524 871 2566 nomen
919 2511 1047 2567 Jesu
1095 2512 1180 2569 vel
1213 2512 1413 2581 lignum
1461 2511 1530 2566 ad
1564 2513 1915 2581 reparandam

335 2602 646 2671 sOSpitatem
677 2604 1034 2673 congrueret?

403 2691 491 2746 ill.
518 2694 774 2749 Parentes
824 2695 960 2764 ejus,
993 2704 1051 2750 ut
1080 2711 1271 2753 revera
1301 2697 1512 2754 nobiles
1557 2706 1730 2765 erant,
1778 2708 1831 2754 et
1864 2700 1917 2754 in

330 2783 637 2853 Burgundia
662 2786 838 2843 diffusi
863 2786 1130 2843 latifundii
1164 2804 1524 2859 possessores.
1540 2792 1768 2846 Sanctus
1789 2806 1917 2846 vero

329 2876 591 2943 Nicetius,
626 2878 705 2933 vir
731 2879 891 2935 totius
932 2880 1232 2951 religionis,
1273 2882 1365 2948 qui
1405 2882 1750 2953 Lugdunensi
1781 2898 1919 2953 prae-

330 2979 452 3027 erat
477 2971 708 3039 civitati,
737 2986 855 3026 cum
882 2974 1118 3041 praedicti
1146 2984 1395 3042 parentes
1415 2991 1536 3030 eum
1555 2978 1849 3033 vicinareut
1866 2988 1917 3045 ⁸,

331 3077 556 3133 puerum
592 3063 907 3134 Gregorium
940 3064 1041 3122 sibi
1078 3065 1232 3134 jubet
1272 3066 1460 3123 acciri.
1494 3068 1664 3135 Quem
1700 3079 1920 3124 sanctus

332 3154 415 3210 vir
461 3170 637 3210 coram
694 3158 924 3226 positum
981 3160 1367 3228 aliquantisper
1414 3161 1828 3229 contemplatus,
1866 3169 1921 3215 et

2025 1944 2157 1997 nihil
2186 1947 2465 2014 proficere.
2488 1947 2656 2015 Quem
2686 1959 2909 2018 patruus
2932 1947 3114 2006 Gallus
3146 1952 3454 2023 frequenter
3484 1954 3614 2008 visi-

2022 2036 2188 2101 tabat,
2222 2039 2451 2107 genitrix
2482 2054 2610 2095 vero
2638 2051 2694 2095 ut
2729 2052 2899 2096 mater
2930 2034 3051 2098 eum
3086 2044 3338 2100 lamentis
3368 2028 3613 2118 assidua-

2021 2126 2135 2185 bat.
2167 2128 2272 2184 Sed
2323 2144 2442 2184 cum
2470 2130 2579 2199 jam
2610 2131 2677 2187 de
2710 2132 2945 2188 humano
2972 2135 3173 2190 auxilio
3203 2137 3607 2206 desperaretur,

2022 2221 2236 2283 coalitus
2286 2220 2613 2279 adolescenti
2657 2235 2963 2295 suggestum
2992 2237 3071 2283 est
3100 2228 3243 2298 quod
3282 2240 3341 2283 se
3368 2228 3434 2282 ad
3472 2220 3615 2283 divi-

2022 2329 2150 2368 num
2190 2314 2481 2370 conferret.
2511 2317 2685 2385 Rogat
2708 2318 2872 2388 igitur
2895 2330 2951 2373 ut
2971 2319 3037 2372 ad
3067 2320 3375 2388 sepulcrum
3407 2321 3466 2376 S.
3495 2321 3609 2375 llli-

2021 2408 2120 2473 dii,
2153 2418 2268 2465 erat
2313 2411 2454 2465 enim
2493 2411 2663 2478 juxta,
2694 2413 2892 2481 portari
2930 2412 3173 2469 deberet.
3205 2413 3307 2468 Sed
3340 2415 3387 2468 ei
3420 2428 3608 2482 parum

2022 2501 2242 2571 profuit,
2275 2506 2395 2573 quia
2428 2518 2588 2558 causa
2615 2504 2960 2560 diﬁ‘erebatur
2982 2522 3100 2577 quae
3132 2522 3224 2576 per
3248 2507 3376 2561 illud
3406 2508 3609 2561 ineoru-

2022 2595 2239 2651 modum
2282 2598 2644 2666 quaerebatur.
2682 2598 2834 2653 Domi
2862 2610 3167 2669 reportatus
3198 2604 3268 2655 ita
3299 2600 3463 2669 coepit
3492 2609 3612 2670 post

2020 2689 2300 2758 paululum
2324 2691 2664 2757 tormentari,
2698 2701 2756 2745 nt
2784 2702 3065 2760 putaretur
3090 2693 3157 2747 ad
3179 2692 3379 2747 exitum
3400 2684 3609 2767 urgeri.

2023 2778 2253 2835 Vexatio
2278 2782 2495 2837 tandem
2522 2782 2646 2839 fecit.
2665 2796 2882 2837 causam
2910 2783 3155 2855 intelligi,
3181 2786 3493 2839 consolatur
3515 2799 3610 2839 eos

2020 2874 2114 2943 qui
2163 2888 2223 2929 se
2267 2874 2489 2941 ﬂebant,
2525 2875 2753 2930 dicens:
2788 2875 2867 2930 Ad
2912 2877 3214 2945 sepulcrum
3263 2878 3403 2932 beati
3446 2876 3609 2931 lllidii

2019 2981 2111 3022 me
2130 2969 2303 3024 semel
2323 2968 2502 3023 adhuc
2529 2969 2763 3035 deferte;
2802 2969 2933 3023 fides
2958 2985 3073 3023 mea
3103 2978 3206 3037 est,
3238 2971 3381 3038 quod
3404 2980 3457 3024 et
3480 2972 3607 3023 mihi

2023 3061 2338 3130 sospitatem
2381 3071 2436 3117 et
2484 3063 2631 3117 vobis
2679 3077 2803 3116 mox
2850 3062 3123 3131 praestabit
3170 3063 3429 3117 laetitiam.
3464 3062 3614 3119 Tunc

2021 3168 2154 3211 vero
2203 3155 2313 3209 illic
2365 3154 2698 3225 deportatus,
2731 3170 2864 3211 voce
2895 3171 2998 3223 qua
3039 3164 3253 3225 poterat
3306 3156 3605 3212 orationem

333 3246 520 3303 nescio
540 3249 669 3319 quid
697 3249 932 3305 divinum
965 3251 1017 3303 in
1049 3265 1114 3305 eo
1142 3260 1556 3317 commentatus,
1587 3252 1747 3321 jussit
1775 3254 1914 3307 hunc
1943 3242 1993 3307 ρ
2024 3247 2177 3312 fudit,
2210 3247 2484 3317 spondens
2518 3248 2641 3316 quia
2672 3248 2716 3301 si
2752 3249 2818 3302 ab
2850 3248 2949 3302 hoc
2976 3250 3229 3319 contagio
3259 3248 3606 3317 liberaretur,

333 3340 407 3403 ad
432 3356 511 3409 se,
540 3342 755 3410 jacebat
780 3344 923 3398 enim
953 3344 1004 3397 in
1034 3343 1249 3408 lectulo,
1282 3344 1487 3399 levari:
1520 3359 1582 3399 ac
1612 3345 1755 3400 velut
1776 3343 1804 3383 ιι
1831 3362 1923 3415 pa-

334 3434 503 3491 radisi
546 3436 771 3497 colonus
820 3440 1102 3493 concivem
1152 3439 1255 3493 sibi
1308 3440 1539 3493 futurum
1573 3441 1919 3510 praesagiens,

334 3525 479 3581 ulnis
510 3528 787 3584 astrictum
830 3530 995 3599 carpit
1018 3528 1327 3598 confovere,
1359 3546 1483 3586 cum
1512 3531 1751 3600 quidem,
1782 3530 1923 3598 quod

334 3618 668 3685 reticendum
700 3635 809 3679 non
854 3630 955 3685 est,
998 3622 1070 3675 ita
1101 3622 1332 3677 collobio
1364 3636 1425 3677 se
1457 3630 1624 3676 totum
1659 3622 1919 3688 contexit,

336 3718 395 3766 ut
423 3726 519 3775 nec
548 3714 773 3769 summis
803 3713 983 3784 digitis
1031 3729 1255 3784 puerum
1289 3714 1342 3769 in
1387 3714 1532 3769 nudo
1563 3714 1918 3781 contingeret.

337 3802 452 3859 Hoc
479 3820 610 3863 sane
644 3806 907 3862 castitatis
949 3809 1253 3878 exemplum
1309 3808 1478 3865 isdem
1533 3824 1663 3878 puer
1712 3810 1923 3864 adultus

334 3894 673 3957 auditoribus
702 3897 814 3952 suis
842 3897 1155 3967 frequenter
1178 3901 1473 3969 ingerebat,
1490 3916 1556 3954 ex
1576 3900 1674 3955 hac
1700 3902 1921 3970 perfecti

337 3985 573 4045 hominis
600 3990 808 4047 cautela
836 3992 1069 4047 suadens
1099 4005 1191 4047 eos
1213 3992 1491 4062 colligere,
1517 4002 1773 4062 quantum
1817 3994 1923 4047 fra-

337 4079 471 4151 giles
499 4080 702 4152 quique
722 4082 953 4139 debeant
974 4084 1173 4153 leporis
1211 4093 1441 4139 attactus
1471 4084 1644 4140 vitare
1677 4096 1723 4139 ε.
1764 4086 1925 4142 Bene-

337 4173 473 4237 dixit
501 4191 628 4246 ergo
672 4192 922 4247 puerum,
963 4185 1017 4245 et
1054 4177 1381 4248 imprecatus
1411 4179 1487 4233 illi
1525 4192 1778 4248 prospera
1809 4179 1924 4234 suis

339 4266 548 4321 remisit
572 4282 718 4324 eum.

408 4359 497 4415 IV.
532 4361 755 4418 Biennio
803 4375 932 4418 vero
964 4370 1087 4431 post
1129 4361 1445 4417 miraculum
1497 4362 1639 4431 quod
1681 4362 1919 4419 diximus

336 4449 507 4509 ferme
555 4464 766 4523 exacto,
795 4456 904 4525 jam
940 4464 1269 4510 memoratus
1326 4454 1632 4511 Florentius
1677 4457 1915 4511 recidivo

337 4543 640 4614 languore.d
680 4554 963 4617 captatur:
996 4547 1305 4603 accenditur
1336 4546 1521 4617 febris,
1557 4551 1920 4605 intumescunt

2026 3341 2309 3396 clericatus
2340 3340 2581 3395 habitum
2603 3341 2880 3411 suscipere
2910 3357 3011 3396 nec
3040 3357 3260 3411 prorsus
3288 3353 3611 3398 moraretur.

2028 3436 2267 3501 Dixerat,
2303 3443 2359 3490 et
2402 3436 2571 3490 sensit
2627 3437 2871 3504 protinus
2917 3436 3199 3492 discedere
3249 3437 3472 3501 febrem,
3503 3445 3554 3491 et
3584 3451 3614 3493 a

2028 3530 2248 3582 naribus
2273 3527 2389 3596 ejus
2419 3528 2572 3596 copia
2604 3522 2883 3597 sanguinis
2909 3526 3203 3593 defluente,
3226 3528 3302 3582 sic
3323 3530 3497 3581 omnis
3522 3520 3614 3582 illa

2030 3621 2278 3677 valetudo
2310 3622 2596 3690 disparuit,
2635 3636 2698 3675 ac
2725 3623 2767 3676 si
2800 3623 3008 3691 legatus
3037 3621 3254 3692 quidam
3287 3637 3345 3677 re
3374 3636 3469 3692 pro
3510 3635 3615 3691 qua

2027 3722 2248 3770 venerat
2298 3715 2541 3780 obtenta,
2594 3713 2874 3770 discedere
2926 3704 3251 3771 festinaret:
3286 3720 3357 3769 ita
3405 3710 3615 3770 cumam

2026 3806 2299 3876 deposuit,
2350 3818 2403 3862 et
2453 3822 2511 3861 se
2557 3806 2755 3861 divinis
2810 3807 3082 3877 obsequiis
3130 3822 3199 3864 ex
3248 3816 3362 3863 toto
3406 3806 3615 3863 manci-

2026 3900 2186 3967 pavit.

2106 3990 2189 4053 Vl.
2218 3989 2350 4048 Cum
2395 4006 2521 4047 vero
2550 4002 2769 4046 sanctus
2805 3994 2989 4045 Gallus
3026 3992 3090 4044 ad
3117 3990 3397 4045 emeritam
3442 3990 3614 4044 beatze

2028 4083 2157 4137 vitae
2205 4096 2459 4139 coronam
2504 4092 2807 4147 vocaretur,
2837 4083 2918 4136 vir
2950 4082 3159 4135 Domini
3208 4081 3393 4136 Avitus
3433 4066 3615 4138 adole—

2026 4182 2262 4233 scentetn
2296 4174 2550 4242 suscepit,
2583 4174 2675 4244 qui
2702 4190 2822 4229 cum
2845 4175 2961 4244 ejus
2990 4175 3259 4246 ingenium
3296 4157 3617 4247 morumque

2028 4264 2396 4321 habitudinem
2435 4267 2843 4336 exploratisset,
2878 4270 3253 4340 magistrorum
3281 4271 3615 4341 diligentiam

2028 4357 2291 4426 adhibuit,
2321 4370 2371 4414 θ’
2420 4370 2616 4425 quanta
2650 4362 2733 4418 vel
2778 4362 2944 4431 ipsius
2996 4354 3277 4428 industria,
3309 4364 3393 4419 vel
3422 4379 3610 4419 eorum

2027 4454 2284 4510 sedulitas
2311 4456 2594 4511 velocitate
2626 4466 2850 4527 poterat,
2882 4460 2946 4511 ad
2979 4472 3155 4513 arcem
3183 4457 3459 4529 sapientiae
3488 4473 3614 4528 pros

2027 4545 2191 4601 vexit.
2218 4546 2341 4601 Haec
2373 4548 2421 4600 in
2456 4548 2572 4603 Vita
2612 4547 2819 4617 prmfati
2847 4547 3005 4603 lllidii
3036 4549 3290 4617 reperies.
3316 4549 3485 4603 Porro
3524 4564 3618 4602 au-

335 4638 522 4708 pedes,
555 4638 707 4694 dolor
733 4640 998 4707 pessimus
1030 4640 1192 4709 pedes
1230 4640 1524 4711 intorquet;
1564 4643 1916 4711 perendinata
1949 4625 2003 4689 Ι)
2031 4643 2137 4699 tem
2167 4637 2223 4691 in
2263 4637 2535 4693 discendis
2564 4639 2859 4694 litterarum
2901 4640 3093 4695 studiis
3116 4655 3178 4695 ea
3205 4655 3263 4695 se
3288 4639 3615 4695 discretione

336 4731 503 4799 pestis
553 4730 825 4787 hominem
872 4732 1216 4795 contriverat,
1244 4731 1357 4801 jam
1392 4748 1529 4802 pene
1578 4735 1926 4790 conclavatus

331 4818 567 4889 iacebat.
602 4821 805 4889 Interea
855 4837 987 4893 puer
1018 4824 1149 4878 vidit
1182 4824 1376 4878 iterum
1410 4827 1461 4879 in
1492 4840 1682 4881 somno
1730 4842 1919 4897 perso-

334 4927 611 4979 namsese
656 4923 903 4972 utrumne
950 4916 1146 4971 librum
1181 4916 1361 4972 Tobiae
1403 4919 1671 4989 cognitum
1703 4919 1924 4978 haberet

335 5003 777 5079 interrogantem.
832 5007 1128 5077 ReSpondit
1171 5024 1183 5060 :
1235 5007 1605 5079 Nequaquam.
1648 5010 1749 5075 Qui
1802 5012 1919 5068 ait:

335 5095 563 5153 Noveris
594 5098 735 5159 hunc
779 5099 944 5155 fuisse
970 5114 1201 5167 caecum,
1227 5109 1389 5170 atque
1424 5116 1516 5169 per
1540 5101 1707 5156 filium
1741 5117 1805 5158 ex
1844 5103 1925 5171 je-

334 5202 462 5257 core
493 5189 653 5261 piscis
684 5190 874 5260 angelo
897 5191 1189 5245 comitante
1219 5202 1463 5246 curatum
1494 5209 1505 5245 :
1542 5200 1598 5247 tu
1643 5194 1804 5260 igitur
1840 5195 1927 5249 fac

335 5282 609 5355 similiter,
638 5292 693 5355 et
719 5282 1009 5355 salvabitur
1054 5284 1265 5354 genitor
1296 5294 1438 5343 tuus.
1466 5284 1592 5339 Haec
1640 5284 1733 5340 ille
1766 5288 1925 5349 matri

336 5372 521 5449 retulit
556 5391 567 5425 :
599 5388 716 5444 gnte
747 5374 1030 5441 confestim
1080 5387 1278 5443 pueros
1309 5374 1374 5427 ad
1415 5388 1628 5428 amnem
1679 5374 1874 5431 direxit
1906 5393 1923 5431 ε

336 5461 499 5535 piscis
530 5469 755 5543 capitur,
778 5484 895 5534 quae
924 5468 990 5522 de
1021 5466 1139 5537 ejus
1166 5466 1305 5527 extis
1325 5465 1473 5535 jussa
1499 5465 1711 5522 fuerant
1737 5471 1924 5538 prunis

338 5558 703 5630 imponuntur.
737 5560 854 5616 Non
904 5558 1094 5635 fefellit
1124 5559 1336 5625 virtutis
1393 5568 1640 5628 eventus,
1670 5571 1728 5616 ut
1776 5565 1925 5623 enim.

474 5725 682 5792 Gertn.,
705 5728 835 5796 ejus.
861 5726 1035 5795 Serg.,
1065 5724 1109 5781 ei
1130 5724 1495 5780 vicinaremur.

472 5796 649 5866 Serg.,
676 5793 741 5849 ad
765 5814 817 5849 se
845 5793 1100 5853 accedere.
1132 5796 1326 5851 iacebat
1352 5798 1487 5852 enim
1518 5794 1570 5851 in
1602 5793 1811 5863 lectulo,
1836 5811 1921 5851 ve-

344 5868 489 5924 ω...
516 5883 830 5940 prmagans.

2035 4731 2292 4798 exercuit,
2337 4742 2395 4787 ut
2419 4742 2644 4802 utraque
2689 4733 2959 4788 nimietate
2988 4726 3209 4788 careret
3242 4750 3255 4786 :
3288 4748 3387 4788 nec
3434 4724 3618 4804 poeta-‘-

2034 4840 2152 4881 rum
2184 4828 2385 4882 manias
2408 4842 2473 4883 ex
2504 4836 2617 4882 toto
2647 4829 2912 4894 horreret,
2937 4843 3036 4883 nec
3057 4837 3330 4895 tamen,ut
3350 4831 3616 4899 plerisque

2035 4937 2152 4977 mos
2196 4935 2298 4991 esr,
2331 4923 2396 4977 iis
2442 4923 2776 4977 indecentius
2833 4922 3066 4989 haerens,
3114 4939 3296 4979 earum
3349 4918 3616 4977 lenocinio

2036 5025 2216 5070 mente
2251 5015 2615 5071 ancillaretur.
2648 5015 2796 5069 Fecit
2836 5016 2979 5070 enim
3013 5016 3151 5084 quod
3180 5013 3410 5079 suffecit,
3444 5006 3615 5066 aciem

2035 5108 2213 5162 cordis
2242 5108 2404 5162 veluti
2412 5107 2489 5193 ἑά
2520 5107 2801 5176 quamdam
2833 5117 3005 5162 cotem
3039 5106 3267 5171 exacuit,
3287 5112 3337 5158 et
3370 5104 3438 5157 ita
3462 5102 3618 5173 quasi

2034 5196 2101 5265 ab
2134 5198 2397 5268 {Egyptiis
2430 5213 2550 5252 vasa
2584 5213 2741 5253 aurea
2789 5208 3157 5267 promutnans,
3191 5205 3244 5249 et
3274 5194 3340 5248 ad
3372 5208 3611 5248 eremutn

2035 5307 2137 5360 qua
2165 5292 2305 5363 imas.
2331 5288 2458 5363 quo]
2486 5307 2678 5346 manna
2708 5293 3017 5347 comederet
3046 5287 3372 5357 demigrans,
3406 5288 3459 5340 in
3487 5301 3613 5356 per-

2033 5384 2335 5439 scrutaudis
2362 5386 2667 5439 divinarum
2702 5385 3094 5453 Scripturarum
3139 5379 3497 5449 potentatibus
3528 5380 3623 5433 in»

2031 5475 2210 5533 travit.
2233 5475 2385 5544 Quod
2416 5477 2526 5541 ipse
2549 5477 2617 5531 de
2644 5490 2703 5529 se
2735 5475 2960 5541 loquens
2990 5471 3223 5528 ostendit
3248 5470 3471 5525 dicens:
3497 5469 3614 5524 Non

2032 5581 2131 5638 ego
2159 5568 2376 5624 Saturni
2402 5570 2600 5638 fugam,
2634 5583 2741 5621 non
2762 5566 2988 5622 Junonis
3009 5566 3166 5632 iram,
3186 5580 3292 5621 non
3323 5565 3469 5621 Jovis
3498 5571 3608 5618 stu-

2108 5738 2130 5766 ο
2164 5728 2289 5794 Ed.,
2314 5728 2527 5780 debeant
2554 5732 2717 5778 tactus
2740 5726 2914 5780 vitare.

2103 5796 2129 5833 ά
2160 5797 2264 5853 Alii
2292 5812 2445 5862 mss.,
2480 5796 2721 5852 rediuiua.
2754 5797 3115 5866 Ed.,redivivo
3141 5796 3318 5852 dolore
3345 5800 3601 5867 captatus.
