4086 6328
530 299 630 363 Ηθ

1424 306 1667 366 SANCTI
1702 302 2031 364 GBEGORII
2076 302 2385 365 EPISCOPI
2422 305 2853 368 TURONENSIS

3718 313 3819 371 120

530 440 625 495 pra
653 436 1038 489 commemoro.
1068 430 1118 481 et
1138 431 1328 481 caetera
1357 434 1613 489 monstra,
1649 438 1770 494 quae
1806 424 1921 481 illic
1943 437 2099 481 secu-
2127 424 2181 481 A
2207 423 2388 478 itidem
2420 424 2644 493 languor
2671 424 2917 480 invaluit.
2949 425 3053 482 Sed
3099 438 3197 481 nec
3240 433 3367 483 tunc
3406 426 3653 484 omnino
3698 433 3819 500 cogi

531 529 614 573 tus
642 517 875 574 adnectit
900 533 1068 589 usque
1087 518 1212 573 dum
1243 518 1469 574 diceret:
1494 518 1618 573 Haec
1649 519 1824 573 omnia
1850 528 2101 589 tanquam

531 611 639 665 cito
668 612 869 667 ruitura
897 611 1217 680 despiciens,
1252 611 1317 665 ad
1371 611 1546 666 divina
1595 612 1765 680 potius
1786 622 1843 669 et
1868 629 2106 683 evange-

534 704 635 758 lica
665 712 1058 770 revertar;non
1087 705 1228 759 enim
1249 705 1330 760 vel
1354 706 1541 760 vinciri
1564 707 1720 776 cupio
1747 708 1880 763 meis
1902 710 2103 767 retibus

530 795 612 851 vel
664 797 886 853 involvi.
922 797 977 852 in
1007 814 1111 869 quo
1152 813 1211 854 se
1239 798 1475 855 ostendit
1517 800 1633 855 haec
1662 800 1830 857 scisse
1861 803 2101 873 quidem,

527 886 621 942 sed
650 888 851 943 saniori
878 887 1079 958 judicio
1112 892 1403 960 respuisse.

604 978 715 1032 VII.
747 980 1006 1050 Tempore
1038 984 1335 1047 praestituto
1380 983 1638 1040 diaconus
1680 985 1959 1043 ordinatus
1997 997 2100 1045 est.

526 1070 599 1126 Ea
622 1078 935 1141 tempestate
951 1076 1296 1144 eratqnitlam
1323 1076 1403 1131 vir
1417 1079 1763 1147 Arvernicus,
1780 1084 1871 1151 qui
1901 1084 2097 1153 lignum

526 1160 595 1216 de
620 1173 960 1218 sacrosancto
991 1165 1131 1221 beati
1161 1167 1369 1223 Martini
1412 1172 1659 1239 sepulcro
1688 1172 1975 1246 detulerat,
2007 1177 2103 1233 sed

525 1271 644 1310 cum
698 1256 826 1326 ligni
885 1261 1241 1315 reverentiam
1289 1264 1532 1319 incautus
1581 1268 1893 1337 negligeret,
1928 1272 2104 1328 omnis

522 1348 639 1418 ejus
679 1348 879 1405 familia
931 1353 1164 1422 graviter
1207 1367 1468 1427 aegrotare
1496 1362 1834 1431 cmpit.Cnm
1874 1366 2103 1422 subinde

526 1443 748 1513 languor
792 1447 1210 1517 ingravesceret,
1246 1458 1303 1506 et
1351 1452 1441 1509 ille
1485 1470 1700 1511 causam
1737 1459 2099 1527 percussionis

527 1535 779 1603 ignorans
828 1538 1003 1593 minus
1032 1554 1091 1595 se
1120 1543 1449 1609 emendaret,
1484 1547 1614 1602 vidit
1645 1550 1698 1604 in
1726 1550 1938 1606 somnio
1984 1566 2104 1620 per-

523 1639 709 1680 sonam
736 1628 1049 1697 terribilem,
1065 1648 1160 1688 cur
1180 1648 1361 1689 secum
1384 1640 1453 1691 ita
1475 1647 1726 1709 ageretur
1748 1654 2099 1711 percunctan-

525 1725 653 1772 tem.
685 1720 937 1787 Quicum
977 1738 1035 1779 se
1078 1728 1285 1783 nescire
1331 1728 1534 1784 diceret
1574 1749 1585 1783 :
1619 1731 1865 1803 Lignum,
1908 1734 2095 1804 inquit,

2210 517 2379 587 potuit
2405 519 2530 587 quin
2563 520 2628 573 ad
2659 522 2983 590 propositam
3024 520 3235 575 Martini
3273 520 3537 577 ﬁduciam
3579 523 3818 579 festina-

2207 621 2309 680 ret,
2328 613 2543 669 nomine
2563 612 2755 668 divinaa
2772 615 3065 684 majestatis
3092 614 3469 671 dehortatores
3490 616 3815 683 obtestans,

2208 710 2268 756 ut
2296 704 2376 758 vel
2401 703 2699 767 vivum,ve|
2731 713 2875 759 certe
2907 703 3013 776 [ΑΙ.
3039 702 3200 777 forte]
3231 704 3559 761 defunctum
3594 721 3658 761 se
3688 715 3817 762 ante

2208 796 2326 866 ejus
2354 798 2655 866 sepulcrum
2676 806 3025 866 exponerent.
3050 797 3184 863 Quid
3218 798 3405 865 plura?
3432 800 3706 868 pervenit
3734 808 3816 853 ut-

2207 889 2691 958 cumque,probata
2718 888 2845 943 fides
2876 900 3105 959 sperata:
3136 889 3325 945 salutis
3354 904 3594 959 compos
3618 889 3812 946 effecta

2206 989 2311 1036 est.
2340 980 2405 1034 Et
2430 995 2534 1035 non
2565 981 2737 1034 solum
2785 980 2895 1045 ille,
2926 981 3020 1035 sed
3067 990 3121 1037 et
3149 983 3534 1037 Armentarius
3585 984 3814 1053 quidam

2209 1088 2274 1129 ex
2305 1073 2419 1142 ejus
2450 1074 2685 1139 clericis,
2719 1074 2806 1143 qui
2850 1088 3008 1127 sensu
3040 1076 3250 1143 penitus
3281 1083 3573 1141 caruerat,
3616 1078 3817 1129 merito

2209 1164 2478 1235 praedicta:
2505 1164 2627 1219 ﬁdei
2658 1176 2876 1219 sanatus
2903 1176 3007 1223 est.
3043 1168 3220 1237 Agens
3251 1167 3430 1235 itaque
3458 1177 3578 1221 tam
3628 1181 3729 1235 pro
3759 1181 3817 1221 se

2209 1273 2370 1329 quam
2396 1274 2490 1329 pro
2521 1259 2612 1313 illo
2639 1259 2860 1328 gratias,
2892 1273 3073 1313 amore
3116 1259 3323 1312 Martini
3354 1258 3697 1325 exsatiatus,
3732 1258 3815 1314 vel

2209 1350 2387 1420 potius
2409 1350 2573 1417 magis
2604 1364 2913 1414 succensus,
2945 1349 3009 1403 ad
3040 1352 3262 1417 patriam
3293 1350 3480 1405 rediit.

2278 1442 2369 1497 IX.
2412 1440 2709 1510 Aliquando
2737 1456 2865 1496 vero
2891 1456 3011 1495 cum
3043 1443 3141 1495 iter
3170 1442 3236 1496 de
3267 1441 3588 1510 Burgundia
3622 1440 3693 1495 ad
3718 1442 3817 1496 Ar-

2208 1553 2423 1594 vernem
2458 1539 2682 1602 faceret,
2710 1552 2897 1607 magna
2923 1547 3102 1592 contra
3129 1551 3188 1591 se
3210 1548 3508 1607 tempestas
3536 1540 3813 1605 exoritur,

2209 1632 2407 1687 densus
2433 1646 2525 1685 aer
2554 1632 2605 1685 in
2639 1631 2869 1685 nubibus
2902 1632 3129 1700 cogitur,
3165 1633 3366 1687 crebris
3414 1633 3651 1702 ignibus
3707 1649 3816 1690 ca}-

2208 1722 2315 1777 lum
2346 1723 2566 1788 micare,
2601 1722 2898 1790 validisque
2927 1723 3282 1775 tonitruorum
3309 1724 3477 1792 cmpit
3505 1724 3819 1793 fragoribus

525 1810 666 1881 quod
695 1813 762 1867 de
802 1815 996 1871 lectulo
1039 1818 1223 1873 domni
1272 1820 1481 1876 Martini
1535 1824 1722 1889 tulisti,
1770 1828 2100 1896 negligenter

2207 1831 2481 1882 resonare,
2510 1830 2697 1870 omnes
2729 1814 3043 1883 pallescere,
3080 1816 3477 1885 imminensque
3509 1819 3816 1885 periculum

524 1908 612 1962 hic
651 1908 870 1975 retines,
903 1921 956 1965 et
986 1912 1104 1967 ideo
1150 1912 1262 1967 haec
1301 1913 1607 1982 incurristi;
1649 1919 1744 1973 sed
1774 1921 1910 1975 vade
1940 1938 2098 1989 nunc,

524 1999 674 2055 defer
704 2002 833 2057 illud
879 2003 1136 2077 Gregorio
1186 2004 1430 2061 diacono.
1462 2007 1661 2079 Dignus
1705 2011 1838 2081 jam,
1869 2022 1926 2068 ut
1952 2031 2101 2084 reor,

522 2085 666 2144 idem
709 2091 891 2147 Levita
932 2094 1276 2164 ﬁgurabatur,
1308 2098 1390 2151 cui
1442 2098 1666 2155 domnus
1716 2102 1816 2158 iste
1843 2103 2103 2161 Martinus

526 2184 759 2251 pretiosa
807 2202 1034 2257 qumque
1080 2189 1163 2243 sui
1212 2190 1386 2258 gregis
1415 2202 1560 2248 esset
1606 2197 2097 2253 commendaturus.

531 2274 681 2333 Tunc
728 2284 982 2348 temporis
1024 2283 1164 2350 apud
1195 2283 1490 2341 Arvernum
1533 2287 1773 2357 plerique
1822 2292 1873 2345 in
1920 2292 2103 2349 habitu

528 2370 800 2441 religionis
826 2373 925 2427 viri
952 2375 1240 2445 fulgebant,
1258 2392 1396 2448 quos
1426 2380 1566 2434 idem
1585 2381 1801 2449 juvenis
1816 2400 1958 2439 nunc
1980 2400 2101 2441 cum

521 2461 679 2518 beato
726 2466 903 2534 Avito,
936 2482 1077 2523 nunc
1118 2470 1363 2525 semotim
1414 2471 1696 2541 invisebat,
1726 2487 1994 2545 quatenus
2036 2480 2104 2534 ab

524 2552 606 2609 eis
641 2555 726 2610 vel
757 2558 1002 2628 exempla
1052 2559 1262 2629 pietatis
1308 2576 1625 2632 assumeret,
1680 2567 1765 2621 vel
1800 2568 1930 2638 ipsis
1962 2571 2103 2639 quod

523 2644 663 2702 forte
689 2647 874 2704 deerat
912 2660 1095 2707 mutua
1125 2654 1383 2714 cbaritate
1421 2666 1721 2729 praestaret.
1753 2659 2015 2715 Nimirum
2049 2662 2103 2718 in

522 2741 589 2797 iis
619 2740 890 2799 Christum
919 2746 1150 2815 colebat,
1180 2758 1233 2805 et
1264 2752 1426 2807 veluti
1454 2754 1583 2807 solis
1609 2754 1771 2824 jubar
1800 2755 1851 2809 in
1900 2755 2103 2812 vertice

520 2834 786 2889 montium
817 2835 1172 2909 refulgentem
1197 2840 1324 2914 [Ed.
1359 2842 1674 2915 refulgens],
1709 2845 1761 2900 in
1792 2846 1856 2901 iis
1887 2846 2101 2901 interim

521 2924 649 2981 dum
694 2936 747 2983 ln
783 2930 962 2994 seipso
1008 2933 1175 2989 videri
1228 2951 1334 2990 non
1380 2947 1576 3008 potest,
1606 2939 1877 2995 Christum
1926 2940 2102 3010 respi-

523 3015 719 3072 ciebat.
749 3016 831 3074 Ad
877 3019 981 3077 hoc
1009 3025 1243 3080 animum
1279 3027 1584 3098 intendens,
1638 3032 1725 3086 vel
1770 3032 1837 3086 ad
1888 3032 2098 3088 laudem

521 3106 721 3166 Christi
746 3112 1005 3181 proferret
1022 3118 1277 3188 quidquid
1307 3135 1403 3190 per
1429 3137 1542 3188 eos,
1562 3124 1647 3179 vel
1671 3124 1831 3179 etiam
1855 3140 1949 3193 per
1978 3125 2099 3181 illos

519 3202 609 3270 qui
628 3203 738 3272 jam
768 3206 910 3262 coelo
940 3220 1344 3279 praecesserant,
1374 3216 1584 3284 operari
1617 3215 1956 3285 dignabatur.

592 3293 728 3351 Vill.
757 3294 899 3354 Sane
949 3300 1087 3355 inter
1132 3311 1357 3358 caeteros
1409 3306 1461 3360 in
1509 3306 1723 3375 quibus,
1758 3320 1816 3364 ut
1844 3308 2100 3380 diximus,

520 3382 766 3441 Christus
789 3389 931 3444 velut
963 3390 1016 3445 in
1042 3395 1308 3449 montibus
1337 3397 1732 3467 resplendebat,
1764 3401 2020 3460 domuum
2044 3415 2100 3461 et

521 3476 815 3546 gloriosum
848 3480 1132 3537 Martinum
1158 3485 1606 3555 deprehenderat,
1632 3492 1720 3562 qui
1745 3493 1983 3564 reliquos
2011 3513 2101 3553 ve-

519 3571 601 3628 lut
640 3573 856 3643 quidam
886 3578 1144 3649 Olympus
1191 3582 1421 3647 excedit,
1464 3591 1518 3639 et
1547 3582 1864 3644 luculentius
1894 3597 1949 3643 ut
1977 3600 2102 3660 pote

519 3664 710 3720 aetheri
744 3667 971 3724 vicinior
1017 3670 1311 3744 fulgoribus
1343 3675 1455 3743 ipsa
1485 3687 1628 3732 astra
1678 3680 2014 3750 reverberat,
2042 3684 2095 3739 in

520 3758 674 3829 cujus
704 3760 886 3833 utique
914 3768 1257 3822 veneratione
1287 3778 1425 3824 totus
1455 3772 1599 3827 orbis
1621 3775 1811 3830 merito
1832 3775 1943 3845 jam
1975 3778 2103 3834 olim

518 3853 784 3925 conjurat,
803 3856 857 3912 in
872 3858 1029 3928 hujus
1061 3860 1323 3919 desiderio
1347 3864 1631 3935 Gregorius
1647 3871 1911 3927 exardens
1938 3872 2102 3928 infer-

522 3943 639 4001 buit
673 3956 720 4002 ⁸.
755 3948 905 4005 Hunc
954 3969 1166 4023 semper
1196 3956 1248 4008 in
1278 3956 1459 4023 corde,
1491 3959 1632 4016 hunc
1676 3962 1729 4017 in
1761 3980 1855 4020 ore
1883 3978 2097 4033 gerens,

520 4038 734 4097 laudem
759 4043 874 4112 ejus
896 4044 1091 4115 ubique
1108 4048 1408 4118 spargebat.
1434 4050 1567 4107 Dum
1595 4070 1719 4110 vero
1740 4058 1933 4113 mentis
1962 4057 2100 4130 (Sic)

478 4144 481 4149 '
530 4133 597 4188 ad
621 4136 839 4191 nimium
856 4137 909 4191 in
934 4141 1191 4195 exercitio
1218 4142 1469 4200 virtutum
1490 4146 1768 4218 deligeret,
1792 4165 1920 4205 caro
1937 4152 2052 4221 ejus
2072 4168 2103 4208 a

525 4228 759 4296 propriis
788 4228 989 4286 viribus
1016 4231 1332 4302 lacessebat,
1366 4235 1435 4290 ita
1465 4238 1665 4308 quippe
1694 4255 1811 4295 mos
1832 4250 1936 4295 est.
1967 4241 2102 4297 Hinc

523 4321 767 4389 estquod
803 4322 988 4378 Daniel
1021 4334 1298 4395 postquam
1326 4329 1583 4399 angelicae
1617 4331 1837 4387 visionis
1861 4340 2104 4387 contem-

523 4408 761 4478 platione
804 4412 1004 4469 levatus
1033 4424 1133 4481 est,
1185 4432 1215 4471 a
1265 4419 1440 4475 carnis
1478 4420 1671 4477 virtute
1715 4422 1971 4479 deﬁciens
2008 4440 2103 4494 per

518 4500 717 4557 multos
764 4503 877 4560 dies
913 4507 1208 4577 mgrotavit.
1258 4509 1355 4566 Hic
1411 4512 1590 4583 itaque
1616 4513 1899 4570 virtutibus
1938 4516 2102 4587 profi-

2206 1911 2463 1980 pavitare.
2498 1908 2601 1963 Sed
2632 1908 2922 1978 Gregorius
2952 1907 3319 1977 animmquior,
3363 1924 3693 1965 sanetorum
3729 1927 3814 1965 re-

2206 2002 2396 2072 liquias
2427 2002 2546 2073 (has
2574 2002 2717 2055 enim
2746 2000 3114 2055 indesinenter
3138 2002 3279 2055 collo
3309 2002 3549 2074 ferebat)
3582 2005 3655 2057 de
3698 2004 3815 2058 sinu

2207 2094 2499 2165 protrahit,
2530 2102 2583 2148 et
2613 2093 2907 2147 minacibus
2934 2102 3244 2148 constanter
3275 2093 3514 2148 nubibus
3542 2097 3812 2163 Opponit:

2207 2203 2325 2258 qua:
2355 2189 2595 2258 pretinus
2625 2188 2827 2253 divisae,
2864 2188 3047 2241 dextra
3097 2189 3335 2257 la-vaque
3380 2198 3812 2258 praetereuntes,

2206 2280 2430 2335 illesum
2462 2280 2563 2335 iter
2600 2280 2963 2353 gradientibus
2996 2282 3361 2351 praebuerunt.
3394 2282 3467 2334 At
3513 2281 3813 2349 superbia,

2207 2389 2325 2444 quae
2369 2375 2682 2445 plerumque
2723 2374 3005 2429 virtutibus
3056 2375 3309 2440 nutritur,
3360 2375 3599 2446 juvenili
3632 2376 3814 2428 animo

2209 2465 2455 2535 protinus
2487 2464 2728 2535 irrepsit;
2762 2465 3007 2535 privatim
3040 2466 3270 2534 gaudet,
3314 2466 3543 2535 suisque
3599 2464 3811 2520 meritis

2209 2557 2505 2625 praestitum
2536 2566 2768 2630 arrogat.
2800 2558 2904 2613 Sed
2953 2558 3077 2627 quid
3127 2567 3234 2613 tam
3268 2559 3501 2613 vicinum
3538 2558 3813 2629 superbia:

2208 2665 2367 2720 quam
2398 2665 2553 2705 casus
2586 2668 2598 2703 :
2640 2666 2762 2705 nam
2791 2666 2957 2721 equus
2984 2651 3071 2705 cui
3117 2651 3389 2706 insederat
3419 2652 3570 2706 illico
3601 2653 3808 2720 lapsus,

2209 2742 2353 2798 hunc
2382 2743 2447 2797 ad
2481 2752 2677 2798 terram
2722 2746 2956 2813 graviter
2982 2746 3156 2812 elisit,
3190 2746 3258 2799 ita
3288 2756 3345 2799 ut
3374 2746 3525 2800 omni
3572 2758 3811 2814 corpore

2209 2842 2462 2890 contusus
2512 2836 2711 2908 [Germ.
2745 2835 3058 2907 concussus]
3110 2836 3197 2890 vix
3242 2851 3521 2906 assurgere
3577 2844 3807 2907 posset:

2210 2943 2532 3000 causamque
2560 2930 2727 2984 ruinae
2752 2930 3075 2998 intelligens,
3104 2931 3233 2985 satis
3258 2931 3512 3000 deinceps
3541 2932 3712 2996 cavit,
3747 2942 3811 2984 ne

2210 3036 2271 3077 se
2301 3036 2449 3075 vanae
2476 3022 2659 3090 gloriae
2688 3023 2913 3077 stimulis
2945 3023 3184 3093 qualibet
3212 3024 3311 3078 sub
3340 3026 3632 3081 occasione
3664 3023 3803 3091 deji-

2210 3121 2404 3168 ceret:
2438 3113 2531 3168 sed
2576 3116 2822 3184 quotiens
2852 3130 2947 3185 per
2978 3130 3101 3171 eum
3144 3116 3343 3185 aliquid
3393 3116 3577 3170 divina
3637 3117 3809 3172 virtus

2125 3191 2177 3257 Ο
2211 3205 2445 3276 egisset,
2478 3220 2583 3261 non
2627 3207 2737 3261 suis
2769 3208 2972 3261 meritis
3003 3209 3331 3272 ascriberet,
3364 3209 3456 3263 sed
3493 3210 3688 3264 virtuti
3720 3225 3808 3265 re-

2204 3302 2494 3373 liquiarum
2518 3342 2532 3367 ,
2566 3317 2717 3371 quas,
2747 3310 2806 3355 ut
2832 3302 3082 3366 diximus,
3116 3300 3333 3367 perinde
3378 3300 3613 3354 ferebat.
3649 3302 3811 3370 Quod

2209 3394 2406 3452 factum
2447 3395 2491 3451 si
2521 3395 2843 3458 decreveris,
2876 3392 3171 3447 mirabilius
3206 3399 3290 3447 est
3332 3391 3651 3460 superbiam
3684 3409 3809 3450 cor-

2206 3488 2416 3545 rexisse
2440 3501 2599 3556 quam
2630 3484 2823 3539 nubem
2855 3482 3122 3537 divisisse.

2278 3578 2349 3634 Χ.
2390 3579 2519 3634 Erat
2547 3586 2725 3631 autem
2755 3576 2807 3630 in
2839 3573 3169 3630 orationibus
3196 3582 3462 3641 assuetus,
3494 3578 3803 3643 prmsertim

2208 3669 2401 3741 quietis
2450 3668 2616 3722 horis.
2649 3666 2971 3722 Solemuitas
3001 3666 3170 3721 beatae
3215 3667 3395 3722 Mariae
3439 3666 3680 3736 Virginis
3712 3670 3804 3723 ad-

2206 3768 2463 3827 venerat,
2494 3758 2753 3828 siquidem
2800 3758 2939 3828 apud
2973 3761 3264 3814 Arvernem
3312 3759 3365 3813 in
3410 3760 3539 3814 villa
3576 3761 3802 3816 Marem-

2205 3856 2353 3910 ccnsi
2376 3851 2492 3922 ejus
2516 3852 2753 3920 reliquiae
2774 3851 3135 3907 continentur.
3162 3850 3312 3906 Tunc
3335 3853 3472 3906 forte
3499 3852 3799 3923 Gregorius

2206 3950 2489 4013 intererat,
2525 3945 2617 4016 qui
2658 3946 2865 4001 caeteris
2894 3947 3004 4001 alto
3047 3959 3242 4015 sopore
3288 3945 3580 4016 depressis,
3609 3946 3678 3999 ad
3709 3960 3798 3999 se-

2206 4048 2408 4095 cretam
2441 4038 2740 4094 orationem
2774 4054 2869 4093 suo
2897 4054 3045 4093 more
3075 4037 3372 4107 processit,
3421 4040 3796 4108 conspicatus-

2206 4147 2311 4204 que
2340 4133 2551 4188 eminus
2578 4131 2720 4187 videt
2745 4132 3038 4186 oratorium
3068 4131 3269 4202 ingenti
3296 4132 3535 4187 claritate
3567 4130 3792 4202 fulgere.

2207 4225 2391 4281 Credit
2422 4227 2586 4296 igitur
2618 4224 2823 4296 aliquos
2853 4223 3165 4279 devotorum
3194 4225 3303 4293 jam
3331 4239 3388 4278 se
3414 4224 3480 4295 ad
3510 4225 3793 4279 celebran-

2209 4319 2303 4373 das
2326 4319 2538 4389 vigilias
2570 4318 2931 4386 praacessisse,
2962 4317 3169 4371 visione
3201 4326 3379 4372 tamen
3413 4316 3633 4371 luminis
3660 4324 3796 4369 atto-

2209 4410 2350 4467 nitus
2376 4411 2467 4465 illo
2489 4410 2793 4482 pertendit,
2817 4418 3007 4464 cuncta
3035 4410 3248 4464 silentio
3274 4408 3396 4463 data
3420 4406 3790 4477 deprehendit.

2210 4505 2291 4560 Ad
2335 4504 2588 4559 aedituum
2635 4500 2967 4567 transmisit,
2994 4500 3087 4555 sed
3119 4499 3332 4555 interim
3363 4502 3559 4555 ostium
3605 4504 3794 4569 sponte

524 4591 691 4658 Ciens.
724 4595 817 4650 Sed
860 4597 1059 4652 viribus
1113 4602 1357 4670 corporis
1406 4570 1760 4670 intabescens,
1811 4570 2097 4677 aliquando
2127 4570 2183 4632 Β
2207 4606 2511 4663 reseratur;
2540 4595 2631 4651 ille
2668 4595 2733 4649 ad
2775 4594 3047 4664 angelicas
3075 4594 3327 4651 excubias
3370 4603 3685 4650 reverenter
3714 4592 3792 4644 in-

519 4687 879 4743 valetudinem
934 4705 1054 4746 cum
1083 4692 1228 4749 febre
1257 4705 1309 4749 et
1348 4697 1572 4764 pustulis
1620 4698 1921 4754 incurrerat
1954 4719 1965 4755 :
1994 4717 2097 4772 qua

522 4780 736 4835 tandem
768 4782 838 4837 ita
865 4785 1140 4842 confectus
1174 4798 1276 4855 est,
1322 4798 1378 4843 ut
1420 4807 1516 4845 usu
1563 4791 1665 4845 cibi
1696 4804 1955 4863 potusque
1999 4812 2097 4852 ne-

518 4881 662 4942 gato,
695 4889 909 4931 omnem
934 4878 1061 4932 vita:
1092 4879 1249 4950 hujus
1275 4895 1421 4951 spem
1453 4883 1901 4939 amiserit.Unum
1922 4894 2098 4945 tamen

521 4977 797 5038 supererat
817 4970 959 5039 quod
989 4973 1104 5040 ejus
1131 4972 1322 5028 ﬁducia
1346 4974 1570 5029 Martino
1594 4976 1772 5031 innixa
1792 4979 2098 5037 nullatenus

522 5060 827 5117 vacillabat.
860 5063 1163 5130 Quinimmo
1186 5063 1479 5120 ferventius
1502 5068 1751 5157 ﬂagran‘s,
1792 5078 1941 5126 tanto
1957 5072 2101 5142 ejus-

520 5153 643 5210 dem
658 5157 866 5213 Martini
886 5160 1153 5216 desiderio
1168 5176 1458 5217 succensus
1471 5172 1571 5227 est,
1592 5173 1646 5219 ut
1662 5153 1782 5221 cum
1805 5184 1948 5225 mors
1965 5186 2102 5241 pene

524 5257 687 5315 caput
713 5250 790 5305 illi
814 5254 1115 5319 emerserit,
1154 5255 1219 5308 ad
1252 5254 1529 5309 visendum
1564 5254 1739 5313 tamen
1770 5261 1889 5329 ejus
1917 5264 2102 5333 sepul-

520 5358 675 5398 crum
700 5346 803 5401 iter
837 5350 1073 5419 arripere
1104 5365 1207 5403 non
1235 5348 1583 5417 dubitaverit,
1607 5369 1705 5410 nec
1732 5370 1853 5410 eum
1885 5358 1968 5411 sui
2008 5358 2104 5413 de-

522 5433 724 5492 hortari
757 5452 990 5509 possent,
1020 5458 1141 5495 cum
1173 5442 1368 5497 obnixe
1400 5445 1676 5513 restiterit,
1711 5450 1831 5517 quia
1859 5452 2100 5521 corporis

522 5524 611 5578 illa
643 5526 804 5582 febris
839 5527 988 5584 febre
1017 5530 1327 5585 vincebatur
1354 5534 1573 5589 amoris.
1602 5534 1669 5589 Et
1698 5537 1913 5605 quidem
1962 5539 2098 5597 actis

522 5614 725 5673 duabus
772 5621 854 5675 vel
903 5621 1071 5676 tribus
1118 5622 1507 5693 mansionibus,
1553 5626 1761 5684 itineris
1812 5632 2097 5689 occasione

595 5802 621 5832 α
657 5798 749 5853 ch
776 5797 969 5857 desinit
997 5802 1111 5859 Vita
1140 5804 1191 5861 in
1220 5806 1408 5865 codice
1428 5808 1839 5871 Cormartcensi.

2208 4704 2425 4761 gressus
2452 4688 2686 4743 divinam
2710 4687 3065 4743 visitationem
3094 4688 3237 4743 illico
3263 4688 3479 4758 agnovit
3508 4704 3519 4739 :
3555 4687 3789 4750 claritas,

2208 4799 2371 4855 quam
2399 4798 2429 4837 a
2462 4782 2592 4837 foris
2613 4781 2926 4847 mirabatur,
2960 4783 3204 4852 protinus
3233 4781 3517 4848 discessit,
3552 4779 3788 4848 nihilque

2206 4884 2402 4946 praeter
2424 4876 2674 4929 virtutem
2699 4874 2944 4945 gloriosae
2970 4874 3199 4943 Virginis
3229 4874 3412 4929 videre
3433 4873 3460 4912 δ
3491 4873 3682 4944 potuit.

2283 4976 2372 5031 XI.
2415 4973 2569 5030 Anno
2618 4980 2910 5031 centesimo
2953 4976 3348 5045 septuagesimo
3393 4977 3630 5031 secundo
3674 4978 3788 5044 post

2210 5069 2489 5127 transitum
2520 5069 2699 5123 domni
2731 5070 2972 5133 Martini,
3001 5069 3271 5140 Sigiberto
3301 5086 3427 5140 rege
3475 5086 3619 5125 anno
3662 5068 3788 5123 duo-

2208 5165 2419 5221 decimo
2442 5174 2716 5233 regnante,
2749 5164 2935 5219 beatus
2959 5162 3268 5231 Eufronins,
3292 5163 3384 5234 qui
3407 5165 3546 5219 inter
3570 5164 3785 5218 virtutes

2208 5271 2597 5314 consenescens
2649 5265 2791 5311 tanta
2836 5258 3001 5328 gratia
3050 5257 3277 5311 donatus
3324 5265 3439 5323 est,
3476 5266 3532 5310 ut
3564 5271 3613 5312 et
3664 5266 3783 5324 pro-

2209 5352 2401 5420 phetiae
2434 5352 2649 5420 spiritus
2678 5349 2855 5407 inesse
2885 5352 3029 5404 visus
3058 5350 3156 5415 sit,
3189 5350 3462 5419 appositus
3492 5359 3575 5405 est
3602 5347 3665 5402 ad
3695 5361 3806 5429 pa-‘

2210 5451 2323 5498 tres
2350 5458 2498 5507 suos,
2524 5453 2838 5512 tempusque
2868 5442 3185 5508 advenerat,
3211 5452 3265 5495 ut
3292 5442 3584 5512 Gregorius
3606 5451 3781 5495 amore

2211 5533 2351 5588 beati
2379 5534 2590 5589 Martini
2618 5534 2815 5588 dudum
2845 5534 3095 5602 flagrans,
3128 5542 3183 5589 et
3210 5534 3277 5589 ad
3315 5536 3596 5605 pastoralis
3623 5528 3776 5588 ofﬁcii

2208 5629 2561 5686 ministerium
2606 5629 2831 5683 idoneus
2859 5628 3118 5697 existens,
3148 5628 3455 5685 cathedram
3507 5628 3624 5691 eius
3658 5624 3778 5697 vice

2274 5808 2303 5849 ιι
2332 5808 2507 5879 Serg.,
2534 5805 2778 5879 Nihilque
2800 5807 3022 5881 amplius
3049 5809 3236 5867 videre.
3268 5809 3380 5880 AL,
3405 5825 3495 5882 per
3522 5817 3768 5868 virtutem-
