4086 6328
324 356 423 414 121

319 576 407 622 tus
454 562 742 619 Eufronius
783 560 1036 625 obiisset,
1068 556 1321 613 Turonici
1353 555 1419 611 de
1447 555 1564 625 ejus
1595 565 1911 609 successore

322 658 601 717 tractaturi
649 655 1008 718 conveniunt,
1048 652 1141 707 sed
1173 650 1314 706 facili
1358 648 1663 704 discrimine
1691 660 1907 701 suasum

318 764 402 814 est
423 753 631 809 cunctis
653 749 967 820 Gregorium
990 748 1043 801 itt
1064 746 1324 802 electione
1346 742 1764 815 praeferendum.
1788 740 1907 797 Per-

322 863 510 903 sonam
559 846 683 901 huic
711 845 830 899 loco
865 841 1400 912 “frequentissimam
1445 839 1556 909 jam
1586 837 1715 892 olim
1766 836 1909 891 scie-

317 939 481 1005 bant,
517 924 773 1007 pluraque
818 936 934 1003 ejus
975 944 1122 1004 gesta
1154 932 1271 987 viro
1314 932 1469 1001 digna
1516 936 1902 999 cognoverant.

316 1030 468 1084 Tunc
495 1044 643 1093 vero,
674 1026 881 1081 cunctis
908 1026 961 1079 in
990 1038 1227 1079 consona
1258 1037 1389 1077 voce
1420 1020 1759 1085 coeuntibus,
1788 1033 1906 1072 cer-

314 1138 472 1179 neres
520 1124 628 1177 Deo
660 1121 764 1193 [ΑΙ.
797 1118 1048 1191 Domino]
1078 1120 1285 1174 favente
1326 1131 1543 1174 causam
1574 1113 1901 1184 prosperari.

313 1222 445 1276 Nam
490 1220 809 1275 clericorum
857 1224 1027 1273 turma
1076 1217 1199 1290 [Ed.
1235 1216 1409 1289 turba]
1459 1216 1731 1271 nobilibus
1774 1214 1904 1269 viris

313 1323 585 1376 conserta,
616 1313 872 1382 plebsque
894 1312 1091 1367 rustica
1117 1312 1275 1366 simul
1301 1320 1356 1366 et
1382 1311 1605 1378 urbana,
1639 1310 1750 1380 pari
1782 1325 1904 1364 sen-

316 1406 479 1461 tentia
511 1406 743 1460 clamant
771 1404 1084 1472 Gregorium
1113 1405 1509 1462 decernendum
1531 1446 1546 1471 ,
1591 1420 1713 1461 eum
1745 1404 1902 1460 claris

314 1500 543 1563 meritis,
579 1509 689 1553 tum
740 1514 953 1570 quoque
983 1498 1259 1555 nobilitate
1294 1499 1611 1568 pollentem,
1644 1496 1902 1566 sapientia

314 1592 673 1661 praecipuum,
716 1592 1077 1659 generositate
1124 1591 1386 1661 primum,
1422 1591 1755 1661 principibus
1800 1604 1900 1643 no-

312 1696 457 1751 tum,
489 1700 550 1739 ac
581 1701 675 1754 pro
706 1700 800 1752 sua
834 1685 1097 1754 probitate
1126 1685 1478 1741 reverendum
1498 1725 1512 1749 ,
1545 1684 1900 1751 omnibusque

310 1777 499 1831 ofﬁciis
527 1778 777 1833 habilem.
804 1777 1022 1847 Legatio
1045 1777 1110 1831 ad
1139 1792 1319 1846 regem
1344 1775 1609 1845 dirigitur,
1634 1789 1755 1828 cum
1782 1772 1901 1842 qui-

1872 332 2050 394 "TA.

321 488 416 529 sua
448 466 736 541 regendam
766 464 1039 536 suscipere
1080 460 1377 519 debuisset.
1405 458 1542 516 Cum
1582 457 1745 531 igitur
1783 456 1912 512 bea-
1938 468 1996 520 Α

3494 346 3599 406 Hi

2109 457 2448 525 Fundamenta
2470 460 2621 523 igitur
2639 470 2874 523 reparans
2893 459 3000 513 haec
3019 461 3177 525 prisca
3200 464 3429 517 sacerdos

2201 522 2390 574 Extulit
2406 522 2643 587 egregius
2664 522 2809 587 quam
2834 522 3032 575 nituere
3054 527 3206 589 prius.

2086 627 2195 685 Sed
2223 631 2405 699 plures
2438 631 2591 700 alias,
2616 641 2672 687 ttt
2695 633 2945 701 diximus,
2977 636 3118 692 sicut
3146 638 3200 692 in
3239 638 3405 708 ipsius
3427 639 3601 698 chro-

2014 720 2148 776 nicts
2170 721 2452 791 reperitur,
2477 731 2537 779 ut
2560 732 2643 780 est
2665 726 2893 782 ecclesia
2916 740 3119 785 sanctae
3141 729 3327 787 Grucis
3348 733 3429 790 vel
3458 734 3599 791 Mar-

2015 815 2170 871 tiensi
2206 826 2228 855 c
2257 816 2383 871 villa
2750 832 2753 835 ·

2086 932 2225 987 XIII.
2267 933 2323 987 In
2372 935 2748 991 construendis
2794 952 2921 993 vero
2972 938 3304 1007 spiritalibus
3356 942 3594 1012 templis,

2012 1022 2259 1079 videlicet
2285 1023 2337 1078 in
2375 1025 2615 1080 custodia
2647 1028 2843 1096 gregis,
2870 1044 3029 1098 quam
3058 1032 3303 1086 certatim
3346 1047 3465 1089 sese
3495 1034 3596 1087 im-

2012 1117 2288 1187 penderit,
2315 1117 2399 1171 vel
2447 1134 2514 1173 ex
2563 1119 2661 1173 hoc
2702 1120 3163 1189 animadvertitur,
3196 1123 3338 1194 quod
3379 1139 3480 1181 nec
3528 1125 3596 1181 ab

2013 1209 2141 1280 ipsis
2171 1209 2383 1279 quidem
2414 1211 2613 1266 sanctis
2640 1211 2767 1267 viris
2791 1212 3026 1268 Studium
3058 1231 3167 1270 suae
3198 1217 3593 1285 praedicationis

2009 1305 2292 1360 continuit.
2326 1304 2456 1358 Nam
2488 1314 2547 1360 ut
2574 1304 2641 1360 de
2685 1304 2749 1359 iis
2794 1314 3053 1373 taceatur,
3098 1323 3321 1378 quorum
3348 1350 3365 1379 ,
3410 1320 3470 1365 ut
3518 1312 3595 1366 ait

2008 1398 2316 1467 Apostolus,
2346 1407 2563 1467 peccata
2593 1397 2874 1452 manifesta
2904 1408 3060 1465 sunt,
3090 1399 3157 1454 de
3182 1403 3375 1470 quibus
3406 1418 3595 1473 super-

2009 1490 2117 1545 ﬂuo
2145 1490 2399 1561 quidquid
2422 1490 2725 1545 diceremus
2747 1501 2914 1557 esset,
2939 1493 3003 1545 ad
3026 1493 3414 1549 ostendendum
3439 1511 3598 1565 quan-

2010 1592 2194 1652 topere
2241 1583 2382 1637 circa
2437 1583 2783 1651 perfectiores
2832 1584 3095 1639 sollicitus
3137 1586 3437 1651 exstiterit,
3486 1588 3593 1644 duo

2007 1675 2196 1731 saltem
2218 1690 2429 1740 eorum,
2457 1691 2591 1746 quos
2614 1676 2682 1731 ob
2709 1677 3011 1732 sanctitatis
3034 1677 3260 1747 insignia
3286 1679 3375 1733 vix
3396 1689 3595 1749 praeter

2007 1766 2321 1835 Gregorium
2355 1768 2547 1837 aliquis
2576 1783 2799 1837 arguere
2830 1780 3173 1839 prtesumeret
3197 1810 3211 1836 ,
3245 1771 3311 1825 ad
3356 1772 3594 1828 medium

310 1871 432 1927 dem
462 1871 690 1927 Domino
715 1872 1058 1940 dispensante
1084 1868 1371 1939 Gregorius
1397 1882 1581 1923 coram
1611 1866 1895 1935 reperitur.
1930 1855 1979 1917 B
2006 1859 2358 1914 deducantur.
2388 1860 2536 1914 Haud
2563 1861 2719 1930 longe
2744 1863 2885 1916 enim
2914 1870 3033 1930 post
3052 1862 3168 1932 ejus
3197 1863 3589 1919 ordinationem

312 1969 390 2024 De
421 1972 520 2022 hac
554 1970 713 2038 igitur
741 1982 903 2023 causa
932 1974 1250 2031 conventus,
1281 1972 1478 2033 quanta
1512 1962 1810 2018 humilitate
1842 1976 1901 2017 se

310 2074 571 2115 excusare
598 2060 858 2127 tentavit,
892 2059 1083 2127 quibus
1112 2057 1290 2113 modis
1321 2072 1380 2111 se
1424 2055 1723 2111 subducere
1753 2055 1901 2109 nisus

310 2155 426 2209 est?
456 2154 558 2209 Sed
586 2169 687 2224 qua
717 2154 857 2208 velle
886 2152 1097 2207 Domini
1123 2150 1152 2190 ι’
1180 2160 1294 2217 est,
1325 2150 1430 2204 huc
1457 2158 1648 2205 caetera
1678 2147 1900 2202 ﬂectun-

312 2258 416 2304 tur.
452 2249 603 2304 Hunc
646 2263 739 2304 rex
787 2249 1106 2303 auctoritate
1146 2245 1319 2316 cogit,
1356 2244 1497 2300 hunc
1540 2240 1900 2296 Brunichildis

310 2342 490 2411 regina
546 2350 818 2413 perurget.
868 2339 974 2395 Sed
1026 2339 1278 2409 quoniam
1333 2337 1566 2392 discreta
1626 2333 1899 2389 humilitas

310 2432 668 2488 obedientiam
693 2448 799 2488 non
824 2440 1061 2500 recusat,
1095 2430 1309 2486 tandem
1337 2428 1621 2499 aliquando
1644 2440 1898 2483 assensus

310 2534 412 2579 est.
446 2524 650 2592 Quem,
686 2532 743 2579 ut
771 2524 956 2590 credo,
986 2538 1055 2579 ne
1096 2523 1334 2592 qualibet
1376 2520 1659 2576 occasione
1702 2518 1899 2595 dilatus

310 2615 647 2686 profugeret,
680 2617 859 2672 statim
902 2616 1121 2685 Egidius
1150 2615 1435 2671 Remensis
1464 2612 1900 2681 archiepiscopus

306 2708 607 2776 ordinavit,
638 2716 699 2763 ut
740 2708 1061 2764 Fortunatus
1092 2716 1249 2764 poeta
1287 2708 1550 2773 scribens,
1581 2706 1658 2762 ait
1699 2706 1811 2777 (lib.
1841 2719 1896 2773 v,

307 2814 473 2853 carm.
499 2797 557 2866 2)
583 2814 597 2851 :

403 2909 612 2972 Martino
638 2910 881 2972 preprium
899 2910 1048 2961 mittit
1073 2908 1296 2959 Julianus
1324 2907 1591 2972 alumnum,

468 2971 526 3020 Et
548 2970 682 3020 fratri
709 2970 896 3033 prtebet
919 2972 1046 3033 quod
1072 2974 1163 3021 sibi
1189 2972 1330 3020 dulce
1352 2971 1461 3019 fuit.

404 3032 561 3093 Quem
585 3030 734 3095 patris
758 3034 914 3094 Egidii
936 3030 1143 3082 Domino
1165 3046 1337 3089 manus
1359 3033 1481 3080 alma
1499 3030 1723 3095 sacgavit,

466 3095 530 3145 Ut
547 3089 778 3158 populum
803 3089 1010 3158 regeret
1033 3095 1133 3157 [Αι.
1152 3096 1391 3156 recreet],
1412 3106 1557 3156 quem
1584 3089 1901 3214 Railfiglgtttdis

403 3218 533 3270 Huic
551 3220 836 3282 Sigtoertus
856 3232 1006 3270 ovans
1017 3220 1167 3283 favet,
1184 3227 1235 3269 et
1263 3215 1585 3267 Brunichildis
1607 3216 1833 3268 honorat.

382 3322 549 3379 Sedes
576 3324 756 3395 itaque
777 3324 1041 3380 Turonica
1063 3331 1251 3379 octavo
1272 3322 1482 3377 decimo
1505 3320 1591 3375 die
1617 3328 1899 3390 postquam

310 3408 625 3471 Eufronium
655 3416 943 3487 amiserat,
978 3414 1290 3487 Gregorium
1325 3413 1580 3483 suscepit.
1616 3411 1897 3467 Turonen-

310 3510 463 3565 sibus
492 3525 619 3566 vero
650 3525 788 3566 novo
835 3512 1034 3581 pastori
1087 3508 1476 3579 triumphanter
1522 3506 1899 3564 exsilientibus

314 3601 416 3656 hoc
456 3604 742 3672 praedictus
782 3612 938 3673 poeta
982 3602 1361 3676 panegyricum
1392 3617 1607 3659 carmen
1652 3600 1901 3672 procudit

311 3694 475 3766 (Ibid.
484 3696 503 3767 )
527 3713 542 3753 :

409 3812 633 3863 Plaudite
658 3813 832 3864 felices
857 3810 1041 3876 populi,
1067 3824 1191 3863 nova
1214 3819 1323 3865 vota
1346 3816 1595 3875 tenentes,

500 3876 729 3925 Praesulis
748 3878 961 3925 adventu
986 3888 1100 3937 spes
1124 3877 1295 3937 gregis
1319 3887 1437 3924 ecce
1462 3877 1613 3923 venit.

404 3937 508 3988 Hoc
530 3952 653 3998 puer
670 3945 875 3987 exertus
895 3938 1140 3997 celebret,
1165 3939 1255 3986 hoc
1280 3949 1425 3986 curva
1457 3941 1707 3998 senectus,

546 4013 605 4049 oc
627 4012 882 4050 commune
905 4000 1085 4049 bonum
1107 4000 1342 4063 praedicet
1364 4001 1522 4047 omnis
1545 4001 1707 4046 homo.

385 4105 453 4160 Et
471 4113 663 4161 caetera
687 4105 878 4175 quibus
902 4105 1042 4159 hunc
1067 4119 1098 4159 a
1120 4104 1523 4160 Turonensibus
1545 4105 1895 4172 celebratum,

310 4207 367 4255 et
389 4196 453 4252 ad
482 4196 793 4252 cathedram
823 4197 1063 4266 legaliter
1090 4198 1387 4267 ingressum
1415 4194 1673 4250 ostendit.

384 4289 499 4347 Xll.
532 4289 785 4359 indeptus
805 4304 933 4362 ergo
962 4290 1304 4358 praesulatum
1324 4330 1340 4358 ,
1362 4289 1531 4359 qualis
1553 4289 1637 4345 vel
1668 4299 1901 4361 quantus

309 4382 508 4451 fuerit,
554 4396 611 4439 ut
653 4384 1034 4456 compendiose
1079 4384 1305 4451 dicatur,
1338 4392 1393 4440 et
1434 4384 1613 4455 plures
1656 4384 1901 4442 ecclesiae

311 4490 446 4547 quas
475 4477 687 4532 noviter
725 4478 1055 4545 construxit,
1090 4478 1176 4533 vel
1206 4492 1429 4547 quarum
1460 4486 1747 4535 sartatecta
1787 4493 1900 4535 res-

312 4572 576 4637 tauravit,
606 4568 902 4635 insinuant,
930 4577 984 4624 et
1010 4568 1129 4625 libri
1159 4570 1211 4624 in
1240 4569 1449 4624 laudem
1477 4579 1785 4625 sanctorum
1816 4571 1898 4627 vel

2005 1964 2225 2011 sanctus
2248 1954 2461 2010 Senoch
2491 1955 2659 2009 abbas
2687 1955 2753 2011 de
2781 1955 2915 2010 cella
2946 1970 3043 2010 sua
3069 1970 3341 2025 egressus,
3373 1956 3439 2011 ad
3469 1970 3594 2013 eum

2004 2045 2343 2099 salutandum
2387 2044 2657 2113 profectus
2701 2054 2800 2099 est.
2830 2045 3002 2113 Quem
3034 2056 3251 2101 sanctus
3283 2046 3365 2101 vir
3400 2061 3591 2116 magna

2004 2137 2307 2192 reverentia
2360 2146 2703 2206 susceptum,
2753 2148 3043 2207 mutuoque
3091 2138 3361 2206 colloquio
3390 2139 3591 2194 sensim

2002 2234 2335 2303 exploratum
2357 2275 2371 2299 ,
2405 2242 2554 2302 peste
2586 2232 2710 2304 [Ed.
2740 2232 2893 2304 testu]
2921 2233 3187 2303 superbia:
3218 2248 3342 2288 mox
3370 2248 3593 2303 persen-

2001 2329 2073 2384 sit
2116 2328 2394 2382 infectunt.
2434 2327 2537 2382 Sed
2568 2328 2760 2397 gratia,
2793 2342 2911 2396 quae
2942 2328 2993 2380 in
3027 2326 3396 2382 discernendis
3426 2327 3591 2394 spiri-

2004 2421 2145 2477 tibus
2190 2420 2315 2475 huic
2364 2420 2769 2488 suppeditabat,
2803 2418 2951 2472 illum
2996 2419 3062 2473 ab
3108 2418 3295 2474 eadem
3342 2416 3590 2486 superbia

2000 2515 2214 2585 penitus
2235 2512 2566 2583 expurgavit.
2594 2511 2703 2567 Nec
2724 2510 2967 2566 dissimili
2991 2510 3187 2565 virtute
3207 2512 3345 2565 circa
3374 2510 3588 2566 beatum

2001 2620 2213 2677 quoque
2252 2605 2589 2661 Leobardum
2615 2604 2820 2659 exstitit
2850 2603 3129 2669 sollicitus,
3162 2617 3318 2672 quem
3360 2615 3589 2673 nequam

1999 2698 2219 2768 spiritus
2246 2698 2319 2752 ita
2364 2697 2596 2752 sinistris
2640 2695 3053 2766 c0gitationibus
3080 2695 3342 2763 agitabat,
3373 2702 3430 2747 ut
3460 2709 3592 2764 pro-

1999 2799 2122 2862 pter
2149 2788 2435 2859 quamdam
2473 2787 2762 2843 verborum
2795 2786 3173 2841 contumeliam
3210 2783 3276 2839 de
3316 2784 3457 2839 cella
3485 2797 3591 2854 qua

2001 2902 2063 2943 se
2109 2886 2308 2942 dudum
2352 2885 2646 2940 recluserat
2690 2883 2921 2952 migrare
2967 2880 3318 2935 decrevisset.
3352 2878 3458 2936 Sed
3495 2892 3592 2936 nec

2000 2980 2106 3035 iste
2138 2979 2310 3049 potuit
2345 2980 2623 3033 incurrere
2665 2991 2881 3044 casum,
2912 2975 3003 3045 qui
3033 2975 3353 3044 Gregorium
3396 2972 3591 3027 meruit

2002 3070 2203 3126 habere
2230 3070 2621 3126 sublevantem.
2666 3069 2798 3124 Nam
2827 3082 2949 3124 cum
2981 3068 3140 3123 solito
3172 3067 3239 3121 ad
3269 3065 3437 3135 Majus
3480 3062 3590 3119 Mo-

2003 3166 2295 3218 naSterium
2323 3163 2475 3233 quasi
2508 3176 2659 3217 sacra
2692 3161 2903 3216 Martini
2937 3160 3158 3230 vestigia
3188 3158 3591 3213 deosculaturtts

1926 3230 1972 3295 Ο
2003 3255 2212 3323 adiret,
2246 3230 2507 3312 sollicitus
2548 3265 2728 3319 pastor
2755 3254 2985 3325 qualiter
3023 3253 3138 3309 ovis
3178 3264 3362 3308 amore
3388 3248 3591 3306 Christi

2004 3352 2276 3406 vinculata
2322 3364 2383 3406 se
2428 3363 2638 3421 gereret
2667 3353 2730 3403 ad
2764 3347 2881 3418 ejus
2912 3347 3177 3419 tugurium
3223 3345 3457 3401 divertit.
3492 3342 3590 3399 Cui

2003 3460 2128 3501 mox
2172 3443 2261 3499 ille
2290 3448 2498 3498 secreta
2524 3440 2703 3497 cordis
2730 3454 2851 3512 qua:
2902 3438 3148 3494 diabolus
3177 3437 3328 3509 quasi
3357 3436 3592 3491 rationa-

2002 3537 2129 3592 bilia
2173 3535 2509 3591 conﬂuxerat
2539 3533 2713 3590 eidem
2757 3531 3051 3588 reseravit:
3088 3529 3179 3601 qui
3209 3528 3474 3600 protinus,
3504 3542 3593 3583 sa-

2001 3628 2286 3701 gacissimo
2324 3636 2383 3682 ut
2427 3637 2541 3682 erat
2596 3627 2841 3699 ingenio,
2893 3623 3094 3681 diaboli
3140 3632 3443 3679 commenta
3492 3621 3594 3679 de-

2001 3720 2317 3793 prehendit,
2350 3728 2405 3775 et
2451 3734 2559 3773 non
2600 3720 2822 3774 minimo
2852 3718 3042 3773 dolore
3080 3716 3380 3787 suspirans,
3414 3715 3594 3772 incre-
3660 3730 3667 3741 '

2001 3830 2132 3887 pare
2187 3811 2459 3867 hominem
2509 3812 2707 3881 coepit,
2757 3827 2820 3867 ac
2874 3810 3192 3866 diabolicam
3246 3808 3595 3865 calliditatem

2000 3906 2182 3962 verbis
2225 3904 2653 3975 competentibus
2684 3904 3005 3972 denudavit;
3037 3903 3290 3971 domique
3318 3915 3594 3969 reversus,

2003 4000 2174 4055 libros
2204 4000 2271 4054 ad
2320 3998 2655 4068 prepositum
2700 3997 3089 4052 monachorum
3117 4009 3385 4067 congruos
3413 3995 3461 4049 ei
3508 3995 3594 4064 pia

2002 4091 2371 4147 sollicitudine
2416 4090 2732 4144 transmisit.
2775 4088 2980 4156 Quibus
3011 4089 3247 4158 reiectis,
3281 4104 3387 4143 non
3419 4088 3593 4145 solum

2002 4183 2069 4238 ab
2114 4183 2201 4238 illa
2234 4197 2390 4252 quam
2436 4181 2736 4251 patiebatur
2766 4181 3074 4237 incursione
3101 4191 3321 4237 curatus
3350 4190 3465 4247 est,
3498 4180 3592 4238 sed

2003 4279 2166 4336 etiam
2214 4280 2266 4334 in
2305 4293 2497 4335 sensus
2545 4278 2795 4334 acumine
2843 4279 3065 4334 multttm
3109 4287 3416 4349 provectus.
3450 4278 3593 4334 Nihil

2003 4385 2131 4441 ergo
2157 4386 2297 4425 nunc
2330 4370 2755 4441 magnificentius
2781 4386 3008 4441 quaeras,
3038 4371 3170 4427 nihil
3203 4373 3254 4426 in
3287 4371 3443 4427 laude
3468 4371 3595 4428 Gre-

2003 4465 2217 4536 goriana
2273 4465 2614 4534 praestantius
2663 4474 2966 4533 exspectes.
3017 4466 3075 4522 Si
3132 4468 3309 4523 anima
3366 4483 3595 4539 corpore

2001 4546 2195 4612 melior
2224 4565 2338 4623 est,
2374 4558 2542 4612 satius
2572 4571 2693 4613 esse
2736 4573 3057 4626 quemquam
3101 4560 3155 4613 in
3196 4575 3258 4615 ea
3307 4561 3592 4629 suscitari,

311 4661 367 4715 in
405 4660 737 4730 expositione
765 4671 1070 4717 sanctarum
1115 4662 1507 4732 Scripturarum
1554 4664 1679 4719 editi
1710 4680 1898 4735 quam-
1928 4623 2103 4704 D1190
2143 4650 2370 4703 mendax
2415 4663 2610 4720 "98379
2643 4657 2837 4717 Ροῑεδῑ·
2885 4648 2998 4704 V0!
3045 4659 3224 4706 autem
3268 4652 3383 4721 eius
3430 4667 3593 4723 quam

311 4750 540 4820 primum
589 4752 977 4807 demonstrant.
1026 4754 1250 4808 Matrem
1302 4768 1531 4824 namque
1577 4756 1897 4824 ecclesiam,

309 4857 471 4912 quam
499 4843 728 4899 domnus
760 4844 1019 4900 Martinus
1059 4854 1466 4912 construxerat,
1502 4845 1586 4901 hic
1619 4848 1780 4902 nimia
1809 4864 1900 4904 ve-

313 4943 510 4991 tustate
535 4937 832 4993 confectam
864 4948 1084 4994 arcuato
1102 4938 1376 4994 schemate
1404 4942 1673 5009 reparavit
1694 4981 1708 5007 ,
1738 4950 1901 5011 atque

311 5025 573 5083 histriatis
605 5030 898 5100 parietibus
930 5045 1027 5100 per
1054 5031 1294 5101 ejusdem
1328 5032 1541 5087 Martini
1569 5042 1718 5104 gesta
1749 5035 1903 5091 deco-

313 5118 472 5174 ravit.
498 5119 651 5185 Quod
692 5122 1081 5176 metricanorus
1114 5132 1298 5178 noster
1326 5137 1432 5178 non
1478 5124 1679 5193 tacuit,
1714 5125 1898 5184 dicens

310 5209 451 5266 inter
476 5220 672 5267 caetera
699 5213 815 5282 (lib.
837 5229 890 5278 x,
918 5227 1080 5265 carm.
1107 5212 1163 5283 2)
1192 5231 1203 5265 ι

403 5326 595 5391 Martini
620 5328 816 5391 auxiliis
833 5328 1084 5391 operando
1108 5326 1387 5391 Gregorius
1408 5324 1587 5391 aedem,

496 5388 724 5439 Reddidit
745 5394 841 5441 iste
866 5388 1020 5442 novus
1043 5389 1174 5454 quod
1200 5390 1295 5441 fuit
1311 5391 1399 5442 ille
1425 5388 1585 5442 vetus.

379 5491 447 5548 Et
486 5494 615 5549 itent
645 5491 877 5565 (1554.):

380 5667 409 5695 ι
438 5656 563 5723 Ed.,
591 5656 649 5712 in
693 5658 824 5731 loco.
868 5657 1048 5729 Serg.,
1094 5659 1473 5729 praeferendum
1519 5659 1702 5731 quippe
1743 5677 1894 5725 quem

304 5738 449 5785 tanta
487 5743 693 5784 munere
729 5730 941 5800 dignum
978 5734 1088 5799 jam
1119 5731 1316 5800 pridem
1356 5730 1715 5804 cegnoverant.
1758 5732 1893 5789 Tum

303 5810 645 5957 veiocifth,
671 5871 776 5928 Sed
802 5872 923 5941 quia
948 5872 1075 5929 velle
1099 5872 1196 5931 Dei
1217 5874 1339 5932 huc.
1365 5874 1489 5946 Ed.,
1514 5871 1654 5932 hinc.

2004 4740 2289 4809 imperiosa
2322 4739 2511 4809 fuerit,
2544 4740 2625 4794 vel
2654 4755 2717 4795 ea
2748 4755 2865 4810 quae
2910 4739 3153 4807 dicebat,
3198 4758 3355 4813 quam
3400 4753 3591 4800 aucto-

2004 4833 2147 4886 riosa
2176 4832 2280 4885 vita
2312 4831 2541 4885 subditis
2570 4829 2943 4901 iuculcaverit,
2973 4833 3203 4906 diligens
3230 4835 3399 4893 lector
3428 4837 3481 4891 in
3512 4839 3592 4907 ip-

2007 4926 2117 4981 sius
2148 4924 2295 4979 libris
2324 4924 2643 4994 explorabit.

2082 5042 2222 5098 XIV.
2284 5041 2517 5109 Verum,
2568 5050 2627 5099 ut
2678 5058 2838 5116 supra
2889 5047 3196 5115 retulimus,
3244 5049 3592 5110 incommodo

2002 5136 2243 5207 corporis
2295 5134 2601 5204 frequenter
2630 5138 2699 5192 ob
2730 5134 2991 5195 incui-iam
3023 5141 3202 5197 carnis
3243 5140 3588 5214 fatigabatur,

2002 5231 2096 5287 sed
2123 5245 2245 5285 eum
2278 5229 2524 5299 quotiens
2554 5233 2931 5301 corpusculum
2956 5233 3122 5289 nimio
3151 5234 3406 5290 virtutum
3435 5249 3592 5293 exer-

2004 5320 2131 5378 citio
2160 5319 2436 5391 fatigatum
2467 5321 2686 5392 languor
2716 5322 3090 5379 inclementius
3119 5323 3469 5396 pulsavisset,
3499 5328 3592 5386 illo

2004 5412 2071 5468 ad
2118 5412 2397 5467 Martinum
2447 5428 2602 5468 suum
2655 5427 2967 5480 recurrens,
3010 5416 3219 5483 concito
3277 5422 3590 5479 sanabatur.

2004 5505 2119 5565 Hoc
2146 5523 2517 5580 saepenumero
2546 5508 2725 5565 ﬁebat.
2754 5508 2978 5576 Quando
3006 5519 3188 5569 autem
3232 5521 3289 5571 et
3333 5516 3592 5588 qualiter,

2078 5675 2101 5737 τε
2129 5665 2307 5737 Set-3.,
2334 5664 2605 5737 Martensi.
2646 5664 2770 5733 Ed.,
2798 5665 2854 5721 in
2882 5667 3102 5726 Artensi.
3147 5673 3229 5728 An
3271 5673 3590 5734 Artonensis

2001 5736 2130 5791 villa
2148 5776 2163 5801 ,
2191 5735 2285 5791 seu
2314 5736 2504 5790 domus
2541 5735 2953 5795 Marciacensis?
2986 5738 3280 5798 Ecclesiam
3310 5745 3369 5800 S.
3397 5744 3587 5803 Crucis

1999 5821 2029 5860 a
2052 5806 2311 5885 Gregorio
2326 5807 2596 5885 conditam
2612 5809 2793 5885 laudat
2806 5811 3129 5885 Fortunatus
3152 5816 3249 5885 lib.
3265 5829 3324 5885 ιι,
3340 5830 3508 5871 cartu.
3522 5818 3583 5885 ὅ,

2001 5892 2121 5949 quae
2151 5876 2419 5948 hodieque
2451 5879 2727 5950 subsistit,
2757 5881 2914 5941 titulo
2943 5884 3235 5953 patocltiali
3267 5876 3511 5955 insignis.
