4086 6328
548 374 652 434 123

1473 371 1718 433 SANCTI
1759 368 2086 428 GREGORII
2127 351 2433 424 EPISCOPI
2477 363 2904 422 TURONENSIS

3721 363 3823 421 ω

544 497 597 552 in
623 491 982 563 descriptione
1007 490 1386 550 miraculorum
1411 489 1481 548 ita
1506 489 1749 562 dirigitur
1777 498 1824 553 ι,
1847 495 1906 542 ιιι
1934 487 2128 541 merito
2156 486 2207 546 Α
2238 484 2376 553 pult,
2405 490 2464 536 ut
2502 496 2600 536 nec
2625 495 2686 535 ea
2717 493 2838 550 quae
2862 479 2972 550 jam
3001 478 3430 551 apprehenderat
3455 479 3596 534 ultra
3628 494 3726 536 nec
3753 479 3821 537 ad

543 589 800 660 lectorem
828 585 1057 642 delectet
1089 602 1103 639 :
1134 586 1176 640 si
1208 585 1420 656 quidem
1452 594 1505 638 ut
1535 583 1802 637 discretus
1830 592 1884 635 et
1914 580 2130 635 humilis

542 692 796 749 corporea
829 661 1356 730 medicamenta'sibi
1409 673 1697 728 adhibebat
1735 672 2002 741 primitus,
2035 671 2129 727 sed

541 779 740 841 quanto
763 769 852 824 illa
879 768 1130 822 humilius
1158 766 1441 835 expetebat
1459 807 1472 830 ,
1499 766 1771 832 indignum
1801 780 1858 816 se.
1883 762 2130 832 jmtuans

541 864 628 918 cui
661 861 864 917 medela
911 875 1004 928 per
1043 859 1359 912 miraculum
1392 857 1505 910 dari
1537 855 1840 919 debuisset,
1875 862 2024 908 tanto
2052 854 2132 906 di-

542 953 665 1008 vina
691 952 909 1020 largitas
940 950 1078 1003 hunc
1102 949 1167 1002 ad
1200 949 1365 1002 solam
1391 961 1501 1000 suae
1534 945 1784 1014 potentiae
1808 943 2125 998 medicinam

543 1044 877 1100 reservabat.
906 1041 1140 1112 Contigit
1167 1040 1453 1110 aliquando
1483 1045 1543 1093 ut
1569 1039 1724 1091 solita
1758 1039 1893 1093 beati
1925 1037 2130 1092 Martini

540 1139 738 1192 virtute
765 1136 833 1190 ab
859 1137 1016 1190 unius
1043 1134 1298 1200 temporis
1330 1132 1516 1187 dolore
1545 1140 1849 1193 sanaretnr,
1881 1132 1966 1185 cui
2014 1138 2132 1198 post

540 1231 810 1302 paululum
857 1229 1111 1301 cogitatio
1151 1244 1247 1299 per
1276 1228 1643 1282 insidiatorem
1692 1227 1849 1279 subiit
1901 1226 2126 1294 injecta,

539 1325 682 1394 quod
714 1327 897 1394 pulsus
925 1323 1013 1377 ille
1041 1337 1294 1375 venarum
1323 1321 1598 1387 sanguinis
1632 1327 1811 1389 posset
1835 1318 2132 1373 minutione

539 1416 735 1472 sedari.
769 1417 905 1470 Dum
951 1415 1003 1470 id
1035 1415 1173 1485 apud
1204 1430 1260 1468 se
1304 1414 1578 1478 volveret,
1613 1414 1892 1467 amborum
1927 1422 2132 1482 tempu-

538 1525 661 1565 rum
703 1525 853 1565 venae
896 1509 1211 1578 prosiliunt,
1243 1515 1526 1562 renovatus
1567 1507 1719 1560 dolor
1757 1506 2033 1561 ardentius
2062 1506 2130 1560 ir-

537 1600 780 1668 rumpit,
828 1598 1068 1654 sed‘ille
1112 1598 1352 1651 concitus
1390 1597 1455 1650 ad
1510 1597 1786 1650 basilicam
1842 1603 2129 1665 properat,
2183 1617 2186 1621 -

538 1691 750 1746 veniam
781 1690 926 1760 prius
968 1704 1062 1759 pro
1089 1689 1409 1758 cogitatione
1455 1697 1718 1756 precatur,
1750 1687 1948 1742 dehinc
1995 1689 2130 1757 palla

540 1786 712 1839 sancti
744 1785 980 1853 sepulcri
1003 1793 1160 1853 caput
1191 1781 1382 1852 attigit,
1413 1791 1469 1836 et
1498 1783 1638 1837 illico
1664 1796 1825 1836 sanus
1848 1782 2127 1836 abscessit.

2242 575 2516 630 modicum
2531 577 2772 630 ustulare
2796 583 2999 644 posset.

2305 687 2467 743 XVII.
2510 686 2679 742 Causa
2730 685 2907 741 fuerat
2935 701 3036 758 qua
3068 687 3334 742 Remense
3379 687 3633 756 oppidum
3675 686 3824 744 adire

2235 779 2512 846 doluerit,
2561 796 2789 850 cumque
2838 781 2905 834 ab
2961 780 3150 851 Egidio
3206 780 3459 850 pontiﬁce
3514 781 3822 837 humanitus

2239 871 2420 928 I‘ui~set
2453 884 2730 943 exceptus,
2768 873 2963 928 ibidem
2998 883 3155 927 noctu
3187 873 3384 943 quievit
3405 873 3497 940 ,in
3529 876 3818 929 crastinum

2235 978 2367 1018 vero
2417 965 2759 1020 illucescente
2811 965 3083 1018 Dominira
3126 965 3190 1018 ad
3242 964 3522 1017 ecclesiam
3570 965 3821 1034 episcopo

2237 1054 2599 1108 collocuturus
2630 1057 2791 1108 venit.
2822 1056 2954 1110 Cum
2984 1057 3100 1122 ejus
3128 1056 3412 1111 adventrum
3446 1056 3497 1110 in
3531 1059 3822 1112 secretario

2235 1148 2658 1216 prmstolaretur,
2691 1149 2906 1203 nolebat
2947 1150 3087 1201 enim
3122 1149 3171 1202 in
3205 1150 3430 1203 ecclesia
3473 1146 3649 1218 loqui,
3685 1153 3822 1220 Sygo

2236 1237 2636 1294 referendarius
2668 1240 2937 1306 quondam
2987 1240 3243 1309 Sigiberti
3292 1242 3431 1311 regis
3462 1240 3525 1293 ad
3577 1255 3699 1294 eum
3731 1256 3823 1296 ac-

2235 1332 2431 1394 cessit,
2477 1349 2634 1401 quem
2680 1334 2768 1387 il.‘e
2812 1334 3106 1387 osculatum
3157 1333 3346 1386 sedere
3380 1333 3530 1401 juxta
3576 1348 3634 1386 se
3681 1334 3822 1387 fecit.

2237 1421 2371 1476 Dum
2403 1424 2784 1494 aliquantisper
2805 1439 2988 1480 secum
3017 1425 3530 1493 sermocinarentur,
3557 1439 3610 1480 et
3644 1427 3735 1480 ille
3757 1427 3822 1480 de

2235 1531 2329 1571 ore
2355 1517 2598 1589 Gregorii
2633 1517 2908 1588 penderet,
2932 1520 3108 1573 subito
3134 1521 3277 1573 auris
3303 1520 3441 1588 ejus,
3467 1536 3585 1588 qua:
3615 1521 3820 1590 pridem

2236 1613 2622 1685 obsurduerat,
2654 1631 2775 1669 cum
2822 1615 3052 1686 quodam
3097 1615 3300 1683 crepitu
3345 1614 3544 1686 [Germ
3575 1614 3822 1687 strepitu]

2235 1718 2470 1761 reserata
2502 1717 2603 1761 est.
2633 1707 2726 1762 Ille
2753 1707 2956 1776 gratias
2983 1709 3148 1777 erepit
3191 1723 3370 1774 agere,
3403 1719 3456 1762 et
3497 1708 3623 1777 quid
3651 1710 3700 1763 ei
3733 1725 3826 1777 per

2236 1795 2554 1865 Gregorium
2601 1799 2892 1867 praestitum
2931 1799 2992 1852 sit
3042 1800 3405 1854 manifestare.
3448 1799 3554 1854 Sed
3598 1801 3680 1854 vir
3721 1801 3824 1853 Do-

616 1898 730 1953 XV.
773 1898 959 1961 Multa,
986 1896 1182 1962 fateor,
1216 1897 1265 1950 in
1293 1895 1538 1949 laudibus
1561 1896 2021 1966 diversorumjam
2046 1895 2129 1948 di-
2163 1884 2210 1945 B
2237 1888 2401 1956 mini,
2432 1899 2707 1944 consueta:
2736 1906 2839 1943 non
2883 1892 3167 1946 immemor
3197 1892 3528 1959 humilitatis,
3559 1893 3828 1949 hominem

543 2001 813 2066 gesserat,
846 1991 941 2045 sed
988 1991 1230 2060 quamvis
1262 2006 1444 2043 amore
1497 1989 1709 2043 Martini
1760 1990 2126 2045 vehementius

540 2081 826 2138 inferveret
847 2127 860 2148 ,
897 2083 960 2136 ad
995 2098 1054 2136 ea
1089 2091 1262 2137 tamen
1300 2097 1415 2148 qua:
1444 2081 1510 2137 de
1540 2084 1657 2149 ejus
1688 2083 1960 2137 miraculis
1991 2083 2125 2138 scri-

540 2176 714 2233 benda
740 2187 892 2231 erant
913 2218 925 2240 ,
959 2192 1017 2231 se
1051 2177 1352 2233 nullatenus
1381 2178 1597 2246 dignum
1623 2178 1928 2245 judicabat,
1959 2179 2128 2234 donec

540 2267 626 2324 bis
650 2278 703 2324 et
735 2277 815 2323 ter
848 2285 940 2337 per
969 2283 1216 2337 soporem
1247 2269 1569 2334 admonitus,
1606 2273 1649 2324 si
1684 2281 1884 2326 taceret
1923 2275 2129 2328 crimen

538 2361 813 2421 incurrere
846 2366 1160 2420 minaretur.
1199 2366 1436 2435 Denique
1483 2369 1774 2420 oratorium
1806 2367 1975 2421 sancti
2007 2368 2128 2422 Ste-

538 2456 702 2528 phani
753 2458 892 2526 quod
927 2459 977 2511 in
1021 2457 1276 2512 suburbio
1309 2466 1390 2512 est
1420 2457 1653 2526 jnsserat
1702 2459 2006 2528 prolongari
2029 2499 2044 2523 ,
2077 2468 2130 2513 et

539 2549 705 2604 altare
729 2561 786 2605 ut
816 2561 930 2606 erat
957 2552 1219 2622 integrum
1251 2552 1299 2604 iu
1327 2560 1483 2605 antea
1515 2553 1849 2620 promoveri,
1880 2553 1970 2605 sed
2006 2552 2129 2620 quia

541 2643 673 2699 nihil
702 2644 768 2700 de
798 2645 1108 2715 pignoribus
1144 2644 1338 2701 ibidem
1368 2645 1598 2714 reperit.
1632 2660 1792 2699 unum
1826 2659 1889 2700 ex
1924 2646 2131 2700 abbati-

541 2735 661 2798 bus,
703 2747 761 2790 ut
807 2736 1046 2808 ejusdem
1102 2738 1353 2807 martyris
1406 2737 1660 2807 reliquias
1705 2737 2018 2815 exhiberet,
2064 2739 2129 2793 ad

543 2829 869 2900 episc0pium
890 2871 903 2895 ,
933 2831 1136 2886 clavem
1169 2839 1345 2885 tamen
1386 2831 1587 2885 oblitus
1617 2813 1845 2894 direxit,
1879 2813 1983 2902 qui
2007 2848 2134 2902 cap-

541 2909 654 2978 sam
703 2907 1008 3002 obseratam
1042 2924 1316 2993 reperiens
1355 2922 1480 2993 quid
1512 2923 1711 2978 Iaceret
1737 2923 2015 2978 dubitabat
2043 2943 2054 2977 :
2087 2927 2129 2980 si

540 3018 608 3071 ad
651 3017 959 3086 episcopum
995 3033 1090 3086 pro
1117 3019 1271 3072 clave
1317 3017 1549 3081 rediret,
1585 3033 1858 3086 morosum
1908 3027 2053 3084 erat;
2087 3019 2134 3073 si

539 3126 752 3180 capsam
781 3111 1106 3166 exhibuiSsel
1125 3151 1141 3176 ,
1167 3111 1236 3166 ob
1261 3110 1548 3165 multorum
1579 3109 1798 3180 pignora
1825 3118 2132 3164 sanctorum

539 3219 657 3272 quae
707 3203 778 3258 ibi
825 3204 1260 3270 continebantur,
1314 3203 1600 3257 molestum
1643 3201 1690 3255 ei
1739 3215 1858 3255 esse
1908 3200 2131 3255 sciebat.

542 3294 674 3348 (lum
704 3277 863 3368 igitur
894 3298 1033 3366 apud
1066 3312 1124 3351 se
1171 3296 1450 3363 haesisset,
1482 3304 1538 3348 ut
1569 3295 1747 3347 divina
1779 3294 1950 3361 gratia
1998 3307 2127 3347 coo-

543 3386 863 3456 peratricem
923 3399 983 3440 se
1035 3384 1292 3455 Gregorio
1349 3393 1656 3448 testaretur,
1709 3398 1922 3452 capsam
1984 3384 2130 3438 exsi-

542 3465 794 3533 lientibus
845 3477 1112 3548 repagulis
1159 3476 1349 3545 aspicit
1392 3485 1705 3530 reseratam.
1739 3475 1886 3530 Tunc
1933 3479 2133 3546 gratias

541 3585 724 3638 agens,
755 3569 1005 3636 reliquias
1035 3584 1138 3622 non
1163 3568 1281 3622 sine
1305 3567 1658 3622 admiratione
1688 3569 1972 3623 multorum
2000 3567 2133 3624 Gre-

542 3662 691 3746 gorio
720 3647 945 3728 detulit,
977 3661 1065 3730 qui
1095 3675 1342 3716 reversus
1368 3675 1580 3730 capsum
1612 3668 1670 3713 ut
1701 3661 1989 3730 reliquerat
2019 3659 2121 3716 ob-

544 3760 780 3808 seratam
812 3751 1015 3806 invenit

615 3864 751 3926 XVI.
797 3865 959 3938 Multa
1006 3863 1219 3934 quidem
1261 3863 1571 3933 Gregorius,
1605 3879 1722 3934 quae
1769 3865 1975 3935 insequi
2019 3866 2134 3936 Ion-

539 3972 664 4030 gum
697 3966 874 4024 esset,
909 3957 962 4011 in
1007 3957 1180 4010 salute
1224 3955 1586 4025 languentium
1632 3956 1978 4025 operabatur,
2014 3972 2134 4026 qtae

543 4059 716 4104 tamen
741 4050 842 4104 sub
864 4049 1084 4105 obtentu
1107 4058 1448 4115 sanctorum,
1477 4067 1702 4120 quorum
1730 4051 1987 4121 reliquias
2015 4068 2136 4122 per-

542 4142 667 4196 inde
720 4141 958 4207 ferebat,
1000 4155 1028 4193 a
1077 4142 1190 4195 suis
1241 4144 1449 4197 meritis
1505 4145 1792 4198 excludere
1844 4146 2128 4206 nitebatur.

543 4230 674 4286 Cum
724 4230 941 4302 quidem
989 4230 1104 4284 haec
1153 4238 1300 4285 tanto
1329 4233 1513 4286 verius
1563 4248 1654 4298 per
1696 4234 1869 4301 ipsum
1905 4235 2132 4302 ﬁebant,

544 4337 742 4396 quanto
773 4326 888 4394 ipse
936 4323 1190 4378 humilius
1234 4325 1350 4378 aliis
1401 4325 1703 4388 tribuebat,
1751 4335 1808 4378 ιιι
1856 4335 1939 4378 est
1981 4325 2132 4379 illud.

545 4419 677 4475 Cum
721 4416 1006 4486 aliquando
1038 4431 1131 4486 per
1161 4417 1299 4470 viam
1341 4416 1653 4487 graderetur
1698 4426 1752 4470 et
1799 4430 2012 4470 crucem
2045 4432 2139 4470 au-

543 4527 688 4567 ream
716 4525 834 4565 cum
861 4509 1095 4579 reliquiis
1126 4509 1293 4562 beata:
1323 4506 1497 4561 Mariae
1540 4521 1751 4575 semper
1780 4507 2022 4576 virginis,
2050 4506 2136 4560 vel

542 4606 687 4662 beati
739 4603 949 4658 Martini
979 4602 1118 4656 collo
1148 4608 1420 4671 gestaret,
1456 4599 1593 4653 haud
1631 4600 1810 4669 procul
1857 4615 1884 4654 a
1919 4601 2002 4651 via
2044 4613 2138 4651 cu-

541 4699 751 4772 jusdam
787 4710 1032 4766 paupers
1061 4691 1401 4760 ιιοςιιιιίυΙιιιιι
1453 4691 1702 4746 incendio
1725 4691 1987 4760 conspicit
2011 4706 2139 4746 con-

545 4790 796 4847 cremari.
846 4789 968 4843 Erat
1011 4796 1219 4850 autem,
1255 4796 1311 4839 ut
1351 4794 1432 4840 est
1479 4785 1531 4839 in
1576 4785 1761 4838 usibus
1803 4800 2134 4856 pauperum,

547 4887 687 4941 foliis
717 4894 877 4956 atque
903 4882 1236 4937 surculorum
1268 4879 1505 4946 cremiis,
1541 4879 1738 4949 ignium
1773 4879 2024 4934 videlicet
2052 4881 2133 4936 fo-

545 4979 762 5045 mentis,
793 4983 1120 5032 comectum.
1153 4973 1261 5027 Hac
1291 4973 1520 5040 illacque
1551 4972 1712 5026 miser
1738 4988 1858 5027 cum
1891 4988 2055 5028 uxore
2080 4984 2134 5029 et

544 5071 724 5128 liberis
765 5072 1031 5126 cursitare
1075 5078 1130 5124 et
1178 5079 1443 5136 strepere,
1475 5084 1668 5138 aquam
1715 5068 2005 5135 advehere,
2039 5069 2131 5124 sed

545 5170 920 5236 nequicquam.
954 5161 1069 5218 Jam
1111 5161 1341 5217 Ilamnue
1371 5164 1794 5230 prtevaluerant,
1839 5175 1937 5216 nec
1984 5169 2135 5231 pote-

523 5265 667 5310 ‘rant
696 5258 943 5328 mitigari.
973 5255 1126 5309 Tunc
1156 5269 1284 5308 vero
1309 5253 1599 5323 Gregorius
1629 5255 1891 5320 accurrit,
1922 5263 1977 5307 et
2007 5268 2136 5308 con-

545 5357 628 5403 tra
661 5349 993 5403 ﬂammarum
1023 5347 1212 5418 globos
1257 5358 1471 5399 crucem
1519 5345 1777 5410 elevavit,
1810 5358 2041 5413 moxque
2084 5343 2135 5397 in

547 5448 766 5508 aspectu
795 5449 1099 5494 sanctarum
1134 5437 1480 5508 reliquiarum
1509 5436 1579 5491 ita
1610 5442 1755 5491 totus
1787 5434 1921 5503 ignis
1950 5435 2136 5520 obstu-

621 5609 646 5637 α
677 5601 852 5666 Serg.,
884 5598 1000 5650 Hoc
1044 5613 1178 5664 saepe
1219 5598 1368 5666 ﬁebat
1411 5595 1614 5663 quando
1645 5604 1730 5648 aut
1777 5594 2043 5661 aequaliter
2083 5592 2137 5644 in

546 5672 846 5727 discretione
875 5670 1232 5721 miraculorum
1255 5679 1325 5720 ita
1347 5668 1617 5736 digeritur,
1648 5675 1702 5719 ut
1721 5707 1734 5729 ,
1761 5676 1867 5719 etc.

621 5742 650 5782 1»
683 5741 940 5812 Papyrius
969 5743 1141 5812 alasso
1189 5740 1315 5812 legit
1362 5734 1602 5812 ararim;
1632 5740 1726 5812 sed
1759 5745 1939 5812 nostra
1955 5734 2130 5812 lectio

546 5815 737 5886 ntelior
761 5805 827 5869 ei
862 5814 977 5883 ipso
999 5805 1280 5880 Gregorio,
1305 5811 1395 5886 qui
1427 5811 1568 5864 hunc
1598 5809 1816 5865 ﬂuvium
1850 5805 2126 5862 Berberim

549 5885 804 5958 appellat.

2231 1981 2299 2035 ab
2329 1981 2428 2034 hac
2454 1981 2814 2037 aestimatione
2836 1982 3136 2038 subducere
3163 1983 3338 2038 nitens
3363 2001 3376 2036 :
3410 1984 3560 2050 Noli,
3587 1985 3693 2047 ait,
3721 1983 3824 2038 (ιυις

2229 2073 2446 2128 cissime
2497 2073 2607 2142 tili,
2639 2074 2764 2128 mihi
2798 2075 2998 2144 aliquid
3047 2077 3234 2145 gratiae
3279 2075 3505 2143 referre,
3548 2075 3642 2130 sed
3677 2076 3828 2131 beato

2230 2167 2455 2221 Martino
2488 2183 2582 2236 per
2611 2168 2766 2238 cujus
2799 2166 3077 2238 reliquias,
3110 2169 3236 2224 licet
3268 2169 3538 2240 indignus,
3571 2185 3704 2234 quas
3735 2169 3828 2225 de-

2232 2258 2366 2326 fero,
2404 2259 2498 2314 tibi
2531 2259 2742 2313 auditus
2772 2269 2855 2314 est
2885 2259 3132 2315 redditus
3162 2268 3218 2315 et
3247 2261 3482 2316 surditas
3509 2261 3757 2330 depulsa.

2306 2371 2487 2426 XVIII.
2526 2372 2703 2428 Virtus
2736 2390 2964 2445 namque
2994 2376 3269 2431 charitatis
3301 2377 3351 2430 in
3386 2377 3477 2430 illo
3507 2378 3828 2447 prmemine-

2231 2465 2324 2520 bat
2353 2467 2488 2521 adeo
2517 2475 2576 2522 ut
2605 2469 2735 2537 ipsis
2765 2468 2993 2522 inimicis
3022 2469 3268 2523 allectum
3298 2469 3601 2525 dilectionis
3626 2471 3830 2541 impen-

2234 2559 2423 2625 deret,
2460 2567 2518 2612 ιιι
2565 2562 2814 2630 sequenti
2870 2561 3070 2629 patebit
3117 2562 3386 2630 exemplo.
3416 2562 3657 2627 Quodam
3687 2564 3828 2618 enim

2235 2659 2480 2719 tempore
2509 2651 2707 2705 factum
2731 2662 2845 2719 est,
2870 2663 2926 2707 ut
2948 2654 3013 2707 ad
3038 2654 3397 2723 venerabilem
3431 2665 3651 2709 matrem
3681 2671 3830 2711 suam

2236 2745 2290 2798 in
2345 2743 2706 2814 Burgundiam
2742 2754 3077 2815 properaret.
3111 2745 3165 2798 In
3199 2747 3366 2816 sylvis
3394 2762 3526 2801 vero
3569 2746 3827 2817 abiegnis,

2236 2855 2354 2908 quae
2409 2850 2557 2895 trans
2592 2839 2865 2894 \‘erberim
2901 2839 2927 2877 δ
2959 2839 3177 2892 ﬂuvium
3229 2842 3347 2894 sitae
3394 2849 3547 2902 sunt,
3599 2840 3830 2895 latrones

2234 2935 2493 3002 incurrit,
2533 2933 2624 3004 qui
2658 2942 2806 2988 tanto
2843 2933 3042 3004 impetu
3074 2947 3234 2998 super
3263 2933 3574 2988 comitatum
3605 2933 3721 3004 ejus
3751 2935 3829 2988 ir-

2234 3041 2396 3082 ruere
2431 3028 2534 3081 nisi
2562 3037 2720 3094 sunt,
2751 3037 2809 3082 ut
2841 3043 2947 3082 non
2979 3026 3138 3082 modo
3169 3042 3264 3082 eos
3293 3027 3619 3097 exspoliare,
3651 3026 3746 3082 sed
3777 3036 3830 3081 et

2238 3121 2488 3176 occidere
2516 3120 2652 3176 velle
2683 3130 3020 3192 putarentur.
3041 3121 3280 3186 Quorum
3306 3121 3510 3174 assultu
3541 3119 3830 3188 Gregorius

2238 3217 2428 3271 terreri
2461 3231 2567 3271 non
2597 3219 2800 3286 potuit,
2833 3217 2922 3285 qui
2956 3215 3203 3284 praesidio
3253 3215 3464 3270 Martini
3501 3215 3830 3281 circumsep-

2240 3316 2324 3363 tus
2355 3308 2667 3372 inccdebat;
2699 3308 2850 3375 cujus
2879 3323 3001 3362 tnox
3030 3308 3290 3361 auxilium
3338 3306 3582 3374 ﬂagitans
3625 3306 3695 3358 ita
3731 3304 3829 3359 sibi

2235 3404 2427 3462 adesse
2452 3416 2703 3474 expertus
2726 3415 2802 3460 est
2823 3443 2836 3468 ,
2871 3415 2928 3468 ut
2956 3404 3190 3464 latrones
3217 3402 3450 3458 velocius
3472 3417 3633 3471 quam
3660 3417 3831 3458 emet.

2237 3508 2421 3554 serant
2465 3494 2646 3566 fugam
2704 3496 2920 3550 inirent.
2955 3497 3021 3547 At
3068 3494 3361 3562 Gregorius
3408 3507 3535 3558 usus
3575 3501 3830 3548 consueta

2238 3590 2437 3659 pietate
2473 3599 2520 3656 υ,
2555 3603 2656 3644 nec
2701 3589 2752 3643 in
2806 3587 3208 3657 perturbatione
3260 3585 3522 3650 turbatus,
3567 3583 3831 3653 fugientes

2236 3693 2482 3748 revocat,
2531 3683 2595 3737 ad
2643 3683 2818 3737 cibum
2851 3691 2906 3736 et
2948 3690 3130 3750 p0tum
3185 3679 3430 3732 inimicos
3476 3676 3688 3732 invitat.
3722 3677 3828 3733 Sed

2237 3775 2488 3829 crederes
2538 3789 2631 3829 eos
2677 3774 2904 3827 fustibus
2950 3771 3066 3841 agi,
3100 3781 3156 3826 et
3202 3770 3400 3824 invitos
3429 3784 3597 3839 equos
3644 3779 3830 3826 contra

2237 3873 2645 3944 possibilitatem
2675 3871 2972 3928 calcaribus
3007 3869 3214 3940 urgeri,
3250 3877 3308 3922 ut
3350 3883 3451 3924 nec
3480 3877 3823 3923 revocantem

2238 3965 2424 4020 audire
2475 3974 2717 4034 possent.
2761 3963 2837 4018 Ita
2867 3962 3159 4033 Gregorius
3203 3961 3451 4030 supernis
3481 3960 3699 4014 auribus
3733 3975 3823 4014 os-

2238 4066 2423 4112 tensus
2455 4067 2535 4111 cst
2567 4057 2792 4117 vicinus,
2821 4065 2875 4109 et
2905 4054 3159 4125 operibus
3191 4052 3466 4106 charitatis
3499 4052 3751 4106 intentus.

2309 4146 2452 4201 XIX.
2476 4147 2633 4202 Fides
2667 4156 2714 4201 et
2740 4145 2961 4201 devotio
2985 4143 3160 4214 populi
3194 4141 3350 4197 valde
3391 4157 3486 4211 per
3513 4127 3830 4207 Gregorium

2240 4227 2647 4306 suecrescebat;
2677 4248 2731 4294 at
2763 4231 3030 4309 malignus
3063 4237 3228 4292 hostis
3264 4252 3368 4290 non
3402 4234 3612 4290 modico
3642 4234 3829 4289 dolore

2244 4333 2627 4401 torquebatur:
2665 4332 2804 4386 unde
2836 4331 3033 4384 factum
3062 4338 3142 4384 est
3163 4370 3177 4393 ,
3213 4337 3270 4382 ut
3300 4329 3404 4382 vim
3435 4343 3547 4382 sum
3577 4326 3824 4396 maligni—

2241 4426 2364 4478 tatis
2405 4423 2548 4478 I'erre
2578 4439 2680 4476 non
2715 4424 3011 4489 sustinens,
3043 4423 3126 4476 vel
3160 4419 3413 4492 pastoris,
3443 4419 3529 4474 vel
3559 4417 3735 4490 gregis
3765 4417 3801 4472 ll

2240 4514 2451 4569 duciam
2499 4515 2698 4582 apertis
2740 4513 2963 4568 vocibus
3005 4512 3318 4570 dementare
3366 4522 3672 4568 conaretur.
3715 4512 3832 4581 Ipsa

2244 4624 2475 4679 namque
2501 4607 2702 4662 Natalis
2728 4607 2938 4661 Domini
2980 4607 3068 4662 die
3113 4621 3234 4661 cum
3280 4605 3569 4675 Gregorius
3613 4604 3831 4674 pontiﬁ—

2242 4703 2360 4758 cale
2389 4702 2416 4740 ά
2448 4703 2640 4757 festum
2688 4701 2738 4755 in
2771 4699 3052 4768 principali
3102 4697 3343 4766 basilica,
3375 4698 3514 4752 sicut
3554 4710 3672 4751 mos
3720 4705 3831 4764 est,

2241 4796 2558 4852 solemniter
2587 4795 2862 4850 celebrare
2893 4793 3240 4863 procederet,
3269 4793 3485 4862 quidam
3511 4807 3572 4847 ex
3598 4807 3831 4862 energu-

2240 4887 2415 4944 menis
2446 4887 2680 4942 atrocior
2708 4886 2920 4941 caeteris
2949 4884 3114 4952 ccepit
3144 4883 3369 4937 nimium
3400 4883 3752 4944 debacchari,
3779 4893 3832 4937 et

2241 4983 2589 5054 sequentibus
2632 4981 2714 5036 vel
2758 4979 3096 5035 obviantibus
3139 4978 3330 5042 turbis,
3363 4991 3481 5047 quae
3512 4975 3862 5046 Gregorium,

2243 5084 2547 5145 sepserant.
2576 5088 2635 5129 se
2657 5072 2872 5129 obvium
2902 5072 3182 5141 ingerens:
3205 5069 3446 5137 Frustra,
3474 5069 3677 5137 inquit,
3702 5067 3831 5122 Mar-

2242 5169 2336 5224 tini
2366 5168 2550 5223 limina
2586 5163 2790 5234 petitis,
2825 5163 3090 5217 incassum
3147 5160 3262 5229 ejus
3294 5159 3461 5214 aedem
3497 5158 3676 5222 aditis,
3710 5158 3831 5228 quia

2240 5277 2335 5316 vos
2366 5270 2584 5323 promer
2623 5257 2787 5312 multa
2816 5255 3037 5311 crimina
3083 5252 3413 5323 dereliquit:
3443 5267 3571 5308 ecce
3600 5267 3695 5307 vos
3739 5252 3832 5304 ab-

2241 5354 2470 5408 horrens
2520 5351 2706 5406 Romze
2752 5348 3015 5414 mirabilia
3068 5348 3210 5401 facit.
3262 5346 3389 5400 Ilaec
3425 5355 3479 5400 et
3527 5345 3630 5398 alia
3681 5343 3830 5414 plura

2245 5444 2470 5510 cunctis,
2507 5453 2564 5498 ut
2607 5449 2761 5497 erant
2800 5439 3120 5509 constipati,
3154 5438 3364 5508 p0pulis
3395 5437 3553 5493 verba
3586 5435 3833 5492 diabolus

2320 5608 2341 5636 ο
2375 5597 2503 5651 Mss.
2531 5595 2596 5661 2,
2620 5611 2718 5648 usu
2748 5604 3001 5648 ransuetw
3031 5595 3250 5662 pietatis.

2317 5667 2343 5707 ά
2375 5669 2551 5736 Serg..
2597 5666 2930 5736 principalem
2962 5670 3239 5735 festum....
3273 5666 3607 5721 solemnizare
3649 5680 3831 5735 proce-

2243 5740 2402 5794 deret.
2435 5734 2643 5802 Germ,
2674 5734 2949 5805 Gregorius
2999 5738 3053 5789 in
3101 5739 3376 5808 principali
3416 5734 3657 5806 basilica,
3695 5737 3826 5793 sicut

2234 5813 2387 5866 moris
2417 5820 2490 5864 est
2520 5809 2850 5864 tolemm'zare
2877 5807 3188 5877 procederet.
