4086 6328
313 410 422 467 195

1852 393 2038 452 VI‘IA.

3480 387 3584 449 I26

312 519 616 582 lnsibllabat
644 536 653 585 ε
686 518 750 573 ad
782 531 939 587 quam
969 530 1155 573 vocem
1197 529 1303 571 non
1353 513 1524 568 solum
1570 514 1891 567 rusticorum
1922 512 2085 575 Avel
2118 526 2348 583 propriae
2393 514 2583 571 salutis
2624 529 2788 572 causa
2835 514 3046 585 longius
3090 511 3434 585 procedebat.
3470 511 3579 567 Ali-

311 616 476 673 corda
505 612 875 677 exturbantur,
909 610 1002 665 sed
1034 617 1090 665 et
1118 610 1313 675 clerus,
1343 608 1467 678 quin
1499 616 1554 662 et
1600 595 1714 672 ipse
1763 606 1894 661 Gre—

313 709 495 781 gorius
543 719 740 774 pavore
781 704 1102 759 concutitur.
1150 701 1512 775 Ingredieutes
1550 708 1728 754 alitem
1777 715 1897 754 eum

313 800 443 856 fletu
493 813 687 869 magno
719 796 1029 861 basilicam,
1078 810 1267 849 omnes
1317 795 1619 863 pavimento
1668 801 1899 862 proster-

314 901 539 955 nuntur,
580 899 797 945 orantes
825 899 881 944 ut
913 886 1085 941 sancti
1117 887 1213 941 viri
1245 886 1581 955 prmseutiam
1622 898 1899 939 mereren-

318 995 425 1039 tur.
458 981 683 1050 Quidam
712 995 859 1043 vero,
890 980 973 1035 cui
1005 988 1129 1033 ante
1159 986 1270 1032 tres
1298 991 1467 1031 annos
1497 976 1669 1030 ambae
1715 990 1904 1030 manus

316 1091 439 1130 cum
481 1090 588 1127 uno
635 1072 771 1142 pede
818 1080 1230 1135 contraxerant,
1279 1078 1400 1124 ante
1447 1076 1688 1122 sanctum
1738 1067 1905 1122 altare

317 1183 439 1221 cum
466 1166 689 1235 reliquis
718 1173 1018 1233 prostratus
1059 1162 1197 1216 beati
1232 1161 1445 1215 Martini
1497 1160 1753 1214 auxilium
1786 1174 1906 1229 pre-

316 1260 554 1322 cabatur,
580 1258 671 1327 qui
699 1256 878 1311 subito
909 1254 1069 1309 nimia
1096 1252 1241 1308 febre
1266 1252 1627 1307 circumdatus
1652 1258 1903 1317 tauquam

318 1355 375 1407 in
408 1352 637 1422 equuleo
668 1350 1015 1420 torquebatur
1046 1356 1321 1401 extensus.
1370 1345 1516 1399 Inter
1562 1344 1677 1398 haec
1722 1352 1907 1397 sancta

320 1445 578 1500 solemnia
608 1444 955 1513 gerebantur,
986 1454 1215 1509 cumque
1258 1447 1476 1493 sanctus
1523 1436 1765 1506 pontifex
1813 1434 1907 1489 lle-

320 1538 465 1592 tibua
484 1538 743 1592 insistens
764 1535 905 1590 beati
934 1533 1141 1588 Martini
1174 1526 1574 1601 praestdlaretur
1595 1530 1907 1594 adventum,

317 1632 500 1687 divino
533 1630 791 1703 mysterio
819 1629 959 1699 palla
984 1628 1095 1699 jam
1125 1643 1190 1683 ex
1220 1641 1370 1681 more
1398 1634 1678 1694 cooperto,
1710 1620 1911 1693 langui-

320 1724 424 1779 dus
446 1724 514 1778 ad
548 1723 761 1793 plenum
792 1720 1094 1776 restituitur
1140 1719 1377 1773 sanitati.
1408 1718 1585 1785 Quare
1618 1716 1911 1785 Gregorius

325 1813 613 1869 admodum
670 1814 885 1884 gavisus
941 1811 1294 1879 omnipotenti
1356 1810 1464 1863 Deo
1518 1808 1715 1878 gratias
1766 1806 1909 1876 agit,

2001 608 2213 678 quando
2254 608 2413 677 igitur
2455 610 2759 679 sepulcrum
2789 608 2931 665 beati
2970 608 3163 671 Hilarii,
3188 606 3587 677 supplicaturus

2002 704 2195 767 adivit,
2226 718 2347 757 cum
2387 704 2452 758 ad
2483 704 2754 759 visendam
2785 720 2995 774 quoque
3030 714 3269 760 sanetam
3300 702 3587 771 Radeguu-

2002 796 2122 851 dent
2150 796 2654 863 regiuatndivcrtit.
2683 796 2899 851 Factum
2922 804 3005 851 est
3028 804 3203 851 autem
3237 809 3363 852 cum
3384 793 3436 847 hi
3458 793 3588 859 duo,

2002 894 2258 957 tanquam
2289 888 2478 941 incolae
2518 887 2778 955 paradisi,
2811 901 2991 941 secum
3023 887 3091 941 de
3118 886 3429 943 ctelestibus
3460 899 3589 945 con-

2005 980 2388 1044 fabularentur,
2416 981 2593 1034 oleum
2619 980 2761 1048 quod
2786 990 2911 1036 ante
2933 981 3151 1049 pignora
3179 986 3376 1035 sancue
3416 979 3593 1034 crucis

2005 1074 2251 1141 guttatim
2285 1074 2395 1127 illic
2420 1073 2658 1126 defluere
2686 1072 2927 1137 solebat,
2960 1074 3037 1128 sic
3065 1073 3115 1129 in
3153 1071 3386 1126 adventu
3419 1070 3592 1138 ponti—

2007 1164 2129 1219 ficis
2152 1174 2364 1219 auctum
2407 1174 2522 1229 est,
2559 1176 2615 1217 ut
2645 1159 2780 1237 infra
2813 1165 2967 1218 unius
2999 1164 3143 1218 horae
3182 1164 3409 1232 spatium
3456 1162 3592 1223 ultra

2013 1273 2176 1313 Unum
2209 1257 2498 1311 sextarium
2547 1256 2862 1311 exundaret.
2907 1256 3074 1311 Porro
3113 1272 3232 1311 eum
3282 1256 3395 1309 haec
3441 1254 3597 1308 beata

2010 1351 2191 1418 regina
2218 1352 2287 1404 ad
2313 1349 2509 1417 Regem
2539 1358 2683 1405 esset
2714 1348 3033 1403 accersenda
3062 1347 3353 1414 caelorum,
3383 1346 3465 1401 vir
3492 1345 3599 1399 Do-

2011 1444 2147 1497 mini
2186 1442 2475 1512 Gregorius
2516 1441 2580 1495 dc
2626 1441 2745 1509 ejus
2791 1439 3014 1494 transitu
3066 1439 3305 1493 nuntium
3346 1437 3597 1506 accepit:

2012 1540 2243 1603 eumque
2271 1534 2353 1588 illa
2379 1535 2487 1603 jam
2510 1548 2575 1589 eo
2598 1540 2911 1588 accurrente
2938 1531 3218 1599 migrasset
3235 1570 3249 1593 ,
3273 1538 3452 1589 sancta
3479 1527 3598 1598 ejus

2014 1625 2253 1683 membra
2282 1625 2569 1693 sepulturae
2609 1624 2822 1678 locavit.
2852 1623 2967 1690 Quo
2995 1621 3208 1690 quidem
3253 1629 3492 1687 tempore
3518 1620 3599 1675 al-.

2018 1726 2131 1781 tare
2152 1716 2463 1773 suleinniter
2486 1715 2778 1779 benedixit,
2799 1713 3109 1782 operculum
3130 1720 3308 1767 tamen
3326 1711 3601 1780 episcopo,

2018 1811 2105 1880 qui
2141 1818 2265 1865 tunc
2304 1812 2441 1864 forte
2466 1810 2691 1874 deerat,
2723 1807 3032 1863 reservavit.

322 1905 603 1973 oculisque
634 1904 989 1974 lacrymarum
1022 1902 1194 1955 imbre
1222 1900 1458 1967 suffusis,
1491 1901 1542 1953 in
1583 1900 1681 1953 bac
1711 1899 1781 1953 ad
1812 1913 1909 1966 po-
1941 1896 1990 1956 B
2090 1901 2279 1956 XXIII.
2312 1901 2482 1957 Causa
2516 1902 2683 1957 fuerat
2714 1915 2817 1969 qua
2851 1898 3178 1957 Garumnam
3210 1895 3431 1953 fluvium
3451 1895 3603 1967 juxta

323 1998 506 2066 pulum
540 2011 666 2051 voce
698 1995 935 2063 prorupit
964 2010 977 2047 :
1011 1994 1194 2048 Timor
1221 2008 1249 2046 a
1277 1992 1529 2048 cordibus
1558 1992 1773 2059 vestris,
1807 1992 1912 2046 fre-

324 2096 458 2152 tres,
489 2086 779 2150 abscedat,
808 2085 935 2154 quia
966 2084 1243 2138 nobiscum
1290 2084 1479 2137 beatus
1508 2080 1787 2136 confessor
1835 2082 1915 2134 itt-

328 2178 561 2242 babitat,
608 2192 707 2231 nec
738 2177 959 2230 omnino
1005 2175 1209 2231 credite
1254 2175 1488 2238 diabolo,
1520 2174 1609 2243 qui
1650 2174 1716 2227 ab
1763 2172 1917 2227 initio

327 2269 557 2325 mendax
581 2280 664 2324 est
685 2282 739 2323 et
769 2268 818 2321 in
850 2269 1075 2322 veritate
1107 2283 1213 2319 non
1237 2262 1405 2321 stetit.
1428 2263 1564 2320 Cum
1594 2265 1711 2319 haec
1731 2274 1784 2319 et
1809 2264 1915 2317 alia

326 2370 486 2427 verba
516 2369 874 2425 consolatoria
920 2367 1220 2421 astantibus
1252 2365 1510 2427 inferret,
1554 2364 1793 2417 omnium
1836 2362 1917 2416 Iu-

326 2471 445 2517 ctus
476 2463 724 2515 laxantur
752 2460 805 2514 in
831 2461 1081 2529 gaudium
1104 2497 1120 2523 ,
1152 2457 1425 2525 multoque
1446 2454 1733 2509 alacriores
1758 2468 1915 2523 quam

326 2566 590 2609 venerant
617 2552 685 2609 ad
728 2567 822 2607 sua
856 2566 948 2621 per
988 2550 1273 2605 Martinum
1305 2559 1462 2617 atque
1490 2545 1805 2615 Gregorium
1834 2558 1919 2599 re-

326 2646 563 2702 dierunt.
1620 2694 1623 2695 ,

403 2736 529 2791 XX.
550 2735 686 2803 Quia
707 2750 834 2791 vero
856 2733 1056 2789 Natalis
1082 2732 1289 2788 Domini
1317 2731 1646 2789 mentionem
1671 2730 1916 2800 fecimus,

326 2829 460 2901 quid
488 2829 775 2897 aliquando
802 2828 859 2881 iu
887 2827 983 2882 hac
1014 2827 1102 2882 die
1134 2826 1367 2896 pontifici
1409 2836 1593 2881 nostro
1639 2824 1921 2895 contigerit

328 2935 717 2979 memoremus.
746 2919 878 2975 Nam
906 2919 964 2973 in
997 2927 1340 2974 sacrosancta
1374 2918 1533 2988 hujus
1558 2917 1922 2979 solemnitatis

330 3015 441 3088 [AL
466 3013 678 3086 natalis]
730 3022 890 3069 nocte
937 3012 1196 3082 pridiauis
1244 3011 1436 3081 vigiliis
1484 3011 1752 3079 fatigatus,
1800 3023 1922 3065 cum

332 3107 611 3180 paululum
649 3120 709 3162 se
736 3105 915 3161 cubito
943 3106 1269 3169 collocaret,
1301 3104 1380 3158 vir
1425 3103 1641 3172 quidam
1691 3102 1761 3157 ad
1799 3115 1923 3155 eum

332 3200 575 3259 concitus
597 3202 761 3266 venit,
784 3200 969 3255 dicens
991 3216 1004 3251 :
1027 3198 1217 3267 Surge,
1238 3206 1511 3252 revertere
1528 3196 1593 3249 ad
1614 3196 1921 3251 ecclesiam.

2022 1994 2301 2053 Blaviense
2330 2002 2564 2049 castrum
2619 2003 2950 2047 transmeare
2997 1992 3275 2055 debuerit,
3316 1990 3410 2045 sed
3461 1990 3603 2046 idem

2021 2086 2213 2140 fluvius
2244 2086 2316 2139 ita
2344 2096 2467 2140 tunc
2503 2088 2861 2148 intumuerat,
2901 2096 2958 2151 ut
2988 2083 3315 2138 intuentibus
3346 2098 3449 2137 non
3482 2099 3607 2152 par-

2020 2195 2141 2234 vum
2189 2178 2468 2234 horrorem
2504 2179 2790 2234 incuteret.
2823 2178 2936 2233 Non
2970 2178 3126 2245 longe
3174 2184 3351 2231 autem
3392 2184 3608 2231 sanctus

2022 2275 2295 2328 Romanus
2327 2273 2610 2342 presbyter
2640 2272 2952 2340 requiescit,
2986 2282 3143 2339 quem
3179 2278 3380 2332 noster,
3411 2280 3468 2323 tit
3498 2271 3609 2325 vita

2021 2365 2135 2433 ejus
2170 2363 2417 2432 perbibet
2439 2404 2451 2427 ,
2486 2362 2747 2421 Martinus
2780 2360 3080 2417 tumulavit.
3122 2359 3256 2414 Cum
3302 2358 3462 2426 igitur
3488 2361 3611 2417 bine

2023 2462 2259 2533 procella
2310 2473 2620 2525 ventorum,
2668 2461 2813 2515 illinc
2857 2470 3066 2514 montes
3100 2460 3391 2526 undarum,
3422 2458 3611 2531 ingens

2023 2554 2317 2621 periculum
2364 2553 2676 2621 navigatum
2708 2553 3062 2617 minarentur,
3094 2551 3279 2605 oculos
3310 2550 3373 2603 ad
3413 2547 3612 2602 coelum

2022 2647 2252 2715 erigens,
2284 2656 2337 2699 et
2384 2646 2448 2699 ad
2494 2646 2772 2700 ecclesiam
2823 2644 3060 2714 praedicti
3104 2643 3329 2711 Romani
3380 2641 3612 2697 subinde

2024 2741 2341 2805 respiciens,
2370 2740 2505 2794 adeo
2539 2756 2698 2794 omne
2731 2740 2947 2809 pelagus
2981 2756 3102 2794 mox
3135 2740 3523 2808 complanavit,
3558 2746 3613 2792 ut

2026 2834 2347 2901 compressis
2381 2832 2699 2903 fragoribus,
2735 2834 2864 2902 ripae
2905 2832 3058 2887 alteri
3092 2833 3208 2887 sine
3254 2832 3493 2901 periculo
3525 2846 3614 2886 ve-

2028 2926 2215 2982 heretu
2226 2943 2267 2979 r.
2954 2986 2957 2987 ν

2101 3018 2290 3073 XXIV.
2335 3018 2617 3074 Sexdecim
2652 3034 2823 3072 annos
2859 3018 2942 3073 hic
2972 3019 3021 3072 in
3058 3019 3368 3087 episcopatu
3409 3035 3607 3090 exege-

2028 3120 2152 3179 rat,
2184 3125 2305 3165 cum
2338 3111 2648 3180 mquivocus
2679 3109 2798 3180 ejus
2840 3110 2927 3165 ille
2967 3125 3189 3179 magnus
3232 3112 3521 3179 Gregorius
3565 3112 3615 3165 in

2028 3201 2157 3257 sede
2177 3201 2470 3270 apostolica
2503 3200 2846 3270 subrogatur.
2881 3200 3152 3270 Siquidem
3179 3204 3392 3269 opinata
3424 3218 3508 3256 res
3537 3212 3614 3257 est

334 3293 429 3351 Ille
469 3294 898 3364 expergefactus,
922 3293 1132 3360 signum
1163 3290 1339 3344 crucis
1382 3290 1595 3343 sibimet
1624 3287 1923 3356 imponens,
1951 3282 2000 3347 (ἶ
2032 3292 2175 3363 quod
2206 3292 2405 3347 dudum
2439 3293 2577 3347 alter
2606 3293 2759 3347 alteri
2791 3293 3044 3363 peculiari
3068 3296 3136 3347 sit
3164 3292 3393 3347 amicitia
3427 3294 3615 3349 deviu-

333 3386 529 3443 iterum
570 3386 917 3442 obdormivit.
944 3384 1052 3439 Nec
1080 3384 1285 3439 destitit
1314 3384 1395 3438 vir
1428 3384 1535 3447 ille,
1581 3384 1705 3452 quin
1749 3382 1923 3437 homi-

336 3493 463 3533 nem
505 3478 739 3535 secundo
769 3485 1013 3533 moneret
1042 3495 1053 3528 :
1087 3476 1182 3531 sed
1213 3491 1334 3530 cum
1368 3475 1577 3530 excitus
1620 3488 1839 3543 gravem
1866 3488 1925 3529 se

336 3572 514 3627 adhuc
535 3573 791 3639 sentiret,
825 3586 1012 3625 rursus
1039 3568 1384 3625 obdormivit.
1416 3569 1553 3623 Tum
1579 3583 1705 3622 vero
1734 3568 1819 3622 ille
1846 3568 1926 3623 vir

343 3665 507 3722 tertio
554 3665 799 3729 veniens,
835 3664 1067 3718 maxilla:
1095 3661 1213 3731 ejus
1257 3663 1462 3731 alapam
1514 3661 1814 3729 impressit,
1847 3660 1927 3715 di-

337 3773 469 3815 cens
498 3776 514 3814 :
546 3760 622 3814 En
656 3769 709 3814 tu
740 3758 979 3824 reliquos
1008 3757 1073 3811 ad
1106 3758 1314 3827 vigilias
1342 3757 1631 3811 admonere
1658 3756 1844 3821 debes,
1872 3764 1926 3811 et

340 3851 528 3906 tandiu
556 3865 750 3921 sopore
778 3850 1137 3918 depritneris?
1165 3864 1269 3919 qua
1301 3848 1589 3919 Gregorius
1634 3864 1766 3903 voce
1806 3864 1927 3919 per-

338 3941 519 3997 culsus
552 3940 752 4009 pernici
782 3940 1070 3995 velocitate
1111 3940 1175 3993 ad
1204 3940 1488 3995 ecclesiam
1519 3949 1598 3995 est
1628 3954 1921 4009 regressus.

339 4032 490 4088 Adeo
518 4032 765 4101 supernis
794 4033 963 4086 oculis
1010 4038 1195 4101 gratus
1237 4031 1481 4097 exstitit,
1522 4041 1578 4085 ut
1612 4046 1709 4085 nec
1740 4032 1925 4084 buma-

339 4126 509 4181 nitate
540 4134 764 4195 cogente
806 4124 1183 4195 negligentiam
1226 4125 1333 4193 pati
1382 4123 1671 4193 permissus
1715 4124 1787 4178 sit
1815 4139 1925 4178 suae

339 4218 551 4274 salutis.

412 4309 553 4366 XXI.
588 4310 771 4365 Visum
794 4317 876 4365 est
908 4309 1007 4363 hoc
1038 4310 1274 4365 inserere
1304 4307 1520 4364 lectioni
1543 4308 1777 4377 qualiter
1804 4323 1924 4364 eum

340 4402 483 4457 Deus
527 4417 753 4471 arguere
784 4402 1044 4469 voluerit,
1079 4417 1145 4456 ne
1175 4401 1260 4457 vel
1304 4401 1529 4455 aliorum
1561 4400 1773 4456 levitate
1805 4416 1924 4469 poc-

340 4504 510 4551 caret.
542 4495 674 4550 Nam
714 4510 834 4549 cum
884 4494 1023 4549 hunc
1052 4511 1079 4549 a
1112 4499 1396 4564 desperato
1439 4494 1695 4564 languore
1738 4495 1923 4550 beatus

340 4585 598 4643 Martinus
643 4587 714 4641 ita
759 4595 1000 4653 sanaret,
1048 4595 1104 4639 ut
1144 4586 1210 4640 ad
1260 4586 1537 4640 ecclesiam
1590 4586 1641 4639 in
1686 4588 1921 4640 crastino

2030 3396 2167 3441 etus.
2203 3386 2310 3441 Nec
2334 3386 2605 3441 immerito
2627 3429 2640 3450 ,
2673 3402 2793 3441 cum
2826 3387 2968 3441 hunc
3005 3387 3328 3441 Fortunatus
3355 3386 3617 3457 Gregorio

2031 3488 2303 3546 comparet
2333 3477 2691 3544 Nazianzeno,
2725 3486 2976 3548 tanquam
3004 3477 3091 3532 ille
3116 3478 3271 3532 datus
3294 3477 3365 3532 sit
3388 3478 3613 3546 Orienti,

2032 3571 2316 3627 Romensis
2347 3581 2525 3625 autem
2566 3571 2806 3625 Meridiei
2827 3615 2842 3634 ,
2875 3582 2957 3626 ast
2990 3573 3073 3627 hic
3100 3585 3282 3628 noster
3317 3575 3615 3631 Occidenti.

2028 3664 2160 3719 Cum
2192 3661 2355 3735 igitur
2386 3665 2485 3720 iste
2534 3678 2685 3718 sacra
2729 3666 3110 3733 Apostolorum
3158 3666 3338 3721 limina
3375 3669 3615 3736 expetis-

2028 3769 2112 3813 set
2139 3766 2186 3825 ι,
2220 3772 2407 3825 magna
2439 3772 2557 3811 cum
2584 3759 2879 3812 reverentia
2910 3767 3127 3812 sanctus
3149 3774 3268 3813 cum
3303 3774 3435 3827 papa
3457 3773 3616 3814 exce-

2031 3851 2127 3919 pit,
2150 3866 2309 3919 quem
2340 3850 2406 3903 ad
2434 3851 2569 3905 beati
2612 3850 2753 3903 Petri
2782 3849 3188 3904 Confessionem
3234 3850 3615 3915 iutroducens,

2028 3962 2061 4003 θ
2091 3949 2261 4002 latere
2292 3946 2420 4019 [Ed.
2458 3948 2524 4001 ad
2557 3945 2746 4016 altare]
2773 3946 3041 4006 constitit,
3078 3946 3396 4012 prmstolans
3436 3944 3615 4013 quoad

2029 4050 2289 4107 surgeret.
2328 4038 2543 4091 Interim
2578 4047 2790 4101 autem,
2827 4044 2882 4089 ut
2914 4047 3026 4089 erat
3062 4037 3273 4106 ingenio
3319 4037 3618 4104 profundis-

2028 4132 2217 4197 simus,
2243 4138 2505 4185 secretam
2542 4129 2631 4182 Dei
2665 4128 3124 4197 dispensationem
3155 4128 3458 4194 admirans,
3490 4145 3619 4184 con-

2030 4222 2307 4277 siderabat
2350 4221 2402 4275 in
2436 4221 2743 4291 hujusmodi
2774 4222 3042 4276 hominem
3062 4264 3076 4289 ,
3102 4230 3218 4276 erat
3246 4223 3384 4276 enim
3417 4229 3617 4276 statura

2028 4314 2227 4379 brevis,
2261 4318 2459 4366 tantam
2492 4314 2717 4383 gratiam
2751 4312 2964 4367 caelitus
2990 4313 3326 4381 profluxisse.
3353 4314 3501 4379 Quod
3530 4314 3618 4368 ille

2028 4422 2150 4461 mox
2181 4406 2436 4485 divinitus
2467 4406 2804 4474 persentiens
2827 4448 2842 4472 ,
2874 4414 2930 4461 et
2970 4407 3035 4460 ab
3068 4406 3312 4461 oratione
3354 4422 3612 4479 surgens,

2032 4498 2344 4568 placidoque
2376 4508 2433 4552 ut
2460 4509 2577 4553 erat
2604 4497 2749 4552 vultu
2781 4497 2844 4551 ad
2872 4514 3059 4566 papam
3093 4500 3406 4569 respiciens.
3437 4499 3617 4555 Domi-

2032 4613 2151 4661 nus,
2178 4594 2366 4665 inquit,
2401 4595 2524 4650 fecit
2558 4610 2677 4663 nos,
2709 4606 2762 4648 et
2784 4611 2888 4649 non
2915 4594 3014 4663 ipsi
3039 4610 3169 4659 nos;
3199 4594 3337 4647 idem
3366 4594 3416 4646 in
3444 4592 3621 4662 parvis

341 4688 685 4748 properaret,
718 4695 785 4734 ne
814 4694 872 4735 se
916 4680 969 4734 in
1017 4680 1295 4734 soletnniis
1326 4679 1607 4733 missarum
1641 4679 1918 4749 fatigaret,
1953 4675 2006 4736 D
2031 4688 2115 4755 qui
2149 4694 2201 4740 et
2232 4686 2283 4739 in
2314 4687 2541 4755 magnis.
2575 4685 2818 4753 Cumque
2845 4685 2894 4739 id
2925 4701 3035 4740 suae
3062 4685 3375 4753 cogitationi
3400 4694 3620 4737 sanctus

344 4771 439 4826 uni
469 4772 899 4843 presbyterorum
928 4773 1039 4826 haec
1060 4772 1333 4829 celebrare
1363 4775 1632 4842 praecepit.
1663 4771 1772 4829 Sed
1801 4788 1920 4828 cum

343 4864 624 4935 presbyter
675 4866 858 4920 nescio
906 4866 1030 4935 quid
1083 4868 1281 4920 rustice
1326 4865 1514 4919 festiva
1559 4868 1663 4938 [ΑΙ.
1711 4866 1922 4939 festina]

341 4956 505 5011 verba
537 4957 910 5027 depromeret,
942 4958 1184 5013 nonnulli
1214 4958 1283 5012 de
1303 4959 1773 5027 circumstantibus
1802 4975 1924 5027 eum

347 5050 575 5105 irridere
624 5059 938 5122 coeperunt,
988 5052 1226 5106 dicentes
1273 5052 1462 5106 melius
1516 5052 1676 5107 fuisse
1725 5063 1924 5120 tacere,

341 5155 504 5211 quam
550 5142 627 5215 sic
672 5144 870 5215 inculte
918 5143 1083 5221 loqui.
1114 5141 1282 5196 Nocte
1312 5150 1489 5209 autem
1524 5143 1763 5197 insecuta
1796 5143 1927 5197 vidit

342 5235 516 5305 virum
546 5237 813 5309 dicentem
857 5236 991 5303 sibi,
1025 5235 1095 5290 de
1133 5236 1403 5304 mysteriis
1447 5236 1538 5291 Dei
1589 5251 1921 5304 nequaquam

342 5324 743 5396 disputandum.
793 5327 937 5381 Satis
984 5325 1181 5380 dehinc
1231 5326 1369 5393 apud
1415 5341 1535 5379 eum
1584 5327 1823 5379 constitit
1861 5342 1925 5381 ne

342 5417 537 5471 stultos
566 5428 617 5472 et
663 5417 843 5473 faciles
883 5427 1011 5473 ante
1037 5432 1093 5472 se
1127 5419 1459 5487 permitteret
1503 5416 1571 5471 de
1618 5417 1789 5472 beatis
1832 5434 1923 5473 so-

344 5509 559 5564 lemniis
586 5510 913 5567 obtreCtare.

414 5601 581 5658 XXII.
621 5602 828 5671 Saepius
870 5612 1048 5657 autem
1090 5602 1172 5657 vir
1225 5601 1462 5669 Domini,
1494 5600 1633 5656 sicut
1676 5616 1833 5657 verus
1873 5611 1927 5657 et

344 5696 518 5766 gregis
540 5704 594 5752 et
620 5697 814 5751 suimet
843 5682 1149 5763 consultor,
1177 5696 1261 5751 vel
1291 5696 1623 5751 subditorum
1669 5696 1921 5761 utilitate,

420 5864 446 5892 ι
486 5855 597 5911 Hoc
624 5856 717 5911 iter
749 5870 889 5909 anno
917 5856 1019 5911 594
1049 5871 1076 5909 a
1110 5856 1370 5923 Gregorio
1409 5866 1713 5923 susceptum
1756 5855 1920 5911 fuisse

348 5925 578 5983 videtur.
605 5928 735 5983 Nam
766 5941 934 5985 annos
974 5937 1080 5984 tres
1113 5930 1507 5995 praecedentes,
1544 5928 1737 5997 quibus
1779 5928 1916 5985 Gre-

2032 4793 2162 4847 papa
2188 4777 2497 4845 responderi
2523 4786 2894 4845 cognosceret,
2921 4776 3035 4845 ipsa
3066 4790 3157 4829 sua
3191 4775 3617 4845 deprclteusione

2031 4871 2265 4940 gavisus,
2294 4869 2519 4939 gratiam
2553 4884 2710 4938 quam
2744 4869 3002 4924 hactenus
3029 4871 3081 4923 in
3108 4866 3365 4938 Gregorio
3390 4867 3621 4921 miraba-

2032 4973 2138 5035 tur,
2174 4965 2225 5018 in
2266 4977 2455 5032 magna
2495 4965 2844 5029 veneratione
2892 4964 3149 5032 deinceps
3192 4964 3387 5015 habere
3423 4961 3615 5029 cmpit,

2030 5056 2321 5124 sedemque
2353 5056 2677 5110 'I‘uronicam
2708 5055 2780 5109 ita
2812 5057 3111 5111 nobilitavit
3133 5062 3190 5107 ut
3210 5068 3427 5108 auream
3454 5054 3500 5105 ei
3523 5067 3585 5107 ca
3605 5082 3620 5094 -

2036 5146 2277 5215 thedrsim
2311 5148 2565 5211 donaret,
2609 5162 2729 5217 qua:
2773 5150 2911 5217 apud
2960 5148 3233 5216 praefatam
3271 5145 3452 5200 sedem
3485 5145 3614 5218 [Ed.

2036 5238 2242 5308 urbem]
2275 5239 2326 5292 in
2362 5247 2633 5306 posterum
2663 5251 2990 5295 serVaretur.

2107 5329 2272 5384 XXV.
2317 5328 2435 5407 lam
2467 5348 2594 5387 vero
2635 5331 2820 5387 beatus
2865 5331 3120 5387 Martinus
3151 5328 3294 5386 hunc
3332 5330 3607 5387 alumnum

2034 5437 2186 5477 suum
2214 5438 2589 5493 usquequaque
2617 5426 2986 5493 magnificans,
3017 5424 3062 5477 ei
3087 5438 3143 5478 se
3169 5424 3451 5493 propitium
3478 5424 3613 5477 mul-

2034 5516 2101 5568 tis
2134 5516 2305 5568 modis
2351 5515 2845 5578 demon~traverat,
2896 5515 2988 5569 sed
3033 5526 3088 5569 tit
3119 5517 3373 5584 cperibus
3410 5517 3525 5585 ejus
3554 5532 3614 5571 se

2032 5624 2243 5678 quoque
2274 5618 2675 5676 coolieratorem
2708 5608 3035 5672 ostenderet.
3061 5610 3347 5681 aliquando
3375 5624 3615 5679 praesen—

2034 5703 2163 5757 tiam
2210 5716 2359 5755 suam
2386 5741 2401 5765 ,
2446 5702 2571 5755 licet
2601 5700 2955 5769 invisibilem,
2997 5718 3099 5758 suo
3132 5720 3239 5774 quo
3276 5702 3441 5758 videri
3476 5700 3613 5758 solet

2030 5855 2584 5997 itif-altilia!“
2607 5865 2722 5915 erat
2749 5857 3013 5929 pontifex,
3041 5858 3095 5914 in
3123 5856 3312 5914 Galliis
3341 5854 3524 5925 exegit
3542 5866 3613 5911 ex
