4086 6328
534 414 627 468 η.

1436 397 1762 461 GREGORH
1800 394 2110 456 EPISCOPI
2159 392 2589 453 TURONENSIS
2640 391 2820 451 VITA.

3702 392 3800 449 128

529 493 839 600 splendore,
865 522 1211 580 manifestare
1239 520 1489 592 dignatus
1517 528 1620 575 est.
1649 517 1781 573 Nam
1811 514 2108 571 oratorium
2138 513 2193 574 Α
2217 526 2335 581 quze
2381 510 2528 565 illum
2579 511 2648 565 ita
2693 511 2905 579 privato
2934 508 3129 564 affectu
3158 506 3421 580 diligunt,
3460 514 3521 563 ut
3550 508 3715 564 etiam
3747 510 3797 565 in

530 637 598 679 ex
642 617 1008 689 promptuario
1052 612 1466 687 praedecessoris
1513 611 1597 666 sui
1650 609 1790 679 apud
1840 609 2114 664 Turonem

532 719 963 774 eonsecraturus,
992 707 1249 776 reliquias
1272 704 1440 760 sancti
1466 702 1739 761 Saturnini
1770 702 2024 771 martyris
2052 714 2116 754 ac

534 804 716 861 domui
766 800 978 857 Martini
1009 815 1037 853 a
1067 798 1286 853 basilica
1329 804 1609 864 susceptas
1638 809 1760 848 cum
1791 792 1997 863 ingenti
2027 806 2116 847 ve-

536 896 814 953 neratione
837 891 1130 948 deferebat.
1158 889 1287 943 Erat
1314 892 1455 944 enim
1482 887 1820 941 sacerdotum
1847 894 1903 940 et
1924 886 2119 941 levita-

538 1002 657 1046 rum
688 988 743 1045 in
771 986 906 1042 albis
928 984 1163 1042 vestibus
1191 999 1295 1038 non
1320 981 1573 1035 minimus
1596 981 1820 1046 chorus,
1838 989 1892 1035 et
1915 979 2111 1033 civium

542 1082 924 1136 honoratorum
951 1077 1087 1133 ordo
1116 1076 1438 1146 praeclarus,
1469 1075 1563 1129 sed
1596 1084 1649 1130 et
1679 1075 1859 1142 populi
1893 1073 2117 1129 secundi

540 1171 740 1245 [Genm
769 1168 1061 1242 saecularis]
1094 1169 1301 1223 ordinis
1329 1183 1553 1238 magnus
1572 1176 1889 1232 conventus,
1913 1168 2123 1223 radian-

541 1265 681 1319 tibus
708 1262 1022 1318 solemniter
1050 1261 1254 1326 cereis,
1290 1261 1539 1316 crucibus
1569 1262 1621 1315 in
1662 1261 1832 1317 altum
1872 1262 2118 1318 sublatis.

540 1353 670 1411 Cum
702 1354 775 1409 ita
800 1352 1080 1409 veniretur
1108 1351 1175 1406 ad
1204 1352 1431 1415 ostium,
1463 1351 1715 1406 terribilis
1744 1352 1918 1422 fulgor
1947 1353 2121 1407 cellu-

542 1447 647 1503 lam
678 1445 855 1500 subito
880 1444 1205 1515 perfundens
1232 1443 1470 1498 omnium
1513 1444 1701 1498 oculos
1740 1444 1907 1498 nimio
1947 1444 2129 1513 splen-

543 1538 672 1593 dore
687 1536 1023 1607 perstrinxit,
1043 1535 1134 1606 qui
1160 1535 1360 1590 diutius
1386 1536 1587 1591 durans
1610 1535 1712 1590 hac
1738 1536 1967 1605 illacque
1987 1536 2130 1591 sicut

544 1630 723 1701 fulgur
751 1630 1101 1695 discurrebat,
1126 1644 1313 1685 omnes
1336 1629 1505 1683 nimio
1528 1643 1725 1699 pavore
1754 1630 1983 1698 perculsi
2008 1630 2128 1685 solo

544 1721 812 1791 iacebant.
838 1722 908 1775 At
937 1721 1258 1791 Gregorius,
1300 1728 1358 1775 ut
1402 1728 1565 1774 tanta:
1591 1722 1803 1776 virtutis
1834 1722 2086 1777 conscius
2112 1764 2126 1789 ,

546 1819 859 1866 constanter
902 1825 995 1866 eos
1033 1812 1327 1866 exhortans
1359 1829 1371 1863 :
1402 1811 1609 1879 Nolite,
1646 1812 1847 1883 inquit,
1901 1814 2125 1884 timere,

2216 613 2400 663 nostro
2431 613 2699 673 tempore,
2729 603 2943 674 quando
2980 602 3214 659 charitas
3244 603 3465 657 nimium
3490 601 3603 670 jam
3649 604 3797 660 refri-

2216 698 2404 767 gescit,
2430 698 2623 753 multos
2644 706 2750 752 tam
2775 705 2931 767 gente
2957 711 3116 767 quam
3146 696 3318 767 lingua
3342 698 3556 767 ignotos
3588 697 3657 751 ad
3686 697 3800 767 ejus

2217 790 2613 845 sanctissimum
2645 790 2908 843 tumulum
2938 789 3209 844 conﬂuere
3236 789 3514 844 videamus
3533 832 3548 855 ,
3585 799 3648 846 ut
3676 805 3795 845 me-

2219 879 2321 936 rito
2351 882 2418 936 de
2446 881 2634 937 eodem
2671 882 2897 937 Martino
2939 881 3147 936 dicatur
3173 899 3186 935 :
3211 881 3379 952 Cujus
3409 883 3615 937 vultum
3657 882 3799 938 desi-

2219 973 2372 1028 derat
2401 974 2649 1029 universa
2682 984 2844 1029 terra.
2871 974 3107 1041 Quorum
3134 975 3315 1044 utique
3337 974 3511 1029 studia
3538 984 3800 1042 nostram,

2222 1066 2312 1137 qui
2344 1068 2499 1121 vicini
2528 1082 2747 1133 sumus,
2794 1068 3042 1122 inertiam
3070 1066 3192 1135 jure
3232 1068 3587 1122 vehementer
3617 1067 3800 1121 redar-

2222 1168 2429 1228 guunt:
2463 1174 2567 1213 non
2597 1168 2775 1214 tamen
2808 1160 2925 1213 sine
2956 1159 3138 1211 divino
3162 1158 3537 1212 moderamine
3561 1166 3801 1223 constat,

2225 1252 2366 1320 quod
2390 1252 2506 1323 ejus
2531 1267 2684 1307 amor
2710 1255 2781 1307 ita
2810 1254 3049 1307 omnium
3072 1252 3234 1307 corda
3264 1252 3585 1321 penetravit,
3618 1260 3676 1306 ut
3697 1254 3806 1318 ejus

2226 1344 2486 1398 memoria
2517 1344 2663 1399 velut
2704 1345 2925 1399 alterius
2966 1345 3128 1399 Josiae
3170 1354 3277 1399 tam
3321 1345 3497 1399 dulcis
3527 1346 3603 1399 sit
3643 1347 3807 1401 omni-

2229 1434 2356 1499 bus;
2392 1434 2613 1504 etquod
2640 1450 2733 1503 per
2760 1448 2950 1489 omnes
2974 1434 3107 1489 ﬁnes
3143 1446 3300 1489 terrae
3327 1436 3398 1489 ita
3436 1435 3726 1503 spatiavit,
3758 1444 3809 1491 ut

2228 1527 2317 1582 ubi
2358 1526 2605 1583 Christus
2640 1528 2799 1583 habet
2839 1543 3063 1595 nomen,
3114 1529 3375 1583 Martinus
3412 1529 3681 1583 honorem
3723 1529 3809 1583 ha.

2230 1618 2372 1675 beat.
2406 1620 2567 1674 Datus
2586 1630 2669 1677 est
2692 1625 2770 1677 eis
2794 1630 2848 1676 et
2874 1621 3163 1689 Gregorius
3187 1624 3267 1676 vir
3289 1638 3392 1675 non
3419 1622 3595 1676 solum
3625 1623 3811 1677 sancti-

2232 1721 2361 1776 tate,
2385 1712 2479 1767 sed
2502 1721 2556 1766 et
2584 1712 2826 1769 doctrina
2850 1718 3049 1779 clarus,
3081 1730 3148 1769 ne
3178 1715 3305 1769 urbs
3327 1715 3601 1769 Turonica
3626 1716 3811 1771 obscu-

2234 1807 2345 1863 rior
2370 1806 2641 1862 videretur
2674 1809 2717 1862 si
2759 1809 3079 1877 scriptorum
3114 1809 3290 1863 officio
3322 1810 3623 1873 caruisset;
3658 1811 3806 1879 quin-

546 1902 978 1958 rememoramini
1006 1904 1238 1974 qualiter
1257 1904 1450 1973 globus
1482 1904 1619 1974 ignis
1658 1905 1726 1959 de
1768 1905 1941 1973 capite
1986 1906 2129 1963 beati
2159 1902 2207 1962 B
2232 1898 2395 1953 etiam
2416 1898 2699 1970 sicut[Ed.
2720 1900 3062 1971 potius]urbs
3091 1901 3352 1956 Romulea
3378 1911 3498 1970 post
3536 1902 3809 1970 apostolos

547 1993 755 2049 Martini
781 2008 1060 2065 egressus,
1094 1995 1288 2051 coelum
1320 1995 1463 2050 visus
1510 2005 1591 2050 est
1620 1999 2040 2067 conscendisse,
2071 2009 2131 2056 et

546 2088 616 2143 ob
656 2086 710 2141 id
759 2102 856 2143 nos
885 2104 1006 2142 cum
1051 2088 1134 2142 his
1170 2090 1371 2143 sanctis
1417 2088 1661 2158 reliquiis
1703 2091 1876 2159 ipsum
1928 2092 2130 2150 credite

550 2178 817 2235 visitasse.
855 2180 1005 2236 Tunc
1038 2181 1271 2236 universi
1313 2182 1787 2254 magnificaverunt
1834 2186 2040 2256 Deum,
2078 2196 2133 2245 et

548 2271 726 2325 senior
752 2285 871 2327 cum
899 2271 1107 2327 clericis
1136 2272 1343 2328 dicebat
1368 2293 1382 2329 :
1417 2274 1737 2333 Benedictus
1769 2281 1860 2350 qui
1885 2282 2034 2338 venit
2072 2283 2127 2338 in

547 2365 764 2421 nomine
785 2364 1019 2432 Domini,
1054 2365 1196 2422 Deus
1219 2366 1479 2426 Dominus
1498 2379 1552 2427 et
1577 2371 1755 2429 illuxit
1773 2374 1949 2431 nobis.

620 2521 809 2579 XXVI.
852 2523 1027 2579 Pauca
1063 2524 1176 2580 haec
1200 2525 1268 2581 de
1308 2536 1494 2583 nostro
1532 2532 1761 2598 praesule
1807 2534 1947 2591 dicta
1979 2537 2129 2592 sint:

551 2630 657 2670 non
685 2615 828 2670 enim
849 2630 971 2670 eum
998 2616 1399 2684 miraculorum,
1424 2634 1542 2689 qua:
1563 2622 1723 2678 etiam
1746 2627 1991 2693 reprobis
2015 2629 2133 2685 dari

550 2707 756 2773 solent,
786 2710 941 2777 copia
971 2709 1441 2781 commendamus,
1473 2714 1568 2769 sed
1591 2730 1694 2772 nec
1738 2717 1876 2775 hanc
1916 2720 2132 2790 quidem

548 2802 772 2872 gratiam
795 2802 873 2858 illi
898 2804 1137 2861 defuisse
1158 2806 1608 2868 demonstremus.
1633 2813 1900 2871 Caeterum
1924 2818 1992 2874 ad
2014 2820 2134 2890 ejus

549 2894 778 2962 gloriam
817 2898 1300 2956 commendandam
1332 2901 1461 2957 illud
1510 2904 1664 2959 nobis
1694 2907 1958 2973 sufficiat,
1988 2913 2133 2981 quod

551 2984 739 3041 humili
767 2989 929 3045 corde
959 2990 1226 3046 Christum
1256 3003 1470 3050 secutus
1501 3004 1608 3064 est,
1640 3007 1694 3054 et
1715 3002 1855 3070 quod
1880 3018 1989 3059 non
2010 3020 2134 3075 spe-

550 3078 688 3133 ravit
717 3080 769 3135 in
802 3084 1039 3151 pecuniae
1073 3084 1360 3141 thesauris.
1393 3086 1507 3142 Hoc
1531 3097 1557 3125 ει
1588 3089 1772 3161 utique
1798 3102 1881 3149 est
1912 3095 2134 3151 mirabi-

551 3168 621 3224 lia
647 3171 839 3228 fccisse
865 3192 877 3227 :
905 3175 1049 3245 quod
1091 3188 1147 3231 ut
1185 3178 1378 3248 partim
1428 3183 1673 3249 superius
1716 3196 2068 3253 monstratur,
2101 3204 2131 3244 a

2231 1990 2523 2045 illustratur
2546 1991 2599 2045 in
2632 1992 2799 2046 altero
2827 1992 3121 2063 Gregorio,
3165 1995 3233 2046 ita
3278 2003 3332 2048 et
3375 1993 3651 2048 Turonica
3695 2003 3810 2063 post

2231 2084 2514 2139 Martinum
2538 2084 2830 2140 decoretur
2860 2085 2913 2139 in
2944 2086 3068 2139 isto.
3100 2086 3271 2151 Quem
3306 2086 3568 2142 videlicet
3608 2102 3706 2141 nos
3734 2086 3812 2141 vel

2231 2176 2369 2247 apud
2394 2176 2593 2244 Deum,
2626 2177 2708 2231 vel
2738 2177 2874 2245 apud
2907 2179 3123 2231 beatum
3158 2176 3447 2232 Martiuum
3494 2179 3815 2234 advocatum

2233 2268 2515 2339 quemdam
2543 2277 2703 2339 atque
2733 2280 3064 2336 sequestrem
3097 2268 3296 2323 habere
3338 2272 3711 2335 confidamus,
3744 2272 3816 2326 ei-

2233 2377 2337 2433 que
2364 2370 2575 2417 nostras
2609 2362 2959 2417 necessitates
2985 2363 3054 2416 ad
3076 2363 3473 2433 expediendum
3516 2366 3820 2421 committa-

2235 2468 2372 2511 mus.
2404 2453 2603 2509 Verum
2652 2452 2743 2509 ille
2792 2468 2898 2508 non
2940 2455 3041 2509 erit
3090 2456 3376 2511 immemor
3414 2458 3497 2512 vel
3549 2473 3698 2525 suae,
3744 2457 3820 2516 vel

2234 2545 2445 2601 Martini
2482 2545 2904 2614 misericordiae,
2950 2563 3108 2617 quam
3150 2549 3306 2603 nobis
3356 2558 3649 2619 tantopere
3698 2552 3821 2605 insi-

2234 2655 2401 2695 nuare
2427 2639 2666 2706 curavit;
2688 2642 2887 2711 quippe
2915 2641 3008 2711 qui
3034 2641 3101 2695 ad
3127 2642 3266 2696 hanc
3292 2641 3674 2699 insinuandam
3712 2645 3820 2715 ejus

2234 2733 2489 2788 miracula
2518 2733 2761 2802 digessit,
2792 2743 2849 2788 ut
2879 2736 3077 2804 quique
3108 2735 3273 2789 futuri
3305 2738 3591 2794 audientes
3629 2748 3822 2811 quanta

2234 2833 2287 2880 et
2317 2824 2494 2895 qualia
2524 2825 2818 2880 visibiliter
2847 2837 3121 2895 operetur,
3156 2844 3318 2898 quam
3360 2830 3682 2901 desperatos
3719 2832 3821 2885 Ian-

2233 2932 2427 2987 guores
2455 2927 2638 2986 sanet,
2673 2919 2739 2974 de
2769 2922 3003 2988 potentia
3031 2922 3147 2991 ejus
3188 2924 3496 2981 nullatenus
3536 2927 3816 2993 dubitent;

2233 3018 2285 3065 et
2313 3011 2357 3065 si
2390 3026 2481 3078 pro
2506 3011 2902 3081 dispensatione
2924 3023 3225 3084 temporum
3256 3019 3546 3089 contigerit
3568 3033 3821 3090 corporea

2235 3102 2491 3158 miracula
2522 3117 2769 3171 cessare,
2802 3120 3019 3176 semper
3046 3115 3229 3163 tamen
3265 3111 3551 3165 credamus
3590 3112 3741 3166 illum
3773 3111 3822 3166 in

2236 3196 2437 3250 nostris
2484 3198 2766 3251 animabus
2816 3214 2928 3254 suae
2966 3199 3176 3256 virtutis
3217 3202 3539 3257 medicinam
3586 3201 3819 3271 Operari.

554 3272 899 3361 ΡΘίὲθὶδῑονξισηΔ
937 3276 1021 3322 εει
1070 3268 1260 3339 laqueo
1306 3273 1620 3327 ουεῑοάίῑιιδ-
1683 3275 1855 3344 Ξανθι-
1914 3293 2127 3334 omnem
2157 3286 2203 3350 C
2233 3286 2521 3358 Gregorius
2543 3290 2705 3360 igitur
2726 3292 2937 3347 Martini
2970 3294 3350 3349 misericordite
3378 3298 3648 3361 conscius,
3683 3311 3821 3351 sent-

554 3357 749 3426 quippe
768 3357 993 3426 gloriam
1017 3371 1099 3413 est
1126 3374 1155 3413 a
1188 3363 1420 3429 peccatis
1459 3365 1740 3431 protectio.
1780 3366 2049 3437 Vigesimo
2080 3381 2135 3428 et

554 3449 725 3515 primo
756 3445 914 3516 igitur
942 3448 1282 3518 episcopatus
1320 3453 1404 3508 sui
1432 3466 1608 3523 anno,
1644 3464 1896 3528 tanquam
1941 3471 2129 3532 septe-

554 3541 704 3596 nario
730 3556 994 3598 annorum
1033 3559 1257 3601 numero
1284 3555 1367 3603 ter
1397 3549 1451 3603 in
1483 3550 1589 3606 fide
1625 3562 1826 3610 sanctae
1856 3556 2137 3617 Trinitatis

554 3634 841 3703 completo,
870 3636 1148 3704 appositus
1168 3647 1251 3693 est
1279 3638 1345 3694 ad
1375 3648 1556 3710 patres
1581 3656 1731 3711 suos,
1756 3662 1863 3703 non
1898 3658 2003 3705 tam
2021 3651 2137 3709 die-

554 3740 691 3790 rum,
724 3727 845 3794 quia
867 3724 1038 3782 ferme
1071 3729 1381 3788 tricennalis
1403 3735 1679 3793 ordinatus
1701 3746 1803 3808 est,
1830 3756 1986 3809 quam
2015 3759 2140 3814 per-

554 3811 785 3869 fectione
810 3817 1017 3885 plenus.
1042 3818 1140 3887 Qui
1170 3830 1347 3878 tamen
1369 3839 1473 3879 non
1505 3841 1883 3901 usquequaque
1924 3811 2137 3893 videtur

555 3904 766 3961 clausus
810 3909 862 3963 in
898 3910 1136 3979 tumulo,
1175 3914 1261 3970 cui
1288 3924 1455 3972 restat
1484 3927 1540 3973 ut
1569 3921 1649 3975 vel
1679 3921 1859 3994 lingua
1897 3926 2039 3982 vivat
2082 3928 2136 3983 in

556 3996 773 4055 mundo.
821 4001 887 4055 Et
932 4004 1077 4073 quia,
1111 4005 1249 4062 sicut
1276 4009 1581 4081 credimus,
1622 4013 1782 4070 beato
1826 4015 2051 4074 Martino
2083 4019 2139 4074 in

555 4088 693 4142 coelo
719 4100 799 4146 est
829 4093 1080 4161 sociatus,
1107 4107 1293 4152 sancto
1318 4101 1477 4156 etiam
1499 4117 1728 4173 corpore
1753 4114 1837 4162 est
1862 4107 1941 4162 illi
1968 4109 2023 4165 in
2051 4124 2138 4165 se-

557 4181 741 4249 pulcro
771 4184 992 4239 vicinus.
1024 4188 1191 4244 Porro
1226 4190 1655 4264 Turonicenses,
1687 4213 1755 4252 ne
1788 4199 1990 4255 divinis
2016 4217 2137 4256 mu-

556 4275 776 4330 neribus
825 4277 1108 4335 videantur
1149 4282 1381 4353 ingrati,
1409 4300 1623 4357 semper
1666 4305 1890 4347 necesse
1932 4301 2050 4362 est,
2078 4303 2139 4349 ut

557 4374 848 4423 retractent
875 4380 1199 4442 quantopere
1224 4375 1334 4431 sint
1357 4390 1386 4431 a
1411 4377 1520 4434 Deo
1544 4380 1767 4436 sulfulti.
1794 4382 1959 4438 Datus
1981 4399 2141 4441 nam-

557 4468 659 4523 que
679 4464 760 4511 est
783 4458 861 4512 eis
882 4471 1135 4526 patronus
1158 4477 1264 4519 non
1288 4465 1711 4539 qualiscumque,
1733 4470 1828 4525 sed
1850 4472 2136 4545 Martinus,

557 4544 624 4598 de
652 4547 805 4616 cujus
836 4549 989 4605 laude
1031 4553 1157 4623 quid
1205 4556 1435 4624 primum
1482 4560 1563 4615 vel
1610 4562 1848 4630 speciale
1897 4544 2135 4636 dicatur,

2237 3393 2333 3450 per
2359 3380 2434 3435 illi
2464 3380 2531 3437 de
2567 3397 2730 3453 grege
2764 3398 2861 3437 suo
2905 3395 3153 3455 suggerat
3182 3386 3241 3449 δ,
3276 3402 3489 3455 semper
3528 3388 3680 3442 illum
3731 3402 3823 3458 pro

2237 3479 2378 3528 statu
2407 3474 2577 3528 sancti
2611 3474 2715 3529 loci
2743 3476 2823 3529 sui
2856 3489 2917 3529 ac
2942 3491 3037 3543 pro
3064 3478 3223 3531 totius
3255 3479 3405 3547 regni
3444 3478 3616 3534 salute
3661 3480 3822 3537 inter-

2238 3565 2418 3636 pellet.
2448 3565 2558 3622 Nec
2588 3567 3026 3635 praetereundum
3064 3570 3334 3639 quomodo
3366 3582 3685 3628 consuetam
3725 3573 3821 3628 sibi

2241 3658 2598 3714 humilitatem
2636 3660 2796 3715 etiam
2827 3662 2877 3714 in
2908 3661 3022 3731 ipsa
3059 3662 3330 3732 sepultura
3365 3679 3461 3721 sua
3501 3667 3815 3721 servaverit.

2240 3747 2371 3803 Nam
2403 3750 2453 3804 in
2478 3749 2565 3805 tali
2594 3750 2713 3806 loco
2733 3766 2793 3807 se
2822 3754 3041 3822 sepeliri
3074 3754 3327 3821 fecit,ubi
3359 3758 3818 3827 semperomnium

2241 3840 2466 3912 pedibus
2504 3844 2951 3911 conculcaretur;
2982 3856 3035 3900 et
3080 3847 3195 3916 ipsa
3220 3848 3321 3903 loci
3346 3852 3639 3906 necessitas
3670 3864 3818 3921 coge-

2244 3939 2363 4000 ret,
2398 3946 2466 3987 ne
2508 3948 2741 4001 unquam
2775 3935 2826 3990 in
2855 3937 3033 4007 aliqua
3064 3940 3365 3994 reverentia
3397 3941 3580 3997 haberi
3613 3949 3818 4012 posset;

2239 4023 2335 4079 sed
2365 4038 2493 4092 grex
2517 4024 2660 4080 beati
2684 4027 2891 4105 Martini
2924 4030 3045 4083 talia
3077 4044 3182 4084 non
3214 4029 3420 4099 ferens,
3453 4036 3685 4087 amicum
3721 4032 3817 4087 ους

2244 4114 2374 4168 mini
2401 4115 2483 4169 sui
2511 4116 2578 4172 de
2596 4117 2714 4173 loco
2738 4120 2952 4186 levavit,
2971 4130 3026 4175 et
3047 4120 3194 4175 edito
3218 4122 3442 4191 pulchro
3467 4126 3740 4178 mausoleo
3756 4120 3815 4175 ad

2244 4205 2436 4261 laevam
2462 4210 2629 4263 sancti
2663 4211 2892 4279 sepulcri
2941 4211 3100 4282 digna
3133 4214 3434 4268 reverentia
3465 4214 3745 4269 collocavit
3771 4222 3813 4264 ο.

2242 4297 2385 4352 Obiit
2412 4309 2587 4353 autem
2603 4300 2809 4356 decimo
2821 4304 3005 4371 quinto
3020 4303 3274 4359 kalendas
3292 4305 3623 4374 Decembris,
3644 4304 3814 4360 videli«

2242 4400 2328 4446 cet
2344 4390 2478 4446 infra
2498 4392 2863 4448 Martinianam
2895 4397 3308 4466 hebdomadam,
3343 4410 3396 4454 ut
3420 4402 3812 4455 solemnitatem

2245 4480 2478 4548 Martini,
2502 4499 2659 4553 quam
2693 4484 2779 4539 hic
2814 4485 2924 4554 jam
2956 4498 3221 4559 aegrotans
3252 4492 3522 4548 celebrare
3552 4499 3813 4564 ceperat,

2245 4574 2468 4631 Martino
2510 4576 2726 4645 junctus
2770 4578 2823 4632 in
2871 4582 3011 4635 caelo
3057 4597 3492 4652 consummaret,
3528 4595 3810 4659 praestante

474 4701 482 4709 '
558 4652 699 4742 cum,
729 4648 784 4693 ut
814 4643 1065 4711 scriptum
1091 4654 1193 4711 est,
1223 4647 1339 4716 ejus
1370 4650 1592 4707 minima
1624 4655 1849 4711 aliorum
1884 4660 2133 4716 maximis
2162 4675 2218 4736 Ῑ)
2242 4666 2469 4722 Domino
2495 4667 2621 4722 Jesu
2649 4669 2864 4726 Christo
2887 4714 2899 4737 ,
2935 4675 3025 4741 qui
3054 4690 3173 4729 cum
3202 4677 3358 4733 Patre
3398 4690 3452 4735 et
3477 4643 3676 4750 spiritu
3699 4693 3813 4733 san-

559 4731 761 4801 majora
792 4748 913 4790 esse
940 4738 1281 4794 manifestum
1309 4743 1411 4811 sit,
1448 4754 1623 4803 tamen
1646 4752 1835 4819 quanti
1862 4752 2143 4811 habendus

560 4821 630 4878 sit
656 4833 917 4883 testantur
943 4830 1230 4901 universae,
1253 4843 1309 4891 ut
1337 4838 1406 4891 ita
1429 4837 1626 4907 dicam,
1653 4843 1837 4899 mundi
1865 4847 2134 4915 nationes,

2250 4767 2337 4815 cto
2366 4759 2499 4813 vivit
2528 4768 2581 4812 et
2610 4769 2797 4830 regnat
2834 4763 2996 4832 Deus,
3039 4781 3134 4836 per
3176 4770 3355 4826 omnia
3405 4772 3601 4828 saecula
3655 4783 3812 4828 saecu-

2250 4849 2441 4904 lorum.
2478 4852 2667 4905 Amen.

1411 4974 1641 5046 Explicit
1664 4980 1773 5038 vita
1815 4986 1987 5042 sancti
2027 4987 2273 5061 Gregorii
2312 4986 2701 5062 archiepiscOpi
2732 4990 3079 5051 Turonensis.

634 5146 828 5234 1Q“?
866 5159 1161 5234 Sequuntur
1185 5168 1375 5234 _ttsqu_e
1406 5157 1475 5213 ad
1505 5157 1663 5217 ﬁnem
1683 5202 1697 5229 ,
1731 5165 1917 5234 paucis
1943 5166 2127 5224 verbis

562 5227 834 5283 contracta
864 5231 990 5276 sunt
1017 5224 1070 5277 in
1100 5224 1496 5283 codice'Germ.

636 5282 665 5367 ιξ
699 5287 823 5367 Ed,
851 5306 1046 5367 semper
1068 5295 1156 5350 ille
1182 5298 1245 5350 de
1271 5282 1537 5367 gregesuo
1557 5315 1862 5362 succrescat.

641 5364 665 5394 ι
706 5355 780 5413 De
808 5355 1055 5430 sepulcro
1078 5374 1135 5424 et
1166 5355 1407 5440 reliquiis
1434 5355 1862 5449 beati-Gregorii
1900 5376 2134 5438 diximus

2231 5170 2461 5254 innatis
2488 5171 2911 5254 fusioribuscol.
2952 5178 3108 5254 1:591.
3137 5180 3357 5239 Festum
3405 5184 3525 5254 ejus
3566 5187 3624 5242 in
3670 5190 3811 5254 vetu-

2234 5241 2493 5329 stioribus
2514 5244 2852 5329 Kalendariis
2892 5257 2946 5305 et
2963 5250 3379 5329 Martyrologiis
3420 5241 3525 5314 hoc
3565 5241 3682 5329 ipso
3723 5253 3805 5309 die

2236 5325 2585 5374 memoratur.
2619 5317 2765 5376 Obiit
2791 5333 2936 5379 anno
2959 5321 3088 5381 595.
