4086 6328
335 299 442 358 199
1037 304 1125 360 DE
1163 303 1220 360 S.
1263 302 1617 361 GREGOBIO
1657 299 1984 360 EPISCOPO
2025 302 2412 364 TURONENSI
2460 302 2897 362 TESTIMONIA.

955 435 1290 500 STEMMA
1333 439 1863 502 GENTILITIUM
1907 439 1971 500 S.
2020 439 2410 503 GREGORII
2453 441 2965 530 TUBONENSIS.

3487 317 3593 375 150

1683 585 1740 642 8.
1776 583 2062 655 Gregorius
2131 587 2143 656 |
2211 587 2568 646 Armentaria.

3233 588 3493 650 Artemia.

1605 672 1695 728 ep.
1728 657 2099 728 Lingonensis.
2136 660 2146 722 |

2784 589 3125 646 Florentinus

2816 675 2940 716 seua
2949 670 3052 715 101⁵.

653 725 660 731 ⁸
1342 692 1345 693 ν
1605 692 1695 728 σγ.
1728 692 2099 728 υιιιδυυσιιδιδ.
2136 692 2145 722 ι
2816 692 3052 716 υσιιαισυιο
3155 692 3168 732 ι

549 720 811 794 Georgius
915 725 925 796 |
994 725 1253 782 Leocadia
1327 741 1394 784 ex
1945 741 2299 764 w
2803 745 3494 778 Ν

562 803 800 850 senator.
918 797 932 878 ι
963 798 1129 878 stirpe
1159 796 1224 853 V.
1249 798 1386 868 Epa-
1961 801 2128 878 Filius
2156 800 2287 870 legi-
2342 800 2354 878 ι
2800 803 2957 861 Filia.
3133 805 3144 878 Ι
3175 805 3232 863 S.
3263 805 3499 878 Nicetius

962 869 1130 938 gatlti.
1971 873 2151 927 timus.
2222 869 2225 870 ⁷
2341 869 2357 947 Ι
3132 869 3259 946 iep.
3293 876 3463 947 Lugd.

577 1012 635 1066 S.
671 1013 854 1084 Gallus
915 1012 926 1084 |
994 1012 1300 1068 Florentius
1702 1080 1712 1084 Α
2183 1023 2536 1049 W

549 1095 636 1152 ep.
655 1082 879 1141 Arvern.
913 1080 928 1156 Ι
1030 1083 1279 1142 Senator.
1702 1080 1713 1152 Ι
2187 1084 2548 1144 Armentaria.

1374 1162 2068 1197 Μ

1370 1226 1658 1296 Gregorius
1687 1228 1858 1297 episc.
1882 1227 2012 1283 Tur.

1366 1297 1558 1354 Petrus
1607 1297 1902 1354 Diaconus.

1374 1367 1518 1424 Uxor
1545 1367 1764 1424 Justini.

3613 1319 3631 1381 ἒ

343 1521 3601 1561 W

1080 1541 1217 1553 —

343 1639 1470 1814 TESTIMONIA
1533 1685 2368 1815 VIRORUM
2464 1577 3654 1821 ILLUSTRIUMi

460 1957 618 2059 DE
699 1952 1206 2063 SANCTO
1285 1960 1942 2068 GREGOBIO
2015 1963 2631 2074 EPISCOPO
2711 1970 3455 2091 TURONENSI

345 2189 628 2276 Venantius
653 2191 969 2276 fortunatus
990 2192 1044 2244 in
1065 2193 1284 2276 epistela
1305 2192 1536 2276 operibus
1555 2193 1658 2245 suis
1681 2192 1921 2276 prceﬁxa,
1950 2194 2002 2256 Α
2026 2192 2233 2276 Paulus
2250 2195 2571 2276 “fame-{ridi
2599 2195 2728 2252 libro
2756 2213 2812 2253 ttt
2834 2198 2899 2276 de
2917 2197 3084 2276 Gestis
3111 2198 3602 2276 Langobardorum,

428 2279 541 2333 qua:
561 2263 624 2319 S.
649 2262 898 2334 Gregorio
929 2262 1213 2318 Turonensi
1243 2265 1479 2334 episcopo
1501 2262 1830 2334 nuncupauit.

419 2377 624 2432 Domno
653 2386 838 2431 sancto
867 2387 920 2432 et
968 2377 1094 2433 dote
1127 2379 1439 2432 meritorum
1467 2378 1634 2432 sacris
1662 2377 1921 2434 altaribus

342 2447 551 2503 adscito
583 2449 778 2517 pariter
799 2458 854 2503 et
874 2449 1085 2515 educto,
1104 2449 1363 2518 Gregorio
1384 2464 1553 2517 papae,
1572 2449 1919 2503 Fortunatus.

344 2520 663 2574 Acuminum
689 2534 908 2573 suorum
941 2520 1232 2584 luculenta,
1262 2529 1418 2576 etc...
1450 2519 1636 2586 Unde,
1679 2519 1761 2572 vir
1797 2535 1926 2587 apo-

345 2590 537 2646 stolice
569 2591 906 2657 praedicaitde
929 2605 1060 2659 papa
1082 2591 1326 2660 Gregori,
1355 2591 1476 2661 quia
1502 2591 1698 2661 viritim
1720 2588 1926 2661 ﬂagitas

345 2669 408 2715 ut
434 2662 679 2730 quaedam
711 2676 775 2714 ex
801 2661 1071 2730 opusculis
1095 2660 1380 2727 imperitia:
1405 2677 1537 2716 meas
1569 2660 1664 2715 tibi
1698 2660 1928 2716 transfe-

344 2731 515 2787 renda
539 2732 851 2799 proferrem,
870 2746 1125 2799 nugarum
1151 2747 1384 2786 mearum
1418 2731 1656 2787 admiror
1676 2741 1724 2786 te
1744 2744 1930 2786 amore

344 2801 555 2866 seduci,
586 2812 736 2855 etc...
762 2800 866 2856 Sed
891 2802 1140 2871 quoniam
1169 2845 1183 2866 ,
1213 2811 1320 2858 etc.
1360 2802 1490 2855 Eum
1530 2804 1722 2871 passim
1752 2802 1931 2857 laudat

347 2873 402 2926 in
422 2872 762 2938 carminibus;
786 2872 980 2940 aliquot
1010 2873 1219 2944 seligere
1245 2874 1461 2943 sufﬁciat
1480 2889 1500 2928 :

846 2964 926 3019 Ea:
952 2965 1080 3018 libro
1109 2981 1163 3031 v,
1194 2981 1352 3021 carm.
1389 2966 1439 3020 7.

446 3057 651 3108 Culmen
675 3059 982 3120 honoratum,
1003 3058 1156 3108 decus
1175 3058 1554 3120 almum,lumen
1577 3057 1790 3120 Opimum

503 3120 676 3170 Pastor
701 3116 973 3182 apostolicis
994 3122 1130 3169 sedis
1153 3133 1314 3169 amore
1346 3119 1557 3182 placens.

449 3180 803 3244 Amplecteude
825 3183 946 3232 mihi
971 3194 1168 3244 semper
1187 3194 1328 3231 sacer
1346 3180 1460 3231 arce
1477 3180 1704 3245 Gregori,
1730 3189 1830 3233 etc.

902 3287 1065 3355 Ibid.,
1098 3305 1258 3343 carm.
1289 3287 1375 3343 l5.

447 3381 650 3444 Florens
667 3383 716 3431 in
745 3382 940 3441 studiis,
961 3389 1013 3431 et
1034 3393 1171 3432 sacra
1197 3383 1246 3430 in
1268 3382 1386 3444 lege
1414 3381 1590 3444 fidelis,

511 3443 721 3506 Semper
739 3457 895 3506 agens
913 3445 1084 3494 animae
1105 3445 1230 3494 dona
1254 3443 1414 3494 futura
1434 3452 1550 3496 tute.

852 3525 968 3584 Lib.
1004 3545 1123 3597 viti,
1149 3546 1313 3584 carm.
1342 3529 1432 3585 l6.

449 3642 611 3703 Alme,
639 3641 788 3692 beate
813 3647 970 3704 pater,
1000 3641 1165 3690 lumen
1185 3641 1426 3703 generale
1459 3641 1685 3704 Gregori,

514 3704 538 3752 J
547 3717 634 3755 ure
653 3706 958 3754 sacerdotum
979 3705 1198 3753 culminis
1222 3716 1334 3753 arce
1359 3711 1519 3765 caput,
1545 3711 1642 3754 etc.

912 3809 1074 3877 Ibid.,
1107 3827 1266 3864 carm.
1293 3810 1381 3865 17.

455 3903 640 3954 Lumen
663 3903 725 3952 ah
748 3903 980 3952 Arvernis
1002 3904 1214 3952 veniens
1231 3901 1448 3951 feliciter
1469 3901 1616 3960 arvis,

510 3967 601 4024 Qui
629 3965 892 4016 inlustrans
916 3965 1118 4026 populos
1139 3966 1388 4026 spargeriﬁs
1410 3975 1497 4011 ore
1518 3964 1715 4024 pharus.

450 4027 654 4091 Alpibus
675 4040 739 4078 ex
762 4027 858 4076 illis
879 4025 1146 4089 properans
1165 4038 1306 4074 mens
1330 4025 1471 4074 altior
1491 4026 1625 4086 ipsis.

864 4115 1028 4180 lbid.,
1053 4131 1116 4169 ea:
1135 4129 1295 4167 carm.
1327 4111 1418 4166 25.

449 4225 638 4288 Dulcis,
659 4230 826 4288 enare,
848 4225 1048 4288 decens,
1075 4224 1298 4288 facunde,
1318 4222 1532 4288 benigne
1559 4219 1784 4288 Gregort,

511 4283 673 4350 Atque
701 4283 840 4350 pater
870 4283 1056 4348 patriae,
1083 4285 1196 4350 hinc
1218 4297 1382 4342 sacer,
1400 4283 1514 4350 inde
1539 4284 1706 4350 chare.

451 4347 755 4407 Muneribus,
782 4347 990 4407 meritis,
1018 4348 1191 4408 animis
1218 4354 1269 4395 et
1292 4347 1510 4395 moribus
1533 4348 1708 4408 aequis,

513 4412 748 4462 Omnibus
769 4411 938 4460 ofﬁciis
960 4410 1092 4458 unde
1114 4407 1288 4458 celaris
1313 4409 1521 4458 habens.

840 4512 921 4566 Ea:
947 4510 1075 4565 libro
1105 4527 1179 4577 lx,
1210 4527 1371 4567 carm.
1405 4511 1456 4564 7.

543 4603 700 4654 Corde
715 4602 948 4664 jocundo,
968 4603 1151 4652 calamo
1173 4610 1384 4652 venusto

545 4665 759 4715 Litteras
776 4667 941 4724 mittis,
965 4666 1201 4726 cupiente
1227 4672 1358 4725 voto,

542 4726 724 4776 Blanda
749 4729 1067 4776 conscribens
1088 4727 1231 4775 serite
1255 4726 1426 4776 salutis

735 4789 891 4838 Chare
918 4789 1145 4848 Gregori.

353 4895 680 4953 Baudoniuia
707 4895 1106 4951 sanctimonialis
1141 4897 1194 4948 in
1234 4893 1364 4967 Vita
1390 4901 1580 4950 sancta:
1612 4893 1948 4967 Radegundis

894 4969 1083 5038 regina:
1099 5009 1114 5035 ,
1145 4982 1289 5020 num.
1316 4965 1406 5020 27.

433 5079 738 5135 Ambulavit
764 5082 986 5135 nuntius
1011 5079 1078 5133 ad
1099 5078 1270 5133 virum
1299 5079 1657 5146 apostolicum
1685 5081 1944 5138 domnum

357 5146 677 5218 Gregorium
701 5151 984 5208 Turonicae
1002 5150 1236 5203 civitatis
1259 5151 1596 5218 episcopum,
1622 5162 1678 5205 et
1703 5152 1943 5208 advenit.

354 5221 462 5292 Sed
493 5231 746 5289 quantum
771 5237 1009 5292 prmsens
1033 5220 1165 5292 vidit
1191 5219 1380 5292 oculis,
1405 5233 1689 5290 antequam
1718 5237 1834 5276 eam
1859 5239 1948 5279 se-

355 5291 654 5360 peliret,de
675 5290 790 5363 ejus
810 5292 1117 5356 virtutibus,
1148 5291 1201 5343 in
1226 5290 1362 5344 libro
1383 5293 1942 5363 Miraculnrumquem

356 5364 683 5429 composuit,
707 5362 958 5419 inseruit.
990 5363 1124 5416 Cum
1157 5370 1334 5414 autem
1367 5365 1506 5416 venit
1549 5365 1614 5415 ad
1644 5362 1818 5418 locum
1853 5367 1942 5422 ubi

355 5442 607 5488 sanctum
641 5450 834 5502 corpus
856 5435 1088 5504 iacebat,
1107 5432 1246 5503 quod
1274 5433 1387 5504 ipse
1410 5442 1589 5501 postea
1615 5449 1733 5488 cum
1752 5451 1939 5491 sacra—

357 5514 543 5558 mento
596 5503 898 5574 lacrymaus
946 5505 1198 5571 dicebat,
1247 5503 1387 5573 quod
1421 5510 1473 5560 in
1503 5506 1681 5573 specie
1711 5507 1941 5561 hominis

356 5575 663 5644 angelicum
695 5577 897 5631 vultum
929 5576 1170 5640 viderat;
1201 5577 1360 5630 facies
1390 5574 1534 5631 illius
1563 5576 1708 5630 velut
1737 5592 1860 5631 r053
1886 5587 1945 5634 et

359 5643 531 5699 lilium
559 5646 824 5716 fulgebat,
859 5647 928 5700 ita
957 5645 1298 5702 tremefactus
1327 5657 1408 5701 est
1437 5661 1500 5701 ac
1537 5657 1682 5701 metu
1708 5662 1941 5704 concus—

355 5727 485 5786 gus,
535 5725 782 5786 tauquam
824 5718 868 5770 si
907 5725 1030 5771 ante
1058 5719 1395 5785 praesentiain
1447 5717 1619 5775 beata
1649 5716 1943 5776 Genitrtcis

358 5777 579 5841 Domini
609 5777 810 5844 astaret
831 5777 1166 5845 devotus-vir
1196 5788 1307 5844 Deo
1335 5788 1546 5858 plenus.

2098 2267 2262 2350 capite
2295 2268 2360 2332 1,
2389 2268 2476 2322 ubi
2514 2268 2577 2321 de
2622 2276 2802 2322 sancto
2847 2267 3089 2337 Hospitio
3134 2267 3333 2324 recluso
3379 2269 3613 2325 Nemau-

2100 2352 2256 2391 sensi.
2735 2375 2743 2380 -

2103 2427 2206 2482 Per
2237 2427 2376 2483 hunc
2401 2427 2659 2484 Dominus
2684 2442 2906 2495 magnas
2929 2428 3154 2483 virtutes
3177 2432 3385 2497 operari
3415 2431 3610 2499 digna-

2031 2505 2117 2569 tus
2148 2505 2265 2569 est,
2296 2514 2414 2569 qua;
2434 2500 2670 2569 scripta:
2711 2499 2978 2554 habentur
3011 2499 3062 2554 in
3101 2500 3250 2557 libris
3287 2503 3614 2558 venerabilis

2029 2568 2130 2624 viri
2159 2567 2401 2639 Gregorii
2430 2568 2760 2625 Turonensis
2788 2571 3048 2639 episcopi.

2102 2659 2404 2733 Agobardus
2427 2661 2835 2733 archiepiscopus
2859 2660 3217 2731 Lugdunensis
3248 2663 3302 2717 in
3325 2664 3452 2719 libro
3482 2666 3543 2720 de

2359 2731 2596 2786 Judaicis
2619 2732 3081 2803 superstitionibus,
3104 2749 3220 2802 cap.
3242 2733 3297 2787 4.

2103 2823 2332 2879 Sanctus
2371 2823 2661 2898 Gregorius
2697 2822 3006 2898 Lingonicus
3037 2823 3292 2898 Ecclesiae
3321 2825 3617 2898 episcopus

2035 2903 2251 2963 quantae
2266 2894 2563 2964 sanctitatis
2589 2894 2907 2964 etiveritatis
2938 2894 3114 2957 fuerit,
3144 2894 3258 2948 Vita
3283 2894 3401 2961 ejus
3422 2897 3619 2964 scripta

2034 2963 2200 3036 (inter
2224 2964 2377 3036 Vitas
2397 2963 2612 3017 Patrum
2634 2963 3248 3036 GregoriiiTuronensis,
3278 2969 3454 3036 capite
3486 2963 3541 3036 7)
3563 2976 3621 3022 et

2035 3035 2161 3107 linis
2185 3035 2336 3096 vitae,
2367 3044 2527 3101 atque
2558 3037 2728 3089 honor
2755 3036 2805 3088 ei
2844 3035 2910 3089 ab
2937 3034 3177 3090 Ecclesia
3206 3034 3414 3090 delatus
3445 3034 3618 3107 usque

2036 3104 2197 3160 hodie
2228 3114 2390 3160 testes
2419 3112 2562 3159 sunt.

2037 3195 2233 3252 Florus
2258 3196 2618 3267 Lugdunensis
2638 3195 2690 3250 in
2715 3194 3108 3267 Martyrologio,
3135 3198 3222 3253 die
3243 3197 3277 3251 4
3296 3197 3618 3252 Novembris.

2111 3306 2148 3345 tt
2175 3290 2372 3345 Nonas.
2403 3289 2660 3344 Bituricas
2689 3289 2953 3356 depositio
2983 3290 3152 3343 s-tncti
3187 3289 3405 3344 Lusoris
3438 3292 3620 3359 pueri,

2040 3363 2131 3429 qui
2164 3361 2302 3416 ﬁlius
2328 3361 2604 3428 cujusdam
2629 3362 2922 3426 senatoris,
2955 3369 3087 3428 etc.,
3120 3359 3379 3430 scriptum
3403 3361 3454 3415 in
3487 3361 3626 3417 libro

2043 3431 2694 3502 MiraculorumiGregorii
2737 3431 3066 3502 Turonensis
3113 3431 3376 3502 episcopi.
3419 3433 3530 3484 Ado
3579 3439 3628 3486 et

2043 3504 2212 3557 caeteri
2241 3503 2395 3556 etiam
2422 3501 2915 3573 Martyrologiorum
2939 3501 3213 3570 scriptores
3242 3504 3469 3570 ejusdem
3499 3502 3629 3558 Gre-

1967 3579 2016 3641 B
2042 3575 2175 3645 gorii
2196 3573 2348 3628 verba
2375 3572 2740 3626 adhibuerunt.

2043 3663 2130 3718 Ea:
2176 3664 2478 3717 kalendario
2526 3663 2934 3719 Sacramentarii
2984 3663 3049 3720 S.
3088 3663 3296 3718 Gatiam'
3321 3664 3631 3718 cathedralis

2116 3737 2338 3807 ecclesiis
2367 3735 2676 3807 Turonensis
2704 3751 2956 3807 annorum
2979 3735 3105 3801 800,
3137 3745 3184 3790 et
3213 3734 3375 3789 altero
3406 3733 3630 3807 Majoris

2115 3804 2418 3860 Monasterii
2445 3806 2506 3859 ab
2528 3808 2676 3860 annis
2705 3810 2828 3858 circ.
2858 3805 2964 3859 600
2993 3807 3202 3874 scripto.

2114 3912 2183 3950 xv
2208 3895 2326 3949 Kal.
2354 3895 2661 3949 Decembris
2684 3895 2850 3947 sancti
2878 3891 3122 3960 Gregorii
3149 3893 3496 3947 Turonensis.
3524 3891 3631 3947 Eo-

2045 3969 2160 4021 dem
2187 3967 2270 4018 die
2295 3966 2542 4018 laudatur
2570 3965 2622 4016 in
2654 3965 2810 4016 variis
2835 3962 3225 4032 Martyrologiis
3252 3963 3500 4032 antiquis,
3531 3979 3630 4033 po-

2047 4039 2299 4093 tissimum
2323 4035 2701 4088 Turonensium
2735 4033 3112 4103 Ecclesiarum,
3135 4035 3267 4088 sicut
3297 4043 3342 4088 et
3363 4037 3415 4088 in
3438 4034 3633 4090 Roma-

2044 4125 2132 4174 no,
2166 4109 2218 4160 in
2249 4105 2543 4169 Gallicana,
2567 4114 2672 4160 etc.

2047 4198 2132 4252 Ea:
2157 4197 2307 4251 veteri
2337 4196 2654 4264 Legendario
2674 4195 2918 4251 Ecclesiw
2939 4194 3332 4261 Cabillonensis,
3361 4196 3424 4250 de
3442 4197 3633 4252 sanctis

2122 4268 2366 4324 Silvestre
2393 4278 2441 4322 et
2458 4269 2714 4340 Ἀρνεί-σία
2742 4269 2992 4340 episcopis
3015 4284 3075 4340 ac
3091 4267 3391 4340 Desiderato
3423 4269 3636 4340 presby-

2023 4361 2031 4367 ·
2120 4351 2246 4404 tero,
2280 4341 2420 4408 apud
2449 4336 2738 4392 Perardum
2770 4336 2815 4391 et
2845 4336 3117 4404 Bolland.,
3155 4339 3222 4392 17
3253 4337 3416 4392 Mart.

2120 4431 2197 4485 De
2244 4432 2434 4499 quibus
2477 4432 2600 4485 licet
2645 4431 3059 4499 compendiose,
3116 4431 3396 4500 splendide
3450 4442 3628 4487 tamen

2048 4503 2362 4572 magnificus
2393 4503 2473 4555 vir
2503 4502 2790 4570 Gregorius
2812 4503 3145 4557 Turonensis
3171 4505 3456 4572 episcopus
3485 4504 3538 4556 in
3571 4503 3632 4556 li-

2049 4572 2163 4626 bris
2191 4573 2568 4627 Miraculorum
2610 4575 2680 4627 ita
2724 4573 2910 4626 scribit
2937 4590 2950 4626 :
2979 4574 3331 4628 Beatissimus
3367 4588 3500 4628 vero
3529 4574 3636 4627 Sil-

2050 4653 2252 4708 vester,
2269 4654 2400 4710 etc.,
2429 4659 2493 4698 ex
2519 4644 2647 4696 libro
2668 4644 2731 4698 de
2755 4642 2933 4697 Gloria
2963 4641 3225 4712 Confess.,
3247 4661 3401 4714 capp.
3428 4643 3516 4708 85,
3543 4643 3635 4699 86.

2054 4734 2274 4790 Hericus
2304 4735 2582 4790 monachus
2605 4735 2769 4789 librat
2798 4735 2873 4788 De
2905 4734 3177 4789 Miraculis
3205 4735 3369 4790 sancti
3395 4733 3638 4789 Germani

2348 4807 2807 4860 Antissiodorensis
2838 4807 3084 4878 episcOpi,
3111 4823 3226 4876 cap.
3255 4806 3348 4862 29.

2133 4899 2422 4971 Gregorius
2453 4901 2787 4955 Turouorum
2833 4902 3090 4968 antistes,
3129 4901 3502 4955 miraculorum
3543 4911 3638 4971 eu-

2058 4966 2544 5041 rtosns'indagator
2584 4987 2648 5025 ac
2677 4966 3106 5026 studiosissimus
3145 4972 3340 5032 editor,
3379 4966 3633 5022 nonnulla

2058 5043 2128 5098 ab
2156 5041 2314 5113 hujus
2342 5053 2397 5096 et
2436 5058 2530 5108 per
2559 5042 2717 5109 hujus
2762 5042 3056 5098 beatissimi
3106 5041 3280 5096 Patris
3323 5041 3636 5113 memoriam

2057 5108 2266 5182 patrata
2294 5123 2700 5178 commemorat,
2732 5129 2852 5183 qum
2878 5115 2990 5168 suis
3030 5127 3186 5178 quam
3221 5111 3419 5164 nostris
3459 5108 3638 5164 verbis

2056 5183 2352 5239 intimanda
2377 5184 2679 5250 maluimus,
2707 5199 2772 5237 ne
2793 5186 2869 5239 rei
2895 5191 3094 5251 alisque
3118 5183 3289 5248 pretio
3316 5193 3494 5247 Opera:
3520 5194 3640 5248 per-

2057 5264 2274 5325 mutata:
2295 5254 2546 5325 quiddam
2573 5255 2692 5309 fidei
2716 5251 3416 5325 detrahamus..Germanus,
3431 5258 3640 5325 etc.,ut

2055 5326 2206 5381 habet
2236 5320 2510 5395 Gregorius
2541 5327 2596 5380 in
2634 5326 2765 5380 libro
2794 5327 2856 5378 de
2889 5323 3070 5378 Gloria
3089 5320 3362 5395 συντίθει,
3393 5339 3512 5392 cap.
3547 5322 3640 5376 41.

2103 5415 2214 5473 Ea:
2241 5419 2343 5472 vita
2367 5417 2593 5488 secunda
2623 5418 2788 5488 sancti
2811 5399 3048 5488 Medardi
3068 5415 3258 5471 steculo
3288 5431 3346 5472 lx
3377 5416 3569 5488 scripta

2553 5486 2826 5557 Spicilegii
2855 5493 2991 5539 tomo
3021 5501 3133 5540 vui.

2125 5577 2227 5634 Per
2255 5578 2394 5633 idem
2419 5587 2630 5644 tempus
2658 5575 2800 5629 inter
2825 5573 3131 5632 Gallicanos
3161 5577 3416 5647 praesules
3441 5573 3638 5646 Grego.

2051 5651 2166 5705 rius
2196 5650 2481 5703 historicus
2510 5660 2762 5700 sermone
2810 5655 2866 5700 et
2909 5656 3031 5704 actu
3076 5648 3305 5704 Turonis
3346 5647 3637 5702 habebatur

2052 5720 2494 5796 insignis,etc._..
2533 5715 2628 5796 Hic
2659 5724 2841 5796 nostra
2884 5717 3325 5796 intermittentes,
3365 5716 3489 5796 quid
3517 5716 3639 5796 Gre-

2050 5785 2238 5858 gorius
2265 5788 2555 5847 historicus
2583 5785 2651 5846 de
2676 5787 2840 5855 hujus
2878 5789 3205 5848 sanctissimi
3236 5787 3504 5845 oontilicis
3532 5785 3629 5839 viro
