4086 6328
504 386 608 453 H3

498 515 639 567 Anc.
672 509 1016 564 GERMANICUS
1054 506 1407 565 SARMATICUS.
1438 508 1756 564 FBANCICUS.
1781 506 2076 563 Comicus.
2112 504 2163 565 A

502 582 863 638 Vaunaucus.
892 581 977 633 Ea:
1002 578 1250 649 Onufrio.

572 652 697 708 320.
714 652 959 722 Chrispus
980 648 1155 706 Ctesar
1181 652 1233 705 in
1261 650 1444 705 Galliis
1469 650 1699 705 Francos
1727 651 1903 705 vincit.

575 723 777 778 Fame!
806 720 929 791 ipSi,
959 734 1153 791 praeter
1177 730 1402 777 exteros
1432 730 1773 787 truces,etc.,
1800 722 1898 776 sub
1920 720 2084 775 armis

504 794 610 849 tuis
636 797 705 847 ita
735 794 1113 858 conciderunt,
1158 802 1215 848 ut
1255 792 1421 849 deleri
1452 793 1686 848 funditus
1710 802 1949 861 possent.
1980 792 2083 846 nisi

503 865 977 931 divinoinstinctu,
1007 879 1111 934 quo
1136 864 1278 930 regis
1299 864 1501 931 omnia,
1519 879 1653 933 quos
1677 862 1791 933 ipse
1814 864 2085 917 afflixeras

502 937 870 992 conficiendos
918 936 1054 989 filios
1093 949 1503 991 reservasses...
1548 950 1669 990 cum
1720 934 1975 989 memoria
2004 946 2088 987 ae-

505 1016 679 1076 cepta:
722 1007 890 1062 cladis
936 1020 1040 1076 non
1070 1005 1329 1076 infracta,
1371 1005 1466 1062 sed
1507 1015 1753 1076 asperata
1800 1011 2081 1075 pugnaret.

508 1074 727 1132 Nazarii
756 1077 955 1147 Paneg.
984 1074 1155 1130 Const.
1194 1075 1270 1131 Μ.
1304 1093 1421 1147 cap.
1457 1077 1545 1131 17.

579 1149 712 1213 Quae
744 1158 910 1211 tuum,
927 1146 1278 1203 Constantine
1300 1146 1556 1213 maxime,
1580 1148 1711 1203 mite
1738 1155 1921 1216 pectus
1944 1146 2091 1201 inun-

504 1217 652 1273 davit
678 1219 1003 1287 gratulatio,
1046 1218 1132 1271 cui
1180 1226 1330 1273 tanto
1377 1219 1656 1274 intervallo
1704 1218 1886 1273 videre
1917 1218 2089 1272 filium

504 1288 679 1353 licuit,
708 1298 764 1343 et
793 1288 975 1344 videre
1003 1288 1314 1355 victoriam,
1346 1290 1584 1343 narravit
1606 1289 1791 1358 utique
1820 1288 2084 1343 exhausta

504 1358 643 1412 bella
665 1396 684 1425 ,
726 1368 780 1415 et
812 1359 914 1413 hoc
940 1359 1005 1413 ad
1030 1373 1181 1414 suam
1213 1360 1460 1427 gratiam,
1490 1374 1597 1414 non
1626 1360 1692 1413 ad
1724 1360 1806 1414 sui
1853 1368 2092 1412 ostenta-

509 1430 714 1500 tionem
746 1448 757 1482 :
790 1429 966 1500 qualis
1003 1430 1321 1498 excipiendo
1367 1430 1520 1485 hoste
1547 1475 1561 1498 ,
1608 1444 1767 1498 quam
1817 1428 2092 1484 resistenti

505 1499 821 1570 vehemens,
841 1515 1000 1571 quam
1030 1499 1201 1556 facilis
1227 1501 1568 1571 supplicanti.
1599 1500 1772 1569 Idem,
1798 1516 1913 1572 cap.
1938 1500 2029 1555 57.

1009 1651 1022 1663 .
1050 1650 1065 1664 .
1089 1654 1101 1667 .
1133 1653 1143 1662 .
1169 1614 1318 1677 Major
1343 1621 1425 1665 tua
1450 1616 1606 1678 gloria
1626 1616 1772 1678 terris

628 1675 725 1739 En,
746 1676 987 1739 Auguste,
1011 1679 1109 1727 tuis
1126 1675 1366 1739 praesens,
1396 1675 1632 1727 et'tantus
1654 1677 1841 1739 ubique

630 1736 876 1801 imperiis,
902 1736 1439 1800 facunde'parasnunc
1454 1741 1617 1801 omine
1636 1736 1843 1801 Chrispi,

630 1798 817 1863 peeani
840 1798 1043 1851 intactas
1060 1798 1191 1863 oras,
1210 1802 1387 1863 quibus
1411 1808 1550 1863 eruta
1576 1800 1755 1863 Fusium

618 1860 720 1923 Dat
743 1863 889 1922 regio
909 1861 1076 1923 procul
1097 1860 1391 1923 ecce'dium,
1419 1864 1498 1923 cui
1520 1862 1662 1911 devia
1682 1861 1791 1911 latis

630 1921 757 1975 '1‘0ta
774 1921 959 1987 patent,
982 1926 1139 1992 campi
1156 1925 1255 1992 sub
1273 1921 1409 1992 caeso
1424 1922 1588 1992 limite.
1600 1924 1770 1992 vietor;

1074 1982 1137 2036 P.
1164 1984 1409 2048 Optatiani
1434 1982 1703 2049 Porphyrii
1724 1986 1909 2049 Paneg.

579 2112 706 2174 ³25.
737 2112 986 2187 Chrispus
1012 2114 1187 2171 Ctesar
1231 2112 1454 2169 Francis
1491 2112 1680 2170 bellum
1704 2112 1899 2184 inferre
1934 2128 2097 2183 para-

509 2183 616 2247 bet.

632 2299 743 2362 otia
761 2300 1039 2362 Caesaribus
1061 2300 1195 2362 pacis
1216 2299 1374 2359 dedit,
1401 2312 1550 2349 aurea
1572 2300 1715 2351 sazcla

632 2361 902 2424 Indulgens
922 2364 1048 2424 natis
1064 2361 1256 2424 patrita
1270 2362 1471 2424 pietatis
1495 2363 1704 2424 honore,

636 2423 769 2484 Mitis
786 2422 898 2484 jure
920 2422 1087 2473 Deus.“
1103 2422 1203 2473 Sed
1227 2422 1414 2484 Chrispi
1441 2426 1488 2472 in
1515 2424 1655 2474 fortia
1682 2422 1814 2473 vires

631 2482 743 2547 {Son
765 2482 924 2534 dubiae
950 2487 1052 2547 ripa
1074 2485 1297 2535 Rhenum
1322 2482 1707 2547 Rhodanumque
1732 2488 1860 2536 tueri

638 2544 887 2597 Ulteriore
912 2544 1101 2615 parant,
1117 2554 1179 2615 et
1201 2546 1411 2615 Fruch
1433 2548 1587 2615 tristia
1606 2544 1735 2615 j_'ur_a.

1016 2611 1080 2658 P.
1106 2608 1345 2670 Optatiani
1369 2608 1636 2671 Porphyrii
1660 2611 1849 2673 Paneg.

582 2712 707 2785 55'].
758 2715 1113 2770 Constantinus
1162 2715 1239 2769 M.
1287 2714 1357 2768 22
1386 2714 1520 2769 Maii
1556 2716 1790 2769 moritur.
1822 2713 1949 2769 Tres
1988 2716 2099 2785 ejus

515 2783 655 2909 m
641 2784 866 2841 Caesares
888 2828 903 2854 ,
950 2786 1353 2852 Constantinus,
1386 2785 1717 2841 Constantius
1750 2793 1796 2840 et
1848 2783 2102 2841 Constans

584 2924 947 2984 Constantinus
979 2930 1177 2985 Gallias
1204 2929 1414 2983 obtinet.

732 3000 1069 3071 Constantino
1091 3000 1279 3071 occiso,
1306 3000 1557 3055 Constans
1578 3000 1631 3055 in
1656 3000 1833 3055 Callia
1854 3002 2097 3071 imperat.

585 3068 710 3143 35;“.
742 3070 988 3125 Constans
1019 3088 1132 3125 cum
1163 3068 1385 3143 Francis
1416 3081 1609 3143 pugnat
1633 3074 1685 3126 in
1720 3071 1929 3128 Galliis.

586 3139 749 3197 Vario
777 3151 968 3213 eventu
1000 3142 1283 3197 adversum
1338 3139 1582 3197 FRANCOS
1611 3160 1641 3198 a
1666 3144 1957 3201 Constante
1997 3157 2098 3213 pu-

514 3218 726 3282 gnatur.
756 3212 820 3267 S.
858 3213 1210 3282 Hieronymus
1232 3214 1286 3266 in
1313 3213 1589 3269 Chronico.

588 3280 793 3353 Eodem
819 3299 947 3339 vero
976 3280 1216 3349 tempore
1244 3282 1464 3352 contigit
1507 3294 1565 3338 ut
1603 3284 1907 3353 respublica
1934 3285 2094 3340 etiam
2121 3287 2171 3353 α

517 3352 843 3410 turbaretur.
891 3354 1023 3407 Nam
1070 3354 1397 3409 Fnsucoauu
1440 3369 1571 3423 gens
1622 3356 1674 3408 in
1697 3352 1908 3410 Callias
1959 3356 2097 3410 irru-

515 3422 1295 3551 [Iiit'olnelfactaulti’omanorum
1342 3422 1502 3495 agros
1539 3426 1791 3482 vastavit.
1828 3426 2094 3494 Socrates,

579 3508 622 3545 is
648 3531 662 3546 .
719 3532 734 3547 .
767 3510 803 3551 ι.
835 3511 881 3550 c.
990 3535 1002 3548 .

579 3492 662 3546 ist.
695 3494 734 3548 ι.
767 3510 803 3554 1,
835 3511 881 3550 c.
915 3494 1002 3551 10.

592 3558 1076 3622 34l.'Marcellino
1124 3575 1179 3621 et
1208 3565 1481 3640 Prohinc.
1534 3568 1865 3640 llis-Conss.
1922 3582 2095 3640 pugna

518 3631 782 3709 f_ac_taest_
814 3651 934 3709 cum
979 3649 1138 3709 gente
1178 3639 1507 3694 Fnsnconcu
1537 3652 1567 3693 a
1610 3631 2097 3696 Constante-Aha

518 3704 723 3761 Galliis.
753 3705 976 3762 Idatius.

589 3775 715 3851 ΞΩ.
744 3776 939 3851 Franci
965 3797 997 3833 a
1034 3779 1311 3834 Constante
1330 3781 1599 3835 vincuntur
1623 3790 1669 3835 et
1715 3795 1986 3851 pacantur.

588 3846 791 3922 Fuitne:
817 3865 846 3903 a
868 3850 1161 3922 Constante
1183 3851 1464 3920 perdomiti
1496 3862 1549 3908 et
1572 3868 1672 3922 pax
1694 3846 1813 3907 cum
1835 3854 1913 3908 eis
1935 3854 2094 3909 facta.

516 3927 579 3974 ὸ.
604 3917 960 3990 ﬁHicronymus
990 3922 1043 3974 in
1073 3917 1345 3976 Chronico.

588 3989 903 4046 Consran’tio
928 3992 1134 4049 scilicet
1179 3995 1389 4047 tertium
1424 4003 1479 4049 et
1516 3994 1809 4049 Constante
1853 3994 2044 4049 iterum
2079 4012 2093 4047 :

518 4074 624 4128 quo
650 4062 863 4123 quidem
897 4072 1137 4187 tempore
1176 4064 1441 4118 Constans
1472 4065 1719 4119 anncos
1762 4064 1907 4119 bello
1933 4080 2096 4132 supe-

518 4139 685 4187 ratos.
713 4134 889 4187 socios
919 4148 979 4187 ac
1027 4134 1295 4187 mderatos
1322 4136 1501 4187 nonuli
1526 4135 1755 4187 Romani
1776 4136 1977 4187 effecit.
1996 4136 2096 4187 So-

518 4139 685 4192 ratos,
713 4134 889 4204 socios
919 4148 979 4187 ac
1006 4134 1295 4189 foederatos
1322 4136 1501 4204 populi
1526 4135 1755 4191 Romani
1776 4136 1977 4192 effecit.
1996 4136 2099 4191 So-

519 4206 707 4263 crates,
737 4201 823 4255 lib.
854 4219 906 4270 i,
938 4220 984 4256 c.
1020 4204 1101 4258 15.

592 4270 907 4327 Constantio
951 4273 1017 4326 lll
1063 4281 1117 4329 et
1162 4273 1452 4330 Constante
1496 4276 1563 4332 ll.
1610 4278 1701 4334 llis
1736 4275 1925 4333 Conss.
1975 4277 2099 4333 victi

522 4340 725 4415 Ρκέμςι
752 4342 1091 4415 a_Constante
1114 4344 1178 4398 A.
1204 4359 1299 4399 seu
1330 4351 1518 4415 pacati.
1555 4346 1774 4402 Idalias.

594 4411 718 4489 7150.
748 4413 803 4465 Μ
811 4416 1079 4489 agncntius
1106 4415 1309 4489 natione
1330 4411 1573 4489 Francus
1594 4420 1866 4489 imperium
1890 4420 2097 4489 arripit,

524 4492 570 4535 et
599 4481 922 4561 Constantem
950 4486 1129 4561 per
1153 4485 1425 4561 Caisonem
1463 4481 1726 4546 Fi'ancu'm
1756 4506 1911 4561 prape
1936 4481 2103 4559 Pure;

523 4570 663 4628 nscas
682 4556 741 4628 in
768 4565 935 4628 castra
967 4555 1126 4610 Etena
1149 4558 1403 4628 interﬁcit.

595 4625 720 4699 35L
754 4625 1079 4699 nguentius
1100 4630 1239 4699 apud
1270 4625 1324 4681 Μ
1332 4634 1520 4685 ursiam
1541 4635 1647 4686 acie
1676 4632 1891 4685 uincitur
1910 4648 1941 4685 a
1962 4631 2098 4685 Con-

523 4697 719 4751 stantio
745 4698 808 4750 Α.
840 4697 1035 4752 Franci
1062 4710 1109 4753 ct
1132 4697 1363 4755 Saxones
1393 4704 1445 4754 in
1466 4704 1687 4757 exercitu
1720 4701 2026 4768 Magnentii.

596 4768 862 4842 Aderant
890 4784 991 4823 una
1044 4780 1097 4824 et
1148 4770 1418 4827 affinitatis
1456 4774 1673 4828 nomine
1704 4773 2091 4842 promptissimi

523 4839 794 4910 sociorum
827 4840 1048 4905 Fanum,
1080 4850 1131 4894 et
1160 4842 1419 4907 Saxones,
1450 4846 1538 4910 qui
1572 4839 1717 4897 ultra’
1740 4839 1984 4897 Rhenum
2013 4852 2096 4897 at-

523 4924 629 4976 que
653 4907 956 4965 Occidentis
986 4926 1135 4965 mare
1166 4912 1403 4965 habitant
1432 4907 1673 4967 nationes
1710 4914 1948 4967 omnium
1980 4914 2095 4969 bel-

521 4979 880 5053 iicosissimte.
907 4978 1148 5036 Julianus
1170 4983 1222 5035 in
1244 4984 1472 5037 oratione
1502 4984 1688 5053 prima.
1722 4984 1788 5037 In
1816 4984 2101 5039 Constantii

522 5050 647 5107 imp.
681 5054 897 5107 laudern.

592 5070 1078 5194 ἔὲέῗωῆῗὲἶιθηιὶυε
1130 5124 1368 5195 Lugduni
1405 5144 1459 5182 se
1502 5126 1769 5194 interﬁcit,
1826 5126 2099 5181 Decentius

522 5194 825 5267 ejus__[rater
846 5196 1019 5251 Cwsar
1047 5199 1186 5267 apud
1216 5194 1454 5253 Sexanas
1480 5197 1657 5266 laqueo
1696 5213 1749 5250 se
1775 5197 2060 5265 suspendit.

595 5263 997 5338 355.8ilvanus
1044 5263 1281 5336 ntagister
1331 5263 1589 5338 peditnni,
1644 5268 1783 5338 apud
1836 5263 2104 5321 Coloniam

504 5334 863 5407 ᾼςνᾷρρίηαηι
894 5334 1163 5407 imperium
1191 5334 1401 5402 invadit,
1434 5348 1478 5390 et
1506 5345 1617 5405 post
1648 5336 1718 5391 ‘28
1748 5338 1852 5391 dies
1883 5338 2102 5393 occisus.

501 5403 804 5476 ,Multitudo
828 5403 1148 5463 Francorum
1170 5411 1224 5462 in
1248 5409 1369 5462 aula
1389 5403 1669 5462 Constantii
1693 5408 1923 5476 Augusti.

600 5473 732 5529 Cum
758 5475 1000 5533 diuturna
1023 5481 1230 5535 incuria
1261 5480 1445 5534 Galliae
1474 5477 1653 5531 cmdes
1683 5473 1925 5541 acerbas,
1954 5480 2101 5546 rapi-

504 5542 734 5616 ‘nasque
762 5558 815 5601 et
838 5549 1104 5614 incendia,
1132 5550 1378 5605 Barbaris
1403 5550 1527 5604 licet
1547 5547 1935 5616 grassantibus,
1959 5542 2104 5607 nullo

522 5615 744 5687 iuvante
766 5620 1081 5688 perferrent,
1111 5621 1357 5675 Silvanus
1382 5615 1646 5689 pedestris
1662 5618 1870 5689 militiai
1900 5629 2099 5688 rector,

504 5695 585 5765 :ut
610 5689 809 5765 efficax
841 5691 908 5765 ad
940 5690 1069 5765 bace
1094 5688 1449 5765 corrigenda,
1501 5688 1779 5765 principis
1797 5689 1948 5758 jussu
1980 5707 2103 5761 per-

504 5760 688 5835 ;rexit,
718 5760 1010 5835 Arbetione
1057 5760 1123 5835 id,
1159 5761 1417 5835 maturari
1468 5760 1643 5816 modis
1673 5760 1864 5829 quibus
1894 5760 2104 5835 poterat

506 5830 798 5902 adigente,
833 5841 893 5885 ut
920 5831 1125 5886 absenti
1152 5830 1366 5895 aemulo,
1399 5846 1556 5902 quem
1605 5845 1888 5902 superesse
1928 5834 2105 5889 adhuc

522 5901 863 5975 gravabatur,
897 5902 1211 5971 periculosae
1239 5902 1395 5963 molis
1424 5901 1581 5963 onus
1628 5901 1965 5977 impingeret.
2000 5904 2106 5963 De-

1781 389 2101 448 ANNALES
2138 384 2483 446 FRANCICI.

2125 1891 2176 1953 B

3668 372 3771 436 ut

2188 502 2364 555 scrioit
2394 500 2560 567 fusius
2600 508 2729 567 aute
2752 493 3006 567 adversus
3033 487 3305 546 Silvanum
3341 490 3633 547 machinata
3656 494 3773 562 fuc-

2187 581 2327 633 runt,
2363 563 2467 624 tum
2496 563 2818 637 prosequitur
2839 563 3159 637 Ammianus.

2263 632 2545 710 Iniquitate
2566 638 2643 693 rei
2657 632 3245 710 'percitusMalarichus
3266 634 3544 710 gentilium
3565 644 3768 710 rector,

2186 704 2405 782 collegis
2431 704 2681 765 adhibitis
2700 706 2997 782 _strepebat
3026 704 3352 782 immaniter,
3383 706 3769 782 circumveniri

2189 776 2434 839 homines
2460 782 2668 837 dicatos
2699 778 2927 846 imperio
2956 792 3047 844 per
3073 776 3337 830 factiones
3366 786 3421 830 et
3463 778 3621 834 dolos
3664 780 3766 835 mi-

2190 857 2336 910 nime
2359 854 2557 909 debere
2587 850 2928 921 proclamans
2950 846 3321 921 {petebatque
3335 856 3401 921 ut
3413 848 3534 921 ipse
3564 850 3769 907 relictis

2189 926 2433 982 obsidum
2465 918 3095 978 loco'necessitudinibus
3120 918 3252 981 suis,
3304 918 3641 977 Mallobaude
3679 937 3771 977 ar-

2190 1007 2522 1053 maturarum
2548 994 2763 1047 tribuno
2788 989 3110 1060 spondente
3133 988 3275 1058 quod
3306 991 3587 1057 remeabit,
3624 994 3771 1047 velo-

2191 1070 2305 1123 cius
2339 1067 2623 1137 ju—beretur
2650 1064 2731 1118 ire
2759 1059 3014 1137 ducturus
3042 1059 3339 1124 Silvanum,
3375 1063 3595 1137 aggredi
3634 1064 3769 1137 nihil
3820 1120 3831 1136 ,

2193 1140 2301 1195 tale
2326 1131 2600 1199 conatum,
2652 1133 2810 1205 quale
2852 1131 3194 1205 insidiatores
3239 1131 3501 1205 acerrimi
3538 1136 3774 1189 concita-
3821 1131 3835 1191 ζ

2192 1220 2318 1265 runt
2350 1228 2362 1262 :
2391 1210 2473 1263 vel
2498 1201 2685 1262 contra
2713 1219 2771 1259 se
2802 1204 2949 1271 paria
2988 1201 3355 1271 promittente.
3380 1202 3774 1263 Mallobaudem

2192 1282 2379 1335 orabat
2404 1274 2981 1348 properare_perrnitti,
3014 1274 3127 1348 haec
3174 1287 3294 1348 qua:
3337 1273 3457 1342 ipse
3501 1276 3773 1348 pollicitus

2194 1361 2274 1407 est
2307 1342 2671 1419 impleturum.
2693 1342 3011 1419 Testabatdr
3038 1342 3180 1399 enim
3210 1343 3264 1398 id
3293 1358 3353 1399 se
3382 1342 3567 1414 procul
3612 1348 3775 1406 dubio

2194 1422 2352 1485 scire,
2388 1417 2534 1484 quod
2565 1420 2610 1473 si
2637 1418 2755 1488 quis
2794 1417 3098 1488 mitteretur
3135 1423 3425 1481 extumus,
3455 1427 3647 1487 suopte
3691 1419 3775 1476 iu-

2194 1493 2353 1563 genio
2382 1486 2668 1563 Silvanus,
2695 1491 2855 1563 etiam
2880 1486 3033 1563 nulla
3058 1501 3115 1542 re
3145 1495 3499 1563 perterrente
3509 1486 3775 1563 timidior,

2196 1558 2493 1631 composita
2523 1560 2661 1615 forte
2685 1559 2920 1631 turbabit
2945 1576 2959 1624 ;
2987 1568 3043 1613 et
3067 1571 3373 1631 quanquam
3405 1558 3558 1631 utilia
3579 1558 3774 1619 mone;

2197 1642 2281 1689 ret
2294 1628 2346 1689 et
2376 1632 2703 1695 necessaria,
2730 1630 2904 1685 ventis
2926 1636 3101 1685 tamen
3126 1628 3450 1699 loquebatur
3475 1629 3777 1692 incassum.

2197 1705 2437 1775 Namque
2457 1702 2772 1775 Arbetione,
2799 1709 2903 1775 et_c_.

2252 1771 2398 1844 .Ha'Ec
2428 1773 2753 1859 Malarichus
2780 1771 2956 1826 subito
3003 1774 3575 1859 nactusnetiatnutunc.
3604 1789 3781 1859 squa—

2202 1847 2419 1924 lens_et
2448 1854 2693 1924 miratus,
2716 1850 3051 1924 suamqueet
3078 1844 3348 1924 popularis
3374 1846 3577 1902 Silvani
3606 1844 3782 1906 vicem

2202 1918 2433 1987 graviter
2467 1914 2843 1987 ingemiscens,
2874 1912 3125 1987 adhibitis
3149 1914 3399 1987 Faxucrs,
3447 1931 3677 1987 quorum
3714 1934 3783 1978 ea

2204 1984 2627 2054 tempestatem
2676 1986 2873 2054 palatio
2918 1984 3204 2041 multitudo
3250 1984 3494 2053 florebat,
3544 1990 3783 2049 erectius

2198 2056 2670 2129 jainloquebatur:
2686 2056 3230 2130 tumultuabaturque,
3249 2058 3530 2130 patefactis
3549 2059 3780 2130 insidiis,

2202 2126 2511 2199 retectaque
2531 2130 2640 2199 jam
2683 2126 2909 2191 fallacia,
2943 2141 3051 2199 per
3079 2142 3241 2199 quam
3267 2143 3334 2199 ex
3359 2128 3608 2187 confesso
3634 2126 3783 2189 salus

2106 2222 2111 2227 -
2203 2216 2390 2258 eorum
2414 2197 2784 2274 appetebatur,
2802 2197 3106 2274 etc.Agens
3131 2198 3273 2254 inter
3298 2198 3415 2256 haec
3436 2202 3574 2271 apud
3590 2202 3784 2274 Agrip-

2203 2274 2383 2342 pinam
2406 2270 2683 2342 Silvanus,
2715 2267 3051 2342 assiduisque
3076 2282 3295 2324 suorum
3321 2267 3615 2340 compertis
3636 2267 3784 2329 sua.

2206 2338 2315 2409 iiis,
2359 2357 2479 2412 qua:
2506 2339 2833 2412 Apodemius
2858 2339 2908 2393 in
2937 2338 3112 2393 labem
3158 2354 3374 2395 suarum
3404 2338 3588 2411 ageret
3610 2343 3783 2401 fortu-

2204 2410 2417 2478 narum,
2458 2419 2515 2467 et
2540 2411 2716 2466 sciens
2735 2410 2971 2483 animum
3001 2419 3245 2483 tenerum
3268 2410 3544 2468 versabilis
3583 2415 3785 2483 princi-

2206 2486 2312 2553 pis,
2364 2484 2573 2555 timens
2603 2496 2673 2555 ne
2717 2480 3012 2555 absenset
3059 2480 3399 2555 indemnatus
3436 2480 3786 2555 perageretur

2204 2551 2351 2621 reus,
2395 2556 2447 2609 in
2478 2551 2789 2608 difficultate
2819 2552 3028 2621 positus
3054 2551 3290 2607 maxima
3310 2595 3325 2618 ,
3372 2551 3678 2611 Barbariem
3725 2573 3787 2616 se

2206 2626 2331 2681 fidei
2352 2626 2698 2696 committere
2718 2622 3003 2692 cogitabat.
3039 2623 3149 2696 ξω
3186 2622 3505 2696 Laniogaiso
3545 2637 3782 2696 vetante,

2206 2705 2333 2751 tunc
2362 2697 2640 2751 tribuno...
2670 2694 3004 2764 docenteque
3035 2694 3460 2760 Fasncosmnde
3485 2694 3783 2766 oriebatur,

2205 2768 2579 2848 interfecturos
2617 2780 2764 2832 eum,
2806 2774 3154 2848 auraecepto
3193 2766 3415 2847 praemio
3444 2768 3781 2848 prodituros,

2204 2839 2343 2893 nihil
2367 2848 2540 2893 tutum
2561 2851 2625 2891 ex
2650 2835 3002 2910 praisentibus
3026 2836 3194 2910 ratus,
3228 2835 3533 2910 inconsilia
3554 2842 3788 2910 cogeha-

2204 2918 2293 2965 tur
2321 2918 2560 2965 extrema
2585 2924 2601 2963 :
2630 2916 2683 2961 et
2709 2906 2911 2961 sensim
2932 2922 3053 2963 cum
3080 2907 3465 2977 principiorum
3492 2906 3788 2970 verticibus

2203 2982 2462 3037 secretius
2478 2978 2797 3050 collocutus,
2811 2977 3109 3049 iisdemque
3121 2978 3483 3049 magnitudine
3503 2984 3789 3050 promissa:

2204 3052 2472 3107 mercedis
2522 3049 2782 3114 accensis,
2836 3050 2983 3103 cultu
3028 3064 3296 3120 purpureo
3332 3065 3367 3105 π
3400 3049 3693 3109 draconum
3732 3064 3790 3115 et

2203 3123 2520 3179 vexillorum
2542 3120 2837 3191 insignibus
2858 3120 2925 3176 ad
2940 3129 3149 3191 tempus
3170 3122 3460 3192 abstracto,
3484 3124 3552 3180 ad
3572 3126 3786 3185 culmen

2204 3195 2481 3259 imperiale
2507 3194 2764 3259 surrexit,
2796 3200 2903 3248 etc.

2322 3267 2514 3321 irmalo
2561 3265 2739 3338 itaque
2785 3265 3001 3338 negotio
3047 3275 3477 3338 persequestres
3524 3269 3786 3338 quosdam

2200 3339 2494 3411 gregarios,
2526 3334 2852 3411 obscuritate
2879 3336 2989 3403 ipsa
3018 3336 3085 3389 ad
3114 3336 3165 3391 id
3192 3334 3503 3411 patrandum
3534 3334 3787 3411 idoneos,

2202 3406 2545 3482 prtemiorum
2571 3406 2943 3474 expectatione
2965 3419 3241 3482 accensos,
3266 3407 3396 3482 solis
3416 3416 3538 3463 ortu
3562 3408 3677 3479 jam
3696 3406 3786 3469 ru;

2202 3475 2317 3547 iilo,
2344 3479 2552 3536 subitus
2582 3484 2906 3547 armatorum
2936 3475 3124 3545 globus
3154 3478 3368 3547 erupit:
3400 3475 3582 3547 atque,
3610 3491 3670 3537 ut
3697 3499 3786 3542 so-

2200 3555 2275 3609 let
2299 3546 2351 3606 in
2383 3546 2762 3625 duhii§__rehus
2790 3546 3087 3612 audentior,
3120 3546 3274 3625 caesis
3303 3546 3613 3625 custodibus
3637 3555 3787 3625 regia

2201 3630 2495 3695 penetrata,
2524 3620 2803 3695 Silvanum
2830 3627 3127 3695 extractum
3174 3619 3428 3695 aedicula,
3460 3637 3567 3695 quo
3598 3619 3787 3681 exani-

2202 3687 2376 3757 inatus
2422 3692 2754 3758 confugerat,
2785 3687 2852 3744 ad
2877 3691 3305 3746 conventiculum
3334 3694 3464 3748 ritus
3477 3687 3785 3754 Christiani

2203 3767 2533 3827 tendentem,
2586 3757 2768 3814 densis
2824 3760 3119 3830 gladiorum
3173 3762 3371 3819 ictibus
3424 3765 3781 3823 trucidarunt.

2202 3837 2279 3891 Ita
2308 3837 2414 3889 dux
2445 3831 2583 3907 haud
2614 3831 2860 3907 exsilium
2891 3832 3203 3907 meritorum
3258 3835 3357 3907 hoc
3395 3849 3590 3907 genere
3620 3851 3786 3907 cppe-

2203 3909 2269 3963 tit
2310 3903 2518 3969 mortis,
2569 3911 2713 3957 metu
2744 3904 3157 3970 calumniarum,
3195 3905 3387 3974 quibus
3416 3903 3786 3965 factione'ini-

2202 3973 2689 4050 quorumirretitus
2718 3982 2800 4029 est
2828 3976 3042 4043 absens,
3073 3986 3130 4031 ut
3158 3973 3293 4050 tueri
3321 3977 3490 4050 possit
3527 3979 3784 4050 salutem,

2202 4045 2268 4103 ad
2300 4045 2538 4118 praesidia
2570 4062 2880 4114 progressus
2909 4057 3169 4103 extrema.
3200 4045 3349 4104 Licet
3386 4048 3529 4104 enim
3551 4051 3621 4104 ob
3649 4045 3785 4105 tem;

2202 4119 2464 4191 pestivam
2489 4117 2633 4191 illam
2655 4132 2785 4191 cum
2802 4118 3089 4191 armaturis
3121 4121 3474 4187 proditionem
3504 4128 3626 4175 ante
3648 4120 3787 4175 Mure

2203 4189 2364 4248 Sense
2394 4189 2655 4260 przclium,
2702 4190 2994 4257 obligatum
3030 4192 3199 4259 gratia
3227 4194 3480 4246 retineret
3524 4191 3786 4248 Constan-

2206 4265 2366 4327 tium;
2396 4270 2455 4316 ut
2477 4261 2694 4316 dubium
2726 4270 2923 4324 tamen,
2954 4270 3008 4316 et
3038 4262 3347 4317 mutabilem
3369 4262 3674 4327 verebatur,
3716 4264 3784 4319 li-

2204 4344 2291 4388 cet
2340 4333 2505 4401 patris
2543 4347 2752 4401 quoque
2802 4332 2976 4387 Boniti
3024 4332 3381 4400 praetenderet
3428 4334 3583 4387 fortia
3621 4333 3784 4400 facta,

2207 4405 2410 4459 Fit/inor
2438 4402 2674 4473 quidem,
2703 4402 2796 4457 sed
2829 4417 2923 4471 pro
2946 4401 3278 4473 constantini
3308 4404 3546 4473 partibus
3569 4405 3620 4459 in
3639 4406 3785 4461 bello

2206 4474 2353 4531 civili
2401 4472 2827 4547 acritcruconlra
2858 4472 3161 4529 Licinianos
3207 4472 3349 4547 saepe
3393 4476 3614 4531 versati.
3665 4478 3786 4531 Am-

2208 4547 2365 4599 ntian.
2398 4543 2715 4609 Marcellin.,
2749 4543 2836 4596 lib.
2868 4559 2953 4598 xv.

2283 4610 2924 4688 5.35.4KFranciColoniam
2953 4615 3290 4686 Agrippinam
3318 4618 3587 4688 diripiunt.
3615 4618 3791 4675 Julia-

2125 4682 2180 4743 D
2207 4706 2300 4745 nus
2327 4704 2357 4739 a
2388 4684 2686 4741 Constantio
2716 4687 2779 4741 A.
2830 4682 3018 4741 Ca'sar'
3044 4682 3242 4745 creatus
3268 4691 3323 4744 in
3366 4682 3596 4744 Galliam
3626 4693 3791 4747 mitti-

2202 4774 2303 4817 tur.

2278 4828 2564 4906 (Julianus)
2595 4830 2873 4906 itineribus
2894 4833 3056 4888 rectis
3079 4832 3344 4906 :I‘aurinos
3386 4834 3632 4906 pervenit
3659 4852 3673 4887 :
3699 4834 3790 4893 ubi

2207 4904 2466 4977 nuntio...
2518 4902 2790 4977 Indicabat
2846 4912 3022 4960 autem
3066 4904 3345 4977 Coloniam
3386 4902 3791 4977 hgrippinam,

2209 4972 2371 5047 ampli
2399 4972 2836 5047 nominisurbem
2868 4976 2921 5030 in
2943 4977 3175 5031 secunda
3198 4972 3504 5041 Germania,
3529 4972 3792 5047 pertinaci

2216 5046 2573 5103 Barbarorum
2604 5045 2882 5117 obsidione
2912 5057 3208 5104 reseratam
3258 5050 3465 5117 magnis
3493 5045 3700 5105 viribus
3732 5057 3789 5105 et

2218 5119 2468 5173 deletam.
2493 5116 2685 5182 Amne,
2718 5116 2856 5172 IIist.
2893 5117 2982 5173 lib.
3014 5136 3101 5175 xv.

2270 5187 2393 5264 356.
2426 5188 2673 5242 Julianus
2702 5186 2969 5243 Coloniam
2994 5192 3122 5264 Agr.
3153 5208 3185 5245 a
3210 5188 3444 5264 Francis
3476 5199 3683 5264 captant
3711 5206 3794 5248 re-

2202 5261 2322 5333 cipit
2350 5271 2394 5333 et
2423 5276 2597 5333 pacem
2622 5276 2736 5313 cum
2765 5276 2942 5315 eorum
2968 5261 3168 5333 regibus
3193 5262 3332 5332 facit.

2277 5330 2435 5405 Nullo
2482 5330 2662 5401 itaque
2704 5330 3059 5405 repugnante,
3120 5330 3204 5405 ad:
3238 5334 3659 5405 recuperandam
3709 5334 3792 5393 ire

2208 5402 2405 5472 placuit
2455 5402 2825 5472 Agrippinam,
2846 5402 2983 5459 ante
3010 5403 3238 5460 Caesaris
3281 5405 3335 5459 in
3363 5404 3565 5461 Gallias
3591 5404 3790 5462 adven-

2213 5483 2321 5529 tum
2356 5475 2624 5540 excisam,
2674 5475 3067 5548 ete....‘lgitur
3107 5475 3452 5548 Agrippinam
3496 5476 3794 5548 ingressus,

2212 5560 2320 5600 non
2348 5551 2673 5617 antemotus
2694 5555 2777 5601 est
2802 5545 3016 5610 exinde,
3041 5561 3198 5617 quam
3223 5545 3548 5603 ancoauu
3560 5545 3795 5617 regibus

2210 5617 2406 5689 furore
2424 5615 3085 5689 mitescenteperterritis}
3117 5632 3301 5689 pacem
3344 5620 3583 5674 ﬁrmaret
3612 5615 3795 5689 reipu-

2211 5688 2366 5743 blicae
2394 5686 2606 5741 interim
2634 5686 2992 5759 profuturam,
3021 5698 3075 5744 et
3103 5686 3292 5745 urbem
3318 5689 3585 5759 reciperet
3619 5686 3799 5747 munii-

2210 5760 2492 5815 tissiinam.
2524 5758 2805 5825 Ammian.,
2840 5757 2985 5813 Hist.
3007 5759 3093 5815 lib.
3120 5776 3229 5817 xvr.

2280 5830 2374 5903 llis
2401 5845 2529 5899 ergo
2556 5829 2946 5903 calamitatibus
2964 5841 3233 5903 vexatam,
3256 5841 3311 5888 et
3331 5832 3583 5890 afﬂictam
3606 5842 3798 5891 nactus

2210 5902 2454 5971 Galliam,
2490 5901 2724 5972 primum
2756 5902 3104 5977 Agrippinam
3127 5901 3480 5981 ,reCuperavi.
3510 5905 3705 5967 urbem
3729 5903 3798 5971 ad
