4086 6328
507 411 606 482 M7

825 460 858 481 σε

1792 420 2115 480 ANNALES
2156 419 2476 480 FBANCICI

3658 427 3830 488 ὐὃ

501 544 604 598 mit
655 531 834 599 tamen
876 539 1204 599 interneciva
1259 542 1577 612 certamina“
1604 540 1804 596 cedens
1857 555 2093 612 vespero
2125 541 2182 601 Α
2207 539 2438 612 turbatis
2464 553 2592 608 ergo
2619 537 2897 594 ordinibus
2926 551 3081 594 cassat
3111 536 3369 610 legiones,
3424 538 3698 596 Heraclio
3727 542 3824 598 Jo-

501 616 641 681 tlies,
673 624 853 671 etc....
887 625 1009 686 post
1032 629 1151 685 quae
1192 613 1439 686 repetivit
1469 611 1670 686 Gallias
1710 611 2088 686 Richomeres,

504 687 577 741 ob
603 686 858 754 majorem
891 681 1192 756 praeliorum
1227 681 1494 756 fremitum
1521 685 1613 753 qui
1653 685 2088 756 ex_s_pectabatur,

504 756 634 812 inde
659 753 982 813 adminicula
1004 756 1375 829 perducturus.
1397 754 1679 822 Ammian.,
1701 753 1752 808 ιι
1761 756 1842 809 ist.
1868 755 1905 809 Ι.
1934 770 2089 821 xxxi,

505 830 838 900 cap.1et8.
1163 895 1334 900 __
1444 897 1453 900 _
1773 850 1778 900 ξ

580 900 703 954 578.
736 900 1010 955 Gratianus
1036 913 1125 968 per
1155 895 1534 968 Mallobauden:
1572 912 1742 967 regem
1764 891 2094 950 Francorum

510 972 897 1025 domesticorum
931 967 1162 1024 comitem
1183 967 1478 1023 Lentienses
1500 967 1672 1022 vincit.

581 1043 882 1097 Lentiensis
912 1042 1290 1096 Alamannicus
1321 1040 1619 1109 populus...
1669 1053 1926 1109 pagorum
1975 1053 2094 1093 om-

509 1113 654 1166 nium
682 1113 888 1182 populis
921 1114 972 1165 in
1000 1126 1162 1166 unum
1193 1111 1455 1174 collectis,
1479 1124 1600 1165 cum
1626 1111 1976 1182 quadraginta
2000 1124 2093 1182 ar-

513 1181 776 1236 matorum
802 1183 1032 1238 millibus
1063 1183 1145 1237 vel
1191 1183 1547 1250 septuaginta,
1580 1189 1638 1236 ut
1659 1181 1874 1250 quidam
1906 1181 2096 1236 laudes

509 1252 812 1308 extollendo
835 1255 1090 1322 principis
1119 1252 1452 1323 jactitaruut,
1482 1251 1752 1323 sublatiin
1789 1252 2096 1321 superbiam

513 1333 692 1378 nostra
721 1321 1079 1379 ctinfidetitius
1103 1321 1409 1390 irruperunt
1428 1340 1440 1388 ;
1456 1323 1647 1392 quibus
1662 1321 2094 1390 Gratianus,ete.

511 1393 791 1448 Nannieno
819 1397 1086 1463 negotium
1119 1394 1264 1449 dedit
1289 1395 1502 1449 virtutis
1532 1393 1726 1448 sobriae
1751 1393 1872 1448 duci
1897 1411 1909 1447 :
1939 1395 2098 1463 eique

509 1463 895 1519 Mallobaudem
921 1465 1100 1536 junxit
1126 1466 1236 1534 pari
1270 1472 1528 1536 potestate
1559 1463 1816 1534 collegam
1845 1463 2097 1536 domesti-

511 1539 698 1588 ‘c0rum
742 1536 990 1590 comitem
1021 1550 1307 1604 regemque
1350 1535 1697 1602 Francorum,
1729 1536 1900 1589 virum
1942 1535 2099 1589 belli-

509 1616 693 1659 ensum
738 1615 789 1659 et
820 1608 1032 1663 fortem.
1080 1603 1355 1660 Nannieno
1383 1607 1541 1673 igitur
1573 1613 1829 1675 pensante
1862 1605 2099 1660 fortuna-

512 1683 633 1730 rum
691 1675 977 1732 versabiles
1028 1691 1205 1740 casus,
1272 1675 1498 1745 ideoque
1561 1676 1920 1730 cunctandum
1976 1691 2099 1732 esse

515 1752 799 1819 censente;
835 1747 1193 1819 Mallobaudes
1221 1747 1327 1802 alta
1361 1747 1953 1819 pugnandicupiditate
1975 1762 2099 1817 rap-

509 1816 672 1888 tatus,
699 1827 1142 1883 utconsueverat,
1175 1815 1252 1888 ire
1282 1819 1334 1872 in
1364 1815 1585 1873 hostem
1617 1817 1906 1888 differendi
1929 1815 2099 1888 impa-

509 1884 986 1960 tlerts'angebatur.
1018 1887 1254 1960 Proinde
1292 1889 1541 1944 horrifico
1573 1889 1855 1942 adversum
1885 1884 2100 1957 fragore

511 1963 770 2030 terrente,
808 1959 1032 2027 primum
1087 1959 1225 2029 apud
1259 1961 1626 2030 Argentariam
1658 1961 1808 2027 signo
1841 1976 1935 2029 per
1978 1975 2101 2016 cor-

513 2027 721 2100 nicines
770 2030 895 2084 dato
929 2027 1176 2086 concurri
1222 2041 1303 2085 est
1333 2027 1635 2099 emptum...
1683 2046 1787 2086 non
1819 2027 2099 2100 plusquam

514 2098 749 2169 quinque
777 2101 940 2156 millia
970 2109 1027 2156 ut
1056 2098 1751 2166 :eStimabatur'evaserunt,
1785 2098 1890 2155 etc.
1914 2119 1928 2167 ;
1956 2098 2102 2158 inter

514 2172 820 2242 complures
846 2175 978 2228 alios
1009 2173 1240 2228 audaces
1269 2181 1322 2226 et
1350 2171 1516 2227 fortes
1555 2187 1677 2242 rege
1704 2189 1916 2242 quoque
1943 2173 2098 2229 Pria-

513 2238 598 2313 rio
644 2241 947 2312 interfecto,
1000 2243 1287 2298 exitialium
1321 2243 1590 2310 concitore
1618 2238 1958 2313 pugnarum,
1989 2254 2096 2302 etc.

511 2308 813 2386 Conversus
847 2308 970 2369 illuc
1015 2316 1420 2386 ctnngexercitu
1449 2308 1736 2386 Gratianus
1763 2308 1950 2370 eadem
1993 2332 2098 2386 qua

511 2390 667 2454 antea
693 2383 1004 2441 fortitudine
1033 2385 1251 2441 semitas
1277 2384 1533 2440 (lucentes
1561 2383 1627 2439 ad
1660 2386 1826 2440 ardua
1854 2383 2098 2454 quaerita-

512 2451 650 2507 bat:
696 2469 853 2524 quem
902 2456 1214 2513 Lentienses
1261 2456 1522 2510 intentum
1559 2455 1759 2526 jugulis
1790 2451 1900 2510 suis
1949 2458 2098 2513 omni

512 2528 890 2593 perseverandt
923 2530 1098 2584 studio
1125 2529 1570 2594 contemplantes,
1605 2537 1723 2594 post
1746 2526 2096 2593 deditionem,

513 2601 671 2666 quam
703 2596 1060 2665 impetravere
1100 2598 1324 2668 supplici
1351 2612 1528 2666 prece,
1576 2598 1754 2653 oblata
1785 2600 1867 2668 (ut
1894 2615 2098 2668 praece-

514 2671 660 2738 ptum
685 2672 786 2737 est)
814 2670 1091 2738 juventute
1133 2669 1305 2725 valida
1338 2671 1534 2724 nostris
1568 2668 1826 2723 tirociniis
1869 2671 2100 2738 permis-

514 2735 704 2808 cenda,
738 2735 1090 2808 ad'genitales
1116 2752 1283 2798 terras
1307 2739 1509 2794 innoxii
1555 2739 1631 2794 ire
1660 2735 1904 2808 permissi
1951 2749 2094 2797 sunt.

513 2803 797 2874 Aminiam,
833 2803 972 2865 Hist.
1007 2813 1043 2866 l.
1071 2829 1218 2876 xm.
1241 2827 1288 2866 ε.
1323 2809 1406 2866 10.

595 2877 780 2936 Valens
810 2884 872 2936 Α.
923 2882 989 2938 In
1031 2901 1206 2955 pugna
1235 2898 1350 2936 cum
1391 2881 1595 2935 Gott/tis
1640 2881 1780 2936 vivus
1805 2899 1836 2937 a
1866 2884 2099 2940 barbaris

513 2956 584 3002 est
611 2960 836 3012 exustus.

585 3019 710 3076 379.
741 3021 912 3096 Bauto
939 3033 987 3079 et
1004 3025 1306 3096 Arbogastes
1329 3020 1522 3096 Franci
1545 3023 1683 3077 missi
1711 3040 1741 3077 a
1762 3021 2014 3080 Gratiano
2030 3027 2096 3082 Α.

514 3096 630 3144 cum
649 3095 807 3162 copiis
818 3096 885 3150 ad
905 3093 1244 3152 Theodosium
1263 3097 1317 3149 in
1333 3093 1693 3149 Macedoniam
1715 3105 1760 3150 et
1775 3096 2098 3153 Thessaliam

501 3171 691 3217 contra
715 3165 972 3222 barbaros.

585 3237 654 3289 At
700 3235 1002 3303 Gratianus,
1058 3237 1241 3293 harum
1300 3253 1479 3293 rerum
1526 3239 1714 3292 nuntio
1758 3253 1862 3292 non
1908 3255 2096 3307 parum

513 3307 874 3379 perturbatus,
907 3311 1037 3365 satis
1084 3325 1301 3379 magnas
1336 3309 1517 3379 copias
1569 3308 1800 3376 ablegat,
1861 3309 2102 3364 llaudoni

515 3373 638 3430 dnci
667 3380 888 3434 traditas
916 3397 928 3433 :
960 3396 1080 3436 cum
1111 3373 1213 3448 qu'o
1244 3389 1297 3434 et
1343 3373 1715 3446 Arbogustcrtf
1737 3379 1900 3448 misit.
1935 3381 2102 3438 Erant

515 3449 692 3503 alitem
741 3449 900 3505 ambo
941 3447 1158 3505 natione
1189 3449 1407 3513 FRANCI,
1439 3447 1777 3502 amicissimis
1819 3452 1870 3501 in
1903 3451 2103 3506 liotna-

515 3531 614 3572 nos
644 3521 858 3587 animis,
903 3523 969 3575 ab
992 3519 1213 3575 avaritia
1265 3521 1522 3586 dooisque
1563 3519 1838 3587 captandis
1884 3535 2102 3588 prorsus

515 3589 798 3658 immunes,
833 3594 885 3645 in
914 3592 1120 3646 bellicis
1165 3589 1325 3650 rebus
1365 3589 1647 3658 prudentia
1681 3592 1877 3656 pariter
1923 3607 1985 3646 ac
2015 3607 2103 3648 ro-

512 3659 643 3731 bore
672 3669 1007 3729 praestautes.
1039 3662 1326 3731 Postquam
1361 3658 1413 3712 hi
1464 3674 1584 3731 eum
1628 3661 1868 3715 exercitu
1911 3663 1962 3716 in
1994 3664 2102 3717 Ma-

513 3730 791 3787 cedoniam
826 3729 1270 3800 Thessaliamque
1302 3729 1694 3800 pervenissent,
1727 3733 1814 3798 qui
1849 3748 1935 3788 res
1978 3735 2099 3792 istic

514 3801 744 3874 agebant
773 3803 1010 3874 Scythae,
1043 3812 1172 3867 etc.,
1215 3801 1280 3874 ad
1311 3804 1690 3874 imperatorem
1739 3801 2100 3862 Theodosium

516 3872 754 3940 mittunt,
789 3872 881 3943 qui
925 3884 976 3931 et
1024 3872 1452 3931 benevolentiam
1479 3884 1532 3927 et
1581 3875 1910 3941 societatem,
1941 3886 1988 3930 et
2021 3878 2101 3932 fa-

516 3951 785 4016 cturos‘se
828 3949 1086 4016 quidquid
1135 3947 1474 4016 imperasset,
1510 3943 1910 4013 pollicerentur.
1944 3947 2097 4003 Zosi-

512 4017 643 4077 nius,
677 4013 818 4070 Hist.
846 4013 933 4074 lib.
965 4013 1037 4073 tv.

587 4081 902 4158 Theodosius
929 4109 960 4143 a
991 4089 1240 4144 Gratiano
1276 4085 1338 4142 A.
1369 4089 1427 4156 fit
1455 4089 1735 4158 Augustus.

584 4157 710 4230 582.
746 4159 985 4216 Priamus
1014 4168 1200 4230 regnat
1226 4159 1278 4212 iu
1312 4157 1566 4214 Famem.
1598 4157 1841 4229 Prosperi
1889 4161 2098 4216 Chroni-

513 4243 628 4282 cum
648 4229 1006 4286 ,Pitha’anum.

583 4297 708 4355 585.
764 4301 1097 4357 Merobaudes
1145 4300 1231 4354 II.
1277 4303 1595 4358 Saturninus
1653 4317 1782 4356 coss.
1837 4301 2098 4358 Maximus

513 4369 785 4440 itnperium
842 4373 1060 4432 invadit.
1113 4372 1416 4428 Gratianum
1474 4371 1710 4443 Lugduni
1763 4374 1884 4427 dolo
1940 4375 2099 4430 inter-

511 4452 713 4515 ceptum
742 4461 833 4514 per
861 4445 1269 4515 Andragathinm
1295 4445 1471 4498 ducem
1499 4445 1704 4500 occidit.

583 4514 710 4568 584.
745 4514 1070 4576 Richomeres
1094 4514 1332 4569 Francus
1358 4515 1634 4572 Clearchus
1659 4531 1789 4571 coss.

580 4583 708 4641 585.
737 4585 988 4641 Arcadius
1025 4587 1089 4640 A.
1121 4587 1286 4640 Bauto
1316 4584 1554 4641 Francus
1585 4603 1715 4642 coss.

585 4655 718 4730 Cum
761 4674 859 4730 ego
891 4659 1244 4730 Mediolanum
1295 4667 1418 4730 ante
1476 4658 1770 4713 Bautonem
1816 4662 2091 4716 consulem

509 4727 771 4797 venerim,
799 4727 958 4800 eique
987 4729 1191 4784 consuli
1222 4728 1464 4784 kalendis
1509 4731 1772 4784 lauuariis
1803 4732 2010 4787 laudem
2035 4734 2089 4788 in

511 4805 664 4853 tanto
711 4811 978 4856 conventu
1028 4811 1424 4870 conspectuque
1471 4802 1767 4865 hominum,
1826 4819 1920 4868 pro
1970 4819 2089 4861 mea

511 4876 639 4925 tunc
666 4873 932 4944 rhetorica
957 4873 1311 4944 professione
1341 4874 1695 4944 recitaveritn.
1729 4872 1791 4927 S.
1823 4875 2089 4944 Augustin.

510 4949 690 5011 contra
719 4939 917 5006 litteras
950 4939 1281 5006 Priscilliani,
1308 4943 1397 4996 lib.
1428 4959 1504 5010 ιιι,
1534 4958 1651 5011 cap.
1682 4944 1768 4995 50.

582 5009 707 5084 ξ88.
737 5013 970 5069 Maximo
992 5013 1130 5084 apud
1149 5015 1434 5083 Aquileiam
1450 5016 1580 5068 victo
1600 5009 1651 5066 et
1683 5014 1870 5081 occiso,
1898 5016 2093 5073 Franci

510 5089 559 5154 et
589 5079 817 5140 Saxones
845 5089 930 5154 qui
958 5079 1124 5140 nauali
1150 5079 1344 5139 militia
1367 5085 1582 5140 Maximi
1611 5079 1863 5140 merebant
1883 5091 2089 5145 victori-
2139 5148 2144 5153 ,

513 5152 604 5206 bus
630 5171 684 5224 se
706 5152 983 5210 sociorum.
1034 5214 1042 5224 η

585 5222 678 5279 ille
709 5227 1009 5296 (Maximus)
1036 5222 1194 5296 igitur
1212 5228 1390 5282 statim
1413 5227 1685 5296 afannas
1699 5239 1754 5285 et
1779 5243 1805 5282 a
1826 5231 2095 5290 Saxonum

512 5304 690 5370 gente,
718 5299 770 5350 in
798 5298 1000 5370 Sicilia,
1032 5299 1238 5370 Sisciae,
1276 5297 1584 5370 Petav'ione,
1611 5300 1803 5370 ubique
1833 5313 2095 5360 terrarum

511 5365 687 5439 victus
713 5376 814 5423 est.
846 5369 908 5422 S.
940 5368 1259 5436 Ambrosius,
1284 5368 1453 5439 Epist.
1480 5368 1549 5422 40
1577 5371 1644 5422 ad
1678 5365 1930 5428 Theodos.

517 5505 531 5517 .
599 5433 769 5517 l’ictor
791 5439 930 5517 ﬁli-us
961 5439 1175 5495 Maximi
1206 5433 1378 5496 om:
1398 5440 1462 5494 ab
1480 5441 1759 5512 Arbogaste
1779 5445 1993 5512 imperio
2018 5447 2097 5501 de-

507 5513 668 5574 jectus
691 5519 738 5561 et
769 5513 981 5566 occisus.

584 5575 935 5654 Genobqldus,
989 5583 1355 5648 Marcomcres,
1412 5595 1457 5638 et
1490 5584 1669 5640 Sunno
1717 5585 2006 5654 irrumpunt
2039 5591 2092 5644 in

508 5641 729 5704 Gallias.
761 5641 1001 5727 Nannius
1035 5664 1082 5709 et
1111 5641 1387 5719 Quintinus
1417 5657 1650 5727 magistri
1669 5641 1890 5710 militum
1910 5641 2090 5713 contra

509 5731 594 5770 eos
625 5725 899 5799 exercitum
940 5729 1155 5799 ducunt.
1191 5728 1468 5790 Quintittus
1505 5725 1782 5782 Frumenti
1833 5729 2090 5799 ingressus

511 5801 749 5866 magnam
768 5797 966 5851 cladem
992 5798 1196 5866 accipit.

585 5861 663 5936 Eo
695 5873 937 5936 tempore
973 5861 1304 5934 Genubaldo,
1357 5865 1703 5935 Marcomcre,
1735 5881 1789 5926 et
1837 5873 2088 5929 Smmone

509 5925 756 5996 ducibus,
791 5925 992 5992 Fumat
1015 5939 1069 5994 in
1098 5925 1437 5996 Germaiiiattt
1467 5925 1781 6009 prorupere,
1809 5925 1943 6012 etc.;

2201 611 2542 670 vinianorum
2576 612 2811 674 tribuno,
2853 624 2914 664 ac
2955 625 3091 678 pene
3135 613 3381 680 omnibus
3409 612 3496 680 qui
3529 614 3821 672 militibus

2240 691 2489 748 raeerant,
2523 682 2820 744 exstinctis,
2868 683 3051 750 paucis
3100 679 3353 744 effugium
3399 679 3574 736 tutum
3614 699 3729 738 nox
3765 694 3822 742 et

2227 754 2427 808 atibula
2482 752 2738 806 silvarum
2811 752 3134 818 praestitere.
3188 751 3446 818 Sulpitius
3500 756 3824 814 Alexander

2204 827 2298 882 lib.
2327 840 2383 878 ιιι
2421 823 2618 896 Histor.
2647 823 2776 896 Lege
2805 821 3270 896 locum_integru_m
3309 826 3448 893 apud
3487 824 3822 896 Gregorium

2204 841 2298 882 tto.
2327 841 2383 878 ιιι
2421 841 2618 877 mstor.
2647 841 2776 894 Lege
2805 841 2974 876 tocum
3014 841 3117 876 inte
3155 841 3270 876 rum

2202 897 2403 952 Turon.
2437 895 2524 948 lib.
2559 909 2616 947 ιιι
2649 893 2808 957 Hist.;
2835 910 2951 962 cap.
2977 891 3029 959 8,
3055 841 3153 947 col].
3179 891 3270 949 57.

2276 967 2400 1021 580.
2433 965 2621 1018 Franci
2660 964 2864 1036 Gallias
2893 965 3159 1034 infestant.
3199 966 3506 1036 Arbogastes
3538 967 3821 1023 Romanos

2204 1040 2262 1094 in
2291 1054 2377 1092 eos
2405 1037 2612 1091 excitat.
2659 1034 3067 1106 Valentinianus
3085 1053 3189 1106 pax
3215 1034 3462 1090 cunt‘illis
3491 1038 3612 1092 init.

2281 1110 2358 1163 Eo
2383 1118 2624 1178 tempore
2652 1107 2924 1162 Charietto
2967 1115 3023 1161 et
3049 1105 3216 1178 Syrus
3249 1109 3303 1161 in
3338 1109 3510 1162 locum
3553 1108 3817 1164 Nanneni

2205 1181 2478 1248 subrogati
2503 1178 2556 1231 in
2586 1177 2870 1234 Germania
2894 1192 3015 1231 cum
3039 1177 3276 1233 exercitu
3299 1180 3548 1247 opposito
3569 1179 3821 1235 FRANCIS

2205 1251 2640 1315 diversabantur,
2686 1258 2793 1304 etc.
2847 1248 3104 1314 Sulpitius
3133 1249 3434 1304 Alexander
3467 1251 3506 1304 l.
3551 1265 3613 1305 Iv
3670 1249 3815 1308 Hist.

2206 1324 2351 1392 apud
2380 1319 2684 1392 Gregorium
2713 1319 2914 1392 Turon.
2940 1319 3121 1392 ιίιωι,
3145 1321 3244 1375 col.
3280 1319 3369 1376 59.

2281 1391 2407 1466 392.
2443 1389 2834 1466 Valentinianus
2884 1389 2946 1444 A.
2987 1389 3200 1466 Vienna:
3241 1392 3459 1448 occisus.
3489 1393 3822 1466 Arbogastes

2211 1463 2496 1532 Eugenium
2527 1462 2594 1514 ad
2622 1461 2892 1528 imperium
2911 1461 3092 1515 evehit.

2283 1531 2416 1588 Dum
2444 1533 2653 1587 diversa
2683 1533 2736 1587 in
2759 1532 2985 1604 Oriente
3013 1548 3103 1602 per
3147 1531 3386 1590 Thracas
3409 1545 3711 1604 geruntur,
3759 1539 3816 1594 in

2210 1603 2385 1679 Gallia
2429 1613 2598 1679 status
2647 1603 2890 1679 publicus
2935 1604 3296 1679 perturbatur,
3349 1614 3401 1661 et
3420 1603 3622 1663 clauso
3666 1609 3814 1679 apud

2212 1671 2472 1730 Viettnam
2503 1673 2682 1742 palatii
2730 1671 2948 1728 aedibus
2966 1675 3206 1744 principe
3237 1675 3646 1742 Valentiniano.
3698 1671 3810 1736 etc.

2212 1745 2471 1813 Sulpitius
2499 1745 2786 1817 Alexander
2805 1747 2958 1817 apud
2981 1744 3198 1817 (ἓτερον.
3231 1747 3268 1799 l.
3310 1763 3342 1800 ιι
3376 1745 3541 1816 Hist.,
3578 1751 3690 1804 col.
3726 1753 3816 1806 59.

2285 1817 2608 1888 Arhogastes
2629 1815 2876 1888 oriundm
2906 1831 2937 1871 e
2967 1815 3124 1885 gente
3155 1816 3501 1886 Fnauconon,
3531 1815 3710 1888 quem
3733 1837 3819 1877 se-

2215 1889 2447 1961 cundum
2481 1904 2510 1961 a
2545 1887 2971 1961 Baudonehdnce
2987 1887 3159 1961 locum
3191 1890 3477 1944 Gratianus
3508 1887 3818 1961 imperator

2138 1939 2190 1999 Β
2215 1939 2463 2013 satis}...
2486 1957 2742 2030 jusserat,
2772 1939 2868 2030 illo
2884 1939 3066 2012 rebus
3100 1939 3680 2030 ιιῖιηῖάῆἰξὲἱέιίιβὶᾌῙ
3697 1939 3817 2019 ire;

2216 2038 2304 2085 tus
2336 2028 2593 2084 industria
2641 2043 2758 2099 sua,
2791 2029 2923 2084 citra
2969 2030 3225 2098 principis
3263 2028 3654 2087 auctoritatem
3703 2050 3817 2090 ma-

2216 2100 2495 2171 gisterium
2531 2099 2757 2154 militum
2806 2101 2858 2154 in
2890 2115 2949 2154 se
3003 2103 3370 2166 transtulerat,
3425 2113 3527 2158 etc.
3563 2105 3815 2160 Tandem

2224 2171 2984 2245 Valentinianus...__libellum
3017 2172 3258 2245 porrigit,
3308 2188 3414 2245 quo
3442 2175 3488 2227 ei
3521 2177 3815 2245 inagistra-

2215 2250 2325 2297 tum
2356 2243 2665 2311 abrogabat.
2704 2239 2814 2297 lloc
2861 2241 2953 2296 ille
3003 2239 3279 2310 perlecta:
3322 2239 3432 2299 Nec
3480 2239 3814 2310 potestatem

2209 2315 2340 2368 mihi
2371 2312 2587 2378 dedisti,
2620 2312 2713 2376 ait,
2749 2312 3087 2385 tgtecgeripere
3136 2315 3356 2382 poteris.
3386 2315 3596 2382 Quibus
3634 2319 3814 2385 prola-

2211 2385 2305 2451 tis,
2337 2385 2714 2454 discerptoque
2743 2383 2953 2455 libello,
2983 2392 3039 2438 et
3063 2385 3113 2438 in
3148 2392 3343 2439 terram
3372 2388 3586 2455 abjccto
3635 2383 3815 2444 disce-

2211 2456 2313 2524 dit,
2338 2469 2455 2529 etc.
2486 2453 3226 2529 Quapropter(Aruogastes)
3271 2453 3686 2525 imperatorem,
3723 2460 3812 2529 qui

2211 2526 2354 2599 apud
2399 2526 2654 2599 oppidum
2709 2524 2906 2599 Gallias
2967 2524 3224 2580 Viennam
3293 2524 3812 2599 caminorabatur'...

2209 2597 2431 2652 adortus
2464 2597 2728 2651 Iethaliter
2756 2597 3005 2652 vulnerat
3032 2607 3085 2650 et
3134 2598 3405 2652 interficit.
3437 2598 3571 2654 Cum
3618 2617 3813 2658 etnnes

2210 2669 2359 2742 taciti
2386 2668 2588 2742 facinus
2634 2666 2926 2742 admissum
2960 2667 3182 2732 ferrent,
3213 2667 3284 2724 ob
3313 2670 3408 2724 viri
3456 2671 3808 2742 dignitatem,

2208 2749 2263 2794 et
2295 2738 2663 2811 fortitudinem
2695 2739 2962 2811 bellicam,
3007 2752 3080 2811 ac,
3108 2750 3389 2807 praeterea,
3439 2738 3580 2811 quod
3629 2738 3810 2798 homié

2207 2825 2333 2866 nem
2359 2825 2546 2886 magna
2577 2809 2946 2865 benevolentia
2966 2809 3169 2886 milites
3201 2809 3692 2886 prosequerentur,
3717 2816 3810 2886 qui

2210 2881 2492 2950 pecuniam
2522 2889 2891 2951 contemneret
2917 2896 2930 2932 :
2963 2880 3267 2951 Eugenium
3291 2880 3679 2951 imperatorem
3705 2880 3806 2940 d'e-

2207 2951 2396 3017 clarat,
2429 2963 2532 3007 etc.
2565 2950 2800 3006 Zosimus
2829 2953 2868 3006 l.
2907 2967 2955 3004 tv
2987 2949 3196 3005 Ηιδιυν.

2278 3024 2584 3092 Arbogastes
2610 3023 2798 3079 belluas
2829 3023 2984 3092 infert
3026 3019 3248 3076 Francis
3274 3033 3320 3077 et
3351 3034 3528 3094 postea
3569 3043 3696 3082 cum
3736 3030 3807 3084 eis

2206 3110 2385 3164 pacem
2416 3095 2561 3162 facit.

2280 3165 2479 3221 Eodem
2506 3180 2649 3236 anno
2685 3166 3011 3236 Arhogastes
3052 3164 3361 3222 Sunnouem
3395 3178 3451 3222 et
3502 3170 3808 3227 Maroome-

2208 3250 2322 3290 rem
2378 3235 2694 3306 subregulos
2753 3235 3078 3292 Fnsnconou
3130 3237 3419 3304 gentilibus
3476 3241 3617 3295 odiis
3661 3243 3803 3296 iuse-

2134 3309 2180 3374 C
2213 3316 2402 3431 illatis,
2446 3308 2851 3434 eichgulpitius
2891 3309 3179 3360 Alexander
3217 3309 3357 3376 apud
3412 3307 3636 3378 Gregor.
3687 3313 3728 3368 l.
3773 3327 3806 3367 tt

2273 3396 2312 3431 ts
2345 3417 2382 3434 ..
2419 3395 2475 3431 co
2503 3416 2519 3433 .
2641 3419 2653 3432 .

2273 3381 2382 3443 ist.,
2419 3381 2519 3433 col.
2565 3381 2653 3434 60.

2285 3448 2387 3505 Per
2414 3449 2569 3523 idem
2586 3449 3350 3523 tempus_Arbogastescomes
3395 3449 3658 3509 adversus
3683 3468 3805 3523 gen-

2213 3531 2317 3576 tem
2352 3535 2527 3596 suatu,
2560 3521 2660 3575 hoc
2676 3530 2757 3574 est
2785 3519 3126 3596 Fnssconuu,
3151 3518 3346 3596 bellum
3374 3524 3602 3590 paravit,
3637 3518 3804 3596 afque

2210 3591 2495 3661 pugnando
2545 3606 2651 3644 non
2700 3605 2916 3658 parvam
2969 3588 3386 3644 multitudinem
3418 3607 3578 3648 manu
3622 3588 3797 3660 fudit;

2210 3678 2333 3718 cum
2365 3661 2592 3717 residuis
2620 3676 2748 3717 vero
2780 3675 2962 3729 pacem
2999 3661 3251 3715 firmavit.
3302 3661 3410 3716 Sed
3435 3678 3555 3717 cum
3589 3666 3644 3720 in
3675 3682 3802 3722 con-

2209 3733 2349 3788 vivio
2379 3748 2409 3786 a
2439 3734 2653 3801 regibus
2679 3733 2854 3802 gentis
2872 3745 2984 3786 suae
3013 3733 3451 3800 interrogaretur,
3483 3744 3665 3791 utrum
3693 3740 3800 3793 sci-

2209 3817 2292 3858 ret
2323 3803 2685 3867 Ambrosium,
2717 3811 2770 3855 et
2815 3803 3184 3871 respondisset
3224 3818 3383 3858 nosse
3410 3820 3470 3861 se
3503 3806 3701 3872 virum,
3747 3819 3799 3863 et

2208 3873 2355 3942 diligi
2381 3875 2448 3927 ab
2477 3887 2562 3938 eo,
2586 3885 2748 3942 atque
2787 3871 3097 3942 frequenter
3119 3889 3236 3928 cum
3270 3877 3362 3929 illo
3405 3871 3800 3935 convivariso-

2206 3945 2380 4016 litum,
2405 3944 2602 3998 audivit
2648 3962 2662 3999 :
2697 3945 2820 3999 Ideo
2852 3946 3018 4016 vincis
3049 3959 3257 4012 omnes,
3284 3948 3403 4016 quia
3449 3948 3516 4004 ab
3556 3949 3652 4015 illo
3681 3950 3799 4009 viro

2209 4013 2474 4084 diligeris,
2503 4017 2590 4083 qui
2623 4017 2755 4071 dicit
2781 4015 2904 4081 soli,
2935 4027 3016 4071 sta
3044 4026 3093 4070 et
3127 4026 3254 4071 stat.
3301 4013 3556 4073 Paulinus
3587 4021 3645 4076 in
3675 4022 3796 4076 Vita

2205 4089 2270 4144 S.
2295 4087 2568 4142 Ambrosii.

2278 4157 2402 4232 F395.
2435 4157 2628 4232 Franci
2652 4160 2705 4212 in
2726 4159 2948 4232 exercitu
2978 4158 3224 4232 Eugenii.

2281 4230 2490 4285 Dehinc
2535 4229 2804 4303 Eugenius
2835 4229 3114 4301 tyrannus.
3140 4238 3389 4303 suscepto
3413 4233 3794 4302 expeditionali

2206 4302 2715 4374 procmc_tu,llheni
2741 4303 2963 4357 limitem
3010 4304 3161 4370 petit,
3206 4313 3264 4374 ut
3295 4302 3416 4359 eum
3463 4306 3792 4361 Alamanno-

2207 4372 2326 4428 rum
2343 4382 2396 4426 et
2418 4372 2743 4426 Fussconou
2768 4375 2981 4442 regibus
3005 4375 3229 4428 vetustis
3242 4373 3533 4430 foederibus
3554 4391 3619 4431 ex
3644 4391 3791 4432 more

2209 4446 2378 4517 ignitis,
2419 4443 2836 4517 immensumea
2866 4451 3186 4517 tempestate
3218 4448 3513 4502 exercitum
3539 4449 3791 4517 gentibus

2205 4516 2333 4571 feris
2363 4522 2694 4590 ostentaret.
2726 4513 2982 4590 Sttlpitius
3003 4515 3295 4571 Alexander
3324 4519 3464 4588 apud
3498 4513 3653 4590 (ἐξεφ.
3686 4519 3728 4574 Τ
3733 4534 3791 4573 u-

2203 4603 2321 4642 ran.
2353 4587 2391 4640 l.
2425 4600 2464 4639 tt
2489 4583 2656 4648 Hist.,
2687 4587 2786 4638 cal.
2816 4585 2905 4640 60.

2124 4687 2177 4746 D
2208 4731 2218 4746 Ι
2275 4659 2404 4746 59b.
2422 4655 2875 4746 rT/teodasiu‘s‘A;
2892 4656 3183 4746 Eugenium
3211 4661 3364 4714 vincit
3390 4671 3438 4715 et
3457 4661 3665 4718 occidit.
3699 4662 3789 4716 Ar-

2201 4731 2432 4796 bOgastes
2460 4730 2684 4796 seipsum
2706 4728 2964 4795 inter/icit.

2317 4799 2518 4855 otentiu
2551 4798 2665 4864 Dei,
2699 4813 2803 4853 non
2851 4799 3043 4854 fiducia
3076 4800 3330 4866 hominis,
3361 4805 3619 4860 victorem
3644 4818 3783 4861 sern-

2203 4887 2300 4944 per
2318 4871 2560 4947 extitisse
2580 4870 2956 4937 Theodosium,
2983 4871 3305 4942 Arbogastes
3321 4875 3433 4947 iste
3463 4879 3784 4947 praecipuum

2203 4947 2255 4997 in
2281 4951 2503 5011 utroque
2531 4943 2913 4996 documentum
2936 4952 3044 4996 est:
3073 4943 3491 5012 qui...collectis
3513 4943 3782 5003 Gali—orum

2204 5014 2870 5089 Ensuconnstqunviribus
2896 5015 3209 5084 exundavit,
3253 5018 3408 5089 nixus
3446 5022 3608 5073 etiam
3653 5031 3784 5089 prm-

2203 5087 2359 5155 cipuo
2387 5086 2533 5140 cultu
2562 5084 2848 5148 idolorum,
2881 5099 3073 5154 magna
3104 5094 3282 5140 tamen
3325 5088 3577 5145 facilitate
3599 5084 3782 5145 succu-

2209 5157 2342 5212 buit.
2389 5157 2657 5227 Eugenius
2719 5165 2877 5225 atque
2919 5160 3244 5227 Arbogastes
3297 5159 3582 5216 instructas
3641 5161 3779 5215 acies

2207 5229 2409 5296 campis
2435 5227 2799 5293 espedierant,
2825 5237 2932 5282 etc.
2955 5229 3025 5283 At
3049 5243 3174 5282 vero
3203 5229 3539 5286 Theodosius
3561 5233 3612 5286 in
3639 5246 3781 5286 sum-

2206 5300 2309 5353 mis
2338 5299 2566 5368 Alpibus
2591 5302 2932 5364 constitutus,
2985 5312 3178 5368 expers
3235 5300 3340 5354 cibi
3394 5315 3457 5356 ac
3510 5305 3774 5358 somni....

2205 5383 2434 5439 corpore
2457 5370 2604 5425 humi
2634 5369 2808 5436 fusus,
2839 5379 3018 5424 mente
3045 5371 3184 5423 ctelo
3225 5371 3382 5437 fixus,
3423 5373 3632 5428 orabat.
3680 5373 3778 5427 De-

2205 5441 2330 5496 hinc
2357 5453 2636 5511 postquam
2679 5442 2977 5495 insomnem
3021 5448 3234 5495 noctem
3259 5455 3474 5510 precum
3500 5446 3777 5500 continua-

2205 5513 2350 5568 tione
2380 5513 2654 5582 trausegit,
2682 5520 2813 5578 etc.,
2846 5525 2993 5565 arma
3023 5512 3281 5580 corripuit
3305 5515 3452 5569 solus
3480 5533 3492 5568 :
3522 5518 3697 5571 sciens
3719 5529 3773 5570 se

2199 5599 2320 5640 esse
2343 5599 2452 5639 non
2477 5585 2648 5638 solum
2677 5585 2828 5650 signo
2868 5582 3043 5635 crucis
3075 5585 3352 5650 tuendum,
3402 5587 3497 5640 sed
3541 5597 3594 5642 et
3627 5591 3775 5641 victo-

2198 5656 2333 5727 riam
2367 5659 2704 5727 adepturum,
2737 5655 2888 5727 signo
2925 5654 3100 5727 crucis
3144 5668 3204 5727 se
3255 5657 3520 5723 muniens,
3564 5661 3771 5727 signum

2203 5725 2445 5800 victoria:
2483 5725 2632 5800 dedit
2662 5729 2749 5793 (ac
2782 5726 2932 5792 signo
2955 5726 3128 5800 crucis
3150 5726 3361 5797 signum
3383 5731 3563 5796 prtelio
3586 5725 3767 5800 dedit),

2197 5811 2261 5868 ac
2304 5812 2364 5851 se
2411 5797 2462 5850 iu
2510 5796 2729 5868 bellum,
2783 5797 2992 5868 etiamsi
3039 5796 3573 5868 uemoisequeretur,
3607 5796 3770 5854 violer

2196 5865 2408 5922 futurus
2429 5867 2671 5935 immisit,
2692 5876 2799 5923 etc.
2831 5866 3098 5936 Eugenius
3123 5865 3492 5939 captus'atque
3522 5865 3768 5926 interfec-

2195 5947 2282 5996 tus
2300 5948 2402 5995 est.
2453 5939 2777 6008 Arbogastes
2807 5953 2902 5996 sua
2923 5951 2982 5997 se
3023 5954 3185 5998 manu
3214 5941 3460 6011 perculit.
3491 5943 3566 5999 ita
3607 5952 3662 6000 et
3681 5940 3764 5996 tu'e
