4086 6328
518 375 613 436 I51

583 494 711 549 416.
756 490 954 576 Franci
979 496 1183 579 partem
1223 490 1516 549 Galliarum
1535 484 1884 614 grapinquam
1915 484 2098 541 Rheno
2125 486 2179 546 Α

583 574 788 614 munt-
820 564 951 614 Vide
978 565 1114 614 mira
1145 565 1211 614 ad
1242 578 1439 614 annum
1463 561 1532 614 4i
1575 600 1588 613 .

515 574 788 638 occupant.
820 564 951 619 Vide
978 561 1115 619 intra
1145 565 1439 638 ad__annum
1463 561 1532 638 η

584 630 713 693 ᾹΞΟ.
744 636 1076 691 Constantius
1107 636 1169 690 ab
1199 634 1435 688 Honorio
1466 635 1530 686 Α.
1558 644 1759 686 creatur
1785 630 1848 683 A.

592 709 995 763 Pnantuunuus
1021 714 1209 777 regnat
1232 705 1285 760 in
1316 704 1575 760 Famem.
1609 701 1855 771 Prosperi
1879 698 2101 756 Chroni-

518 796 627 834 cum
656 779 1002 833 Pitlneanum.

587 850 715 903 121.
748 849 1075 903 Constantius
1106 849 1169 901 A.
1197 847 1399 916 imperii
1427 862 1594 901 mense
1616 846 1648 898 7
1683 843 1805 899 obit.

587 920 714 975 4‘25.
747 918 973 973 Joannes
999 919 1272 984 imperium
1298 918 1479 973 Occid.
1510 926 1745 984 occupat.

592 990 719 1045 424.
740 983 1125 1043 Valentinianus
1139 987 1425 1043 Constantii
1446 988 1509 1039 Α.
1540 987 1682 1056 ﬁlius
1694 987 1756 1039 ab
1789 984 1839 1038 11
1846 983 2023 1038 onorio
2038 983 2103 1036 Α.

521 1061 696 1116 Catsnr
715 1071 915 1116 creatus
942 1070 990 1115 et
1013 1061 1195 1114 missus
1222 1060 1277 1113 in
1310 1057 1633 1113 Occidentem
1654 1066 1831 1112 contra
1850 1056 2106 1110 Joannem

523 1140 815 1187 turannum.

542 1150 976 1257 ἔ’,ἓξωῖἇιιιιηει
1027 1212 1276 1272 tyrannus
1305 1209 1487 1269 captus
1530 1208 1578 1255 et
1623 1203 1837 1255 occisus.
1880 1196 2103 1252 Valenti-

523 1275 703 1327 nianus
732 1290 765 1326 a
795 1272 1080 1327 Theodosio
1107 1274 1171 1326 A.
1205 1273 1517 1343 appellatur.

594 1344 718 1398 428.
751 1343 986 1399 (Σιιιουιο
1008 1361 1097 1398 rex
1120 1344 1462 1397 Francorum.

591 1416 770 1470 Felice
787 1428 841 1469 et
859 1415 1055 1469 Tauro.
1088 1415 1218 1470 Pars
1246 1414 1536 1470 Galliarum
1559 1413 1852 1484 propinqua
1880 1411 2095 1484 Rheno,

523 1500 682 1554 quam
714 1485 915 1540 Fumat
947 1486 1322 1555 possidendam
1346 1482 1912 1555 occupauerant,}ﬁtii
1939 1484 2108 1555 comi:

525 1555 595 1627 tis
646 1558 809 1611 armis
865 1554 1097 1625 recepta.
1149 1556 1393 1627 Prosperi
1440 1557 1726 1610 Chronicon
1802 1554 2107 1624 Hieronymi

526 1626 791 1697 Chronico
805 1627 871 1678 ad
865 1631 894 1697 j
902 1639 1123 1681 unctum.

602 1697 726 1767 151.
772 1696 826 1753 8.
865 1694 1160 1753 'Theodosii
1214 1700 1279 1753 A.
1312 1698 1523 1753 Arcadii
1570 1700 1636 1753 A.
1672 1697 1785 1752 lilii.
1832 1694 2109 1767 Superatis

521 1778 622 1839 per
647 1766 849 1839 ditium
875 1768 927 1823 in
944 1770 1237 1825 certamine
1264 1769 1493 1823 Fumus
1515 1780 1571 1825 et
1596 1770 1647 1823 in
1671 1783 1802 1839 pace
1820 1767 2103 1837 susceptis.

525 1836 689 1891 Idatii
715 1837 1044 1895 Chronicum.

502 1944 508 1951 α
597 1909 723 1962 457.
756 1909 971 1964 Chlodio
997 1909 1317 1965 Francorum
1343 1927 1434 1965 rea:
1456 1910 1729 1979 prwmissis
1776 1911 1841 1963 ad
1865 1910 2110 1964 Camara-

527 1996 646 2033 cum
674 1982 1083 2049 exploratoribus
1108 1982 1342 2035 Rhenum
1387 1983 1587 2047 transit,
1624 1982 1881 2035 Romanos
1926 1982 2108 2050 proﬂi-

528 2060 636 2119 gat,
670 2051 1001 2105 Camaracum
1046 2055 1181 2119 capit
1210 2063 1256 2106 et
1288 2051 1597 2123 omniairloca
1637 2069 1795 2123 usque
1823 2052 1891 2105 ad
1936 2052 2111 2106 Sumi-

527 2123 891 2246 zalmgluvium
919 2132 1152 2193 occupat.
1185 2124 1408 2194 Gregor.
1440 2122 1639 2177 Turon.
1672 2122 1765 2179 lib.
1798 2140 1857 2190 ιι,
1903 2137 2021 2193 cap.
2052 2123 2106 2191 9,

560 2206 630 2246 ο.
701 2209 749 2244 .3.
1067 2224 1074 2232 -

527 2193 630 2246 col.
663 2193 749 2246 65.
1067 2224 1074 2232 .

599 2262 725 2337 τίς15.
760 2263 945 2337 Pugna
973 2265 1105 2320 inter
1128 2265 1454 2337 Chlodionem
1491 2281 1660 2337 regem
1702 2264 2021 2321 Francorum
2061 2272 2108 2319 et

532 2330 734 2389 (Etiam
755 2344 801 2388 et
824 2322 1173 2405 Hajorianum
1205 2338 1356 2391 duces
1378 2322 1751 2393 Romanorum.

1120 2484 1132 2496 .
1161 2486 1174 2497 .
1200 2485 1211 2497 .
1233 2482 1247 2497 .
1271 2446 1391 2497 Post
1414 2456 1636 2510 tempore
1656 2459 1802 2509 parvo

650 2508 914 2573 Pugnastis
932 2511 1140 2571 pariter,
1165 2510 1386 2560 Famous
1403 2523 1497 2573 qua
1517 2508 1897 2571 Cloio’patentes

652 2569 946 2620 Atrebatum
968 2569 1133 2621 terras
1146 2569 1450 2633 pervaserat,
1475 2578 1570 2622 etc.

1041 2632 1273 2683 Sidenius
1293 2633 1347 2684 in
1369 2632 1553 2696 Paneg.
1576 2633 1839 2695 Maioriani
1862 2632 1922 2682 A.

599 2712 927 2768 Francbrum
946 2716 1219 2787 descriptio
1241 2733 1303 2773 ea:
1334 2717 1549 2773 Sidonio
1576 2718 1700 2771 ibid.

620 2804 713 2870 Ilio
724 2818 934 2870 quoque
955 2814 1164 2857 monstra
1184 2809 1363 2869 domat,
1376 2809 1510 2858 rutili
1529 2810 1708 2870 quibus
1721 2820 1833 2859 arce
1851 2808 2047 2861 cerebri

622 2866 698 2933 Ad
717 2866 925 2918 frontem
944 2881 1079 2933 coma
1102 2877 1253 2920 tracta
1275 2866 1424 2929 jacet,
1448 2866 1729 2933 nudataque
1750 2873 1922 2921 cervix

624 2928 856 2995 Setarum
884 2942 972 2991 per
994 2930 1164 2979 damna
1190 2928 1339 2995 nitet,
1359 2938 1460 2995 tum
1486 2928 1667 2995 lumine
1692 2935 1864 2995 glauco

619 2989 770 3057 Albet
791 2989 972 3057 aquosa
990 2995 1139 3053 acies,
1163 3005 1221 3041 ac
1243 2989 1458 3042 vultibus
1481 2989 1860 3057 undiquevrasis,

621 3052 722 3116 Pro
748 3052 898 3103 barba
922 3062 1099 3105 tenues
1123 3052 1410 3115 perarantur
1434 3052 1632 3116 pectine
1651 3059 1830 3106 cristte.

623 3114 852 3177 Strictius
870 3125 1046 3166 assuto:
1069 3114 1236 3166 vestes
1261 3114 1462 3177 procera
1483 3126 1717 3169 coercent

621 3176 843 3243 yiembra
866 3180 1040 3240 virum,
1062 3183 1199 3240 patet
1216 3176 1292 3228 his
1308 3178 1456 3243 altato
1478 3181 1699 3243 tegmine
1722 3180 1912 3243 poples,

620 3235 772 3301 Latus
796 3248 847 3289 et
870 3235 1122 3300 angustam
1141 3239 1401 3301 suspendit
1425 3235 1617 3291 baltEus
1639 3235 1831 3299 alvum._

619 3299 907 3364 Excussisse
929 3299 1049 3351 eitas
1072 3299 1259 3364 vastum
1283 3314 1371 3363 per
1392 3304 1542 3364 inane
1577 3304 1839 3364 bipennes,

624 3360 688 3425 Et
711 3361 864 3425 plagae
885 3367 1142 3424 praescisse
1160 3360 1336 3423 locum,
1361 3360 1655 3425 clypeosqué
1679 3360 1841 3413 rotare

624 3376 864 3470 £431.33?
885 3376 1142 3424 praescisse
1160 3376 1336 3423 locum,
1361 3376 1655 3425 ctypeosque
1679 3376 1841 3413 retare

624 3421 697 3487 ξιυ
738 3435 817 3487 us,
837 3432 887 3472 et
912 3424 1643 3487 intortas,prtecedereisaltibus
1665 3426 1862 3487 hastas,‘

624 3482 785 3545 [nque
808 3485 994 3534 hostem
1019 3486 1215 3533 venisse
1238 3486 1387 3545 prius.
1418 3485 1699 3536 Puerilibus
1722 3482 1864 3537 annis

623 3543 713 3609 Est
738 3546 855 3595 belli
878 3554 1096 3596 maturus
1114 3543 1266 3594 amor.
1282 3547 1342 3609 ,Si
1369 3546 1493 3596 forte
1519 3556 1801 3609 premantur

629 3606 732 3671 gen
756 3618 982 3671 numero,
1008 3620 1098 3658 seu
1125 3614 1256 3656 sorte
1282 3607 1390 3671 loci,
1418 3606 1549 3657 mors
1575 3611 1738 3660 obruit
1761 3611 1869 3660 illos

624 3667 733 3736 lSon
756 3669 916 3728 timor,
943 3668 1109 3719 invicti
1130 3667 1647 3736 _perstant.'animoque
1664 3674 1927 3736 supersunt

625 3728 733 3778 Jam
758 3741 912 3793 prepe
929 3737 1039 3792 post
1063 3728 1291 3779 animam.

607 3810 733 3865 448.
765 3811 1064 3887 Chlodionis
1087 3827 1245 3887 mors,
1277 3813 1523 3869 dissensio
1555 3816 1681 3868 inter
1702 3820 1813 3887 ejus
1848 3816 2032 3871 liberos
2049 3820 2110 3871 de

533 3895 711 3962 regno.
744 3882 823 3936 An
856 3880 1118 3939 Meroreus
1161 3884 1271 3954 ejus
1301 3902 1555 3940 successor
1594 3880 1739 3955 filius
1756 3889 1912 3958 ipsius
1938 3890 2109 3958 fuerit,

534 3962 804 4007 ιηοενιηηι.

607 4023 676 4093 At
702 4022 925 4093 (Attilre)
950 4023 1192 4081 Fnaxcos
1214 4027 1357 4083 bello
1380 4028 1676 4083 lacessendi
1702 4030 2038 4084 occasionem
2061 4032 2109 4086 ei

537 4091 985 4174 subministrabat
1001 4100 1139 4174 regis
1168 4097 1596 4174 illorumAObitus,
1625 4111 1676 4154 et
1694 4100 1761 4174 de
1786 4114 1949 4169 regno
1973 4100 2110 4174 inter

535 4160 734 4238 liberos
762 4163 878 4238 ejus
908 4172 1026 4238 orta
1044 4160 1335 4238 dissensio.
1366 4160 1598 4233 Quorum
1628 4170 1798 4238 major
1826 4160 1951 4223 natu
1973 4170 2111 4225 Atti-

535 4231 669 4297 lam,
725 4234 898 4286 minor
947 4234 1149 4291 Aitium
1204 4238 1258 4289 in
1302 4231 1552 4291 auxilium
1604 4231 1797 4294 vocare
1828 4249 2105 4299 statuerat.

537 4299 694 4376 llunc
715 4316 813 4376 nos
832 4303 1013 4376 Roma:
1034 4306 1349 4376 legationem
1367 4308 1647 4363 obeuntem
1663 4310 1914 4373 vidimus,
1936 4311 2112 4367 adhuc

537 4370 831 4462 imberbetn
850 4370 1245 4462 ba_varc'oma,
1279 4376 1518 4462 adeoque
1550 4381 1847 4462 promissa,
1866 4370 1927 4433 ut
1952 4394 2110 4450 super

541 4441 797 4497 humeros
842 4443 1158 4500 circumfusa
1215 4441 1376 4501 esset.
1413 4441 1748 4506 Eum-Elius
1780 4441 1942 4504 ﬁlium
1981 4441 2113 4507 a'se

542 4510 871 4581 adoptatum,
906 4516 1191 4590 multisque
1219 4532 1341 4571 cum
1384 4518 1451 4573 ab
1480 4519 1613 4588 ipso,
1648 4529 1756 4574 tum
1788 4520 1855 4573 ab
1886 4520 2115 4590 impera-

540 4590 659 4659 tore
684 4593 931 4659 ornatum
961 4586 1290 4659 muneribus,
1319 4597 1374 4642 et
1398 4586 1627 4645 amicum
1671 4606 1734 4643 ac
1762 4586 1976 4644 socium
2018 4606 2108 4659 po-

540 4652 655 4725 puli
710 4653 932 4708 Romani
968 4652 1287 4725 appellatum
1318 4659 1538 4715 dimisit.
1582 4660 1665 4715 Ea:
1705 4660 1917 4715 historia
1946 4652 2115 4717 Prisci

540 4723 763 4777 rhetoris
792 4734 838 4779 et
860 4723 1115 4789 saphistw.

614 4794 738 4847 449.
791 4794 1104 4865 Apollinaris
1153 4810 1295 4870 pater
1339 4800 1543 4857 Sidonii
1584 4803 1849 4873 prwfectus
1879 4804 2116 4872 prwtorio

543 4861 854 4916 Galliarum.

592 4879 854 4918 amarum.

616 4933 743 5008 451.
774 4936 935 4991 Attila
965 4937 1275 4994 Hunnorum
1303 4956 1393 4997 rex
1423 4941 1621 4997 Callias
1661 4943 1851 4997 invadit
1880 4944 2119 5008 ;I"ranci

541 5004 597 5058 in
622 5007 735 5075 ejus
774 5010 1019 5062 exercitu.
1057 5009 1288 5065 Vincitur
1316 5015 1379 5066 ab
1409 5012 1587 5080 xEtio;
1641 5004 1908 5068 Meroveus
1946 5013 2120 5068 Fran-

543 5090 721 5155 corum
752 5092 842 5155 rex
886 5095 978 5155 pro
1010 5081 1254 5155 [inmanis
1282 5084 1436 5138 stetit.
1473 5082 1698 5155 Gregor.
1742 5084 1945 5142 Turon.
1978 5084 2117 5144 Hist.

542 5144 586 5201 1.
618 5160 680 5213 ll,
704 5160 755 5202 c.
787 5149 843 5216 7,
874 5144 978 5205 eol.
1008 5150 1098 5205 55.

949 5301 961 5313 .
988 5301 1000 5314 .
1024 5300 1037 5314 .
1061 5301 1073 5317 .
1100 5265 1274 5331 Subito
1297 5281 1409 5331 cum
1429 5273 1570 5331 rupta
1586 5271 1798 5321 tumultu

666 5321 931 5373 Barbaries
954 5335 1079 5377 totas
1097 5329 1148 5377 in
1174 5337 1224 5379 te
1251 5321 1576 5380 transfuderat
1595 5340 1751 5381 arctos

670 5384 840 5456 Callia.
865 5389 1151 5456 Pugnacem
1168 5390 1358 5456 Rugum
1382 5394 1643 5456 comitante
1669 5393 1857 5456 Gelono

672 5443 856 5517 Cepida
881 5443 1787 5517 truxnsequitur:Scyrum_Burguudig
1810 5457 1964 5517 cogit;

672 5507 886 5579 Chunus,
912 5507 1212 5579 Bellonotus,
1240 5507 1732 5579 ΝθυῖιιξιίΒειειεῖι-ιιτι,
1747 5507 2009 5579 Toringus,

671 5567 958 5637 Qructerus,
974 5573 1144 5637 ulvosa
1159 5567 1303 5637 quem
1324 5578 1403 5627 vel
1426 5567 1573 5625 Nicer
1612 5567 1766 5626 ablu'it
1791 5567 1934 5637 nuda,

669 5627 957 5703 Prorumpit
973 5627 1222 5703 rimus;
1245 5638 1428 5703 cecidit
1448 5639 1542 5687 cito
1565 5646 1697 5703 secta
1721 5628 1920 5703 bipenni

669 5689 900 5755 Qercinia
921 5697 966 5743 in
990 5696 1179 5755 lintres,
1205 5689 1257 5747 et
1282 5698 1505 5748 Rhenum
1529 5702 1691 5747 texuit
1716 5689 1839 5749 aluo.

670 5751 734 5814 Et
752 5756 847 5814 jam
872 5757 1097 5805 terriﬁcis
1116 5751 1372 5808 diffuderat
1396 5761 1545 5811 Attila
1564 5764 1733 5811 turmis

670 5812 729 5863 In
750 5812 941 5877 cantpos
960 5829 1017 5865 se
1042 5818 1189 5877 Belga
1218 5828 1341 5867 tuos.

1007 5876 1196 5930 Sidonii
1220 5881 1551 5945 Panegyricus
1574 5886 1710 5936 Auito
1730 5887 1960 5949 Augusto.

1792 364 2106 427 ANNALES
2140 364 2482 425 FRANCICI.

3678 354 3786 413 152

2279 486 2371 540 llis
2419 478 2763 555 (Romanis)
2792 477 2943 555 enim
2978 476 3203 555 adfuere
3216 471 3528 555 _auxiliares
3555 469 3781 529 Fumat.

2206 546 2495 610 Jornandes
2523 556 2587 608 de
2609 546 2756 608 τεὸυὲ
2780 550 2992 614 Geticis,
3024 565 3140 618 cap.
3174 546 3263 601 56.

2278 626 2333 681 1n
2366 628 2465 681 hoc
2493 627 2634 681 enim
2666 622 3022 678 famosissima
3054 616 3265 675 bello...
3292 617 3521 672 Fumus
3549 630 3647 685 pro
3674 616 3783 671 Ro-

2204 712 2507 765 manorum,
2534 694 2753 766 Gepidis
2775 707 2873 764 pro
2897 693 3209 747 Hunnorum
3232 697 3382 760 parte
3406 688 3786 760 pugnantibus.

2213 767 2387 834 Idem,
2416 786 2530 834 cap.
2561 768 2652 822 M.

2274 838 2403 895 454.
2435 839 2613 894 ditius
2635 855 2669 892 a
2701 835 3062 892 Valentiniano
3084 834 3146 888 Α.
3177 833 3392 887 occisus.

2276 910 2403 965 455.
2458 910 2852 964 Valentinianus
2879 908 2943 960 A.
2992 906 3244 960 occiditur
3284 910 3491 957 auctore
3533 900 3787 971 Matrinio,

2204 982 2293 1051 qui
2319 983 2586 1055 imperium
2608 980 2825 1055 invadit.
2850 976 3046 1055 Franci
3066 976 3285 1055 Callias,
3312 982 3441 1055 ctc:3
3466 974 3788 1055 dep0pulan-

2208 1043 2313 1107 iur.
2338 1043 2598 1107 Maximus
2628 1052 2830 1105 Avitum
2854 1050 3152 1119 magistrum
3175 1046 3369 1101 militia:
3398 1043 3687 1099 Galliarum
3709 1048 3789 1117 [a-

2207 1124 2298 1194 cit,
2326 1122 2541 1178 Barbari
2566 1124 2722 1194 hujus
2741 1131 2877 1176 metu
2898 1120 3192 1191 aufugiunt.

2330 1239 2552 1319 Eltme
2570 1238 2869 1319 Germanum
2886 1236 3096 1300 primum
3112 1234 3416 1298 Belgamque
3433 1234 3697 1284 secundum

2334 1303 2618 1360 Sternebat,
2646 1309 2745 1351 etc.

2337 1364 2398 1426 Ut
2423 1366 2629 1426 primum
2644 1362 2823 1424 ingesti
2844 1360 3030 1424 pondus
3052 1361 3270 1426 suscepit
3294 1358 3517 1426 honoris,

2332 1422 2497 1489 Legas
2517 1427 2601 1488 qui
2624 1422 2816 1475 veniam
2840 1422 3035 1489 poseant
3059 1422 3328 1489 Alamanne
3347 1422 3542 1489 luroris,
3566 1427 3664 1471 etc.

2838 1483 3028 1535 Sidonii
3052 1487 3300 1547 Panegyr.
3325 1483 3464 1534 Avito
3484 1486 3607 1545 Aug.

2281 1592 2543 1650 Maximus
2581 1611 2612 1648 a
2631 1594 2737 1648 suis
2783 1593 3009 1646 laniatus
3029 1600 3076 1646 et
3098 1591 3151 1645 in
3190 1590 3415 1646 Tiberim
3439 1592 3697 1661 projectus
3723 1589 3793 1643 ’Π

2208 1668 2406 1737 imperii
2432 1666 2533 1721 die.
2566 1666 2734 1721 Roma
2753 1680 2785 1718 α
2811 1662 3083 1719 Genserico
3109 1663 3327 1732 capitur.
3357 1665 3533 1716 Avitus
3562 1661 3627 1715 A.

2481 1800 2576 1857 EX
2610 1800 2670 1859 S.
2714 1796 3066 1855 GREGORIO
3102 1794 3520 1853 TURONENSL

2282 1916 2434 1971 Anno
2462 1916 2588 1972 458.
2619 1916 2978 1970 Cmmemcus
3026 1912 3353 1967 Francorum
3399 1926 3490 1968 rex
3538 1909 3791 1968 Meroveo

2214 1989 2351 2057 patri
2382 2002 2481 2042 suo
2510 1987 2769 2048 succedit,
2800 1986 2905 2057 col.
2936 1984 3024 2039 65.
3052 1981 3277 2057 Egidius
3321 1982 3381 2057 ii_t
3410 1983 3794 2057 magistergmi-

2214 2052 2341 2114 litim
2367 2058 2622 2113 Romana:
2653 2058 2705 2111 in
2734 2054 2945 2123 Galliis,
2977 2054 3065 2123 qui
3097 2052 3250 2122 pulso
3273 2068 3303 2107 a
3333 2052 3553 2108 Francis
3575 2052 3795 2110 Childe-

2212 2131 2325 2184 rico
2354 2129 2424 2183 ob
2454 2129 2740 2193 luxuriam,
2775 2127 2826 2181 in
2859 2128 2974 2193 ejus
3006 2126 3182 2179 locum
3211 2123 3571 2188 substituitur,
3606 2124 3697 2179 66.

2281 2200 2409 2255 464.
2462 2200 2653 2255 Franci
2708 2205 2960 2254 revocato
3012 2196 3317 2252 Childerico
3374 2192 3621 2264 Egidium
3678 2195 3766 2266 pel

2394 2241 2409 2255 .
2462 2213 2653 2255 ιεήιιοι
2708 2213 2960 2254 ιθνοωιο
3012 2213 3317 2252 ωιιιαθῐιεο
3375 2213 3621 2255 ιδιζιυιιιιιι
3678 2213 3793 2255 βοι-

2210 2268 2472 2397 “Ti-162.2
2500 2297 2625 2397 481.
2648 2339 2981 2396 Childericus
3008 2337 3280 2393 Aureliani
3303 2346 3523 2407 pugnat,
3572 2337 3789 2394 Adoua-

2209 2415 2356 2471 crius
2380 2412 2721 2469 Andecavum
2749 2411 2919 2475 venit,
2958 2408 3047 2464 70.
3080 2409 3274 2464 Paulus
3304 2409 3510 2463 militia:
3535 2408 3792 2465 Romam)

2211 2485 2467 2555 magister
2494 2484 2548 2538 in
2577 2482 2805 2538 Gotthos
2830 2489 3051 2551 pugnat,
3101 2478 3439 2534 Childericus
3468 2478 3793 2551 interempto

2210 2555 2379 2611 Paulo
2407 2553 2751 2609 Andecavum
2806 2552 3032 2611 obtinet,
3082 2551 3172 2605 70.
3225 2550 3417 2605 Insula:
3446 2548 3719 2606 Saxonum
3759 2566 3791 2606 ι

2211 2556 2379 2611 Paulo
2407 2556 2751 2609 Andecavum
2806 2556 3032 2614 obtinet,
3082 2556 3172 2605 70.
3225 2556 3417 2605 Insula:
3446 2556 3719 2606 Saxonum
3759 2566 3791 2606 ι

2211 2624 2435 2681 Francis
2478 2632 2669 2694 captae,
2725 2623 2814 2678 71.
2864 2621 3197 2679 Childericus
3245 2620 3549 2676 Adouacrio
3572 2621 3795 2692 junctus

2214 2696 2538 2752 Alamannos
2566 2695 2840 2763 subjugat,
2868 2694 2958 2748 71.

2281 2767 2410 2849 «181.
2440 2766 2792 2824 Cunouovnus
2820 2764 3121 2823 Cltilderico
3149 2763 3287 2835 patri
3310 2776 3411 2820 suo
3439 2772 3651 2822 mortuo
3670 2780 3793 2823 suc-

2432 2908 2850 2989 Chlodoveusjn
2867 2906 3143 2989 _S_iagrium
3174 2906 3369 2989 Egidii
3397 2908 3791 2989 liliumnmovet,

2212 2994 2440 3048 eumque
2469 2982 2634 3049 fugat,
2665 2988 2717 3034 et
2746 2980 2828 3062 ab.
2853 2978 3069 3047 Alarico
3096 2979 3381 3061 repetitum
3412 2978 3682 3046 interﬁcit,
3700 2980 3791 3061 78.

2282 3048 2407 3104 487.
2438 3052 2775 3107 Chlodoveus
2814 3066 2870 3104 Ill
2916 3064 3105 3118 campo
3135 3048 3323 3104 Martio
3352 3049 3613 3104 Francum
3645 3064 3791 3105 ocel-

2179 3120 2309 3187 .dit,
2339 3122 2429 3189 qui
2475 3137 2617 3177 anno
2667 3121 2991 3189 praecedenti
3040 3134 3134 3175 vas
3183 3118 3506 3177 Rhemensis
3551 3120 3794 3177 ecclesia:

2212 3192 2315 3263 ipsi
2343 3192 2720 3262 denegaverat,
2752 3193 2843 3259 79,
2872 3192 2995 3248 556.

2136 3249 2183 3312 C
2236 3249 2252 3263 ’
2281 3262 2407 3317 491.
2457 3249 2750 3321 Chlodovei
2778 3249 3049 3333 expeditio
3076 3263 3128 3318 in
3159 3260 3478 3332 Thoringos,
3519 3276 3655 3334 quos
3693 3262 3795 3319 im-

2212 3336 2362 3403 perio
2392 3351 2490 3390 suo
2515 3337 2749 3405 subiicit,
2772 3336 2860 3391 79.

2284 3388 2411 3461 195.
2432 3388 2776 3461 sudabitis
2806 3388 3134 3470 Chlotildem,
3156 3417 3375 3459 uxorem
3407 3388 3620 3472 accipit,
3654 3404 3747 3461 80.

2196 3518 2199 3521 η
2288 3475 2414 3531 496.
2446 3475 2784 3532 Chlodoveus
2807 3477 3051 3531 invocato
3068 3476 3264 3531 Christi
3294 3474 3514 3529 nomine
3537 3475 3797 3531 Alaman-

2212 3543 2313 3601 nos
2356 3549 2554 3614 vincit,
2586 3561 2769 3602 eorum
2817 3562 2943 3617 rege
2985 3548 3329 3613 interempto,
3382 3544 3472 3600 82.
3522 3544 3801 3671 Remigius

2214 3617 2479 3671 eruditum
2513 3622 2565 3671 in
2592 3618 2698 3671 iide
2726 3615 3099 3671 Chlodoveun‘i
3120 3616 3382 3671 bautizat.
3407 3614 3593 3671 eﬂusis
3622 3615 3687 3671 ba
3712 3632 3799 3671 sa-

2214 3617 2479 3673 eruditum
2513 3622 2565 3673 in
2592 3618 2698 3673 iidc
2726 3614 3099 3671 Chlodoveum'
3120 3616 3382 3685 baptizat,
3407 3614 3593 3671 effusis
3622 3614 3799 3672 balsa-

2212 3689 2338 3757 mis,
2368 3700 2497 3757 etc.,
2531 3689 2785 3758 templqu
2817 3688 3003 3742 divino
3032 3688 3371 3758 reSpergitur
3388 3686 3457 3740 ab
3483 3685 3686 3754 odore,
3717 3695 3800 3742 ta-

2213 3758 2359 3826 lique
2387 3756 2623 3814 astantes
2646 3756 2916 3812 donantur
2941 3756 3135 3828 gratia,
3174 3767 3231 3811 ut
3259 3756 3589 3812 aestimarent
3617 3771 3679 3812 se
3706 3772 3801 3827 pa-

2213 3830 2380 3883 radisi
2429 3830 2685 3885 odoribus
2733 3830 2918 3894 locari,
2979 3829 3065 3883 83.
3125 3828 3455 3898 Francorum
3498 3842 3657 3898 supra
3698 3830 3800 3884 tria

2213 3898 2376 3954 millia
2404 3908 2459 3955 et
2484 3899 2774 3955 Chlodovei
2809 3914 2961 3955 soror
2990 3898 3348 3968 baptizantur.
3379 3897 3468 3952 84.

2282 3972 2407 4024 497.
2440 3970 2731 4026 Alboﬂedis
2759 3970 3054 4025 Chlodovei
3090 3984 3244 4024 soror
3287 3968 3419 4024 obit.
3453 3968 3526 4024 Ea
3554 3968 3621 4024 de
3648 3982 3708 4026 re
3735 3968 3799 4026 S.

2212 4038 2489 4108 Remigius
2513 4040 2877 4097 Chlodoveum
2904 4042 3094 4097 litteris
3119 4039 3343 4108 solatur,
3375 4040 3465 4108 84,
3491 4037 3653 4096 1526.

2283 4110 2544 4183 498-499.
2565 4112 2914 4183 Godegiselus
2941 4110 3378 4183 Burgundionum
3395 4126 3490 4166 rex
3502 4112 3559 4183 in
3582 4112 3800 4167 fratrem

2214 4195 2368 4237 suum
2401 4181 2810 4249 Gundobaddm,
2842 4181 3069 4239 alterum
3099 4181 3341 4251 ejusdem
3372 4182 3546 4249 gentis
3590 4196 3797 4249 regem,

2213 4254 2480 4379 ggnjprat,
2514 4264 2569 4312 et
2594 4254 2905 4311 Cblodoveo
2934 4254 3038 4309 sibi
3063 4254 3272 4323 juncto,
3325 4252 3417 4319 85,
3460 4266 3581 4308 eum
3630 4251 3799 4323 fugat,

2310 4342 2336 4379 ε
2382 4342 2486 4379 sea.

2287 4342 2729 4452 ﬁgbfegundobad
2739 4411 2798 4451 us
2814 4397 2994 4451 occiso
3006 4394 3327 4464 Godegiselo
3348 4401 3402 4450 et
3422 4392 3801 4463 pulsisVienna

2216 4463 2459 4533 Francis,
2494 4467 2813 4537 Burgundios
2840 4463 3210 4522 monarchiam
3235 4466 3338 4522 sibi
3366 4463 3576 4530 asserit,
3614 4466 3803 4531 88,1e-

2218 4548 2313 4604 ges
2341 4537 2542 4601 condit,
2574 4537 2699 4591 ibid.

2141 4621 2195 4683 υ
2288 4606 2417 4683 562.
2463 4606 2801 4683 Chlodoveus
2848 4605 3090 4663 civitates
3138 4606 3429 4663 Britannias
3480 4607 3806 4665 Aremorica)

2223 4675 2490 4748 subjugat,
2522 4679 2644 4731 14-1.

2295 4748 2418 4803 505.
2470 4749 2809 4817 Colloquium
2864 4748 3229 4806 Chlodoveum
3269 4750 3409 4805 inter
3433 4756 3488 4805 et
3534 4751 3805 4807 Alaricum

2224 4816 2666 4891 Wisigottltorum
2699 4835 2878 4891 regem
2914 4836 3079 4890 prope
3109 4818 3510 4887 Ambaciacum,
3539 4821 3626 4883 90,
3661 4823 3750 4876 91.

2298 4887 2424 4943 507.
2454 4887 2794 4945 Chlodoveus
2820 4887 2960 4946 vicio
2982 4887 3040 4947 in
3065 4892 3178 4947 acie
3205 4905 3372 4960 prope
3397 4891 3673 4947 Pictavum
3702 4934 3719 4958 ,
3751 4901 3807 4946 et

2229 4960 2408 5014 occiso
2437 4961 2651 5018 Alarico
2675 4961 3128 5032 Wisegotthorum
3174 4975 3298 5030 rege
3326 4960 3666 5032 Francorum
3708 4965 3805 5017 im-

2229 5032 2433 5103 perium
2464 5033 2531 5103 ad
2558 5030 2846 5103 Pyrenaeos
2873 5043 3082 5087 montes
3112 5045 3283 5103 usque
3307 5030 3514 5100 dilatat,
3538 5033 3607 5087 9‘2
3632 5035 3699 5088 ad
3716 5034 3803 5089 95.

2304 5100 2429 5174 508_.
2460 5100 2798 5174 Gtilodoveus
2824 5108 3093 5174 transacta
3119 5100 3257 5174 apud
3296 5103 3649 5174 Burdegalam
3679 5104 3807 5174 hye-

2230 5186 2338 5239 me,
2385 5172 2706 5229 Ecolismam
2739 5183 2793 5228 et
2838 5173 3083 5229 Tolosam
3134 5172 3235 5227 sibi
3278 5171 3513 5241 subjicii.
3568 5171 3807 5241 Acceptis

2229 5244 2540 5300 consulatus
2560 5245 2819 5299 codicillis
2837 5244 2978 5311 apud
3005 5242 3250 5298 Turonos
3276 5242 3329 5297 in
3356 5243 3575 5299 basilica
3593 5244 3652 5299 S.
3673 5242 3808 5299 Mar-

2226 5313 2620 5439 .tiniftaugugt‘us
2663 5315 2976 5385 appellatur,
3028 5322 3140 5368 tum
3171 5313 3387 5368 Parisiis
3416 5314 3570 5385 regni
3624 5316 3805 5370 sedem

2226 5395 2347 5439 Instt
2377 5397 2471 5439 unt.
2540 5405 2593 5439 ο.

2223 5386 2471 5452 instituit,
2504 5386 2593 5439 95.

2296 5456 2421 5510 509.
2450 5456 2749 5525 Sigibertus
2777 5457 3104 5513 Francorum
3134 5453 3498 5525 Colouizerex
3521 5472 3551 5511 a
3581 5453 3692 5510 filio
3713 5470 3809 5510 suo

2230 5522 2552 5582 Chlodcricc
2598 5528 2873 5592 occiditur,
2929 5527 3045 5596 ipso
3096 5538 3308 5594 quoque
3355 5524 3677 5581 Chloderico
3726 5527 3807 5580 in-

2229 5598 2904 5700 ter'e‘mpntonuﬁli‘loggvegs
2934 5596 3204 5652 Coloniam
3230 5604 3284 5649 et
3311 5596 3514 5653 vicinas
3556 5596 3805 5666 regiones

2227 5667 2451 5735 imperio
2482 5669 2681 5737 adjicit,
2706 5667 2796 5733 96,
2832 5668 2920 5721 97.

2297 5738 2584 5793 Chararico
2616 5740 2941 5792 Francorum
2970 5738 3177 5806 regulo,
3206 5738 3430 5808 ejusque
3456 5736 3565 5793 lilio
3586 5737 3802 5797 occisis.

2227 5820 2409 5863 eorum
2439 5825 2603 5877 regno
2632 5809 2967 5865 Chlodoveus
2992 5810 3210 5878 potitur,
3246 5810 3335 5865 97.

2297 5879 2418 5933 510.
2470 5880 2863 5949 liagnacharius
2908 5880 3231 5938 Francorum
3270 5880 3407 5950 apud
3455 5880 3801 5939 Camaracum
