4086 6328
586 388 3842 467 M

1516 427 2762 854 “pm;

657 967 783 1038 1-2
811 961 1143 1025 Decedente,
1178 964 1337 1027 atque
1366 966 1395 995 ι
1420 955 1586 1012 immo
1614 957 1791 1026 potius
1821 960 2084 1024 pereunte
2131 953 2199 1009 ab
2224 951 2445 1008 urbibus
2473 950 3093 1009 Gallicanis'liberalium
3122 954 3333 1009 cultura
3358 952 3700 1021 litterarum,
3726 967 3856 1014 cum

581 1058 849 1114 nonnullae
876 1068 963 1109 res
983 1058 1303 1121 gererentur
1330 1048 1418 1103 vel
1438 1056 1607 1115 recte,
1640 1046 1725 1101 vel
1747 1044 2013 1114 improbe,
2038 1056 2101 1098 ac
2128 1041 2313 1099 feritas
2339 1043 2581 1112 gentium
2605 1042 2915 1107 desaeviret,
2938 1060 3124 1115 regum
3155 1044 3304 1102 furor
3330 1053 3635 1113 acueretur,
3661 1046 3853 1105 Eccle-

582 1152 675 1206 sia:
694 1151 1129 1217 imwgnarentur
1157 1142 1225 1196 ab
1251 1141 1541 1208 haereticis,
1575 1155 1604 1193 a
1633 1136 1916 1194 catholicis
1944 1144 2273 1207 tegerentur,
2315 1134 2547 1192 ferveret
2572 1135 2770 1192 Christi
2798 1135 2933 1194 ﬁdes
2962 1138 3018 1193 in
3050 1137 3316 1209 plurimis,
3345 1139 3717 1211 refrigesceret
3739 1136 3769 1179 δ
3800 1140 3854 1197 in

583 1246 876 1311 nonnullis,
912 1229 1041 1313 ipsze
1071 1256 1283 1312 quoque
1312 1232 1560 1295 ecclesiae
1578 1237 1666 1292 vel
1691 1237 1990 1291 ditarentur
2011 1250 2043 1289 a
2063 1235 2297 1304 devotis,
2326 1234 2413 1290 vel
2434 1235 2763 1293 nudarentur
2788 1252 2818 1291 a
2848 1239 3097 1309 perﬁdis:
3129 1255 3231 1297 nec
3257 1242 3480 1313 reperiri
3501 1251 3688 1314 posset
3709 1244 3855 1314 quis-

579 1354 738 1407 quam
768 1337 974 1408 peritus
1005 1336 1059 1390 in
1088 1344 1203 1391 arte
1253 1332 1529 1388 dialectica
1554 1328 1933 1399 grammaticus
1952 1368 1967 1391 ,
1994 1326 2084 1397 qui
2107 1325 2224 1380 hinc
2250 1334 2342 1379 aut
2368 1324 2508 1396 stylo
2534 1326 2796 1395 prosaico,
2822 1338 2915 1383 aut
2954 1328 3179 1385 metrico
3212 1330 3525 1403 depingeret
3559 1346 3737 1390 versu.
3765 1334 3855 1390 ln-

579 1429 944 1503 gemiscebant
968 1427 1164 1495 saepius
1191 1424 1431 1496 plerique
1464 1432 1511 1489 ο,
1535 1421 1773 1476 dicentes
1800 1436 1812 1473 :
1842 1418 1934 1472 Vae
1961 1417 2151 1472 diebus
2186 1414 2407 1482 nostris,
2439 1415 2562 1486 quia
2592 1414 2752 1486 periit
2783 1417 3021 1473 studium
3050 1418 3349 1477 litterarum
3376 1436 3407 1477 a
3434 1422 3611 1489 nobis,
3636 1437 3739 1481 nec
3762 1439 3851 1480 re-

581 1523 788 1592 peritur
808 1521 862 1576 in
892 1518 1120 1589 pepulis,
1150 1515 1241 1585 qui
1269 1522 1415 1584 gesta
1445 1513 1726 1584 praesentia
1756 1510 2094 1582 promulgare
2119 1509 2291 1578 possit
2324 1509 2377 1563 in
2404 1508 2635 1579 paginis.
2696 1506 2798 1564 Ista
2841 1509 3041 1566 etenim
3078 1520 3239 1583 atque
3280 1514 3365 1570 his
3408 1515 3605 1572 similia
3651 1518 3851 1589 iugiter

467 1634 475 1643 ’
580 1616 793 1671 intuens
813 1611 918 1666 diei
946 1610 1004 1677 ά,
1035 1623 1131 1678 pro
1153 1608 1666 1664 commemoratione
1708 1601 2137 1673 praeteritorum,
2181 1606 2241 1655 ut
2266 1598 2509 1655 notitiam
2559 1596 2882 1668 attingerent
2916 1600 3276 1671 venientium,
3301 1604 3404 1661 etsi
3431 1604 3633 1662 inculto
3658 1607 3849 1675 aliato,

580 1706 798 1775 nequivi
828 1711 1005 1758 tamen
1036 1700 1288 1771 obtegere
1307 1701 1392 1757 vel
1413 1698 1704 1756 certamina
1735 1695 2143 1765 ﬂagitiosorum,
2176 1692 2262 1749 vel
2289 1692 2455 1748 vitam
2510 1699 2659 1749 recte
2695 1690 3010 1749 viventium.
3058 1694 3129 1750 Et
3176 1696 3474 1765 praesertim
3522 1696 3606 1753 his
3626 1697 3845 1755 illicitas

581 1796 829 1863 stimulis,
862 1794 1004 1866 quod
1033 1812 1063 1851 a
1085 1795 1282 1851 nostris
1308 1793 1408 1847 fari
1436 1793 1753 1863 plerumque
1800 1788 2027 1843 miratus
2073 1797 2216 1852 sum,
2263 1783 2387 1854 quia
2431 1782 2897 1854 philosophantem
2926 1783 3199 1844 rhetorem
3230 1786 3535 1857 intelligunt
3560 1788 3737 1857 pauci,
3769 1788 3848 1844 lt»

582 1899 834 1965 quentem
878 1890 1135 1946 rusticum
1166 1887 1346 1953 multi;
1380 1886 1530 1943 libuit
1568 1887 1733 1942 etiam
1763 1881 1965 1946 animo,
2016 1887 2077 1935 ut
2115 1893 2216 1949 pro
2243 1876 2626 1949 supputatione
2660 1892 2924 1937 annorum
2954 1879 3022 1937 ab
3064 1878 3183 1953 ipso
3210 1878 3397 1939 mundi
3421 1878 3683 1951 principio
3726 1879 3845 1938 libri

586 1985 741 2057 primi
763 1990 1050 2055 poneretur
1069 1970 1280 2039 initium
1308 1997 1320 2034 :
1352 1978 1504 2049 cujus
1533 1976 1763 2047 capitula
1792 1976 2042 2032 deorsum
2063 1969 2287 2041 subieci.

1228 2152 1786 2233 INCIPIUNT
1872 2146 2426 2225 CAPITULA
2496 2147 2786 2225 LIBRI
2868 2148 3211 2228 PRIMI.

582 2335 635 2394 I.
666 2336 750 2392 De
767 2336 1017 2392 creatione
1037 2335 1164 2390 Atta:
1192 2332 1409 2399 ettEvce,
1440 2341 1487 2387 ct
1512 2335 1573 2387 de
1596 2332 1722 2386 Adae
1748 2338 1890 2402 typo.

581 2406 669 2477 II.
697 2406 764 2463 Ut
786 2406 914 2463 Cain
937 2407 1121 2461 occidit
1150 2406 1274 2459 Abel
1301 2410 1706 2477 fratrem_suum.

582 2475 704 2551 I_I_I.
732 2472 1404 2551 It‘nocltjustusuquomodo
1428 2490 1459 2526 a
1484 2472 1603 2551 Deo
1621 2472 1906 2551 translatus
1926 2477 2024 2551 est.
2146 2548 2153 2551 Δ
2199 2540 2228 2551 ‘_
2549 2538 2576 2551 ‘-

584 2546 697 2603 IV.
721 2548 799 2602 De
821 2540 1032 2612 diluvio,
1064 2540 1287 2615 άέλΝοο,
1312 2547 1374 2600 de
1398 2560 1543 2610 arca,
1569 2544 1632 2598 de
1652 2544 1731 2596 ira
1758 2544 1856 2595 Dei
1885 2550 1932 2615 et
1963 2540 2757 2615 supputationegenerationum.

596 2617 657 2674 V.
684 2607 1114 2743 D‘cugenloratibne
1139 2616 1187 2670 Ν
1195 2632 1252 2671 oe
1274 2607 1328 2671 ἐι
1356 2607 1582 2685 ﬁliorum
1609 2616 1745 2685 ejus,
1770 2607 2105 2683 prrecipuc'de
2126 2611 2264 2667 Chus
2290 2607 2400 2681 ﬁlio
2420 2609 2582 2668 Citam
2608 2609 2789 2682 magia:
2806 2613 2857 2665 et
2880 2607 3188 2667 idololatria:
3212 2609 3491 2683 incaptore
3507 2620 3557 2671 et
3582 2611 3834 2673 inventore

685 2705 712 2743 s
734 2705 764 2742 a
807 2704 871 2742 cu
894 2704 931 2742 ι.

685 2689 931 2744 staticuli.

591 2758 694 2815 VI.
726 2759 803 2813 De
826 2769 963 2813 turre
983 2757 1297 2828 Babylonica
1320 2766 1367 2813 et
1396 2757 1688 2828 linguarum
1709 2753 2029 2828 confusione.

589 2828 727 2885 VII.
757 2828 839 2885 De
865 2838 1000 2895 ortu,
1031 2821 1292 2883 nalivitate
1310 2839 1356 2883 et
1376 2821 1792 2898 interpretatione
1810 2821 2048 2889 Abrahae,
2078 2822 2140 2878 de
2171 2821 2333 2878 Nino.

586 2898 757 2955 VIII.
786 2900 860 2955 De
886 2898 1056 2964 Isaac,
1087 2898 1238 2953 Esau
1256 2909 1303 2953 et
1331 2899 1455 2969 [iliis
1480 2896 1607 2969 ejus,
1632 2896 1823 2969 et_Job_.

583 2970 799 3042 IXtDe
824 2971 985 3025 Iacob
1010 2978 1057 3025 et
1086 2970 1207 3039 ﬁliis
1235 2965 1367 3042 ejus,
1395 2965 1656 3042 el_JosepIt
1681 2967 1733 3017 in
1758 2965 2013 3042 ﬂgypto.

583 3041 657 3096 Χ.
680 3041 758 3097 De
778 3042 895 3097 Nili
923 3037 1124 3105 natura,
1158 3048 1207 3093 et
1236 3037 1394 3094 maris
1421 3038 1586 3093 Rubri
1611 3037 1846 3092 transitu.

580 3110 690 3167 XI.
716 3112 795 3167 De
817 3113 940 3181 ﬁliis
965 3102 1134 3166 Israel
1155 3111 1211 3165 in
1238 3127 1426 3179 eremo,
1452 3110 1586 3165 etde
1613 3109 1842 3179 ingressu
1863 3122 2046 3162 eorum
2069 3106 2124 3161 in
2150 3112 2339 3162 terram
2358 3103 2730 3177 promissionis,
2759 3109 2809 3159 et
2837 3102 3020 3163 Iosue.

580 3181 696 3252 ,ξῌ
705 3221 721 3236 .
755 3182 830 3238 De
847 3186 1045 3252 regibus
1066 3181 1393 3237 Iudaeorum.

582 3251 759 3324 XIII.
787 3254 864 3309 De
885 3250 1157 3311 Salomone
1183 3260 1231 3308 et
1252 3252 1426 3324 templi
1448 3250 1806 3324 aediﬁcatione.

579 3322 665 3377 XI
680 3323 745 3399 VA.
782 3325 1049 3399 Quomodo
1084 3341 1296 3399 regnum
1320 3316 1489 3377 Israel
1517 3316 1585 3376 sit
1614 3321 1836 3374 divisum
1862 3327 2071 3388 prOpter
2098 3316 2341 3373 duritiam
2368 3316 2579 3384 Robore,
2610 3325 2659 3373 et
2684 3316 2749 3372 de
2772 3317 3061 3390 captivitate
3080 3316 3415 3393 Babylonica,
3438 3328 3488 3376 et
3525 3324 3591 3379 de
3615 3327 3827 3399 propis.

692 3395 757 3449 tis
779 3396 919 3450 illius
948 3398 1208 3462 temporis.

581 3460 710 3520 XV.
730 3462 811 3520 De
836 3468 1002 3521 reditu
1029 3458 1329 3520 Iudaeorum
1355 3483 1383 3519 e
1409 3464 1673 3533 Babylone
1696 3475 1853 3530 usque
1881 3461 1950 3533 ad
1973 3458 2163 3514 Christi
2186 3458 2517 3515 natiuitatem.

579 3533 743 3591 XVI.
766 3535 846 3591 De
869 3538 1181 3606 reliquarum
1243 3537 1431 3589 entiam
1453 3531 1654 3604 reyibus
1682 3539 1728 3587 et
1751 3531 1940 3601 regnis.

580 3604 635 3658 Χ
647 3604 778 3658 VII.
811 3606 886 3658 De
909 3556 1297 3658 imaeratorigus
1324 3605 1593 3658 Romanis.
1627 3605 1739 3658 Otto
1768 3612 1990 3658 tempore
2014 3600 2298 3658 Luadunus
2326 3600 2393 3654 sit
2420 3598 2572 3653 condi

580 3604 635 3661 Χ
647 3604 778 3661 VII.
811 3606 886 3661 De
909 3598 1297 3673 imperatoribus
1324 3598 1593 3659 Romanis.
1627 3605 1739 3670 Quo
1768 3598 1990 3673 tempore
2014 3600 2298 3673 Lugdunus
2326 3600 2393 3654 sit
2420 3598 2645 3653 condita.

580 3676 631 3729 Χ
645 3675 814 3730 VIII.
847 3677 925 3730 De
953 3669 1217 3730 n'ativitate
1248 3676 1535 3729 Saluatoris
1556 3669 1717 3729 nostri
1726 3716 1737 3728 .
1769 3670 1848 3726 De
1871 3669 2163 3725 muneribus
2191 3685 2457 3742 magorum
2484 3680 2533 3725 et
2561 3684 2680 3724 nece
2708 3669 2983 3741 infantum.

580 3743 743 3800 XIX.
775 3746 854 3800 De
882 3746 1075 3800 Christi
1102 3746 1479 3810 praedicatione,
1506 3744 1764 3798 miraculis
1794 3753 1841 3795 et
1869 3742 2123 3809 passione.

581 3815 709 3871 XX.
741 3816 819 3870 De
846 3817 1037 3885 Joseph
1060 3817 1123 3869 ab
1151 3817 1457 3883 Arimathia,
1488 3817 1575 3885 qui
1600 3830 1711 3868 eum
1733 3813 1984 3881 sepelivit.

582 3885 744 3956 XXI.
775 3887 851 3940 De
871 3886 1051 3940 Jacobi
1081 3888 1298 3956 apostoli
1326 3895 1457 3956 voto.

581 3954 685 4011 ΧΧ
695 3956 881 4012 II.~De
902 3959 982 4012 die
1004 3954 1381 4013 resurrectionis
1406 3955 1706 4009 Dominicte.

582 4026 812 4085 XXIII.
838 4029 916 4083 De
944 4030 1235 4084 ascensione
1254 4028 1484 4093 Domini,
1512 4036 1559 4080 et
1589 4028 1650 4081 de
1672 4026 1880 4079 interitu
1909 4022 2069 4077 Pilati
2088 4031 2135 4076 et
2161 4022 2399 4079 Herodis.

582 4094 719 4223 XXII
735 4099 797 4153 V.
830 4098 908 4154 De
945 4099 1105 4224 Petrp
1129 4102 1214 4168 qui
1242 4099 1457 4154 Romam
1470 4090 1645 4163 uenit,
1677 4104 1726 4151 et
1755 4105 2034 4164 martyrum
2084 4093 2285 4149 Christo
2319 4090 2599 4164 perhibuit,
2637 4101 2686 4148 et
2728 4094 2791 4148 de
2832 4094 3070 4164 Nerone;
3100 4099 3163 4152 de
3189 4095 3403 4165 Iacobo,
3437 4094 3637 4168 Πίσαο,
3668 4108 3720 4157 ct
3742 4100 3825 4159 Io.

723 4187 853 4224 anne
881 4187 1065 4224 evanae
1088 4181 1203 4223 lSla.

723 4187 853 4225 anne
881 4181 1203 4225 evanaettsta.

687 4188 853 4225 nanne
881 4188 1203 4239 evangeusta.

581 4234 687 4311 ἔξ
704 4240 771 4311 V.
791 4240 870 4296 De
891 4242 1234 4308 persecutione
1253 4240 1349 4311 sub
1365 4240 1588 4310 Trojano
1607 4238 1853 4311 principe.

580 4307 687 4363 ΧΧ
700 4310 801 4365 VI.
832 4307 911 4366 De
933 4312 1183 4365 lueresum
1210 4320 1257 4365 et
1278 4307 1618 4365 schism'atum'
1635 4320 1773 4364 ortu.

579 4377 687 4451 {IX
701 4379 830 4451 VII.
862 4381 940 4438 De
962 4381 1184 4435 Photino
1212 4392 1258 4435 et
1280 4379 1478 4435 Irenteo
1499 4379 1827 4451 martyribus.

580 4448 687 4520 XX
702 4450 865 4507 VIII.
889 4451 968 4506 De
988 4452 1331 4519 persecutione
1358 4451 1450 4506 sub
1477 4444 1655 4517 Decio,
1680 4452 1743 4505 de
1767 4458 1951 4520 septem
1979 4447 2099 4503 viris
2123 4447 2176 4503 in
2194 4444 2394 4502 Gallias
2414 4446 2482 4498 ad
2501 4444 2883 4515 prmdicandum
2904 4448 3089 4507 missis.

581 4518 798 4579 XXIX.
828 4524 899 4577 De
919 4518 1310 4579 Bituricensium
1340 4523 1683 4576 conversione.
1820 4518 1829 4520 ἡ
2483 4561 2490 4570 ,

579 4589 771 4663 {LL
789 4593 864 4647 De
896 4598 1237 4663 persecutione
1264 4596 1357 4648 sub
1393 4592 1666 4648 Valeriano
1685 4598 1732 4647 et
1753 4590 2008 4645 Gallieno.
2027 4588 2106 4644 De
2128 4588 2323 4645 Cbroco
2348 4596 2395 4643 et
2421 4588 2485 4642 de
2510 4586 2720 4642 delubro
2744 4589 2989 4645 Arverno.

578 4659 806 4735 ε
818 4659 904 4719 De
922 4666 1039 4720 aliis
1063 4665 1389 4735 martyribus.

578 4730 828 4805 II.
856 4735 935 4789 De
956 4737 1148 4803 privato
1176 4730 1397 4805 martyre
1426 4745 1473 4790 et
1499 4733 1697 4791 Chroco
1725 4742 1963 4805 tyranno.

578 4800 740 4875 ζιζζζ
745 4804 809 4875 II
814 4806 841 4859 I
851 4847 864 4859 .
895 4800 972 4860 De
999 4800 1336 4875 persecutione
1365 4807 1456 4861 sub
1477 4800 1819 4859 Diocletiano.

578 4870 846 4949 ζξξζγ.
862 4876 950 4949 ρε
976 4869 1307 4933 Constantino
1330 4876 1543 4949 Magno,
1569 4875 1712 4930 beato
1739 4874 1986 4940 Martino,
2008 4878 2056 4926 et
2079 4870 2258 4925 Crucis
2280 4869 2561 4927 Dominicis
2589 4871 2897 4929 inventione.

575 4942 739 5020 ΑΚ
750 4946 819 5020 V.
848 4948 925 5003 De
946 4950 1232 5004 Constantis
1260 4942 1491 5020 imperio.

578 5012 739 5069 ΧΧΧ
751 5017 823 5071 VI
835 5058 848 5072 .
886 5020 959 5072 De
978 5021 1195 5073 adventu
1217 5012 1379 5075 sancti
1404 5016 1639 5073 Martini.
1672 5018 1750 5071 De
1780 5013 2009 5069 Melania
2031 5018 2285 5068 matrona.

578 5083 880 5159 VII.
915 5090 993 5143 De
1020 5092 1225 5143 interitu
1253 5089 1476 5145 Valentis
1498 5088 1840 5159 imperatoris.

579 5154 629 5228 ,ζ
633 5155 735 5228 {KX
748 5158 916 5215 VIII.
949 5159 1026 5215 De
1057 5160 1340 5216 Theodosio
1366 5171 1412 5216 et
1436 5162 1547 5228 ejus
1571 5153 1808 5228 imperio.
1841 5156 1918 5210 De
1945 5154 2153 5211 interitu
2175 5153 2392 5211 Maximi
2412 5154 2633 5225 tyranni.

578 5224 848 5302 ζζίΧζΧ.
883 5232 958 5286 De
989 5231 1429 5302 UfbiCO‘eplSCOpO
1456 5224 1698 5286 Arverno.

580 5295 705 5374 ΑΚ
734 5300 811 5374 De
838 5312 1011 5356 sancto
1036 5295 1278 5369 Hillidi'o,
1313 5295 1489 5374 et'ejus
1514 5302 1890 5374 in_cpisc0patu
1915 5311 2223 5374 successore.

579 5364 744 5443 ξ..
765 5371 842 5443 De
862 5382 1034 5426 sancto
1062 5374 1115 5427 Ν
1119 5364 1350 5443 epotiano
1378 5364 1528 5427 etiam
1552 5364 1889 5443 Aruernorum
1910 5371 2164 5443 episcopo.

579 5435 630 5507 ,ζ
636 5436 744 5491 LII
754 5480 770 5494 .
798 5441 874 5495 De
898 5443 1126 5496 Duorum
1145 5435 1446 5497 "Amantium
1475 5442 1705 5497 castitate
1727 5449 1773 5492 et
1798 5441 2077 5507 sepultura.

580 5505 801 5565 XLIII.
830 5511 909 5565 De
938 5514 1068 5567 beati
1094 5514 1306 5568 Martini
1328 5514 1562 5569 transitu.

649 5629 675 5658 ο
708 5621 901 5692 Aliqui,
934 5623 1245 5691 Recedente;
1275 5628 1391 5679 cod.
1423 5623 1623 5687 Casin.,
1654 5622 1939 5676 Decettente
1987 5622 2172 5690 itaque.
2227 5618 2487 5675 Caeterum
2532 5621 2648 5675 haec
2696 5616 2934 5689 praefatio
2982 5618 3131 5674 deest
3176 5619 3228 5673 in
3281 5618 3554 5689 plerisque
3589 5622 3749 5679 editis
3774 5632 3827 5680 et

579 5708 711 5748 mss.
748 5694 875 5747 Eam
907 5704 1082 5750 tamen
1108 5696 1457 5763 Fredegarius
1492 5696 1749 5761 integram
1780 5692 1981 5747 retulit.

652 5765 677 5803 δ
707 5765 949 5845 éliipum
975 5765 1221 5845 Fredeg_.,
1248 5774 1536 5845 tepesceret.
1589 5843 1594 5845 Α
1786 5834 1799 5845 _
1856 5834 1868 5845 ‘
1925 5834 1937 5845 _
1999 5842 2005 5845 ⁴
2135 5835 2145 5845 η
2207 5833 2219 5845 ⁹
2461 5834 2475 5845 .
2610 5832 2620 5844 _

657 5847 677 5875 ο
707 5836 927 5902 Fredeg.
962 5836 1114 5899 edit.,
1140 5832 1337 5898 clerici;
1372 5837 1422 5887 in
1456 5849 1551 5886 ms.
1583 5843 1754 5887 tamen
1786 5834 2076 5887 habebatur
2098 5833 2356 5901 clerique,’
2384 5834 2476 5891 sed
2515 5832 2728 5901 antiqua
2756 5845 2914 5888 manu
2944 5832 3285 5890 emendatum
3315 5842 3393 5891 est
3416 5874 3431 5902 ,
3464 5835 3654 5891 clerici.

649 5905 675 5943 ά
696 5907 825 5961 Cod.
859 5905 1057 5965 Casii...
1090 5907 1240 5959 duxi-
1278 5915 1329 5961 et
1360 5904 1490 5960 inira
1522 5918 1621 5975 pro
1642 5905 1865 5968 illic-itus,
1906 5904 2059 5961 habet
2090 5904 2307 5957 illectus.
