4086 6328
267 441 3098 476 m

415 642 594 1017 ﬁs.
696 635 1394 876 tiﬁtllitill
1489 627 2401 866 FholiliN’l‘ll
2510 623 3447 1008 Gltlititllill

750 1025 1680 1181 EPISCOPI
1775 1023 3038 1176 TURONENSIS

465 1486 475 1493 ,
569 1290 1212 1443 HISTORUE
1293 1322 2330 1436 ECCLESIASTICAZ
2408 1244 3212 1428 FBANCOBUM
3559 1454 3564 1461 δ

3410 1492 3529 1565 "'29!
3562 1546 3563 1549 η

1252 1573 1767 1690 LIBRI
1869 1569 2538 1686 DECEM.
3496 1608 3566 1649 τε

3256 1715 3267 1745 .“
3301 1712 3335 1743 ἐξ,
3387 1714 3406 1723 "
3558 1717 3568 1739 |
3596 1745 3602 1760 .

1129 1810 2650 1867 ψ

1269 1971 1760 2087 LIBER
1833 1966 2503 2092 PRIMUS,

1652 2280 2115 2460 protegas.

325 2585 380 2659 5
409 2585 721 2659 Scripturtts
746 2584 890 2645 bella
926 2599 1114 2659 regum
1135 2600 1262 2643 eum
1285 2586 1537 2660 gentibus
1580 2586 1845 2658 adversis,
1875 2594 1932 2655 Α
1954 2586 2057 2645 dus
2086 2585 2399 2655 redemptus
2451 2591 2565 2651 est;
2605 2591 2662 2639 et
2717 2580 3130 2649 humanitatem,
3162 2594 3268 2637 non
3293 2577 3549 2637 deitatem

250 2686 551 2752 martyrum
578 2694 703 2736 eum
732 2679 976 2751 paganis,
1005 2679 1373 2737 Ecclesiarum
1397 2694 1520 2736 eum
1550 2678 1844 2749 haereticis,

250 2770 406 2841 prius
431 2770 595 2828 ﬁdem
621 2784 799 2828 meam
825 2770 1063 2842 proferre
1094 2770 1287 2841 cupio,
1316 2779 1377 2827 ut
1403 2770 1495 2841 qui
1521 2770 1730 2840 legerit,
1758 2784 1849 2826 me

250 2876 364 2919 non
386 2862 597 2920 dubitet
620 2878 744 2922 esse
769 2863 1114 2921 catholicum.
1143 2863 1280 2920 Illud
1306 2863 1468 2921 etiam
1494 2862 1693 2934 placuit
1722 2876 1848 2933 pro-

252 2961 378 3025 pter
399 2968 496 3011 eos
514 2997 532 3025 ,
561 2954 656 3027 qui
685 2955 1148 3027 appropinquante
1173 2955 1361 3012 mundi
1386 2955 1493 3011 ﬁne
1532 2955 1844 3025 desperant,

254 3053 314 3099 ut
343 3043 567 3103 collecta
593 3060 691 3117 per
715 3045 1001 3103 chronicas
1027 3054 1056 3085 ιι
1097 3046 1184 3102 vel
1215 3034 1309 3116 per
1336 3045 1587 3103 historias
1611 3047 1849 3103 anterio-

1954 2676 2290 2748 subjacuisse
2313 2676 2549 2745 passioni
2576 2675 2760 2730 credo.
2789 2672 2966 2730 Credo
2992 2689 3114 2728 eum
3158 2671 3246 2728 die
3286 2671 3439 2727 tertia
3466 2684 3553 2726 re-

1954 2769 2280 2833 surrexissc,
2306 2766 2577 2822 hominem
2605 2765 2871 2835 perditum
2899 2764 3161 2822 liberasse
3180 2805 3197 2833 ,
3244 2762 3555 2819 ascendisse

1954 2862 2014 2918 in
2040 2861 2228 2927 caelos,
2254 2859 2445 2915 sedere
2473 2858 2542 2913 ad
2587 2857 2863 2914 dexteram
2913 2857 3109 2925 Patris,
3153 2863 3438 2911 venturum
3488 2867 3555 2910 ac

1951 2958 2317 3029 iudicaturum
2350 2956 2500 3011 vivos
2538 2962 2593 3011 et
2621 2964 2884 3009 mortuos.
2934 2953 3112 3009 Credo
3156 2961 3403 3007 sanctum
3432 2948 3554 3020 Spi-

1958 3048 2123 3104 ritum
2170 3061 2203 3102 a
2249 3045 2410 3101 Patre
2451 3053 2506 3101 ct
2535 3044 2672 3099 Filio
2708 3041 2727 3082 ί
2763 3044 3114 3114 processisse,
3170 3058 3278 3097 non
3309 3042 3358 3113 7
3386 3040 3556 3097 mino-

255 3148 375 3191 rum
404 3151 669 3194 annorum
699 3135 730 3178 ι’
753 3152 965 3194 summa
990 3176 1009 3208 ,
1050 3137 1364 3209 explanetur
1404 3147 1588 3209 aperte
1623 3146 1757 3210 quot
1779 3138 1850 3194 ab

254 3226 480 3285 exordio
506 3227 693 3285 mttndi
720 3229 994 3287 sintanni.
1016 3229 1123 3287 Sed
1146 3230 1296 3299 prius
1326 3230 1538 3287 veniam
1565 3244 1596 3285 a
1624 3232 1853 3303 legenti-

253 3316 357 3374 bus
380 3331 596 3388 preeor,
622 3320 670 3377 si
694 3329 786 3377 aut
814 3321 868 3376 in
888 3320 1107 3389 litteris,
1137 3329 1231 3377 aut
1255 3323 1317 3401 in
1338 3321 1559 3393 syllabis
1584 3337 1850 3394 gramma-
1879 3378 1889 3389 ,

255 3408 419 3466 ticam
447 3420 618 3468 artem
658 3425 964 3482 excessero,
1012 3411 1081 3468 de
1133 3426 1237 3483 qua
1254 3390 1513 3483 °adplene
1542 3423 1565 3452 ο
1588 3390 1697 3469 non
1726 3427 1851 3470 sum

254 3500 515 3558 imbutus.
540 3502 677 3577 illud
708 3511 914 3560 tantum
944 3503 1189 3570 studens,
1240 3511 1300 3559 ut
1338 3504 1482 3575 quod
1516 3505 1572 3559 in
1602 3503 1886 3588 Ecclesia.

257 3592 403 3650 credi
434 3592 777 3663 praedicatur,
811 3595 931 3651 sine
956 3594 1138 3665 aliquo
1162 3592 1287 3650 fuco
1329 3603 1420 3649 aut
1457 3592 1637 3650 cordis
1687 3591 1903 3671 hazsi—;
1962 3596 2280 3654 Trinitatem
2306 3604 2550 3653 sanctam
2580 3597 2634 3652 in
2664 3595 3008 3652 distinetione
3054 3593 3348 3651 subsistere
3376 3609 3562 3665 pcrso~

256 3686 461 3743 talione
488 3687 750 3745 retineam
776 3705 789 3742 :
821 3686 946 3758 quia
975 3687 1091 3744 scio
1128 3688 1363 3757 peccatis
1409 3687 1724 3756 obnoxium,
1755 3700 1853 3756 per
1882 3674 1889 3681 ’
1965 3705 2189 3757 narum;
2215 3700 2270 3747 et
2295 3690 2455 3745 aliam
2485 3690 2701 3761 quidem
2732 3704 3016 3757 personam
3048 3688 3223 3744 Patris
3243 3730 3259 3758 ,
3289 3688 3447 3744 aliam
3474 3686 3565 3742 Fi-

254 3778 629 3837 credulitatem
674 3795 864 3851 puram
919 3781 1168 3840 obtinere
1226 3794 1386 3854 posse
1443 3782 1656 3839 veniam
1710 3776 1856 3852 apud
1902 3788 1936 3803 ’θ
1964 3783 2045 3850 lii,
2075 3782 2236 3838 aliam
2261 3782 2493 3853 Spiritus
2520 3778 2794 3837 sancti.ln
2822 3796 2926 3851 qua
2954 3780 3216 3836 Trinitate
3260 3794 3420 3835 unam
3450 3777 3564 3835 dei-

254 3881 500 3930 nostrum
528 3874 674 3945 pium
706 3873 992 3929 Dominum
1022 3872 1074 3929 ἀ.
1128 3880 1131 3885 ‘
1968 3882 2157 3944 tatem,
2191 3889 2354 3928 unam
2385 3874 2700 3942 potentiam,
2728 3887 2891 3927 unam
2943 3873 3231 3928 essentiam
3278 3885 3401 3926 esse
3438 3884 3566 3925 eon-

326 3961 574 4035 6Credo
622 3979 752 4036 ergo
796 3967 851 4021 in
906 3964 1078 4022 Deum
1133 3965 1347 4024 Patrem
1399 3966 1940 4037 omnipotentemJB
1968 3967 2151 4025 ﬁteor.
2201 3966 2375 4024 Credo
2405 3976 2431 4015 κ
2460 3966 2671 4023 beatam
2717 3967 2960 4031 Mariam,
3017 3975 3074 4019 ut
3123 3964 3385 4034 virginem
3437 3970 3568 4020 ante

1956 3153 2101 3206 rem,
2132 3148 2188 3195 et
2208 3135 2362 3208 quasi
2389 3145 2514 3193 ante
2537 3150 2644 3191 non
2674 3143 2843 3206 esset,
2867 3133 2964 3191 sed
2993 3134 3275 3202 aequalem,
3317 3141 3371 3188 et
3413 3147 3558 3187 sem-

1958 3243 2060 3301 per
2098 3244 2222 3285 cum
2248 3229 2412 3285 Patre
2441 3236 2497 3284 et
2546 3227 2685 3284 Filio
2728 3237 3054 3284 coaeternum
3099 3226 3292 3293 Deum,
3324 3225 3557 3282 consub-

1959 3321 2271 3378 stantialem
2302 3327 2520 3387 natura,
2551 3320 2811 3390 aequalem
2854 3320 3270 3392 omnipotentia,
3304 3334 3557 3377 consem-

1963 3414 2236 3482 piternum
2264 3411 2523 3480 essentia,
2547 3420 2608 3466 ut
2627 3426 2898 3482 nunquam
2928 3410 3045 3466 sine
3090 3411 3251 3467 Patre
3274 3410 3440 3467 fuisse
3472 3409 3561 3469 vel

1960 3504 2125 3573 Filio,
2168 3519 2342 3575 neque
2380 3504 2645 3560 minorem
2702 3502 2862 3560 Patre
2908 3503 2993 3559 vel
3038 3502 3196 3558 Filio.
3222 3502 3394 3558 Credo
3424 3502 3561 3559 hanc

254 4052 431 4113 Credo
456 4056 512 4113 in
538 4056 720 4114 Jesum
741 4056 1013 4114 Christum
1043 4057 1211 4114 ﬁlium
1244 4059 1363 4129 ejus
1392 4058 1629 4125 unicum,
1660 4058 1855 4115 Domi-

257 4164 387 4205 num
436 4148 605 4205 Deum
660 4158 925 4219 nostrum,
977 4156 1161 4205 natum
1195 4165 1225 4205 a
1256 4150 1435 4218 Patre,
1468 4166 1575 4207 non
1616 4149 1851 4219 factum;

257 4259 366 4301 non
394 4255 516 4315 post
544 4254 819 4315 tempora,
857 4243 954 4300 sed
993 4253 1116 4301 ante
1148 4254 1401 4299 cunctum
1448 4254 1680 4314 tempus,
1706 4258 1854 4300 sem-

256 4350 353 4406 per
378 4334 545 4391 luisse
572 4350 694 4390 cum
726 4333 904 4391 Patre.
927 4332 1041 4391 Nec
1080 4318 1226 4390 enim
1264 4333 1423 4391 Pater
1452 4333 1557 4390 dici
1581 4346 1859 4405 potuerat,

256 4427 361 4484 nisi
388 4427 611 4484 haberet
647 4426 874 4496 Filium;
922 4444 1097 4499 neque
1140 4427 1307 4484 Filius
1356 4438 1522 4497 esset,
1561 4430 1608 4485 si
1635 4429 1857 4487 Patrem

258 4519 444 4588 utique
483 4534 591 4575 non
646 4518 888 4575 haberet.
944 4519 1065 4575 lllos
1112 4534 1242 4576 vero
1283 4520 1374 4590 qui
1425 4522 1633 4589 dicunt,
1669 4532 1691 4559 θ
1722 4522 1861 4577 Erat:

258 4612 472 4680 quando
507 4626 613 4666 non
643 4620 782 4677 erat,
816 4611 1223 4669 exsecrabiliter
1246 4627 1436 4680 renuo,
1466 4622 1521 4670 et
1566 4615 1639 4670 ab
1666 4614 1853 4671 Eccle-

255 4702 338 4758 sia
369 4702 637 4773 segregari
679 4708 973 4758 contestor.
1015 4702 1192 4759 Credo
1241 4701 1513 4761 Christum
1543 4706 1689 4761 hunc
1719 4704 1855 4763 Ver-

256 4794 384 4851 bum
415 4809 535 4851 esse
562 4794 756 4862 Patris,
789 4810 885 4865 per
923 4810 1084 4866 quem
1130 4794 1271 4854 facta
1315 4806 1441 4855 sunt
1463 4800 1665 4856 omnia.
1700 4800 1857 4859 Hunc

255 4884 494 4942 Verbum
517 4899 735 4944 carnem
762 4884 962 4944 factum
1001 4886 1185 4957 credo,
1228 4889 1384 4960 cujus
1421 4892 1676 4961 passione
1697 4908 1887 4989 ιιιιω-ἐ

1966 4069 2204 4130 partum,
2236 4060 2308 4114 ita
2336 4060 2594 4127 virginem
2617 4066 2672 4115 et
2712 4067 2831 4128 post
2867 4066 3095 4126 partum.
3131 4056 3307 4113 Credo
3331 4056 3567 4112 animam

1972 4150 2355 4219 immortalem,
2399 4164 2498 4204 nec
2530 4158 2708 4205 tamen
2736 4159 2943 4219 partem
2976 4147 3171 4205 habere
3220 4148 3454 4204 deitatis.
3494 4146 3567 4203 Et

1972 4243 2153 4298 omnia
2177 4258 2294 4312 qua:
2316 4258 2345 4298 a
2369 4242 2622 4299 trecentis
2647 4242 2836 4299 decem
2858 4250 2913 4299 et
2933 4251 3056 4297 octo
3086 4241 3352 4312 episcopis
3370 4239 3567 4297 Nicaete

1972 4335 2263 4393 constituta
2303 4344 2448 4404 sunt,
2480 4336 2644 4393 credo
2689 4335 2947 4392 ﬁdeliter.
2979 4334 3057 4390 De
3086 4335 3192 4390 line
3220 4347 3352 4391 vero
3381 4329 3569 4389 mundi

1974 4442 2041 4485 ea
2066 4430 2242 4485 sentio
2272 4410 2391 4501 qua:
2423 4445 2453 4483 a
2478 4430 2745 4500 prioribus
2771 4429 2953 4485 didici.
3001 4428 3360 4483 Antichristus
3380 4423 3411 4463 ιι
3437 4436 3566 4482 vero

1969 4521 2205 4591 primum
2235 4522 2700 4579 circumcisionem
2758 4522 2997 4590 inducet,
3054 4536 3111 4577 se
3150 4534 3394 4577 asserens
3413 4518 3568 4575 Chri-

1969 4626 2115 4673 stum
2146 4635 2159 4671 :
2188 4617 2384 4675 deinde
2412 4621 2468 4673 in
2501 4620 2700 4691 templo
2726 4618 3114 4689 Hierosolymis
3144 4627 3374 4674 statuam
3416 4630 3569 4675 suam

1972 4709 2261 4765 collocabit
2286 4711 2636 4777 adorandam,
2668 4710 2806 4767 sicut
2838 4710 2854 4748 ί
2890 4709 3176 4766 Dominum
3199 4710 3402 4765 dixisse
3430 4708 3569 4778 legi-

1968 4819 2097 4863 mus
2121 4824 2133 4859 :
2177 4806 2423 4863 Videbitis
2447 4807 2875 4862 abominationem
2911 4805 3245 4860 desolationis
3268 4812 3486 4859 stantem
3514 4802 3570 4857 in

1955 4896 2089 4986 .1060
2116 4908 2291 4955 sancto
2325 4896 2540 4972 (Matth.
2572 4913 2723 4967 xxiv,
2751 4897 2861 4970 15).
2892 4899 2998 4956 Sed
3024 4898 3167 4957 diem
3202 4898 3350 4954 illam
3404 4891 3571 4951 omni.

332 5060 359 5089 α
380 5050 471 5133 _Sie
492 5051 617 5133 Bac.
646 5060 703 5133 et
740 5050 899 5133 893.;
913 5050 1336 5133 aliihetironica.
1365 5051 1529 5110 Certe
1564 5053 1703 5112 infra
1733 5056 1941 5133 omne
1974 5066 2136 5133 runt_,
2166 5073 2309 5133 _cum
2350 5056 2583 5133 primum
2634 5056 2907 5133 sym_bolo_
2950 5048 3564 5133 Constantinopolitano,

252 5136 357 5180 nes
381 5120 598 5189 habent,
624 5120 875 5178 chronica:
902 5121 1132 5177 Eusebii.

329 5192 357 5233 δ
391 5193 447 5249 In
474 5193 595 5249 cod.
620 5193 779 5251 Corb.
804 5194 955 5250 deest
984 5208 1259 5249 annorum.

256 5337 271 5348 .
333 5273 356 5303 ο
379 5263 514 5319 Cod.
539 5264 701 5337 Reg.,
732 5267 795 5321 de
814 5281 917 5337 qua
937 5264 1104 5335 plene.
1128 5262 1334 5333 Casin.,
1355 5266 1589 5337 adprime
1620 5286 1727 5327 neu
1738 5284 1863 5330 sunt

252 5343 552 5391 ωιτν-κείω.

328 5403 357 5444 ά
387 5406 515 5462 Mss.
544 5415 599 5463 et
622 5408 827 5479 aliquot
846 5406 1000 5475 editi,
1021 5407 1164 5475 apud
1181 5406 1372 5463 Deum.

337 5486 362 5562 ξ
393 5476 796 5562 Ηοςηδάνῳευδ
836 5477 1383 5562 Arianosnsymbola
1395 5494 1497 5537 suo
1522 5481 1858 5562 addiderunt

254 5546 449 5624 Patres
473 5547 673 5606 Nicani
701 5566 715 5604 :
746 5549 908 5624 unde,
938 5550 992 5624 ni
1019 5546 1194 5618 fallor,
1225 5561 1345 5621 post
1368 5550 1487 5609 hac
1507 5554 1693 5624 verba,
1720 5553 1860 5611 Erat

252 5619 464 5688 quando
486 5635 592 5675 non
610 5628 738 5683 erat,
768 5620 1069 5678 addendum
1094 5629 1198 5688 est,
1228 5619 1326 5678 etc.
1680 5619 1688 5624 ’

332 5687 356 5729 ³
392 5690 543 5745 lianc
571 5690 906 5774 particulam
919 5690 1188 5774 FjlioqutL
1188 5692 1388 5774 habent
1411 5708 1607 5774 omnes
1634 5698 1771 5755 editi
1799 5706 1860 5756 et

257 5774 394 5838 ptas.
424 5776 550 5818 cum
575 5759 767 5838 codice
785 5759 1116 5838 Corbeiensi.
1132 5765 1213 5838 Alit
1240 5766 1454 5838 quidem
1473 5768 1592 5838 jam
1632 5781 1857 5825 assecu-

254 5830 318 5888 lo
344 5846 378 5887 v
403 5840 461 5911 et
479 5846 582 5911 γιζ
591 5832 644 5887 in
676 5830 801 5889 ﬁdei
828 5830 1545 5911 professionibus’legitur'in
1566 5839 1858 5911 illispania:

254 5903 501 5974 synodis.
543 5903 860 5976 Quanquam
900 5902 1097 5964 saeculo
1137 5921 1193 5968 ix
1239 5902 1410 5971 turbae
1454 5902 1709 5981 excitatae
1738 5911 1858 5973 fua-

1918 5900 1930 5910 _
1974 5840 2076 5911 riis
2104 5840 2161 5901 in
2188 5837 2376 5903 Matth.
2404 5854 2525 5913 cap.
2555 5839 2642 5903 25.

2014 5119 2133 5209 tiod'
2164 5128 2303 5186 inter
2350 5119 2633 5183 Missurum
2664 5119 2942 5183 'solemnia
2992 5124 3337 5189 cantabatur,
3384 5119 3563 5176 addita

2000 5206 2230 5341 ωὲἰίεεο
2260 5284 2429 5341 usque
2449 5270 2515 5325 ad
2547 5285 2669 5340 cap.
2701 5271 2725 5325 l
2758 5270 2951 5341 desunt
2982 5267 3037 5320 in
3067 5264 3189 5341 cod.
3221 5261 3408 5333 Regio.

2053 5339 2079 5378 ¹³
2114 5341 2246 5397 Cod.
2271 5335 2476 5407 Casin.,
2518 5335 2675 5397 didici
2700 5339 3058 5395 antichristum
3081 5335 3224 5403 prius
3265 5350 3372 5388 esse
3399 5345 3572 5390 ventu-

1978 5430 2118 5488 ram,
2148 5414 2313 5488 quise
2340 5429 2591 5488 asserens,
2618 5424 2724 5469 etc.
2750 5412 2806 5465 lu
2846 5408 3008 5488 CorDb.
3044 5414 3163 5488 post
3192 5412 3573 5488 venturumse-

1978 5478 2196 5541 milinea
2225 5483 2418 5541 detrita
2438 5494 2542 5553 est,
2560 5478 2842 5554 postquam
2870 5478 2959 5534 sed
2978 5478 3199 5549 primum
3230 5478 3573 5534 circumcisio-

1976 5573 2267 5684 m-eqhﬂunc
2292 5629 2468 5684 locum
2499 5627 2566 5683 de
2590 5624 2904 5681 antichristo
2948 5624 3085 5680 inter
3125 5622 3261 5680 alios
3291 5621 3572 5679 intellexe~

1973 5707 2107 5753 runt
2154 5700 2262 5753 duo
2309 5699 2601 5752 Gallicanae
2650 5696 2910 5753 Ecclesia:
2960 5694 3309 5751 illustrissimi
3368 5700 3574 5762 patres,

1971 5768 2342 5841 lretiieussub
2371 5769 2532 5824 ﬁnem
2551 5768 2673 5841 libri
2702 5784 2755 5840 ν,
2808 5777 2863 5830 et
2892 5766 3209 5841 Hilariusjtt
3232 5765 3573 5825 Commenta-
