4086 6328
1557 379 1615 434 S.
1656 378 1980 435 GREGORU
2020 374 2326 435 EPISCOPI
2363 376 2783 437 TUBONE‘NSIS

3698 372 3807 451 1.64

552 442 652 542 bus
692 483 996 544 hominibus
1063 486 1322 556 ignorari.
1358 489 1470 560 ipse
1518 491 1772 549 Dominus
1818 491 2291 552 maniiestatAab
2338 492 2573 560 angelica
2639 490 2802 555 sede,
2868 488 3051 545 mundi
3106 487 3375 545 laboribus
3450 470 3849 561 deputantur.-

552 576 739 633 dicens
763 595 777 632 :
808 576 887 641 De
913 580 997 647 die
1020 591 1188 651 autem
1206 581 1298 637 illa
1324 592 1369 636 et
1396 582 1526 636 hora
1550 600 1695 638 nemo
1721 586 1834 653 scit,
1859 600 2016 655 neque
2038 601 2130 638 an-

554 670 652 743 geli
672 667 932 735 calorum.
959 689 1113 744 neque
1134 672 1321 737 Filius,
1346 675 1442 729 nisi
1464 673 1620 730 Pater
1638 680 1777 731 solus
1799 677 1985 735 (Marc.
2012 692 2124 743 xttt,

553 759 668 833 52).
715 762 821 841 sed
853 774 905 821 et
935 764 1022 839 hic
1070 766 1508 836 respondebimus
1558 770 1846 837 h:rreticis,
1892 772 1979 841 qui
2033 784 2131 825 nos

553 854 902 927 impugnant,
945 868 1243 914 asserentes
1278 860 1538 916 minorem
1569 878 1689 919 esse
1720 864 1911 918 Filium
1946 865 2123 930 Patre,

552 946 640 1014 qui
665 944 803 1001 hanc
825 946 964 1003 diem
996 949 1223 1018 ignoret.
1249 951 1583 1023 Cognoscant
1612 970 1739 1025 ergo
1766 956 1907 1010 hunc
1936 948 2127 1010 Filium

552 1034 916 1093 Christianum
978 1042 1227 1109 populum
1278 1054 1660 1114 nuncupatum,
1706 1046 1771 1101 de
1817 1063 1920 1115 quo
1956 1062 1986 1101 a
2018 1046 2128 1102 Deo

551 1120 853 1197 pmdicitur
883 1145 898 1183 :
930 1128 1041 1201 Ego
1065 1147 1152 1185 ero
1177 1134 1279 1185 illis
1310 1136 1362 1187 in
1389 1144 1605 1205 patrem,
1637 1147 1683 1190 et
1710 1137 1810 1205 ipsi
1831 1146 1979 1190 erunt
2002 1138 2128 1190 mihi

550 1220 603 1276 in
640 1224 772 1291 ﬁlios
802 1222 886 1289 (Il
913 1223 1032 1280 Cor.
1066 1244 1138 1296 vi,
1172 1228 1281 1297 l5).
1312 1228 1369 1285 Si
1413 1232 1554 1285 enim
1588 1232 1700 1288 haec
1744 1232 1813 1288 de
1857 1233 2127 1301 unigenito

549 1311 683 1368 Filio
713 1316 1067 1383 praedixisset,
1089 1335 1377 1390 numquam
1410 1324 1456 1378 ei
1479 1324 1697 1396 angelos
1728 1327 2123 1395 praeposuisset.

546 1403 634 1461 Sic
663 1407 806 1462 enim
837 1411 911 1464 ait
946 1428 959 1463 :
998 1410 1177 1481 Neque
1211 1416 1380 1485 angeli
1419 1418 1659 1470 cwlornm
1687 1458 1701 1484 ,
1732 1435 1891 1488 neque
1922 1417 2126 1483 Filius;

548 1500 839 1556 ostendens
869 1516 974 1557 non
1006 1503 1072 1559 de
1103 1504 1407 1575 Unigeuito,
1438 1507 1531 1562 sed
1554 1507 1621 1564 de
1649 1509 1900 1580 adoptivo
1930 1510 2127 1580 pepulo

546 1586 663 1645 baac
684 1590 887 1647 dixisse
914 1602 962 1648 ι.
995 1594 1187 1651 Noster
1235 1613 1363 1653 vero
1405 1600 1543 1667 linis,
1592 1601 1709 1671 ipse
1757 1600 1997 1658 Christus
2022 1612 2124 1667 est,

548 1684 637 1754 qui
667 1685 820 1742 nobis
844 1690 1006 1743 vitam
1030 1699 1307 1759 aeternam,
1340 1691 1389 1747 si
1419 1694 1485 1746 ad
1525 1708 1645 1749 eum
1674 1694 1924 1750 conversi
1965 1694 2126 1750 fueri-

550 1792 691 1845 mus,
722 1779 867 1850 larga
893 1780 1217 1853 benignitate
1245 1786 1534 1855 praestabit.

2299 582 2360 639 ll.
2390 582 2611 655 Cognita
2651 592 2831 655 autem
2874 581 3183 653 aisateltite,
3224 580 3251 619 ιι
3290 582 3481 659 ιιιιῃίει·
3525 584 3802 665 εαμρερίι,

2229 675 2541 745 peperitque
2572 674 2706 731 duos
2736 674 2891 729 ﬁlios.
2926 673 3029 731 Sed
3060 674 3187 730 dum
3221 674 3357 731 Deus
3392 676 3546 737 unius
3594 678 3805 751 sacriﬁ-

2228 769 2366 822 cium
2395 767 2677 838 dignanter
2706 767 2949 835 suscipit,
3001 767 3134 822 alter
3186 766 3388 859 invidia
3436 768 3806 859 inﬂammante

2229 861 2496 923 tumescit,
2545 869 2597 913 et
2643 862 2694 914 in
2742 859 2959 913 fraterni
2991 858 3261 927 sanguinis
3290 860 3600 915 ellusionem
3631 858 3806 917 novus

2229 951 2495 1022 parricida
2522 952 2577 1023 9
2604 966 2929 1022 consurgens
2964 960 3009 1019 °,
3041 952 3256 1007 lratrem
3302 952 3570 1023 opprimit,
3615 955 3801 1023 vincit,

2228 1040 2500 1097 interimit.

2302 1134 2383 1187 ΙΙΙ.
2429 1134 2494 1187 Et
2536 1133 2726 1189 exhinc
2755 1141 3000 1189 cunctum
3031 1148 3197 1204 genus
3235 1133 3286 1188 in
3316 1134 3524 1191 facinus
3554 1152 3805 1193 exsecra-

2230 1224 2336 1281 bile
2366 1228 2489 1292 ruit,
2516 1236 2707 1294 prteter
2736 1226 2917 1280 Euoch
2940 1226 3165 1296 justum,
3196 1227 3284 1297 qui
3315 1227 3591 1284 ambulans
3623 1229 3675 1283 in
3703 1231 3805 1285 viis

2231 1314 2345 1378 Dei,
2388 1316 2453 1370 ab
2484 1316 2598 1384 ipso
2629 1316 2855 1371 Domino
2878 1326 3094 1387 propter
3116 1318 3381 1399 justitiam
3408 1328 3711 1403 assqinptus
3736 1322 3809 1377 de

2229 1405 2407 1461 medio
2435 1405 2703 1474 peccantis
2734 1405 2915 1476 populi
2948 1406 3226 1461 liberatur.
3258 1407 3763 1479 Sie'eniiii‘legimus
3790 1428 3804 1463 :

2229 1498 2514 1573 Ambulavit
2561 1497 2743 1575 Enoclt
2772 1516 2887 1577 eum
2916 1497 3057 1564 Deo,
3104 1508 3152 1553 et
3190 1516 3292 1555 non
3322 1504 3641 1574 comparuit,
3685 1507 3810 1576 quia

2227 1587 2372 1663 Deus
2400 1590 2658 1661 tuliLeuni
2696 1584 2847 1671 ((έςα.
2879 1605 2931 1656 v,
2962 1588 3077 1661 Ἡ).

2298 1680 2385 1735 ιν.
2421 1680 2676 1736 Dominus
2702 1695 2830 1750 ergo
2855 1689 3156 1737 commotus
3176 1693 3360 1739 contra
3382 1684 3689 1755 iniquitates
3712 1702 3807 1759 po-

2228 1772 2338 1845 puli
2367 1787 2475 1845 non
2503 1773 2559 1829 in
2586 1774 2699 1839 suis
2722 1774 2931 1841 semitis
2964 1772 3262 1843 gradientis
3285 1816 3303 1844 ,
3349 1776 3607 1834 diluvium
3633 1781 3807 1836 immi-
3900 1777 3912 1801 '

616 1869 694 1925 De
720 1874 1094 1939 supputatione
1123 1891 1249 1931 vero
1278 1876 1436 1946 hujus
1458 1879 1637 1934 mundi
1654 1879 1931 1935 evidenter
1949 1879 2119 1935 Chro-

2230 1863 2329 1932 sit,
2381 1874 2734 1934 cunctamque
2792 1866 3023 1920 animam
3080 1866 3343 1923 viventem
3396 1869 3463 1925 de
3522 1872 3805 1941 superﬁcie

546 1960 681 2017 uicae
712 1962 926 2019 Eusebii
952 1965 1297 2023 Caesariensis
1346 1972 1403 2041 8
1443 1972 1678 2041 episcopi
1724 1987 1785 2030 ac
1813 1970 2123 2043 Hieronymi

547 2054 846 2125 presbyteri
898 2058 1301 2129 proloquuntur,
1356 2072 1410 2117 et
1465 2064 1723 2118 rationem
1778 2064 1844 2119 de
1884 2065 2123 2120 omnium

546 2159 805 2202 annorum
860 2152 999 2205 serie
1043 2154 1295 2222 pandunt.
1332 2155 1462 2209 Nam
1496 2165 1547 2211 et
1576 2137 1797 2211 di'osius
1828 2156 2125 2226 diligentis-

546 2237 683 2292 sime
714 2238 827 2295 haec
852 2242 1141 2311 inquirens,
1174 2262 1387 2300 omnem
1421 2264 1699 2303 numerum
1745 2264 2006 2304 annorum
2057 2250 2124 2304 ab

546 2326 701 2383 initio
728 2334 909 2387 mundi
941 2351 1105 2405 usque
1132 2336 1197 2391 ad
1228 2353 1382 2392 suum
1415 2348 1621 2409 tempus
1652 2340 1702 2395 in
1758 2357 1919 2396 unum
1968 2342 2128 2409 colle-

550 2420 647 2488 git.
675 2422 785 2477 Hoc
811 2425 969 2480 etiam
996 2437 1047 2482 et
1072 2428 1355 2495 Victorius,
1405 2446 1523 2486 cum
1579 2432 1819 2487 ordinem
1849 2433 2123 2489 Paschalis

546 2513 901 2573 solemnitatis
950 2521 1261 2591 inquireret,
1318 2524 1458 2579 fecit.
1520 2526 1655 2593 Ergo
1685 2536 1738 2580 et
1767 2540 1864 2581 nos
1894 2527 2124 2597 scripto-

545 2618 662 2663 rum
691 2623 847 2677 supra
879 2622 1293 2669 memoratorum
1322 2617 1647 2686 exemplaria
1695 2629 2000 2687 sequentes,
2032 2632 2125 2673 cu-

545 2700 722 2769 pimus
754 2716 779 2753 a
814 2702 967 2771 primi
1001 2704 1229 2761 hominis
1284 2708 1610 2776 conditione,
1672 2708 1715 2762 si
1746 2708 2000 2764 Dominus
2039 2708 2123 2764 di-

546 2790 796 2860 gnabitur
869 2810 1021 2849 suum
1089 2799 1446 2870 commodare,
1500 2801 1784 2869 auxilium,
1844 2816 2008 2872 usque
2058 2804 2124 2858 ad

547 2896 791 2942 nostrum
826 2900 1031 2961 tempus
1060 2904 1305 2949 cunctam
1336 2909 1595 2950 annorum
1638 2898 1939 2968 congeriem
1980 2912 2127 2953 com-

546 2988 754 3049 putare.
787 2981 936 3048 Quod
968 2984 1175 3040 facilius
1207 2986 1630 3056 adimolebimus,
1663 2989 1707 3044 si
1733 2988 1799 3044 ab
1826 2990 1939 3061 ipso
1955 2990 2123 3046 Adam

547 3083 820 3126 sumamus
849 3075 1150 3132 exordium.

614 3162 654 3217 Ι.
692 3162 750 3218 in
804 3167 1066 3238 principio
1116 3170 1369 3227 Dominus
1425 3173 1619 3229 coelum
1668 3182 1972 3231 terramoue
2002 3218 2016 3245 ,
2067 3173 2121 3229 in

2228 1963 2386 2013 terra
2423 1958 2627 2033 diluvio
2668 1959 2959 2031 igunslante
2987 1961 3222 2020 delevit;
3266 1970 3574 2029 tantumque
3603 1962 3716 2019 Noe
3745 1965 3804 2019 il-

2226 2047 2559 2103 deiissimum
2591 2064 2652 2104 ac
2682 2043 3004 2119 peculiarem
3035 2052 3158 2118 sibi,
3187 2053 3375 2122 suique
3417 2054 3527 2124 typi
3569 2056 3801 2123 speciem

2225 2140 2623 2211 praferentem,
2654 2157 2771 2196 cum
2804 2157 2895 2197 sua
2924 2152 2977 2197 et
3002 2144 3162 2198 trium
3192 2153 3437 2200 natorum
3464 2147 3799 2217 conjugibus,

2226 2233 2549 2303 posteritatis
2582 2235 2890 2304 reparanda:
2923 2237 3114 2303 gratia,
3147 2236 3197 2290 in
3229 2251 3350 2291 arca
3381 2238 3693 2295 reservavit.
3722 2240 3801 2295 ln-

2226 2336 2451 2397 crepant
2476 2341 2573 2380 nos
2604 2326 2688 2381 hic
2716 2327 2971 2393 haeretici,
3003 2342 3097 2383 cur
3128 2328 3399 2398 Scriptura
3442 2344 3594 2385 sacra
3624 2331 3801 2387 Domi-

2226 2436 2352 2475 num
2392 2419 2612 2475 dixisset
2644 2420 2854 2474 iratum.
2889 2419 3228 2491 Cognoscant
3256 2435 3414 2491 ergo,
3458 2424 3582 2492 quia
3626 2422 3801 2479 Domi-

2226 2527 2327 2567 nus
2374 2523 2588 2579 noster,
2640 2528 2744 2566 non
2797 2523 2852 2566 ut
2903 2514 3060 2566 homo
3110 2514 3356 2585 irascitur
3389 2531 3401 2566 :
3434 2528 3801 2591 commovetur

2226 2601 2402 2667 enim,
2450 2611 2509 2655 ut
2550 2610 2779 2667 terreat;
2822 2600 2993 2671 pellit,
3039 2612 3095 2656 ut
3134 2612 3378 2669 revocet;
3424 2603 3703 2677 irascitur,
3748 2619 3801 2664 ut

2227 2692 2493 2747 emendet.
2550 2691 2655 2747 Sed
2686 2705 2786 2747 nec
2834 2691 2934 2747 hoc
2980 2692 3227 2763 ambigo,
3277 2695 3415 2764 quod
3459 2698 3665 2765 species
3714 2699 3800 2753 illa

2228 2800 2366 2841 arca:
2398 2798 2577 2856 typum
2606 2786 2792 2841 matris
2822 2788 3044 2856 gesserit
3074 2786 3332 2843 Ecclesiae
3362 2805 3377 2842 :
3411 2804 3522 2859 ipsa
3552 2792 3695 2847 enim
3723 2793 3800 2848 in-
3846 2820 3851 2824 -

2228 2888 2308 2935 ter
2337 2880 2529 2949 ﬂuctus
2577 2889 2629 2934 et
2658 2878 2908 2950 scopulos
2953 2878 3111 2949 hujus
3140 2881 3323 2935 szcculi
3367 2883 3629 2939 transiens
3651 2927 3665 2952 ,
3706 2899 3800 2942 nos

2227 2972 2292 3028 ab
2344 2971 2745 3027 imminentibus
2795 2971 2946 3027 malis
2988 2981 3228 3027 materno
3256 2976 3551 3043 gestamine
3577 2976 3797 3047 fovens,
3848 3010 3851 3011 ν

2226 3067 2314 3140 pio
2339 3068 2583 3137 amplexu
2614 3080 2673 3121 ac
2702 3066 3030 3137 protectione
3068 3066 3326 3122 defendit.
3848 3058 3851 3059 ⁷

2297 3160 2379 3215 Ab
2401 3159 2567 3214 Adam
2594 3172 2721 3229 ergo
2748 3172 2912 3227 usque
2934 3159 3001 3213 ad
3029 3158 3139 3216 Noe
3167 3169 3288 3217 sunt
3317 3166 3687 3231 generationes
3712 3169 3798 3225 de-
3840 3236 3843 3237 γ

546 3250 760 3310 Christo
789 3272 908 3321 suo,
942 3260 1031 3329 qui
1073 3271 1154 3317 est
1202 3264 1434 3319 omnium
1484 3266 1825 3335 principium,
1860 3268 1928 3323 id
1962 3275 2044 3322 est
2072 3268 2125 3323 in

2231 3268 2346 3309 cem
2380 3270 2393 3307 :
2426 3252 2475 3307 id
2504 3261 2587 3307 est
2614 3251 2812 3317 Adam,
2862 3252 3024 3319 Seth,
3063 3252 3243 3321 Enos,
3275 3255 3497 3323 Cainan,
3544 3257 3797 3327 Malaleel,

547 3341 684 3399 Filio
710 3362 807 3401 suo
833 3347 1102 3419 formavit,
1135 3354 1222 3423 qui
1252 3364 1373 3423 post
1418 3368 1598 3411 creata
1628 3358 1808 3411 mundi
1838 3352 2147 3428 elementa,

548 3438 756 3508 glebam
785 3455 1063 3498 assumens
1093 3445 1293 3515 fragilis
1337 3447 1445 3503 limi
1468 3446 1518 3519 δ,
1556 3450 1821 3506 hominem
1862 3452 1928 3506 ad
1976 3468 2124 3510 suam

506 3554 509 3555 ν
550 3524 834 3597 imaginem
883 3533 1392 3608 similitudinemque
1421 3540 1699 3609 plasmavit
1719 3586 1733 3610 ,
1759 3552 1809 3597 et
1838 3542 2128 3601 insuﬂlavit

550 3618 605 3683 in
629 3620 819 3677 faciem
848 3624 960 3688 ejus
991 3629 1312 3698 spiraculum
1347 3633 1487 3702 vitae,
1518 3643 1571 3689 et
1612 3633 1783 3691 factus
1822 3646 1903 3692 est
1931 3638 1978 3691 in
2011 3640 2126 3693 ani-

550 3727 691 3771 mam
720 3715 985 3774 viventem
1014 3736 1027 3775 :
1069 3721 1152 3777 cui
1205 3722 1489 3780 dormienti
1536 3726 1709 3781 ablata
1741 3736 1906 3795 costa,
1936 3727 2130 3785 mulier

551 3805 661 3865 Eva
691 3819 869 3864 creata
900 3822 1001 3867 est.
1034 3811 1141 3869 Nec
1187 3815 1401 3871 dubium
1433 3818 1572 3873 enim
1607 3829 1705 3887 est,
1740 3821 1880 3892 quod
1913 3820 1997 3876 hic
2021 3823 2123 3892 prio

551 3916 671 3959 nius
728 3900 891 3959 homo
942 3904 1134 3970 Adam,
1185 3918 1464 3980 antequam
1514 3920 1777 3981 peccaret,
1816 3922 1992 3983 typum
2023 3896 2128 3967 Do-

549 3994 683 4050 mini
740 3996 908 4052 nostri
969 3996 1341 4070 Redemptoris
1372 4003 1711 4072 praetulisset.
1758 4003 1873 4073 lpse
1902 4006 2043 4059 enim
2075 4006 2126 4061 in

552 4098 749 4157 sopore
795 4090 1054 4157 passionis
1111 4092 1475 4160 obdormiens,
1522 4095 1587 4149 de
1638 4094 1802 4151 latere
1856 4110 1952 4150 suo
2001 4095 2126 4150 dum

552 4188 743 4247 aquam
796 4194 1148 4252 crnoremque
1227 4186 1499 4253 produxit,
1562 4187 1819 4257 virginem
1874 4187 2127 4241 immacu-

554 4268 826 4341 lalatnquc
856 4273 1148 4329 Ecclesiam
1182 4277 1282 4330 sibi
1334 4279 1594 4346 exhibuit,
1652 4280 1978 4349 redemptam
2008 4295 2127 4334 san-

553 4363 733 4434 guine,
781 4364 938 4418 latice
978 4369 1339 4434 emundatam,
1394 4385 1498 4422 non
1554 4370 1836 4424 habentem
1871 4371 2125 4425 maculam

553 4463 645 4509 aut
666 4468 847 4521 rugam
870 4472 883 4519 ;
910 4456 959 4510 id
984 4466 1065 4511 cst
1093 4459 1325 4528 lymphis
1353 4460 1584 4514 ablutam
1610 4468 1825 4530 propter
1842 4461 2124 4534 maculam,

554 4543 607 4602 in
632 4563 790 4603 cruce
812 4559 1086 4606 extensam
1113 4562 1328 4621 propter
1359 4570 1564 4624 rugam.
1606 4554 1668 4607 lli
1699 4570 1825 4625 ergo
1851 4555 2007 4626 primi
2035 4556 2125 4610 ho~

553 4638 725 4695 mines
752 4640 891 4696 inter
922 4656 1131 4697 anitena
1167 4645 1391 4712 paradisi
1426 4654 1447 4683 ο
1480 4645 1631 4701 beate
1656 4646 1910 4713 viventes,
1942 4650 2127 4719 anguis
2153 4627 2205 4688 D

556 4742 674 4788 astu
728 4734 927 4805 illecti,
988 4736 1165 4792 divina
1218 4748 1480 4810 praecepta
1510 4741 1829 4798 transiliunt.
1855 4740 2127 4815 Ejectique

631 4925 656 4955 η
684 4914 931 4993 Diversas
956 4917 1087 4974 alias
1130 4919 1294 4993 hujus
1337 4922 1437 4978 ioci
1484 4923 1949 4993 interpretationes
1995 4926 2125 4984 all'e-

557 4997 673 5069 [ιιιιι
703 4988 881 5069 sancti
903 5000 1098 5069 patres,
1125 4988 1263 5047 inter
1278 5009 1408 5063 quas
1424 5009 1485 5049 ea
1510 5004 1590 5069 est
1611 4988 1975 5069 communior,
1984 4999 2125 5069 quod

555 5058 703 5130 illum
755 5058 972 5130 quidem
1023 5061 1163 5117 diem
1214 5058 1520 5120 ex'natura
1564 5066 1905 5121 humanitatis
1952 5058 2126 5125 Filius

556 5129 787 5185 hominis
845 5131 1115 5204 nescierit,
1171 5149 1326 5201 quem
1386 5145 1565 5192 tamen
1619 5138 1782 5204 probe
1810 5138 1949 5194 Deus
1972 5138 2128 5194 homo

560 5212 798 5278 noverat.
848 5202 957 5278 Vel
967 5203 1244 5278 nesciebat
1298 5206 1395 5260 sub
1425 5202 1630 5263 ratione
1654 5224 1755 5278 qua
1788 5210 1992 5278 legatus
2017 5222 2130 5265 erat

557 5270 623 5323 ad
652 5270 922 5350 homines.
938 5274 1053 5328 Non
1075 5276 1217 5329 enim
1248 5287 1362 5330 erat
1390 5292 1453 5350 ex
1484 5279 1586 5333 illis
1637 5270 1947 5339 veritatibus
1999 5296 2128 5350 quas

560 5353 679 5420 cum
704 5341 1006 5420 horninibus
1034 5356 1151 5420 erat
1180 5348 1685 5420 communicaturus,
1737 5359 1793 5405 et
1847 5352 1913 5405 de
1939 5341 2129 5420 quibus

557 5410 691 5465 alias
718 5411 887 5490 dixit:
920 5417 1105 5490 Omnia
1140 5428 1263 5473 nota
1294 5418 1390 5472 feci
1418 5422 1569 5475 vobis
1591 5410 1704 5490 quae
1724 5420 1895 5474 audivi
1924 5410 2130 5475 a'Patre

561 5495 705 5559 meo,
728 5482 777 5534 id
809 5492 892 5559 est
919 5488 1093 5559 omnia
1122 5505 1239 5555 qua:
1269 5505 1331 5543 ex
1361 5490 1475 5559 ejus
1509 5482 1658 5556 pario
1690 5491 1838 5543 vobis
1871 5491 2125 5547 habebam

560 5552 899 5629 notiticanda.
925 5554 1049 5629 ﬂare
1075 5552 1406 5627 Augustinus
1429 5570 1480 5615 et
1503 5552 1789 5629 Gregorius
1820 5561 1891 5616 Μ.

629 5620 659 5663 b
683 5620 771 5702 sit;
797 5624 917 5702 cod.
941 5625 1118 5682 Casin.
1138 5620 1291 5696 (alii,
1324 5620 1673 5702 [ναρίιιιηιαῆι.

635 5704 658 5771 ξ
690 5695 876 5771 @dtiti,
899 5699 951 5750 in
975 5714 1168 5753 amwna
1190 5695 1447 5771 paradiso.

633 5762 661 5847 ξι
694 5767 787 5847 Sic
810 5773 1112 5847 mss._sicut
1139 5762 1200 5824 et'
1222 5774 1363 5827 intra
1403 5789 1506 5827 non
1536 5775 1721 5847 semel.
1775 5776 1915 5847 Editi
1957 5784 2135 5831 tamen

562 5834 778 5903 habent,
810 5842 1013 5907 cognita
1043 5852 1209 5893 autem
1230 5860 1259 5893 α
1288 5856 1538 5898 consorte.
1564 5844 1721 5902 Corb.
1764 5842 1899 5905 sicut
1926 5860 1977 5904 et
2011 5848 2139 5903 alias

2228 3347 2405 3415 Jared,
2435 3345 2641 3412 Enoch,
2673 3345 3006 3413 Matnsalam,
3037 3345 3290 3414 Lamech,
3324 3347 3455 3403 Noe.
3482 3349 3537 3404 ln
3564 3348 3648 3407 his
3672 3368 3797 3424 ergo

2227 3440 2411 3496 decem
2461 3439 2922 3509 generationibus,
2971 3439 3317 3494 inveniuntur
3355 3442 3479 3495 anni
3511 3443 3657 3499 mille
3700 3445 3799 3499 du-

2227 3534 2365 3589 centi
2394 3532 2745 3605 quadraginta
2775 3533 2900 3587 duo.
2934 3531 3101 3587 Adam
3130 3547 3257 3587 vero
3285 3533 3337 3588 in
3377 3542 3517 3589 terra
3546 3535 3798 3593 Enacliim

2225 3626 2526 3696 sepultum,
2576 3640 2693 3694 quae
2723 3626 2868 3694 prius
2898 3622 3078 3678 Ebron
3130 3623 3448 3694 vocabatur,
3499 3627 3633 3683 liber
3676 3628 3798 3687 Jesu

2223 3718 2368 3777 Nave
2399 3716 2673 3771 evidenter
2698 3702 2949 3785 explanai
2981 3714 3116 3786 (les.
3151 3732 3269 3784 xw,
3308 3717 3415 3789 15).

2297 3811 2360 3866 V.
2389 3810 2625 3866 Habebat
2648 3824 2773 3879 ergo
2794 3809 2905 3864 Noe
2928 3818 3045 3879 post
3065 3808 3318 3867 diluvium
3343 3822 3451 3869 tres
3472 3814 3636 3870 ﬁlios!
3652 3815 3797 3886 Sem,

2224 3902 2411 3969 Cbam,
2442 3912 2495 3959 et
2523 3900 2720 3957 Jafeth.
2756 3902 2828 3956 De
2857 3900 3029 3958 Jal‘eth
3058 3917 3287 3971 egressae
3313 3916 3435 3958 sunt
3463 3914 3681 3976 gentes,
3732 3908 3797 3964 si-

2224 3996 2417 4052 militer
2444 4003 2497 4051 et
2525 3996 2589 4050 de
2616 3994 2813 4061 Cham,
2859 4004 2911 4049 et
2952 3994 3017 4051 de
3058 3995 3205 4052 Sem.
3240 3997 3324 4065 Et,
3358 4000 3495 4055 sicut
3545 4000 3617 4054 ait
3648 4011 3796 4058 vetus

2228 4088 2483 4154 historia,
2515 4085 2582 4141 ab
2629 4085 2712 4140 his
2739 4085 3140 4143 disseminatum
3170 4097 3251 4142 est
3298 4104 3462 4160 genus
3510 4091 3796 4148 humanum

2226 4180 2319 4236 sub
2351 4179 2598 4235 universo
2637 4174 2795 4234 coelo.
2831 4178 3223 4251 Primogenitns
3256 4196 3383 4236 vero
3411 4180 3601 4249 Cham,
3630 4180 3793 4240 Chus.

2227 4270 2321 4327 Hic
2350 4272 2445 4326 l‘uit
2490 4272 2651 4327 totius
2694 4272 2828 4326 artis
2859 4273 3108 4342 magicae,
3154 4272 3422 4330 imbuente
3453 4274 3663 4329 diabolo
3685 4316 3701 4342 ,
3748 4285 3800 4332 et

2226 4364 2426 4433 primus
2474 4363 2788 4417 idololatria:
2819 4364 3150 4419 adinvcntor.
3185 4364 3285 4421 llic
3322 4367 3521 4435 primus
3557 4377 3798 4425 statuun-

2228 4457 2396 4514 cuiam
2433 4455 2451 4493 ί
2487 4455 2810 4511 adorandatu
2868 4456 3063 4512 diaboli
3108 4457 3443 4528 instigatione
3486 4462 3799 4517 constituit:

2229 4552 2315 4621 qui
2346 4560 2397 4605 et
2424 4550 2638 4620 stellas,
2680 4559 2732 4604 et
2763 4550 2936 4620 ignem
2974 4551 3075 4623 ιο
3102 4550 3166 4606 de
3204 4551 3343 4607 caelo
3391 4553 3615 4621 cadere,
3670 4554 3799 4614 falsa

2230 4644 2442 4708 virtute,
2466 4643 2770 4699 hominibus
2793 4644 3124 4699 ostendebat.
3152 4643 3245 4699 [lic
3268 4644 3332 4699 ad
3357 4643 3546 4700 Persas
3572 4646 3798 4702 transiit.

2228 4737 2378 4793 Hunc
2404 4737 2579 4792 Persae
2607 4736 2906 4793 vocitavere
2950 4736 3287 4792 Zoroastrem
3317 4744 3379 4804 ε,
3420 4736 3473 4792 id
3497 4745 3579 4792 est
3618 4738 3801 4794 viven-
3848 4742 3851 4743 ⁷

2228 4934 2373 4990 saepe
2399 4919 2680 4975 accusandi
2715 4934 2843 4977 casu
2866 4930 3017 4977 utens
3040 4934 3139 4991 pro
3166 4930 3339 4990 sexto,
3370 4922 3695 4992 cognitum...
3724 4938 3799 4976 ea.

2231 4993 2467 5047 tellitem.

2303 5074 2326 5102 θ
2369 5062 2539 5129 Editi,
2572 5062 2625 5116 in
2650 5066 2861 5133 fratrem
2884 5063 3266 5134 sanguinis.....
3291 5062 3561 5134 fratricida
3599 5079 3801 5118 camur-

2266 5150 2368 5189 ens.

2232 5153 2501 5272 geiiselii,
2552 5204 2939 5260 stratunculam.
2973 5203 3097 5276 Mss.
3134 5204 3278 5269 Bec.,
3311 5204 3442 5276 Reg.
3489 5214 3563 5276 et,
3593 5205 3800 5274 εἴρεαι,

2231 5278 2571 5333 σιαιιιηειιιαιη
2616 5276 2950 5330 adorandum.
2982 5275 3170 5341 Corb.,
3218 5274 3519 5330 staticulum.
3552 5275 3800 5332 Moreliu:

2232 5363 2566 5421 quoque,gex
2607 5348 2794 5402 eodem
2824 5362 2926 5403 ms.
2958 5347 3015 5402 S.
3040 5346 3249 5421 Martini
3295 5345 3643 5421 Turonensis,
3669 5344 3801 5421 legit

2234 5415 2596 5489 itatiincnlum,
2626 5434 2780 5487 quam
2810 5433 2995 5489 vocem
3022 5418 3101 5471 sic
3132 5426 3319 5471 neutro
3356 5418 3550 5489 genere
3576 5417 3631 5471 in
3662 5415 3801 5489 frag-

2236 5498 2415 5543 mento
2445 5488 2677 5542 Petronii
2706 5503 2876 5556 nuper
2904 5488 3049 5542 edito
3080 5494 3384 5556 usurpatam
3418 5487 3580 5542 iuiSse
3623 5487 3802 5540 obser-

2235 5561 2376 5613 vavit
2425 5561 2724 5621 Alteserra,
2773 5555 2863 5626 Qui
2913 5558 3027 5627 ejus
3059 5559 3218 5611 verba
3260 5555 3426 5611 refert
3456 5575 3471 5612 :
3499 5556 3585 5610 Ita
3615 5573 3678 5611 ea:
3718 5558 3803 5611 nat

2244 5646 2409 5683 massa
2439 5629 2568 5698 fabri
2595 5628 2927 5696 sustulerunt,
2959 5637 3006 5682 et
3028 5632 3253 5700 fecerunt
3289 5627 3465 5681 catilla
3504 5636 3552 5683 et
3580 5628 3802 5700 paropsi-

2243 5700 2348 5763 des,
2379 5712 2741 5773 suruucuu,
2774 5706 2878 5751 etc.
3094 5768 3103 5773 _
3288 5769 3317 5773 _
3446 5770 3457 5773 _
3836 5770 3839 5773 _

2315 5779 2340 5818 ε
2384 5771 2458 5824 De
2486 5770 2784 5829 Zoroastre,
2820 5782 2979 5835 quem
3026 5768 3256 5837 primum
3288 5769 3688 5827 Bactrianorum
3734 5782 3792 5824 re

2241 5856 2359 5912 geni
2393 5840 2554 5899 fuisse
2579 5840 2774 5906 volunt,
2805 5842 2954 5907 plura
2982 5839 3141 5895 habet
3170 5839 3387 5896 Plinius.
3582 5842 3589 5847 “
3620 5846 3625 5869 ί
