4086 6328
290 460 405 520 I65

1266 446 1589 513 HISTORIA
1630 451 2078 512 FRANCORUM.
2123 454 2325 514 LIBER
2370 458 2642 520 PRIMUS.

3452 482 3581 549 ,166

230 636 233 637 ν
288 587 399 633 tem
431 573 665 631 stellam.
699 571 781 627 Ab
820 568 922 627 hoc
946 570 1108 626 etiam
1141 568 1320 640 ignem
1358 570 1588 625 adorare
1618 568 1883 633 consueti,
1912 572 1967 633 Α
1991 583 2092 638 que
2120 571 2174 626 in
2206 573 2319 642 ipsa
2360 575 2853 651 Hierosolymorum
2881 584 3014 643 urbe
3037 587 3253 649 celebre
3280 592 3473 655 fertur.
3518 602 3578 660 In

291 673 469 741 ipsum
515 666 780 721 divinitus
822 664 945 735 igne
974 670 1353 732 consumptum
1397 672 1452 718 ut
1480 663 1637 718 deum
1679 662 1881 717 colunt.

367 762 451 817 VI.
496 760 739 829 Cumque
775 759 1113 828 multiplicati
1158 757 1401 813 homines
1451 756 1890 827 diepergerentur

292 872 393 928 per
448 856 728 911 universas
759 864 957 921 terras,
1006 852 1209 924 egressi
1254 852 1322 908 ab
1347 851 1600 918 Oriente,
1645 850 1887 908 Sennaar

295 950 635 1021 gramineum
673 949 950 1018 reperiunt
987 962 1259 1018 campum.
1310 945 1367 1001 In
1411 962 1523 1016 quo
1560 945 1885 1001 aediﬁcantes

286 1046 596 1108 civitatem,
632 1052 831 1099 turrem
887 1058 1006 1113 quae
1053 1042 1219 1097 caelos
1268 1040 1592 1110 attingeret,
1643 1038 1885 1093 nituntur

288 1148 519 1194 struere.
568 1136 806 1205 Quorum
838 1149 1029 1191 vanam
1061 1133 1439 1204 cogitationem
1490 1132 1649 1187 simul
1676 1140 1730 1186 et
1776 1131 1883 1185 lin-

289 1244 485 1301 guam,
534 1230 787 1300 ipsosque
834 1228 1118 1283 confutans
1147 1227 1309 1291 Deus,
1340 1241 1436 1296 per
1468 1223 1726 1278 mundum
1774 1222 1883 1277 late

286 1334 559 1398 patentem
608 1325 660 1379 in
705 1324 954 1379 universa
1002 1329 1144 1376 terra
1197 1319 1493 1389 dispersit:
1529 1326 1883 1386 vocatumque

287 1428 371 1474 est
400 1432 596 1472 nomen
648 1415 913 1481 civitatis,
948 1413 1137 1480 Babel,
1184 1413 1285 1467 hoc
1334 1419 1450 1477 est,
1481 1410 1770 1475 Confusio,
1816 1424 1882 1464 eo

288 1511 431 1584 quod
484 1510 559 1565 ibi
603 1509 934 1565 contudisset
962 1508 1102 1563 Deus
1149 1507 1356 1577 linguas
1385 1521 1592 1561 eorum.
1628 1505 1755 1563 Haec
1799 1511 1882 1559 est

288 1602 582 1675 Babylonia
608 1618 637 1656 a
678 1600 973 1656 Ncmbroth
996 1608 1021 1636 ι
1049 1598 1260 1670 gigante
1289 1598 1546 1652 tediﬁcata
1576 1596 1685 1651 ﬁlio
1711 1594 1876 1650 Chus.

284 1696 375 1761 Et,
406 1695 545 1749 sicut
571 1692 747 1749 Orosii
774 1700 957 1746 narrat
985 1690 1229 1757 historia,
1279 1691 1411 1745 mira
1440 1688 1616 1758 campi
1661 1688 1877 1757 planitie

282 1788 341 1845 in
371 1788 632 1860 quadrum
675 1787 937 1856 disposita
968 1794 1088 1841 est:
1121 1798 1307 1839 murus
1337 1782 1454 1853 ejus
1482 1797 1550 1838 ex
1584 1782 1759 1838 coctili
1803 1783 1878 1833 la-

282 1888 402 1936 tere
440 1882 615 1935 infuso
655 1878 946 1945 bitumine,
980 1879 1033 1933 in
1066 1879 1229 1933 latum
1271 1876 1432 1932 habet
1461 1877 1667 1932 cubitns
1717 1876 1872 1946 quin-

1993 661 2094 717 hoc
2124 675 2305 722 monte
2351 682 2481 724 crux
2513 684 2719 740 sancta,
2774 676 2825 730 in
2856 691 2963 747 qua
3005 681 3337 754 Redemptor
3383 690 3578 751 afﬁxus

1992 768 2094 823 est,
2128 761 2303 828 stetit,
2335 762 2403 818 de
2447 780 2550 834 qua
2580 777 2634 822 et
2685 769 2871 827 beatus
2900 773 2989 830 ille
3018 790 3178 835 cruor
3203 780 3428 841 efﬂuxit.
3480 789 3579 846 Hic

1991 863 2119 944 ergo
2150 851 2416 906 Abraham
2447 859 2655 926 accepit
2680 860 2890 932 signum
2919 868 3364 944 circumcisionis,
3397 888 3577 936 osten-

1988 941 2122 997 dens
2152 953 2211 997 ut
2240 946 2378 1012 quod
2410 946 2499 1002 ille
2528 952 2690 1016 gessit
2722 952 2777 1007 in
2808 968 3058 1027 corpore,
3093 977 3189 1017 nos
3220 941 3493 1034 portemus
3522 972 3576 1029 in

1987 1034 2182 1101 corde,
2233 1038 2443 1095 dicente
2472 1040 2740 1110 Propheta
2772 1063 2783 1097 :
2819 1046 3179 1111 Circumcidite
3205 1074 3291 1115 vos
3336 1061 3445 1118 Deo
3471 1082 3579 1120 ves~

1987 1136 2086 1226 tria,
2118 1138 2165 1182 et
2192 1131 2541 1189 circumcidite
2570 1140 2874 1207 prwputium
2914 1147 3083 1202 cordis
3124 1154 3276 1207 vestri
3303 1154 3482 1225 (Deut.
3512 1175 3573 1226 ι,

1987 1223 2099 1323 d6),
2124 1234 2169 1279 et
2192 1226 2346 1323 notite
2365 1231 2506 1323 sequi
2543 1231 2664 1284 deos
2701 1235 2895 1290 alienos
2922 1237 3132 1307 (Jerem.
3160 1223 3333 1314 xxxv,
3368 1250 3479 1323 15).

1986 1315 2177 1371 iterum
2206 1337 2217 1372 :
2248 1318 2429 1375 Omnis
2451 1323 2834 1383 incircumcisus
2854 1333 3004 1385 corde
3033 1351 3133 1391 non
3154 1339 3305 1394 intret
3323 1343 3373 1395 in
3396 1315 3574 1402 sancta

1984 1425 2096 1462 mea
2120 1408 2333 1480 (Επειδὴ.
2356 1429 2500 1483 xuv,
2525 1415 2601 1487 9).
2621 1418 2771 1475 Hunc
2794 1423 3061 1481 Abraham
3084 1428 3243 1499 Deus,
3265 1436 3575 1507 postadjec-

1982 1512 2089 1559 tam
2135 1506 2340 1562 nomini
2376 1509 2635 1580 syllabam
2668 1510 2725 1581 ιι,
2756 1525 2963 1585 patrem
2998 1521 3283 1579 multarum
3327 1506 3565 1599 gentium

1981 1601 2329 1667 nuncupavit.

2052 1688 2184 1745 VIII.
2227 1692 2276 1747 Is
2305 1708 2426 1749 cum
2457 1705 2674 1753 centum
2703 1709 2847 1757 esset
2874 1717 3156 1775 annorum,
3189 1712 3371 1780 genuit
3396 1713 3569 1772 Isaac.

1979 1782 2148 1838 Porro
2192 1784 2340 1842 Isaac
2385 1792 2721 1862 sexagesimo
2759 1796 2933 1852 aetatis
2979 1813 3120 1854 anno
3151 1804 3258 1857 nati
3303 1815 3428 1861 sunt
3472 1806 3571 1869 ﬁlii

1980 1878 2175 1947 gemini
2208 1879 2276 1936 de
2303 1881 2565 1939 Rebecca.
2601 1885 2813 1943 Primus
2844 1889 3016 1959 Esau,
3064 1895 3152 1962 qui
3185 1904 3238 1951 et
3283 1897 3482 1968 Edam,
3516 1900 3571 1958 id

280 1975 568 2047 quaginta,
623 1973 918 2029 altltudinis
966 1974 1175 2029 cubitos
1205 1973 1499 2040 ducentos,
1549 1972 1602 2026 in
1646 1971 1871 2026 circuitu
1904 1952 1954 2014 Β
1980 1979 2063 2027 est
2110 1981 2396 2030 terrenus:
2431 1979 2519 2047 qui
2552 1989 2770 2049 propter
2814 1952 3270 2050 gulam'vendidit
3302 1952 3568 2063 primwoge:

280 2070 455 2126 stadia
500 2068 884 2141 quadringenta
933 2068 1287 2138 septuaginta.
1339 2065 1513 2121 Unum
1562 2064 1791 2119 stadium
1845 2062 1872 2103 ι)

236 2161 446 2218 «habet
492 2163 774 2232 aripennes
813 2158 1065 2230 quinque.
1110 2158 1324 2214 Vicenai
1367 2158 1543 2227 quinte
1577 2163 1743 2224 porta:
1776 2168 1874 2223 per

280 2254 702 2324 unumquodque
745 2252 885 2307 latus
915 2250 1031 2306 sitm
1060 2261 1213 2319 sunt,
1256 2264 1375 2320 quae
1404 2248 1607 2304 faciunt
1632 2256 1868 2304 centum.

280 2343 485 2400 Harum
524 2352 800 2414 portarum
847 2343 985 2399 ostia
1015 2342 1162 2397 mirae
1206 2340 1619 2412 magnitudinis,
1651 2356 1717 2395 ex
1765 2354 1872 2395 tere

279 2437 428 2494 fusili
454 2448 578 2495 sunt
599 2437 845 2493 formata.
874 2435 1035 2492 Multa
1058 2443 1111 2491 et
1134 2435 1236 2490 alia
1266 2435 1337 2491 de
1362 2438 1459 2489 bac
1486 2434 1701 2488 civitate
1726 2431 1868 2487 idem

276 2528 741 2601 historiograplius
789 2539 973 2585 narrat
1024 2540 1083 2598 ε,
1138 2527 1339 2584 addens
1378 2545 1390 2579 :
1439 2528 1502 2582 Et
1549 2542 1669 2581 cum
1724 2534 1868 2580 tanta

276 2619 466 2679 fuisset
519 2623 775 2679 honestas
804 2622 1041 2691 mdiﬁcii,
1096 2630 1330 2677 attamen
1373 2622 1511 2676 victa
1540 2629 1699 2691 atque
1737 2618 1864 2673 sub-

275 2726 428 2773 versa
457 2726 562 2773 est.

348 2810 465 2864 VII.
509 2808 721 2865 Primus
750 2817 925 2865 autem
957 2808 1098 2863 ﬁlius
1123 2806 1261 2870 Noe,
1294 2806 1443 2873 Sem,
1470 2806 1537 2860 dc
1562 2819 1666 2875 quo
1704 2819 1856 2874 gene<

272 2902 485 2959 ratione
530 2900 770 2970 decima,
804 2911 957 2956 natus
988 2910 1069 2957 est
1114 2899 1381 2954 Abraham
1418 2916 1431 2951 :
1466 2898 1517 2952 id
1566 2909 1677 2965 est,
1730 2896 1861 2961 Noe,

272 2994 434 3063 Sem,
466 2994 783 3065 Arphaxad,
816 2994 970 3060 Sale,
1007 2994 1209 3059 lIeber,
1241 2992 1495 3059 Phalech,
1542 2991 1655 3045 Reu
1684 2991 1735 3058 α,
1770 2990 1865 3045 Sa-

274 3087 432 3154 rucb,
462 3086 658 3155 'I‘bare,
697 3087 784 3156 qui
817 3086 1000 3155 genuit
1029 3082 1318 3139 Abraham.
1350 3083 1405 3136 In
1451 3083 1532 3135 his
1560 3081 1744 3136 decem
1774 3095 1863 3149 ge-

270 3177 665 3246 nerationibus,
701 3177 804 3232 hoc
830 3188 912 3233 est
940 3192 970 3232 a
996 3176 1108 3232 Noe
1137 3190 1308 3245 usque
1337 3174 1402 3228 ad
1451 3172 1750 3238 Abraham,
1785 3172 1865 3225 in-

274 3273 557 3329 veniuntur
585 3272 711 3327 anni
761 3270 865 3325 942
898 3281 945 3329 θ.
996 3271 1073 3327 Eo
1100 3278 1343 3339 tempore
1384 3268 1643 3339 regnabat
1673 3267 1859 3334 Ninus,

1978 2063 2088 2119 nita
2132 2081 2249 2158 sua.
2286 2066 2403 2136 Ipse
2450 2081 2533 2125 est
2564 2082 2716 2141 pater
2755 2074 3142 2149 Iclummorum,
3194 2083 3260 2139 de
3296 2084 3449 2155 cujus
3477 2101 3570 2158 ge-

1977 2157 2255 2248 neratione
2302 2172 2493 2230 quarta
2541 2174 2698 2219 natus
2749 2177 2830 2221 est
2858 2168 3029 2225 Jobah
3062 2188 3076 2226 :
3111 2173 3212 2229 hoc
3238 2183 3350 2243 est,
3385 2157 3566 2248 Esau,

1977 2244 2202 2318 Raguel,
2236 2251 2394 2318 Zara,
2427 2255 2627 2323 .lobab,
2662 2258 2751 2328 qui
2780 2269 2832 2315 et
2861 2263 2983 2317 Job.
3017 2263 3065 2321 Is
3106 2266 3238 2321 vixit
3263 2283 3433 2325 annos
3464 2244 3566 2327 du;

1975 2353 2163 2399 centos
2212 2347 2559 2418 quadraginta
2607 2366 2801 2409 novem
2836 2371 2849 2408 :
2890 2359 3227 2425 octogesimo
3259 2360 3275 2398 ί
3307 2376 3451 2419 anno
3498 2365 3566 2421 ab

1974 2432 2285 2491 inﬁrmitate
2332 2438 2589 2497 liberatus
2633 2453 2743 2510 est;
2797 2456 2917 2515 post
2947 2448 3310 2507 inﬁrmitatem
3342 2463 3562 2525 autem,

1974 2536 2185 2582 centum
2246 2532 2583 2601 septuaginta
2633 2556 2647 2584 ι
2706 2536 2896 2606 annis,
2947 2540 3191 2597 restituta
3241 2542 3294 2597 in
3341 2544 3565 2615 duplum

1972 2619 2118 2674 omni
2152 2620 2425 2690 facultate,
2457 2639 2578 2680 cum
2611 2634 2689 2682 tot
2718 2636 2846 2698 quot
2878 2630 3183 2699 perdiderat
3214 2632 3338 2691 ﬁliis
3365 2635 3564 2707 jocun-

1975 2710 2129 2765 datus
2167 2721 2267 2767 est.
2736 2712 2741 2717 ’

2044 2804 2133 2859 IX.
2177 2806 2459 2863 Secundus
2489 2820 2666 2866 autem
2719 2812 2861 2868 ﬁlius
2902 2814 3075 2885 Isaac,
3109 2815 3305 2887 Jacob,
3337 2819 3566 2880 dilectus

1971 2898 2064 2953 Dei
2087 2943 2100 2967 ,
2156 2899 2297 2955 sicut
2338 2903 2413 2956 ait
2445 2919 2539 2971 per
2567 2904 2891 2973 Prophetam
2931 2907 3141 2964 :Jacob
3175 2911 3368 2979 dilexi,
3419 2912 3564 2969 Esau

1969 2999 2139 3043 autent
2169 2993 2287 3046 odio
2330 2993 2483 3047 habui
2515 2994 2771 3066 (Mulach.
2803 3014 2842 3066 ι,
2876 2998 2953 3071 5).
2986 3001 3081 3056 Hic
3121 3009 3241 3071 post
3269 3003 3563 3074 angelicam

1969 3080 2161 3137 luctam
2193 3095 2408 3139 vocatus
2438 3096 2517 3140 est
2548 3088 2734 3157 Israel,
2760 3105 2791 3143 a
2821 3105 2925 3161 quo
2951 3092 3231 3149 Israelitae.
3262 3095 3359 3152 Ilio
3380 3097 3562 3167 genuit

1968 3178 2250 3234 duodecim
2298 3182 2663 3248 patriarchas,
2716 3198 2943 3253 quorum
2986 3186 3100 3242 haec
3144 3199 3267 3244 sunt
3296 3189 3559 3247 nomina:

1966 3268 2184 3336 Ruben,
2235 3270 2484 3341 Simeon,
2532 3273 2687 3340 Levi,
2738 3274 2936 3341 Judas,
2973 3276 3244 3345 Issachar,
3288 3279 3555 3352 Zabulon,

272 3366 363 3436 qui
392 3364 677 3420 aediﬁcavit
704 3365 997 3430 civitatem,
1030 3379 1189 3434 quam
1222 3362 1465 3417 Ninivem
1494 3361 1703 3415 vocavit
1730 3378 1740 3412 :
1769 3373 1860 3416 cu-
1888 3343 1936 3409 Ο
1968 3362 2077 3417 Dan
2098 3404 2111 3426 ,
2143 3362 2463 3433 Nephtalim,
2495 3366 2641 3435 Gad,
2671 3375 2723 3421 et
2757 3368 2908 3423 Aser.
2953 3368 3081 3424 Post
3113 3369 3208 3425 hos
3230 3343 3432 3440 genuit
3458 3343 3553 3427 ,Ιοί

271 3454 360 3529 jus
409 3457 463 3511 in
498 3457 665 3512 tribus
695 3456 1059 3512 mansionibus
1104 3455 1331 3525 Spatium
1382 3452 1742 3525 amplitudinis
1773 3452 1862 3507 Jo-

272 3570 371 3611 nas
400 3555 659 3627 propheta
685 3554 1025 3611 detcrmmat.
1056 3553 1225 3622 lIujus
1254 3551 1662 3622 quadragesimo
1707 3548 1862 3604 tertio

271 3650 423 3719 regni
452 3663 595 3703 anno
624 3656 781 3702 natus
833 3655 917 3702 est
943 3645 1242 3700 Abraham.
1294 3643 1388 3697 IIic
1433 3650 1513 3698 est
1552 3641 1818 3697 Abraham
1843 3683 1857 3708 ,

271 3740 487 3799 initium
539 3740 663 3794 ﬁdei
708 3747 905 3795 nostra;
935 3758 950 3793 :
984 3738 1070 3792 hic
1116 3738 1324 3806 accepit
1374 3734 1858 3806 repromissiones,

270 3835 398 3892 huic
426 3849 483 3890 se
510 3832 758 3889 Christus
790 3832 1049 3888 Dominus
1081 3842 1266 3887 noster
1297 3830 1642 3896 nasciturum,
1676 3844 1737 3884 ac
1768 3845 1859 3899 pro

268 3927 427 3986 nobis
454 3941 734 3997 passurum
783 3926 835 3980 in
866 3926 1098 3980 victimae
1139 3922 1559 3978 commutatione
1592 3928 1859 3975 monstra-

268 4021 377 4087 vit,
423 4021 539 4089 ipso
582 4020 635 4074 in
679 4018 978 4089 Evangeliis
1028 4018 1108 4071 sic
1148 4016 1359 4071 dicente
1404 4032 1413 4065 ε
1455 4017 1552 4085 ιι
1605 4012 1860 4065 Abraham

271 4112 539 4169 exsuitavit
568 4120 623 4165 ut
668 4110 859 4165 videret
890 4110 1024 4163 diem
1073 4124 1241 4162 meum
1270 4123 1287 4161 :
1315 4116 1360 4160 et
1387 4107 1508 4159 vidit
1534 4147 1546 4170 ,
1590 4115 1636 4159 et
1661 4104 1863 4175 gavisus

270 4216 343 4261 est
381 4206 561 4278 (toan.
592 4220 707 4270 vni,
751 4203 862 4272 56).
896 4203 1009 4258 Hoc
1038 4215 1165 4256 vero
1195 4177 1564 4254 holocaustum
1595 4200 1648 4254 in
1682 4208 1862 4252 monte

270 4298 533 4355 Calvariae
568 4296 616 4365 ί,
669 4311 776 4367 quo
830 4296 1087 4351 Dominus
1134 4294 1420 4349 cruciﬁxus
1469 4302 1583 4361 est,
1626 4293 1860 4348 oblatum

270 4392 439 4450 fuisse
467 4394 699 4449 Severus
728 4399 908 4447 narrat
940 4394 989 4445 in
1022 4388 1289 4445 Chronica
1324 4398 1380 4456 ts;
1411 4390 1547 4445 sicut
1587 4397 1639 4443 et
1679 4387 1865 4443 bodie-

344 4544 369 4573 ιι
410 4533 547 4587 Cod.
577 4529 739 4586 Corb.
768 4528 932 4584 habet
968 4530 1031 4582 ab
1062 4526 1291 4582 Hebron.

341 4604 369 4643 ι)
411 4602 588 4659 Editio
618 4601 765 4656 Badii
794 4600 952 4655 habet
986 4617 995 4652 :
1034 4598 1202 4653 Unum
1234 4597 1456 4652 stadium
1497 4596 1643 4650 habet
1682 4612 1863 4667 passus

269 4685 471 4733 centum
501 4674 675 4745 viginti
702 4673 939 4745 quinque.
973 4672 1059 4745 Sic
1082 4679 1136 4745 et
1166 4669 1392 4745 Plinius,
1424 4667 1513 4721 lib.
1544 4683 1583 4732 1,
1610 4666 1857 4745 capita:

1216 4721 1434 4815 quinque
1454 4721 1663 4815 nostros
1678 4721 1860 4815 'afﬁcit
1888 4721 1943 4783 D

306 4835 491 4881 assus,
540 4810 765 4877 hoe'est,
801 4815 951 4882 pedes
996 4810 1257 4868 sexcentos
1286 4810 1740 4882 vigintiquinque.
1786 4811 1862 4882 De

306 4838 491 4881 αδδιιε,
540 4838 633 4869 nat:
664 4838 765 4877 εδι,
801 4838 951 4882 pectes
996 4838 1257 4868 δεπεωιιυδ
1287 4838 1464 4880 vlgtuu
1504 4838 1740 4878 qumque.
1786 4838 1857 4866 utr:

270 4838 582 4955 Babylonia:
634 4901 762 4942 vero
807 4886 1157 4953 amplitudine
1208 4883 1370 4955 plura?
1404 4881 1604 4955 habent
1663 4880 1857 4949 passim

269 4951 470 5019 Vetusti
510 4966 792 5022 auctores,
833 4951 923 5027 qui
969 4971 1086 5010 eam
1130 4953 1437 5027 provinciae
1476 4951 1857 5027 potius__quam

268 5032 425 5088 urbis
454 5030 669 5085 nomine
708 5022 1007 5082 donaiidam
1037 5022 1389 5094 scripserunt.
1424 5022 1477 5076 In
1508 5022 1862 5079 describenda

268 5103 446 5174 ipsius
491 5100 690 5174 ambitu
728 5098 887 5174 varia;
929 5097 1267 5174 sunt_0r_osii
1297 5095 1593 5174 editiones,
1642 5094 1735 5147 lib.
1780 5109 1859 5164 ιι,

269 5166 393 5245 cap.
420 5175 471 5239 6,
495 5171 615 5227 aliis
638 5172 668 5225 7
695 5170 972 5242 :quaadam
996 5169 1140 5224 enim
1167 5166 1856 5245 babentstadiaccccuxs,

268 5234 391 5302 alia:
424 5234 550 5300 vero
582 5234 832 5308 ccccﬁx,
871 5256 1029 5310 quam
1059 5237 1406 5313 posteriorem
1445 5234 1731 5313 lectionem
1759 5235 1856 5313 _al-

268 5318 372 5372 teri
426 5306 825 5384 praeferendam
856 5306 986 5384 esse
1044 5306 1286 5384 Gregorii
1342 5308 1507 5360 nostri
1571 5306 1858 5384 auctoritas

269 5378 577 5458 persuadet.
614 5383 918 5458 Babyloniae
958 5382 1216 5458 ambitum
1249 5392 1475 5458 cccnvm
1518 5378 1705 5458 stadiis
1731 5391 1860 5458 con-

266 5448 438 5515 cludit
476 5459 705 5525 Quintus
727 5448 950 5510 Curtius
982 5453 1074 5509 lib.
1102 5467 1167 5517 ν,
1213 5464 1362 5505 num.
1393 5452 1446 5516 1,
1481 5449 1569 5505 ubi
1612 5448 1762 5517 p'ura
1792 5449 1860 5504 de

265 5531 373 5589 hac
411 5530 542 5585 urbe
571 5528 706 5583 scitu
744 5526 901 5597 digna
932 5525 1116 5597 habet.

348 5614 370 5640 ε
415 5603 539 5657 Haec
585 5600 761 5656 omnia
802 5590 1034 5653 'Orosius
1076 5593 1334 5652 describit
1378 5592 1474 5649 lib.
1516 5606 1587 5657 ιι,
1629 5590 1854 5657 Histor.,

264 5689 392 5783 mg.
528 5743 658 5799 Mss.
691 5744 839 5809 Bec.,
885 5741 1017 5812 Reg.
1052 5749 1105 5797 et
1132 5740 1357 5811 Regm.;
1390 5734 1480 5792 alii
1526 5733 1725 5789 habent
1750 5731 1859 5785 Fa-

264 5820 376 5887 lec,
412 5818 614 5887 Ragau.

349 5878 375 5927 έ
411 5878 542 5942 Coa.
576 5888 737 5941 Cori).
771 5885 928 5938 habet
957 5884 1091 5947 900;
1127 5883 1272 5943 Bec.,
1304 5878 1431 5935 945.

346 5958 367 6001 ί
411 5960 555 6017 Idem
583 5958 711 6014 dicit
740 5967 923 6014 auctor
953 5953 1217 6013 sermonis
1243 5954 1275 6009 ti
1306 5950 1627 6021 Appendicis
1658 5947 1717 6005 S.
1748 5948 1857 6005 Au-

1968 3454 2102 3521 seph
2157 3454 2223 3509 de
2273 3454 2503 3524 Rachel,
2554 3458 2899 3528 nonagesimo
2946 3459 3183 3515 secundo
3231 3460 3403 3516 aetatis
3441 3477 3555 3520 suae

1966 3562 2130 3602 anno.
2162 3548 2313 3603 IIunc
2341 3551 2550 3605 caeteris
2584 3550 2707 3606 ﬁliis
2739 3555 2838 3623 12
2870 3552 2989 3622 plus
3018 3554 3228 3608 dilexit.
3258 3554 3457 3611 Habuit
3487 3571 3555 3613 ex

1965 3653 2027 3695 ea
2071 3648 2122 3695 et
2168 3641 2447 3710 Benjamin
2500 3643 2745 3699 ultimum
2789 3646 3050 3700 omnium.
3100 3645 3300 3715 Joseph
3343 3658 3556 3716 autem,

1965 3732 2234 3788 decimum
2268 3744 2477 3788 sextum
2510 3736 2683 3790 mtatis
2714 3751 2913 3791 annum
2944 3738 3174 3803 habens,
3213 3750 3392 3809 typum
3426 3756 3558 3811 prae:

1962 3823 2143 3880 ferens
2181 3824 2557 3895 Redemptoris
2581 3870 2594 3893 ,
2629 3828 2759 3883 vidit
2804 3831 3012 3885 somnia
3037 3847 3157 3901 quae
3187 3831 3446 3888 fratribus
3475 3849 3559 3889 re-

1965 3919 2083 3974 tulit
2112 3936 2128 3972 :
2156 3919 2315 3986 Quasi
2364 3920 2667 3990 manipulos
2713 3920 2897 3991 legens
2928 3921 2977 3986 ιι,
3008 3938 3140 3991 quos
3186 3939 3405 3978 suorum
3452 3924 3552 3977 fra-

1964 4018 2107 4065 trum
2156 4010 2409 4078 manipuli
2460 4011 2768 4065 adorarent.
2812 4012 2875 4065 Et
2920 4012 3112 4066 iterum
3144 4030 3156 4064 :
3188 4012 3351 4079 Quasi
3381 4012 3463 4068 sol
3505 4021 3559 4069 et

1964 4102 2089 4157 luna
2118 4117 2237 4156 cum
2262 4102 2509 4156 undecim
2541 4102 2709 4157 stellis
2740 4101 3081 4171 prociderent
3107 4113 3231 4159 ante
3255 4119 3400 4160 eum.
3428 4106 3557 4173 Qua:

1964 4214 2052 4255 res
2082 4212 2328 4267 magnum
2359 4197 2407 4251 ei
2438 4210 2558 4250 cum
2583 4195 2841 4250 fratribus
2868 4197 3048 4252 odium
3081 4198 3372 4266 generavit.
3408 4198 3559 4255 Unde

1966 4299 2021 4348 et
2049 4290 2361 4345 inﬂammati
2391 4287 2614 4356 invidia,
2648 4288 2832 4359 viginti
2861 4287 2881 4326 1
2913 4304 3036 4345 eum
3068 4291 3333 4359 argenteis
3360 4289 3558 4346 Ismae—

1964 4387 2076 4442 litis
2107 4387 2162 4441 in
2202 4384 2497 4456 Egyptum
2534 4383 2937 4439 transeuntibus
2968 4383 3343 4441 vendiderunt.
3378 4383 3559 4441 Immi-

1968 4522 2163 4593 gustini
2189 4566 2203 4590 ,
2245 4519 2497 4593 antea'il
2542 4519 2613 4593 de
2637 4527 2905 4593 tempore,
2937 4518 3024 4593 qui
3055 4525 3110 4575 et
3153 4518 3335 4575 laudat
3363 4518 3555 4593 Hiero-

1966 4590 2207 4664 nymum.
2238 4591 2416 4664 Sedjd
2441 4590 2705 4664 reperitur
2733 4591 2781 4643 in
2804 4605 2923 4659 cap.
2954 4590 3020 4645 I5
3044 4592 3551 4664 commentariorum

1968 4661 2019 4718 iii
2053 4665 2309 4729 Marcum,
2346 4662 2402 4717 S.
2440 4661 2764 4731 Hieronymo
2794 4674 3072 4729 perperam
3114 4662 3515 4715 attributorum.

2046 4744 2069 4783 ε
2111 4734 2418 4789 Gennadius
2447 4733 2495 4786 in
2528 4732 2783 4802 Catalogo
2814 4732 3054 4802 virorum
3087 4732 3371 4790 illustrium
3415 4732 3557 4786 inter

1968 4806 2151 4863 Severi
2196 4803 2418 4872 Sulpicii
2446 4818 2607 4872 opera
2652 4801 2901 4857 reuenset
2938 4801 3277 4871 Chronicam,
3311 4817 3418 4871 quo
3456 4816 3554 4872 tiq-

1969 4880 2113 4932 mine
2145 4867 2428 4929 Historiam
2460 4867 2664 4928 sacram
2695 4873 2761 4927 ab
2789 4888 2854 4927 co
2876 4874 3071 4927 editam
3106 4867 3239 4942 puto
3258 4867 3544 4942 designari.

1968 4946 2025 5003 In
2058 4963 2119 5003 ea
2147 4954 2320 5000 tamen
2347 4945 2491 4999 Isaac
2524 4959 2682 5008 supra
2713 4944 2970 4998 Calvaria:
3001 4941 3236 4998 montem
3270 4941 3553 4997 immolan-

1967 5021 2091 5074 dum
2120 5034 2146 5070 a
2181 5028 2327 5084 patre
2367 5017 2582 5070 ductum
2613 5015 2776 5068 fuisse
2804 5030 2909 5068 non
2952 5016 3089 5083 lego.

2045 5087 2071 5126 ι*
2111 5081 2304 5144 Cenes.
2335 5102 2453 5154 cap.
2488 5087 2548 5139 Π
2573 5101 2637 5140 ex
2667 5086 2857 5140 Abram
2888 5081 3181 5155 appellatur
3207 5081 3482 5155 Abraham.

2047 5159 2060 5195 ί
2110 5159 2198 5214 Sic
2240 5158 2362 5211 cod.
2406 5150 2575 5225 Reg.;
2624 5156 2712 5209 alii
2743 5150 3153 5211 addunt‘nono:
3183 5163 3241 5225 at
3282 5153 3349 5207 89
3394 5150 3554 5209 simul

1968 5245 2089 5287 cum
2122 5227 2222 5283 170
2252 5220 2525 5282 efﬁcerent
2553 5225 2678 5280 239.
2715 5227 2859 5292 Bec.,
2891 5227 3014 5279 vixit
3060 5242 3145 5278 an.
3175 5220 3304 5279 248.

2045 5302 2058 5351 i
2115 5303 2180 5355 Et
2209 5309 2384 5353 tamen
2416 5298 2507 5352 lib.
2541 5298 2658 5361 Job,
2690 5313 2808 5366 cap.
2834 5308 2887 5350 et
2909 5311 3051 5352 vers.
3080 5295 3200 5359 ult.,
3230 5293 3330 5351 Job
3358 5292 3555 5349 dicitur

1966 5372 2164 5429 vixisse
2204 5371 2443 5439 posthaec
2475 5370 2576 5425 140
2621 5371 2796 5424 annis.
2840 5367 3029 5424 Versio
3070 5366 3295 5439 Syriaca
3329 5373 3383 5439 et
3419 5366 3554 5422 Ara-

1967 5443 2086 5500 bica
2128 5436 2231 5497 146
2255 5459 2268 5507 ;
2293 5440 2386 5496 sic
2413 5450 2463 5495 et
2495 5440 2671 5494 versio
2703 5440 2910 5502 Graeca,
2941 5451 3060 5505 quae
3089 5437 3248 5492 etiam
3283 5436 3439 5491 habet
3472 5445 3553 5490 to-

1966 5523 2076 5570 tam
2099 5513 2200 5569 Job
2224 5514 2382 5568 vitam
2413 5512 2577 5568 fuisse
2602 5524 2863 5565 annorum
2888 5508 2997 5562 240
3018 5523 3032 5560 :
3056 5508 3201 5578 quod
3222 5522 3327 5564 non
3351 5508 3551 5563 habent

1967 5586 2086 5640 alite
2116 5585 2407 5639 versiones.

2042 5657 2069 5695 k
2109 5657 2241 5712 Cod.
2276 5657 2492 5724 Regm.,
2542 5653 2744 5724 tegens,
2786 5665 3035 5724 situmque
3078 5651 3402 5718 manipulum
3445 5649 3551 5719 fra-

1972 5736 2138 5791 trum,
2186 5736 2286 5781 etc.
2318 5742 2330 5787 ;
2360 5721 2490 5778 'cod.
2543 5723 2677 5792 Reg.
2713 5721 2871 5776 habet
2902 5723 3065 5793 ligans
3093 5736 3339 5791 suumque
3359 5764 3375 5789 ,
3405 5728 3512 5775 etc.
3532 5756 3550 5785 ,

1976 5794 2416 5871 quodesthtextui
2448 5795 2719 5871 Geneseos
2739 5795 3097 5871 conlurmius.

2052 5868 2066 5906 1
2118 5868 2205 5922 Sic
2235 5867 2444 5938 Regm.,
2476 5864 2608 5921 sicut
2637 5874 2689 5922 et
2738 5867 2787 5922 in
2817 5865 3066 5930 Genesi.;
3116 5864 3204 5918 alii
3233 5862 3425 5917 habent
3464 5858 3531 5914 tri

1970 5940 2136 6013 ginta.
