4086 6328
540 457 641 514 167

1564 438 1624 495 S.
1664 432 1994 492 CREGORII
2031 429 2339 488 EPISCOPI
2376 430 2419 487 Τ
2426 429 2807 489 URONENSIS

3706 436 3819 495 168

530 576 700 629 nente
746 573 926 621 autem
952 561 1123 627 fame,
1168 570 1289 613 cum
1317 550 1722 610 descendissent
1752 550 1807 605 hi
1834 550 1887 604 in
1916 546 2119 617 Egyp-
2146 545 2204 606 Α
2225 557 2331 614 quo
2360 544 2586 599 transitu
2606 544 2791 610 multa,
2824 550 2882 598 ut
2908 541 3037 610 dixi,
3070 548 3393 600 narrantur:
3423 545 3522 603 sed
3540 558 3642 604 nos
3664 549 3817 618 quod

538 678 683 729 tutu,
716 659 913 731 cogniti
963 662 1085 711 sunt
1127 666 1159 706 a
1182 647 1409 719 Joseph,
1442 660 1542 701 nec
1569 654 1747 700 tamen
1779 642 1882 710 ipsi
1924 637 2123 706 Joseph

535 757 921 825 cognoverunt.
957 747 1077 817 Ipse
1108 752 1285 799 tamen
1324 754 1383 795 se
1411 739 1495 795 his
1546 746 1667 809 post
1700 736 1897 791 multas
1938 746 2124 825 eorum

536 821 907 915 fatigationes,
952 847 1006 893 et
1050 835 1280 891 adducto
1330 830 1641 901 Benjamin,
1681 826 1974 883 declaravit
2010 842 2022 915 ς
2058 821 2124 878 de

539 913 740 991 Rachel
766 934 906 988 enim
934 936 1103 985 matre
1128 939 1223 980 sua
1254 931 1413 978 natus
1441 930 1497 977 et
1520 920 1608 975 hic
1634 920 1825 974 fuerat.
1857 916 1983 971 Post
2009 913 2125 968 haec

535 1024 868 1085 descendunt
894 1019 1076 1076 cuncti
1104 1017 1359 1073 lsraelitae
1390 1015 1445 1069 in
1493 1013 1801 1083 (Egyptum,
1835 1020 1887 1065 et
1917 1023 2009 1080 per
2034 1007 2124 1063 Jo-

534 1120 672 1187 seph
723 1113 1015 1170 Pharaonis
1054 1110 1223 1182 gratia
1269 1116 1511 1163 utuntur.
1562 1106 1726 1161 Jacob
1777 1113 1953 1158 autem
2002 1111 2125 1171 post

537 1208 850 1266 benedictos
899 1204 1040 1259 filios
1066 1216 1194 1258 suos
1222 1203 1276 1255 in
1305 1200 1539 1271 ASgypto
1568 1198 1829 1261 moritur,
1855 1206 1909 1251 et
1955 1194 2006 1249 in
2038 1208 2123 1250 se-

532 1298 722 1368 pulcro
752 1306 778 1333 ει
812 1295 979 1367 patris
1006 1294 1088 1349 sui
1119 1293 1266 1347 lsaac
1294 1290 1551 1361 sepelitur
1577 1290 1630 1345 in
1663 1299 1804 1345 terra
1845 1287 2120 1343 Chanaan.

532 1389 746 1447 Mortuo
794 1397 972 1442 autem
1003 1385 1201 1454 Joseph
1232 1392 1393 1455 atque
1423 1384 1701 1440 Pharaone
1728 1382 1756 1421 b
1780 1422 1795 1449 ,
1842 1380 2123 1452 subjicitur

534 1488 728 1536 cuncta
755 1477 1032 1549 generatio
1062 1475 1329 1543 servituti,
1360 1490 1477 1545 qua:
1507 1491 1601 1546 per
1626 1474 1845 1544 Moysen
1872 1483 1991 1544 post
2031 1474 2126 1531 de-

537 1587 655 1628 cem
686 1572 869 1643 plagas
898 1568 1118 1640 IEgypti
1152 1567 1427 1633 liberatur,
1462 1565 1710 1623 demerso
1738 1564 2019 1622 Pharaone
2068 1563 2123 1619 in

536 1665 675 1722 mari
716 1663 919 1720 Rubro.

612 1756 684 1811 X.
719 1755 787 1811 Et
812 1754 1065 1826 quoniam
1087 1753 1153 1811 de
1183 1753 1285 1809 hoc
1311 1753 1476 1809 maris
1502 1752 1728 1807 transitu
1756 1749 1937 1821 plures
1960 1748 2123 1804 multa

538 1849 810 1915 dixerunt,
839 1847 1014 1905 visum
1042 1856 1145 1915 est,
1177 1854 1239 1903 ut
1265 1846 1333 1903 de
1362 1845 1469 1901 situ
1498 1845 1599 1900 loci
1630 1844 1799 1911 illius,
1843 1843 1928 1897 vel
1958 1842 2124 1912 ipsius

2226 649 2256 689 a
2282 637 2630 707 sapientibus,
2662 645 2720 693 et
2744 646 2892 693 certe
2920 636 3025 693 illis
3054 637 3381 705 hominibus,
3408 640 3500 706 qui
3526 640 3584 696 in
3612 640 3816 697 eodem

2225 729 2344 786 loco
2372 740 2742 798 accesserant,
2792 748 2975 789 verum
3016 734 3364 803 cognovimus
3390 773 3407 801 ,
3456 746 3520 790 ea
3570 733 3817 791 inserere

2234 820 2533 879 studuimus
2588 823 2815 893 pagina.
2846 824 3012 879 Aiunt
3058 824 3202 879 enim
3232 824 3444 890 sulcos,
3497 838 3634 895 quos
3677 835 3817 881 rota:

2223 926 2479 969 curruum
2507 914 2775 983 fecerant,
2809 928 2977 984 usque
3009 914 3167 970 hodie
3197 929 3535 985 permanere,
3562 924 3618 972 et
3642 930 3819 987 quan-

2225 1012 2334 1059 tum
2363 1006 2504 1061 acies
2534 1004 2811 1061 oculorum
2832 1006 3012 1064 videre
3040 1016 3233 1077 potest,
3266 1008 3318 1063 in
3344 1008 3618 1077 profundo
3638 1009 3813 1065 cerni.

2222 1095 2369 1163 Quos
2415 1097 2462 1152 si
2516 1097 2785 1153 modicum
2830 1101 3119 1156 commotio
3163 1102 3327 1155 maris
3373 1101 3671 1166 obtexerit,
3719 1100 3821 1156 illo

2224 1190 2557 1259 quiescente,
2590 1205 2803 1246 rursum
2833 1190 3088 1247 divinitus
3116 1200 3442 1248 renovantur
3472 1201 3533 1247 ut
3577 1193 3813 1248 fuerant.

2224 1281 2414 1339 Dicunt
2464 1281 2577 1351 alii,
2609 1286 2753 1353 quod
2797 1284 2864 1339 ad
2889 1284 3056 1355 ipsam
3086 1287 3279 1356 ripam,
3310 1285 3451 1344 facto
3479 1287 3692 1343 modico
3719 1302 3819 1358 per

2222 1389 2371 1430 mare
2400 1374 2627 1430 circuitu
2652 1417 2669 1441 ,
2724 1376 2866 1431 unde
2914 1376 3141 1447 ingressi
3172 1378 3418 1444 fuerant,
3449 1379 3557 1434 sint
3585 1380 3815 1436 reversi.

2224 1464 2330 1520 Alii
2356 1479 2485 1521 vero
2512 1474 2796 1534 asserunt,
2850 1481 3015 1522 unum
3046 1467 3251 1522 cunctis
3296 1469 3601 1538 ingressum
3632 1486 3648 1522 :
3681 1484 3820 1525 non-

2223 1556 2379 1625 nulli,
2410 1557 2693 1629 unicuique
2722 1557 2882 1613 tribui
2904 1572 3054 1613 suam
3085 1560 3321 1629 patuisse
3348 1561 3523 1633 viam,
3556 1560 3691 1617 illud
3734 1570 3819 1618 te—

2226 1652 2533 1709 stimonium
2554 1653 2801 1708 Psalterii
2816 1653 3139 1710 adducentes
3157 1664 3179 1692 °
3201 1672 3216 1708 :
3242 1654 3343 1723 Qui
3365 1656 3532 1710 divisit
3554 1672 3697 1710 utare
3714 1655 3817 1710 Ru-

2228 1748 2373 1802 brum
2417 1748 2471 1802 in
2510 1748 2779 1805 divisiones
2820 1746 2993 1818 (Psal.
3033 1764 3235 1817 cxxxv,
3274 1750 3385 1821 13),
3420 1749 3523 1821 ιη
3539 1766 3675 1821 quas
3716 1767 3819 1808 nos

2226 1838 2516 1897 divisiones
2541 1840 2876 1910 spiritaliter,
2906 1849 2961 1897 et
3008 1856 3115 1897 non
3140 1842 3434 1898 secundum
3461 1842 3699 1899 litteram
3728 1844 3817 1899 in-

538 1942 795 2010 transitu,
843 1940 1021 2010 aliqua
1072 1940 1195 1995 huic
1250 1939 1483 1995 inseram
1531 1936 1769 1993 lectioni.
1822 1934 1971 1991 Nilus
2021 1949 2119 2004 per
2151 1919 2200 1981 Β
2227 1934 2468 2004 telligere
2491 1943 2726 2005 oportet.
2758 1933 2894 1991 Sunt
2921 1936 3063 1991 enim
3092 1944 3148 1991 et
3190 1937 3246 1991 in
3291 1936 3395 1992 hoc
3419 1938 3639 2003 saeculo,
3670 1936 3815 2007 quod

537 2040 856 2109 Egyptum,
883 2037 1023 2093 sicut
1047 2035 1247 2105 optime
1276 2034 1469 2103 nostis,
1497 2031 1756 2099 decurrit,
1782 2040 1836 2086 et
1865 2032 1981 2099 ipse
2007 2043 2125 2084 eam

536 2134 745 2203 impetu
785 2146 884 2187 suo
910 2131 1135 2201 irrigat:
1164 2128 1307 2184 unde
1325 2136 1379 2183 et
1415 2124 1655 2196 Egyptii
1683 2122 1920 2180 Nilicola:
1946 2121 2129 2192 appel-

537 2222 737 2280 lantur.
766 2218 931 2292 Cujus
958 2234 1098 2276 nunc
1142 2219 1322 2275 littora
1363 2216 1517 2272 multi
1549 2215 1789 2271 locorum
1832 2213 2129 2282 perlustra-

537 2323 704 2381 tores,
735 2312 935 2370 referta
965 2313 1132 2368 sacris
1175 2308 1521 2365 monasteriis
1564 2306 1752 2363 dicunt
1780 2318 1923 2360 esse.
1954 2303 2129 2373 Super

537 2409 710 2478 ripam
739 2419 870 2462 vero
899 2405 1018 2474 ejus
1062 2416 1172 2458 non
1216 2399 1540 2471 Babylonia,
1590 2398 1660 2455 de
1690 2412 1794 2469 qua
1824 2411 1988 2467 supra
2016 2410 2129 2450 rne-

539 2500 826 2564 minimus,
879 2496 973 2551 sed
1017 2493 1307 2566 Babylonia
1338 2493 1508 2547 altera
1536 2489 1731 2546 civitas
1761 2500 1781 2527 ε
1816 2488 2129 2557 collocatur,

545 2594 604 2651 in
631 2607 734 2663 qua
779 2590 979 2659 Joseph
1006 2590 1197 2644 horrea
1225 2588 1363 2643 miro
1392 2600 1555 2657 opere
1596 2585 1665 2642 de
1693 2582 1959 2653 lapidibus
2000 2596 2132 2653 qua-

542 2685 659 2741 dris
688 2692 742 2739 et
770 2689 1034 2737 caemcnto
1062 2678 1348 2735 aedificavit
1376 2696 1391 2733 :
1423 2679 1497 2734 ita
1526 2686 1586 2734 ut
1613 2677 1681 2733 ad
1721 2676 1946 2731 fundum
1974 2690 2132 2746 capa-

542 2776 688 2834 ciora
708 2814 724 2840 ,
754 2774 821 2829 ad
849 2786 1114 2829 summum
1143 2786 1269 2827 vero
1294 2771 1583 2827 constricta
1618 2769 1717 2841 13
1752 2768 1897 2839 sint},
1940 2777 1999 2824 ut
2039 2782 2133 2839 per

537 2865 819 2939 parvulum
863 2866 1106 2922 foramen
1151 2862 1349 2919 ibidem
1380 2862 1614 2917 triticum
1657 2862 1971 2931 jaceretur,
2014 2875 2133 2931 quae

541 2959 733 3016 horrea
764 2972 932 3029 usque
978 2956 1143 3013 hodie
1186 2964 1501 3011 cernuntur.
1535 2954 1611 3010 De
1651 2952 1753 3009 hac
1796 2954 2010 3009 civitate
2038 2966 2134 3008 rex

541 3051 611 3108 ad
658 3050 1088 3122 persequendum
1140 3048 1437 3115 llcbrmos,
1486 3060 1608 3101 cum
1639 3046 1962 3103 exercitibus
2011 3060 2134 3101 cur-

540 3159 720 3212 ruum,
752 3158 815 3199 ac
844 3142 1009 3198 multa
1034 3140 1268 3213 pedestri
1298 3154 1461 3195 manu
1488 3137 1723 3195 directus
1751 3147 1850 3194 est.
1887 3139 2026 3193 Ante
2055 3137 2134 3192 di-

545 3246 666 3295 ctus
692 3250 821 3295 vero
850 3236 1046 3291 fluvius
1074 3235 1143 3289 ab
1175 3234 1395 3288 Oriente
1440 3233 1689 3298 veniens,
1724 3231 1789 3287 ad
1826 3231 2131 3286 occidenta-

2229 2026 2519 2097 llguraliter
2544 2041 2692 2082 mare
2730 2027 2947 2096 dicitur,
2976 2027 3156 2084 multa:
3180 2027 3471 2085 divisiones
3495 2045 3511 2086 :
3540 2043 3647 2084 non
3670 2030 3816 2085 enim

2229 2119 2505 2189 aequaliter
2550 2129 2811 2190 possunt,
2863 2130 2957 2177 aut
3008 2137 3102 2191 per
3151 2137 3309 2178 unam
3341 2121 3484 2178 viam
3534 2122 3604 2178 ad
3648 2123 3815 2179 vitam

2228 2212 2407 2268 cuncti
2449 2212 2700 2269 transire.
2743 2213 2847 2269 Alii
2874 2222 3052 2271 autem
3082 2222 3360 2272 transeunt
3394 2215 3447 2271 in
3480 2216 3665 2273 horam
3707 2216 3819 2287 pri-

2230 2320 2413 2361 mam:
2440 2305 2493 2361 id
2525 2316 2607 2363 est
2634 2306 2723 2375 qui
2752 2308 2926 2363 renati
2965 2324 3060 2379 per
3095 2308 3436 2379 baptismum,
3484 2309 3818 2366 immaculati

2230 2398 2300 2454 ab
2342 2399 2485 2454 omni
2537 2399 2944 2469 inquinamento
2986 2404 3166 2458 carnis
3196 2402 3485 2473 perdurare
3536 2418 3709 2474 usque
3749 2402 3817 2459 ad

2232 2490 2356 2544 vita:
2399 2492 2680 2560 praesentis
2718 2494 2917 2548 exitum
2955 2503 3199 2564 possunt.
3246 2494 3351 2550 Alii
3381 2494 3448 2550 ad
3479 2494 3665 2551 horam
3712 2503 3817 2551 ter-

2234 2578 2398 2646 tiam,
2433 2580 2682 2637 videlicet
2708 2582 2799 2652 qui
2845 2583 3037 2653 majori
3087 2591 3245 2640 :ctate
3273 2594 3679 2641 convertuntur.
3712 2586 3817 2642 Alii

2236 2672 2304 2728 ad
2348 2683 2577 2741 sextam,
2622 2674 2713 2745 qui
2740 2675 2962 2731 luxuriae
2990 2677 3259 2733 fervorem
3310 2687 3600 2734 coercent:
3632 2686 3684 2734 et
3725 2694 3819 2748 per

2234 2766 2334 2823 has
2378 2783 2615 2839 quasque
2659 2767 2859 2837 horas,
2906 2771 3044 2825 sicut
3092 2770 3435 2841 Evangelista
3470 2771 3683 2843 (Matth.
3720 2774 3818 2843 xx)

2234 2868 2641 2927 commemorat,
2670 2859 2739 2916 ad
2762 2875 2981 2931 operam
3010 2861 3294 2919 dominicae
3320 2864 3495 2919 vineae
3522 2864 3818 2920 secundum

2235 2951 2395 3008 fidem
2439 2953 2711 3024 propriam
2759 2954 3148 3010 conducuntur.
3203 2954 3295 3010 Ha:
3339 2964 3465 3012 sunt
3490 2956 3821 3025 divisiones,

2236 3046 2427 3116 quibus
2475 3061 2571 3117 per
2613 3046 2715 3102 hoc
2747 3062 2898 3103 mare
2940 3048 3217 3103 transitur.
3248 3046 3382 3103 illud
3419 3064 3548 3103 vero
3571 3049 3710 3119 quod
3753 3049 3820 3104 ad

2236 3152 2385 3194 mare
2416 3153 2582 3209 usque
2626 3139 2941 3205 venientes,
2986 3138 3131 3195 littus
3162 3140 3333 3209 stagni
3360 3148 3601 3197 tenentes
3640 3156 3820 3198 rever-

2239 3236 2453 3300 tuntur,
2504 3230 2637 3285 illud
2680 3240 2761 3287 est
2801 3229 2944 3302 quod
2983 3231 3241 3287 Dominus
3272 3232 3338 3286 ad
3382 3232 3599 3306 Moysen
3646 3235 3819 3291 dixit:

540 3330 649 3388 lem
674 3328 881 3400 plagam
902 3342 1089 3384 versus
1110 3326 1351 3381 Rubrum
1374 3339 1523 3380 mare
1546 3324 1689 3379 vadit
1720 3340 1737 3377 :
1762 3323 1829 3377 ab
1852 3323 2140 3379 Occidente
2163 3301 2211 3366 (ἶ
2243 3322 2453 3378 Reversi
2482 3333 2651 3378 castra
2676 3301 2930 3379 metentur
2954 3340 2980 3377 e
3010 3324 3214 3394 regione
3254 3301 3582 3392 Phiahiroth,
3613 3342 3727 3395 qua:
3752 3335 3822 3382 est

544 3434 674 3475 vero
704 3428 951 3489 stagnum
994 3418 1107 3473 sive
1134 3417 1417 3472 brachium
1447 3415 1517 3470 de
1546 3414 1679 3469 mari
1706 3413 1888 3469 Rubro
1918 3430 2139 3485 progre-

543 3510 725 3579 ditur,
771 3518 827 3567 et
870 3509 1018 3565 vadit
1066 3518 1254 3564 contra
1279 3508 1589 3574 Orientem,
1647 3506 1850 3562 habens
1891 3506 1947 3562 in
1978 3508 2140 3577 longo

544 3605 715 3663 millia
743 3602 956 3659 circiter
983 3601 1396 3672 quinquaginta;
1424 3600 1476 3655 in
1501 3599 1607 3655 lato
1633 3609 1839 3667 autem,
1870 3597 2054 3655 decem
2086 3600 2143 3655 et

552 3706 695 3756 octo.
730 3696 788 3753 In
816 3696 973 3766 hujus
1012 3696 1188 3765 stagni
1227 3695 1402 3762 capite
1441 3692 1657 3765 Clysma
1697 3694 1891 3750 civitas
1916 3691 1943 3731 ἀ
1973 3693 2140 3748 mdif‘t-

552 3798 670 3845 cata
698 3795 800 3855 est,
837 3801 944 3842 non
972 3793 1195 3855 propter
1223 3784 1553 3841 fertilitatem
1600 3783 1723 3851 loci,
1761 3799 1880 3839 cum
1912 3784 2045 3838 nihil
2072 3785 2144 3840 sit

553 3883 676 3956 plus
704 3881 918 3947 sterile,
949 3879 1044 3937 sed
1071 3888 1291 3949 propter
1320 3888 1531 3949 portum
1566 3896 1579 3933 :
1609 3879 1733 3949 quia
1759 3893 1924 3933 naves
1954 3880 2020 3934 ab
2050 3879 2140 3933 ln-

548 3975 649 4032 dils
672 3978 972 4040 venientes,
998 3972 1195 4029 ibidem
1219 3972 1287 4028 ob
1312 3979 1497 4041 portus
1519 3970 1971 4041 opportunitatem
1993 3972 2141 4041 quie-

545 4076 736 4135 scunt;
782 4066 853 4122 ibi
901 4073 1228 4135 comparatae
1272 4077 1480 4120 merces
1528 4078 1623 4133 per
1652 4071 1819 4119 totam
1850 4063 2140 4135 {Egyptum

546 4160 918 4228 deportantur.
951 4156 1033 4211 Ad
1064 4156 1165 4210 hoc
1193 4163 1440 4225 stagnum
1469 4169 1570 4224 per
1598 4153 1874 4210 desertum
1924 4154 2139 4209 Hebraei

546 4249 847 4317 tendentes,
894 4262 1062 4317 usque
1110 4247 1178 4301 ad
1210 4246 1384 4314 ipsum
1416 4236 1892 4315 marevenerunt,
1945 4245 2137 4300 inven-

547 4343 720 4411 tisque
747 4340 994 4397 dulcibus
1025 4341 1177 4410 aquis
1206 4348 1381 4394 castra
1415 4338 1601 4394 mctati
1627 4347 1770 4394 sunt.
1801 4338 1857 4393 in
1888 4339 1989 4396 hoc
2011 4354 2139 4411 ergo

549 4442 702 4489 arcto
729 4433 885 4499 loco;
934 4440 1041 4487 tam
1069 4432 1135 4487 ab
1165 4445 1350 4486 eremo
1380 4444 1540 4500 quam
1565 4430 1633 4486 ab
1664 4430 1778 4499 ipso
1806 4431 1970 4498 mari,
2011 4445 2139 4487 con-

549 4529 829 4595 sederunt,
861 4525 999 4582 sicut
1040 4526 1298 4596 scriptum
1331 4534 1411 4581 est
1440 4542 1453 4579 :
1480 4526 1701 4579 Audiens
1741 4524 1973 4592 Pharao,
2003 4526 2139 4595 quod

550 4621 874 4676 conclusisset
903 4636 987 4675 eos
1017 4635 1159 4673 mare
1189 4629 1340 4689 atque
1388 4619 1658 4684 desertum,
1689 4635 1778 4672 nec
1808 4626 1935 4673 esset
1962 4618 2034 4673 eis
2062 4617 2140 4671 via

2245 3415 2378 3468 inter
2404 3413 2705 3486 Magdalum
2726 3426 2773 3468 et
2796 3430 2935 3469 mare
2954 3425 3134 3470 contra
3155 3414 3465 3485 Beelsephon
3488 3414 3684 3487 (Exod.
3708 3433 3819 3486 Xiv,

2242 3505 2322 3577 ἓ).
2351 3505 2459 3561 Nec
2483 3507 2624 3562 enim
2655 3506 2875 3562 dubium
2903 3514 3005 3573 est,
3038 3505 3180 3577 quod
3222 3507 3478 3562 transitus
3505 3507 3597 3563 ille
3636 3510 3821 3577 maris,

2242 3596 2328 3653 vel
2376 3597 2621 3654 columna
2669 3599 2826 3654 nubis
2867 3608 3050 3670 typum
3092 3600 3358 3670 gesserint
3402 3599 3573 3656 nostri
3622 3600 3825 3669 baptis:

2242 3690 2422 3761 matis,
2452 3690 2664 3748 dicente
2691 3693 2848 3748 beato
2890 3691 3059 3747 Paulo
3084 3690 3325 3761 apostolo
3350 3707 3365 3744 :
3393 3689 3532 3746 Nolo
3560 3707 3647 3747 vos
3674 3692 3823 3763 igno-

2241 3801 2377 3851 rare,
2426 3789 2644 3854 fratres,
2686 3786 2807 3856 quia
2835 3794 3008 3855 patres
3038 3786 3198 3840 nostri
3222 3801 3395 3839 omnes
3438 3785 3529 3838 sub
3556 3784 3686 3840 nube
3712 3784 3823 3855 {tte-

2242 3888 2382 3945 runt,
2409 3888 2455 3932 et
2482 3895 2653 3934 omnes
2696 3879 2752 3933 in
2781 3878 2995 3948 Moysen
3026 3878 3270 3945 baptizali
3295 3886 3412 3932 sunt
3438 3878 3491 3932 in
3520 3876 3654 3931 nube
3690 3887 3739 3931 et
3768 3877 3823 3930 in

2243 3973 2372 4027 mari
2405 3970 2456 4043 (I
2488 3971 2607 4027 Cor.
2656 3987 2721 4040 x,
2766 3972 2816 4039 1,
2848 3972 2927 4041 2).
2967 3970 3224 4027 Columna
3278 3984 3407 4027 vero
3458 3969 3596 4041 ignis
3641 3977 3824 4042 typum

2243 4065 2413 4121 sancti
2454 4065 2688 4135 Spiritus
2718 4063 2969 4133 prmtulit.

2317 4159 2362 4213 A
2386 4160 2659 4214 nativitate
2686 4164 2814 4228 ago
2844 4156 3075 4212 Abrahae
3101 4171 3269 4228 usque
3298 4156 3365 4214 ad
3385 4170 3657 4229 egressum
3689 4156 3824 4213 filio-

2242 4264 2360 4305 rum
2393 4250 2553 4305 lsrael
2583 4265 2653 4305 ex
2697 4248 2948 4320 (Egypto,
3001 4248 3085 4303 vel
3117 4248 3397 4305 transitum
3427 4247 3589 4303 maris
3616 4248 3822 4315 Rubri,

2243 4342 2334 4414 qui
2363 4342 2462 4397 fuit
2502 4342 2672 4411 Moysi
2711 4341 3069 4412 octogesimus
3098 4357 3289 4411 annus,
3320 4350 3672 4414 supputautur
3699 4341 3825 4398 anni

2244 4449 2470 4490 numero
2499 4432 2622 4487 462.
2667 4416 2675 4429 ’

2315 4526 2407 4581 XI.
2439 4526 2643 4581 Exinde
2686 4540 2781 4596 per
2818 4525 3161 4596 quadraginta
3183 4540 3351 4582 annos
3375 4523 3624 4582 lsraelitae
3640 4538 3826 4581 eremo

2248 4631 2486 4689 utuntur,
2519 4621 2827 4676 imbuuntur
2871 4620 3115 4691 legibus;
3148 4620 3461 4691 probantur,
3492 4618 3826 4688 victibusque

549 4729 652 4781 qua
701 4718 905 4781 possent
956 4727 1203 4783 pergere,
1254 4711 1320 4764 ad
1369 4711 1774 4782 persequendum
1826 4727 1910 4766 eos
1959 4710 2143 4763 direxit
2171 4697 2539 4783 Dpascuntur
2566 4712 2839 4781 angelicis.
2892 4712 3154 4781 Deinceps
3196 4712 3338 4767 enim
3388 4720 3509 4781 post
3551 4718 3827 4780 acceptant

549 4804 749 4871 (Exod.
782 4820 893 4871 xw,
920 4804 998 4875 5).
1030 4805 1267 4875 Cumque
1294 4803 1711 4860 imminentibus
1744 4803 1827 4859 his
1855 4803 2023 4874 Moysi
2053 4817 2145 4874 po-

555 4898 713 4969 pulus
742 4898 1113 4966 acclamasset,
1141 4897 1435 4954 secundum
1461 4902 1667 4967 jussum
1697 4898 2001 4954 Divinitatis
2022 4912 2145 4967 pro-

547 4990 683 5063 je‘cta
732 4991 881 5061 virga
933 5004 1094 5060 super
1141 5004 1322 5057 mare,
1355 4989 1587 5045 divisum
1632 4998 1747 5056 est;
1796 4990 2009 5060 illisque
2048 5004 2142 5059 per

547 5083 691 5139 sicca
717 5081 1107 5153 gradientibus,
1136 5093 1211 5151 et,
1247 5092 1306 5138 ut
1336 5084 1611 5154 Scriptura
1639 5083 1710 5138 ait
1737 5100 1753 5138 :
1781 5083 1936 5137 Maro
1976 5100 2139 5154 aqua-

548 5190 662 5230 rum
692 5177 916 5246 undique
969 5177 1147 5231 vallati
1180 5175 1376 5247 (Exod.
1413 5193 1522 5246 xxv,
1552 5177 1645 5247 22)
1668 5220 1680 5242 ,
1728 5177 1783 5232 iu
1809 5177 1957 5234 littus
1983 5176 2138 5248 illud,

551 5268 690 5337 quod
735 5276 818 5323 est
861 5277 1050 5323 contra
1080 5278 1315 5325 montem
1344 5269 1487 5339 Syna
1513 5311 1529 5337 ,
1567 5269 1723 5324 illaesi
1749 5284 1993 5339 prorsus,
2042 5271 2138 5327 de-

552 5360 747 5417 mersis
791 5361 1087 5433 Aiigyptiis,
1120 5361 1303 5434 Moyse
1348 5362 1487 5417 duce
1534 5362 2019 5433 transgrediuntur.
2062 5363 2141 5422 De

626 5507 668 5577 ι.
692 5496 826 5553 Cod.
857 5496 1065 5577 Regni"
1096 5502 1150 5555 in
1171 5500 1414 5577 sepulcro
1456 5517 1550 5555 suo
1579 5518 1613 5556 a
1640 5500 1857 5571 Joseplt.
1889 5501 2140 5577 _Utraque

550 5567 706 5625 lectio
732 5584 859 5624 vera
889 5567 958 5625 ei
991 5569 1209 5627 Genesi.

627 5638 674 5717 ι’-
695 5641 827 5696 Cod.
862 5641 1074 5712 Regim,
1106 5658 1138 5695 a
1162 5641 1440 5699 Pharaone
1483 5644 1783 5717 subjicitur,
1833 5660 1951 5715 qua:
1976 5646 2138 5703 etiam

551 5711 711 5768 lectio
744 5727 873 5768 vera
907 5724 1011 5767 est.

630 5791 670 5829 ει
693 5782 818 5860 Haec
842 5783 1003 5860 hodie
1027 5785 1243 5860 Cairum
1264 5789 1580 5858 appellatur;
1610 5789 1739 5845 urbs
1762 5788 1979 5860 [Egypti
2005 5804 2141 5860 praef

555 5852 709 5939 cip'ua
741 5855 806 5939 ad
852 5853 1029 5939 l‘iilu'rnn
1071 5852 1484 5939 fluviuni',:olini
1535 5852 2143 5932 sultanorumnngypti

556 5922 736 5989 sedes,
780 5924 944 5982 hodie
967 5925 1155 5984 Turcis
1194 5922 1421 5987 subdita.

2249 4804 2466 4875 Legem,
2502 4813 2945 4875 transgressoque
2966 4819 3086 4861 cum
3115 4804 3243 4861 Jesu
3272 4804 3418 4861 Nave
3443 4803 3695 4871 Jordane,
3719 4812 3827 4859 ter-

2249 4914 2364 4957 ram
2402 4899 2835 4970 repromissionis
2866 4900 3151 4970 accipiunt.

2322 4992 2433 5047 Xll.
2474 4992 2600 5047 Post
2639 4994 2790 5063 cujus
2829 4993 3135 5060 transitum,
3167 4992 3293 5048 dum
3343 5003 3611 5063 praecepta
3651 4993 3825 5050 divina

2249 5094 2599 5157 postponunt,
2641 5099 2783 5155 saepe
2826 5086 2881 5139 in
2923 5084 3339 5158 alienigenarum
3381 5086 3601 5142 servitio
3640 5086 3829 5156 subju-

2248 5190 2461 5252 gantur.
2511 5180 2615 5236 Sed
2668 5194 2789 5235 cum
2820 5181 3069 5235 conversi
3119 5180 3509 5251 ingemiscant,
3566 5181 3828 5237 tribuente

2246 5277 2497 5346 Domino,
2532 5289 2629 5345 per
2670 5275 2907 5330 virorum
2951 5273 3169 5329 fortium
3199 5272 3474 5329 brachium
3512 5273 3825 5329 liberantur.

2244 5368 2489 5428 Posthaec
2532 5382 2629 5439 per
2655 5366 2979 5438 Samuelem,
3007 5380 3213 5438 regem,
3234 5365 3373 5422 sicut
3400 5364 3624 5436 reliqua:
3643 5373 3829 5435 gentes

2322 5507 2350 5544 ἀ
2390 5504 2541 5574 Apud
2586 5504 2933 5561 Ptolemmum
2973 5504 3275 5573 praesidium
3314 5511 3397 5574 est
3439 5504 3493 5559 in
3533 5518 3654 5560 sinu
3699 5502 3829 5557 Ara-

2248 5578 2367 5633 bico
2412 5573 2593 5631 situm.
2645 5576 2883 5631 Lismum
2912 5590 3031 5633 esse
3055 5573 3327 5644 Antonini
3370 5582 3520 5646 putat
3565 5574 3829 5633 Simlerus

2248 5648 2385 5719 apud
2416 5647 2697 5719 Ortelium.

2320 5728 2343 5756 θ
2388 5719 2569 5774 Codex
2592 5717 2796 5772 Turon.
2823 5716 2961 5786 apud
2988 5718 3267 5773 Morelium
3294 5718 3455 5775 habet
3482 5717 3826 5772 testimonium

2246 5790 2473 5859 psalterii
2502 5789 2786 5854 abutentes,
2814 5796 3075 5859 quartum,
3096 5790 3322 5844 fortasse
3346 5805 3527 5845 casum
3553 5804 3645 5859 pro
3674 5797 3825 5843 sexto

2246 5858 2527 5930 adhibens.
2570 5860 2790 5914 Videtur
2819 5859 3013 5928 quippe
3042 5858 3332 5930 Gregorius
3375 5876 3560 5917 eorum
3603 5867 3823 5920 sentcn-

2250 5929 2375 5991 tiam
2400 5934 2465 5992 de
2496 5946 2598 6001 qua
2626 5930 2715 5991 hic
2757 5930 3010 6002 loquitur,
3043 5929 3168 5991 non
3193 5932 3506 6001 approbare.
