4086 6328
277 366 389 430 109

1243 370 1567 433 HISTORIA
1603 371 2059 437 FRANCORUIII.
2100 376 2305 439 LIBER
2341 377 2617 440 PRIMUS.

3458 392 3566 452 I70

276 485 498 550 habent,
543 497 573 539 a
631 483 860 541 Domino
906 484 1237 557 postulantes
1265 530 1280 556 ,
1330 490 1596 562 accipiunt
1642 491 1873 562 primum
1901 497 1951 556 Α
1982 495 2220 563 robabel,
2254 497 2306 552 id
2338 506 2420 554 est
2443 495 2687 554 Christus
2711 541 2725 567 ,
2756 498 3087 569 liberaverit,
3118 501 3443 565 horribiliter
3466 528 3565 568 ex-

272 577 425 646 Saul,
460 577 656 633 deinde
687 579 873 636 David.

346 671 432 727 Ab
460 671 729 728 Abraham
772 688 901 745 ergo
952 690 1121 746 usque
1168 676 1234 733 ad
1290 677 1453 733 David
1500 678 1875 750 generationes

272 765 700 836 quatuordecim,
735 766 785 822 id
815 776 918 836 est,
944 769 1238 839 Abraham,
1268 770 1436 837 Isaac,
1464 770 1651 840 Jacoh,
1684 773 1871 844 Judas,

275 859 497 924 Phares,
529 861 630 933 15
657 860 864 927 Esrom,
900 865 1085 931 Aram,
1128 863 1449 929 Aminadab,
1485 864 1718 933 Naason,
1751 865 1873 923 Sal-

274 968 425 1020 mon,
459 953 618 1013 Booz.
648 953 845 1024 Obeth,
871 954 1044 1024 .Iesse,
1072 957 1259 1013 David.
1287 958 1449 1014 David
1482 967 1660 1015 autem
1689 962 1874 1029 genuit

277 1044 624 1102 Salomonem
668 1047 736 1103 de
761 1047 1042 1105 Betsabee.
1074 1049 1126 1106 Is
1152 1066 1246 1120 per
1275 1050 1501 1106 Natham
1556 1051 1871 1123 prophetam

275 1136 492 1191 fratrem
524 1153 700 1207 suum,
734 1147 790 1196 et
820 1153 1043 1197 matrem
1077 1143 1129 1198 in
1160 1157 1327 1214 regno
1358 1153 1577 1200 evectus
1605 1156 1709 1202 est.

345 1228 486 1285 XIII.
531 1231 791 1287 Defuncto
835 1245 1012 1290 autem
1046 1234 1234 1303 David,
1265 1253 1387 1292 cum
1418 1252 1645 1307 regnare
1677 1238 1874 1307 coepis-

274 1332 357 1377 set
385 1322 640 1379 Salomon
666 1366 680 1390 ,
713 1329 960 1396 apparuit
987 1328 1033 1383 ei
1068 1329 1354 1395 Dominus,
1385 1338 1439 1385 et
1468 1332 1610 1401 quod
1641 1340 1869 1401 peteret,

276 1429 332 1472 ut
363 1418 637 1489 indulgeat
663 1420 966 1489 pollicetur.
995 1422 1064 1477 At
1096 1423 1185 1477 ille
1214 1432 1460 1479 terrenas
1490 1424 1703 1479 divitias
1724 1433 1875 1495 post-

275 1522 502 1578 ponens,
531 1512 846 1581 sapientiam
880 1513 1048 1584 ntagis
1070 1515 1318 1585 expetiit.
1342 1516 1494 1583 Quod
1526 1525 1743 1572 ratumﬂ
1776 1517 1875 1573 Do-

274 1602 423 1657 mino
446 1604 576 1671 fuit,
617 1606 689 1660 ita
720 1615 779 1660 ut
823 1606 892 1662 ab
924 1607 1114 1663 eodem
1142 1607 1353 1665 audiret
1383 1625 1396 1664 :
1434 1609 1564 1677 Quia
1604 1626 1705 1664 non
1734 1626 1872 1681 qure-

1978 588 2192 643 sulabit.
2242 587 2360 659 Ipse
2388 590 2534 646 enim
2573 590 2833 649 Dominus
2870 594 2923 649 in
2968 596 3256 667 Evangelia
3302 599 3471 656 dicit:
3503 604 3567 659 Si

1978 695 2065 735 vos
2091 677 2263 735 Filius
2289 678 2595 749 liberaverit,
2627 700 2742 741 vere
2761 684 2906 742 liberi
2931 689 3070 743 eritis
3100 688 3277 763 (Joan.
3307 708 3421 759 VIII,
3444 693 3539 767 56)

1977 774 2095 843 Ipse
2125 788 2220 830 oro
2251 774 2352 830 sibi
2384 775 2437 831 in
2470 777 2625 834 nobis
2657 779 2938 851 templum,
2984 782 3037 837 in
3067 798 3172 854 quo
3196 783 3444 855 dignetur
3474 790 3567 843 ha-

1977 862 2166 930 bitare,
2200 866 2523 932 constituat;
2552 869 2607 922 in
2640 884 2746 940 quo
2776 871 2931 941 ﬁdes,
2966 881 3026 927 ut
3054 890 3240 930 aurum
3271 875 3477 945 luceat;
3512 878 3565 939 in

1977 970 2083 1024 quo
2107 956 2377 1028 eloquium
2408 959 2826 1030 praedicationis,
2858 972 2914 1019 ιιι
2944 977 3221 1037 argentum
3252 969 3562 1040 splendeat;

1977 1048 2029 1104 in
2057 1064 2162 1120 quo
2190 1052 2368 1107 omnia
2402 1053 2627 1108 visibilis
2654 1055 2837 1125 templi
2860 1057 3005 1113 illius
3046 1071 3357 1117 ornamenta
3386 1062 3440 1118 in
3472 1078 3567 1119 noa

1978 1149 2210 1199 strorum
2254 1159 2507 1201 sensuum
2558 1146 2839 1203 honestate
2870 1149 3184 1207 clarescant.
3220 1153 3380 1210 Bona:
3404 1157 3564 1213 etiam

1977 1236 2234 1293 voluntati
2266 1247 2465 1296 nostrae
2506 1242 2619 1311 ipse
2665 1242 2936 1301 salubrem
2983 1246 3230 1304 eli‘ectum
3277 1247 3607 1322 indulgeat.”

1976 1328 2108 1395 Quia
2137 1331 2237 1386 nisi
2273 1332 2381 1404 ipse
2405 1333 2739 1403 aediﬁcaverit
2769 1337 2995 1402 domum,
3028 1340 3083 1393 in
3115 1356 3304 1395 vanum
3332 1344 3565 1400 laborant

1975 1424 2065 1492 qui
2091 1425 2352 1496 aediﬁcant
2391 1444 2503 1483 eam
2530 1427 2703 1499 (Psal.
2759 1444 2940 1499 cxxvr,
2976 1430 3053 1502 1).
3083 1433 3208 1491 Haec
3238 1450 3366 1492 vero
3395 1420 3603 1509 capti-'l

1978 1519 2113 1574 vitas
2138 1521 2293 1576 annis
2321 1518 2428 1577 76d
2457 1522 2625 1579 fuisse
2654 1523 2871 1581 dicitur.
3596 1510 3603 1519 ’

2049 1612 2166 1668 XV.
2197 1615 2419 1672 Rcversi
2445 1626 2624 1674 autem
2655 1634 2751 1690 per
2776 1598 3099 1691 Zorobabel,
3131 1623 3273 1681 sicut
3296 1624 3526 1684 diximus
3549 1667 3568 1695 ,

275 1695 389 1750 sisti
439 1713 595 1768 regna
646 1700 848 1768 mundi,
900 1717 991 1757 nec
1034 1703 1240 1759 divitias
1291 1704 1421 1775 ejus,
1475 1705 1566 1759 sed
1604 1705 1876 1776 postulasti
1977 1720 2119 1761 nunc
2156 1716 2342 1763 contra
2393 1708 2563 1765 Deum
2608 1721 3028 1780 murmurantes,
3059 1729 3203 1771 nunc
3253 1725 3374 1786 post
3424 1717 3568 1777 idola

274 1790 614 1859 sapientiam,
644 1792 761 1849 ideo
801 1794 1022 1865 accipies
1061 1812 1191 1851 eam.
1244 1798 1373 1852 Ante
1411 1806 1458 1853 te
1489 1814 1590 1852 non
1639 1798 1739 1868 fuit
1767 1807 1873 1854 tam
1978 1808 2314 1869 corruentes,
2348 1801 2434 1858 vel
2463 1802 2889 1861 abominationes
2922 1804 3196 1875 facientes,
3223 1817 3277 1864 et
3305 1825 3425 1880 qua:
3443 1826 3568 1881 gen.

276 1882 481 1954 sapieug
505 1925 521 1952 ,
551 1885 624 1939 sic
645 1895 693 1939 et
725 1896 839 1954 post
868 1897 916 1942 te
946 1903 1048 1943 non
1100 1890 1194 1945 erit
1227 1890 1246 1960 (
1270 1889 1399 1964 Reg.
1430 1906 1517 1958 III,
1553 1891 1620 1946 I2
1644 1892 1683 1963 ).
1725 1891 1876 1961 Quod
1905 1890 1956 1954 B
1983 1895 2063 1944 tes
2090 1900 2343 1946 exercent
2384 1892 2675 1963 imitantes,
2709 1893 2837 1951 dum
2871 1896 2967 1951 Dei
3012 1899 3300 1969 prophetas
3327 1911 3570 1957 contem.

272 1983 459 2041 postea
498 1974 754 2043 judicium
796 1976 930 2033 illud
954 2019 970 2044 ,
1017 1979 1159 2048 quod
1188 1979 1329 2035 inter
1366 1981 1498 2036 duas
1528 1982 1779 2038 mulieres
1803 1985 1871 2041 de
1976 1990 2131 2050 nunt,
2160 1983 2407 2053 gentibus
2438 1985 2746 2053 traduntur,
2781 1986 3157 2059 subiugantur,
3191 1990 3518 2049 intercidunt
3549 2010 3565 2048 :

273 2076 381 2117 uno
411 2064 617 2121 infante
654 2068 922 2137 litigantes
965 2070 1167 2142 intulit,
1210 2073 1575 2142 comprobavit
1603 2074 1766 2145 (Ibid.
1806 2076 1869 2129 16
1974 2072 2148 2130 donec
2171 2073 2287 2146 ipse
2312 2075 2592 2145 Dominus,
2628 2078 3051 2147 patriarcharum
3079 2083 3570 2156 prophetarumquo

273 2165 322 2212 et
345 2160 499 2229 seq.).
534 2160 631 2217 llic
661 2161 915 2219 Salomon
946 2164 1229 2222 aedificavit
1250 2167 1503 2236 templum
1533 2168 1733 2224 nomini
1760 2169 1867 2224 Do.
1973 2170 2193 2226 vocibus
2218 2173 2595 2240 repromissus,
2633 2171 2863 2243 Virginis
2892 2171 3072 2239 Maria:
3101 2186 3254 2231 utero
3276 2191 3371 2245 per
3397 2176 3568 2249 Spiri-

272 2250 418 2304 mini.
443 2252 577 2307 miro
620 2268 807 2324 opere,
846 2256 1073 2313 multum
1122 2257 1195 2313 ibi
1228 2259 1342 2314 auri
1382 2261 1713 2331 argentique,
1744 2261 1868 2318 teris
1972 2271 2083 2317 tum
2112 2274 2354 2319 sanctum
2406 2264 2625 2335 illapsus
2663 2265 2729 2320 ad
2771 2265 3197 2337 redemptionem
3228 2270 3408 2338 nasci,
3454 2277 3567 2326 tam

270 2353 336 2397 ac
366 2340 493 2398 l'erri
525 2344 795 2417 ingerens,
823 2348 896 2402 ita
927 2358 982 2403 ut
1011 2348 1281 2405 diceretur
1301 2365 1330 2406 a
1360 2351 1702 2422 quibusdam,
1731 2370 1867 2410 nun-

271 2449 429 2505 quam
458 2437 634 2494 simile
665 2439 718 2494 in
756 2442 957 2498 mundo
977 2442 1145 2499 fuisse
1171 2444 1456 2501 aedilicium
1488 2443 1825 2504 fabricatum.

342 2528 424 2584 Ab
448 2544 665 2599 egressu
695 2547 824 2605 ergo
863 2534 1090 2591 ﬁliorum
1126 2536 1287 2593 Israel
1330 2553 1397 2594 ex
1429 2538 1663 2611 .IEgypto
1694 2556 1865 2612 usque

268 2621 337 2677 ad
392 2624 799 2683 mdilicationem
849 2630 1071 2701 templi,
1124 2632 1214 2703 qui
1257 2631 1359 2687 fuit
1402 2648 1573 2690 annus
1603 2637 1864 2706 septimus

268 2714 418 2783 regni
438 2715 764 2785 Salomonis,
789 2719 1130 2778 inveniuntur
1150 2724 1277 2779 anni
1300 2724 1468 2795 4801’,
1494 2726 1633 2783 sicut
1657 2727 1861 2800 Regum

266 2812 497 2861 teSIatur
528 2807 770 2865 historia.

339 2897 481 2955 XIV.
525 2900 654 2958 Post
691 2913 915 2962 mortem
940 2916 1116 2963 autem
1142 2908 1476 2979 Salomonis,
1517 2911 1746 2969 divisum
1776 2923 1861 2972 est

266 3004 362 3061 per
386 2992 637 3050 duritiam
666 2996 865 3054 Roboaa
894 3015 1117 3071 regnum
1151 3002 1205 3057 in
1235 3002 1368 3059 duas
1399 3013 1595 3074 partes.
1622 3005 1859 3063 Restite-

268 3095 391 3140 runt
420 3085 541 3143 dna:
585 3090 752 3146 tribus
779 3092 847 3147 ad
888 3092 1151 3162 Roboam,
1181 3096 1323 3166 quod
1345 3097 1483 3153 Juda
1512 3099 1809 3168 appellatur
1841 3117 1856 3155 :

267 3175 334 3229 ad
364 3176 648 3236 Jeroboam
679 3194 857 3240 autem
891 3185 1078 3242 decem
1121 3187 1311 3257 tribus,
1340 3191 1479 3260 quod
1511 3190 1673 3246 Israel
1703 3207 1860 3248 voca-

1969 2353 2110 2411 illius
2139 2354 2337 2425 gentis,
2369 2371 2527 2425 quam
2559 2356 2798 2411 omnium
2822 2360 3059 2429 gentium
3085 2358 3418 2430 dignaretur.

2041 2451 2084 2505 A
2118 2449 2584 2520 transmigratione
2613 2466 2741 2521 ergo
2767 2464 2935 2520 usque
2962 2452 3031 2507 ad
3056 2453 3383 2509 nativitatem
3409 2453 3565 2511 Chri-

1966 2540 2037 2595 sti
2085 2541 2459 2610 generationes
2506 2541 2907 2611 quatnnrdecim
2942 2559 2956 2597 :
2992 2542 3044 2598 id
3077 2553 3191 2611 est,
3239 2544 3562 2616 Jechonias,

1967 2632 2248 2699 Salatltiel,
2283 2632 2608 2701 Zorobabel,
2634 2633 2831 2700 Abiud,
2860 2633 3145 2703 Eliachim,
3173 2638 3338 2706 Azor,
3364 2638 3561 2707 Sadoc,

1966 2724 2156 2781 Achim
2174 2734 2220 2792 θ,
2256 2724 2412 2780 Eliud
2435 2766 2449 2791 ,
2485 2724 2726 2791 Eleazar,
2758 2723 2969 2781 Matban
2992 2768 3007 2792 ,
3035 2725 3221 2795 Jacob,
3253 2727 3451 2800 Ioseph
3482 2728 3563 2786 vir

1966 2816 2169 2885 Mariae,
2196 2816 2265 2872 de
2291 2832 2395 2887 qua
2430 2816 2684 2872 Dominus
2713 2826 2897 2873 noster
2923 2817 3080 2873 Jesus
3106 2817 3354 2874 Christus
3386 2821 3561 2878 nasci-

1966 2916 2051 2965 tur
2083 2927 2097 2962 :
2130 2908 2221 2979 qui
2248 2908 2472 2978 Joseph,
2505 2917 2727 2979 quartus
2754 2908 2995 2965 decimus
3014 2910 3416 2980 computatur‘.

2036 3000 2175 3057 XVI.
2208 3002 2349 3072 Ergo
2376 3018 2441 3057 ne
2465 3001 2740 3057 videamur
2764 3004 2920 3058 unius
2938 3011 3145 3058 tantum
3164 3003 3404 3059 Hebraea:
3427 3020 3561 3076 gen-

1965 3094 2033 3150 tis
2052 3094 2247 3149 habere
2263 3094 2530 3161 notitiam,
2551 3093 2751 3164 reliqua
2775 3110 3117 3165 regna,qute,
3140 3095 3221 3150 vel
3242 3096 3384 3166 quali
3399 3096 3558 3153 Israe-

1965 3186 2178 3244 litarum
2209 3186 2407 3242 fuerint
2439 3197 2698 3256 tempore,
2742 3201 3123 3244 memoramus.
3162 3189 3264 3260 17
3294 3189 3561 3259 Tempore

269 3262 444 3322 batur.
495 3269 741 3328 Posthac
789 3273 950 3346 igitur
978 3277 1045 3332 ad
1094 3277 1450 3336 idololatriam
1490 3281 1859 3353 declinantes,
1889 3284 1936 3348 C
1968 3283 2197 3340 Abrahae
2240 3282 2411 3338 Ninus
2442 3282 2700 3353 regnabat
2739 3297 2899 3352 super
2930 3281 3216 3353 Assyrios;
3262 3282 3559 3352 Sicyoniis,

267 3375 368 3417 nec
395 3365 775 3435 prophetarum
806 3373 1080 3441 vaticinia,
1115 3390 1215 3431 nec
1248 3391 1434 3433 eorum
1459 3378 1728 3447 interitus,
1760 3397 1861 3438 nec

266 3456 450 3515 clades
477 3462 681 3530 patriar,
717 3479 815 3520 nec
844 3466 1080 3536 ipsorunt
1110 3470 1273 3526 etiam
1307 3483 1490 3541 regum
1520 3488 1613 3528 eos
1641 3447 1859 3531 excidia

269 3550 622 3620 dumtterunt;
651 3556 823 3614 donec
850 3559 1018 3617 iratus
1047 3573 1233 3617 contra
1260 3577 1353 3619 eos
1386 3563 1641 3619 Dominus
1669 3564 1863 3623 excita-

267 3645 343 3700 vit
389 3646 905 3720 Nabuchodonosor,
957 3654 1043 3724 qui
1094 3668 1189 3710 eos
1238 3655 1293 3710 in
1342 3655 1691 3728 Babyloniam
1740 3673 1860 3715 cum

270 3737 735 3811 omnibustempli
775 3747 1106 3801 ornamentis
1135 3747 1374 3817 captivos
1400 3748 1654 3804 abduxit:
1680 3750 1733 3804 in
1758 3766 1862 3821 qua

265 3832 576 3901 captivitate
605 3845 660 3889 et
691 3835 874 3891 Daniel
905 3839 1170 3908 propheta
1194 3839 1425 3897 eximius
1452 3840 1592 3898 inter
1621 3843 1863 3898 esurien—

265 3931 347 3979 tes
378 3924 561 3981 lennes
590 3925 818 3996 illtesus,
852 3938 905 3984 et
934 3938 1041 3987 tres
1071 3932 1224 4001 pueri
1252 3931 1306 3987 in
1335 3933 1514 3989 medio
1541 3934 1738 4003 ignium
1768 3949 1860 3991 ro-

265 4016 485 4085 rulenti,
517 4018 698 4077 abiere
727 4021 942 4091 captivi.
979 4022 1035 4077 In
1062 4023 1163 4079 hac
1184 4025 1494 4094 captivitate
1524 4034 1580 4081 et
1612 4025 1863 4083 Ezechiel

264 4113 626 4182 prophetavit,
657 4125 714 4173 et
745 4116 941 4172 Esdras
971 4117 1228 4187 pr0pheta
1260 4127 1415 4174 natus
1445 4128 1548 4175 est.

337 4205 383 4260 A
430 4206 594 4262 David
642 4217 822 4264 autem
866 4224 1035 4280 usque
1072 4209 1138 4263 ad
1166 4209 1553 4265 desolationem
1580 4209 1783 4280 templi,
1810 4218 1863 4268 et

266 4300 788 4369 transmigrationem
822 4302 873 4354 in
918 4300 1264 4371 Babyloniam
1310 4300 1683 4371 generationes
1726 4315 1863 4371 qua-

266 4391 561 4447 tuordecim
594 4409 606 4444 :
645 4392 747 4463 ιθ
775 4393 823 4446 id
857 4401 972 4458 est,
1009 4391 1207 4460 David,
1263 4393 1516 4449 Salomon
1537 4433 1553 4460 ,
1585 4391 1823 4448 Roboam
1846 4434 1863 4460 ,

267 4484 421 4551 Abia,
458 4487 584 4548 Asa,
613 4484 890 4554 .losaphat,
914 4484 1119 4553 Joram,
1153 4484 1332 4551 Ozias,
1360 4485 1632 4552 Joatham,
1660 4485 1861 4553 Achaz,

267 4576 544 4641 Ezechias,
578 4575 878 4644 Manasses,
912 4577 1111 4644 Amon,
1138 4576 1331 4632 Josias.
1366 4576 1422 4632 In
1455 4577 1541 4633 his
1567 4591 1865 4663 ergo'q’ua-

1963 3375 2206 3444 Europs;
2260 3374 2400 3444 apud
2443 3372 2727 3444 Egyptios
2772 3380 2953 3428 autem
2984 3383 3139 3428 sexta
3189 3372 3397 3428 decima
3443 3382 3562 3431 erat

1964 3473 2219 3537 potestas,
2251 3479 2409 3535 quam
2441 3477 2535 3518 sua
2562 3462 2745 3533 lingua
2775 3463 3060 3535 dynastian
3087 3463 3368 3520 vocabant.
3394 3464 3562 3520 Tem-

1963 3573 2093 3627 pore
2111 3557 2303 3628 Moysi,
2320 3555 2459 3626 apud
2482 3555 2707 3624 Argivos
2725 3554 2984 3624 regnabat
3004 3553 3264 3623 septimus
3282 3553 3486 3622 Tropas
3499 3561 3560 3612 ει

1964 3649 2018 3705 in
2051 3649 2227 3704 Attica
2256 3647 2489 3717 Cecrops
2515 3645 2752 3716 primus;
2783 3646 2921 3715 apud
2963 3643 3269 3715 Egyptios,
3300 3643 3560 3700 Cenchris
3624 3638 3625 3641 “

1964 3740 2335 3806 duodecimus,
2366 3739 2455 3808 qui
2486 3748 2539 3793 et
2569 3738 2621 3792 in
2649 3738 2787 3791 mari
2816 3737 3044 3791 obrutus
3063 3748 3144 3791 est
3168 3733 3387 3801 Rubro;
3416 3732 3560 3806 apud

1966 3833 2250 3904 Assyrios,
2282 3839 2465 3886 sextus
2494 3830 2736 3885 decimus
2774 3828 3063 3899 Agatadis:
3093 3827 3235 3897 apud
3276 3826 3562 3899 Sicyonios

1966 3922 2206 3979 Maratis.
2233 3922 2500 3992 Tempore
2529 3935 2660 3976 vero
2689 3918 3017 3987 Salomonis,
3052 3917 3268 3988 quando
3300 3918 3560 3988 regnabat

1965 4030 2127 4087 super
2153 4014 2336 4080 Israel,
2368 4013 2510 4083 apud
2541 4011 2763 4067 Latinos
2790 4010 3007 4079 quintus
3032 4011 3289 4079 regnabat
3315 4009 3516 4066 Silvius
3540 4024 3561 4077 ;

1967 4104 2410 4174 Lacedaemoniis,
2437 4103 2627 4158 Festus
2646 4100 2705 4169 Il;
2729 4099 3040 4165 Corinthiis,
3058 4098 3329 4157 secundus
3353 4100 3561 4170 Oxion;

1967 4198 2376 4269 IEgyptiorum,
2407 4192 2711 4264 Thepheil.
2753 4192 3062 4249 Centesimo
3109 4192 3365 4250 vicesimo
3408 4202 3564 4250 sexto

1967 4292 2140 4350 annoi
2178 4306 2341 4362 super
2361 4290 2635 4362 Assyrios,
2663 4288 2968 4361 Eutropeg;
2996 4284 3438 4355 Atheniensibus,
3468 4302 3563 4344 se-

1967 4386 2178 4443 cundus
2205 4379 2517 4455 Agasas'ttts.
2552 4381 2818 4451 Tempore
2842 4394 2947 4450 quo
2978 4382 3149 4434 Amon
3188 4380 3445 4449 regnabat
3466 4394 3561 4435 su-

1968 4492 2067 4547 per
2094 4477 2355 4542 Iudaeam,
2382 4474 2598 4546 quando
2626 4471 2910 4542 captivitas
2939 4471 2994 4527 in
3027 4468 3591 4563 Babyloniam’abiit,'

1971 4568 2297 4625 Macedoniis
2322 4576 2549 4638 praeerat
2569 4565 2807 4637 Argeus;
2836 4562 3335 4640 I.ydorum,,}.Gyges
3352 4580 3366 4630 ;
3386 4562 3563 4637 Egy-

268 4665 564 4720 tuordecim
592 4642 1054 4737 generationibus,
1089 4642 1213 4721 anni
1262 4667 1606 4723 inveniuntur
1630 4642 1859 4722 Baitero
1887 4678 1942 4739 ι)
1970 4664 2226 4743 ριίρτυῳ.
2256 4642 2475 4728 Ἳῖδθεή
2517 4652 2658 4730 illud
2698 4658 3103 4729 Baby1oniamr'
3127 4652 3564 4713 Νθδυειιοδδηο⁶

266 4755 366 4813 561
391 4767 438 4810 ο.
472 4757 546 4811 De
575 4758 673 4812 hac
694 4771 821 4812 vero
845 4758 1155 4829 captivitate
1184 4773 1278 4829 per
1298 4760 1598 4817 Zorobabel
1630 4760 1864 4815 liberan-

270 4860 357 4905 tur
380 4865 396 4903 :
422 4849 513 4919 qui
532 4858 718 4918 postea
748 4857 802 4904 et
830 4849 1084 4919 templum
1107 4831 1461 4907 elucivitatem
1483 4848 1736 4912 restituit.
1759 4849 1865 4907 Sed

266 4939 387 4994 haec
415 4940 697 5009 captivitas
726 4949 908 5012 typum
940 4940 1085 4997 illius
1124 4942 1469 5012 captivitatis,
1501 4950 1561 4998 ut
1591 4951 1738 5012 puto,
1769 4956 1865 5012 ge-

265 5033 361 5099 rit,
396 5035 448 5088 in
475 5048 575 5105 qua
604 5035 781 5091 anima
811 5034 1081 5105 peccatrix
1113 5036 1418 5107 abducitur,
1446 5050 1608 5108 quam
1632 5037 1734 5094 nisi
1756 5036 1861 5094 Ζο-

343 5224 370 5287 ξι
411 5214 650 5287 Latinius
672 5215 871 5287 mavult
901 5214 1078 5286 legere
1095 5224 1318 5287 gratum.

346 5284 373 5323 δ
411 5286 545 5376 Qud.
576 5287 764 5356 Corb.,
792 5286 919 5376 289,
951 5284 1049 5343 sed
1077 5284 1355 5355 mendose,
1388 5294 1446 5342 ut
1489 5294 1635 5357 patet
1661 5300 1729 5343 ex
1756 5284 1867 5343 Re-

269 5373 398 5429 gum
434 5358 672 5425 librum,
709 5375 825 5428 cap.
858 5358 912 5414 6.

352 5438 374 5467 ε
414 5429 504 5484 Sic
550 5429 708 5484 codd.
759 5444 890 5485 mss.
936 5444 1056 5484 cum
1092 5427 1221 5485 edit.
1269 5427 1538 5497 Badiana;
1585 5426 1704 5499 alite
1743 5443 1866 5487 cum

270 5499 396 5571 Bec.
433 5500 633 5556 habent
659 5500 787 5556 540.
818 5501 949 5556 Cod.
986 5501 1169 5571 Corb.,
1202 5499 1328 5559 590.

343 5567 371 5606 ἀ
412 5571 501 5626 Sic
522 5572 645 5626 cod.
678 5572 861 5637 Corb.,
894 5573 983 5627 alii
1014 5573 1103 5628 70.

345 5650 370 5679 ο
413 5642 554 5698 Idem
580 5643 759 5708 habet,
786 5644 1041 5699 Joarhim.

349 5709 366 5750 ί
390 5712 511 5769 'Ilic
541 5716 877 5769 solummodo
906 5716 1144 5772 decimus
1177 5719 1363 5775 tertius
1386 5724 1720 5781 recensetur,
1756 5714 1860 5771 nisi

266 5783 471 5858 duplex.
496 5784 782 5858 Jechonias
809 5786 1135 5858 admittatur,
1176 5800 1327 5858 pater
1357 5792 1560 5847 scilicet
1601 5798 1653 5843 et
1684 5789 1857 5852 ﬁlius,

267 5856 363 5937 qui
402 5854 564 5916 etiam
594 5855 837 5914 Joacltim
877 5855 1003 5911 dicti
1031 5854 1190 5928 sunt,
1217 5872 1273 5917 ut
1316 5864 1605 5921 observant
1633 5861 1891 5918 Ambro-.

680 5973 973 6061 Panos.
1001 5964 1253 6061 LXXI;

1350 6049 1411 6073 μιν
1444 6042 1638 6077 7.1.2..--
1710 6066 1755 6077 ν..
1790 6070 1799 6077 .

1972 4767 2081 4819 sor,
2115 4754 2208 4825 qui
2238 4767 2334 4809 eos
2362 4744 2616 4822 captivos
2644 4749 2903 4817 abduxit;
2947 4749 3306 4803 Romanorum
3327 4790 3342 4819 ,
3381 4758 3565 4806 sextus

1973 4843 2195 4905 Se’rvius
2224 4841 2511 4901 Tullusk.‘
2660 4832 2676 4843 ”
2782 4836 2787 4846 “

2047 4938 2205 4995 XVII.
2243 4912 2377 4992 ’ost
2402 4936 2521 5005 hos,
2545 4933 2928 5012 imperatqres:
2963 4930 3205 5001 primus,
3234 4929 3409 4987 Julius
3436 4931 3561 4986 Ca:-

1972 5050 2061 5094 sar
2082 5034 2201 5105 fuit,
2226 5031 2320 5104 qui
2343 5030 2505 5086 totius
2531 5026 2746 5099 imperii
2772 5024 3010 5083 obtinuit
3027 5024 3398 5082 monarchiam
3425 5039 3441 5091 ;
3473 5036 3565 5080 εει-

1972 5219 2108 5285 slus,
2137 5213 2465 5286 Augustinus
2480 5212 2887 5286 ,_Iiieronymus
2915 5218 2966 5266 et
2994 5209 3084 5265 alii
3105 5214 3307 5278 patres.

2048 5284 2248 5361 aged.
2267 5286 2461 5361 ροώ..
2485 5284 2743 5361 Trophas.
3180 5347 3242 5361 η,

2049 5357 2080 5398 ιι
2116 5358 2247 5415 Cod.
2265 5345 2480 5430 Regml,
2512 5345 2967 5430 Sis'tus;_aliicum
2988 5350 3143 5415 edit.,
3170 5347 3370 5405 Fistus.
3392 5345 3559 5411 (τοτε).

1974 5427 2503 5505 Ιθεμιίρηειῃοώιθτίξ
2527 5427 2946 5505 praetulimus.___
2994 5493 3062 5505 ,η
3111 5493 3125 5505 ⁸
3170 5492 3183 5505 _

2052 5502 2070 5541 ί
2115 5503 2204 5558 Sic
2230 5502 2373 5557 idem
2402 5493 2746 5561 cod.'Corb.;
2778 5505 2834 5550 at
2858 5494 2967 5560 alii,
2994 5493 3202 5549 Thebes'.

2048 5575 2064 5625 l
2112 5575 2275 5630 Corb.
2302 5573 2492 5635 habet,
2522 5568 2794 5625 centesimo
2825 5567 3068 5639 vigesimo
3088 5582 3243 5623 anno.
3268 5563 3368 5622 Ed.
3398 5566 3557 5636 Bad.,

1970 5655 2340 5717 septuagesimo
2370 5655 2512 5698 sexto
2549 5656 2705 5696 anno.
3493 5710 3505 5724 .

2044 5718 2069 5757 ι
2108 5719 2255 5772 Codd
2315 5729 2469 5779 mss.,
2524 5714 2710 5783 Corb.,
2752 5710 2910 5783 Reg.,
2941 5711 3066 5771 Bec.
3095 5718 3150 5769 et
3176 5710 3367 5783 Regm.
3395 5718 3561 5766 omit-

1974 5800 2090 5848 tunt
2120 5790 2254 5845 hanc
2276 5800 2462 5841 vocem
2494 5782 2697 5855 Tullus.

2097 5962 2141 5981 ,λζ
2376 5950 2392 5979 ‘3
2544 5952 2605 5981 ιξιὶ
2635 5959 2783 5981 ..νμκιπ
2814 5968 2879 5979 κη..

2042 5962 2167 5995 HVJ-
2386 5962 2390 5979 ;
2546 5962 2605 5981 ηιι
2635 5962 2783 5993 σενι-κη
2814 5968 2879 5979 ,ην
3186 5962 3232 6027 6

2108 6032 2113 6045 ε
