4028 6342
298 339 410 404 173

1273 341 1597 404 HISTORIA
1637 343 2082 408 FR-ANGORUM.
2124 350 2328 410 LIBER
2367 347 2634 416 PRIMUS.

3472 370 3584 435 174

306 458 616 518 recensuit:
647 457 790 530 quod
815 466 1174 516 senatuscum
1207 461 1284 517 ira
1304 464 1524 534 reapuit,
1559 465 1669 537 20
1697 478 1792 534 pro
1814 479 1878 520 eo
1911 466 1955 524 A
1986 469 2155 522 sulam
2190 470 2444 528 Pathmos
2475 475 2676 544 relegat
2708 476 2759 532 in
2790 477 3059 545 exsilium,
3098 489 3151 538 et
3179 483 3418 543 diversas
3449 505 3578 546 cru.

292 553 438 622 quod
484 567 590 607 non
619 553 686 606 ad
715 567 837 608 eum
889 553 1136 622 primitus
1165 554 1494 612 advenisset.
1530 557 1665 612 Hinc
1686 558 1882 612 etenim

290 659 483 706 contra
528 647 862 704 Christianos
899 648 1068 716 prima
1109 646 1354 702 odiorum
1386 646 1627 719 germina
1654 648 1886 719 pullula-

291 751 444 798 runt.
476 742 678 798 Pilatus
704 748 896 796 autem.
929 753 1035 795 non
1086 753 1406 809 permanens
1435 740 1746 811 impunitus,
1791 754 1886 808 tiro

289 853 405 892 suae
456 835 672 890 malitia:
701 832 930 897 scelere,
963 831 1066 887 hoc
1104 839 1190 886 est
1218 846 1313 900 pro
1339 846 1471 887 nece
1497 847 1652 900 quam
1684 831 1736 885 in
1781 831 1880 885 Do-

288 929 498 984 minum
531 934 770 982 nostrum
820 924 1001 980 Jesum
1045 923 1316 979 Christum
1347 923 1619 988 exercuit,
1653 924 1883 994 propriis

284 1037 350 1078 se
398 1021 643 1075 manibus
680 1018 950 1074 interfecit
1006 1026 1064 1084 ﬂ;
1123 1032 1280 1087 quem
1337 1016 1684 1071 Manicbzeum
1719 1017 1882 1073 fuisse

285 1117 444 1172 multi
481 1121 684 1184 putant,
717 1111 1012 1168 secundum
1053 1110 1182 1166 illud
1224 1111 1364 1180 quod
1396 1111 1450 1166 in
1481 1110 1773 1181 Evangelio
1803 1113 1880 1166 le-

284 1208 462 1276 gitur:
506 1204 772 1259 Venerunt
802 1201 1014 1273 quidam
1055 1202 1119 1256 de
1159 1201 1424 1267 Galilteis,
1460 1204 1768 1272 nuntiantes.
1786 1203 1835 1256 ei
1859 1243 1876 1270 ,

285 1313 500 1366 quorum
531 1295 834 1366 sanguinem
875 1295 1077 1348 miscuit
1107 1292 1312 1350 Pilatus
1333 1309 1449 1348 cum
1488 1294 1760 1365 sacriﬁciis
1791 1311 1875 1351 eo-

284 1407 404 1445 rum
435 1389 589 1463 (Luc.
615 1405 732 1456 xut,
762 1389 837 1460 l).

253 1470 276 1556 ί
355 1486 448 1542 Sic
471 1495 528 1541 et
556 1485 794 1540 Herodes
822 1499 915 1541 rex
935 1525 953 1552 ,
984 1483 1112 1540 dum
1144 1482 1198 1538 in
1226 1482 1496 1554 apostolos
1528 1483 1740 1538 Domini
1776 1497 1877 1538 sa:-

281 1580 381 1645 vit,
406 1593 690 1649 percussus
714 1577 973 1632 divinitus
1000 1577 1070 1632 ob
1093 1585 1239 1632 tanta
1266 1576 1490 1643 scelera,
1515 1577 1874 1632 intumescens

281 1686 346 1727 ac
372 1679 586 1727 scatens
612 1670 903 1735 vermibus,
935 1678 1156 1738 accepto
1205 1668 1379 1723 cultro
1422 1677 1480 1724 ut
1521 1669 1716 1722 malum
1747 1682 1874 1738 pur-

281 1773 454 1834 garet,
482 1764 716 1834 propria:
748 1764 800 1817 in
829 1777 889 1817 se
914 1775 1104 1817 ntanus
1130 1762 1294 1816 ictum
1326 1761 1542 1815 libravit
1572 1759 1622 1814 δ.

1991 560 2240 616 delitates
2266 565 2317 618 in
2344 569 2567 635 populos
2597 569 2781 639 agitat.
2818 571 2944 627 Post
2974 575 3124 642 cujus
3151 591 3399 647 mortem,
3447 585 3572 642 ben-

1989 663 2072 711 tus
2100 655 2334 713 Joannes
2362 663 2634 730 apostolus
2681 672 2736 720 et
2783 667 3108 737 evangelista
3154 671 3222 726 de
3259 676 3449 730 exsilio
3478 694 3570 732 re-

1987 747 2132 804 diit:
2180 752 2267 820 qui
2322 747 2488 807 Senex
2529 765 2582 809 et
2613 757 2802 824 plenus
2840 757 3070 826 dierum,
3112 764 3465 838 perfectaeque
3514 771 3568 826 in

1989 842 2155 898 Deum
2186 844 2330 912 vitae,
2361 846 2547 902 vivens
2575 864 2632 904 se
2661 851 2907 920 deposuit
2938 854 2992 909 in
3033 858 3295 924 sepulcro.
3333 860 3430 915 Hic
3462 864 3569 918 fer-

1987 943 2071 990 tur
2116 944 2140 974 °
2173 952 2277 991 nou
2322 951 2542 1008 gusmre
2591 955 2837 1008 mortem,
2887 946 3061 1001 donec
3088 948 3280 1005 iterato
3310 951 3569 1011 Dominus

1978 1025 2310 1097 iudicaturus
2344 1031 2615 1098 adveniat,
2639 1032 2755 1100 ipso
2786 1036 2836 1090 in
2870 1038 3175 1113 Evangehis
3202 1044 3271 1100 ita
3299 1047 3510 1104 dicente
3544 1066 3560 1105 :

1985 1118 2075 1174 Sic
2095 1136 2206 1174 eum
2229 1123 2341 1176 volo
2373 1141 2576 1177 manere
2601 1126 2761 1180 donec
2793 1132 2988 1185 veniam
3019 1133 3035 1171 ί
3075 1135 3254 1203 (Joau.
3305 1156 3415 1204 xm,
3446 1143 3562 1215 21).

2056 1212 2220 1268 XXV.
2265 1215 2481 1272 Tertius
2515 1229 2636 1288 post
2683 1220 2970 1290 Neronem,
3028 1231 3458 1295 persecutionem
3511 1212 3566 1291 in

1981 1302 2314 1362 Christianos
2343 1309 2603 1380 Traianus
2646 1323 2867 1370 movet:
2911 1316 3012 1371 sub
3051 1334 3156 1390 quo
3208 1305 3396 1380 beatus
3444 1327 3568 1385 Cde-

1979 1414 2158 1466 mens,
2191 1402 2376 1457 tertius
2408 1402 2664 1461 Romanae
2696 1409 2950 1466 Ecclesia:
2978 1411 3258 1484 episcopus
3281 1425 3339 1487 ε,
3375 1434 3564 1487 passus

1977 1500 2096 1558 est;
2127 1500 2182 1546 et
2209 1503 2424 1550 sanctus
2467 1497 2682 1552 Simeon
2713 1498 3224 1572 llierosolymitanus
3254 1509 3561 1580 episc0pus,

1975 1583 2227 1655 Cleopha:
2252 1588 2412 1654 filius,
2438 1606 2533 1660 pro
2560 1591 2755 1648 Christi
2784 1596 3004 1652 nomine
3049 1600 3338 1656 crucifixus
3369 1606 3566 1660 asseri-

1979 1687 2097 1745 tur;
2151 1689 2206 1734 et
2261 1682 2494 1750 lgnatius
2534 1684 2918 1742 Antiochensis
2978 1690 3282 1761 episcopus,
3341 1693 3566 1753 Romam

1975 1769 2167 1826 ductus
2204 1771 2393 1828 bestiis
2424 1774 2734 1845 deputatur.
2767 1779 2895 1837 Haec
2922 1781 3022 1837 sub
3052 1782 3267 1855 Trajaui
3315 1789 3566 1858 tempori-

358 1855 548 1912 XXIV.
591 1856 784 1911 Beatus
835 1855 1028 1911 Petrus
1078 1853 1353 1924 apostolus
1400 1852 1501 1908 sub
1546 1853 1874 1923 imperatore
1907 1861 1952 1922 Β
1982 1858 2080 1915 bus
2114 1874 2232 1917 aeta
2259 1873 2400 1920 sunt.
2464 1929 2468 1932 ,

280 1949 536 2013 Claudio,
589 1956 784 2018 quarto
835 1947 904 2001 ab
967 1949 1246 2016 Augusto,
1281 1945 1504 2001 Romam
1547 1945 1874 2015 aggreditur,

279 2040 459 2112 ibique
490 2039 792 2112 prxdicans
817 2079 834 2106 ,
864 2037 1045 2094 multis
1099 2037 1387 2093 virtutibus
1439 2036 1876 2094 manifestissime

278 2133 552 2188 Christum
576 2147 696 2188 esse
729 2133 820 2187 Dei
847 2132 1038 2188 Filium
1067 2130 1457 2200 comprobavit.
1489 2130 1573 2185 Ab
1601 2130 1704 2186 illis
1728 2131 1872 2186 enim

277 2228 466 2282 diebus
498 2227 786 2284 Christiani
812 2225 951 2295 apud
993 2225 1265 2281 civitatem
1300 2224 1593 2280 Romanam
1621 2240 1739 2282 esse
1761 2239 1873 2282 cat-

276 2327 491 2388 peruut.
526 2320 656 2373 Cum
705 2326 884 2374 autem
916 2332 1114 2371 nomen
1144 2315 1344 2372 Christi
1378 2330 1474 2385 per
1503 2317 1727 2386 populos
1758 2330 1873 2370 ma-

275 2410 355 2481 gis
401 2425 466 2465 ac
494 2413 662 2481 magis
700 2410 1047 2474 dilataretur,
1071 2408 1252 2470 oritur
1281 2415 1469 2463 contra
1501 2408 1615 2464 haec
1652 2408 1860 2478 antiqui

282 2503 551 2572 serpentis
582 2503 779 2557 invidia
806 2543 820 2567 ,
853 2510 908 2557 et
933 2507 1060 2556 totis
1083 2515 1141 2556 se
1169 2501 1511 2570 imperatoris
1554 2498 1868 2570 praeordiis

273 2595 514 2651 immittit
543 2609 686 2650 satva
718 2595 1041 2665 malignitas.
1064 2593 1196 2648 Nam
1227 2592 1369 2648 Nero
1397 2592 1489 2646 ille
1512 2591 1822 2650 luxuriosus
1846 2633 1866 2660 ,

272 2702 445 2743 vanus
474 2697 639 2758 atque
680 2688 968 2759 superbus,
1002 2689 1242 2743 virorum
1294 2687 1552 2756 succuba,
1582 2696 1636 2742 et
1678 2702 1866 2749 rursus

273 2782 518 2836 virorum
545 2779 834 2850 appetitor,
867 2782 1083 2846 matris,
1128 2795 1374 2836 sororum
1405 2796 1470 2836 ac
1499 2781 1862 2850 proximarum

269 2887 608 2943 quarumque
639 2872 920 2926 mulierum
943 2873 1326 2943 spurcissimus
1348 2873 1594 2938 violator,
1626 2872 1693 2925 ad
1714 2887 1862 2927 com-

271 2963 524 3034 plendam
556 2963 772 3018 malitia:
805 2979 917 3020 suae
949 2965 1144 3020 molem
1167 3005 1180 3030 ,
1209 2966 1415 3034 primus
1444 2975 1630 3018 contra
1665 2962 1858 3019 Christi

271 3057 479 3111 cultum
505 3058 935 3125 persecutionem
961 3059 1167 3111 excitat
1198 3057 1248 3110 in
1282 3055 1582 3111 credentes.
1617 3055 1860 3112 Habebat

271 3152 408 3205 cnim
431 3165 617 3206 secum
648 3150 923 3206 Simonem
951 3152 1182 3221 Magum,
1216 3150 1387 3206 virum
1421 3150 1581 3205 totius
1612 3150 1853 3218 malitiae,

2050 1953 2249 2010 XXVI.
2315 1957 2443 2012 Post
2489 1955 2518 1996 ιι
2549 1957 2693 2016 hunc
2741 1961 2922 2020 jElius
2963 1964 3232 2023 Adrianus
3273 1969 3566 2040 imperator

1977 2055 2188 2103 creatus
2215 2055 2318 2104 est.
2377 2050 2525 2107 Unde
2575 2063 2629 2108 et
2675 2053 3045 2129 Hierosolyma
3097 2059 3239 2114 {Elia
3296 2062 3364 2116 ab
3415 2063 3561 2120 Aﬂlio

1976 2138 2212 2195 Adriano
2243 2153 2483 2209 vocatur,
2511 2159 2827 2203 successore
2853 2149 3162 2220 Domitiani,
3190 2169 3254 2208 co
3281 2155 3424 2225 quod
3443 2171 3565 2219 eam

1976 2235 2330 2298 reparaverit.
2360 2233 2489 2290 Post
2527 2234 2624 2290 has
2645 2253 2769 2292 vero
2801 2241 3075 2309 passiones
3097 2254 3421 2316 sanctorum,
3457 2264 3561 2304 nou

1975 2319 2072 2376 fuit
2094 2327 2224 2377 satis
2247 2327 2382 2393 parti
2411 2327 2475 2381 ad
2487 2343 2649 2382 versae
2671 2339 2856 2400 gentes
2880 2333 3181 2390 incredulas
3198 2348 3381 2392 contra
3399 2340 3556 2396 Chri-

1972 2424 2187 2480 sticolas
2206 2428 2491 2495 excitasse,
2513 2429 2612 2485 nisi
2635 2441 3065 2488 commoveretet
3083 2434 3134 2488 in
3162 2435 3290 2504 ipsis
3307 2434 3540 2495 Cbristia

1974 2516 2057 2570 nis
2085 2519 2396 2575 schismata.
2429 2520 2676 2578 Concitat
2708 2522 2964 2593 haereses,
3009 2535 3064 2582 et
3090 2508 3256 2582 divisa
3297 2529 3428 2585 fides
3468 2547 3558 2587 ca-

1971 2608 2167 2664 tholica
2187 2612 2339 2667 aliter
2366 2612 2628 2685 aliterque
2648 2616 2955 2673 disseritur.
2996 2618 3124 2673 Nam
3158 2621 3260 2677 sub
3296 2624 3555 2680 Antonini

1970 2707 2074 2775 22
2107 2705 2332 2777 imperio
2381 2709 2766 2766 Marcionitana
2807 2722 2862 2768 et
2924 2713 3288 2770 Valentiniana
3336 2716 3559 2773 haeresis

1967 2796 2154 2852 insana
2203 2801 2441 2857 surrexit
2478 2801 2539 2857 i’:
2599 2812 2655 2860 et
2707 2805 2950 2863 Justinus
3005 2809 3381 2879 Philosophus,
3438 2818 3560 2882 post

1965 2891 2197 2959 scriptos
2275 2897 2555 2951 catholicae
2607 2899 2862 2954 Ecclesia:
2916 2901 3100 2968 libros,
3147 2904 3403 2975 martyrio
3460 2918 3558 2973 pro

1962 2978 2158 3037 Christi
2186 2987 2399 3040 nomine
2420 2999 2721 3044 coronatur.
2757 2991 2811 3044 ln
2843 2993 2961 3046 Asia
2989 3003 3189 3057 autem,
3220 3007 3334 3049 orta
3367 3011 3554 3066 perse-

1962 3075 2194 3140 cutione,
2244 3077 2579 3136 beatissimus
2609 3081 2954 3152 Polycarpus,
2997 3084 3215 3140 Joannis
3245 3089 3471 3156 apostoli
3498 3097 3554 3146 et

1962 3169 2302 3238 evangelistae
2331 3171 2641 3242 discipulus,
2683 3175 3015 3244 octogesimo
3054 3179 3226 3232 aetatis
3253 3193 3364 3233 suae
3388 3194 3555 3246 anno,

270 3245 526 3338 θῑοηπξίδ
575 3244 797 3338 Pagi???
819 3243 972 3338 ξηιίε
1019 3243 1519 3338 “hagistiam-i106
1577 3241 1711 3298 eliso
1761 3247 1928 3312 ρετο
1961 3258 2106 3314 velut
2151 3259 2518 3318 holocaustum
2550 3241 2911 3335 purissimum,
2963 3283 3056 3337 per
3105 3271 3280 3338 ignem
3329 3241 3560 3328 Domino

269 3333 546 3402 apostolos
573 3334 788 3389 Domini
819 3335 1036 3390 Petrum
1079 3346 1242 3404 atque
1267 3335 1488 3389 Paulum
1512 3375 1526 3400 ,
1549 3343 1854 3390 commotus

268 3433 449 3479 contra
482 3440 598 3492 eos,
621 3425 765 3494 quod
816 3427 1089 3482 Christum
1119 3426 1308 3481 Filium
1338 3425 1692 3496 praedicarent
1724 3437 1772 3494 ο,
1802 3435 1857 3481 et

268 3516 404 3572 idola
432 3518 662 3573 adorare
685 3527 1114 3586 contemnerent,
1151 3519 1367 3573 Petrum
1397 3533 1576 3583 cruce,
1628 3519 1851 3575 Paulum

269 3611 447 3681 gladio
465 3613 624 3684 jubet
653 3611 902 3668 interfici.
933 3611 1052 3681 Ipse
1080 3627 1292 3682 quoque
1323 3613 1424 3682 21
1453 3612 1741 3666 excitatam
1764 3627 1856 3669 su-

273 3721 370 3778 per
391 3721 452 3762 se
483 3706 803 3762 seditionem
829 3704 1009 3776 fugere
1035 3713 1267 3770 teotaus,
1296 3712 1488 3774 quarto
1517 3704 1584 3760 ab
1611 3705 1742 3759 urbe
1771 3706 1848 3760 Ia-

266 3797 388 3868 pide
413 3798 635 3868 propria
658 3811 718 3852 se
750 3813 908 3852 manu
931 3795 1220 3852 interfecit.

333 3889 481 3945 Tunc
512 3898 566 3946 et
591 3891 818 3946 Jacobus
844 3889 1008 3944 frater
1038 3887 1265 3954 Domini,
1289 3897 1340 3945 et
1370 3889 1579 3944 Marcus
1610 3903 1841 3960 evange-

265 3981 405 4052 lista,
442 3999 534 4052 pro
564 3981 761 4037 Christi
791 3983 1006 4037 nomine
1032 3981 1268 4051 glorioso
1313 3981 1574 4050 martyrio
1613 3981 1856 4039 coronati

264 4092 408 4139 sunt.
453 4084 663 4138 Primus
703 4093 882 4139 tamen
915 4084 1152 4138 omnium
1197 4083 1334 4138 hanc
1363 4084 1499 4138 viam
1553 4085 1710 4138 levita
1739 4084 1857 4139 Ste-

226 4181 468 4251 ‘pbanus
514 4187 569 4234 et
610 4189 812 4251 martyr
845 4182 1080 4234 intravit.
1133 4179 1317 4250 Magna
1371 4186 1492 4248 post
1518 4179 1698 4234 Jacobi
1728 4193 1857 4249 apo-

263 4271 382 4327 stoli
414 4287 600 4327 necem
639 4271 853 4328 Judzeos
884 4272 1158 4328 calamitas
1183 4283 1424 4326 assecuta
1457 4281 1554 4327 est.
1589 4271 1720 4326 Nam
1764 4271 1857 4326 ad-

263 4367 511 4422 veniente
544 4365 895 4437 Vespasiano,
949 4376 1002 4421 et
1049 4367 1309 4434 templum
1339 4366 1614 4420 incensum
1664 4373 1768 4432 est,
1803 4373 1858 4421 et

263 4470 518 4516 sexcenta
545 4461 706 4515 millia
733 4460 1038 4515 Judaeorum
1068 4475 1134 4515 eo
1161 4460 1321 4525 bello,
1355 4458 1532 4529 gladio
1560 4455 1589 4496 ά
1617 4468 1673 4514 et
1715 4459 1856 4514 fame

263 4551 451 4607 affecta
494 4562 638 4608 sunt.
673 4553 1003 4608 Domitianus
1030 4563 1207 4608 autem
1239 4553 1510 4609 secundus
1535 4563 1654 4622 post
1691 4553 1856 4609 Nero-

1959 3364 2321 3409 consecratur.
2337 3356 2442 3411 Sed
2465 3367 2518 3412 et
2543 3357 2596 3412 in
2621 3356 2808 3413 Galliis
2822 3360 2971 3414 multi
2997 3376 3092 3430 pro
3111 3360 3310 3418 Christi
3333 3365 3552 3422 nomine

1960 3459 2086 3505 sunt
2140 3465 2238 3521 per
2282 3451 2598 3522 martyrium
2646 3453 2872 3524 gemmis
2915 3454 3225 3511 coelestibus
3265 3458 3552 3514 coronati:

1958 3559 2185 3614 quorum
2218 3543 2526 3612 passionum
2559 3545 2798 3602 historiae
2825 3547 2965 3618 apud
2995 3561 3092 3604 nos
3122 3548 3354 3606 fideliter
3384 3564 3554 3622 usque

1958 3634 2120 3690 hodie
2149 3636 2445 3691 retinentur
2472 3634 2518 3690 ί.
3133 3643 3138 3654 “

2031 3727 2247 3783 XXVII.
2289 3728 2369 3784 Ex
2401 3731 2597 3798 quibus
2626 3741 2680 3787 et
2705 3732 2797 3788 ille
2824 3733 3029 3802 primus
3059 3733 3430 3804 Lugdunensis
3452 3737 3554 3794 Ec-

1959 3819 2138 3876 clesia:
2178 3822 2437 3878 Photinus
2467 3826 2750 3896 episcopus
2797 3827 2913 3893 fuit,
2962 3829 3055 3898 qui
3103 3829 3290 3898 plenus
3317 3831 3549 3901 dierum,

1960 3914 2189 3970 diversis
2219 3917 2444 3972 atl‘ectus
2483 3920 2779 3988 suppliciis,
2822 3935 2919 3990 pro
2957 3912 3152 3976 Christi
3182 3923 3400 3977 nomine
3429 3939 3551 3992 pas-

1960 4021 2052 4062 sus
2089 4016 2194 4062 est.
2229 4009 2574 4064 Beatissimus
2610 4026 2737 4066 vero
2784 4012 3015 4066 lrenzrus
3059 4012 3218 4079 hujus
3265 4028 3550 4070 successor

1960 4101 2234 4168 martyris,
2277 4101 2367 4169 qui
2401 4115 2428 4152 a
2459 4101 2614 4155 beato
2662 4101 2958 4173 Polycarpo
2987 4103 3050 4157 ad
3085 4103 3222 4158 hanc
3254 4106 3441 4161 urbem
3467 4107 3548 4162 di-

1961 4201 2140 4246 rectus
2166 4199 2269 4257 est,
2306 4191 2606 4248 admirabili
2639 4191 2834 4247 virtute
2877 4196 3068 4248 enituit
3098 4211 3114 4250 :
3147 4194 3233 4265 qui
3266 4197 3319 4251 in
3351 4197 3550 4254 modici

1963 4281 2218 4352 temporis
2248 4283 2442 4351 spatio,
2478 4284 2858 4354 prmdicatione
2884 4301 2979 4340 sua
3009 4289 3245 4344 maxime
3267 4288 3317 4344 in
3341 4289 3551 4361 integro

1960 4377 2230 4431 civitatem
2260 4377 2493 4432 reddidit
2535 4378 2918 4434 Christianam.
2961 4381 3063 4437 Sed
3092 4384 3338 4439 veniente
3369 4399 3553 4453 perse-

1959 4467 2201 4535 cutione,
2231 4468 2356 4522 talia
2397 4468 2591 4524 ibidem
2639 4468 2884 4524 diabolus
2939 4469 3080 4526 bella
3117 4487 3210 4541 per
3257 4483 3544 4544 tyrannum

1961 4561 2222 4628 exercuit,
2256 4570 2309 4616 et
2357 4570 2500 4616 tanta
2562 4561 2632 4616 ibi
2667 4562 2950 4620 multitudo
3007 4565 3432 4624 Christianorum
3472 4571 3542 4628 ob

261 4661 384 4702 nem
415 4646 469 4701 in
493 4646 824 4704 Christianos
843 4647 1031 4714 saevit;
1063 4647 1322 4705 Joannem
1351 4649 1654 4718 apostolum
1678 4648 1734 4702 in
1765 4648 1849 4704 in-
1879 4637 1936 4700 D
1959 4651 2351 4708 confessionem
2385 4651 2639 4706 Dominici
2679 4653 2912 4710 nominis
2947 4664 3030 4711 est
3068 4657 3325 4728 jugulata,
3360 4669 3416 4715 ut
3445 4676 3543 4718 uer

244 4823 252 4854 l
326 4815 349 4841 τι
401 4805 556 4874 Apud
601 4804 859 4860 Viennam
891 4805 1078 4861 Gallia:
1101 4807 1286 4861 urbem
1311 4805 1601 4874 relegatus,
1631 4813 1690 4860 ut
1720 4805 1854 4860 scri-

253 4876 327 4927 hit
372 4877 485 4932 Ado
511 4877 826 4932 Viennensis
845 4879 897 4932 iu
926 4878 1217 4934 Chronico.

241 4977 248 4983 ε
327 4948 353 4985 ι’
403 4948 489 5002 Sic
517 4949 638 5002 cod.
669 4949 889 5019 Regm.;
926 4950 1016 5004 alii
1047 4965 1193 5012 vero,
1218 4950 1440 5019 propria:
1462 4964 1515 5002 se
1543 4963 1721 5002 manus
1747 4947 1852 5000 ictu

251 5019 318 5070 lib
333 5021 508 5075 eravit.
540 5021 724 5083 Corb.,
749 5023 950 5074 ictibus.
973 5022 1045 5074 De
1079 5021 1306 5074 l‘lerodis
1329 5021 1579 5088 Agrippa:
1601 5019 1844 5083 interitu,

253 5101 458 5154 prater
493 5094 623 5145 Acta
655 5094 1033 5161 Apostolorum
1067 5107 1183 5159 cap.
1223 5091 1310 5152 12,
1346 5092 1600 5160 legendus
1644 5089 1846 5158 Joseph

251 5165 302 5212 in
341 5163 585 5232 antiquit.
609 5163 862 5228 Jodaicis,
888 5177 1009 5231 cnp.
1034 5164 1087 5216 7.
1107 5162 1395 5228 Gregorius
1424 5171 1600 5215 tamen
1636 5161 1719 5213 hic
1750 5163 1850 5215 As-

258 5234 544 5287 calonitam
569 5249 690 5288 cum
722 5237 950 5304 Agrippa
979 5232 1274 5304 confundit.
1299 5235 1429 5299 Quae
1457 5232 1713 5304 enimhic
1737 5246 1848 5304 nar-

259 5313 344 5357 rat
366 5304 686 5360 Ascalonita:
711 5301 1069 5374 Contigerunt,
1090 5312 1146 5356 ut
1169 5303 1330 5356 refert
1349 5303 1544 5374 .loseph
1574 5301 1662 5355 lib.
1696 5315 1754 5364 ιι,
1778 5301 1846 5356 de

259 5375 407 5429 bello
454 5377 697 5443 Judaico,
728 5387 783 5433 et
809 5373 877 5434 ex
907 5392 972 5432 eo
1008 5375 1270 5430 Eusebius
1313 5383 1368 5428 et
1412 5373 1637 5426 Rutiuus
1690 5374 1782 5428 lib.
1829 5388 1845 5426 ι

257 5443 530 5512 Historiae,
560 5465 676 5519 cap.
708 5451 760 5504 8.

337 5527 360 5556 ε
403 5519 493 5588 Sic
516 5513 713 5574 habent
739 5535 925 5575 omnes
948 5519 1096 5574 editi.
1123 5516 1427 5588 Legendqu
1462 5523 1664 5581 tamen,
1693 5513 1843 5588 Chri-

255 5596 395 5661 stum
426 5587 621 5646 Filium
651 5591 747 5646 Dei
777 5592 1142 5661 prwdicorent,
1190 5585 1307 5661 qua:
1337 5588 1491 5643 lectio
1521 5593 1604 5642 est
1640 5585 1840 5641 codicis

257 5659 562 5717 Becconsis.

333 5730 361 5770 ⁴
400 5731 529 5806 Cod.
561 5733 748 5800 Corb.,
782 5743 826 5788 et
858 5735 986 5789 bello
1008 5743 1054 5788 et
1081 5733 1274 5806 gladio.

338 5815 362 5843 ε
405 5805 530 5861 Hmc
561 5807 657 5861 fuit
683 5805 886 5875 aliquot
928 5802 1165 5860 veterum
1194 5803 1396 5872 opinio,
1444 5816 1602 5871 quam
1631 5802 1841 5858 Tertul-

260 5875 439 5933 lianus
459 5887 514 5935 et
541 5879 628 5935 alii
675 5878 913 5936 olcrioue
942 5885 1122 5949 patres
1164 5878 1484 5933 rel‘utarunt.
1529 5875 1836 5948 Polycrates

1962 4811 2649 4885 Ephesioru_m_epi_scopus,
2693 4812 3034 4885 quiJoannis
3073 4814 3366 4885 discipulos
3402 4819 3547 4874 vide-

1957 4891 2060 4945 rat,
2093 4897 2212 4936 eum
2245 4881 2434 4950 Ephesi
2459 4885 2744 4949 sepultum,
2773 4884 2950 4954 ibique
2977 4881 3273 4941 exurema'm
3304 4903 3544 4943 resurre-

1957 4955 2187 5028 ctionem
2230 4956 2863 5028 exspectantemujucere
2913 4956 3144 5011 alfirmat
3190 4959 3244 5012 in
3295 4959 3540 5028 epistola.

1956 5038 2121 5096 quam
2139 5025 2404 5096 Eusebius
2436 5023 2715 5096 refertlib.
2748 5043 2798 5089 v,
2833 5042 2952 5096 cap.
2986 5029 3075 5082 ‘24.

2033 5093 2051 5166 ξ
2095 5093 2184 5148 Sic
2207 5095 2402 5149 habent
2433 5097 2580 5151 Bec..
2611 5095 2743 5166 Reg.
2772 5106 2826 5151 et
2851 5093 3032 5166 ltegm.
3067 5112 3189 5152 cum
3217 5097 3373 5152 editis
3406 5098 3542 5154 Bad.’

1954 5175 2006 5219 et
2035 5165 2139 5238 ιιι.,
2175 5180 2329 5238 quam
2364 5166 2648 5238 lectionem
2700 5165 3138 5238 volgata’nostra
3192 5172 3351 5222 etiam
3398 5184 3540 5225 nunc

1955 5237 2167 5290 retinet.
2202 5236 2325 5299 Alii,
2347 5238 2397 5308 _si
2427 5253 2541 5289 eum
2563 5237 2697 5300 volo,
2725 5236 2854 5302 etc),
2902 5249 2957 5292 ut
2984 5238 3156 5294 Graeci
3180 5240 3381 5308 legunt,
3408 5251 3461 5297 et
3486 5243 3540 5300 in

1951 5308 2152 5375 aliquot
2177 5321 2309 5360 mss.
2343 5306 2548 5361 Latinis
2583 5309 2830 5363 habetur.

2022 5387 2047 5448 β
2087 5378 2273 5442 Corb.,
2307 5375 2546 5431 Ecclesia?
2575 5381 2673 5447 fuit
2699 5380 2984 5447 episcopus.
3014 5379 3228 5448 Passus,
3255 5391 3360 5438 etc.

2020 5447 2050 5485 ιι
2091 5448 2219 5503 ΙΙΙιιιΙ
2250 5460 2406 5517 caput
2435 5465 2555 5503 cum
2583 5464 2696 5518 seq.
2732 5451 2883 5503 deest
2914 5450 2963 5502 in
2994 5452 3114 5505 cod.
3139 5452 3300 5508 Corb.

2027 5518 2045 5558 ί
2089 5519 2220 5574 Cod.
2265 5520 2472 5589 chm.,
2503 5519 2720 5574 Itazreses
2751 5521 2944 5573 insana:
2973 5533 3322 5581 surrexerunt.

2026 5591 2040 5642 i
2091 5593 2148 5646 In
2207 5593 2428 5659 episwla
2480 5591 2686 5644 scilicet
2751 5590 3185 5657 Lugdunensium
3243 5607 3540 5659 martyrum

1948 5678 2108 5734 quam
2141 5654 2400 5734 Eusebius
2423 5659 2473 5713 in
2501 5661 2727 5715 llistoria
2772 5654 3130 5720 ecclesiastica
3172 5667 3355 5721 refert.
3385 5654 3538 5734 Eam,

1949 5731 2002 5789 et
2031 5748 2191 5806 supra
2237 5731 2568 5786 laudatorum
2622 5741 2913 5806 martyrum
2947 5736 3245 5806 passiones,
3287 5731 3542 5796 dedimus

1949 5807 2087 5863 inter
2115 5804 2247 5859 Acta
2277 5811 2570 5873 martyrum
2593 5803 2822 5862 sincera.
