4028 6342
1112 316 1137 323 Α

480 374 588 438 175

479 497 685 568 plateas
714 485 934 545 flumina
972 483 1259 540 currerent
1296 475 1365 533 de

478 558 707 661 quorum
735 595 836 637 nec
864 589 1169 642 numerum,
1199 584 1300 627 nec
1346 566 1565 623 nomina
1606 562 1861 633 colligere
1901 558 2077 630 potui~

479 652 622 740 mus.
654 674 914 734 Dominus
948 670 1093 728 enim
1134 680 1228 723 eos
1267 665 1322 720 in
1372 660 1509 717 libro
1570 657 1694 714 vitae
1732 652 2072 722 conscripsit.

484 776 712 832 Beatum
755 769 1019 824 Irenaeum
1046 756 1276 817 diversis
1315 754 1371 811 in
1402 767 1499 809 sua
1528 745 1767 808 carnifex
1792 740 2078 816 praesentia

479 868 655 941 pinnis
681 863 951 924 allectum,
974 856 1187 913 Christo
1209 850 1438 907 Domino
1461 860 1557 918 per
1579 840 1892 914 martyrium
1922 835 2080 892 dedi-

483 931 627 1021 cavit
659 968 709 1014 ⁸.
741 956 874 1012 Post
918 952 1058 1006 hunc
1096 954 1153 1002 et
1197 939 1549 1015 quadraginta
1591 931 1764 990 octob
1816 937 2078 997 martyres

480 1019 625 1127 passi
648 1056 794 1115 sunt,
824 1060 891 1102 ex
918 1040 1111 1114 quibus
1134 1035 1367 1109 primum
1395 1030 1563 1087 fuisse
1586 1026 1818 1099 legimus
1837 1019 2079 1079 Vettium

481 1148 797 1219 Epagatum.

560 1202 786 1295 Χῖίγιιι.
826 1229 939 1287 Sub
975 1224 1135 1283 Decio
1163 1234 1293 1278 vero
1329 1219 1657 1289 imperatore
1708 1208 1877 1266 multa
1908 1202 2079 1289 bella

484 1332 769 1389 adversum
815 1335 1011 1380 nomen
1039 1315 1405 1375 Christianum
1444 1307 1785 1369 exoriuntur,
1831 1310 1888 1358 et
1936 1306 2081 1354 tanta

483 1434 687 1493 strages
718 1421 786 1476 de
810 1410 1151 1474 credentibus
1183 1407 1303 1470 fuit,
1337 1411 1393 1459 ut
1423 1414 1522 1457 nec
1548 1393 1823 1453 numerari
1852 1395 2074 1462 queant.

486 1486 735 1587 Babyllas
776 1509 1064 1580 episcopus
1105 1497 1491 1559 Antiochenus,
1540 1504 1663 1546 cum
1702 1486 1873 1541 tribus
1906 1493 1929 1521 ο
1962 1495 2084 1551 par-

484 1573 647 1674 vulis,
679 1603 733 1659 id
761 1573 865 1667 est,
902 1573 1141 1660 Urbano,
1174 1588 1448 1646 Prilidano
1477 1593 1532 1641 et
1562 1580 1840 1651 Epolono;
1874 1582 1929 1631 et
1952 1573 2082 1629 Six-

487 1714 573 1757 tus
604 1700 863 1753 Romanae
889 1688 1148 1747 Ecclesiae
1188 1684 1498 1755 episcopus,
1539 1686 1595 1734 et
1625 1675 1731 1747 23
1761 1668 2103 1757 Laurentius

487 1790 930 1853 archidiaconus,
969 1791 1028 1839 et
1061 1778 1402 1850 Hippolytus,
1443 1772 1514 1826 ob
1543 1763 1811 1823 Dominici
1849 1757 2085 1817 nominis

1521 347 1581 411 S.
1617 342 1947 409 GREGORH
1985 336 2294 408 EPISCOPI
2327 326 2764 399 TURONENSIS

1405 454 1665 543 sanguine
1710 467 2015 526 Christiano
2048 482 2062 520 :
2093 469 2144 531 Α
2170 476 2357 522 orasse
2404 459 2611 515 fertur:
2667 452 2894 507 Domme
2931 442 3059 502 Jesu
3087 440 3320 510 Christe,
3350 437 3545 497 exaudi
3564 450 3655 494 me
3700 438 3777 495 de

3663 309 3779 370 176

2181 559 2319 615 cmlo
2342 562 2528 611 saneto
2572 560 2682 617 tuo,
2717 556 2773 600 ut
2812 557 3081 613 nunquam
3130 541 3248 595 haec
3296 536 3535 593 Ecclesia
3564 538 3631 592 de
3686 536 3775 591 his

2180 649 2386 707 civibus
2414 651 2684 702 mereatur
2712 638 2912 694 habere
2944 632 3251 706 pontificem
3280 632 3332 686 in
3358 630 3774 699 sempiternum.

2181 742 2335 810 Quod
2366 754 2537 809 usque
2560 748 2703 792 nunc
2747 734 2801 788 in
2830 732 2941 802 ipsa
2967 729 3183 785 civitate
3204 727 3273 781 ita
3304 726 3551 782 evenisse
3574 740 3780 794 cogno-

2183 835 2379 890 vimus.
2411 829 2508 886 Hie
2538 843 2666 884 vero
2693 825 2829 881 tauri
2876 820 3108 877 furentis
3147 819 3386 890 vestigiis
3413 818 3680 888 alligatus,
3710 832 3780 873 ac

2180 927 2251 983 de
2293 922 2551 995 Capitolio
2603 918 2986 990 praecipitatus,
3033 917 3198 968 vitam
3256 912 3449 967 finivit.
3505 910 3773 967 Gatianus

2181 1036 2331 1086 vero,
2365 1016 2707 1087 Trophimus,
2739 1010 3206 1078 Stremoniusque,
3252 1016 3307 1062 et
3350 1004 3571 1072 Paulus,
3616 1012 3780 1074 atque

2185 1109 2463 1174 Martialis,
2508 1108 2560 1162 in
2601 1118 2808 1161 summa
2854 1099 3139 1159 sanctitate
3182 1095 3211 1134 h
3241 1097 3499 1160 viventes,
3534 1104 3657 1163 post
3684 1108 3781 1150 ae-

2184 1204 2408 1278 quisitos
2437 1199 2546 1274 2h.
2587 1197 2840 1255 Ecclesize
2871 1195 3116 1265 pepulos,
3149 1206 3213 1247 ac
3256 1190 3415 1245 fidem
3458 1187 3656 1243 Christi
3687 1203 3786 1255 per

2185 1298 2362 1357 omnia
2384 1297 2680 1359 dilatatam,
2710 1290 2852 1347 felici
2884 1287 3223 1345 confessione
3262 1283 3578 1351 migrarunt.
3616 1281 3677 1334 Et
3703 1280 3786 1336 sic

2186 1407 2295 1450 tam
2326 1390 2415 1447 isti
2440 1403 2535 1459 per
2562 1385 2902 1457 martyrium,
2928 1395 3088 1451 quam
3137 1378 3189 1431 hi
3235 1391 3331 1446 per
3362 1374 3783 1439 confessionem,

2185 1484 2548 1552 relinquentes
2581 1488 2774 1542 terras,
2820 1476 2874 1528 in
2905 1467 3221 1527 coelestibus
3261 1466 3460 1538 pariter
3496 1474 3618 1520 sunt
3650 1477 3787 1519 cou-

2183 1578 2377 1651 juncti.

2259 1664 2453 1724 XXIX.
2494 1664 2571 1720 De
2599 1661 2615 1701 ί
2649 1661 2839 1716 horum
2865 1671 2992 1715 vero
3021 1652 3297 1724 discipulis
3329 1650 3546 1721 quidam
3583 1649 3781 1705 Bituri-

2188 1776 2284 1835 gas
2314 1760 2583 1817 civitatem
2614 1766 2920 1828 aggressus,
2955 1749 3205 1805 Salutare
3226 1745 3491 1809 omnium,
3513 1744 3792 1800 Christum

488 1884 884 1943 confessionem
914 1836 1022 1947 ,per
1049 1836 1367 1941 mariyrium
1416 1855 1778 1918 consummati
1808 1862 1957 1911 sunt.
1988 1849 2085 1906 γε.
2120 1849 2168 1911 Β
2198 1852 2481 1911 Dominum
2521 1847 2736 1920 populis
2764 1842 3047 1900 nuntiavit.
3100 1841 3174 1894 Ex
3210 1837 3294 1893 his
3332 1853 3463 1907 ergo
3504 1836 3655 1905 pauci
3696 1836 3791 1890 ad-

489 1978 816 2035 lentinianus
868 1946 1286 2027 etiNovatianus
1338 1955 1559 2015 maximi
1620 1962 1750 2008 tunc
1805 1946 2090 2005 haeretico-

488 2086 611 2130 rum
643 2068 670 2107 ά
705 2065 995 2139 principes,
1027 2068 1214 2128 contra
1247 2054 1409 2110 fidem
1454 2056 1694 2107 nostram
1721 2043 1941 2100 inimico
1982 2039 2089 2094 lm-

489 2130 726 2235 pellente
753 2130 1083 2230 grassantur.
1122 2148 1291 2218 Hujus
1334 2154 1578 2214 tempore
1617 2146 1823 2209 septem
1856 2132 1958 2190 viri
1980 2130 2092 2202 epi-

491 2226 645 2325 scopi
666 2226 898 2307 ordinati
920 2245 985 2301 ad
1018 2237 1419 2314 praedicandum
1462 2234 1515 2289 in
1540 2232 1742 2289 Gallias
1769 2226 1918 2283 missi
1943 2230 2092 2290 sunt,

490 2314 632 2404 sicut
660 2342 880 2399 historia
906 2333 1171 2409 passionis
1202 2329 1372 2386 sancti
1404 2324 1658 2396 martyris
1680 2316 1961 2377 Saturnini
1989 2314 2090 2370 de-

491 2445 676 2496 narrat
698 2445 747 2490 ο.
770 2433 860 2488 Ait
886 2408 1029 2486 enim
1066 2444 1080 2480 :
1125 2423 1239 2481 Sub
1269 2419 1434 2477 Decio
1462 2426 1516 2474 et
1547 2415 1716 2471 Grato
1745 2408 2087 2475 consulibus,

494 2531 639 2588 sicut
666 2526 811 2583 fideli
838 2519 1216 2579 recordatione
1261 2513 1545 2577 retinetur,
1586 2508 1820 2579 primum
1850 2518 1913 2559 ac
1942 2515 2096 2558 sum-

498 2638 646 2680 mum
679 2618 946 2675 Tolosana
992 2611 1181 2667 civitas
1213 2616 1457 2662 sanetum
1505 2600 1854 2659 Saturninum
1899 2594 2100 2649 habere

496 2719 736 2785 cmperat
756 2705 1112 2764 sacerdotem.
1158 2700 1218 2756 Hi
1250 2714 1380 2768 ergo
1411 2695 1563 2752 missi
1592 2702 1718 2748 sunt
1744 2710 1756 2746 :
1787 2684 2096 2749 'l‘uronicis,

498 2780 757 2863 Gatianus
817 2796 836 2837 ί
897 2798 1209 2866 episcopus;
1280 2785 1710 2851 Arelatensibus,
1774 2780 2100 2851 Traphimus

497 2899 816 2969 episcopus;
844 2889 1129 2953 Narbona,
1174 2883 1372 2938 Paulus
1394 2881 1712 2953 episcopus;
1740 2874 1973 2936 Tolosae,
2003 2871 2102 2927 Sa-

501 2964 759 3046 turninus
788 2983 1102 3053 episcopus;
1127 2973 1431 3041 Parisiacis,
1457 2967 1745 3040 Dionysius
1774 2964 2097 3035 episcopus;

506 3076 783 3141 Arvernis,
812 3050 1152 3127 Stremonius
1181 3064 1499 3133 episcopus;
1544 3055 1935 3119 Lemovieinis,
1966 3050 2104 3106 Mar-

512 3172 652 3229 tialis
691 3177 774 3225 est
802 3167 1099 3221 destinatus
1128 3157 1430 3228 cpiscOpus.
1469 3155 1544 3209 De
1597 3154 1679 3206 his
1715 3165 1866 3215 vero,
1912 3148 2101 3202 beatus

2192 1945 2412 2003 modum
2455 1941 2761 2001 credentes,
2802 1934 2986 1991 clerici
3033 1930 3287 1996 ordinati,
3336 1929 3496 1984 ritum
3527 1926 3791 1999 psallendi

2191 2037 2527 2108 suscipiunt:
2583 2042 2638 2089 et
2694 2029 2923 2102 qualiter
2970 2025 3254 2082 ecclesiam
3313 2032 3649 2090 construant,
3704 2022 3791 2083 vel

2192 2128 2548 2201 omnipotenti
2600 2126 2713 2180 Deo
2760 2120 3023 2177 solemnia
3053 2117 3332 2173 celebrare
3384 2117 3639 2178 debeant,
3688 2115 3793 2168 im-

2192 2226 2444 2283 buuntur.
2468 2218 2574 2278 Sed
2598 2218 2704 2273 illis
2728 2228 2945 2284 parvam
2972 2207 3457 2267 adhucadificandi
3482 2204 3793 2263 facultatem

2194 2316 2537 2381 habentibus,
2568 2311 2704 2367 civis
2722 2307 2998 2378 cujusdam
3022 2304 3264 2368 domum,
3294 2302 3362 2357 de
3382 2317 3485 2373 qua
3507 2300 3793 2356 ecclesiam

2196 2413 2415 2476 faciant,
2448 2415 2723 2477 expetunt.
2757 2402 3045 2458 Senatores
3075 2413 3225 2466 vero,
3257 2397 3339 2451 vel
3372 2395 3562 2464 reliqui
3590 2395 3791 2449 melio-

2196 2520 2286 2562 res
2312 2504 2440 2568 loci,
2474 2498 2720 2556 fanaticis
2766 2502 2921 2551 erant
2963 2501 3091 2547 tunc
3135 2489 3372 2545 cultibus
3416 2487 3670 2554 obligati;
3702 2484 3795 2555 qui

2196 2612 2327 2654 vero
2355 2593 2714 2657 crediderant,
2760 2604 2830 2645 ex
2866 2585 3186 2657 pauperibus
3238 2591 3414 2649 erant,
3469 2579 3618 2651 juxta
3668 2579 3795 2636 illud

2201 2689 2433 2756 Domini,
2461 2686 2600 2757 quod
2631 2683 2831 2739 Judmis
2878 2679 3187 2749 exprobrat,
3235 2675 3460 2730 dicens:
3508 2673 3644 2739 Quia
3684 2687 3789 2726 me-

2200 2783 2404 2839 retrices
2418 2789 2465 2835 et
2490 2776 2749 2850 publicani
2776 2773 3164 2845 praecedentem
3192 2768 3247 2822 in
3273 2783 3429 2839 regno
3459 2764 3556 2819 Dei
3581 2763 3797 2835 (ﬂuuit.

2204 2891 2297 2932 χιι
2318 2916 2332 2940 ,
2364 2873 2479 2942 5t).
2506 2870 2570 2925 lli
2596 2883 2724 2923 vero
2754 2882 2859 2921 non
2881 2865 3100 2920 obtenta
3129 2878 3158 2916 a
3181 2876 3287 2931 quo
3316 2860 3581 2930 petierant
3608 2857 3792 2925 domo,

2202 2965 2529 3025 Leocadium
2557 2960 2841 3032 quemdam
2873 2957 3103 3027 primum
3146 2953 3439 3009 Galliarum
3469 2960 3799 3019 senatorem,

2202 3060 2292 3131 qui
2322 3059 2389 3114 de
2416 3056 2582 3125 Stirpe
2605 3052 2766 3108 Vettii
2802 3048 3026 3120 Epagati
3050 3048 3171 3113 fuit,
3201 3061 3359 3117 quem
3389 3045 3649 3115 Lugduno
3680 3057 3800 3113 pas.

2210 3168 2331 3208 sum
2368 3166 2464 3220 pro
2508 3145 2706 3203 Christi
2754 3144 2971 3199 nomine
2997 3141 3245 3211 superius
3290 3138 3702 3194 memoravimus
3741 3136 3801 3205 l,

509 3259 794 3332 Dionysius
819 3255 1146 3313 Parisiorum
1170 3251 1477 3320 episcopus,
1518 3244 1747 3300 diversis
1779 3257 1876 3312 pro
1903 3237 2100 3294 Christi
2126 3232 2173 3295 C
2206 3250 2545 3316 repererunt.
2571 3239 2671 3295 Cui
2694 3252 2814 3294 cum
2846 3234 3157 3306 petitionem
3183 3247 3358 3299 suam,
3389 3243 3441 3287 et
3470 3230 3632 3286 fidem
3664 3228 3803 3299 pari.

508 3331 728 3410 nomine
754 3348 976 3404 allectus
1008 3343 1204 3414 pinnis,
1248 3339 1569 3410 praesentem
1599 3337 1761 3392 vitam
1791 3332 1970 3404 gladio
2006 3331 2107 3384 im-

511 3446 755 3502 minente
804 3439 1009 3503 finivit;
1061 3431 1392 3490 Saturninus
1445 3444 1599 3494 vero,
1649 3428 1756 3498 jam
1787 3440 2012 3482 securus
2040 3424 2107 3480 de

512 3533 801 3605 martyrio,
828 3529 958 3585 dicit
1007 3526 1216 3582 duobus
1246 3520 1579 3594 presbyteris
1609 3518 1721 3575 suis
1757 3537 1769 3571 :
1822 3518 1962 3574 Ecce
2008 3532 2109 3588 ego

514 3628 626 3700 jam
678 3623 949 3689 immolor,
1006 3627 1062 3675 et
1099 3626 1309 3686 tempus
1354 3628 1489 3671 meae
1539 3610 1877 3667 resolutionis
1929 3612 2109 3665 instat.

515 3716 690 3793 Rogo,
722 3727 781 3775 ut
808 3713 1108 3787 usquedum
1140 3711 1377 3767 debitum
1423 3710 1586 3765 finem
1637 3708 1909 3777 impleam,
1941 3722 1971 3761 a
2017 3722 2114 3761 vo-

518 3813 606 3872 bis
632 3812 842 3884 penitus
889 3823 996 3865 non
1049 3806 1344 3875 relinquar.
1394 3802 1640 3872 Cumque
1684 3800 2112 3871 comprehensus

524 3908 595 3965 ad
618 3905 940 3978 Capitolium
977 3902 1289 3965 duceretur,
1321 3897 1540 3954 relictus
1568 3897 1635 3951 ab
1679 3896 1761 3950 his
1781 3894 1927 3950 solus
1950 3903 2115 3949 attra-

526 4002 694 4060 hitur.
746 4000 912 4072 lgitur
943 4006 968 4045 Β
1000 4010 1122 4052 cum
1153 4008 1215 4051 se
1241 3992 1309 4048 ab
1338 3990 1444 4048 illis
1482 3998 1730 4047 cerneret
1768 3987 2110 4058 derelictum,

598 4165 625 4194 ι
665 4151 1027 4223 Conqueritur
1056 4149 1113 4205 S.
1146 4146 1435 4223 Gregorius
1485 4145 1551 4223 Ill.
1602 4144 1694 4199 lib.
1746 4159 1833 4207 ix,
1881 4158 1966 4211 ep.
2012 4142 2113 4223 βο,

526 4226 731 4295 scripta
772 4215 928 4295 simul
961 4230 1016 4276 et
1061 4228 1206 4289 gesta
1232 4215 1528 4295 _S._lrettmi
1572 4231 1600 4295 a
1632 4230 1689 4270 se
1729 4231 1833 4270 non
1883 4215 2117 4295 potuisse

525 4284 775 4365 reperiri.
804 4284 1144 4365 Scriptafut
1197 4289 1481 4356 plurimum
1506 4288 1794 4365 habemus,
1828 4284 1920 4338 sed
1967 4296 2117 4354 gesta

525 4356 828 4425 att-thcntica
863 4356 1033 4416 nemo
1048 4362 1304 4414 hactenus
1347 4357 1586 4427 protulit.
1632 4357 1835 4412 Irenaeo
1865 4356 2118 4428 martyris

526 4440 737 4495 titulum
764 4434 943 4489 tribuit
978 4431 1356 4500 Hieronymus.

599 4508 627 4546 δ
670 4507 746 4561 llli
777 4520 882 4559 non
914 4512 1035 4573 post
1079 4497 1365 4573 Irenaeum,
1403 4499 1499 4554 sed
1556 4510 1681 4553 ante
1738 4499 1910 4569 ipsum
1961 4497 2118 4552 simul

527 4595 645 4637 cum
677 4571 1190 4642 Pothino'episc0po
1230 4571 1375 4642 passi
1419 4580 1562 4642 sunt,
1612 4585 1837 4640 quorum
1887 4572 2108 4625 nomina

525 4653 643 4777 ipse
668 4646 956 4718 Gregorius
978 4640 1151 4700 refert
1180 4643 1272 4697 lib.
1304 4656 1321 4695 ι
1351 4641 1419 4698 de
1445 4640 1626 4696 Gloria
1654 4642 1968 4712 Martyrum,
1999 4655 2117 4710 cap.

604 4804 627 4831 ο
670 4791 759 4846 Sic
787 4803 917 4844 mss.
951 4799 1139 4841 omnes
1170 4799 1290 4839 cum
1317 4783 1447 4840 edit.
1481 4782 1638 4849 Bad.;
1670 4783 1793 4837 aliae
1821 4797 1941 4837 cum
1969 4782 2117 4848 Dec.,

529 4865 798 4936 fratribus.
830 4859 963 4914 Tres
987 4871 1181 4927 pueros
1206 4871 1328 4936 cum
1362 4855 1541 4910 Babila
1571 4853 1877 4910 interfectos
1908 4868 2118 4909 memo-

529 4928 649 4990 rant
677 4933 1091 5002 Chrysostomus
1120 4940 1175 4983 et
1220 4928 1329 4981 alii.

600 5003 625 5042 ἀ
688 4994 874 5069 Corb.,
921 5002 1144 5056 maxime
1202 5008 1319 5053 tunc
1364 4997 1622 5067 hwretici,
1662 5010 1877 5067 quorum
1927 4994 2123 5066 princi-

530 5092 640 5145 pes,
667 5085 771 5131 etc.

608 5137 636 5184 ε’
675 5152 804 5200 Acta
823 5144 881 5200 S.
905 5141 1176 5199 Saturnini
1206 5139 1324 5210 ejus
1366 5139 1418 5193 in
1446 5138 1646 5194 Gallias
1669 5137 1942 5194 missionis
1983 5147 2118 5195 tem-

532 5232 631 5284 pus
651 5216 945 5272 exhibent:
978 5213 1073 5269 sed
1096 5212 1226 5267 nihil
1262 5212 1461 5284 habent
1480 5210 1546 5263 de
1574 5211 1895 5284 cieterishie
1929 5226 2120 5284 recen-

536 5280 675 5353 sitis,
703 5301 929 5356 quorum
954 5285 1006 5339 in
1035 5284 1235 5356 Gallias
1278 5283 1564 5335 adventum
1594 5283 1682 5356 alii
1710 5282 1834 5335 aliis
1859 5280 2119 5350 tempori-

536 5366 638 5413 bus
663 5352 963 5427 assignant.
991 5354 1283 5427 Gregorius
1327 5361 1504 5405 tamen
1532 5352 1622 5421 qui
1668 5367 1762 5427 eos
1811 5352 2016 5420 putavit
2043 5354 2119 5407 si-

535 5431 646 5485 mul
674 5430 725 5484 in
754 5421 949 5484 Gallias
978 5421 1291 5487 accessisse,
1313 5437 1379 5476 ex
1406 5433 1551 5476 certa
1575 5421 1778 5490 epoclta
1800 5439 1918 5491 qua:
1948 5424 2000 5476 in
2029 5438 2117 5478 ac-

536 5502 604 5556 tis
629 5499 795 5556 sancti
842 5498 1117 5554 Saturnini
1147 5498 1397 5561 habetur,
1432 5503 1747 5549 caterorum
1793 5495 1954 5549 etiam
1986 5503 2120 5548 tem-

535 5586 671 5644 pora
693 5571 940 5644 deduxit.

620 5643 638 5680 ί
681 5641 813 5696 Cod.
874 5641 1085 5710 Begm._,
1140 5636 1435 5706 Gazianus;
1478 5644 1533 5693 et
1562 5636 1642 5692 sic
1690 5634 1932 5692 inferius.
1983 5635 2126 5693 Editi

538 5728 660 5769 cum
691 5713 814 5768 cod.
851 5708 1009 5781 Reg},
1041 5708 1337 5763 Gratianus.

572 5858 583 5870 ‘
613 5794 640 5870 tt
680 5779 1136 5870 qumrsequ‘untur
1152 5781 1381 5870 eﬁyttlgi
1409 5781 1695 5870 traditione
1720 5779 1899 5865 retulit
1923 5780 2128 5870 Grego-

537 5858 675 5921 rius.
704 5854 839 5913 Nam
867 5852 983 5910 haec
1025 5852 1078 5908 in
1106 5852 1255 5909 Actis
1279 5853 1451 5910 sancti
1481 5854 1756 5912 Saturnini
1786 5867 1891 5909 non
1920 5853 2125 5911 haben-

2211 3349 2288 3395 ter
2313 3338 2668 3399 intimassent,
2702 3330 2790 3385 ille
2813 3326 3088 3396 respondit
3120 3342 3132 3379 :
3164 3324 3219 3380 Si
3247 3323 3440 3379 domus
3465 3337 3605 3390 mea,
3638 3335 3801 3392 quam

2211 3434 2349 3503 apud
2384 3430 2667 3485 Bituricam
2700 3428 2887 3483 urbem
2932 3425 3124 3488 habeo,
3167 3422 3291 3478 huic
3329 3421 3479 3490 operi
3510 3421 3669 3490 digna
3716 3433 3805 3475 es—

2214 3534 2317 3591 set,
2352 3534 2611 3594 prarstare
2645 3536 2752 3576 non
2802 3520 3145 3588 abnegarem.
3180 3515 3257 3570 llIi
3294 3523 3471 3569 autem
3503 3512 3803 3580 audientes,

2218 3617 2442 3686 pedibus
2466 3614 2587 3683 ejus
2635 3612 2910 3682 prostrati,
2956 3609 3151 3664 oblatis
3184 3607 3438 3663 trecentis
3476 3605 3653 3661 aureis
3685 3618 3805 3660 cum

2215 3711 2362 3766 disco
2388 3717 2659 3779 argenteo,
2695 3706 2880 3760 dicunt
2902 3718 3021 3759 eam
3052 3702 3175 3756 huic
3207 3698 3504 3756 ministerio
3526 3712 3649 3753 esse
3674 3711 3804 3751 eon-

2217 3802 2430 3873 dignam
2467 3798 2514 3854 k.
2547 3798 2697 3853 Tunc
2727 3796 2817 3851 ille
2847 3794 3083 3863 acceptis
3106 3794 3174 3848 de
3203 3792 3284 3847 his
3309 3791 3478 3847 tribus
3503 3790 3680 3845 aureis
3708 3801 3807 3858 pro

2217 3892 2612 3959 benedictione,
2642 3891 2936 3945 clementer
2965 3886 3246 3954 indulgens
3286 3886 3515 3953 reliqua,
3545 3896 3665 3937 cum
3714 3878 3807 3935 ad~

2221 3985 2325 4041 huc
2352 3992 2495 4041 esset
2534 3984 2588 4039 in
2630 3996 2816 4038 errore
2844 3978 3159 4035 idololatrian
3199 3976 3508 4047 implicitus,
3543 3974 3808 4031 Christia-

2224 4152 2327 4222 t_u_r,
2357 4156 2475 4211 quae
2495 4138 2689 4222 videtis
2719 4138 2891 4222 inter
2920 4138 3054 4222 Acta
3099 4136 3650 4222 martyrumvsincera,
3683 4150 3806 4206 pag.

2223 4206 2349 4295 199,
2375 4206 2497 4282 quae
2528 4212 2687 4295 nimis
2719 4210 2931 4290 incaute
2973 4209 3040 4291 ad
3087 4206 3285 4295 a‘nnttm
3312 4206 3420 4295 Ἡρςὶ
3464 4206 3642 4271 retuli,
3698 4223 3807 4276 quo

2221 4279 2435 4341 circiter
2466 4297 2605 4335 anno
2632 4280 2951 4335 Saturninus
2998 4281 3049 4333 in
3091 4279 3292 4335 Gallias
3339 4279 3652 4340 advenerat,
3687 4293 3807 4333 cum

2223 4355 2449 4411 nonnisi
2481 4354 2717 4406 Decio-et
2750 4351 2916 4405 Grato
2950 4351 3283 4418 consulibus,
3315 4351 3366 4405 id
3394 4358 3478 4405 est
3515 4363 3657 4405 anno
3703 4348 3805 4405 251

2222 4426 2432 4483 Tolosae
2464 4423 2737 4477 institutus
2768 4424 2834 4476 sit
2864 4424 3168 4491 episcopus.

2298 4495 2322 4575 ξι
2359 4495 2489 4575 God.
2518 4495 2728 4575 Regm.,
2760 4494 3321 4575 in'sttmmaure‘figione.

2302 4566 2320 4605 ί
2365 4567 2476 4621 lloc
2507 4561 2666 4633 caput
2695 4567 2845 4619 deest
2870 4566 2921 4618 in
2949 4565 3071 4619 cod.
3096 4561 3256 4619 Ciirb.
3293 4565 3457 4618 Porro
3487 4562 3630 4617 hunc
3660 4561 3810 4617 Ursi-

2148 4623 2199 4685 Ῑ)
2223 4657 2346 4695 num
2374 4623 2605 4707 appellat
2635 4636 2925 4704 Gregorius
2956 4637 3046 4689 lib.
3072 4636 3139 4688 de
3163 4634 3340 4707 Gloria
3379 4634 3651 4707 Confess.,
3685 4649 3809 4701 cap.

2226 4714 2317 4777 80,
2342 4705 2571 4776 euntque
2610 4708 2683 4761 ibi
2709 4723 2736 4760 a
2762 4707 3040 4774 discipulis
3073 4706 3435 4777 apostolorum
3478 4705 3810 4769 ordinatum,

2224 4794 2279 4838 et
2323 4784 2377 4835 in
2420 4779 2619 4834 Gallias
2667 4780 2986 4834 destinatum
3048 4776 3206 4831 luisse
3250 4777 3411 4840 dicit;
3462 4791 3567 4845 quo
3621 4777 3812 4831 eodem

2227 4853 2389 4907 modo
2412 4851 2647 4919 loquitur
2669 4850 2736 4905 de
2768 4852 2883 4918 ipso
2926 4848 3215 4903 Saturnino
3260 4848 3313 4901 in
3364 4846 3461 4901 lib.
3508 4845 3810 4919 de‘VGloria

2227 4924 2407 4985 Mart.,
2447 4916 2568 4988 cap.
2596 4922 2684 4975 48.
2711 4916 2877 4975 Porro
2919 4919 3177 4989 Biturigas
3216 4916 3693 4989 ipsiusmeturbisr
3718 4933 3814 4989 no-

2225 5010 2348 5077 men
2379 4994 2564 5077 fuisse,
2595 4991 2853 5077 Bituriges
2884 5006 3010 5077 vero
3049 4989 3285 5077 .incglas,
3317 5006 3431 5070 .sen
3472 4988 3618 5042 cives
3668 4988 3812 5043 illius

2226 5067 2420 5129 dictos,
2457 5071 2602 5135 patet
2651 5079 2714 5118 ex
2765 5060 3659 5135 AlollinarisSidonii‘eonctone
3716 5075 3815 5127 pro

2227 5130 2489 5215 electione
2516 5132 3118 5215 Bituricettsisnepiscotii
3138 5130 3338 5193 habita,
3372 5131 3504 5186 libro
3517 5146 3623 5215 χιι,
3649 5131 3813 5198 epist.

2226 5210 2280 5275 9,
2310 5207 2396 5262 ubi
2424 5205 2499 5262 ait
2544 5207 2687 5271 prius
2720 5200 2974 5277 Bituriges
3027 5219 3283 5277 noveram,
3312 5218 3463 5273 quam
3505 5200 3768 5273 Biturigas
3792 5218 3815 5267 ,-

2226 5280 2368 5349 quod
2398 5278 2604 5333 scilicet
2631 5275 2962 5347 Simplicium
2994 5275 3186 5337 civem,
3224 5289 3319 5342 pro
3350 5289 3455 5345 quo
3504 5276 3810 5349 perorabat,

2227 5348 2431 5416 nosset,
2459 5358 2741 5419 antequam
2768 5349 3033 5418 Biturigas
3063 5360 3295 5414 unquam
3321 5348 3662 5401 accessisset.

2300 5426 2313 5471 t
2363 5422 2530 5476 Supra
2559 5436 2679 5476 can.
2726 5420 2814 5474 ‘27.
3422 5464 3425 5465 ν

2405 5436 2530 5490 upra
2559 5436 2679 5489 cap.
2726 5426 2814 5474 ‘27.
2853 5488 2861 5490 _
3084 5488 3107 5490 _
3422 5464 3425 5465 ν

2301 5491 2325 5529 ι
2368 5487 2456 5548 Sic
2483 5487 2639 5547 codd.
2666 5491 2813 5558 Bec.,
2842 5488 2973 5560 Reg.
3004 5498 3060 5542 et
3082 5488 3268 5557 Regm.
3293 5504 3307 5553 ;
3334 5487 3533 5553 ueteri,
3567 5503 3818 5560 essecon-

2233 5581 2433 5648 gruam.
2598 5562 2834 5648 acceptis.
2865 5558 3062 5648 .Cotlex
3102 5560 3433 5614 Turonensis
3474 5558 3613 5627 apud
3645 5558 3819 5613 More-

2231 5632 2355 5691 lium
2383 5637 2459 5689 sic
2486 5635 2646 5688 habet
2669 5650 2683 5688 :
2710 5634 2768 5686 Si
2794 5632 2929 5686 enim
2955 5634 3137 5685 domus
3164 5647 3418 5688 mea......
3447 5639 3688 5701 prastare
3714 5645 3818 5683 non

2233 5709 2715 5762 abnueram.........
2748 5704 2866 5757 huic
2900 5704 3141 5771 mysterio
3172 5718 3278 5756 esse
3305 5700 3602 5772 congruam.
3630 5702 3697 5754 Et
3726 5700 3820 5752 οὺς

2232 5793 2415 5864 serva“,
2447 5775 2926 5864 Ιιῳεει-ριῃξιιῖιιρίι
2954 5767 3109 5833 deest
3154 5772 3209 5833 in
3238 5774 3361 5833 cod.
3391 5767 3740 5841 Corbciensi,
3763 5770 3821 5836 in

2233 5865 2335 5910 ms.
2365 5847 2666 5909 'l‘uronensi
2690 5845 2895 5909 haberi.
