4028 6342
297 317 396 376 181

1257 303 1579 368 HISTORIA
1617 303 2070 366 FRANCORUM.
2114 301 2318 359 LIBER
2357 300 2634 367 PRIMUS.

3464 322 3572 410 ’δε

296 435 477 496 tannis
513 431 834 504 sumpsisset
880 429 1184 497 victoriam,
1217 444 1247 486 a
1303 431 1564 488 militibus
1589 431 1880 504 imperator
1905 431 1959 495 Δ
1986 428 2121 486 mitu
2149 443 2211 486 ac
2234 429 2486 504 lacrymis
2511 445 2632 501 quae
2657 429 3007 490 commiserat
3024 433 3259 505 diluens,
3289 435 3355 492 ad
3381 438 3573 497 urbem

293 538 509 587 creatus
541 536 645 584 est.
677 526 737 582 In
765 525 896 584 urbe
933 523 1218 580 Treverica
1275 523 1460 580 sedem
1518 524 1798 580 instituens
1827 528 1878 591 ι,

281 621 610 680 Gratianum
655 621 1031 690 imperatorem
1073 617 1496 674 circumventum
1543 614 1685 672 dolis
1708 616 1884 671 inter-

291 715 444 772 fecit.
475 713 558 770 Ad
590 714 732 770 hunc
759 711 1044 767 Maximum
1072 710 1262 767 beatus
1315 710 1572 766 Martinus
1615 707 1726 780 jam
1771 709 1883 778 cpi-

295 822 496 879 scopus
523 805 689 864 venit.
723 805 776 861 In
805 806 924 860 loco
949 818 1079 875 ergo
1107 803 1368 870 Gratiani,
1408 802 1748 860 Theodosius
1789 802 1884 860 ille

293 903 389 972 qui
420 910 584 957 totam
615 914 764 971 spem
795 898 849 955 in
889 899 1056 954 Deum
1105 907 1394 970 posuerat,
1429 905 1602 953 totum
1657 894 1884 964 suscipit

293 991 604 1062 imperium.
629 991 731 1059 Qui
757 991 1012 1061 deinceps
1029 989 1225 1062 divinis
1242 988 1490 1046 affatibus
1501 986 1693 1058 fretus,
1719 987 1884 1044 Mari-

296 1105 440 1145 mum
473 1088 754 1157 spoliatum
787 1088 1012 1158 imperio
1042 1086 1308 1159 interfecit
1333 1084 1383 1140 b.

371 1181 616 1238 XXXIX.
649 1182 802 1252 Apud
838 1183 1109 1236 Arvernos
1167 1194 1297 1237 vero
1343 1187 1462 1249 post
1515 1178 1882 1235 Stremonium

293 1272 610 1340 episcopum
669 1270 1202 1342 praedicatoremque,
1234 1268 1439 1339 primus
1477 1266 1760 1338 epiSCOpus
1785 1266 1885 1324 Ur-

294 1361 449 1416 bicus
482 1360 677 1426 fuit,ex
699 1360 1040 1416 senatoribus
1062 1374 1376 1425 conversus,
1401 1373 1624 1415 uxorem
1655 1358 1881 1426 habens,

293 1471 416 1524 quae
435 1454 586 1526 juxta
615 1453 1054 1512 consuetudinem
1102 1452 1546 1516 ecclesiasticam,
1597 1460 1803 1506 remota
1851 1466 1882 1506 a

295 1547 569 1602 consortio
595 1545 892 1610 sacerdotis
921 1545 1029 1616 30
1059 1544 1309 1616 religiose
1340 1543 1572 1599 vivebat.
1607 1542 1885 1598 Vaeabant

296 1637 444 1691 enim
490 1637 648 1692 ambo
702 1635 956 1702 orationi,
1024 1634 1402 1707 eleemosynis,
1427 1645 1587 1704 atque
1634 1634 1885 1704 operibus

305 1728 484 1786 bonis.
517 1727 758 1801 Cumque
789 1729 904 1784 haec
931 1736 1185 1799 agerent,
1210 1728 1347 1783 livor
1367 1727 1592 1793 inimici,
1625 1727 1715 1798 qui
1743 1742 1885 1783 sem-

1992 520 2262 591 propriam
2287 530 2370 578 est
2396 537 2692 593 reversus;
2720 525 2810 594 qui
2838 524 3058 595 impleto
3106 525 3233 582 vita:
3278 543 3439 584 cursu
3471 531 3572 586 mi-

1988 611 2163 684 gravit
2182 627 2210 667 a
2241 613 2461 669 saeculo.
2486 612 2618 669 Nata
2647 622 2734 669 est
2751 615 2893 670 enim
2925 615 2994 670 ab
3022 617 3122 672 hoc
3137 617 3424 674 concubitu
3452 629 3477 658 ο
3507 619 3574 676 Ii-

1989 701 2079 772 Iia,
2109 719 2231 774 qua:
2253 705 2307 760 in
2329 705 2587 776 religione
2605 710 2916 778 permansit.
2949 710 3064 779 Ipse
3083 725 3298 781 quoque
3318 712 3574 770 sacerdos

1987 813 2109 855 cum
2137 799 2366 871 conjuge
2393 808 2446 856 et
2469 800 2576 856 lilia
2606 801 2658 856 in
2681 812 2864 874 crypta
2891 803 3323 861 Cantobenneusi
3359 805 3405 874 ί,
3423 807 3574 879 justa

1991 905 2237 963 aggerem
2266 891 2534 963 publicum
2563 903 2587 942 ε
2619 904 2702 949 est
2747 897 3006 966 sepultus.
3035 897 3091 954 In
3122 899 3275 969 cujus
3322 900 3441 958 loco
3468 901 3574 958 Le-

1989 1003 2159 1058 gonus
2187 985 2215 1025 ¹ι
2238 987 2525 1058 episcOpus
2545 988 2884 1060 subrogatur.
3547 1016 3550 1018 ν

2061 1079 2174 1134 XL.
2207 1081 2323 1146 Quo
2346 1079 2618 1148 defuncto,
2658 1093 2876 1138 sanctus
2913 1081 3159 1140 Hillidius
3187 1086 3462 1154 successit,
3493 1083 3574 1143 vlr

1989 1173 2203 1228 eximite
2234 1173 2531 1226 sanctitatis
2559 1187 2621 1227 ac
2651 1173 2922 1242 prmelara
2964 1175 3203 1245 virtutis,
3225 1178 3314 1246 qui
3348 1179 3399 1232 in
3430 1189 3571 1233 tanta

1988 1263 2269 1318 sanctitate
2293 1263 2532 1329 emicuit,
2559 1273 2613 1319 ut
2645 1264 2780 1319 fama
2819 1265 2938 1336 ejus
2963 1266 3123 1322 etiam
3155 1277 3440 1327 extraneos
3467 1271 3571 1350 31

1991 1353 2128 1408 lines
2154 1354 2328 1410 adiret
2360 1372 2372 1408 :
2404 1353 2544 1410 unde
2571 1352 2769 1410 factum
2799 1365 2903 1420 est,
2933 1364 2993 1410 ut
3026 1353 3045 1394 ί
3079 1357 3418 1427 imperatoris
3445 1360 3576 1414 Tre-

1987 1447 2153 1502 veriei
2183 1448 2342 1502 ﬁliam
2378 1449 2649 1518 expetitus
2678 1463 2706 1503 a
2757 1449 2945 1518 spiritu
3006 1450 3282 1506 immundo
3337 1463 3572 1518 curaret,

1988 1539 2129 1608 quod
2160 1539 2213 1593 in
2244 1539 2382 1594 libro
2411 1538 2526 1606 illo,
2557 1555 2713 1610 quem
2744 1540 2810 1596 de
2838 1541 2955 1610 ejus
2988 1541 3106 1596 Vita
3129 1545 3570 1613 conscripsimus,

1988 1635 2428 1690 memoravimus.
2461 1634 2582 1690 Fuit
2614 1641 2817 1713 autem,
2849 1644 2907 1689 ut
2928 1633 3067 1690 fama
3089 1635 3273 1703 refert,
3309 1637 3461 1692 valde
3489 1651 3575 1693 se.

1968 1725 2092 1782 'nex
2123 1736 2178 1782 et
2200 1727 2389 1797 plenus
2417 1726 2650 1796 dierum,
2674 1727 2972 1796 plenusque
3000 1727 3152 1784 bonis
3182 1729 3455 1799 cperibus,
3483 1731 3575 1800 qui

299 1838 397 1896 per
418 1833 500 1880 est
528 1825 752 1882 amulos
777 1823 1068 1888 sanctitati,
1098 1831 1472 1878 commovetur
1499 1822 1552 1877 in
1579 1820 1836 1879 feminam
1864 1839 1879 1878 :
1913 1826 1962 1889 Β
1995 1817 2134 1874 felici
2165 1820 2649 1886 consummatione,
2681 1820 2803 1876 vitae
2835 1819 2993 1892 hujus
3015 1821 3322 1892 perfunctus
3340 1820 3574 1890 tramite,

297 1933 457 1986 quam
474 1919 526 1973 in
539 1916 1025 1988 concupiscentiam
1040 1917 1135 1972 viri
1150 1915 1698 1982 suceendens,novam
1718 1913 1884 1970 Evam

297 2009 485 2067 efficit.
518 2010 652 2066 Nam
688 2012 952 2068 succensa
981 2010 1172 2065 mulier
1206 2025 1238 2065 a
1267 2009 1521 2076 libidine,
1545 2020 1730 2082 operta
1763 2026 1887 2080 pec-

298 2100 405 2156 cati
431 2101 686 2166 tenebris,
721 2100 894 2173 pergit
920 2101 985 2155 ad
1009 2099 1224 2156 domum
1244 2099 1484 2156 ecclesia:
1515 2115 1609 2168 per
1639 2101 1887 2158 tenebras

300 2193 496 2250 metis.
529 2194 768 2267 Cumque
819 2193 1065 2249 obserata
1107 2195 1283 2248 omnia
1336 2191 1646 2262 reperisset,
1671 2194 1887 2264 pulsare

297 2286 444 2344 fores
489 2286 736 2343 ecclesiae
784 2285 975 2341 domus
1023 2285 1207 2355 erepit,
1264 2298 1326 2339 ac
1380 2299 1538 2339 voces
1583 2282 1887 2354 Itujusmodi

296 2380 473 2443 dare:
506 2381 795 2450 Quousque
843 2378 1099 2435 sacerdos
1147 2377 1395 2434 dormis?
1425 2392 1700 2448 quousque
1750 2379 1885 2433 ostia

297 2475 479 2531 clausa
500 2491 605 2532 non
629 2474 884 2532 reseras?
906 2489 1002 2530 cur
1030 2471 1311 2545 conjugem
1345 2482 1367 2510 °
1392 2471 1640 2542 spernis?
1671 2486 1766 2526 cur
1791 2471 1885 2527 ob-

295 2568 502 2625 duratis
525 2569 743 2624 auribus
770 2567 919 2622 Pauli
961 2575 1228 2637 praecepta
1271 2579 1376 2620 non
1424 2563 1623 2620 audis?
1654 2563 1886 2634 Scripsit

296 2663 442 2720 enim
474 2682 487 2718 :
517 2662 849 2718 Revertimini
891 2662 959 2716 ad
980 2661 1304 2726 alterutrum,
1335 2676 1399 2714 ne
1428 2669 1580 2714 tentet
1607 2675 1693 2713 vos
1728 2659 1886 2714 Sata-

296 2769 416 2808 nas.
445 2753 584 2808 Ecce
605 2767 702 2824 ego
726 2753 794 2806 ad
827 2761 878 2807 te
899 2763 1165 2818 revertor,
1192 2766 1294 2807 nec
1317 2751 1381 2806 ad
1411 2762 1754 2817 extraneum,
1789 2752 1884 2806 sed

296 2843 370 2897 ad
403 2843 674 2912 proprium
708 2859 800 2898 vas
822 2857 1064 2898 recurro.
1092 2844 1214 2899 Ilaec
1238 2853 1292 2899 et
1322 2844 1404 2899 liis
1436 2844 1632 2898 similia
1667 2844 1754 2900 diu
1785 2845 1884 2900 de-

299 2935 554 2990 clamanti
587 2932 636 3002 ἀ,
663 2936 878 2992 tandem
902 2935 1203 2992 sacerdotis
1240 2937 1463 3004 tepescit
1492 2937 1700 3006 religio.
1728 2936 1888 2994 .lubet

300 3042 417 3083 eam
450 3027 700 3084 cubiculo
742 3029 1046 3094 intromitti,
1073 3045 1309 3101 ususque
1331 3030 1615 3085 concubitu
1637 3031 1755 3101 ejus
1779 3031 1886 3086 dis-

303 3122 494 3179 cedere
529 3122 702 3196 jubet.
737 3123 944 3180 Dehinc
988 3124 1190 3180 tardius
1211 3125 1274 3179 ad
1319 3139 1378 3180 se
1423 3140 1693 3189 reversus,
1724 3133 1780 3180 et
1818 3124 1885 3181 de

1989 1913 2233 1983 migravit
2259 1913 2325 1968 ad
2353 1913 2648 1981 Christum,
2674 1913 3030 1984 sepultusque
3063 1915 3114 1969 in
3145 1924 3352 1986 crypta,
3383 1915 3574 1970 subur-

1989 2005 2128 2060 bano
2158 2005 2173 2056 l
2209 2005 2613 2068 civitatisillius.
2634 2006 2826 2063 Habuit
2847 2015 3024 2062 autem
3047 2017 3100 2062 et
3121 2007 3573 2075 archidiaconum,

1990 2096 2206 2152 nomine
2237 2106 2291 2151 et
2310 2097 2505 2153 merito
2527 2097 2736 2153 Justum
2765 2096 2814 2164 ιι,
2847 2101 2934 2167 qui
2959 2109 3011 2154 et
3032 2115 3245 2154 cursum
3270 2102 3392 2156 vitae
3422 2100 3574 2156 bonis

1989 2205 2368 2246 consummans
2395 2193 2664 2261 operibus,
2695 2194 2931 2262 magistri
2959 2193 3161 2250 tumulo
3180 2195 3429 2249 sociatur.
3457 2193 3573 2250 Jam

1988 2299 2118 2340 vero
2147 2293 2264 2354 post
2286 2285 2565 2340 transitum
2599 2285 2737 2340 heati
2771 2285 2970 2340 IIIIIItIII
2993 2286 3344 2354 confessoris,
3370 2287 3436 2341 ad
3459 2287 3573 2359 glo-

1989 2379 2187 2434 riosum
2220 2377 2338 2448 ejus
2376 2379 2679 2447 sepulcrum
2728 2385 2890 2432 tantm
2941 2377 3164 2433 virtutes
3207 2387 3490 2449 apparent,
3516 2387 3574 2434 ut

1989 2484 2090 2526 nec
2110 2469 2269 2525 scribi
2295 2470 2500 2540 integre
2523 2478 2741 2542 queant,
2769 2486 2866 2527 nec
2885 2473 3140 2527 memoria
3169 2473 3409 2529 retineri.
3441 2475 3573 2531 lluIc

1989 2571 2204 2621 sanctus
2231 2563 2558 2632 Nepotianus
2579 2565 2853 2619 successit.

2061 2653 2198 2710 XLI.
2241 2653 2403 2725 Igitur
2454 2655 2592 2725 apud
2645 2659 2914 2712 Arvernos
2966 2666 3183 2713 sanctus
3236 2657 3569 2730 Nepotianus

1989 2752 2243 2823 quartus1
2267 2755 2561 2812 habebatur
2581 2756 2885 2826 episcopus.
2916 2757 2960 2811 A
2984 2756 3231 2813 Treveris
3263 2775 3390 2814 vero
3413 2760 3572 2830 legali

1989 2847 2042 2901 in
2078 2847 2383 2917 Hispaniam
2421 2849 2812 2903 mittebantur:
2842 2865 2905 2904 ex
2935 2849 3127 2919 quibus
3159 2851 3428 2907 Artemius
3455 2853 3573 2921 qui-

1989 2940 2135 3007 dam,
2168 2941 2499 2996 admirabilis
2543 2943 2820 3011 sapientia:
2869 2952 3028 3012 atque
3059 2943 3492 3012 pulelicitudinis,
3517 2955 3572 3000 et

1989 3033 2161 3104 prima
2194 3039 2352 3087 relate
2382 3032 2599 3097 ﬂorens,
2626 3033 2676 3086 vi
2706 3033 2932 3088 febrium
2983 3041 3065 3088 est
3091 3042 3388 3103 correptus.
3422 3033 3571 3091 Prte-

1990 3125 2305 3182 cedentibus
2335 3140 2463 3180 vero
2485 3125 2629 3191 aliis,
2657 3125 2744 3180 hic
2765 3126 2902 3196 apud
2920 3128 3199 3206 .Arvernos
3231 3139 3462 3198 aegrotus
3489 3143 3574 3184 re-

305 3223 608 3284 perpetrato
634 3214 838 3272 scelere
868 3215 1185 3282 condolens,
1215 3225 1432 3272 acturus
1489 3217 1881 3286 paenitentiam,
1916 3220 1961 3284 C
1992 3219 2270 3291 linquitur.
2294 3217 2422 3272 Nam
2448 3233 2512 3274 eo
2544 3225 2787 3288 tempore
2818 3220 2957 3290 apud
3005 3220 3270 3276 Treveros
3323 3223 3561 3294 sponsali

306 3305 551 3366 limcesis
571 3322 683 3364 sua:
716 3308 1101 3366 monasterium
1159 3309 1402 3379 expetit:
1430 3308 1608 3380 ibique
1634 3322 1755 3363 cum
1792 3324 1884 3380 ge-

380 3477 405 3506 ⁸
435 3469 577 3524 Idem
608 3469 756 3533 eod.,
788 3469 956 3525 sedem
982 3469 1079 3524 sibi
1102 3471 1431 3525 constituens.

373 3537 536 3613 builic
563 3540 761 3596 desinit
791 3541 960 3597 liberi
993 3542 1044 3595 in
1086 3543 1208 3596 cod.
1257 3541 1446 3609 Regio.
1476 3539 1682 3613 Caetera
1715 3557 1886 3613 usque

307 3610 376 3665 ad
406 3611 599 3666 librum
625 3629 665 3666 tr
695 3613 884 3668 desunt
913 3651 928 3676 ,
957 3621 1153 3681 praeter
1196 3613 1523 3678 clausulam;
1560 3610 1884 3683 Explicit'li-

306 3685 394 3737 ber
417 3699 432 3738 ι
455 3700 486 3736 a
517 3684 772 3751 principio
798 3684 976 3738 mundi
1006 3684 1524 3752 usqueadtransitum
1546 3686 1709 3740 sancti
1741 3685 1889 3740 Mar-

307 3753 421 3818 tini,
453 3765 811 3824 computantur
837 3753 1134 3812 αηηὶὅῦίϐ.
1161 3755 1214 3809 1η
1240 3757 1358 3809 cod.
1385 3770 1512 3810 vero
1541 3756 1703 3810 Corb.
1733 3757 1885 3811 ornit-

309 3833 490 3878 tuntur
519 3834 748 3891 quatuor
777 3825 1054 3896 sequentia
1093 3826 1347 3894 capitula,
1411 3826 1506 3882 sed
1559 3826 1784 3882 habetur
1806 3829 1886 3882 ul-

307 3896 520 3969 timum.
544 3897 598 3950 In
632 3897 885 3969 Vaticano
907 3897 1094 3953 codice
1105 3897 1292 3969 eadem
1316 3905 1544 3967 quatuor
1555 3899 1884 3969 capita,quae

306 3979 414 4040 non
439 3967 596 4023 habet
619 3969 786 4027 codex
803 3968 1159 4032 Corbeiensis,
1181 3968 1573 4026 desiderantur.
1607 3969 1702 4024 Hie
1725 3967 1887 4040 porro

307 4037 566 4108 adnotare
606 4039 762 4094 liceat
809 4039 1051 4108 quaedam
1084 4040 1185 4094 alia
1233 4040 1406 4102 capita
1445 4054 1567 4108 quae
1606 4039 1656 4093 in
1696 4037 1885 4096 eodem

307 4107 495 4162 codice
528 4107 781 4164 Vaticano
810 4107 1003 4164 desunt
1052 4110 1104 4163 in
1139 4111 1410 4170 prioribus
1439 4107 1681 4178 Gregorii
1711 4111 1886 4177 libris,

307 4180 474 4251 quod,
505 4181 749 4251 catalogo
785 4197 969 4236 eorum
995 4180 1229 4235 nondum
1257 4188 1497 4248 recepto,
1527 4195 1591 4235 ea
1618 4182 1728 4236 suis
1758 4183 1888 4240 locis

305 4249 586 4322 assignare
613 4249 826 4308 fas'non
875 4251 1052 4306 fuerit.
1080 4251 1264 4320 Itaque
1294 4260 1492 4322 praeter
1536 4260 1889 4319 quatuorea-

308 4321 416 4392 pila
433 4334 723 4378 memorata
751 4338 868 4396 qua:
895 4322 944 4376 in
975 4324 1110 4376 libro
1134 4325 1305 4448 Erimo
1336 4339 1438 4376 non
1473 4322 1763 4388 habentur,
1793 4325 1884 4378 de-

309 4402 434 4445 sunt
457 4392 507 4445 in
535 4392 672 4447 libro
701 4410 737 4448 ll
769 4395 939 4448 canita
981 4392 1067 4448 11.
1099 4395 1121 4448 1
1175 4437 1188 4448 .
1217 4393 1302 4448 16.
1337 4394 1423 4448 17.
1454 4392 1546 4448 21.
1575 4392 1666 4448 22.
1695 4393 1788 4448 2'5.
1819 4395 1884 4448 αλδ

309 4402 434 4445 sunt
457 4392 507 4445 in
535 4392 672 4447 libro
701 4410 737 4448 ll
769 4392 939 4462 capita
981 4392 1067 4461 11,
1099 4392 1188 4460 15,
1217 4393 1302 4455 16,
1337 4394 1423 4460 17,
1454 4392 1546 4461 SI,
1575 4392 1666 4458 22,
1695 4393 1788 4461 2'5,
1819 4395 1888 4449 9.6

308 4470 362 4516 et
393 4463 499 4527 59;
545 4465 716 4532 capita
761 4466 933 4519 verni
968 4469 1078 4518 ets
1121 4481 1226 4518 non
1278 4467 1492 4533 quidem
1539 4474 1751 4521 exstant
1792 4481 1890 4533 suo

309 4533 450 4600 loco,
474 4535 568 4591 sed
598 4536 648 4590 in
676 4535 779 4592 fine
804 4535 922 4590 libri
948 4536 1232 4592 habentur.
1259 4536 1313 4590 In
1340 4536 1476 4592 libro
1506 4552 1555 4591 tv
1596 4536 1892 4594 desuntca-

1993 3321 2109 3369 erat
2135 3311 2350 3367 vinculo
2379 3325 2567 3367 nexus.
2601 3315 2637 3366 A
2665 3321 2851 3367 sancto
2896 3321 3074 3368 autem
3122 3313 3418 3384 Nepotiane
3450 3314 3573 3371 visi-

1988 3470 2421 3543 Claromontensi
2452 3470 2698 3543 saeculari
2730 3478 2849 3539 toga
2869 3471 3067 3528 donato
3095 3473 3335 3542 regulam
3360 3474 3575 3543 eiurare

1989 3543 2298 3614 noluerunt.
2326 3542 2389 3614 In,
2420 3541 2609 3614 eodem
2663 3551 2839 3614 tamen
2883 3543 3086 3609 libello,
3113 3541 3232 3614 cap.
3261 3546 3313 3610 8,
3355 3541 3575 3604 sanctus

1991 3613 2214 3684 Urbicus
2244 3613 2482 3684 sepultus
2511 3612 2704 3667 dicitur
2730 3613 2780 3667 in
2813 3615 3034 3669 ecclesia
3077 3612 3248 3672 sancti
3279 3617 3436 3684 Galli,
3476 3618 3574 3673 sed

1986 3683 2095 3752 jam
2128 3684 2262 3738 forte
2285 3683 2402 3738 loco
2431 3692 2609 3737 motus
2661 3687 2850 3738 fuerat.
2888 3685 2952 3739 Et
2980 3685 3193 3754 quidem
3240 3683 3435 3751 postea
3472 3689 3570 3744 ite-

1989 3770 2104 3809 rum
2132 3757 2418 3808 translatus
2441 3766 2520 3809 est
2554 3756 2603 3807 in
2626 3755 2905 3809 ecclesiam
2927 3757 3095 3810 sancti
3131 3757 3306 3811 lllidii.
3334 3759 3406 3813 De
3433 3758 3574 3815 Can-

1990 3826 2306 3896 tobenuensi
2340 3828 2662 3880 monasterio
2700 3826 2872 3892 agitur
2923 3827 3059 3882 infra
3088 3827 3180 3882 lib.
3214 3844 3272 3893 ll,
3309 3844 3425 3896 cap.
3477 3831 3572 3886 21.

1991 3895 2259 3971 I_I_0bert_us_
2271 3896 2438 3971 abbas
2466 3896 2882 3971 Catilinobensis
2922 3906 3252 3971 memoratur
3278 3899 3328 3952 in
3373 3895 3574 3971 appen-

1989 3965 2113 4040 diee
2135 3968 2199 4022 ad
2222 3968 2506 4040 llismriam
2529 3967 2913 4040 translationis
2954 3969 3010 4022 S.
3042 3969 3404 4040 Austrentonii
3428 3965 3571 4040 apud

1989 4036 2157 4092 Labb.
2191 4047 2319 4091 tom.
2354 4036 2395 4090 II
2430 4036 2678 4090 Biblioth.
2707 4052 2878 4107 novae,
2908 4054 3030 4107 pag.
3067 4038 3192 4093 506.

2063 4117 2089 4158 tt
2123 4108 2266 4183 Editi
2288 4107 2396 4183 duo
2453 4107 2668 4183 habent,
2715 4106 3050 4183 Publiunum.
3103 4110 3323 4183 Aggeris
3375 4112 3574 4183 publici

1990 4181 2207 4248 nomine
2238 4179 2586 4248 designantur
2615 4179 2715 4234 via:
2745 4179 2971 4248 publica;
3000 4195 3094 4234 seu
3118 4179 3400 4238 militares.

2060 4247 2088 4288 ¹ι
2119 4253 2197 4304 An
2231 4247 2446 4305 sanctus
2468 4247 2781 4320 Linguinus,
2812 4251 2899 4319 qui
2929 4250 2980 4305 in
3011 4252 3237 4307 ecclesia
3267 4255 3433 4309 sancti
3465 4254 3573 4310 Ve-

1992 4321 2213 4377 nerantli
2245 4321 2482 4389 sepultus
2525 4321 2720 4375 dicitur
2759 4335 2878 4390 cap.
2908 4322 2974 4376 I0
3000 4321 3116 4377 libri
3158 4339 3174 4377 ι
3215 4323 3283 4379 de
3330 4325 3572 4382 ecclesiis

1993 4395 2423 4470 Claromontens.
2458 4391 2608 4446 Hune
2654 4392 2827 4470 potius
2856 4407 2978 4470 esse
3028 4393 3317 4470 Liminium
3366 4408 3574 4470 marty-

1992 4480 2104 4520 rem
2131 4473 2291 4536 putat
2323 4463 2552 4536 Savaro,
2584 4471 2638 4536 et
2665 4463 2877 4536 quidem
2912 4464 3004 4536 lib.
3031 4480 3089 4530 ll,
3111 4481 3229 4533 cap.
3262 4468 3348 4536 18,
3373 4463 3575 4525 memb-

1995 4533 2145 4589 ratur
2184 4535 2407 4590 ecclesia
2451 4533 2620 4589 sancti
2662 4533 2978 4603 Leogontii,
3027 4537 3114 4590 ubi
3159 4537 3297 4592 idem
3334 4533 3572 4603 Sanctus,

310 4605 418 4676 pita
467 4614 718 4676 quatuor,
759 4607 966 4662 scilicet
991 4605 1043 4671 5,
1074 4606 1126 4670 6,
1154 4607 1208 4674 7,
1235 4607 1320 4662 12.
1371 4607 1426 4662 In
1469 4607 1652 4675 quinto
1694 4607 1891 4676 desunt
1920 4601 1968 4660 D
1993 4621 2150 4676 quem
2195 4603 2437 4674 Gregorii
2475 4605 2749 4676 Legonum
2780 4601 2907 4660 'esse
2942 4615 3089 4674 putat
3133 4606 3356 4676 Savaro,
3383 4601 3575 4666 dicitur

311 4675 588 4746 tr_etlecim,
624 4690 812 4746 tietnpc
849 4677 902 4744 5,
927 4678 978 4743 7,
1002 4677 1053 4741 9,
1086 4677 1173 4741 10,
1208 4678 1296 4746 12,
1326 4678 1416 4741 55,
1439 4677 1526 4743 57,
1559 4676 1649 4743 58,
1679 4675 1768 4743 41,
1795 4677 1886 4744 «IS,

309 4740 404 4808 46,
429 4748 518 4810 47,
545 4740 632 4800 49,
666 4740 868 4802 εωίω
889 4740 1005 4803 suis
1037 4740 1168 4802 locis
1187 4740 1534 4804 annotantur.

278 4839 285 4846 υ
339 4889 349 4892 Α
386 4827 408 4855 ⁸
441 4819 563 4873 Bcc.
591 4827 645 4872 et
675 4821 882 4890 Itegtn.,
907 4820 1277 4892 cursatellitem
1298 4819 1559 4892 spernis...
1584 4834 1674 4873 cur
1697 4819 1895 4892 obtura-

310 4889 398 4961 ρο,
431 4899 572 4961 θιί·,;
601 4904 756 4960 supra
783 4905 900 4961 cap.
933 4891 964 4942 ‘2
986 4931 1000 4956 ,
1031 4891 1111 4943 vir
1133 4889 1337 4946 satelles
1368 4891 1685 4961 appellatur.
1711 4890 1891 4946 Codex

310 4957 516 5028 Turon.
558 4957 713 5017 habet
739 4957 897 5016 etiam
940 4977 1030 5013 cur
1056 4962 1349 5028 satellitem,
1386 4957 1490 5016 etc.

385 5026 559 5100 (1(ὶοι1.
593 5030 750 5099 lieg.,
778 5031 1111 5096 declamante,
1147 5026 1348 5087 tandem
1398 5032 1636 5086 sacerdos
1693 5033 1898 5100 tepescit

308 5099 438 5174 relig
461 5115 610 5165 usus;
628 5104 872 5171 jubetque
922 5120 1030 5156 eam
1060 5104 1350 5158 cubiculum
1381 5103 1612 5168 introire,
1644 5113 1755 5174 post
1776 5119 1898 5158 con-

309 5170 533 5226 cubitum
560 5187 675 5227 oero
699 5170 974 5228 discedere.

389 5243 534 5315 e'Ed.
574 5253 628 5300 et
676 5245 826 5310 Bec.,
879 5252 1146 5315 conceptu,
1203 5244 1606 5302 Observandum
1656 5245 1745 5302 hic
1787 5245 1899 5300 reti-

312 5312 481 5386 gionis
506 5330 692 5372 vocem
718 5317 780 5370 ad
807 5312 1214 5386 exprimendum
1239 5315 1358 5370 vitae
1385 5315 1671 5373 sanctioris
1697 5326 1896 5373 statum

310 5382 626 5458 adhibitam.
662 5387 814 5453 Quod
846 5382 898 5458 et
924 5387 1119 5458 saepius
1141 5386 1432 5458 Gregorius
1458 5387 1816 5458 facitpassim.

393 5451 410 5527 ἵ
446 5453 578 5527 Cod.
627 5451 757 5524 Iiég.
780 5500 795 5526 ,
830 5451 1442 5524 Catabénncnsifliad"
1492 5451 1890 5527 Cantobonenst',

313 5523 471 5599 vulgo
502 5523 884 5594 C/mntoin,vubi
911 5531 1112 5584 exstitit
1142 5536 1322 5595 postea
1348 5523 1729 5584 monasterium
1756 5523 1893 5599 puel;

308 5595 515 5670 larum,
536 5599 690 5670 cujus
730 5601 952 5656 ecclesia
972 5600 1144 5656 dicata
1171 5599 1267 5656 fuit
1293 5609 1480 5655 sancto
1505 5599 1680 5666 Petro,
1714 5595 1769 5653 ut
1799 5600 1894 5653 ha-

312 5665 468 5740 betur
504 5667 555 5724 in
601 5665 842 5740 catalogo
885 5671 1235 5727 ecclesiarum
1303 5669 1822 5726 Claromontensium
1862 5685 1891 5724 a

310 5734 587 5814 Savarone
630 5734 802 5814 edito,
855 5740 948 5800 lib.
982 5757 1041 5814 _t,
1080 5758 1198 5814 cap.
1239 5740 1330 5814 .26.
1382 5743 1493 5797 Iluc
1553 5748 1894 5814 secesserunt

307 5808 556 5867 canonici
588 5811 863 5886 regulares
888 5811 1130 5873 ecclesia:
1147 5808 1502 5883 'cathedralis,
1540 5811 1629 5884 qui
1659 5812 1894 5886 capitulo

2029 4691 2286 4732 IIIt'SCeI‘e.

1990 4692 2355 4804 qu'i“ss(i:r§ia.
2391 4747 2578 4817 Regm.
2603 4754 2660 4802 et
2687 4745 2818 4801 edit.
2871 4745 3006 4801 Bad.
3033 4762 3048 4812 ;
3079 4748 3284 4816 caeteri,
3309 4759 3362 4810 ut
3391 4751 3454 4807 ab
3483 4753 3576 4808 im-

1993 4820 2241 4888 peratoris
2275 4818 2523 4872 Treverici
2553 4819 2660 4885 ﬁlia
2683 4817 2963 4888 expetitus,
2988 4827 3044 4870 ut
3074 4821 3282 4887 spiritu,
3310 4830 3416 4876 etc.

2070 4889 2085 4960 1:
2136 4889 2235 4960 Ed.
2253 4889 2379 4943 Bad.
2398 4889 2555 4943 habet
2578 4888 2817 4943 suburbio
2833 4905 2853 4953 ;
2871 4887 2998 4960 cod.
3013 4889 3224 4960 Regnu,
3253 4893 3516 4946 suburban
3529 4910 3574 4947 τ.

2075 4956 2099 4996 ιι
2131 4959 2458 5014 Memoratur
2484 4960 2623 5014 inter
2659 4967 2873 5014 sanctos
2912 4956 3354 5029 quiin'ecclesia
3380 4961 3438 5017 S.
3472 4963 3576 5016 Illi-

2001 5029 2073 5084 dii
2097 5029 2467 5102 quiescebant,
2495 5029 2587 5082 lib.
2619 5045 2636 5084 1
2664 5032 2728 5083 de
2757 5028 3342 5102 eccles’aClaromonL,
3369 5047 3486 5100 cap.
3516 5050 3576 5102 Il,

2000 5115 2299 5170 quanquam
2331 5100 2612 5170 episcopus
2663 5101 2921 5163 mendose
2969 5100 3024 5154 in
3067 5101 3412 5170 inscriptione
3439 5100 3577 5158 dici;

2001 5179 2117 5242 tur.
2143 5170 2254 5225 Nisi
2309 5171 2444 5242 forte
2473 5170 2722 5242 duo_sint
2752 5170 2913 5240 JuSti,
2956 5186 3100 5227 unus
3147 5172 3576 5242 archidiaconus,

2000 5250 2055 5296 et
2076 5241 2210 5295 alter
2235 5240 2701 5311 episcopus.7Natn
2731 5242 2878 5296 etin
2917 5243 3109 5297 eodem
3145 5242 3303 5311 libro,
3337 5259 3454 5311 cap.
3489 5240 3576 5311 I4,

1999 5312 2182 5369 Justus
2211 5313 2265 5367 in
2294 5312 2522 5368 ecclesia
2546 5310 2603 5382 S.
2635 5310 3342 5382 Cyriciquiesceredicitur.
3379 5310 3440 5374 ν.
3475 5310 3584 5370 Sir.

1941 5405 1947 5411 ·
2000 5385 2184 5439 mood.
2219 5383 2271 5438 in
2301 5397 2388 5452 ep.
2417 5399 2472 5445 tt.
2498 5381 2592 5437 lib.
2627 5381 2937 5452 terSidonli
2980 5382 3114 5437 Iusti
3149 5385 3338 5440 festum
3373 5385 3425 5440 in
3479 5387 3582 5439 Illi-

1998 5456 2170 5511 dianis
2202 5450 2395 5514 tabulis
2418 5455 2503 5508 die
2545 5452 2609 5507 12
2635 5450 2755 5506 Kal.
2785 5451 3100 5508 Novembris
3124 5467 3471 5512 memoratur.
3507 5456 3584 5512 De

1996 5528 2056 5582 S.
2089 5525 2258 5598 Illidio
2281 5526 2428 5596 plura
2452 5524 2696 5598 dicemus
2717 5521 2782 5578 ad
2819 5522 2937 5594 ejus
2961 5522 3154 5595 Vitam,
3179 5541 3301 5598 quin
3332 5535 3416 5584 est
3441 5529 3583 5583 inter

2004 5598 2151 5653 Vitas
2179 5597 2416 5662 Patrum,
2441 5611 2559 5665 cap.
2585 5596 2640 5648 2.

2076 5667 2092 5706 ι
2130 5667 2304 5722 Etiam
2330 5669 2481 5735 juxta
2510 5663 2750 5739 Gregorii
2781 5663 3043 5739 calculum
3074 5663 3400 5739 Nepotianus
3427 5683 3583 5739 qum-

1943 5747 1946 5750 ’
1993 5747 2080 5796 tus
2104 5748 2187 5794 est
2208 5740 2571 5809 Arvernorum
2596 5735 3010 5809 episcopusLDe
3037 5735 3155 5806 ejus
3175 5736 3424 5809 sepulcro
3445 5735 3578 5797 'vide

1993 5810 2066 5867 lib
2118 5809 2186 5868 de
2215 5807 2394 5866 Gloria
2421 5805 2692 5890 Conless.,
2716 5805 2837 5882 cap.
2859 5807 2950 5868 57.
