4028 6342
472 410 581 468 125

1466 387 1524 447 S.
1564 378 1893 445 GREGORII
1930 370 2255 436 EPISCOPI
2290 361 2722 427 TURONENSIS

3650 340 3766 404 184

473 541 640 597 tatus,
666 536 826 599 atque
854 523 974 581 oleo
997 526 1183 577 sancto
1204 522 1514 588 perunctus,
1540 476 1808 565 tribuente
1830 501 2057 558 Domino
2085 496 2140 558 Α
2163 494 2328 551 buere
2350 496 2626 563 parentes,
2643 493 2700 542 et
2722 481 2785 539 ad
2806 474 3201 555 propagandam
3224 466 3624 599 generatignem
3647 463 3763 537 33

1936 597 1944 599 ‘
2267 583 2279 595 '
2386 598 2415 599 η
2443 596 2479 599 Α-
2529 579 2790 599 κιι--η--ρι
2860 588 2923 599 -ι-
2952 567 3332 599 -ΛΔΔΑΔηΙῖΙιηε
3363 561 3439 599 Δία
3501 575 3533 599 ρ
3553 557 3763 599 mund“

474 628 718 688 redditur
738 597 971 679 sanitati.
1010 618 1111 686 Qui
1141 629 1262 669 cum
1292 611 1361 665 ab
1391 607 1581 664 eodem
1626 611 1811 659 sancto
1837 597 2058 652 verbum

478 698 875 794 praedicationis
906 711 1222 779 accepisset,
1248 704 1448 759 oblitus
1471 709 1578 756 tam
1602 708 1855 766 sponsam
1888 698 2058 745 terre-

2162 583 2486 654 ronjungere
2505 579 2827 643 voluerunt,
2858 588 2925 629 ne
2952 567 3335 627 recedentibus
3363 561 3440 617 eis
3466 560 3533 615 de
3553 557 3764 613 mundo

2162 676 2474 735 succederet
2504 674 2674 728 haeres
2701 678 3009 724 extraneus.
3031 662 3130 719 Cui
3162 660 3253 714 illa
3279 674 3295 713 :
3323 654 3462 712 Nihil
3496 660 3577 707 est
3596 666 3759 705 mun-

519 744 875 778 RBUICiluuula
906 744 1222 779 αιυυγιδσυι,
1249 744 1448 759 vanu...
1473 744 1578 756 ω...
1604 744 1851 766 -.νἮηρη
1922 744 1931 745 ,

478 744 631 880 fiam,
684 822 842 880 quam
890 804 1166 859 facultates
1220 795 1488 868 preprias,
1525 798 1726 845 sancta:
1780 783 2064 854 copulatur
2165 770 2285 833 dus,
2314 767 2445 821 nihil
2473 773 2598 821 sunt
2626 762 2847 824 divitiae,
2879 757 3009 814 nihil
3037 762 3121 811 est
3145 764 3340 821 pompa
3368 746 3548 804 sicculi
3576 744 3760 814 huius,

2208 867 2239 880 "
2265 865 2297 880 "
2357 872 2422 880 π-
2460 863 2556 880 ηει-
2609 858 2716 880 ἔρ--
2770 870 2863 880 η-.-
2896 853 3122 880 nat“...-
3148 866 3160 879 .
3195 847 3287 880 ροιι
3322 845 3408 880 illa
3441 844 3609 880 mania
3645 840 3759 880 νῖιο

480 903 764 969 Ecclesiae,
798 900 1076 966 factusque
1101 892 1329 948 clericus
1381 888 1434 943 in
1486 892 1629 939 tanta
1678 880 1930 952 praelatus

1984 882 2067 930 est
2168 865 2299 922 nihil
2345 872 2428 919 est
2457 863 2563 916 vita
2608 858 2719 928 ipsa
2766 870 2866 927 qua
2896 853 3161 909 fruimur:
3195 847 3289 903 sed
3322 845 3409 899 illa
3441 844 3611 911 magis
3645 840 3761 894 vita

481 933 764 969 DCClcalw,
799 933 1076 966 ισυιυειιυν
1102 933 1329 948 νινε-νυν
1382 933 1434 943 ...
1488 933 1627 939 -...---
1681 933 1705 952 r
1749 933 1758 935 ν

481 997 792 1069 sanctitate,
824 1000 880 1047 ut
901 991 1056 1045 beato
1086 984 1383 1054 Nepotiane
1408 989 1691 1035 successor
1717 972 1974 1028 existeret
1999 965 2066 1021 ad
2169 956 2457 1030 quaerenda
2486 962 2609 1019 est,
2640 965 2756 1020 qua:
2787 955 2959 1004 morte
2988 943 3310 1000 terminante
3337 952 3443 992 non
3470 933 3765 995 clauditur,

2322 1054 2353 1069 ιν
2374 1052 2397 1069 L
2418 1066 2431 1069 μ
2462 1050 2563 1069 μη-
2593 1062 2694 1069 _-..
2724 1044 2945 1069 --|..:.....
2990 1054 3092 1069 ..ιω
3122 1037 3303 1069 ..κη-ιη
3324 1044 3517 1069 nonam
3555 1026 3761 1069 ﬁnitur-

483 1088 753 1162 regendas
780 1082 957 1157 gregis
989 1077 1253 1135 Dominici
1286 1075 1467 1129 caulas
1498 1078 1547 1123 ι.

557 1154 718 1238 Ξίιιι.
751 1154 856 1232 Per
877 1174 1019 1229 idem
1044 1180 1257 1239 tempus
1288 1166 1584 1235 lnjuriosus
1630 1157 1844 1230 quidam
1874 1154 1943 1210 de
1983 1168 2065 1209 se-

486 1272 765 1334 natoribus
796 1265 1076 1331 Arvernis,
1107 1276 1227 1319 cum
1260 1258 1466 1329 magnis
1494 1255 1684 1326 opibus
1707 1252 1939 1307 similem
1967 1248 2071 1303 sibi

483 1368 544 1426 in
572 1363 820 1435 coniugio
841 1358 1072 1430 puellam
1095 1352 1334 1423 expetiit,
1356 1351 1587 1419 datoque
1615 1344 1900 1407 arrabone,
1929 1341 2073 1396 diem

486 1456 766 1517 constituit
793 1452 1119 1522 nuptiarum.
1145 1448 1270 1502 Erat
1310 1452 1489 1499 autem
1514 1451 1744 1510 uterque
1767 1436 1955 1491 unicus
1984 1448 2077 1504 pa-

487 1553 578 1609 tri.
608 1548 944 1606 Adveniente
974 1556 1103 1598 vero
1118 1541 1226 1605 die,
1258 1537 1526 1594 celebrata
1553 1533 1857 1603 nuptiarum
1890 1529 2079 1583 solem-

488 1648 684 1709 nitate,
716 1643 770 1698 in
799 1654 906 1695 uno
943 1644 1114 1693 strato
1172 1648 1240 1689 ex
1301 1644 1453 1685 more
1498 1629 1761 1684 locantur.
1817 1624 1924 1694 32
1973 1619 2080 1677 Sed

488 1743 667 1818 puella
690 1738 923 1810 graviter
944 1733 1281 1797 contristata,
1314 1742 1500 1783 aversa
1526 1724 1592 1779 ad
1626 1722 1900 1793 parietem,
1931 1733 2079 1773 ama-

490 1811 711 1893 rissime
739 1830 917 1885 flebat.
973 1826 1069 1881 Cui
1126 1824 1215 1878 ille
1240 1840 1253 1876 :
1281 1821 1444 1889 Quid,
1476 1818 1667 1889 inquit,
1697 1812 1970 1869 turbaris?
1995 1811 2081 1866 ln-

492 1928 636 1995 dica,
660 1938 865 1996 quasso,
900 1919 1055 1977 mihi.
1087 1918 1284 1987 lllaque
1328 1915 1544 1980 silente,
1579 1910 1777 1980 adjecit
1822 1909 1904 1963 vir
1934 1925 1945 1961 :
1970 1908 2077 1962 0b-

494 2034 655 2077 secro
686 2026 737 2073 te
770 2031 863 2086 per
895 2013 1075 2070 Jesum
1106 2009 1378 2066 Christum
1432 2006 1625 2062 Filium
1678 2002 1792 2068 Dei,
1842 2011 1898 2055 ut
1952 2000 2081 2055 mihi

495 2110 624 2185 quid
653 2110 839 2165 doleas
886 2106 1157 2176 sapienter
1186 2115 1443 2171 exponas.
1480 2098 1629 2152 Tunc
1685 2096 1774 2151 illa
1820 2107 2085 2150 conversa

502 2205 573 2262 ad
602 2219 745 2269 eum,
772 2203 846 2257 ait
878 2218 891 2255 :
926 2199 983 2256 Si
1006 2197 1252 2254 omnibus
1281 2194 1471 2251 diebus
1502 2193 1625 2248 vita:
1648 2206 1780 2246 mea:
1816 2189 2083 2260 plangam,

494 2297 735 2369 nunquid
764 2303 922 2351 tanta:
938 2302 1096 2349 erunt
1119 2291 1393 2362 lacrymac,
1420 2296 1480 2343 ut
1508 2294 1704 2358 queant
1732 2284 1949 2339 abluere
1980 2292 2087 2337 tam

494 2393 819 2450 immensum
847 2385 1085 2459 pectoris
1137 2385 1242 2439 mei
1291 2382 1557 2440 dolorem.
1587 2380 1893 2436 Statueram
1921 2377 2086 2444 enim,

497 2495 560 2544 ut
579 2482 953 2553 corpusculum
987 2493 1163 2535 meum
1222 2470 1911 2532 immaculatumCliristoa
1951 2467 2089 2523 virili

498 2585 645 2634 tactu
668 2588 941 2631 servarem
966 2590 979 2624 :
1006 2570 1100 2626 sed
1121 2585 1199 2623 vae
1239 2567 1390 2634 mihi,
1420 2580 1540 2637 quae
1593 2564 1771 2618 taliter
1797 2561 1866 2615 ah
1916 2574 1981 2615 eo
2012 2573 2094 2614 re-

498 2671 626 2729 licta
648 2683 796 2733 sum,
829 2676 887 2721 ut
912 2664 1052 2736 quod
1083 2662 1336 2733 optabam
1396 2637 1669 2729 perficere.
1692 2671 1797 2711 non
1829 2653 2089 2717 valerem,

502 2773 560 2821 et
580 2760 721 2833 quod
742 2757 975 2815 abinitio
988 2757 1160 2812 atatis
1177 2770 1310 2810 mea:
1335 2750 1569 2816 servavi,
1599 2750 1651 2804 in
1678 2749 1778 2802 bac
1801 2745 2092 2801 novissima

507 2854 617 2920 die,
650 2866 809 2935 quam
840 2848 1024 2904 videre
1051 2863 1156 2901 non
1183 2844 1496 2906 debueram,
1528 2838 1760 2912 perdidi.
1790 2837 1925 2892 Ecce
1951 2836 2094 2891 enim

504 2942 699 3003 relicta
720 2930 788 2997 ab
835 2930 1125 2996 immortali
1163 2934 1401 3001 Christo,
1426 2934 1512 3002 qui
1566 2930 1699 2987 mihi
1742 2931 1922 2986 dotem
1976 2944 2097 2999 pro-

504 3037 759 3096 mittebat
793 3035 1122 3106 paradisum,
1172 3028 1415 3085 mortalis
1457 3026 1691 3084 hominis
1735 3038 1879 3080 sum‘
1907 3024 2098 3079 sortita

508 3133 860 3199 consortium,
885 3138 939 3187 et
954 3145 1049 3198 pro
1072 3127 1214 3183 rosis
1245 3119 1806 3187 immarcescibilibus,
1829 3118 2099 3174 arentium

511 3241 602 3284 me
625 3239 869 3282 rosarum
902 3237 1008 3279 non
1032 3229 1212 3285 ornat,
1243 3217 1339 3274 sed
1381 3216 1647 3273 deformat
1684 3213 1915 3282 spolium
1946 3210 1997 3265 δ.
2035 3211 2100 3267 Et

510 3333 635 3375 cum
663 3317 823 3373 debui
859 3331 1022 3383 super
1042 3311 1346 3385 quadrifluo
1386 3310 1522 3379 Agni
1582 3307 1804 3363 flumine
1853 3304 2100 3375 puritatis
2130 3293 2178 3359 C

511 3411 709 3471 swlam
740 3408 984 3472 induere,
1022 3407 1135 3461 haec
1167 3402 1303 3458 mihi
1332 3400 1499 3457 vestis
1526 3413 1665 3454 onus
1702 3396 1969 3461 exhibuit,
1994 3410 2103 3450 non

512 3502 802 3562 honorem.
828 3499 932 3555 Sed
971 3497 1099 3570 quid
1134 3493 1367 3564 amplius
1401 3491 1565 3548 verba
1593 3487 1991 3562 protrahimus?
2018 3486 2105 3543 ln-

514 3597 646 3655 felix
677 3609 797 3665 ego,
832 3607 952 3664 quae
976 3589 1136 3646 debui
1166 3595 1311 3643 sorte
1356 3583 1553 3640 mereri
1604 3581 1779 3651 polos,
1810 3579 1969 3635 hodie
2012 3576 2107 3633 dco

514 3702 736 3760 mergor
753 3689 806 3743 in
829 3686 1075 3757 abyssos.
1099 3682 1143 3737 0
1174 3681 1217 3736 si
1247 3676 1508 3734 mihihzrc
1536 3675 1714 3730 futura
1738 3680 1912 3737 erant,
1940 3684 2111 3742 quare

517 3797 630 3843 non
658 3781 774 3838 dies
795 3781 918 3835 vita:
948 3791 1081 3832 mea:
1104 3777 1216 3844 ipse
1247 3772 1347 3827 fuit
1374 3771 1515 3836 finis,
1548 3768 1638 3839 qui
1670 3767 1766 3823 fuit
1788 3764 2031 3821 initium!
2064 3762 2109 3819 Ο

518 3875 572 3936 si
602 3882 731 3930 ante
751 3871 1056 3927 introissem
1088 3866 1277 3921 mortis
1316 3862 1555 3934 ianuam,
1582 3873 1741 3930 quam
1797 3855 1950 3911 lactis
1969 3854 2113 3909 acci-

522 3983 713 4042 perem
744 3963 1032 4022 alimenta!
1055 3962 1098 4016 υ
1121 3960 1167 4013 si
1197 3955 1325 4012 mihi
1357 3955 1591 4009 dulcium
1608 3951 1879 4006 nutricum
1907 3947 2110 4015 oscula,

522 4062 583 4119 in
609 4061 796 4117 funere
824 4058 1048 4113 fuissent
1087 4049 1350 4122 expensa!
1387 4047 1620 4103 Horrent
1658 4045 1800 4101 enim
1852 4042 1985 4099 mihi
2010 4051 2116 4099 ter-

523 4164 673 4207 renas
703 4147 934 4219 species,
968 4144 1090 4214 quia
1117 4156 1212 4210 pro
1237 4140 1420 4195 mundi
1452 4139 1559 4193 vita
1612 4136 1898 4191 trausfixas
1927 4149 2118 4190 manus

526 4240 768 4311 suspicio
782 4234 1180 4305 Redemptoris.
1194 4231 1303 4286 Nec
1317 4244 1480 4286 cerno
1492 4227 1792 4283 diademata
1806 4227 2033 4300 gemmis
2046 4226 2120 4281 in-

533 4331 779 4404 signibus
795 4328 1155 4393 coruscantia,
1172 4339 1293 4381 cum
1318 4323 1461 4379 illam
1485 4323 1727 4393 spineam
1745 4321 1915 4377 miror
1939 4327 2121 4377 mente

529 4440 812 4485 coronam.
850 4423 1065 4491 Respuo
1103 4419 1262 4488 longe
1292 4417 1505 4486 lateque
1527 4413 1721 4470 diffusa
1762 4412 1930 4485 spatia
1964 4422 2123 4469 terra:

530 4530 640 4577 tute
659 4561 675 4586 ,
702 4516 825 4590 quia
854 4513 1221 4571 amoenitatem
1249 4508 1571 4578 concupisco
1602 4505 1854 4577 paradisi.
1897 4505 2130 4560 Horrent

490 4678 495 4683 ,
534 4620 627 4669 tua
650 4610 843 4667 solaria
868 4618 917 4674 ε,
934 4621 1055 4662 cum
1071 4603 1356 4658 Dominum
1375 4600 1703 4669 residentem
1715 4598 1951 4670 suspicio
1963 4611 2128 4668 super

2172 1069 2291 1126 qua:
2322 1052 2439 1108 labe
2460 1050 2569 1105 ulla
2593 1062 2698 1103 non
2722 1044 2967 1109 solvitur,
2990 1054 3093 1096 nec
3122 1037 3303 1105 aliquo
3324 1044 3518 1087 occasu
3555 1026 3762 1089 finitur,

2172 1148 2263 1203 ubi
2305 1145 2464 1199 homo
2511 1142 2563 1197 in
2610 1136 2943 1195 beatitudine
2986 1140 3186 1187 aeterna
3234 1133 3597 1197 permanens,
3644 1118 3771 1170 luce

2176 1254 2281 1297 non
2316 1235 2598 1293 occidente
2630 1231 2781 1286 vivit.
2814 1228 2910 1293 Et,
2941 1222 3084 1295 quod
3123 1223 3295 1289 majus
3336 1224 3420 1272 est
3465 1212 3549 1267 his
3594 1208 3773 1264 omni-

2180 1331 2312 1399 bus,
2343 1330 2510 1400 ipsius
2538 1325 2754 1381 Domini
2799 1317 3086 1391 pmsentia
3108 1357 3123 1382 ,
3164 1312 3276 1384 iugi
3321 1308 3605 1379 perfruens
3638 1317 3775 1357 eon-

2180 1396 2554 1497 templatione,
2595 1420 2647 1474 in
2678 1416 2918 1489 angelico
2970 1410 3260 1466 translatus
3291 1410 3456 1467 statu,
3478 1396 3777 1455 indissolu-

2182 1521 2276 1577 bili
2295 1488 2486 1573 lmtitia
2511 1512 2727 1586 gaudet.
2757 1488 2836 1564 Au
2868 1507 2983 1561 haec
3012 1504 3141 1559 ille:
3173 1493 3540 1557 paucissimis,
3574 1488 3777 1557 inquii,

2191 1617 2420 1689 eloquiis
2451 1614 2553 1669 tuis
2578 1621 2777 1667 aeterna
2810 1603 2945 1661 mihi
2971 1603 3077 1656 vita
3110 1606 3360 1666 tanquam
3405 1599 3655 1657 magnum
3689 1582 3781 1650 ju-

2188 1683 2530 1770 bar'illuxit,
2562 1712 2616 1758 et
2646 1701 2768 1755 ideo
2799 1698 2843 1753 si
2871 1697 2953 1750 vis
2984 1708 3012 1746 a
3047 1688 3250 1746 carnali
3281 1683 3555 1740 abstinere
3579 1688 3780 1732 concu-

2193 1801 2456 1874 piscentia
2478 1840 2493 1864 ,
2527 1796 2792 1866 particeps
2824 1798 2929 1845 tua:
2954 1784 3150 1842 mentis
3172 1778 3395 1837 efficiar.
3426 1774 3521 1829 illa
3553 1782 3781 1838 respon-

2115 1906 2163 1967 Β
2191 1864 2309 1953 dit:
2339 1864 2567 1949 Difficile
2592 1898 2671 1945 est
2697 1898 2885 1942 sexum
2912 1880 3117 1935 virilem
3146 1869 3460 1931 mulieribus
3494 1864 3595 1920 ista
3642 1875 3782 1931 pra:-

2190 2001 2353 2048 starc.
2385 1987 2586 2042 Tamen
2618 1983 2659 2037 si
2692 1978 2904 2037 feceris.
2930 1984 2987 2029 ut
3016 1966 3341 2028 immaculati
3369 1967 3781 2034 permaneamus

2192 2085 2245 2139 in
2274 2079 2495 2143 saeculo,
2521 2089 2621 2145 ego
2645 2072 2738 2127 tibi
2767 2076 2972 2140 partem
2999 2063 3231 2119 tribuam
3259 2054 3434 2119 dotis,
3465 2063 3623 2120 quam
3657 2057 3782 2115 pro-

2192 2179 2410 2235 missam
2456 2170 2629 2226 habeo
2679 2182 2708 2221 a
2741 2176 2940 2234 sponso
2973 2157 3199 2214 Domino
3224 2165 3347 2208 meo
3370 2148 3496 2203 Jesu
3521 2141 3738 2199 Christo
3761 2177 3782 2205 ,

2192 2271 2275 2327 cui
2304 2282 2393 2324 me
2433 2275 2489 2322 et
2528 2260 2784 2317 famulam
2825 2252 3018 2311 devovi
3058 2264 3181 2306 esse
3220 2256 3276 2303 et
3313 2252 3589 2313 sponsam.
3631 2235 3783 2290 Tunc

2194 2362 2288 2421 ille
2326 2367 2565 2415 armatus
2592 2352 2771 2410 crucis
2799 2347 2996 2404 vexillo
3018 2389 3032 2414 ,
3066 2344 3140 2397 ait
3164 2359 3177 2395 :
3207 2339 3421 2397 Faciam
3452 2346 3572 2403 qua:
3599 2329 3783 2383 horta-

2196 2457 2295 2514 ris.
2349 2454 2419 2509 Et
2465 2448 2605 2505 datis
2650 2447 2789 2500 inter
2829 2456 2887 2497 se
2930 2436 3168 2499 dextris,
3209 2428 3546 2503 quieverunt.
3589 2417 3785 2477 Multos

2200 2555 2387 2620 postea
2415 2544 2469 2600 in
2498 2555 2605 2597 uno
2648 2544 2818 2594 strato
2858 2530 3234 2589 recumbentes
3274 2534 3481 2586 annos,
3523 2516 3782 2571 vixerunt

2197 2617 2318 2701 cum
2349 2638 2593 2693 castitate
2620 2627 2894 2688 laudabili.
2919 2623 3072 2693 Quod
3102 2630 3283 2692 postea
3312 2617 3364 2671 in
3392 2623 3578 2670 eorum
3604 2618 3784 2664 trans-

2198 2734 2277 2791 itu
2324 2731 2652 2787 declaratum
2701 2730 2801 2778 cst.
2848 2718 2981 2775 Nam
3022 2728 3145 2771 cum
3188 2711 3409 2780 impleto
3447 2700 3784 2766 certamine,

2201 2825 2377 2897 puella
2423 2821 2677 2891 migraret
2720 2814 2787 2869 ad
2826 2810 3099 2867 Christum
3129 2846 3143 2870 ,
3187 2808 3406 2875 peracto
3448 2796 3531 2851 vir
3573 2790 3784 2847 funeris

2202 2885 2413 2983 officio,
2447 2885 2567 2968 cuin
2598 2907 2827 2981 puellam
2872 2905 2926 2960 in
2966 2900 3273 2971 sepulcrum
3305 2894 3635 2963 deponeret,
3668 2885 3779 2940 ait:

2205 3012 2417 3068 Gratias
2446 3006 2540 3063 tibi
2571 2978 2701 3077 ago,
2736 3010 2936 3055 teterne
2969 2994 3193 3051 Domine
3225 2991 3369 3045 Deus
3412 2994 3618 3047 noster,
3659 2978 3787 3048 quia

2208 3108 2349 3163 hunc
2380 3072 2693 3157 thesaurum
2719 3094 2858 3151 sicut
2888 3106 2919 3145 a
2940 3098 2992 3146 tc
3022 3081 3455 3144 commendatum
3487 3074 3691 3144 accepi,
3719 3072 3789 3126 ita

2206 3194 2605 3253 immaculatum
2632 3187 2816 3260 pietati
2850 3194 2954 3239 tua:
2986 3179 3235 3236 restituo.
3258 3173 3340 3229 Ad
3362 3172 3477 3228 harc
3500 3168 3589 3224 illa
3617 3163 3793 3221 subri-

2209 3287 2343 3343 dens
2370 3304 2382 3338 :
2414 3282 2548 3352 Quid
2570 3319 2588 3348 ,
2619 3253 2789 3349 inquit
2808 3316 2823 3342 ,
2847 3272 3080 3345 loqueris
3100 3266 3242 3339 quod
3268 3279 3374 3320 non
3400 3253 3797 3327 interrogarisi

2212 3380 2470 3448 lllamque
2496 3372 2753 3444 sepultam
2787 3370 2901 3439 ipse
2931 3379 3037 3420 non
3068 3370 3190 3433 post
3217 3358 3441 3414 multum
3472 3351 3798 3421 insequitur.

2209 3469 2320 3543 3a,
2344 3468 2512 3523 Porro
2534 3440 2655 3520 cum
2688 3461 2966 3527 utriusque
2993 3454 3297 3525 sepulcrum
3320 3464 3351 3506 e
3370 3444 3602 3503 diversis
3622 3440 3801 3513 paries

2210 3542 2353 3619 tibus
2375 3558 2692 3615 collocatum
2718 3552 2944 3615 fuisset,
2967 3546 3208 3604 miraculi
3231 3542 3438 3599 novitas
3466 3552 3588 3609 quae
3612 3546 3800 3591 eorum

2212 3652 2515 3709 castitatem
2561 3644 2930 3702 manifestaret
2951 3681 2965 3707 ,
3010 3636 3277 3709 apparuit.
3308 3632 3442 3689 Nam
3473 3630 3614 3685 facto
3642 3640 3801 3683 mane

2214 3761 2338 3804 cum
2366 3744 2432 3799 ad
2458 3743 2636 3799 locum
2671 3737 2845 3809 populi
2885 3732 3234 3792 accederent,
3265 3728 3587 3781 invenerunt
3626 3718 3778 3791 sepul

2215 3854 2307 3897 cra
2332 3830 2553 3909 parite'r,
2584 3847 2703 3904 qua:
2726 3833 2882 3900 longe
2906 3828 3044 3883 inter
3067 3840 3127 3880 se
3151 3819 3408 3878 distantia
3440 3816 3771 3885 reliquerant

2219 3906 2421 3989 scilicet
2447 3937 2507 3985 ut
2534 3942 2668 3999 quos
2697 3932 2847 3981 tenet
2874 3922 3050 3979 socios
3088 3918 3312 3982 coelum,
3343 3912 3676 3985 sepultorum
3720 3906 3809 3964 hii.

2219 4038 2505 4098 corporum
2538 4036 2644 4078 non
2673 4025 2888 4089 separet
2916 4022 3344 4070 monumentum.
3378 4006 3489 4062 llos
3515 4016 3684 4075 usque
3710 4001 3809 4055 ho-

2222 4119 2311 4175 die
2334 4159 2351 4187 ,
2398 4117 2544 4173 Duos
2575 4114 2833 4171 Amantes
2862 4111 3102 4166 vocitare
3126 4105 3232 4162 loci
3261 4102 3455 4159 incola:
3500 4098 3803 4156 voluerunt.

2225 4210 2670 4278 Meminimusque
2699 4205 2767 4261 de
2794 4204 2877 4258 his
2905 4201 2959 4257 in
2990 4200 3127 4256 libro
3158 4195 3540 4253 Miraculorum
3568 4189 3631 4246 τι.

2282 4302 2483 4367 XLIII.
2524 4297 2741 4356 Arcadii
2780 4310 2910 4351 vero
2948 4303 3002 4351 et
3041 4290 3267 4348 Honorii
3305 4286 3544 4345 secundo
3594 4280 3807 4353 imperii

2227 4409 2370 4453 anno
2418 4402 2477 4461 °,
2527 4399 2746 4447 sanctus
2795 4386 3055 4445 Martinus
3099 4384 3441 4440 Turonorum
3487 4376 3812 4448 episcopus,

2229 4491 2420 4564 plenus
2462 4484 2751 4544 virtutibus
2798 4492 2852 4539 et
2904 4482 3188 4537 sanctitate
3216 4516 3232 4544 ,
3289 4474 3535 4546 praebens
3587 4467 3815 4525 infirmis

2235 4562 2401 4638 multa
2451 4576 2748 4643 beneficia,
2798 4571 3130 4642 octogesimo
3174 4576 3232 4625 et
3273 4567 3446 4638 primo
3493 4562 3666 4620 aetatis
3707 4572 3815 4615 sua

536 4710 701 4759 astra.
720 4700 869 4757 Talia
887 4713 1007 4753 cum
1027 4710 1218 4767 magno
1232 4694 1355 4749 fletu
1372 4652 2131 4763 jac‘tanticommot—uspietate
2157 4689 2209 4753 ι)
2239 4689 2416 4741 anno,
2448 4672 2791 4742 episcopatus
2820 4677 3002 4722 autem
3032 4662 3292 4732 vigesimo
3320 4666 3476 4715 sexto
3505 4654 3643 4727 apud
3670 4652 3817 4709 Con-

536 4796 752 4871 ju'venis
784 4794 889 4849 ait:
918 4790 1115 4849 Unicos
1146 4802 1247 4845 nos
1283 4785 1605 4844 nobilissimi
1633 4787 2000 4842 Arvernorum
2031 4782 2132 4838 ha-

615 4981 644 5011 ἰ
674 4969 917 5027 Ecclesia
939 4966 1108 5023 sancti
1132 4964 1356 5021 Artemii
1398 4971 1727 5020 memoratur
1770 4963 1827 5016 in
1850 4958 2041 5016 libello
2063 4958 2131 5017 de

543 5044 788 5102 ecclesiis
829 5040 1181 5101 Claromont.,
1229 5052 1351 5106 cap.
1374 5035 1467 5102 29,
1513 5050 1671 5106 quam
1717 5034 2046 5106 destructam
2076 5038 2138 5087 et

542 5100 813 5196 violatam,
845 5120 902 5196 et
926 5126 1104 5165 arcam
1135 5100 1396 5190 lapideam
1422 5100 1544 5196 quae:
1562 5107 1688 5161 olim
1713 5105 1851 5196 beati
1879 5100 1980 5157 viri
2010 5117 2131 5196 ossa

547 5174 880 5251 continebat,
909 5174 1345 5251 praitereuiitium
1383 5174 1606 5251 pedibus
1648 5176 2016 5251 conculcatam
2048 5174 2131 5228 lu-

545 5266 637 5328 get
664 5247 942 5328 Savardin
976 5250 1209 5328 notis__ad
1239 5247 1398 5306 hunc
1418 5249 1633 5305 librum.
1670 5247 1800 5303 Eius
1826 5247 2130 5302 fcstumco—

548 5323 673 5382 Iitur
702 5328 788 5381 die
815 5324 887 5380 24
909 5323 1164 5379 Januarii.

623 5396 650 5435 δ
682 5398 871 5466 Regni.
891 5436 906 5459 ,
937 5412 1038 5449 non
1088 5403 1290 5460 ornant,
1322 5391 1412 5466 sed
1464 5390 1754 5460 deformant
1800 5374 2130 5459 sponsalia;

552 5484 704 5538 super
728 5465 1021 5538 quadriﬂuo
1041 5465 1207 5520 amnis
1231 5465 1483 5538 margine.

632 5526 862 5624 ﬁlii'gnq
907 5526 1036 5604 etc,
1063 5538 1278 5603 solatia;
1312 5526 1534 5599 réctius,
1587 5527 1799 5595 salaria,
1833 5526 1887 5583 id
1925 5534 2007 5582 est
2048 5541 2133 5582 su-

632 5626 797 5664 nores
826 5610 1016 5664 aedium
1046 5621 1243 5664 partes.

558 5621 797 5682 perieres
826 5621 1016 5665 aedium
1045 5621 1243 5679 partes.

634 5684 657 5719 α
700 5682 754 5737 In
796 5682 930 5737 libro
967 5681 1033 5736 de
1073 5679 1249 5733 Gloria
1289 5672 1537 5731 Confess.
1578 5685 1699 5738 cap.
1733 5668 1822 5724 32.
1869 5669 2035 5725 Porro
2074 5666 2131 5722 hi

562 5756 677 5832 Duo
716 5755 1062 5832 Amantes__in
1101 5750 1329 5804 ecclesia
1369 5746 1547 5832 sancti.
1574 5742 1743 5830 .lllidii
1784 5742 1974 5822 sepulti
2002 5740 2134 5823 olue-

564 5824 723 5889 runt,
764 5835 817 5878 et
855 5826 1041 5893 puellae
1081 5836 1270 5893 nomen
1295 5858 1310 5883 ,
1351 5817 1495 5893 quod
1537 5818 1621 5893 hic
1647 5832 1756 5893 non
1790 5811 2130 5893 eXprimitur,

561 5882 868 5969 colligimus
911 5910 977 5951 ex
1028 5893 1123 5950 lib.
1180 5889 1200 5945 f
1237 5882 1305 5947 de
1358 5882 1603 5946 ecclesiis
1639 5882 2008 5956 Claromtmh,
2046 5882 2137 5945 ub"

2237 4770 2514 4828 datensem
2544 4763 2794 4821 dioecesis
2834 4775 2945 4818 sua:
2974 4758 3153 4815 vicum
3189 4756 3207 4795 ι
3239 4753 3509 4813 excedens
3546 4765 3579 4806 a
3618 4746 3815 4805 seculo

2237 4967 2358 5023 cap.
2390 4951 2488 5015 11,
2527 4951 2581 5006 in
2618 4946 2846 5005 ecclesia
2867 4941 3209 5023 _lllidiana
3248 4938 3545 5023 Injuriosita
3572 4931 3821 5023 etkSrlto-

2237 5008 2420 5079 fasciaa
2456 5008 2511 5077 in
2549 5036 2761 5094 corpore
2793 5018 3071 5094 quiescere
3122 5008 3395 5094 dicuntur:
3446 5008 3656 5094 Quippe
3694 5018 3817 5094 cum

2237 5074 2526 5166 Eregorius
2553 5074 2885 5160 vlnjruriosum
2925 5089 3156 5166 alterum
3192 5100 3229 5166 _e
3264 5074 3491 5166 duobus:
3512 5074 3601 5161 hic
3640 5074 3821 5156 appel:

2235 5144 2755 5231 let,°du’biumvnon
2777 5144 2860 5217 est
2885 5161 3011 5232 quin
3043 5156 3378 5216 Scholastica
3406 5152 3595 5216 fuerit,
3625 5144 3745 5218 quae
3771 5144 3825 5202 ei

2236 5236 2423 5309 nuptui
2460 5235 2657 5309 tradita
2692 5233 2884 5288 fuerat.

2309 5285 2886 5373 {Clarum—.vinﬂquo’,
2926 5310 2988 5356 ut
3023 5309 3080 5373 et
3116 5299 3171 5353 in
3209 5296 3328 5373 aliis
3369 5285 3823 5373 plurimismcodi-

2242 5361 2400 5436 cibus
2418 5361 2527 5435 hoc
2556 5361 2716 5446 caput
2744 5361 2938 5445 legitur
2967 5370 3334 5446 subeat-monis
3361 5364 3593 5446 Gregorii
3630 5361 3823 5414 Turon.

2244 5435 2427 5515 titulo,
2469 5435 2662 5515 habet,
2704 5435 2927 5500 Arcadio
2954 5452 3001 5498 et
3034 5441 3270 5497 Honorio
3297 5435 3677 5515 imperantibus
3697 5446 3824 5485 san-

2244 5504 2503 5588 ctus,etc.
2528 5521 2619 5577 Sic
2638 5504 2692 5573 et
2708 5518 2834 5572 end.
2857 5515 3017 5570 Corb.
3041 5504 3451 5588 annorumﬂod,
3468 5507 3568 5588 _ubi
3593 5504 3822 5559 habetur

2246 5580 2530 5648 suh'titulo
2556 5588 2806 5657 Epislofa:
2835 5587 2898 5639 de
2925 5585 3145 5639 transitu
3173 5582 3233 5639 S.
3267 5580 3498 5657 Martini.

2324 5662 2343 5700 ί
2384 5644 2571 5731 νωδὰ
2609 5644 2804 5714 dicitur
2832 5657 3072 5731 Gaudes;
3092 5657 3235 5731 ‘sjtus
3265 5664 3348 5709 est
3375 5654 3426 5706 in
3457 5646 3691 5731 confinio
3722 5644 3831 5700 Tu-

2251 5749 2438 5790 ronum
2481 5721 2533 5787 et
2562 5731 2967 5799 Andegavorum
2994 5728 3060 5783 aii
3092 5726 3346 5799 Yigennm
3375 5733 3430 5779 et
3463 5721 3668 5799 Ligeris
3699 5732 3832 5799 con:

2253 5806 2518 5869 ﬂuentes,
2571 5788 2951 5857 undcuuomen
3004 5788 3191 5855 traxit:
3238 5797 3459 5869 Veteres
3502 5788 3646 5869 enim
3696 5788 3835 5844 Galli

2255 5861 2554 5937 Condatuin
2584 5872 2923 5946 appellabant
2943 5872 3170 5931 duorum
3195 5866 3476 5929 fluminum
3501 5861 3832 5923 confluxum.
