2014 3171
138 159 193 190 185

622 162 782 192 HISTORIA
802 164 1024 196 FRANCORUM.
1046 168 1149 197 LIBEll
1169 169 1307 199 PRIMUS.

1731 173 1783 204 186

137 219 255 249 feliciter
268 219 392 255 migravit
403 219 437 248 ad
452 219 601 248 Christum.
613 221 731 250 Transiit
742 227 830 252 autem
846 225 933 253 media
947 228 975 259 Α
988 228 1013 255 in
1029 228 1121 255 medio
1134 229 1252 263 positum
1266 250 1273 263 ,
1290 228 1404 257 ﬁrmatis
1419 236 1494 258 serra
1508 230 1604 266 ostiis,
1620 230 1655 259 ab
1667 235 1781 267 utroque

141 272 233 301 nocte,
245 275 305 303 qua:
317 268 454 295 Dominica
466 267 626 302 habebatur,
639 269 730 297 Attico
740 270 910 306 Cresarioque
921 278 935 292 ι

141 313 309 342 consulibus.
322 313 398 341 Multi
410 314 481 341 enim
495 313 521 340 in
534 314 592 349 ejus
604 316 717 342 transitu
734 317 903 350 psallentium
921 318 934 338 δ

140 360 285 388 audierunt
300 361 326 388 in
342 360 428 393 caelo,
444 361 514 396 quod
529 361 554 387 in
574 361 643 388 libro
658 362 785 390 virtutum
802 363 860 398 eius
881 365 934 399 pri-

139 414 186 435 mo
200 406 277 442 (Cap.
290 405 307 433 4
318 411 345 433 ει
358 405 386 441 5)
400 406 504 441 plenius
518 407 706 441 exposuimus.
723 408 789 436 Nam
801 417 861 437 cum
878 412 933 446 prio

141 454 225 482 mittis
239 457 348 480 sanctus
364 453 411 481 Dei
426 454 497 488 apud
517 454 731 488 Coudatensem,
753 462 783 483 ut
801 457 933 492 diximus,

139 500 228 528 vicum
253 503 385 535 aegrotare
408 500 555 535 coepisset,
579 501 678 529 Pictavi
701 503 793 538 populi
816 504 849 531 ad
874 505 933 539 ejus

141 545 285 574 transitum
298 547 368 573 sicut
382 545 511 574 Turonici
525 553 719 576 convenerunt.
740 549 800 583 Quo
813 550 933 586 migran-

140 597 168 621 te
180 613 188 626 ,
202 593 311 628 grandis
323 594 463 621 altercatio
476 594 502 622 in
515 599 657 630 utrumque
668 597 784 624 surrexit
795 598 931 633 populum.

140 638 272 667 Dicebant
299 640 370 667 enim
401 640 525 668 Pictavi:
551 641 646 669 Noster
673 648 714 670 est
739 645 886 672 monachus
903 651 931 679 c;

139 686 219 713 nobis
234 685 301 713 abba
322 687 423 714 exstitit
437 696 444 720 ;
460 695 509 714 nos
523 688 685 723 requirimus
704 690 929 718 commendatum.

135 731 261 762 Sufﬁciat
275 732 372 766 vobis,
389 733 460 768 quod
481 734 544 761 dum
566 739 638 762 esset
658 735 685 762 in
706 736 805 763 mundo
828 737 933 771 episco-

135 787 203 816 pus,
220 779 260 807 usi
274 780 340 807 estis
356 780 414 815 ejus
427 781 562 815 colloquio
573 801 580 814 ,
596 782 775 816 participastis
790 783 928 817 convivio,

136 826 235 853 ﬁrmati
259 826 348 853 fuistis
363 826 594 854 benedictionibus
607 847 614 858 ,
629 827 739 861 insuper
750 833 778 855 et
789 828 930 856 virtutibus

134 871 283 908 iocundati.
304 871 444 900 Sufﬁciunt
460 880 524 908 ergo
546 873 623 900 vobis
644 874 694 901 ista
716 875 825 902 omnia:
849 875 928 903 nobis

987 275 1086 309 populo
1100 275 1264 308 custoditur,
1280 275 1396 303 futurum
1415 281 1443 303 ut
1456 284 1534 304 mane
1548 277 1618 305 facto
1632 285 1647 304 a
1663 277 1780 307 Pictavis

986 328 1033 355 per
1054 320 1210 347 violentiam
1235 321 1410 349 auferretur:
1435 323 1482 350 sed
1512 323 1583 350 Deus
1606 323 1779 358 omnipotens

989 368 1076 395 noluit
1091 368 1185 395 urbem
1201 368 1360 396 Turonicam
1376 377 1390 396 a
1413 370 1521 404 proprio
1542 370 1671 398 frustrare
1691 376 1780 406 patro-

986 422 1031 443 no.
1060 415 1181 450 Denique
1208 420 1288 443 nocte
1314 416 1401 444 media
1438 417 1526 445 omnis
1553 417 1659 444 Pictava
1684 426 1780 445 somno

986 460 1117 496 phalanga
1139 461 1339 495 comprimitur,
1362 470 1412 490 nec
1434 463 1505 491 ullus
1529 464 1661 498 superfuit
1681 464 1725 499 qui
1747 472 1778 492 ex

984 508 1035 535 hac
1051 507 1221 535 multitudine
1237 507 1368 542 vigilaret.

1021 553 1101 588 lgitur
1123 554 1166 581 ubi
1188 554 1313 581 'l'uronici
1334 561 1381 582 eos
1401 555 1568 590 conspiciunt
1589 556 1777 590 obdormisse,

985 601 1182 636 appreltensam
1198 601 1360 628 sanctissimi
1377 602 1431 637 36
1445 603 1566 637 corporis
1580 604 1684 638 glebam
1699 624 1706 636 ,
1735 604 1778 630 alii

985 654 1033 681 per
1049 646 1193 674 fenestram
1209 647 1336 682 ejiciunt.
1353 647 1397 674 alii
1413 647 1497 674 afuris
1520 649 1687 682 suscipiunt,
1704 649 1776 683 posi-

986 696 1095 728 tumque
1115 693 1140 719 in
1161 693 1220 720 navi
1242 700 1302 720 cum
1317 693 1389 720 omni
1405 694 1503 727 populo
1519 701 1567 728 per
1584 694 1748 727 \‘ingennam
1767 693 1776 713 ι

984 739 1095 767 fluvium
1112 739 1290 766 descendttnt.
1308 739 1476 774 lngressique
1491 739 1594 772 Ligeris
1608 739 1728 772 alveum,
1744 739 1776 766 ad

983 785 1076 812 urbem
1087 785 1247 812 'l'uronicam
1260 792 1320 812 cum
1333 785 1435 819 magnis
1447 784 1570 811 laudibus
1583 784 1777 820 psallentioque

982 831 1099 866 dirigunt
1110 832 1229 865 copioso.
1240 831 1277 858 De
1289 838 1400 865 quorum
1413 831 1521 857 vocibus
1532 830 1635 858 Pictavi
1646 838 1775 866 experge-

982 877 1056 910 facti,
1075 877 1138 903 nihil
1155 876 1188 904 de
1205 877 1332 903 thesauro
1341 884 1419 911 quem
1434 877 1618 904 custodiebant
1633 876 1775 909 habentes,

135 920 215 948 liceat
236 919 343 948 auferre
362 921 404 948 vel
427 920 542 948 cadaver
556 921 608 956 35
624 921 788 950 exanimum.
811 922 851 950 Ad
872 923 930 950 haec
946 929 970 959 Β
983 930 1043 950 cum
1058 929 1153 957 magna
1167 922 1324 950 confusione
1336 922 1368 950 ad
1384 924 1490 957 propria
1501 928 1563 950 sunt
1576 924 1687 951 reversi.
1699 923 1777 956 Quod

135 967 265 995 Turonici
279 964 498 1002 respondebant:
514 967 541 996 Si
559 967 684 995 virtutum
700 969 777 997 nobis
793 969 860 997 facta
875 970 931 997 suf-

135 1013 218 1041 ﬁcere
231 1014 330 1046 dicitis,
344 1014 441 1041 scitote
454 1014 516 1049 quia
532 1014 671 1042 vobiscum
686 1016 801 1049 positus,
815 1017 931 1051 amplius

135 1065 176 1088 est
201 1067 282 1095 quam
309 1060 352 1087 hic
373 1065 510 1095 operatus.
533 1060 615 1093 Nam,
642 1066 669 1088 ut
694 1062 930 1096 praetermittamus

135 1105 276 1141 plurima,
304 1105 383 1133 vobis
413 1106 554 1133 suscitavit
580 1106 648 1134 duos
678 1112 822 1141 mortuos,
852 1108 930 1136 nobis

135 1159 239 1184 unum;
255 1155 299 1185 et,
316 1155 343 1178 ut
358 1151 415 1186 ipse
428 1159 500 1187 saepe
520 1151 628 1180 dicebat
648 1151 674 1185 ἀ,
698 1154 785 1188 major
804 1154 827 1181 ei
848 1154 933 1182 virtus

135 1203 199 1228 ante
213 1199 396 1234 episcopatum
413 1199 474 1233 fuit,
486 1207 564 1235 quam
578 1204 639 1235 post
653 1200 848 1235 episcopatum.
863 1201 932 1236 Ergo

135 1252 253 1273 necesse
267 1251 325 1278 est,
344 1250 371 1272 ut
386 1246 457 1281 quod
473 1247 611 1273 nobiscum
627 1247 815 1281 non‘implcvit
828 1247 929 1279 vivens,

135 1292 249 1327 expleat
260 1292 303 1320 vel
317 1292 469 1320 defunctus.
490 1293 574 1320 Vobis
590 1296 630 1320 est
644 1293 715 1320 enim
734 1292 841 1319 ablatus
852 1314 859 1326 ,
883 1300 932 1320 no-

135 1337 181 1367 bis
195 1346 210 1365 a
229 1338 286 1366 Deo
300 1338 425 1367 donatus.
441 1338 541 1382 Verum
564 1339 586 1366 si
611 1347 668 1367 mos
689 1339 836 1374 antiquitus
856 1340 932 1366 insti-

136 1389 216 1413 tutus
230 1389 363 1420 servatur,
379 1385 405 1412 in
421 1385 487 1413 urbe
499 1393 551 1420 qua
573 1385 715 1413 ordinatus
736 1390 800 1418 est,
823 1385 932 1413 habebit

136 1432 195 1460 Deo
206 1432 319 1466 jubente
333 1432 499 1467 sepulcrum.
514 1432 592 1460 Certe
606 1432 627 1460 si
643 1440 692 1467 pro
708 1432 862 1459 monasterii
878 1432 931 1467 pri-

135 1478 236 1513 vilegio
262 1484 272 1496 ε
288 1479 386 1514 cupitis
403 1478 554 1511 vindicare,
571 1479 668 1506 scitote
688 1478 749 1513 quia
773 1478 885 1513 primum
906 1478 930 1506 ei

135 1525 331 1553 monasterium
356 1533 417 1553 cum
441 1525 685 1554 Mediolanensibus
710 1525 771 1553 fuit.
796 1525 843 1553 His
866 1533 929 1560 ergo

135 1568 320 1606 litigantibus,
341 1571 398 1599 sole
417 1576 512 1599 ruente
533 1578 585 1599 nox
608 1571 753 1603 clauditur,
777 1578 929 1606 corpusque

207 1627 251 1656 Sic
270 1627 332 1655 cod.
353 1627 433 1656 Corb.
450 1632 476 1656 et
490 1627 580 1656 Germ.
595 1636 602 1659 ;
619 1628 681 1659 alii,
697 1628 845 1660 Ctesarico;
861 1636 927 1656 non-

135 1663 203 1698 nulli
214 1684 221 1696 ,
243 1662 371 1691 Ca'sareo.
392 1664 494 1697 Quibus
507 1664 662 1691 consulibus
677 1664 793 1698 vulgaris
807 1671 868 1691 terte
883 1672 930 1691 an-

135 1696 187 1727 lius
202 1698 252 1725 397
267 1696 438 1733 designatur,
453 1707 532 1734 quem
554 1700 668 1727 Μαι-ιὶηο
682 1696 833 1727 extremum
848 1699 930 1728 fuisse

134 1738 211 1770 putat
223 1740 249 1762 et
261 1735 356 1770 probat
366 1734 487 1762 Cointius
499 1740 572 1762 tomo
584 1736 592 1762 l
609 1735 705 1762 Annal.
719 1735 815 1762 eccles.
831 1735 927 1763 Franc.

135 1770 170 1797 ad
184 1777 282 1797 annum
298 1769 360 1797 498.
375 1770 494 1805 Scaliger
508 1771 555 1798 lib.
570 1778 595 1797 vr
607 1771 640 1797 tle
654 1770 849 1798 Emendatioue
863 1775 928 1797 tem-

134 1812 231 1841 porum
246 1805 384 1832 contendit
398 1813 459 1833 eum
479 1813 550 1833 anno
568 1806 621 1833 595
640 1806 751 1833 obiisse.
774 1806 825 1833 Alii
846 1806 928 1833 aliutn

135 1848 234 1868 annum
255 1841 409 1874 assignant,
431 1846 460 1868 ut
483 1841 573 1869 videre
598 1846 641 1869 est
663 1842 733 1875 apud
755 1841 785 1868 V.
805 1841 847 1869 Cl.
869 1841 926 1869 Jos.

134 1875 299 1904 Autelmium
316 1876 342 1903 in
357 1876 484 1911 singulari
505 1878 539 1904 de
559 1877 608 1904 hac
628 1884 657 1904 re
676 1877 873 1904 dissertatione.
896 1877 929 1904 Et

134 1912 243 1947 quidem
262 1919 323 1938 cum
345 1919 393 1939 nec
414 1912 529 1939 Severus
545 1912 679 1945 Sulpicius
690 1933 698 1945 ,
715 1920 764 1940 ncc
780 1912 929 1947 Gregorius

135 1947 206 1981 ipse,
219 1949 245 1974 in
257 1947 430 1982 designandis
445 1948 644 1975 characteribus
659 1948 859 1980 clironologicis
875 1947 926 1975 sibi

133 1987 280 2011 constent.
301 1990 381 2010 suum
400 1983 512 2017 quisque
531 1983 662 2011 calculum
683 1983 858 2018 praeferentes
870 2004 877 2012 .
901 1984 926 2010 in

135 2018 259 2046 diversas
283 2018 423 2053 opiniones
444 2019 544 2046 abiere.
565 2018 648 2046 Nobis
668 2020 732 2046 satis
751 2019 787 2045 sit
805 2018 927 2053 Gregorii

136 2058 238 2081 textum
252 2076 259 2087 ,
274 2059 303 2081 ut
318 2054 343 2080 in
360 2061 425 2082 mss.
440 2058 467 2081 et
483 2053 560 2081 editis
576 2054 701 2087 habetur,
718 2058 926 2086 reprazseutare,

134 2088 248 2117 liberam
264 2089 379 2124 eligendi
395 2089 536 2123 unicuique
553 2089 728 2124 relinquendo
744 2088 908 2116 facultatem.

170 2123 185 2144 δ
204 2125 250 2152 Sic
262 2123 343 2151 Corb.
355 2133 362 2157 ;
376 2125 421 2152 alii
435 2124 536 2152 addunt
546 2123 675 2151 υοεειζΑι
687 2124 834 2160 Gregorius
845 2129 871 2151 et
882 2124 927 2151 alii

134 2160 195 2194 ejus
208 2160 258 2187 aevi
273 2164 397 2187 auctores
411 2161 573 2195 psallentium
586 2160 753 2187 substantive
768 2164 908 2194 usurpant.

173 2201 185 2215 ο
207 2195 348 2222 Martinunt
369 2195 395 2222 in
416 2197 580 2222 monasterio
601 2203 684 2231 prope
704 2195 827 2223 Pictavos
843 2195 927 2222 vitam

133 2231 258 2259 monachi
278 2231 387 2258 duxisse
411 2232 493 2258 refert
513 2231 630 2259 Severus
650 2231 783 2265 Sulpicius
802 2231 828 2258 in
843 2231 927 2264 ipsius

134 2267 205 2294 Vita.
229 2266 305 2294 llunc
320 2267 406 2293 locum
423 2267 600 2294 Locociacuir.
615 2266 714 2293 dictum
726 2287 733 2298 ,
751 2266 831 2300 vulgo
848 2266 928 2302 Ligu-

136 2304 187 2338 ςιέν,
208 2302 345 2329 miraculis
363 2302 498 2338 celebrem
519 2302 611 2338 invisit
630 2302 799 2338 Gregorius,
821 2305 852 2338 ut
867 2303 927 2338 ipse

133 2337 217 2366 refert
236 2337 284 2364 lib.
305 2344 332 2364 tv
352 2337 385 2365 de
405 2337 497 2365 Mirac.
518 2337 548 2365 S.
570 2337 658 2370 lliart.,
679 2344 738 2371 cap.
760 2337 815 2369 50;
837 2337 928 2371 ibique

137 2378 203 2402 tunc
217 2373 324 2407 vigebat
337 2372 425 2401 adhuc
439 2373 604 2400 monasticus
617 2373 685 2400 ordo
698 2372 749 2400 sub
762 2372 867 2400 abbatis
883 2379 924 2399 re-

984 971 1006 998 si
1021 971 1080 1005 quis
1095 970 1222 1005 requiret,
1236 977 1283 997 cur
1294 975 1352 1004 post
1368 971 1508 997 transitum
1525 970 1630 998 Gatiani
1644 971 1773 1005 episcoiii,

984 1024 1052 1044 unus
1067 1020 1171 1043 tantum
1183 1036 1189 1047 .
1205 1015 1230 1043 id
1252 1021 1293 1043 est
1314 1015 1428 1042 Litorius
1443 1020 1455 1039 tt
1467 1036 1474 1048 ,
1497 1014 1580 1050 usque
1601 1015 1634 1042 ad
1656 1020 1777 1043 sanctum

985 1063 1127 1090 Martinum
1151 1062 1243 1089 luisset
1265 1063 1419 1097 episcopus,
1443 1063 1547 1089 noverit
1563 1063 1624 1097 quia
1639 1062 1776 1090 obsisten-

984 1110 1057 1138 tibus
1071 1109 1194 1144 paganis,
1210 1109 1255 1136 diu
1269 1109 1363 1136 ciVitas
1376 1109 1507 1136 Turouica
1521 1109 1580 1136 sine
1594 1109 1780 1137 benedictione

987 1155 1148 1183 sacerdotali
1171 1156 1230 1183 fuit.
1250 1155 1315 1182 Nam
1332 1154 1377 1189 qui
1393 1155 1539 1182 Christiani
1555 1163 1588 1183 eo
1604 1160 1724 1190 tempore
1738 1157 1780 1184 vi-

986 1203 1130 1235 debautur,
1148 1202 1251 1230 occulte
1266 1206 1293 1229 et
1312 1209 1361 1237 per
1380 1202 1498 1229 latebras
1520 1202 1639 1230 divinum
1659 1202 1779 1231 ofﬁcium

987 1249 1169 1277 celebrabant.
1186 1248 1252 1276 Nam
1269 1249 1291 1275 si
1306 1248 1350 1282 qui
1372 1255 1387 1275 a
1411 1248 1521 1283 paganis
1544 1250 1642 1283 reperti
1666 1249 1780 1277 fuissent

984 1295 1147 1328 Christiani,
1163 1300 1209 1323 aut
1224 1294 1410 1323 afﬁciebantur
1425 1294 1583 1322 verberibus
1594 1315 1603 1328 ,
1622 1300 1669 1323 aut
1688 1295 1778 1329 gladio

986 1341 1189 1369 truncabantur.

1023 1389 1044 1415 A
1067 1388 1199 1416 Passione
1214 1395 1279 1422 ergo
1296 1387 1401 1415 Domini
1415 1408 1423 1421 ,
1440 1394 1525 1422 usque
1538 1387 1680 1415 transitum
1695 1386 1780 1417 sancti

989 1432 1096 1461 Martini
1110 1454 1117 1466 ,
1134 1432 1197 1460 anni
1212 1432 1263 1459 ΗΞ
1279 1431 1292 1451 ιι
1308 1437 1506 1466 computantur.

1022 1479 1172 1514 Explicitus
1186 1482 1228 1506 est
1238 1478 1307 1505 liber
1321 1480 1433 1513 primus,
1444 1478 1586 1505 ccutinens
1597 1484 1682 1505 annos
1696 1477 1779 1512 55‘6,

985 1526 1031 1561 qui
1047 1529 1240 1560 computantur
1256 1533 1269 1552 a
1287 1526 1419 1560 principio
1432 1524 1524 1552 mundi
1538 1531 1623 1559 usque
1637 1524 1670 1552 ad
1684 1524 1779 1551 transi~

984 1576 1039 1600 tum
1055 1573 1140 1600 sancti
1154 1571 1260 1599 Martini
1276 1571 1395 1607 episcopi

981 1628 1105 1664 gimine;
1126 1629 1172 1656 sed
1194 1632 1285 1663 postea
1308 1628 1383 1655 locus
1403 1628 1428 1664 in
1450 1628 1598 1664 prioratum
1624 1627 1751 1655 redactus
1764 1648 1773 1662 ,

982 1663 1090 1692 tandem
1107 1664 1227 1700 patribus
1242 1663 1386 1691 Societatis
1398 1663 1461 1691 .lesu
1475 1663 1567 1700 cessit.

945 1716 970 1746 θ
1019 1700 1032 1719 α
1048 1701 1081 1741 _Id
1099 1698 1184 1733 ipsum
1200 1703 1315 1741 testatur
1328 1700 1443 1741 severus
1455 1699 1587 1733 Sulpicius
1601 1698 1628 1726 in
1640 1698 1774 1735 dialogo‘z

984 1735 1017 1763 tle
1029 1736 1152 1763 eiusdem
1167 1740 1255 1762 sancti
1269 1736 1420 1763 Vll'lllllbuS.

1029 1736 1152 1770 ejusdem
1167 1736 1255 1762 sancti
1269 1736 1420 1770 virtutibus.

1020 1776 1031 1790 θ
1046 1769 1097 1799 ⁷510
1112 1771 1244 1802 Clarom.,
1266 1769 1349 1798 Corb.
1369 1770 1422 1797 duo
1435 1790 1443 1803 ,
1463 1769 1553 1797 Germ.
1576 1774 1604 1797 et
1625 1769 1701 1798 Vinc.
1722 1769 1777 1797 Alii

982 1814 1062 1840 vero,
1080 1806 1238 1834 monasterio
1254 1806 1425 1841 priuilegium.

1020 1842 1030 1861 ί
1052 1839 1143 1874 Alias,
1163 1839 1295 1877 Vigenna;
1312 1839 1446 1877 nonnulli,
1475 1840 1622 1876 Vincentio,
1643 1839 1776 1877 laAViane,

981 1878 1024 1905 vel
1037 1878 1063 1905 la
1081 1875 1235 1910 Vignanne,
1252 1877 1332 1910 vulgo
1349 1877 1373 1902 la
1392 1876 1489 1903 Viemie
1511 1877 1618 1903 dicitur.
1638 1875 1730 1902 Oritur
1752 1876 1777 1902 iu

981 1910 1170 1940 Lemovicibus
1182 1933 1189 1944 ,
1205 1919 1319 1946 quorum
1330 1932 1338 1943 .
1354 1912 1423 1939 sicut
1443 1917 1469 1938 et
1491 1911 1631 1938 Pictonum
1644 1932 1652 1943 ,
1673 1910 1777 1945 aliquot

982 1949 1081 1983 oppida
1101 1948 1198 1980 alluit;
1215 1945 1336 1982 denique
1356 1954 1440 1982 prope
1467 1947 1554 1981 ipsum
1573 1945 1725 1973 Coudatum
1750 1946 1777 1973 in

981 1983 1099 2022 Ligerim
1115 1983 1279 2011 devolvitur.
1568 2015 1596 2022 ω
1685 2015 1704 2022 η
1728 2015 1745 2022 Α

1018 2015 1030 2042 ῖς
1052 2019 1161 2052 Aliquot
1180 2025 1245 2045 mss.
1265 2022 1293 2045 et
1312 2017 1394 2051 editi,
1416 2016 1546 2043 Lidorius.
1568 2015 1775 2052 Plureeratia-

981 2062 1045 2081 num
1067 2051 1137 2082 inter
1156 2061 1188 2080 ac
1204 2053 1345 2080 Martinum
1362 2052 1542 2080 admittendos
1557 2058 1618 2078 esse
1634 2051 1781 2085 episcopos

982 2090 1069 2118 innuit
1083 2089 1218 2122 Sulpicius
1232 2088 1350 2116 Severus
1365 2088 1391 2115 in
1407 2089 1475 2115 libro
1490 2087 1524 2115 de
1540 2088 1599 2114 Vita
1617 2086 1646 2113 S.
1662 2086 1779 2120 Martini,

982 2132 1041 2159 cap.
1059 2124 1090 2157 8,
1117 2121 1162 2152 ubi
1186 2132 1268 2157 agens
1292 2124 1326 2152 de
1351 2123 1430 2151 altari
1444 2122 1593 2159 cujusdam
1609 2121 1781 2159 pseudomar-

982 2157 1066 2196 tyris,
1093 2161 1164 2195 quod
1191 2160 1321 2196 Martinus
1341 2160 1462 2196 evertit,
1480 2157 1550 2196 illud
1571 2166 1587 2196 ις
1605 2157 1782 2192 superioribus

981 2193 1109 2230 episcopis
1123 2196 1291 2223 constitutum
1312 2195 1394 2222 fuisse
1412 2195 1486 2222 dicit.
1508 2193 1586 2230 Quod
1606 2198 1782 2230 cutttﬂsancta

1008 2228 1098 2258 aliauo
1115 2233 1202 2265 primo
1214 2233 1340 2266 episcopo
1355 2232 1486 2265 imputare
1502 2228 1576 2266 nefas
1588 2229 1622 2266 sil
1632 2248 1640 2260 9
1652 2228 1701 2266 alii
1711 2236 1781 2262 Dm-

985 2271 1025 2294 ter
1041 2266 1070 2294 S.
1087 2263 1216 2294 Litorium
1233 2263 1527 2294 iuterinedti'videntur
1542 2263 1713 2291 admittendi.

1022 2301 1035 2320 ιι
1054 2302 1175 2337 Scaliger
1195 2302 1242 2329 lib.
1260 2310 1284 2329 vr
1300 2303 1332 2328 de
1353 2301 1461 2328 emend.
1478 2306 1634 2337 temporum
1653 2299 1697 2325 hic
1712 2303 1739 2325 et
1751 2298 1779 2326 in

986 2337 1039 2364 ﬁne
1055 2337 1102 2375 lib.
1116 2333 1184 2375 νιῖιγει
1196 2345 1232 2375 vi,
1242 2337 1390 2375 legendum
1405 2343 1464 2375 eSsc
1479 2333 1573 2375 censet
1585 2333 1648 2366 362;
1662 2341 1780 2375 (μισ-ρξε-

985 2380 1060 2400 mero
1071 2373 1153 2400 additi
1168 2368 1231 2400 anui
1242 2368 1386 2400 55'Christi
1399 2372 1471 2404 vitae,
1484 2370 1602 2397 efﬁcitur
1613 2377 1700 2396 annus
1714 2368 1779 2397 595.

137 2432 1782 2448 ψ

369 2489 494 2525 37-33
520 2479 798 2517 INCIPIUNT
829 2480 1101 2518 CAPITULA
1131 2480 1277 2518 LIBRI
1305 2479 1549 2516 SECUNDI.

136 2534 162 2561 1.
186 2534 224 2563 De
238 2534 385 2570 episcopatu
400 2535 506 2562 Briccii.

134 2570 180 2613 Il.
201 2571 240 2613 De
259 2570 380 2598 Vandalia
406 2576 430 2598 et
452 2571 625 2605 persecutione
650 2570 856 2598 Christianorum
882 2570 928 2598 sub

136 2615 257 2679 Ιιῗξυῖἱε
271 2643 364 2679 Cyrota
379 2642 556 2671 hwreticorum
582 2641 710 2677 episcopo,
737 2646 759 2669 et
778 2642 810 2670 de
833 2641 930 2670 sancti:

172 2677 338 2714 Martyrillus.

137 2713 147 2741 Ι
157 2713 185 2741 ν.
209 2712 252 2741 De
260 2714 434 2748 persecutione
448 2713 494 2741 sub
510 2713 666 2740 Athanarico
680 2712 786 2748 agitata.

138 2749 170 2775 γ.
193 2749 231 2776 De
246 2748 367 2776 Aravatio
382 2750 500 2784 episcopo
515 2754 537 2776 et
552 2748 657 2776 ()hunis.

137 2784 176 2820 Vl
182 2805 193 2820 ,ν
199 2784 235 2812 De
247 2786 353 2812 basilica
366 2783 447 2812 sancti
461 2783 585 2819 Stephani
599 2784 669 2820 apud
675 2783 823 2811 Mettentem
830 2784 928 2812 urbem.

137 2819 206 2847 VII.
228 2820 267 2847 De
281 2829 360 2848 uxore
374 2821 450 2849 Aetii.
469 2820 506 2847 De
521 2820 611 2847 Attila.

137 2854 223 2892 YIII.
246 2857 314 2889 Quid
325 2856 443 2892 tte/latio
458 2856 658 2892 liistoriographi
672 2856 838 2892 scripserunt.

134 2890 188 2923 ΙΧ.
211 2892 280 2927 Quid
294 2892 325 2919 de
343 2890 452 2920 Francis
467 2892 544 2919 iidem
558 2890 653 2921 dicunt.

984 2536 1020 2564 Χ.
1049 2537 1134 2598 ind‘
1149 2537 1181 2563 de
1204 2533 1349 2563 simulacris
1377 2535 1490 2570 gentium
1517 2532 1648 2570 propheta
1676 2531 1781 2559 Domini

1021 2581 1071 2598 πη
1089 2580 1121 2598 an
1137 2592 1145 2598 .

1021 2573 1145 2599 scribant.

985 2611 1039 2639 XI.
1060 2611 1099 2638 De
1113 2612 1185 2638 Avito
1200 2611 1363 2646 imperatore.

985 2651 1055 2679 XII.
1069 2651 1107 2679 De
1119 2651 1265 2679 Childerico
1279 2660 1336 2686 rcgc
1349 2655 1371 2677 ct
1386 2648 1505 2684 ἉΕςιῐιιίο.

984 2692 1072 2720 XIII.
1094 2691 1132 2719 De
1149 2693 1298 2727 episcopatu
1324 2690 1466 2718 Venerandi
1483 2697 1511 2715 ac
1532 2688 1631 2716 Rustici
1646 2689 1776 2718 Arvernis.

984 2732 1065 2761 XIV.
1087 2732 1126 2760 De
1140 2733 1285 2768 episcopatu
1304 2731 1436 2768 Eustachii
1457 2730 1577 2768 ’l'uronici
1592 2734 1669 2766 atque
1680 2730 1779 2766 Perpe-

1020 2770 1057 2796 tui
1070 2777 1080 2802 ;
1094 2773 1118 2795 et
1134 2766 1165 2795 de
1179 2766 1282 2795 basilica
1296 2767 1377 2793 sancti
1392 2766 1507 2793 Martini.

983 2808 1048 2837 XV.
1071 2809 1108 2836 De
1122 2808 1228 2836 basilica
1241 2807 1323 2835 sancti
1338 2807 1532 2842 Syntphoriani.

983 2848 1065 2876 XVI.
1086 2849 1126 2876 De
1141 2848 1262 2875 Namatio
1274 2849 1406 2882 episcopo,
1421 2853 1444 2875 et
1458 2847 1561 2875 ecclesia
1576 2847 1701 2874 Arverna.

983 2888 1006 2916 Χ
1017 2888 1082 2917 VII.
1103 2887 1142 2916 De
1155 2889 1264 2924 conjuge
1274 2890 1341 2924 ejus,
1354 2894 1377 2916 et
1389 2888 1495 2916 basilica
1505 2887 1586 2915 sancti
1601 2885 1736 2922 Stephani.
