4028 6342
521 336 619 393 187

520 442 745 503 XVIII.
791 443 942 512 Quod
985 441 1308 499 Childericut
1350 435 1644 494 Aureliani:
1671 475 1688 503 ,
1745 440 1791 490 et
1825 432 2114 507 Andegavis

593 517 725 570 venit
756 517 1094 570 Adouacrius.

522 587 572 643 Χ
585 586 683 641 IX.
731 585 929 641 Bellum
955 587 1085 640 inter
1117 586 1349 640 Saxones
1385 597 1445 637 ac
1472 581 1750 636 Romanos.

525 658 644 715 XX.
690 657 767 710 De
804 657 1032 710 Victoria
1056 657 1205 710 duce.

523 729 624 785 XX
633 727 696 798 I.7
726 726 802 798 De
841 727 1102 798 Eparchio
1129 726 1388 798 episcopo.

525 797 719 856 XXII.
763 797 838 851 De
865 797 1082 853 Sidonio
1112 797 1371 865 episcopo.

525 868 752 924 XXIII.
802 869 873 921 De
901 862 1169 922 sanctitate
1201 862 1409 922 Sidonii
1437 863 1665 934 episcopi
1682 904 1698 930 ,
1739 869 1788 918 et
1817 863 1881 919 de
1908 862 2118 935 injuriis

598 942 789 994 ultione
809 941 982 993 divina
1011 940 1300 992 moderatis.

522 1010 742 1066 XXIV.
786 1010 863 1063 De
885 1013 1017 1074 fame
1045 1008 1382 1079 Burgundite,
1408 1015 1456 1061 et
1488 1005 1711 1062 Ecditio.

524 1081 709 1136 XXV.
755 1081 830 1135 De
862 1079 1124 1148 Euvarege
1153 1089 1490 1148 persecutore.

525 1151 740 1207 XXVI.
783 1151 858 1203 De
889 1151 1030 1204 obitu
1057 1147 1218 1205 saneti
1244 1148 1508 1220 Perpetui,
1539 1158 1585 1204 et
1611 1151 1904 1220 episcopatu
1943 1147 2106 1203 Volu-

603 1225 732 1276 siani
763 1239 823 1276 ac
856 1221 1000 1276 Veri.

603 1240 731 1276 ειαηι
763 1239 823 1276 ac
861 1239 888 1276 V
905 1239 1000 1275 εη.

531 1293 634 1347 XX
647 1293 778 1347 VII.
815 1294 962 1359 Quod
991 1290 1369 1348 Cltlodovechus
1397 1308 1612 1357 regnum
1634 1292 1846 1362 accepit.

531 1364 637 1417 XX
650 1363 816 1418 VIII.
852 1363 1002 1430 Quod
1029 1362 1408 1416 Chlodoveclms
1435 1360 1878 1416 C/trotltechildem
1900 1360 2116 1427 accepit.

532 1434 746 1491 XXIX.
792 1433 869 1487 De
898 1435 1064 1503 primo
1095 1449 1270 1489 eorum
1299 1433 1409 1502 filio
1437 1435 1692 1496 baptizata
1720 1444 1765 1488 et
1788 1435 1840 1486 in
1877 1432 2004 1487 albis
2029 1434 2119 1485 de-

1513 320 1573 378 S.
1613 317 1939 376 GBEGORII
1982 319 2287 380 EPISGOPI
2327 317 2760 378 TURONENSIS

3700 313 3824 376 181

2321 443 2497 489 'uncto.

2221 504 2405 560 XXX.
2451 504 2650 558 Bellum
2684 513 2859 559 contra
2881 504 3213 562 Alamannos.

2221 574 2443 647 xxxi.
2467 575 2543 629 De
2573 577 2822 647 baptismo
2854 564 3211 631 ChtoJavecot.

2220 645 2470 701 XXXII.
2499 645 2700 701 Bellum
2730 658 2904 701 contra
2933 647 3321 704 Gundebadum.

2219 717 2506 790 ξ.
2552 719 2626 790 I)e
2657 720 2863 773 interitu
2891 717 3200 790 Godegiseli.

2220 787 2493 844 XXXIV.
2539 789 2688 855 Quod
2720 787 3069 844 Gundebadus
3108 791 3330 844 conuerti
3359 789 3590 845 uoluerit.

2221 861 2267 914 Χ
2279 859 2456 914 XXV.
2492 860 2640 926 Quod
2671 860 3055 913 Chlodorecltus
3079 871 3123 914 et
3157 862 3394 916 Ataricus
3417 877 3467 916 se
3493 860 3752 915 uiderunt.

2224 931 2379 1002 XXX
2397 930 2502 1002 VI.
2539 932 2616 985 De
2656 932 2938 997 Quintiano
2985 933 3241 1002 episcopo.

2224 1001 2324 1056 XX
2339 1002 2377 1053 Χ
2399 1001 2530 1056 VII.
2574 1002 2781 1056 Bellum
2821 1013 3000 1056 contra
3031 1001 3314 1058 Alaricum.

2609 1073 2682 1145 Dc
2713 1073 2992 1126 Patriciatu
3021 1073 3361 1129 Chlodoucchi
3390 1073 3544 1145 regis.

2224 1143 2492 1198 XXXIX.
2530 1144 2603 1197 De
2629 1144 2823 1197 Licinio
2847 1148 3103 1213 epirt'OpO.

2221 1215 2355 1287 Χιὶ
2386 1216 2461 1270 De
2490 1217 2695 1269 interitu
2722 1215 2961 1283 Sipiberti
2991 1218 3206 1270 senioris
3234 1226 3278 1271 et
3310 1216 3406 1283 ﬁlii
3430 1216 3560 1287 ejus.

2424 1287 2499 1360 De
2519 1288 2725 1360 interitu
2751 1288 3019 1360 Cltarurici
3039 1300 3085 1340 et
3107 1289 3203 1357 ﬁlii
3225 1291 3357 1360 ejus.
3453 1284 3464 1287 ⁷
3590 1334 3605 1341 -

2223 1357 2422 1428 XLII.
2457 1358 2533 1412 De
2563 1359 2770 1411 interitu
2790 1358 3150 1428 rrliagtiatﬁzm'ii
3177 1370 3220 1413 et
3245 1357 3464 1428 fratrum
3485 1361 3617 1428 eius.

2227 1427 2451 1483 XLIII.
2497 1428 2573 1483 De
2604 1430 2741 1482 obitu
2769 1427 3128 1484 Chlodovechi.

534 1577 3812 1606 Μ

1520 1675 1989 1786 LIBER
2064 1667 2917 1780 SECUNDUS.

1960 1850 2426 1961 prologue.

609 2024 1142 2098 399Frosequentes
1170 2019 1417 2077 ordinem
1444 2025 1776 2091 temporum,
1809 2016 1966 2073 miste
1997 2031 2127 2073 con-
2156 2021 2205 2080 Α
2234 2013 2335 2070 sub
2370 2011 2612 2070 Ezechiae
2653 2021 2914 2084 tempore,
2943 2011 3028 2069 cui
3061 2013 3200 2069 Deus
3226 2012 3292 2069 ad
3328 2013 3492 2068 vitam
3520 2012 3824 2085 quindecim

541 2116 761 2188 fusoque
791 2125 898 2172 tam
940 2116 1166 2170 virtutes
1196 2120 1501 2167 sanctorum
1523 2152 1538 2176 ,
1578 2125 1734 2181 quam
1766 2121 1972 2179 strages
2003 2124 2132 2180 gen-

541 2210 672 2268 tium
718 2224 1099 2266 memoramus.
1133 2207 1248 2262 Non
1289 2205 1432 2260 enim
1485 2203 1919 2259 irrationabiliter
1963 2202 2131 2272 accipi

543 2311 674 2374 puto
703 2343 721 2371 ,
765 2303 812 2358 si
853 2301 1058 2358 felicem
1109 2301 1388 2357 beatorum
1429 2299 1590 2354 vitam
1633 2299 1770 2353 inter
1811 2298 2132 2352 miserorum

541 2408 904 2452 memoremus
942 2393 1175 2459 excidia,
1203 2406 1324 2448 eum
1358 2390 1408 2445 id
1441 2405 1543 2445 non
1587 2387 1812 2444 facilitas
1832 2387 2132 2458 scriptoris,

542 2487 638 2545 sed
671 2497 971 2556 temporum
999 2487 1169 2543 series
1199 2491 1435 2555 praestet.
1468 2483 1600 2538 Nam
1633 2483 1892 2538 sollicitus
1921 2483 2090 2538 lector
2112 2521 2129 2549 ,

545 2577 593 2635 si
623 2577 862 2649 inquirat
891 2587 1109 2633 strenue
1129 2617 1144 2642 ,
1178 2575 1417 2631 inveniet
1443 2574 1582 2630 inter
1611 2573 1724 2628 illas
1754 2589 1936 2644 regum
1964 2574 2135 2628 Israe-

547 2669 812 2726 liticorum
841 2669 1112 2735 historias,
1140 2669 1240 2721 sub
1265 2667 1478 2722 Samuel
1505 2667 1650 2737 justo
1681 2667 1934 2722 Phincem
1963 2665 2132 2721 inter-

548 2759 654 2818 isse
683 2761 1109 2830 sacrilegumzac
1129 2759 1228 2814 sub
1247 2759 1435 2825 David,
1466 2773 1624 2829 quem
1656 2759 1869 2813 Fortem
1917 2772 2132 2812 manum

549 2859 578 2890 α
621 2850 846 2916 dicunt,
895 2849 1102 2905 Goliam
1132 2850 1460 2920 allophylum
1487 2848 1774 2905 corruisse.
1834 2847 2135 2906 Meminerit

548 2943 706 3002 etiam
734 2943 833 3002 sub
861 2941 1027 2998 Heliae
1057 2941 1244 2997 eximii
1277 2942 1412 2995 vatis
1457 2951 1694 3012 tempore
1719 2982 1733 3006 ,
1793 2941 1882 3012 qui
1933 2941 2135 3010 pluvias

551 3048 667 3092 cum
692 3033 864 3090 voluit
890 3035 1130 3103 abstulit,
1183 3043 1238 3092 et
1283 3049 1404 3092 cum
1459 3034 1611 3089 libuit
1667 3033 1940 3089 arentibus
1981 3034 2136 3090 terris

550 3127 767 3195 Infodit;
794 3129 880 3200 qui
903 3129 1080 3183 vidua:
1108 3137 1475 3198 paupertatem
1498 3127 1741 3184 oratione
1768 3127 2134 3197 locupletavit;

555 3233 770 3293 quantae
800 3225 1116 3294 populorum
1147 3233 1353 3292 strages
1380 3221 1488 3294 40
1512 3220 1684 3286 fuere,
1708 3232 1922 3292 quantae
1945 3221 2133 3287 fames,

554 3315 639 3372 vel
667 3330 785 3385 qua:
830 3315 1042 3372 siccitas
1085 3315 1340 3372 miseram
1386 3313 1714 3386 oppresserit
1743 3313 1982 3370 humum.
2007 3314 2137 3381 Qua:

627 3455 655 3516 ξι
680 3445 768 3501 Sic
792 3445 974 3510 Corb.;
1001 3447 1116 3516 alii,
1149 3445 1359 3502 Fortem
1397 3462 1574 3501 manu.

623 3515 655 3557 δ
681 3517 771 3592 Sic
793 3517 914 3592 cod.
943 3515 1148 3585 Casin.;
1173 3520 1288 3592 alii,
1307 3518 1540 3592 jubente.

631 3598 654 3660 ξε
689 3589 846 3642 Deest
877 3590 976 3660 hoc
999 3599 1157 3660 caput
1177 3590 1227 3644 in
1250 3585 1412 3646 Corb.
1439 3600 1491 3645 et
1519 3589 1650 3658 lleg.
1681 3585 1850 3644 Porro
1893 3587 2136 3660 nonnulli

559 3657 715 3730 hujus
749 3659 1001 3729 temporis
1028 3657 1218 3716 eruditi
1264 3662 1360 3714 viri
1391 3702 1407 3726 ,
1445 3657 1637 3728 quibus
1681 3674 1785 3730 non
1821 3660 1990 3730 placet
2024 3659 2140 3715 haec

561 3729 799 3798 Gregorii
824 3732 1077 3796 narratio,
1109 3747 1229 3788 cum
1260 3731 1312 3784 in
1345 3731 1444 3784 hoc
1476 3732 1664 3785 falsum
1711 3729 1874 3784 fuisse
1905 3739 2089 3797 putant
2121 3773 2135 3793 ,

561 3802 700 3877 quod
737 3803 1099 3877 Drictionem,
1126 3803 1194 3877 de
1220 3819 1324 3871 quo
1351 3803 1620 3877 Sulpicius
1649 3801 1700 3854 in
1729 3803 1830 3877 line
1866 3801 2072 3877 Dialog.
2107 3803 2140 3857 ὅ

561 3871 792 3942 scripsit,
825 3872 942 3927 etim
971 3874 1175 3929 Driccio
1205 3874 1370 3928 sancti
1402 3871 1607 3928 Mariihi
1636 3872 1936 3927 confuderit
1961 3914 1974 3938 ,
2006 3889 2141 3941 quos

564 3953 740 3998 tamen
789 3944 1030 4000 diversos
1078 3945 1294 3999 omnino
1325 3943 1489 3998 fuisse
1520 3946 1740 4000 volunt:
1777 3946 1966 4010 primo,
1999 3943 2142 4013 quod

565 4028 738 4084 neque
787 4016 1066 4085 Sulpicius,
1104 4031 1272 4083 neque
1305 4013 1629 4070 Fortunatus
1661 4060 1675 4082 ,
1722 4017 1808 4082 qui
1861 4015 2143 4069 Brictionis

566 4086 723 4142 etiam
765 4088 1044 4148 meminit,
1091 4102 1211 4141 eum
1257 4087 1483 4141 Martino
1507 4088 1834 4141 successisse
1863 4085 2140 4152 dixerint;

567 4155 625 4212 2°
647 4153 788 4224 quod
817 4155 1109 4210 verisimile
1155 4173 1261 4210 non
1311 4159 1381 4210 sit
1409 4158 1678 4212 hominem
1711 4157 1847 4211 adeo
1875 4156 2140 4211 facinoro-

568 4240 710 4288 sum,
742 4227 912 4295 qualis
958 4225 1154 4280 Brictio
1198 4227 1266 4281 ab
1314 4227 1419 4280 illis
1448 4229 1752 4282 auctoribus
1784 4228 2101 4282 describitur
2125 4272 2140 4295 ,

573 4297 860 4367 tanto‘viro
886 4296 936 4351 in
967 4297 1277 4364 episcotiatu
1309 4299 1664 4361 successisse;
1696 4298 1752 4351 3°
1778 4299 1937 4367 quod.
1965 4300 2009 4352 si
2041 4299 2143 4351 Bri-

571 4367 680 4438 ctio
707 4364 927 4438 Martini)
947 4369 1305 4438 successisset
1327 4408 1341 4432 ,
1387 4367 1650 4433 Sulpicius
1681 4364 1874 4438 qui—eo
1915 4367 2143 4421 Turonis

572 4437 794 4492 sedente
846 4435 1093 4508 Dialogos
1119 4439 1335 4504 scripsit
1362 4482 1375 4500 ,
1417 4446 1557 4490 tanta
1597 4435 1713 4507 ejus
1766 4436 2024 4502 facinora,
2057 4447 2148 4492 aut

572 4509 763 4563 saltent
792 4523 982 4562 nomen
1007 4507 1324 4563 reticuisset.
1361 4507 1598 4574 Denique
1633 4509 1772 4578 quod
1801 4508 2065 4574 Sulpicius
2094 4519 2148 4563 et

577 4579 893 4633 Fortunatus
923 4579 1242 4633 Brictionem
1288 4579 1721 4644 nominaverint,
1773 4578 1978 4632 Martini
2016 4594 2146 4634 vero

575 4663 854 4722 successor
873 4650 1114 4722 iBriccius
1140 4649 1298 4722 etiam
1331 4651 1397 4704 ab
1426 4651 1541 4719 ipso
1559 4650 1824 4722 Gregorio
1845 4650 2145 4722 appellatus

577 4719 754 4774 fuerit.
785 4721 924 4786 Quin
949 4733 1002 4775 et
1030 4720 1118 4773 alii
1148 4721 1332 4774 volunt
1363 4730 1528 4782 totum
1558 4719 1658 4775 hoc
1683 4719 1854 4789 caput
1900 4719 2144 4790 Gregorii

580 4791 825 4873 Historia:
867 4792 947 4885 ib
987 4791 1168 4872 aliquo
1207 4790 1589 4885 ipterpolatore
1636 4790 2142 4885 l’uisseladjectuim‘:
2176 4821 2222 4885 α

577 4877 696 4913 cum
723 4862 773 4914 in
798 4862 953 4916 codd.
979 4863 1373 4926 vetustissimis,
1395 4861 1702 4916 Gorbeiensi
1729 4864 1926 4917 scilicet
1951 4873 2005 4917 et
2030 4864 2146 4918 Bel-

579 4933 866 4997 Iovacensi,
893 4949 997 4986 non
1032 4933 1308 4998 habeatur,
1339 4942 1393 4987 et
1423 4933 1476 4986 in
1503 4947 1566 4988 eo
1598 4934 1930 5003 proferantur
1956 4935 2143 4999 multa,

579 5018 696 5074 qua:
743 5019 846 5057 non
880 5005 1006 5058 satis
1056 5003 1153 5057 sibi
1198 5013 1444 5058 constant
1476 5045 1490 5070 ,
1526 5015 1581 5058 ut
1609 5020 1636 5056 a
1667 5004 1925 5069 Gregorio
1951 5008 2149 5074 scripta

579 5073 680 5127 dici
713 5075 949 5142 possint,
976 5074 1220 5130 videlicet
1255 5074 1521 5130 hominem
1550 5091 1742 5130 vanum
1776 5076 2005 5131 Martino
2031 5073 2151 5132 suc-

579 5145 824 5217 cessisse,
857 5161 1086 5215 eumque
1134 5161 1301 5201 annos
1350 5147 1539 5199 saltem
1588 5147 1920 5217 septuaginta
1967 5157 2149 5202 natum

579 5216 822 5270 adulterii
849 5217 1068 5272 crimine
1091 5217 1418 5287 impetitum;
1450 5217 1652 5280 Romae,
1679 5227 1734 5272 ut
1763 5216 1914 5273 suam
1937 5233 2150 5274 causam

583 5295 839 5350 tueretur,
876 5303 1058 5358 annos
1100 5298 1301 5358 septem
1353 5297 1759 5343 cornu-ioratum.
1813 5289 1905 5344 llis
1953 5289 2154 5344 addunt

584 5358 848 5424 pontiﬁcis
875 5356 1128 5423 Romani,
1161 5356 1246 5428 qui
1281 5369 1454 5416 tamen
1485 5359 1742 5428 Gregorio
1781 5360 1944 5423 probe
1989 5368 2151 5414 notus

583 5436 725 5498 erat,
774 5443 962 5481 nomen
1013 5444 1390 5498 suppressum;
1442 5429 1637 5483 nullam
1689 5428 1916 5498 denique
1964 5429 2153 5484 horum

586 5494 842 5569 factorum
874 5499 1000 5550 alias
1029 5494 1336 5555 memoriam
1372 5494 1588 5566 haberi,
1619 5494 1844 5569 aliaque'
1861 5499 1912 5552 id
1962 5515 2151 5569 genus,

586 5582 704 5634 qua:
734 5585 759 5619 a
794 5567 872 5621 Cl.
904 5569 965 5621 V.
996 5569 1228 5638 Iosepho
1255 5573 1521 5626 Antelmio
1554 5572 1603 5624 in
1633 5567 1853 5636 epistola
1887 5567 2056 5627 ad'R.
2090 5572 2154 5626 Ρ.

589 5641 712 5713 Ant.
740 5637 953 5713 Pagium
986 5637 1198 5713 Parisiis
1222 5647 1357 5695 edita
1390 5658 1530 5696 anno
1555 5641 1693 5694 115υὸ
1719 5641 2079 5713 proferuntur.

661 5708 854 5784 Venuli
888 5710 1240 5784 histrionibus
1265 5715 1460 5782 apponi
1509 5723 1683 5782 potest
1708 5708 1922 5784 antiqua
1951 5722 2005 5768 et
2032 5727 2162 5767 con-

589 5786 738 5836 stans
780 5780 1029 5834 Ecclesia:
1073 5780 1398 5838 Turonensis
1449 5780 1686 5849 traditio,
1730 5780 1854 5852 quae
1895 5785 2160 5844 Briccium

590 5862 778 5918 suum,
814 5852 987 5921 qualis
1019 5867 1046 5907 a
1079 5852 1340 5923 Gregorio
1368 5863 1801 5926 repraesentetur,
1833 5871 2043 5926 semper
2071 5869 2164 5913 ve-

2237 2120 2406 2160 annos
2434 2105 2600 2174 auxit,
2637 2104 3002 2175 Hierosolyma
3023 2104 3162 2159 mala
3189 2105 3483 2173 pertulerit.
3519 2103 3624 2160 Sed
3646 2115 3701 2158 et
3725 2103 3823 2158 sub

2242 2198 2440 2253 Elisaao
2468 2198 2727 2268 propheta
2757 2239 2770 2262 ,
2808 2197 2896 2268 qui
2933 2208 3174 2253 mortuos
3205 2198 3327 2252 vitae
3357 2200 3610 2264 restituit,
3642 2207 3698 2253 et
3721 2201 3822 2252 alia

2239 2291 2294 2345 in
2326 2292 2534 2361 p0pulis
2573 2290 2825 2345 miracula
2876 2292 3042 2346 multa
3093 2291 3236 2357 fecit,
3268 2301 3477 2364 quattta:
3509 2292 3824 2347 internecio.

2237 2396 2354 2450 nes,
2396 2398 2516 2453 qum
2560 2382 2792 2438 miseriae
2842 2383 3014 2453 ipsum
3071 2382 3420 2438 Israeliticum
3450 2383 3707 2454 pupulum
3736 2399 3827 2454 op-

2240 2486 2572 2546 presserunt.
2633 2473 2724 2529 Sic
2771 2483 2824 2530 et
2877 2474 3174 2540 Eusebius,
3228 2475 3504 2542 Severus,
3568 2475 3827 2546 Hierony-

2239 2583 2463 2638 musque
2495 2567 2547 2622 in
2576 2566 2855 2623 Cbronicis
2875 2609 2890 2635 ,
2920 2576 3077 2636 atque
3098 2567 3348 2635 Orosius,
3377 2577 3431 2624 et
3453 2567 3588 2622 bella
3621 2583 3826 2638 regum,

2237 2669 2289 2716 et
2340 2661 2566 2714 virtutes
2614 2669 2908 2730 martyrum
2967 2659 3164 2730 pariter
3216 2669 3519 2714 texuerunt.
3551 2660 3627 2713 Ita
3653 2668 3711 2714 et
3738 2673 3827 2714 nos

2239 2754 2434 2810 idcirco
2467 2754 2544 2807 sic
2569 2753 2879 2822 scripsimus
2899 2793 2914 2820 ,
2949 2768 3054 2823 quo
3085 2753 3292 2808 facilius
3321 2754 3642 2808 saeculorum
3672 2753 3826 2824 ordo,

2241 2844 2326 2900 vel
2360 2859 2624 2899 annorum
2657 2844 2794 2898 ratio
2824 2859 2993 2915 usque
3017 2845 3081 2899 ad
3113 2853 3294 2900 nostra
3331 2856 3572 2915 tempora
3602 2853 3713 2900 tota
3744 2860 3826 2900 re-

2238 2937 2496 3008 periatur.
2529 2935 2818 2991 Venientes
2840 2950 2968 3008 ergo
2990 2952 3087 3008 per
3114 2945 3238 2992 ante
3258 2938 3524 2994 dictorum
3552 2945 3828 3007 auctorum

2245 3026 2526 3092 Historias,
2577 3042 2639 3082 ea
2690 3042 2808 3096 qua:
2858 3028 2908 3082 in
2951 3037 3221 3098 posterum
3251 3041 3370 3085 acta
3400 3039 3526 3086 sunt
3553 3069 3570 3097 ,
3604 3027 3829 3084 Domino

2239 3118 2522 3190 adjuvante
2550 3117 2600 3186 δ,
2632 3118 2977 3175 disseremus.

2314 3211 2348 3268 Ι.
2394 3212 2555 3283 Igitur
2583 3223 2606 3253 ο
2640 3223 2757 3284 post
2799 3228 3080 3270 excessum
3125 3215 3263 3271 beati
3307 3213 3412 3290 41
3458 3215 3671 3271 Martini
3716 3215 3826 3272 Tu-

2238 3307 2437 3363 ronicae
2463 3306 2695 3363 civitatis
2736 3306 3000 3378 episcopi,
3048 3308 3243 3363 summi
3287 3319 3339 3364 et
3390 3308 3829 3380 incomparabilis

2167 3450 2216 3512 Β
2243 3451 2424 3498 nerata
2451 3449 2566 3514 est,
2596 3451 2652 3514 et
2693 3442 2852 3498 etiam
2903 3458 3041 3500 nunc
3071 3446 3215 3500 cultu
3258 3445 3471 3514 publico
3514 3444 3669 3500 colit.
3704 3427 3832 3513 Quae

2241 3524 2418 3569 autem
2457 3513 2782 3583 objiciuntur
2809 3515 3068 3571 adversus
3118 3513 3271 3570 hanc
3300 3517 3641 3571 traditionem
3663 3557 3679 3581 ,
3728 3530 3831 3570 non

2244 3585 2468 3640 fortasse
2503 3587 2638 3657 tanti
2679 3585 3022 3653 videbuntur,
3051 3602 3173 3656 qua:
3203 3589 3339 3642 hanc
3369 3589 3584 3641 omnino
3622 3588 3831 3657 possint

2241 3657 2474 3712 elevare.
2507 3655 2642 3722 Quid
2681 3657 2822 3711 enim
2856 3659 3050 3712 mirum
3072 3655 3124 3712 isi
3175 3659 3433 3723 Briccius,
3471 3659 3554 3712 vir
3578 3655 3712 3712 alias
3736 3658 3832 3714 do-

2243 3728 2382 3782 tibus
2433 3727 2584 3781 bonis
2629 3742 2731 3782 non
2760 3729 2914 3798 plane
2959 3729 3264 3792 destitutus,
3299 3732 3448 3796 cujus
3475 3731 3701 3783 crimina
3739 3743 3829 3781 oc-

2242 3799 2538 3871 cultaverat
2579 3810 2794 3871 sanctus
2825 3801 3103 3865 Martinus,
3143 3814 3302 3871 quem
3333 3812 3387 3854 et
3430 3800 3545 3870 ipse
3576 3816 3605 3852 a
3635 3799 3831 3855 teneris

2245 3869 2295 3942 in
2330 3870 2653 3942 monasterio
2675 3885 2770 3924 suo
2792 3872 3106 3932 educatum,
3139 3869 3508 3942 presbyterum
3533 3881 3828 3934 creaverat,

2247 3940 2346 4010 ipsi
2395 3941 2446 3993 in
2497 3955 2861 3996 successorem
2894 3943 3148 3996 suffectus
3180 3940 3371 3996 fuerit?
3403 3942 3672 4010 Sulpicius
3705 3956 3828 3994 vero

2244 4014 2358 4078 ejus
2389 4011 2440 4064 in
2487 4021 2730 4064 sanctum
2759 4013 2929 4066 virmn
2961 4014 3200 4068 convicia
3233 4014 3444 4079 retulit,
3484 4013 3579 4068 sed
3623 4027 3690 4066 eo
3716 4012 3830 4078 ipso

2249 4092 2640 4153 tempore,iquo
2666 4097 2730 4137 ea
2757 4084 2992 4139 Briccius
3018 4100 3047 4138 a
3073 4087 3184 4138 suis
3212 4097 3436 4139 vexatus
3465 4085 3639 4153 palam
3668 4083 3833 4137 conti-

2247 4155 2475 4216 tebatnr,
2504 4152 2670 4222 juste,
2703 4162 2762 4206 ut
2791 4155 2956 4209 refert
2993 4157 3105 4224 ipse
3137 4157 3444 4224 Gregmius,
3469 4152 3578 4209 sibi
3610 4153 3834 4209 calami-

2247 4232 2379 4279 tates
2407 4224 2693 4298 contigisse
2721 4224 2924 4290 dicens,
2955 4227 3094 4298 quod
3123 4227 3234 4295 ipse
3260 4227 3460 4298 saepius
3486 4236 3730 4280 sanctum
3760 4227 3834 4298 vi-

2247 4310 2364 4348 rum
2391 4294 2671 4366 calumniis
2693 4294 3028 4362 impetiisset.
3054 4294 3192 4352 Nihil
3219 4294 3378 4366 pereo
3401 4300 3552 4354 obest
3582 4299 3715 4352 levis
3740 4297 3823 4350 illa

2249 4367 2519 4440 nominum
2568 4365 2868 4440 diversitas,
2899 4382 3018 4440 eum
3071 4365 3480 4440 martyrologia,
3527 4380 3580 4423 et
3601 4383 3690 4424 am
3739 4382 3829 4422 ve-

2251 4435 2570 4510 nustissima,
2595 4444 2666 4510 ut
2709 4439 2759 4489 in
2791 4438 3056 4510 plerisque
3086 4435 3506 4502 observavimus,
3542 4441 3832 4510 aliquando

2247 4503 2503 4558 Briccium
2524 4545 2538 4570 ,
2561 4503 2845 4575 aliquando
2871 4503 3216 4572 Briécionem,
3253 4511 3392 4566 hunc
3420 4503 3832 4564 beatuin'viruun

2248 4575 2536 4644 appellent.
2581 4577 2712 4644 Quae
2754 4588 2931 4635 autent
2971 4581 3039 4635 de
3083 4581 3373 4636 Fortunato
3404 4581 3675 4644 dicuntur,
3709 4581 3833 4634 nihil

2255 4647 2608 4716 objectionem
2636 4651 2920 4718 roborant,
2945 4667 3065 4706 cum
3093 4660 3298 4706 certmn
3323 4654 3389 4706 sit
3409 4668 3470 4706 ea
3499 4653 3834 4706 solummodo

2251 4721 2316 4772 ab
2346 4734 2410 4792 eo
2439 4719 2680 4792 versibus
2707 4736 2964 4786 expressa
2999 4724 3184 4790 fuisse,
3211 4738 3328 4792 qua:
3367 4724 3627 4792 Sulpicttts
3663 4723 3833 4776 soluta

2253 4789 2493 4867 oratione
2513 4791 2746 4867 disserat.
2778 4793 2908 4858 Quae
2952 4808 3077 4867 vero
3106 4789 3175 4847 ad
3222 4789 3495 4848 historiam
3532 4796 3670 4847 hanc
3700 4792 3834 4848 Cre-

2253 4861 2404 4930 gorio
2435 4859 2840 4928 abjudicandam
2871 4864 3234 4933 proferuntur,
3269 4867 3433 4920 multo
3459 4868 3685 4920 minoris
3713 4876 3834 4918 sunt

2259 4933 2535 4986 momenti.
2565 4933 2692 4988 Nam
2715 4935 2864 4990 abest
2885 4937 3100 5003 quidem
3125 4951 3153 4988 a
3182 4934 3364 4990 codice
3385 4934 3720 4998 Corbeiensi,
3742 4937 3832 4988 sed

2258 5002 2311 5076 i_n
2343 5005 2444 5055 isto
2466 5003 2658 5076 codice
2689 5005 2850 5058 multa
2891 5002 2992 5060 alia
3023 5005 3410 5071 desiderantur,
3442 5022 3562 5076 qum
3595 5016 3773 5059 tamen
3807 5020 3833 5056 a

2257 5072 2514 5144 Gregorio
2545 5075 2740 5144 scripta
2789 5077 2948 5131 fuisse
2995 5078 3206 5132 aliunde
3253 5072 3472 5133 certum'
3509 5087 3620 5141 est,
3655 5087 3710 5130 ut
3740 5091 3836 5129 suo

2260 5145 2379 5200 loco
2423 5144 2728 5214 probamus.
2765 5147 2841 5200 Ex
2872 5147 3058 5205 codice
3087 5156 3262 5204 autem
3296 5147 3662 5204 Bellovacensi
3707 5145 3836 5200 nihil

2260 5215 2376 5288 erui
2405 5223 2610 5288 potest,
2641 5232 2760 5271 cum
2785 5217 2983 5273 avulsis
3003 5219 3071 5274 ab
3092 5236 3156 5274 eo
3177 5221 3376 5288 aliquot
3407 5219 3565 5284 foliis,
3597 5235 3624 5273 a
3648 5219 3838 5286 capitis

2261 5287 2399 5372 tertii
2430 5285 2538 5372 [itte
2561 5288 2743 5372 folium
2775 5290 3167 5372 primumquod
3191 5285 3437 5372 superest
3465 5285 3840 5372 incipiat.th

2261 5365 2430 5411 telum
2465 5359 2578 5412 lucc
2628 5359 2848 5415 historia
2897 5360 2948 5414 in
2981 5359 3117 5424 aliis,
3147 5363 3306 5416 etiam
3339 5363 3561 5417 vetustis
3592 5375 3646 5416 et
3689 5361 3838 5414 home

2262 5437 2422 5502 notae,
2455 5429 2729 5486 codicibus
2778 5433 3021 5498 habetur,
3053 5443 3158 5488 tam
3204 5435 3256 5487 in
3286 5435 3396 5502 ipsa
3442 5433 3674 5487 Historia
3706 5434 3838 5486 Gre-

2258 5500 2388 5578 gorii
2407 5537 2422 5561 ,
2450 5513 2603 5578 quam
2638 5503 2690 5554 in
2713 5502 2832 5578 aliis
2853 5502 3138 5578 codd._sub
3165 5500 3318 5578 titulo
3341 5505 3469 5578 Vita:
3497 5506 3681 5578 sancti
3700 5505 3841 5555 Bric-

2261 5570 2361 5642 cii,
2385 5579 2436 5622 et
2459 5571 2670 5636 quidem
2693 5575 2790 5627 sub
2815 5571 2980 5642 ipsius
3002 5570 3243 5642 Gregorii
3270 5576 3504 5630 nontine.
3530 5575 3684 5642 Quod
3710 5589 3840 5630 vero

2263 5641 2421 5716 homo
2450 5654 2614 5716 vanus
2645 5646 2695 5696 in
2725 5641 3085 5714 episeopatum
3113 5657 3350 5710 evectus,
3377 5648 3456 5700 vel
3489 5641 3840 5716 septuagena-

2263 5712 2373 5765 rius
2402 5710 2646 5768 adulterii
2691 5710 2924 5786 crimine
2970 5717 3246 5786 impelitus
3293 5719 3483 5782 fuerit,
3526 5710 3616 5772 aut
3660 5719 3842 5770 Romae

2267 5798 2360 5850 pro
2390 5795 2550 5858 causa
2583 5785 2804 5858 tuenda,
2839 5802 2933 5842 seu
2984 5785 3077 5858 pro
3105 5790 3292 5858 guavis
3335 5789 3434 5843 alia
3482 5789 3692 5843 ratione
3731 5797 3842 5858 toto

2264 5857 2544 5925 septennio
2594 5857 2752 5914 fuerit
2787 5850 3066 5924 moratus;
3105 5850 3343 5932 'dcniquc
3385 5858 3525 5930 quod
3573 5856 3841 5930 pontificis
