4028 6342
266 345 373 403 189

1158 332 1478 394 HISTORIA
1514 329 1953 391 FRANCORUII.
1996 328 2202 387 LIBER
2248 327 2625 389 SECUNDUS.

3421 326 3523 384 190

272 463 411 528 viri,
438 455 1018 533 thibus,
1048 466 1237 525 magna
1282 452 1420 522 apud
1451 464 1549 506 nos
1580 446 1847 503 volumina
1871 448 1928 511 Α
1950 445 2193 501 volentes
2221 460 2339 498 eum
2376 444 2695 500 unanimiter
2726 442 2983 513 lapidare.
3032 440 3285 496 Dicebant
3331 441 3473 497 enim
3505 458 3521 498 :

271 557 605 616 retinentur,
660 550 891 605 Briccius
945 547 1012 602 ad
1058 546 1420 617 episcopatum
1472 541 1729 597 succedit.
1777 540 1848 595 At

271 663 401 703 vero
428 645 663 700 Briccius
684 645 804 711 iste,
828 655 945 699 cum
968 650 1111 694 esset
1134 639 1400 707 primaeva:
1426 635 1596 690 aatatis
1614 631 1848 703 juvenis,

271 747 462 796 sancto
492 735 666 790 adhuc
694 732 918 788 Martino
949 730 1144 785 viventi
1174 729 1226 782 in
1255 742 1479 798 corpore
1510 726 1704 781 multas
1730 736 1847 781 teu-

274 829 437 886 debat
461 826 705 893 insidias,
734 838 831 894 pro
857 838 921 877 eo
946 822 1084 891 quod
1106 821 1172 874 ab
1192 820 1379 875 eodem
1406 819 1733 887 plerumque,
1757 832 1850 871 cur

268 921 450 975 faciles
482 927 508 956 ι
531 931 617 972 res
662 922 993 984 sequeretur,
1036 910 1375 983 arguebatur.
1406 909 1638 976 Quadam
1671 916 1846 963 autem

271 1014 382 1077 die,
416 1011 540 1065 dum
572 1006 783 1077 quidam
816 1006 1056 1060 infirmus
1103 1004 1419 1059 medicinam
1459 1018 1488 1056 a
1528 1002 1683 1056 beato
1714 1001 1852 1055 Maro

271 1106 383 1159 tino
414 1111 721 1170 expeteret,
757 1098 1021 1153 Briccium
1059 1096 1233 1151 adhuc
1260 1095 1541 1150 diaconum
1573 1094 1629 1147 in
1676 1093 1847 1161 platea

268 1194 550 1257 convenit;
582 1193 665 1246 cui
713 1188 1027 1259 simpliciter
1072 1188 1191 1241 ait:
1246 1187 1382 1240 Ecce
1426 1199 1524 1254 ego
1574 1183 1852 1253 praestoler

269 1286 487 1341 beatum
530 1284 739 1347 virum,
785 1287 841 1341 et
886 1279 1067 1333 nescio
1109 1277 1196 1332 ubi
1241 1276 1344 1341 sit,
1386 1276 1470 1329 vel
1508 1274 1632 1344 quid
1676 1273 1852 1343 Operis

266 1378 422 1448 agat?
452 1375 545 1430 Cui
597 1371 830 1427 Briccius
864 1388 879 1424 :
910 1370 996 1434 Si,
1030 1369 1231 1436 inquit,
1264 1366 1493 1421 delirum
1526 1366 1675 1419 illum
1707 1380 1852 1434 qua:-

266 1468 367 1533 ris,
394 1464 636 1537 prospice
652 1463 896 1518 eminus:
920 1475 1044 1514 ecce
1065 1461 1258 1515 omium
1282 1458 1439 1513 solito
1460 1456 1486 1495 δ
1511 1457 1647 1511 sicut
1667 1471 1851 1510 amens

268 1558 509 1627 respicit.
533 1554 771 1624 Cumque
797 1566 1000 1623 pauper
1025 1551 1134 1617 ille,
1159 1564 1383 1604 occursu
1410 1558 1430 1585 ο
1458 1547 1687 1613 reddito,
1711 1547 1850 1615 quod

267 1655 498 1725 petierat
526 1650 897 1719 impetrasset,
930 1645 1191 1699 Briccium
1234 1643 1513 1697 diaconum
1548 1641 1627 1695 vir
1664 1640 1852 1695 beatus

267 1744 611 1815 alloquitur:
657 1741 736 1796 En
786 1753 916 1808 ego,
974 1737 1180 1801 Bricei,
1231 1735 1428 1789 delirus
1484 1732 1577 1786 tibi
1629 1730 1853 1786 videor?

1951 538 2048 593 Diti
2077 538 2243 607 pietas
2271 538 2438 591 sancti
2474 548 2615 591 tuam
2644 536 2833 590 celavit
2861 534 3124 589 luxuriam
3153 552 3164 585 :
3198 547 3297 588 nec
3330 530 3349 569 τ
3387 533 3524 587 Deus

1953 647 2049 687 nos
2077 632 2272 686 diutius
2302 631 2428 685 sinit
2455 646 2642 685 manus
2672 638 2789 683 tuas
2819 628 3060 699 indignas
3088 626 3378 682 osculando
3411 625 3523 694 pol‘

1951 724 2047 778 lui.
2094 722 2186 777 Illo
2233 737 2443 793 quoque
2487 723 2786 776 econtrario
2830 720 3049 774 viriliter
3098 719 3211 773 lucc
3258 725 3521 786 negante:

1952 812 2172 879 Aiierte,
2217 811 2419 880 inquit,
2471 812 2722 865 infantem
2767 811 2830 866 ad
2877 818 2982 865 me.
3030 811 3269 878 Cumque
3318 808 3526 863 oblatus

1952 904 2141 959 fuisset
2189 904 2379 970 infans,
2418 904 2627 973 triginta
2678 903 2790 958 dies
2828 904 2893 957 ab
2924 912 3042 957 ortu
3088 901 3306 965 habens,
3344 904 3417 954 ait
3461 900 3525 953 ad

1951 998 2056 1073 [‘3
2097 1014 2217 1053 eum
2272 998 2505 1051 Briccius
2536 996 2813 1065 cpiscopus
2841 1011 2855 1049 :
2889 995 3091 1065 Adjuro
3122 1005 3173 1049 te
3202 1010 3297 1065 per
3344 994 3525 1048 Jesum

1952 1091 2221 1145 Christum
2251 1088 2439 1142 Filium
2490 1086 2582 1140 Dei
2622 1086 3021 1153 omnipotentis,
3050 1095 3111 1139 ut
3148 1084 3191 1138 si
3233 1100 3328 1154 ego
3360 1093 3410 1138 te
3439 1097 3527 1154 ge-

1956 1182 2170 1249 neravi,
2217 1195 2399 1235 coram
2448 1178 2655 1233 cunctis
2687 1176 2885 1231 edicas.
2917 1176 2986 1231 Et
3031 1176 3119 1230 ille
3150 1194 3161 1230 :
3198 1176 3309 1229 Non
3340 1191 3418 1241 es,
3450 1177 3528 1228 in-

1957 1278 2097 1347 quit,
2134 1287 2184 1331 tu
2217 1286 2366 1345 pater
2410 1290 2577 1329 meus.
2633 1272 2846 1341 Populis
2889 1280 3064 1325 autem
3115 1270 3441 1341 rogantibus,
3476 1279 3528 1323 ut

1956 1369 2075 1441 quis
2107 1377 2253 1425 esset
2280 1376 2426 1436 pater
2456 1367 2836 1434 interrogaret,
2866 1364 2940 1417 ait
2982 1361 3233 1417 sacerdos
3259 1377 3274 1416 :
3304 1361 3419 1415 Non
3452 1371 3530 1414 est

1961 1463 2061 1518 hoc
2106 1477 2303 1515 meum.
2338 1459 2489 1525 Quod
2534 1457 2597 1511 ad
2644 1472 2729 1511 me
2780 1456 3063 1526 pertinuit,
3112 1454 3368 1508 sollicitus
3420 1453 3530 1506 ftti:

1960 1552 2113 1609 vobis
2144 1553 2187 1607 si
2217 1550 2411 1621 aliquid
2444 1550 2712 1618 suppetit,
2746 1563 2841 1617 per
2871 1561 2966 1600 vos
2996 1545 3237 1616 qurerite.
3273 1544 3418 1598 Tunc
3455 1543 3529 1597 illi

1956 1645 2174 1715 magicis
2218 1644 2330 1698 haec
2393 1643 2593 1697 artibus
2642 1642 2775 1697 facta
2816 1648 3202 1704 asseverantes,
3254 1638 3531 1706 insurgunt

1955 1748 2140 1795 contra
2170 1753 2292 1792 eum
2336 1736 2391 1790 in
2420 1752 2520 1790 una
2568 1735 2985 1803 conspiratione.
3019 1732 3082 1785 Et
3116 1730 3385 1785 trahentes
3410 1744 3529 1784 eum

267 1840 512 1909 Cumque
544 1836 636 1892 ille
677 1833 933 1890 confusus
981 1830 1095 1885 haec
1139 1828 1379 1893 audiens,
1415 1825 1613 1879 dixisse
1652 1837 1713 1876 se
1756 1821 1848 1876 ἀθ-
1880 1819 1928 1878 Β
1955 1830 2203 1889 dicebant
2236 1848 2248 1883 :
2284 1827 2397 1883 Non
2444 1827 2639 1882 diutius
2684 1825 2834 1880 nobis
2882 1824 3017 1879 falso
3044 1823 3272 1893 pastoris
3316 1822 3533 1876 nomine

268 1938 522 2003 negaret,
548 1929 624 1983 ait
667 1927 748 1981 vir
793 1933 1048 1979 sanctus:
1084 1921 1267 1976 Nonne
1311 1932 1465 1979 aures
1505 1931 1638 1971 mea:
1684 1913 1753 1968 ad
1787 1928 1847 1968 os

268 2034 417 2079 tuum
443 2028 624 2084 erant,
649 2033 767 2072 cum
799 2016 914 2070 bace
939 2014 1147 2069 eminus
1173 2008 1510 2080 loquebaris?
1533 2009 1705 2061 Amen
1728 2003 1847 2058 dico

268 2113 401 2179 tibi,
434 2112 555 2180 quia
598 2109 800 2165 obtinui
829 2106 967 2177 apud
1002 2105 1202 2169 Deum,
1234 2114 1287 2155 ut
1320 2109 1439 2170 post
1468 2114 1645 2153 meum
1674 2106 1847 2152 trans-

266 2206 401 2260 itum
452 2202 517 2257 ad
550 2201 889 2271 pontificatus
914 2197 1021 2269 42
1050 2198 1304 2249 honorem
1337 2191 1561 2247 accedas
1591 2206 1604 2243 :
1632 2188 1724 2244 sed
1755 2204 1851 2243 uo-

267 2296 415 2351 veris
442 2303 492 2348 te
520 2294 572 2347 in
598 2293 905 2359 episcopatu
937 2288 1098 2341 multa
1126 2286 1347 2340 adversa
1381 2298 1680 2352 passurum.
1712 2281 1852 2335 Bric-

269 2388 387 2442 cius
419 2386 531 2440 haec
570 2383 793 2438 audiens
842 2380 1137 2441 irridebat,
1171 2377 1352 2431 dicens
1378 2392 1393 2431 :
1423 2374 1615 2429 Nonne
1664 2388 1850 2427 verum

270 2478 411 2543 dixi,
439 2477 595 2529 istum
626 2474 793 2528 delira
821 2471 980 2525 verba
1014 2467 1285 2536 proferre?
1311 2465 1419 2521 Sed
1448 2474 1503 2518 et
1532 2462 1853 2534 presbyterii

271 2571 479 2625 honore
529 2566 812 2635 praeditus,
861 2563 1055 2629 saepius
1103 2560 1315 2615 beatum
1368 2557 1541 2611 virum
1594 2553 1852 2611 conviciis

274 2662 570 2718 lacessivit.
623 2660 859 2730 Adeptus
905 2672 1066 2726 ergo,
1116 2651 1572 2713 consentientibus
1618 2649 1849 2715 civibus,

271 2754 618 2826 pontificatus
656 2750 922 2814 ofﬁcium,
968 2746 1191 2801 orationi
1237 2746 1476 2799 vaeabat.
1509 2742 1642 2810 Quia
1682 2757 1851 2811 quan-

268 2861 432 2916 quam
465 2852 607 2899 eSSct
651 2843 909 2913 superbus
949 2851 1001 2894 et
1043 2853 1228 2901 vanus,
1259 2846 1438 2890 castus
1473 2843 1645 2889 tamen
1694 2832 1851 2887 habe-

274 2938 435 2994 batur
475 2949 720 3005 corpore.
764 2933 1056 2987 Tricesimo
1108 2928 1261 2984 tertio
1287 2924 1312 2963 ἀ
1348 2942 1473 2982 vero
1504 2924 1855 2981 ordinationis

275 3031 396 3102 ejus
430 3044 591 3094 anno,
619 3029 786 3082 oritur
816 3034 1002 3081 contra
1033 3039 1154 3078 eum
1184 3020 1540 3077 lamentabilis
1571 3036 1726 3075 causa
1758 3034 1854 3089 pro

272 3122 522 3177 uimine.
552 3120 685 3173 Nam
718 3118 929 3179 mulier,
963 3115 1026 3169 ad
1057 3130 1215 3186 quam
1241 3112 1554 3167 cubicularii
1587 3112 1701 3181 ejus
1734 3125 1855 3167 ves-

1953 1922 2339 1979 dominaberis.
2394 1920 2488 1975 Ille
2536 1928 2714 1975 autem
2761 1918 2830 1972 ad
2880 1915 3310 1971 satisfaciendum
3362 1912 3532 1968 adhuc

1955 2018 2171 2090 populo,
2196 2030 2395 2087 prunas
2418 2013 2665 2069 ardentes
2692 2011 2744 2067 in
2770 2012 2985 2082 byrrum
3016 2019 3039 2057 Β
3064 2024 3219 2064 suum
3245 2007 3419 2076 posuit
3444 2024 3455 2057 :
3481 2014 3535 2060 et

1954 2109 2021 2166 ad
2068 2124 2126 2164 se
2164 2107 2453 2176 stringens,
2488 2118 2657 2174 usque
2701 2101 2767 2157 ad
2809 2101 3108 2172 sepulcrum
3143 2099 3285 2153 beati
3327 2096 3534 2152 Martini

1955 2216 2055 2258 una
2078 2214 2199 2255 cum
2224 2198 2540 2268 pepulorum
2564 2194 2733 2249 turbis
2755 2192 2962 2248 accedit
2987 2211 2999 2246 :
3028 2190 3384 2259 projectisque
3410 2196 3534 2241 ante

1954 2294 2255 2365 sepulcrum
2279 2291 2479 2360 prunis,
2496 2289 2871 2343 vestimentum
2893 2286 3007 2354 ejus
3022 2286 3250 2339 inustum
3270 2283 3533 2350 apparuit.

1956 2385 2051 2455 Illo
2078 2398 2291 2454 quoque
2333 2382 2409 2437 sic
2440 2385 2791 2451 prosequente
2824 2392 2839 2429 :
2873 2374 3020 2430 Sicut
3068 2373 3206 2429 istud
3245 2371 3534 2426 vestimen-

1956 2486 2066 2532 tum
2098 2477 2163 2531 ab
2206 2476 2287 2529 his
2332 2473 2543 2545 ignibus
2583 2470 2776 2525 videtis
2824 2468 3087 2532 illaesum,
3128 2466 3198 2520 ita
3242 2474 3297 2521 et
3344 2478 3536 2531 corpus

1958 2584 2134 2626 meum
2160 2585 2189 2623 a
2219 2576 2361 2623 tactu
2390 2565 2733 2635 mulierisque
2760 2562 2901 2616 coitu
2928 2570 3011 2615 est
3036 2557 3396 2627 impollutam.
3428 2556 3535 2610 Illis

1958 2679 2083 2719 vero
2107 2677 2215 2716 non
2238 2658 2598 2722 credentibus,
2625 2654 2721 2711 sed
2747 2651 3256 2715 contradicentibus,
3288 2648 3536 2713 trahitur,

1957 2756 2332 2820 calumniatur,
2356 2751 2567 2823 ejicitttr
2587 2746 2639 2816 ιι,
2665 2756 2721 2803 ut
2744 2762 2921 2803 sermo
2941 2744 3109 2802 sancti
3132 2743 3510 2811 adimpleretur

1958 2848 2183 2905 Noveris
2228 2846 2361 2901 tein
2409 2846 2718 2914 episcopatu
2766 2841 2931 2895 multa
2962 2838 3184 2893 adversa
3232 2847 3534 2905 passurum.

1959 2943 2074 2998 Hoc
2105 2940 2247 2996 enim
2294 2939 2489 3010 ejecto,
2522 2934 2880 2991 Justinianum
2926 2932 2977 2985 in
3006 2930 3315 2999 episc0patu
3344 2924 3537 2980 consti-

1960 3042 2136 3088 tuunt.
2170 3031 2404 3099 Denique
2436 3029 2672 3083 Briccius
2699 3026 2955 3079 Romana:
2986 3021 3132 3076 urbis
3161 3034 3351 3090 papam
3382 3030 3539 3086 expe~

1962 3130 2076 3197 tiit,
2110 3127 2242 3181 flens
2283 3134 2337 3179 et
2375 3122 2602 3193 ejulans,
2633 3128 2790 3189 atque
2827 3117 3053 3171 dicens:
3087 3112 3271 3167 Merito
3300 3111 3413 3164 haec
3446 3120 3539 3177 pa-

272 3213 493 3268 timenta
532 3210 745 3265 deferre
798 3207 1039 3262 solebant
1086 3205 1151 3259 ad
1195 3203 1546 3268 abluendum,
1589 3217 1707 3273 qua:
1753 3201 1926 3267 subc
1960 3222 2084 3288 ιίοτ,
2116 3220 2237 3290 quia
2282 3216 2496 3286 peccavi
2529 3214 2582 3269 ίη
2630 3220 2876 3267 sanctum
2928 3210 3053 3275 De],
3082 3216 3134 3264 el
3164 3220 3287 3261 eum
3317 3202 3537 3258 delirum

268 3306 452 3375 specie
479 3303 747 3371 religionis
778 3309 893 3356 erat
919 3310 1068 3353 veste
1098 3306 1295 3351 mutata
1326 3306 1372 3360 θ,
1405 3295 1651 3364 concepit
1678 3302 1733 3349 et
1762 3309 1853 3364 pe-

277 3394 435 3466 perit.
463 3393 574 3459 Qua
603 3392 669 3445 de
711 3406 769 3445 re
799 3391 1027 3443 surrexit
1056 3388 1229 3442 omnis
1263 3386 1489 3457 populus
1515 3385 1852 3439 Turonorum

274 3485 330 3540 in
360 3486 489 3538 iram
509 3525 522 3550 ,
551 3492 605 3537 et
627 3491 790 3535 totum
822 3480 1025 3534 crimen
1055 3493 1216 3549 super
1241 3478 1548 3547 episc0pum
1580 3475 1852 3543 referunt,

281 3629 483 3671 nomen
528 3627 554 3666 a
588 3611 847 3682 Gregorio
890 3624 1231 3678 suppressum
1265 3609 1452 3674 fuerit,
1483 3608 1688 3677 aliaque
1711 3610 1858 3682 ejus-

276 3685 421 3741 modi
450 3680 759 3752 argumenta
778 3725 790 3747 ,
826 3698 929 3735 non
962 3682 1095 3735 adeo
1136 3691 1259 3734 sunt
1288 3682 1457 3734 valida
1478 3723 1490 3744 ,
1528 3692 1582 3733 ut
1612 3680 1851 3734 traditio-

277 3772 401 3809 nem
448 3755 702 3807 liactenus
753 3755 1120 3805 inconcussam
1170 3752 1397 3804 evellere
1448 3752 1687 3818 possint;
1735 3766 1856 3805 cum

278 3842 377 3880 nec
418 3826 629 3888 desint,
666 3825 825 3877 etiam
871 3823 985 3875 istis
1017 3823 1365 3889 temporibus,
1400 3823 1639 3887 exempla
1661 3862 1674 3885 ,
1707 3823 1856 3886 queis

279 3896 523 3965 Gregorii
568 3892 799 3947 narratio
829 3894 1110 3965 approbari
1145 3894 1328 3960 possit.
1360 3892 1424 3965 Et
1438 3893 1664 3965 quidem
1707 3892 1856 3945 Zozi-

279 3962 415 4021 mus'
452 3981 582 4034 papa
632 3966 791 4032 epist.
834 3965 872 4034 ξ
918 3963 1159 4028 Aurelio,
1186 3971 1340 4034 etc.,
1382 3962 1522 4034 Afris
1568 3964 1856 4034 episcopis,

278 4030 790 4091 testatur'Briccium
833 4030 1104 4086 Turonicaa
1149 4033 1361 4086 civitatis
1392 4033 1683 4099 episcopum
1726 4030 1861 4087 falso

279 4117 586 4162 accusatum
619 4105 785 4159 fuisse
825 4119 852 4157 a
903 4103 1121 4157 Lazaro.
1154 4102 1254 4168 Qui
1298 4104 1547 4165 Lazarus,
1598 4101 1670 4155 uti
1718 4104 1859 4156 idem

280 4193 417 4248 papa
457 4177 823 4248 rel‘ertrepist.
852 4174 905 4239 6,
933 4174 1213 4248 damnatus
1240 4171 1336 4248 fuit
1384 4174 1435 4226 in
1467 4187 1632 4248 conc.
1675 4173 1862 4248 Tauri-

280 4243 465 4311 iiensi,
513 4247 651 4315 quod
701 4246 889 4299 Briccii
939 4244 1220 4298 innocentis
1250 4243 1477 4314 episconi
1521 4243 1672 4295 vitam
1717 4243 1861 4313 falsis

282 4318 646 4392 objectionibus
677 4318 967 4392 appetisset.

358 4398 382 4425 ει
412 4388 649 4443 Latinius
677 4383 953 4456 legendum
982 4392 1127 4452 putat
1152 4384 1340 4453 futiles.
1372 4383 1581 4453 Regm.,
1606 4383 1783 4439 Germ.
1809 4397 1861 4441 et

283 4458 450 4521 Clar.,
479 4477 565 4512 cor
602 4461 768 4527 facile.
810 4456 912 4511 Sed
946 4456 1222 4509 retinenda
1254 4456 1418 4523 prima
1451 4458 1627 4510 lectio.
1660 4458 1859 4511 Eodem

280 4530 477 4599 quippe
504 4544 665 4583 sensu
696 4529 830 4581 hane
877 4541 1059 4581 vocem
1108 4527 1281 4594 faciles
1322 4536 1546 4599 usurpat
1574 4527 1861 4599 Gregorius

283 4598 438 4654 lib."
471 4600 653 4654 Mirac.
682 4600 741 4652 S.
776 4599 982 4652 Martini
1004 4638 1018 4659 ,
1050 4611 1169 4666 cap.
1196 4613 1240 4664 ι,
1271 4608 1322 4651 et
1352 4598 1471 4650 alibi
1501 4598 1716 4667 passim.

355 4670 383 4709 ι)
414 4671 501 4725 Sic
532 4670 714 4739 Regia.
739 4667 1105 4739 cutueditisﬂ;
1137 4668 1247 4724 alii.
1268 4668 1433 4734 colite,
1462 4669 1598 4724 unde
1628 4668 1863 4724 Latinius

280 4743 499 4797 sollicite
527 4738 889 4809 reperiendum
915 4738 1153 4807 conjicit.

364 4823 387 4880 ς
422 4812 628 4880 Regni“
663 4828 835 4864 cursu.

355 4879 380 4919 δ
411 4879 577 4947 Clar.,
608 4882 786 4935 Cerm.
813 4889 867 4937 et
895 4880 1107 4947 ltegm.,
1134 4879 1411 4937 Tricesimo
1434 4898 1567 4937 vero.

322 5024 331 5032 .
359 4962 382 4990 ο
416 4954 547 5006 Nota
578 4956 804 5032 vestium
837 4951 1182 5032 mutationem
1223 4952 1289 5005 ab
1332 4955 1394 5007 iis
1439 4954 1526 5021 qui
1558 4953 1859 5023 religiosam

284 5024 448 5077 vitam
482 5024 733 5090 agebant,
768 5024 903 5089 quod
932 5032 985 5076 et
1014 5021 1316 5091 frequenter
1344 5025 1483 5089 apud
1515 5021 1736 5089 Gregor.
1767 5042 1857 5080 oc-

284 5103 500 5159 curret;
547 5094 639 5148 sed
686 5094 852 5148 semel
896 5102 1183 5147 annotasse
1230 5092 1478 5149 sufficiat.
1514 5095 1642 5151 Vide
1694 5096 1857 5151 Cone.

284 5166 486 5220 Arelat.
516 5162 587 5227 ll,
619 5180 735 5227 can.
766 5164 854 5216 ‘25.

365 5232 383 5271 ί
420 5235 631 5305 [tegm.,
663 5234 780 5291 Non
814 5234 948 5288 Deus
978 5234 1112 5306 sinat
1152 5250 1243 5287 nos
1273 5250 1452 5289 manus
1483 5244 1591 5289 tuas
1628 5236 1864 5306 indignas

287 5303 570 5369 osculando
598 5306 757 5375 pollui
802 5306 1013 5359 diutius.
1051 5303 1210 5358 Vetus
1241 5316 1321 5359 est
1348 5315 1401 5360 et
1428 5306 1579 5373 plane
1608 5303 1759 5360 laude
1790 5308 1870 5361 di-

287 5392 390 5446 gna
418 5379 748 5437 consuetudo
774 5391 959 5430 manus
986 5375 1369 5444 Episcoporum
1396 5375 1690 5441 Oseulaudi,
1725 5378 1866 5444 quod

328 5462 385 5499 cr
412 5461 594 5501 earum
641 5449 1032 5516 iinpnsitionem
1072 5447 1306 5499 tradatur
1350 5446 1580 5513 Spiritus
1624 5459 1859 5503 sanctus.

328 5464 385 5499 cr
412 5464 594 5501 earnm
641 5464 1032 5516 tmpnsiuonem
1072 5464 1306 5499 tradatur
1350 5464 1580 5513 Dpll‘llllS
1624 5464 1859 5503 sanatus.

289 5464 643 5595 Elatia-videre
665 5520 818 5595 estin
846 5518 1043 5595 Vitas.
1070 5517 1337 5595 Ambrosii
1365 5517 1755 5595 per_i_’att|inum
1774 5560 1787 5585 ,
1815 5519 1867 5574 in

292 5580 409 5639 Vita
526 5582 786 5656 Fulgentii
820 5580 911 5657 per
944 5587 1269 5642 Ferranduui
1289 5629 1303 5653 ,
1327 5580 1433 5641 etc.
1457 5588 1512 5641 ld
1535 5592 1693 5642 etiam
1719 5580 1869 5655 reges

292 5660 481 5738 honori
513 5659 807 5738 ducebant,
843 5668 899 5712 ut
945 5668 1163 5738 testatur
1195 5660 1523 5738 Cerbertus._
1553 5674 1647 5713 seu
1696 5661 1868 5728 quivis

289 5729 427 5806 alius
456 5730 705 5806 antiquus
730 5742 913 5783 auctor
940 5730 1038 5806 sub
1064 5729 1229 5783 sancti
1263 5731 1525 5806 Ambrosii
1557 5734 1788 5795 nomine,
1817 5732 1864 5785 in

292 5798 431 5855 libro
449 5800 509 5853 de
541 5800 800 5855 Dianitate
823 5801 1172 5856 sacerdotum.
1203 5815 1322 5869 cap.
1349 5800 1402 5855 ἓ.
1437 5800 1563 5856 Cum
1590 5802 1758 5858 videas
1786 5818 1869 5857 re-

1962 3323 2016 3368 et
2044 3318 2310 3365 amentem
2341 3322 2483 3376 saepe
2514 3304 2735 3370 vocavi;
2767 3302 2919 3373 cujus
2950 3298 3136 3354 videns
3164 3297 3405 3359 virtutes,
3436 3307 3540 3349 non

1957 3405 2181 3462 credidi.
2217 3404 2345 3458 Post
2368 3401 2518 3471 cujus
2542 3399 2845 3454 abscessum
2864 3435 2880 3462 ,
2906 3395 3056 3458 aiunt
3078 3389 3332 3446 Turonici
3364 3400 3540 3442 sacer-

1956 3500 2068 3555 doti
2120 3511 2267 3553 suo:
2313 3495 2458 3550 Vade
2509 3500 2628 3565 post
2674 3504 2795 3546 eum
2836 3487 2883 3557 ί,
2926 3495 2980 3543 et
3027 3498 3216 3540 exerce
3272 3478 3541 3551 negotium

1957 3631 2077 3686 gum
2114 3614 2247 3667 colla
2285 3620 2329 3665 et
2358 3608 2648 3686 principum
2675 3603 3139 3686 submittigeuibus
3183 3604 3543 3670 sacerdotum,

1958 3675 2005 3740 Ξι
2034 3686 2323 3739 οτοεειιίίιια
2351 3675 2535 3734 eorum
2552 3679 2764 3734 dextera
2790 3675 3101 3731 orationibus
3144 3692 3315 3729 eorum
3344 3692 3397 3729 88
3434 3692 3543 3730 cre-

1962 3760 2085 3809 dant
2118 3753 2449 3815 communiri,
2482 3762 2584 3804 etc.

2032 3836 2057 3873 s
2092 3826 2242 3895 Byrri
2270 3822 2679 3895 nominemus
2709 3819 3018 3895 designatur
3056 3817 3109 3895 i_n
3157 3818 3303 3895 ᾼριῇδ
3344 3815 3399 3869 S.
3431 3815 3540 3885 Cy-

1962 3888 2163 3967 priani',
2205 3896 2270 3949 ad
2301 3908 2420 3963 quae
2448 3888 2606 3967 plﬂﬁ
2624 3888 3025 3967 observavimus
3074 3889 3126 3940 in
3156 3888 3302 3967 Actis
3331 3895 3533 3967 marty-

1960 3956 2076 4024 rum
2103 3956 2342 4026 sinceris,
2377 3980 2429 4033 p.
2452 3956 2581 4015 218.
2622 3963 2721 4033 llis
2742 3959 3081 4033 addelocuin
3112 3973 3175 4033 es
3204 3958 3369 4033 li_b._li
3404 3956 3537 4033 Vita:

1960 4038 2018 4095 S.
2064 4036 2263 4093 Odonis
2307 4026 2442 4089 Siue.
2478 4049 2509 4087 v
2550 4030 2771 4095 Bened.,
2811 4029 2897 4082 ubi
2950 4043 3094 4080 num.
3138 4026 3170 4077 5
3218 4027 3407 4079 dicitur
3454 4026 3544 4081 ille

1963 4119 2299 4175 sanetusper
2332 4105 2484 4168 birri,
2526 4116 2632 4170 quo
2676 4115 2821 4155 more
2862 4112 3044 4167 cappte
3086 4099 3380 4167 tegebatur.
3423 4098 3540 4152 lim-

1961 4180 2132 4234 briam
2156 4178 2520 4244 apprehensus
3178 4174 3179 4177 ‘

2034 4248 2062 4285 δ
2096 4248 2301 4312 Germ.,
2334 4244 2672 4299 calumniatus
2702 4245 2919 4315 ejicitur.

2042 4319 2057 4356 ί
2102 4319 2228 4374 Cod.
2280 4319 2605 4373 Turonensis
2657 4312 2794 4384 apud
2846 4315 3120 4370 Morelium
3169 4314 3359 4381 habet,
3403 4312 3543 4369 Vade

1964 4402 2074 4461 post
2105 4408 2249 4454 eum,
2283 4399 2327 4443 ct
2362 4404 2504 4443 exere
2533 4390 2790 4457 negotium
2814 4396 2987 4451 tuum;
3012 4389 3130 4455 quia
3159 4390 3200 4439 si
3229 4403 3344 4439 eum
3376 4401 3543 4451 perse-

1964 4458 2108 4516 cutus
2131 4480 2230 4514 non
2261 4461 2441 4529 fueris,
2466 4476 2496 4511 a
2526 4470 2695 4511 nostro
2728 4462 2953 4512 omnium
2988 4467 3272 4528 contemptu
3303 4458 3539 4509 humilia-

1970 4534 2117 4588 beris.
2149 4532 2283 4586 Hinc
2330 4546 2487 4599 porro
2514 4529 2765 4596 colligere
2810 4532 2932 4583 licet
2978 4530 3079 4583 hoc
3128 4529 3193 4582 de
3238 4529 3294 4584 S.
3322 4529 3537 4599 ,Briccio

1970 4613 2127 4673 caput
2157 4606 2208 4656 in
2239 4598 2341 4657 ms.
2372 4601 2667 4673 'l‘uronensi
2693 4602 3006 4673 exstitisse.
3040 4600 3095 4656 Si
3129 4615 3253 4673 vero
3283 4598 3395 4666 ejus
3426 4600 3540 4673 tlis-

1973 4670 2106 4729 toria
2136 4673 2393 4741 exemplis
2424 4672 2705 4741 approbari
2736 4673 2803 4725 sit
2833 4687 3072 4733 necesse,
3104 4671 3241 4739 quod
3288 4684 3384 4722 suo
3426 4670 3543 4722 loco

1971 4744 2148 4800 facere
2186 4759 2289 4798 non
2321 4744 2495 4804 licuit,
2524 4742 2713 4809 quippe
2740 4758 2857 4796 cum
2884 4743 2991 4809 jam
3027 4753 3165 4796 notae
3195 4741 3413 4795 nimium
3448 4755 3544 4793 ex-

1971 4815 2301 4881 crevissent,
2336 4812 2653 4881 proferimus
2692 4814 2864 4881 primo
2904 4814 3131 4869 Victoris
3173 4813 3214 4866 Il
3263 4821 3407 4882 pont.
3443 4812 3545 4862 lto-

1969 4887 2113 4939 mani
2157 4886 2495 4952 exemplum,
2553 4898 2615 4937 ex
2666 4884 2858 4953 Papirii
2914 4885 3141 4941 Massoni
3192 4886 3328 4940 libro
3375 4896 3426 4935 tv
3478 4883 3547 4953 de

1971 4957 2105 5011 Vitis
2133 4957 2437 5024 pontilicum
2458 4996 2471 5021 ,
2504 4955 2589 5008 ubi
2623 4964 2802 5008 narrat
2831 4956 3094 5011 Victorem
3118 4999 3131 5020 ,
3162 4958 3247 5025 qui
3284 4953 3445 5007 Lentti
3475 4952 3542 5004 ΙΧ

1970 5042 2066 5080 suo
2093 5027 2360 5082 decessori
2388 5026 2656 5079 molestias
2685 5026 2965 5092 intulerat,
2997 5029 3207 5082 solitum
3238 5026 3399 5077 fuisse
3422 5038 3539 5075 cum

1971 5098 2019 5152 ei
2049 5098 2242 5165 aliquid
2271 5096 2477 5167 adversi
2503 5095 2832 5167 contingeret
2861 5098 3059 5164 dicere,
3088 5097 3222 5167 quod
3255 5097 3370 5167 fecit
3403 5092 3545 5147 Sau-

1972 5169 2051 5250 lus
2093 5164 2185 5250 hoc
2216 5169 2405 5249 patitur
2434 5164 2653 5250 Paulus.
2686 5164 2933 5250 tufantuli
2960 5164 3107 5250 vero,
3137 5168 3221 5236 qui
3253 5166 3318 5219 ad
3347 5167 3546 5250 calum:

1974 5238 2090 5292 nias
2122 5240 2185 5292 ab
2231 5236 2601 5291 innocentibus
2645 5239 2959 5293 avertendas
2999 5239 3178 5293 divino
3220 5246 3347 5291 nutu
3380 5237 3543 5291 locuti

1972 5319 2128 5374 sunt,
2162 5310 2353 5377 passim
2382 5318 2666 5362 occurrunt
2698 5309 2748 5361 in
2795 5310 3023 5363 Historia
3055 5309 3445 5377 ecclesiastica,
3475 5323 3542 5363 ex

1969 5394 2460 5458 quorum_nt_tme[o
2488 5394 2651 5458 unum
2683 5387 2775 5458 aut
2818 5380 3047 5434 alterum
3081 5380 3388 5458 exemplum
3421 5395 3543 5449 pro-

1972 5451 2108 5504 ferre
2130 5449 2374 5505 sufticiat.
2403 5450 2460 5505 S.
2488 5449 2657 5504 Bromi
2688 5452 3159 5518 episcopus,‘beati
3188 5450 3397 5505 l’atricii
3432 5452 3546 5505 dis-

1971 5522 2196 5594 cipulus.
2230 5520 2464 5594 a‘simili
2514 5521 2777 5574 calumnia
2820 5522 3113 5577 vindicatus
3161 5534 3277 5587 est,
3321 5522 3541 5594 jubente

1982 5592 2187 5659 Brigitla
2214 5591 2488 5654 iufantula,
2512 5601 2569 5643 ut
2594 5601 2794 5659 patrem
2817 5608 2968 5646 suum
2995 5596 3287 5650 declararet
3304 5591 3401 5661 ,‘in
3432 5594 3546 5647 Vita

1978 5663 2036 5740 _S.
2070 5664 2290 5740 Brigidir‘
2335 5662 2479 5740 apud
2523 5662 2734 5715 Surium
2774 5673 2829 5740 et
2877 5664 3225 5740 Bollandnm,
3256 5666 3342 5721 die
3389 5667 3413 5720 1
3451 5665 3550 5720 Fe-

1980 5732 2197 5814 bruarii.
2246 5733 2301 5814 S_.
2334 5731 2549 5814 sergius
2592 5746 2723 5814 papa
2774 5735 3039 5792 Romanus
3080 5731 3237 5814 simili
3274 5740 3549 5814 inii-actth

1981 5806 2236 5859 innocens
2266 5801 2565 5858 declaratus
2606 5803 2731 5872 fuit,
2774 5818 2961 5877 agente
2993 5816 3176 5865 sancto
3206 5809 3546 5876 Adhelelmo,

2945 6042 2966 6072 l
