4028 6342
581 342 679 401 191

1574 337 1636 396 S.
1678 334 2010 395 GREGORH
2052 332 2361 392 EPISCOPI
2402 332 2834 394 TURONENSIS

3753 342 3861 401 192

573 472 723 521 tuum
742 506 756 531 ,
780 475 905 535 quia
931 461 976 518 si
996 474 1119 517 eum
1150 458 1459 530 prosecutus
1482 470 1587 513 non
1609 457 1798 527 fueris,
1822 457 1887 511 ad
1911 464 2149 511 nostrum
2178 454 2233 514 Δ
2256 455 2560 523 spopondit,
2594 466 2651 510 ut
2677 457 2899 524 scilicet,
2930 458 3238 529 prmpar‘atis
3266 458 3477 517 itineris
3502 461 3857 532 necessariis,

573 556 814 614 omnium
846 564 1207 623 contemptum
1242 551 1627 607 humiliaberis.
1669 551 1999 606 Justinianus
2028 565 2158 605 vero

572 662 823 719 egressus
864 663 893 702 a
924 646 1172 712 Turonis,
1222 644 1489 700 Vercellas
1537 644 1704 699 Italia:
1747 642 2018 698 civitatem
2063 658 2158 712 ag-

573 757 816 814 gressus,
842 739 1043 811 judicio
1073 738 1165 794 Dei
1198 752 1501 808 percussus,
1532 738 1665 792 obiit
1693 736 2029 805 peregrinus.
2054 735 2161 790 Tuo

573 835 747 890 ronici
795 833 914 903 ejus
944 832 1147 886 obitum
1192 832 1471 886 audientes
1500 841 1555 885 et
1585 831 1639 884 in
1670 844 1764 885 sua
1806 830 2007 884 malitia
2041 844 2161 899 per-

576 926 855 990 durantes,
904 925 1239 979 Armentium
1284 924 1336 977 in
1386 922 1502 993 ejus
1544 922 1662 976 loco
1709 921 2059 975 constituunt.
2091 919 2159 975 At

574 1019 813 1074 Briccius
841 1018 1119 1087 episcopus
1149 1017 1369 1070 Romam
1401 1014 1644 1077 veniens,
1673 1023 1862 1069 cuncta
1890 1029 2007 1083 quae
2038 1028 2160 1083 per-

575 1110 769 1164 tulerat
796 1124 944 1179 papac
973 1108 1159 1162 refert.
1191 1108 1290 1174 Qui
1319 1105 1385 1161 ad
1416 1106 1599 1161 sedem
1632 1103 1976 1174 apostolicam
2020 1104 2154 1160 resi-

572 1204 727 1269 dens,
763 1203 1080 1272 plerumque
1105 1202 1387 1256 Missarum
1418 1200 1676 1255 solemnia
1701 1200 2004 1266 celebrans,
2030 1198 2160 1253 inibi

570 1297 823 1367 quidquid
874 1297 925 1350 in
976 1304 1218 1349 sanctum
1266 1296 1359 1350 Dei
1396 1295 1727 1365 deliquerat,
1760 1293 1870 1366 Μ
1914 1294 2159 1350 deflendo

568 1389 743 1444 diluit.
773 1388 1011 1455 Septimo
1054 1389 1212 1455 igitur
1255 1402 1530 1457 regressus
1574 1401 1715 1441 anno
1744 1402 1771 1439 a
1807 1387 2006 1453 Roma,
2035 1402 2155 1443 cum

569 1479 892 1533 auctoritate
935 1492 1084 1546 papae
1118 1477 1280 1542 illius,
1314 1476 1556 1531 Turonos
1589 1476 1765 1531 redire
1794 1478 2027 1546 disponit
2059 1495 2071 1531 :
2104 1488 2159 1533 et

570 1572 790 1627 veniens
832 1570 896 1624 ad
939 1571 1140 1634 vicum,
1171 1570 1320 1639 cujus
1368 1584 1559 1624 nomen
1603 1577 1685 1624 est
1726 1570 2047 1627 Laudiacum
2085 1578 2133 1637 ι,

569 1672 723 1716 sexto
748 1663 813 1716 ab
848 1662 979 1716 urbe
1007 1661 1277 1730 milliario,
1310 1662 1643 1715 mansionem
1672 1662 1899 1730 accepit.
1928 1662 2155 1717 Armen-

572 1754 676 1807 tius
716 1768 843 1809 vero
875 1753 1022 1808 febre
1066 1753 1369 1820 corripitur,
1400 1762 1454 1806 et
1495 1751 1668 1806 media
1723 1761 1879 1807 nocte
1906 1752 2151 1822 spiritum

2262 560 2322 601 se
2349 562 2377 601 a
2412 548 2607 604 finibus
2638 549 2909 620 Hispania:
2938 563 3256 608 removeret.

2334 641 2437 696 Per
2465 643 2604 697 idem
2635 658 2763 699 vero
2791 653 3001 715 tempus
3032 648 3460 715 persecutionem
3505 650 3557 704 in
3583 650 3858 708 Christ-a-

2263 748 2361 789 nos
2402 736 2800 792 Trasamundus
2830 740 3095 808 exercuit,
3142 756 3205 797 ac
3234 750 3398 797 totam
3432 745 3770 815 Hispaniam.
3800 756 3859 804 ut

2260 826 2328 881 ad
2360 828 2634 896 perfidiam
2657 829 2762 901 45
2780 828 2991 885 Arianae
3017 843 3177 889 sectae
3199 836 3545 902 consentiret,
3570 842 3858 893 tormentis

2261 932 2325 972 ac
2350 918 2573 975 diversis
2603 922 2864 977 mortibus
2894 924 3222 992 impellebat.
3260 926 3409 982 Unde
3435 927 3631 982 factum
3658 940 3771 994 est,
3801 940 3855 984 ut

2264 1012 2438 1079 puclla
2467 1013 2710 1082 quzedam
2742 1015 3010 1084 religiosa,
3036 1016 3296 1083 praedives
3326 1018 3537 1088 opibus,
3568 1035 3631 1075 ac
3660 1036 3858 1075 secun.

2262 1101 2386 1157 dum
2426 1104 2606 1158 saeculi
2643 1104 2956 1175 dignitatem
2999 1106 3275 1163 nobilitate
3313 1112 3581 1164 senatoria
3632 1111 3856 1178 ﬂorens,

2262 1203 2335 1261 et,
2385 1196 2527 1263 quod
2577 1195 2664 1250 bis
2708 1199 2960 1251 omnibus
3008 1205 3091 1252 est
3137 1200 3390 1266 nobilius,
3436 1202 3537 1255 fide
3584 1204 3854 1255 catholica

2262 1286 2495 1356 pollens,
2526 1287 2742 1355 Deoque
2770 1288 3121 1359 omnipotenti
3169 1291 3711 1361 irreprehensibiliter
3743 1307 3857 1347 ser-

2263 1379 2440 1444 vicus,
2492 1380 2559 1434 ad
2603 1380 2741 1436 banc
2783 1383 3132 1451 quaestionem
3176 1384 3548 1439 adduceretur.
3609 1385 3856 1453 Cumque

2260 1471 2401 1540 regis
2431 1472 2616 1529 fuisset
2647 1476 2824 1529 oblata
2853 1476 3245 1546 conspectibus,
3272 1480 3434 1547 capit
3462 1494 3579 1533 eam
3620 1482 3852 1548 primum

2261 1561 2327 1617 ad
2358 1564 2789 1634 rebaptizandum
2820 1568 3031 1623 blandis
3076 1571 3413 1624 sermonibus
3452 1571 3681 1626 illicere.
3721 1572 3855 1637 ουτω

2260 1669 2380 1711 cum
2405 1673 2731 1714 venenosum
2754 1660 2869 1728 ejus
2890 1663 3123 1731 jaculum
3148 1663 3267 1717 fidei
3295 1679 3475 1733 parma
3504 1664 3851 1733 propelleret,

2260 1748 2514 1817 praecepit
2544 1764 2632 1806 rex
2661 1749 2942 1807 facultates
2981 1754 3097 1820 ejus
3127 1753 3349 1822 auferri,
3388 1770 3507 1824 qua:
3532 1754 3645 1824 jam
3679 1766 3853 1811 mente

568 1845 851 1900 exhalavit.
885 1843 1034 1912 Quod
1065 1848 1307 1914 protinus
1342 1844 1543 1899 Briccio
1567 1844 1829 1914 episcopo
1860 1859 1955 1913 per
1979 1845 2151 1899 visum
2187 1833 2235 1894 B
2262 1842 2567 1911 possidebat
2597 1859 2758 1913 regna
2792 1848 2952 1911 parad
2978 1850 3043 1910 si;
3079 1846 3273 1901 deinde
3301 1847 3578 1916 suppliciis
3609 1849 3852 1916 applica-

564 1936 860 1991 revelatutn
898 1945 1011 2005 est,
1044 1938 1133 2005 qui
1162 1939 1233 1991 ait
1276 1938 1423 1992 suis:
1457 1937 1668 2007 Surgite
1699 1937 1952 2007 velocius,
1986 1945 2045 1991 ut
2085 1938 2152 1993 ad

569 2029 935 2083 tumulandum
969 2031 1184 2085 fratrem
1214 2038 1455 2084 nostrum
1487 2028 1814 2086 Turonicum
1844 2030 2151 2100 pontificem

564 2135 928 2179 occurramus.
961 2122 1201 2194 Cumque
1245 2124 1320 2178 illi
1352 2125 1637 2180 venientes
1668 2134 1877 2194 portam
1923 2124 2152 2180 civitatis

561 2217 993 2288 ingrederentur,
1038 2234 1163 2275 ecce
1212 2220 1371 2275 istum
1420 2236 1515 2291 per
1544 2221 1703 2276 aliam
1756 2230 1962 2291 portam
2006 2236 2153 2277 mor-

563 2316 713 2364 tuum
742 2309 1055 2366 efferebant.
1087 2311 1205 2380 Quo
1231 2312 1459 2381 sepulto,
1492 2312 1730 2368 Briccius
1758 2314 1809 2368 in
1838 2313 2150 2371 cathedram

560 2410 713 2455 suam
744 2416 1023 2474 regressus
1066 2414 1176 2469 est,
1221 2417 1425 2481 septem
1474 2413 1658 2475 postea
1708 2404 1935 2461 feliciter
1965 2406 2152 2463 vivens

561 2505 756 2550 annos.
797 2493 896 2548 Cui
932 2506 1052 2564 post
1088 2497 1554 2567 quadragesimum
1604 2498 1891 2567 septimum
1940 2501 2152 2569 episco-

560 2590 718 2652 patus
751 2597 951 2639 annum
982 2586 1233 2641 defuncto
1257 2596 1475 2642 sanctus
1508 2587 1829 2645 Eustochius
1860 2592 2147 2659 successit,

564 2675 865 2745 magnificae
892 2677 1188 2732 sanctitatis
1212 2679 1289 2733 vir
1310 2678 1361 2731 δ.

636 2766 697 2824 Ἰ.
737 2768 982 2825 Posthaee
1013 2780 1037 2809 ι
1080 2770 1301 2825 Vandali
1351 2784 1380 2824 a
1428 2769 1549 2827 loco
1593 2784 1692 2827 suo
1738 2772 1987 2843 digressi,
2029 2790 2148 2831 cum

558 2860 868 2920 Gunderico
898 2876 1023 2933 rege
1050 2862 1101 2917 in
1126 2862 1326 2919 Gallias
1352 2872 1531 2917 ruunt.
1561 2863 1765 2929 Quibus
1792 2865 1945 2921 valde
1976 2876 2151 2923 vasta-

562 2955 656 3022 tis,
691 2955 974 3023 Hispanias
1020 2964 1298 3026 appetunt.
1348 2957 1456 3012 Hos
1500 2958 1666 3013 secuti
1706 2959 1891 3026 Suevi,
1943 2959 1995 3014 id
2043 2970 2145 3028 est,

559 3046 868 3111 Alamanni,
905 3046 1185 3102 Galliciam
1231 3049 1656 3117 apprehendunt.
1689 3050 1796 3105 Nec
1831 3052 2000 3106 multo
2033 3061 2150 3122 post

558 3141 872 3197 scandalum
898 3143 1036 3197 inter
1067 3152 1354 3212 utrumque
1381 3145 1551 3200 oritur
1580 3147 1864 3216 populum,
1894 3150 2144 3217 quoniam

557 3235 841 3304 propinqui
874 3234 974 3288 sibi
1001 3245 1174 3289 erant.
1206 3236 1448 3305 Cumque
1476 3238 1539 3291 ad
1574 3238 1768 3292 bellum
1802 3242 1993 3295 armati
2028 3256 2148 3308 pro-
2175 3219 2224 3287 θ

557 3322 844 3389 cederent,
888 3337 950 3378 ac
987 3324 1311 3395 jamjamque
1351 3326 1403 3379 in
1446 3328 1693 3382 conflictu
1736 3331 1901 3396 parati
1942 3341 2145 3398 essent,

557 3409 634 3467 ait
653 3413 1070 3469 Alamannorum
1097 3433 1191 3473 rex
1226 3434 1253 3472 ε·
1273 3418 1560 3490 Quousque
1590 3420 1786 3479 bellum
1814 3438 1975 3491 super
2009 3441 2145 3482 cun-

558 3513 700 3558 ctum
729 3506 980 3575 pupulum
1010 3513 1414 3566 commovetur?
1443 3513 1518 3568 Ne
1547 3524 1787 3583 pereant,
1816 3533 2019 3586 quaeso,
2053 3535 2147 3590 po-

559 3596 669 3664 puli
699 3595 975 3668 utriusque
1002 3599 1282 3673 phalangae
1315 3620 1328 3656 :
1359 3603 1452 3658 sed
1487 3605 1775 3672 procedant
1803 3608 1908 3663 duo
1936 3610 2002 3665 de
2051 3627 2148 3666 no-

556 3688 687 3744 stris
718 3688 768 3743 in
810 3705 1056 3761 campum
1087 3709 1208 3747 cum
1246 3696 1409 3749 armis
1437 3694 1668 3763 bellicis,
1703 3706 1761 3753 et
1790 3698 1884 3768 ipsi
1916 3702 2058 3757 inter
2086 3719 2145 3760 se

560 3779 868 3849 confligant.
916 3782 1063 3838 Tunc
1114 3785 1225 3851 ille,
1262 3785 1415 3855 cujus
1450 3801 1582 3886 Ἓν
1621 3788 1830 3856 vicerit,
1870 3794 2141 3860 regionem

555 3870 673 3926 sine
715 3875 1005 3930 certamine
1048 3877 1329 3933 obtinebit.
1362 3877 1442 3932 Ad
1469 3870 1584 3935 Εἷς
1611 3892 1833 3937 cunctus
1872 3887 2143 3943 consensit

554 3963 803 4032 populus,
840 3980 905 4020 ne
932 3956 1180 4022 universa
1209 3968 1493 4025 multitudo
1523 3972 1577 4027 in
1614 3987 1708 4028 ore
1747 3975 1909 4045 gladii
1940 3987 2139 4035 rueret.

553 4053 649 4108 llis
672 4056 813 4110 enim
837 4057 1025 4112 diebus
1048 4059 1382 4117 Gundericus
1404 4080 1495 4120 rex
1519 4066 1744 4133 obierat,
1771 4068 1822 4123 in
1849 4071 2002 4140 cujus
2024 4072 2143 4129 loco

554 4143 951 4201 Trasamundus
997 4148 1024 4184 α
1071 4150 1375 4207 obtinuerat
1425 4170 1667 4225 regnum.
1719 4159 2140 4232 Conﬂigentibus

552 4248 680 4289 vero
704 4240 901 4306 pueris,
929 4254 1051 4308 pars
1076 4240 1437 4299 Vandalorum
1469 4248 1607 4303 victa
1635 4253 1944 4319 succubuit;
1978 4256 2141 4311 inter-

552 4327 799 4400 fectoque
843 4346 1037 4401 puero,
1086 4336 1339 4407 placitum
1387 4340 1694 4406 egrediendi
1740 4344 2138 4403 Trasamundus

552 4496 733 4554 postea
765 4487 1209 4563 Schireburnensi
1237 4491 1509 4561 episcopo,
1542 4503 1598 4549 ut
1628 4497 1680 4551 in
1712 4497 1826 4563 ejus
1857 4498 1974 4555 Vita
2003 4516 2130 4556 nar-

552 4560 889 4635 ratur,_apud
937 4564 1150 4635 eosdem
1196 4560 1445 4619 auctores
1488 4565 1575 4622 die
1616 4567 1684 4621 9.5
1726 4560 1875 4635 Maii,
1908 4580 1962 4625 et
2001 4575 2168 4628 inter?

550 4628 681 4680 Acta
713 4629 811 4683 SS.
844 4630 973 4709 0rd.
1007 4634 1330 4709 Bene_d_i_ctin_i
1372 4636 1515 4709 Szec.
1550 4655 1625 4691 Ill.
1659 4628 1897 4709 Denique
1949 4643 2130 4699 Daniel

550 4711 716 4773 senex
745 4702 1037 4756 monachus
1068 4705 1272 4773 publica
1306 4705 1523 4760 infantis
1554 4708 1624 4762 23
1649 4702 1857 4765 dierum
1890 4713 2128 4770 declara-

550 4769 717 4849 gope,
750 4769 1125 4849 asuspiciotie
1153 4776 1401 4849 adulterii
1452 4778 1701 4835 liberatus
1745 4793 1854 4849 est,
1890 4784 1938 4837 in
1974 4769 2130 4841 Prato

549 4838 821 4922 Spirituali
840 4882 855 4909 ,
888 4838 1004 4905 can.
1034 4846 1154 4922 lli.
1174 4848 1381 4922 borum
1410 4864 1538 4922 vero
1564 4854 1649 4921 qui
1685 4838 1857 4922 ignem
1884 4854 1951 4908 ad
1977 4838 2128 4913 suam

547 4912 845 4991 castitatem
878 4915 1279 4991 approbantium
1310 4918 1461 4973 illzcsi
1491 4912 1990 4991 contreciaverunt,
2025 4912 2130 4983 fre?

545 4985 982 5066 quentiorasunt
1011 4988 1147 5065 apud
1179 4999 1425 5066 auctores
1453 4993 1698 5061 exempla
1717 5034 1730 5059 ,
1764 5010 1921 5066 quam
1950 4985 2007 5052 ut
2038 4998 2124 5054 hic

543 5050 733 5107 adduci
761 5053 993 5110 debeant
1020 5050 1072 5111 in
1101 5059 1461 5114 testimonium

616 5130 642 5159 ιι
674 5123 878 5206 Is‘ips‘e
922 5128 1069 5183 locus
1112 5128 1368 5206 i_nfra_lib.
1402 5146 1632 5206 x,‘_cap.
1667 5136 1757 5201 5|,
1800 5137 2121 5206 appellatur,

544 5191 1013 5279 dloirsrlaudiacus,
1048 5199 1204 5269 vulgo
1239 5199 1434 5256 dicitur
1452 5191 1769 5277 Mani-lays.
1801 5191 1989 5279 R'e'gm.
2017 5191 2121 5265 H51

542 5263 631 5316 bet
660 5264 1014 5321 Claudiacum.

610 5332 639 5414 ιξ
672 5335 743 5414 De
769 5346 991 5414 utroque
1018 5340 1208 5414 iterum
1236 5342 1329 5400 lib.
1355 5362 1385 5399 x
1410 5387 1423 5410 ,
1451 5360 1570 5414 cap.
1600 5346 1689 5402 3i.

615 5413 637 5481 ff
671 5403 803 5481 Heg.
830 5403 1015 5479 incipit
1044 5413 1307 5481 absolute,
1346 5403 1589 5472 Vandali.

611 5470 637 5510 ἀ
669 5470 994 5558 δίρέεῃιρόι·
1016 5481 1174 5558 C_orb.
1200 5470 1328 5558 Heg.
1355 5502 1503 5556 vero,
1530 5470 1653 5542 Bee.
1676 5496 1732 5543 et
1763 5488 1970 5558 Regna,
1995 5505 2113 5548 cum

538 5545 744 5625 aliquot
800 5547 992 5615 editis,
1044 5545 1502 5625 Transimundusf
1545 5558 1667 5625 alii,
1717 5545 2111 5619 Trasimuitdus.

538 5615 704 5691 Porro
733 5617 845 5671 haec
890 5634 993 5674 non
1021 5623 1120 5676 sub
1146 5615 1535 5691 Trasamund'o,
1565 5615 1666 5682 8εᾶ
1684 5630 1783 5684 sub
1822 5615 2113 5689 Genserico

536 5689 1028 5769 contigerunt,_uti
1075 5692 1303 5769 diximus
1350 5702 1401 5755 in
1452 5689 1681 5755 Historia
1724 5704 2109 5769 persecutionis

538 5755 865 5841 Vandalicas,
889 5762 981 5817 ubi
1012 5766 1183 5841 gentis
1211 5769 1369 5837 hujus
1396 5771 1448 5824 iu
1475 5769 1673 5825 Gallias
1704 5755 2109 5841 primates;

535 5827 589 5888 in
614 5830 893 5902 Hispanias
919 5842 974 5893 et
1002 5827 1237 5896 Africam
1265 5827 1588 5912 irruptiones
1613 5827 2014 5915 descripsimus.

2259 1940 2388 1997 tam,
2407 1933 2523 1989 sine
2542 1949 2636 2003 spe
2654 1938 2928 2005 praesentis
2945 1936 3064 1990 vitae
3083 1938 3336 2006 tnrqueri.
3355 1938 3491 2005 Quid
3519 1939 3670 2005 plura
3692 1938 3851 1993 ?Post

2258 2028 2451 2083 multas
2468 2029 2806 2098 quastiones,
2828 2040 2947 2099 post
2969 2030 3174 2086 ablatos
3194 2041 3521 2087 terrenarum
3545 2031 3850 2087 divitiarum

2258 2120 2561 2186 thesauros,
2595 2137 2715 2177 cum
2750 2124 2815 2175 ad
2852 2122 2952 2176 hoc
2982 2124 3147 2193 frangi
3182 2138 3285 2178 non
3317 2134 3516 2193 posset,
3549 2134 3608 2179 ut
3639 2126 3850 2180 beatam

2256 2212 2528 2268 scinderet
2549 2214 2889 2279 Trinitatem,
2922 2215 2986 2268 ad
3021 2214 3460 2284 rebaptizandum
3493 2215 3659 2270 invita
3683 2216 3849 2272 dedu~

2255 2306 2413 2360 citur.
2461 2305 2700 2378 Cumque
2742 2308 2793 2361 in
2828 2308 2953 2362 illud
2986 2323 3263 2364 caenosum
3301 2310 3569 2363 lavacrum
3600 2311 3655 2364 vi
3684 2324 3847 2381 coge-

2254 2408 2404 2454 retur
2451 2398 2716 2469 immergi,
2750 2414 2813 2454 ac
2845 2400 3197 2469 proclamaret
3236 2419 3250 2454 :
3294 2401 3506 2457 Patrem
3534 2416 3659 2456 cum
3692 2401 3846 2467 Filio,

2254 2503 2318 2545 ac
2339 2489 2595 2557 Spiritum
2619 2500 2863 2546 sanetum
2895 2492 3052 2547 unius
3078 2493 3240 2548 credo
3269 2508 3389 2549 esse
3415 2493 3732 2549 substantia:
3763 2508 3847 2549 es-

2254 2582 2577 2653 sentiaeque;
2623 2583 2783 2653 digno
2820 2599 2985 2654 aquas
3024 2587 3257 2655 unguine
3291 2596 3511 2641 cunctas
3551 2586 3762 2654 infecit,
3794 2586 3846 2642 id

2253 2681 2337 2726 est
2359 2672 2501 2727 fluxu
2531 2674 2731 2729 ventris
2760 2677 3017 2746 aspergit.
3061 2677 3271 2733 Exhinc
3308 2679 3373 2733 ad
3411 2678 3705 2748 legitimam
3747 2668 3844 2734 de-

2254 2766 2409 2822 ducta
2454 2770 2842 2839 quaestionem,
2889 2781 3010 2840 post
3055 2772 3338 2841 equuleos,
3376 2781 3494 2843 post
3519 2773 3767 2829 flammas
3793 2782 3843 2830 et

2251 2863 2498 2932 ungulas,
2528 2863 2747 2920 Christo
2776 2866 3001 2921 Domino
3027 2867 3216 2937 capitis
3246 2867 3516 2923 decisione
3546 2869 3754 2923 dicatur
3789 2878 3837 2923 ο.

2251 2950 2498 3009 Posthacc
2530 2956 2972 3026 prosequentibus
3003 2959 3312 3014 Alamannis
3342 2974 3509 3029 usque
3529 2961 3597 3015 ad
3625 2961 3841 3015 Tradu-

2255 3053 2394 3101 ctam
2432 3044 2477 3114 ί,
2506 3048 2728 3103 transito
2753 3050 2889 3104 mari
2919 3047 3139 3105 Vandali
3186 3065 3281 3121 per
3311 3060 3474 3106 totam
3498 3050 3734 3107 Africam
3779 3065 3839 3107 ac

2252 3134 2623 3194 Mauritaniam
2654 3148 2783 3194 sunt
2806 3139 3052 3210 dispersi.

2326 3229 2414 3285 lll.
2455 3230 2561 3286 Sed
2605 3231 2857 3301 quoniam
2910 3246 3097 3286 eorum
3145 3240 3385 3303 tempore
3432 3235 3739 3304 persecutio
3788 3235 3838 3294 in

2250 3318 2586 3376 Christianos
2622 3323 2864 3390 invaluit,
2894 3324 3031 3378 sicut
3061 3325 3309 3394 superius
3341 3326 3542 3381 mentio
3564 3326 3706 3383 facta
3734 3337 3836 3394 est,

2250 3412 2458 3467 videtur
2488 3422 2541 3468 ct
2572 3414 2749 3486 aliqua
2779 3431 2847 3469 ex
2872 3415 2953 3469 his
2982 3431 3099 3485 qua:
3145 3417 3284 3471 circa
3316 3416 3407 3472 Dei
3456 3418 3729 3475 Ecclesias
3759 3421 3839 3477 in-

2248 3504 2503 3570 tulerunt,
2549 3506 2634 3562 vel
2681 3508 3131 3586 quemadmodum
3164 3510 3232 3565 de
3278 3525 3442 3581 regno
3468 3512 3679 3581 expulsi
3709 3515 3837 3583 sint,

2248 3612 2569 3653 memorare.
2603 3598 2865 3655 Defuncto
2897 3601 3058 3670 igitur
3077 3601 3463 3668 Trasamundo,
3492 3614 3614 3675 post
3633 3607 3839 3663 scelera

2245 3703 2363 3758 quae
2394 3691 2446 3744 in
2478 3692 2676 3746 sanctis
2698 3691 2795 3747 Dei
2821 3693 3087 3758 exercuit,
3120 3693 3419 3749 Hunericus
3451 3705 3476 3743 κ
3507 3706 3688 3754 ruente
3717 3714 3841 3753 cru-

2246 3781 2415 3836 dclior
2437 3782 2743 3840 Africanum
2771 3795 2998 3856 occupat
3022 3802 3273 3857 regnum,
3293 3798 3453 3858 atque
3479 3804 3545 3845 ex
3570 3792 3839 3850 electione

2245 3873 2608 3930 Vandalorum
2658 3876 2788 3944 ipsis
2842 3878 3192 3947 praeponitur.
3240 3877 3409 3949 Cujus
3450 3882 3549 3935 sub
3595 3890 3838 3953 tempore

2244 3967 2428 4037 quanti
2459 3964 2887 4025 Christianorum
2918 3971 3099 4041 populi
3139 3985 3238 4041 pro
3268 3973 3385 4042 ipso
3416 3970 3617 4029 Christi
3652 3990 3838 4031 sacra-

2247 4066 2451 4121 tissimo
2479 4068 2695 4123 nomine
2730 4069 2856 4124 caasi
2900 4070 3031 4136 sint,
3059 4070 3126 4125 ab
3154 4070 3463 4127 hominibus
3506 4087 3615 4128 non
3656 4085 3835 4144 potest

2242 4156 2647 4225 comprehendi.
2716 4158 2890 4215 Testis
2916 4169 2997 4216 est
3030 4167 3206 4217 tamen
3233 4161 3409 4218 Africa
3440 4180 3559 4235 qua:
3583 4166 3753 4229 misit,
3781 4176 3836 4222 et

2242 4245 2439 4303 Christi
2506 4250 2759 4317 dextera,
2826 4268 2945 4324 quas
3008 4254 3236 4325 gemmis
3296 4257 3835 4316 immarccscibilibus

2240 4335 2350 4409 46
2378 4342 2676 4397 coronavit.
2717 4342 2965 4416 Legimus
2996 4354 3172 4402 tamen
3205 4349 3558 4405 quorumdam
3589 4349 3831 4421 ipsorum

2320 4505 2341 4534 ο
2366 4496 2519 4576 _lla_nc
2547 4497 2763 4576 Hispani
2795 4513 3066 4571 appellant
3094 4503 3429 4560 Vincentiam
3452 4547 3467 4573 ,
3499 4521 3659 4576 quam
3686 4508 3829 4563 Cau-

2217 4576 2226 4591 ‘
2242 4566 2336 4645 ria:
2365 4567 2416 4645 in
2449 4566 2714 4645 Lusitania
2741 4566 2947 4641 passam
2974 4576 3193 4645 volunt:
3222 4576 3289 4629 de
3317 4576 3417 4631 hac
3442 4566 3649 4645 egimus
3675 4579 3734 4637 in
3764 4580 3829 4637 li-

2240 4638 2337 4693 bro
2366 4639 2577 4695 laudato
2606 4642 2674 4697 de
2705 4638 3073 4711 persecutione
3098 4644 3421 4713 Vandalica,
3449 4638 3573 4718 cap.
3602 4649 3658 4704 2.

2312 4732 2331 4772 ί
2365 4733 2561 4812 Plinius
2609 4735 2745 4792 libro
2773 4753 2804 4791 v
2840 4738 3081 4812 historiae
3122 4742 3395 4807 naturalis,
3425 4757 3543 4812 cap.
3576 4743 3631 4810 l,
3663 4744 3811 4801 inter

2234 4805 2334 4878 alia
2369 4807 2611 4878 nomina,
2642 4823 2760 4872 qua:
2800 4810 2924 4863 olim
2956 4810 3273 4878 Tingitana},
3306 4805 3466 4869 etiam
3495 4805 3643 4871 hunc
3672 4819 3821 4872 cele-

2235 4876 2313 4929 bri
2343 4876 2537 4951 Africaa
2581 4878 2728 4943 urbi,
2760 4879 2918 4951 vulgo
2948 4876 3172 4951 Tunger,
3201 4876 3323 4937 data
3371 4883 3538 4940 fuisse
3579 4900 3823 4943 comme-

2230 4955 2430 5008 morat,
2465 4948 2539 5028 ait
2567 4963 2683 5002 eam
2705 4965 2741 5028 ᾳ
2761 4946 3373 5028 ιϐιὰυμὶρμσῶξςινεὶαιηι
3396 4957 3654 5028 coloniam
3682 4963 3822 5028 face-

2230 5028 2335 5087 ret,
2360 5019 2678 5087 appellatam
2702 5020 2864 5075 fuisse
2884 5018 3083 5075 Iuliam
3104 5018 3439 5080 Traductam.
3476 5018 3820 5085 Juliam'Tra-

2234 5086 2445 5142 ductam
2476 5089 2528 5142 in
2558 5090 2723 5162 altera
2756 5092 2867 5159 ripa
2888 5133 2903 5158 ,
2938 5092 2989 5146 id
3022 5103 3107 5148 est
3134 5096 3185 5148 in
3217 5095 3506 5162 HiSpanico
3536 5100 3699 5154 maris
3728 5101 3816 5155 lit-

2233 5164 2368 5219 tore,
2396 5162 2551 5213 sitam
2583 5160 2743 5215 fuisse
2770 5162 2857 5215 alii
2885 5165 3243 5229 contendunt,
3270 5160 3327 5221 et
3352 5178 3631 5225 auctorum
3664 5172 3816 5225 testi-

2231 5230 2425 5305 moniis
2474 5231 2736 5305 probant:
2770 5241 2826 5305 et
2868 5234 3082 5304 quidem
3128 5236 3418 5305 Gregorius
3468 5249 3654 5295 noster
3681 5241 3815 5296 Tra—

2228 5300 2436 5355 ductam
2486 5302 2536 5354 in
2590 5301 2837 5372 Hispania
2881 5300 3089 5361 videtur
3139 5300 3335 5364 Ioca're.
3385 5311 3709 5366 Traductam
3756 5313 3811 5367 in

2162 5430 2167 5434 ,
2227 5377 2449 5453 utraque
2475 5372 2589 5439 ripa
2620 5388 2778 5428 unam
2806 5376 3099 5453 exstitisse
3119 5388 3305 5453 cense_t
3332 5381 3634 5437 Harduinus
3661 5400 3673 5435 :
3703 5398 3810 5453 quo

2222 5452 2381 5561 pacto
2409 5443 2523 5498 haec
2549 5453 2826 5499 auctorum
2869 5449 3219 5505 contrarietas
3266 5449 3427 5508 facile
3468 5443 3802 5510 conciliatur.

2270 5510 2356 5561 ide
2382 5529 2500 5561 (tum
2526 5514 2592 5561 de
2627 5515 2724 5561 hac
2753 5531 2811 5561 re
2843 5517 2957 5561 inse
2983 5518 3117 5561 δίιίι
3145 5521 3199 5561 ἰη
3243 5522 3383 5561 nntie
3424 5532 3474 5561 nr
3520 5524 3802 5561 nmnndglm

2270 5510 2356 5587 ide
2382 5529 2500 5587 qua:
2526 5514 2724 5587 dehac
2753 5531 2811 5570 re
2842 5517 2957 5587 ipse
2983 5518 3117 5575 dixit
3144 5521 3200 5577 in
3241 5522 3384 5578 notis
3424 5532 3477 5582 et
3520 5524 3806 5582 emendata

2219 5581 2444 5638 adhunc
2467 5584 2617 5639 Plinii
2648 5585 2844 5641 locum.

2289 5681 2869 5760 s_Editi,_ﬂonoricu_c.
2917 5684 2965 5760 is
3014 5686 3305 5745 Genserico
3341 5692 3479 5760 patri
3528 5706 3628 5749 suo
3675 5708 3801 5750 suco

2213 5753 2440 5881 $333“;
2468 5752 2592 5811 huic
2637 5754 3047 5831 Guntabundus,
3082 5768 3147 5833 _et
3192 5752 3554 5823 Guntabundo
3600 5763 3797 5824 Trasa-
