4028 6342
216 300 331 363 195

1110 285 1433 347 HISTORIA
1470 283 1919 343 FRANCORUM.
1958 282 2166 344 LIBER
2205 284 2581 347 SECUNDUS.

3396 283 3499 340 198

207 424 512 489 ῐηθτίῐτυίη
551 407 850 481 Passum”:
879 418 945 461 ex
982 403 1175 474 quib“
1208 400 1451 473 q‘mdam
1495 398 1799 469 replicanda
1836 403 1883 464 Α
1911 436 2016 476 non
2039 437 2288 478 reversus
2317 423 2489 490 fuero,
2512 419 2706 477 videbo
2738 431 2832 475 vos
2860 417 2915 473 in
2943 416 3141 473 futura.
3166 415 3294 472 Dico
3324 425 3498 473 tamen

210 519 373 573 sunt,
410 513 467 559 ut
501 502 567 557 ad
609 517 670 556 ea
711 514 829 569 qua:
877 495 1263 566 spoponditnus
1302 492 1598 546 veniamus.
1644 490 1807 559 lgitur

209 599 411 671 Cyrola
459 596 593 651 falso
638 600 858 647 vocatus
906 590 1207 660 episc0pus,
1259 586 1636 641 haereticorum
1685 594 1810 640 tunc

212 694 486 749 maximus
509 686 805 742 habebatur
828 692 1082 738 assertor.
1109 681 1352 751 Cumque
1380 678 1445 733 ad
1477 692 1810 747 persequen-

214 786 346 843 dum
375 782 709 839 Christianos
740 794 839 834 rex
871 792 965 848 per
994 776 1201 831 diversa
1236 773 1651 836 transmitteret,
1681 786 1810 825 san-

215 889 365 931 ctum
421 872 716 942 Eugenium
764 866 1300 940 episcopum,virum
1324 862 1668 919 inenarrabili
1689 877 1814 918 san-

215 971 428 1034 ctitate,
453 967 540 1036 qui
571 977 697 1019 tunc
728 962 996 1018 ferebatur
1027 974 1231 1028 magna:
1265 956 1559 1028 prudentia:
1591 968 1733 1022 esse,
1758 955 1811 1009 in

219 1062 533 1120 suburbano
558 1059 786 1115 civitatis
812 1072 924 1112 sua:
953 1054 1151 1124 reperit
1181 1059 1488 1122 persecutor
1513 1067 1525 1101 :
1554 1064 1711 1118 quem
1743 1050 1813 1103 ita

219 1157 489 1211 violenter
516 1154 712 1223 rapuit,
749 1161 805 1206 ut
840 1166 939 1205 nec
969 1148 1034 1203 ad
1068 1146 1387 1202 hortandum
1418 1157 1635 1216 gregem
1662 1141 1811 1197 Chri-

230 1254 481 1307 sticolum
507 1259 532 1286 α
559 1248 707 1303 abire
732 1246 1085 1317 permitteret.
1113 1243 1205 1297 llle
1227 1257 1354 1296 vero
1378 1255 1499 1295 cum
1524 1254 1583 1294 se
1612 1236 1819 1293 videret

229 1346 441 1411 abduci,
487 1341 765 1412 epistulam
814 1339 1019 1395 civibus
1064 1352 1164 1408 pro
1212 1332 1558 1392 custodienda
1593 1331 1699 1387 fide
1725 1345 1817 1386 ca-

233 1438 424 1495 tholica
451 1439 550 1491 hoc
580 1433 739 1490 modo
765 1430 1062 1487 transmisit
1080 1428 1143 1482 δε

302 1547 322 1579 ‹
372 1526 728 1581 Dilectissimis
756 1533 802 1578 et
835 1527 889 1577 in
920 1520 1107 1576 Christi
1143 1534 1316 1573 amore
1347 1516 1660 1572 dulcissimis
1697 1513 1822 1585 ﬁliis

222 1629 272 1676 ιι
300 1619 507 1688 ﬁliabus
533 1615 778 1671 Ecclesia:
818 1613 944 1668 mihi
974 1630 1005 1667 a
1026 1611 1137 1667 Deo
1166 1610 1447 1666 commissa:
1481 1621 1527 1676 ε,
1559 1606 1821 1681 Eugenius

224 1710 514 1779 episcoims.

1912 515 2084 585 vobis,
2117 515 2321 570 Valete.
2347 525 2496 571 orate
2522 530 2615 585 pro
2640 514 2815 577 nobis,
2846 511 3191 581 ctjejunate:
3219 511 3338 578 quia
3363 509 3504 578 jeju-

1913 607 2058 661 nium
2091 616 2146 662 et
2177 607 2516 681 eleemosyna
2549 622 2763 677 semper
2788 606 3069 660 Dominum
3103 603 3171 658 ad
3195 604 3502 659 misericor-

1912 699 2054 754 diam
2079 699 2433 755 dellexerunt.
2464 700 2784 757 Mementme
2810 713 2932 754 esse
2957 699 3215 768 scriptum
3248 696 3300 750 in
3328 696 3503 750 Evan-

1912 793 2052 863 gelio
2079 811 2092 847 :
2126 793 2305 848 Nolite
2326 794 2517 862 :timere
2546 811 2627 848 eos
2658 794 2745 864 qui
2775 793 3012 847 occidunt
3044 808 3253 860 corpus,
3276 791 3503 845 animam

1913 896 2083 941 autem
2122 904 2224 941 non
2266 896 2478 955 possunt
2523 886 2752 941 occidere
2778 901 2796 938 :
2825 887 2993 940 timete
3037 893 3209 938 autem
3251 901 3387 950 eum,
3423 885 3508 954 qui

1914 989 2184 1051 postquam
2210 980 2452 1033 occiderit
2480 994 2692 1047 corpus,
2726 977 2867 1032 habet
2891 987 3185 1047 potestatem
3215 986 3258 1028 et
3283 976 3509 1029 animum

1917 1081 1967 1125 et
2008 1087 2195 1142 corpus
2241 1071 2451 1144 perdere
2508 1082 2565 1129 et.
2600 1070 2798 1124 mittere
2856 1069 2910 1122 in
2950 1069 3233 1141 gehennam
3280 1064 3512 1134 (Matth.

1919 1178 1975 1230 ι,
2010 1160 2090 1231 2).
2133 1181 2152 1214 ι

1991 1255 2190 1310 Ductus
2219 1253 2398 1324 itaque
2422 1263 2638 1308 sanctus
2654 1250 2927 1323 Eugenius
2955 1251 3021 1306 ad
3048 1266 3247 1320 regem,
3273 1266 3393 1319 cum
3423 1249 3515 1304 illo

1922 1348 2242 1403 Arianorum
2283 1348 2536 1417 episcopo
2584 1362 2681 1416 pro
2732 1345 2836 1399 fide
2882 1344 3145 1399 catholica
3188 1344 3507 1399 decertavit.

1922 1439 2164 1512 Cumque
2204 1456 2326 1496 eum
2368 1440 2436 1497 de
2484 1449 2684 1495 sancta:
2720 1438 2998 1494 Trinitatis
3037 1438 3294 1509 mysterio
3331 1446 3514 1506 poten-

1926 1531 2130 1589 tissime
2152 1532 2460 1599 devicisset,
2502 1542 2554 1587 et
2578 1532 2799 1601 insuper
2820 1529 3013 1585 multas
3035 1544 3130 1596 per
3150 1543 3272 1583 eum
3296 1527 3516 1582 virtutes

1924 1627 2170 1683 Christus
2197 1627 2526 1692 ostenderet,
2559 1626 2610 1679 iu
2642 1624 2902 1694 majorem
2928 1623 3189 1678 insaniam
3220 1620 3360 1676 idem
3397 1620 3518 1689 epi-

1926 1733 2144 1791 scopus,
2168 1718 2364 1773 invidia
2389 1717 2774 1777 inflammante,
2802 1714 3165 1770 succenditur.
3191 1713 3356 1766 Erant
3376 1710 3519 1765 enim

308 1819 327 1854 t
374 1800 587 1869 Regalis
633 1796 903 1853 emanavit
947 1794 1260 1861 auctoritas,
1302 1803 1355 1849 et
1394 1808 1493 1887 ι)ςο
1522 1789 1822 1848 exercenda
1853 1796 1903 1857 Β
1931 1821 2057 1868 tunc
2088 1789 2345 1880 temporis
2371 1826 2489 1864 cum
2519 1817 2702 1887 sancto
2728 1808 2966 1877 Eugenio
2994 1805 3097 1860 viri
3119 1803 3522 1876 prudentissimi

229 1894 336 1949 hde
361 1895 645 1957 catholica,
671 1891 849 1946 edicto
878 1904 976 1944 nos
1020 1904 1049 1942 a
1078 1887 1401 1957 Carthagine
1423 1884 1448 1924 ά
1475 1887 1657 1942 venire
1687 1899 1820 1955 prte-

227 1988 391 2057 cepit.
434 1985 499 2040 Et
536 1986 659 2040 ideo
699 1998 767 2039 ne
806 1982 994 2039 abiens
1038 1996 1068 2035 a
1107 1980 1255 2035 vobis
1290 1978 1589 2036 Ecclesium
1632 1978 1723 2033 Dei
1767 1976 1823 2032 in

233 2080 507 2153 ambiguo,
550 2078 652 2133 hoc
682 2085 766 2134 est
808 2077 862 2131 in
891 2090 1176 2144 suSpenso,
1205 2074 1552 2140 dimitterem,
1579 2081 1670 2127 aut
1697 2086 1826 2128 oves

233 2171 437 2227 Christi
477 2186 582 2226 non
623 2184 782 2258 verus
825 2178 1006 2237 pastor
1050 2166 1266 2221 silentio
1312 2165 1695 2235 relinquerem,
1732 2180 1828 2220 ne-

234 2264 528 2322 cessarium
569 2263 696 2319 duxi
737 2262 833 2315 has
861 2275 956 2330 pro
994 2275 1079 2315 me
1115 2257 1341 2315 vicarias
1372 2269 1565 2313 vestrae
1597 2258 1829 2327 dirigere

233 2357 544 2416 sanctitati:
570 2357 623 2412 in
652 2357 843 2426 quibus
873 2369 978 2409 non
1010 2353 1126 2409 sine
1156 2352 1405 2423 lacrymis
1450 2362 1595 2421 peto,
1622 2352 1827 2416 hortor,

236 2468 454 2519 moneo,
493 2460 547 2507 et
585 2450 717 2507 satis
759 2448 1079 2517 abundeque
1127 2450 1366 2503 obtestor
1405 2461 1502 2516 per
1542 2443 1634 2499 Dei
1665 2442 1833 2512 maje-

234 2554 464 2614 statem,
505 2553 561 2601 et
605 2559 701 2613 per
746 2541 1081 2597 tremendum
1118 2541 1307 2609 iudicii
1339 2540 1503 2605 diem,
1548 2546 1708 2608 atque
1735 2537 1830 2591 ad-

238 2647 432 2695 ventus
453 2636 651 2692 Christi
684 2626 971 2691 terribilem
996 2635 1319 2699 claritatem,
1344 2642 1401 2688 ut
1425 2634 1580 2686 tixius
1608 2629 1833 2687 teneatis

236 2730 560 2787 catholicam
585 2727 765 2791 fidem,
793 2736 1098 2785 asserentes
1122 2726 1309 2781 Filium
1336 2725 1478 2779 Patri
1509 2739 1629 2780 esse
1652 2736 1833 2792 aequa-

238 2825 371 2890 lem,
403 2833 456 2879 et
477 2821 728 2891 ﬁtiritum
758 2831 998 2879 sanctum
1029 2820 1270 2876 eamdem
1305 2818 1502 2875 habere
1531 2832 1650 2873 cum
1675 2817 1835 2872 Patre

263 2928 319 2973 et
340 2917 479 2971 Filio
505 2915 755 2971 deitatem
788 2925 835 2969 ε.
870 2914 1090 2971 Servate
1120 2915 1295 2984 itaque
1325 2912 1468 2968 unici
1506 2910 1838 2980 baptismatis

239 3010 491 3081 gratiam,
525 3008 886 3064 custodientes
915 3006 1223 3061 chrismatis
1249 3005 1556 3059 unctionem
1594 3001 1612 3041 ί
1628 3042 1642 3055 .
1672 3001 1839 3056 Nemo

240 3111 364 3172 post
393 3116 583 3170 aquam
626 3106 926 3153 revertatur
966 3097 1033 3151 ad
1063 3111 1278 3166 aquam,
1317 3105 1538 3150 renatus
1567 3109 1630 3150 ex
1670 3107 1828 3163 aqua.

1927 1912 2088 1972 atque
2108 1902 2453 1967 sanctissimi,
2476 1901 2824 1957 Vindemialis
2844 1897 2872 1936 ιι
2893 1909 2942 1955 et
2962 1899 3237 1969 Longinus
3259 1896 3521 1966 episcopi,

1928 2010 2086 2066 pares
2119 1994 2307 2065 gradu,
2341 2002 2395 2049 et
2435 1995 2632 2048 virtute
2665 2009 2770 2047 non
2820 1992 3071 2061 impares.
3126 1990 3260 2045 Nam
3301 1998 3524 2044 sanctus

1938 2086 2287 2142 Vindemialis
2330 2100 2398 2140 eo
2428 2093 2670 2154 tempore
2710 2083 2981 2139 ferebatur
3028 2092 3299 2137 mortuum
3350 2079 3524 2135 susci-

1934 2186 2103 2242 tasse;
2144 2177 2416 2245 Longinus
2446 2183 2626 2230 autem
2661 2174 2845 2228 multis
2891 2171 3120 2227 inﬁrmis
3163 2172 3393 2227 salutem
3435 2169 3525 2224 tri-

1934 2269 2070 2324 buit.
2106 2269 2373 2337 Eugenius
2404 2282 2615 2337 quoque
2646 2282 2750 2320 non
2790 2266 2966 2320 solum
3011 2264 3296 2319 visibilium
3339 2263 3526 2318 oculo-

1934 2378 2052 2417 rum
2080 2362 2398 2426 caecitatem,
2422 2360 2515 2414 sed
2544 2360 2705 2414 etiam
2733 2360 2989 2413 mentium
3020 2357 3341 2425 depellebat.
3375 2356 3528 2424 Quod

1934 2470 2161 2511 cernens
2207 2454 2295 2510 ille
2334 2468 2562 2524 nequam
2594 2454 2912 2507 Arianorum
2955 2454 3245 2522 epicopus,
3277 2460 3529 2505 vocatum

1936 2545 2000 2599 ad
2047 2559 2105 2600 se
2143 2544 2426 2612 quemdam
2470 2542 2765 2608 hominem,
2807 2543 2873 2598 ab
2916 2543 3005 2598 illo
3038 2558 3143 2613 quo
3178 2543 3293 2611 ipse
3319 2541 3529 2598 vivebat

1936 2655 2117 2695 errore
2137 2638 2247 2710 48
2266 2640 2567 2707 deceptum,
2589 2638 2691 2691 ait:
2717 2636 2831 2691 Non
2851 2637 3044 2706 patior,
3068 2636 3208 2706 quod
3241 2635 3292 2690 hi
3322 2634 3531 2703 episco-

1937 2735 1989 2805 pi
2021 2734 2185 2789 multa
2218 2733 2269 2785 in
2304 2734 2497 2802 populo
2541 2734 2689 2801 signa
2717 2730 3062 2797 depromunt,
3090 2730 3319 2799 illosque
3349 2729 3531 2783 cuncti

1938 2838 2027 2879 me
2073 2824 2319 2893 neglecto
2366 2833 2685 2891 sequuntur.
2737 2822 3034 2890 Acquiesce
3091 2836 3230 2874 nunc
3278 2818 3361 2873 his
3406 2833 3529 2888 qua:

1940 2919 2215 2990 praecipio,
2264 2924 2319 2971 et
2366 2915 2599 2983 acceptis
2638 2915 3019 2985 quinquaginta
3062 2915 3263 2979 aureis,
3308 2912 3437 2968 sede
3478 2914 3531 2968 in

1940 3012 2141 3081 platea,
2162 3023 2423 3079 perquam
2449 3005 2604 3062 nobis
2631 3017 2712 3062 est
2743 3007 3022 3071 transitus,
3054 3014 3338 3060 etmantnn
3367 3019 3532 3073 super

1943 3106 2157 3162 clausos
2182 3101 2366 3157 oculos
2388 3115 2615 3171 ponens,
2649 3115 2734 3153 me
2758 3107 3113 3167 praetereunte
3135 3112 3254 3153 cum
3286 3095 3531 3166 reliquis,

238 3192 378 3249 Νυιυ
401 3194 544 3247 enim
568 3192 661 3246 υθί
688 3192 855 3247 $318!
882 3204 1017 3259 aqua
1043 3186 1354 3254 CODﬁCi'UI‘;
1385 3187 1481 3243 88d
1505 3188 1548 3242 εί
1574 3188 1628 3241 in
1649 3200 1838 3256 aquam
1868 3195 1915 3259 C
1945 3198 2183 3254 exclama
2229 3196 2280 3248 in
2326 3208 2513 3263 magna
2558 3193 2775 3261 virtute,
2821 3191 3005 3246 dicens
3036 3207 3048 3243 :
3097 3191 3190 3258 Te,
3226 3189 3534 3245 beatissime

240 3287 515 3342 redactum
554 3284 737 3350 fuerit,
777 3283 952 3338 omnis
995 3285 1203 3353 species
1240 3281 1359 3350 ejus
1397 3277 1685 3336 confestim
1716 3294 1841 3334 eva-

238 3388 448 3439 cuatur.
496 3377 648 3433 Unde
686 3392 791 3431 non
840 3376 1108 3430 immerito
1150 3373 1406 3428 Dominus
1456 3372 1507 3425 in
1548 3370 1839 3438 Evangelia

254 3469 330 3525 ait
359 3486 373 3523 :
407 3468 468 3523 Si
496 3469 574 3522 sel
598 3469 915 3537 infamatum
948 3467 1122 3534 fuerit,
1153 3465 1206 3518 in
1232 3480 1332 3534 quo
1370 3464 1583 3517 salietur
1622 3462 1838 3533 (Matth.

240 3580 295 3629 v,
320 3562 449 3633 15)?
510 3563 571 3616 Et
622 3562 804 3630 utique
847 3560 947 3613 hoc
971 3568 1054 3613 est
1099 3556 1373 3624 infatuari,
1418 3557 1555 3611 velle
1604 3555 1843 3633 secundo

242 3656 469 3721 condiri,
516 3670 638 3711 cum
676 3654 845 3710 semel
886 3653 1079 3706 factum
1123 3650 1371 3706 sufficiat.
1447 3648 1561 3703 Non
1612 3642 1840 3704 a'udistis

243 3748 516 3804 Christum
564 3747 870 3802 dicentem:
906 3745 1005 3809 Qui
1046 3744 1198 3798 semel
1238 3743 1370 3796 lotus
1410 3749 1503 3807 est,
1553 3757 1652 3794 non
1694 3739 1843 3795 habet

245 3840 596 3895 necessitatem
645 3837 749 3909 47
803 3837 989 3890 iterant
1046 3834 1253 3888 lavandi
1299 3831 1483 3903 (Joau.
1538 3847 1657 3899 xm,
1708 3830 1845 3901 10)?

247 3932 512 4001 ideoque,
544 3930 773 3997 fratres,
804 3938 857 3984 et
888 3918 984 3981 filii
1006 3969 1021 3993 ,
1058 3927 1304 3994 filiaequae
1334 3939 1467 3980 meae
1512 3924 1565 3978 in
1591 3923 1843 3991 Domino,

247 4037 357 4079 non
389 4037 484 4076 vos
522 4021 810 4077 contristet
850 4017 1093 4075 absentia
1134 4031 1278 4084 mea,
1318 4016 1440 4086 quia
1481 4015 1527 4070 si
1563 4014 1844 4070 catholica:

247 4115 546 4183 disciplina:
615 4113 975 4189 adhaereatis,
1021 4126 1119 4181 ego
1167 4125 1264 4165 vos
1309 4124 1410 4165 nec
1458 4108 1848 4178 longinquitate

249 4207 426 4278 aliqua
449 4207 755 4276 obliviscar,
780 4220 879 4260 nec
905 4214 1077 4259 morte
1101 4219 1131 4257 a
1155 4203 1306 4258 vobis
1330 4201 1555 4257 divellar
1572 4210 1621 4254 κ.
1646 4201 1848 4255 Scitote

249 4299 375 4370 quia
420 4312 757 4369 quocumque
798 4314 885 4354 me
915 4295 1140 4351 fecerint
1167 4294 1329 4349 dividi
1372 4309 1595 4365 agones,
1632 4307 1843 4349 mecum

250 4400 335 4448 est
383 4392 559 4460 palma
611 4430 626 4444 .
670 4405 716 4444 st
760 4388 828 4443 ad
871 4387 1119 4443 exsilium
1156 4385 1374 4453 abiero,
1438 4384 1577 4440 beati
1629 4384 1849 4441 Joannis

252 4481 595 4552 evangelista:
622 4479 924 4551 exemplum
956 4480 1159 4543 habeo;
1191 4478 1232 4533 si
1276 4479 1341 4532 ad
1376 4477 1565 4532 mortis
1602 4477 1846 4543 exitium,

1946 3288 2163 3360 Cyrola,
2199 3293 2397 3339 nostra:
2441 3281 2718 3353 religionis
2759 3283 3011 3345 antistes,
3049 3281 3332 3350 deprecor,
3364 3289 3420 3335 ut
3452 3293 3536 3334 re-
3610 3302 3615 3303 ν

1945 3379 2178 3448 spiciens
2223 3374 2534 3432 manifestes
2581 3375 2801 3444 gloriam
2853 3388 2915 3428 ac
2967 3375 3215 3428 virtutem
3263 3382 3429 3436 tuam,
3480 3379 3538 3425 ut

1946 3471 2131 3526 oculos
2179 3484 2329 3524 meos
2376 3468 2622 3537 aperiens
2671 3480 2881 3520 merear
2929 3466 3101 3520 lucem
3146 3465 3330 3519 videre
3376 3476 3535 3533 quant

1948 3563 2180 3635 perdidi.
2225 3562 2325 3627 Qui
2365 3561 2505 3627 iussa
2544 3559 2839 3627 complens,
2876 3557 3220 3626 residensque
3261 3558 3310 3611 in
3340 3554 3534 3627 platea,

1947 3661 2260 3710 transeunte
2293 3654 2547 3707 haeretica
2576 3666 2697 3706 cum
2740 3651 2943 3705 sanctis
2973 3650 3087 3715 Dei,
3123 3650 3222 3704 iste
3250 3649 3338 3718 qui
3368 3648 3535 3700 Deum

1946 3748 2175 3803 irridere
2224 3744 2511 3815 cogitabat,
2562 3743 2835 3799 exclamat
2886 3742 2939 3795 in
2981 3755 3171 3810 magna
3204 3741 3420 3805 virtute,
3454 3737 3539 3791 di-

1946 3852 2075 3892 cens
2103 3854 2116 3890 :
2164 3835 2303 3890 Audi
2331 3849 2439 3900 me,
2469 3832 2780 3888 beatissime
2806 3831 3030 3901 Cyrola;
3064 3831 3186 3884 audi
3216 3845 3323 3892 me,
3355 3840 3540 3886 sancte

1949 3929 2202 3986 sacerdos
2233 3929 2324 3983 Dei
2365 3944 2380 3983 :
2432 3927 2637 3995 respice
2683 3925 2979 3980 caecitatem
3030 3938 3227 3977 meam.
3284 3922 3540 3992 Experiar

1949 4039 2047 4093 ego
2086 4022 2473 4078 medicamenta
2514 4035 2633 4089 qua:
2672 4033 2815 4086 saepe
2838 4018 2963 4071 caeci
3008 4016 3201 4086 reliqui
3246 4032 3276 4072 a
3321 4025 3373 4073 te
3422 4032 3540 4075 me-

1950 4124 2188 4181 ruerunt,
2223 4130 2339 4183 quae
2371 4112 2566 4180 leprosi
2626 4110 2831 4180 experti
2872 4119 3025 4177 sunt,
3079 4126 3197 4178 quae
3240 4111 3339 4181 ipsi
3377 4113 3539 4168 etiam

1950 4208 2144 4263 mortui
2178 4212 2596 4276 prmsenserunt.
2649 4202 2855 4271 Adiuro
2888 4212 2938 4256 te
2968 4217 3061 4272 per
3089 4202 3258 4271 ipsam
3292 4205 3540 4262 virtutem

1950 4314 2108 4370 quam
2150 4298 2331 4361 habes,
2379 4309 2436 4351 ut
2479 4295 2607 4349 mihi
2639 4294 2997 4350 desideratam
3037 4297 3289 4352 restituas
3340 4299 3539 4371 lucem,

1951 4391 2072 4462 quia
2114 4390 2265 4461 gravi
2306 4404 2424 4443 sum
2465 4387 2709 4442 caecitate
2751 4401 3054 4455 percussus.
3082 4387 3372 4444 Veritatem
3398 4392 3539 4446 enim

1952 4484 2227 4549 nesciens,
2257 4496 2439 4535 verum
2471 4480 2680 4535 dicebat
2710 4499 2725 4536 :
2755 4479 2879 4547 quia
2910 4492 3207 4535 caecavetat
3237 4497 3358 4536 eum
3392 4484 3541 4553 cupi-

260 4576 440 4631 Vivere
470 4575 596 4629 mihi
624 4573 856 4629 Christus
910 4584 1003 4639 est,
1039 4581 1086 4626 et
1115 4572 1244 4625 mori
1286 4570 1485 4624 lucrum
1506 4568 1769 4639 (Philipp.
1801 4584 1838 4633 ι,
1875 4586 1926 4645 D
1951 4575 2107 4641 ditas,
2152 4586 2205 4631 et
2236 4574 2486 4629 virtutem
2521 4574 2611 4629 Dei
2642 4573 3023 4642 omnipotentis
3064 4573 3290 4641 initiare
3322 4591 3415 4645 per
3445 4592 3539 4645 pe-

250 4666 372 4738 2|).
418 4667 476 4724 Si
517 4667 759 4732 rediero,
799 4666 1023 4733 fratres,
1058 4664 1301 4733 implebit
1340 4663 1480 4718 Deus
1520 4663 1843 4718 desiderium

252 4770 520 4817 vestrum.
551 4760 799 4814 Attamen
828 4757 1023 4813 sufficit
1052 4758 1240 4823 modo,
1271 4756 1409 4825 quod
1443 4755 1595 4811 vobis
1627 4772 1731 4810 non
1768 4764 1845 4810 ta-

251 4851 341 4908 cui
356 4868 370 4909 :
387 4851 589 4917 monui,
608 4851 852 4919 instruxi,
867 4849 1134 4919 quomodo
1156 4849 1331 4919 potui;
1361 4848 1584 4919 ideoque
1603 4848 1848 4903 immunis

253 4958 375 4999 sum
395 4958 424 4998 a
444 4943 700 5013 sanguine
721 4942 958 4996 omnium
978 4941 1312 5011 pereuntium
1343 4957 1357 5007 ;
1391 4949 1445 4997 et
1467 4940 1580 4995 scio
1605 4940 1727 5010 quia
1748 4939 1847 4994 ad-

254 5050 448 5093 versus
475 5051 570 5092 eos
598 5036 839 5106 legentur
865 5035 1056 5089 littera:
1085 5036 1198 5089 istae
1225 5043 1348 5089 ante
1374 5032 1604 5088 tribunal
1623 5031 1846 5102 Christi,

254 5146 380 5185 cum
410 5129 618 5185 venerit
646 5127 873 5191 reddere
903 5126 1193 5196 unicuique
1220 5125 1511 5182 secundum
1540 5139 1703 5194 Opera
1726 5140 1846 5182 sua.

257 5222 318 5279 Si
345 5234 594 5276 reversus
627 5219 799 5289 fuero,
831 5217 1048 5284 fratres,
1086 5216 1282 5272 Videbo
1304 5231 1399 5272 vos
1426 5218 1480 5272 in
1510 5216 1609 5271 hac
1636 5217 1741 5271 vita
1767 5232 1780 5268 :
1805 5217 1851 5271 si

335 5344 357 5371 θ
390 5334 478 5390 Sic
508 5349 663 5399 mss.,
689 5342 743 5388 at
771 5333 898 5389 editi
926 5346 1045 5387 cum
1076 5331 1200 5386 Bec.
1227 5330 1424 5386 habent
1448 5329 1636 5384 Christi
1657 5330 1844 5385 ullum.

334 5404 363 5443 δ
397 5406 557 5461 Deest
597 5406 818 5475 epistola
855 5405 1057 5475 integra
1084 5402 1356 5475 in_Corb.,
1399 5401 1490 5475 sed
1519 5416 1637 5475 qua:
1668 5411 1844 5475 tamen

260 5485 458 5545 sponte
499 5471 694 5531 omissa
743 5475 873 5542 fuit,
916 5471 1036 5531 cu'tn
1081 5473 1307 5543 habeat,
1354 5474 1713 5545 epistolam...
1755 5471 1852 5527 hoc

258 5548 417 5603 modo
444 5549 747 5602 transmisit.

340 5630 363 5657 ο
400 5618 497 5674 Ms.
530 5618 589 5683 1,
619 5617 921 5672 commissis.

263 5685 364 5820 ἁλι
398 5689 612 5813 fregit)”
642 5687 1035 5757 Carthaginem,
1068 5695 1119 5741 et
1146 5684 1313 5755 infra,
1345 5696 1466 5757 post
1492 5686 1733 5753 vicarius,
1764 5686 1856 5741 ad.

309 5769 348 5814 tt
369 5803 383 5820 .
437 5770 632 5814 uteras.

348 5803 383 5873 θ’
402 5800 632 5891 iis}?
656 5830 805 5897 θος..
837 5837 1110 5894 asserentes
1147 5828 1355 5886 Patrem
1379 5837 1429 5890 et
1456 5828 1706 5906 Spiritum
1736 5844 1855 5888 san-

1951 4670 2163 4725 cuniam
2217 4667 2534 4723 aestimabat.
2623 4666 2771 4721 Tune
2829 4666 3201 4723 haereticorum
3258 4670 3544 4739 episcOpns

1954 4759 2227 4830 paululum
2258 4774 2315 4813 se
2342 4757 2579 4823 divertit,
2603 4756 2757 4826 quasi
2789 4756 2841 4811 in
2870 4751 3065 4833 virtute
3094 4760 3540 4831 triumphaturus,

1953 4851 2125 4906 elatus
2159 4848 2389 4903 vanitate
2425 4861 2585 4918 atque
2622 4848 2892 4917 superbia,
2924 4850 3099 4918 posuit
3139 4866 3352 4905 manum
3390 4868 3540 4905 suam

1955 4956 2115 5009 super
2137 4939 2323 4994 oculos
2351 4938 2487 5008 ejus,
2512 4938 2696 4993 dicens
2721 4954 2735 4992 :
2759 4939 3062 4994 Secundum
3088 4932 3253 4995 fidem
3282 4951 3540 5006 nostram,

1956 5032 2235 5104 qua'recte
2270 5031 2435 5085 Deum
2475 5030 2767 5098 credimus,
2808 5034 3119 5100 aperiantur
3159 5032 3296 5086 oculi
3340 5032 3434 5087 tui.
3478 5034 3542 5086 Et

1958 5141 2080 5181 mox
2108 5133 2165 5179 ut
2194 5123 2295 5179 hoc
2331 5120 2484 5179 nefas
2515 5122 2710 5193 erupit,
2741 5126 2877 5179 risus
2905 5134 3139 5179 mutatur
3168 5124 3221 5177 in
3246 5124 3537 5193 planctum,

1957 5228 2013 5277 et
2058 5219 2212 5275 dolus
2251 5218 2491 5290 episcoiii
2537 5227 2621 5274 est
2659 5218 2956 5289 patefactus
3003 5219 3055 5272 in
3106 5216 3318 5288 publico
3356 5231 3371 5271 :
3418 5234 3539 5275 nam

1958 5347 2091 5393 clum
2114 5338 2344 5399 eamdem
2375 5337 2555 5391 habere
2577 5354 2690 5391 cum
2718 5334 2852 5389 Filio
2873 5336 3132 5390 deitatem.

2040 5408 2056 5447 ί
2105 5408 2359 5475 Baptismi
2402 5409 2661 5476 gratiam,
2707 5406 3008 5461 chrismatis
3051 5418 3352 5461 unctionem
3400 5407 3542 5464 inter

1958 5479 2096 5534 bona
2128 5480 2444 5535 Christianis
2490 5494 2519 5532 a
2564 5479 2676 5532 Deo
2706 5477 2893 5531 collata
2944 5488 3187 5534 recenset
3234 5477 3536 5547 Salvianus,

1958 5551 2197 5622 ejusdem
2220 5552 2313 5605 aevi
2333 5561 2537 5622 auctor,
2563 5549 2652 5622 lib.
2684 5563 2749 5622 ut
2769 5548 2834 5600 de
2861 5547 3254 5622 Gubernatione
3282 5548 3395 5604 Dei.

2032 5632 2057 5669 ε
2088 5623 2175 5677 Sic
2202 5636 2330 5675 mss.
2350 5622 2413 5692 2;
2442 5620 2749 5692 alii,quin_si
2790 5618 3049 5692 catholica:
3074 5621 3356 5692 disciplina:
3374 5620 3542 5678 adlice

1960 5695 2109 5748 reatis
2132 5708 2287 5761 ego...
2314 5691 2641 5761 obliviscor...
2666 5689 2899 5761 divellor.

2031 5762 2061 5801 ιι
2090 5760 2251 5820 (λοι-ι).
2279 5761 2437 5818 habet
2462 5760 2658 5834 ubique
2694 5760 3038 5823 Vindimialis.
