4028 6342
531 384 637 445 195

1528 377 1586 438 S.
1633 374 1963 437 GREGORII
2021 377 2324 439 EPISCOPI
2374 377 2815 441 TURONENSiS

3733 379 3842 440 {90

530 515 557 546 ι
581 512 760 560 tantus
788 501 945 558 dolor
971 500 1155 558 oculos
1183 498 1365 556 miseri
1396 497 1541 554 illius
1569 499 1781 563 invasit,
1815 509 1873 555 ut
1911 514 2005 555 eos
2035 499 2118 554 di-
2150 504 2196 561 Α
2229 501 2497 568 pontiﬁcis
2521 501 2601 555 sui
2626 501 2679 555 iu
2705 499 2806 555 hoc
2831 497 3037 553 scelere
3071 493 3236 551 fuisse
3277 493 3566 562 detectam,
3607 507 3840 557 sanctos

529 597 652 668 gitis
681 597 770 652 vix
807 595 835 636 δ
866 596 1267 666 comprimeret,
1303 608 1367 647 ne
1398 603 1702 662 creparent.
1750 593 1985 663 Denique
2013 595 2124 648 cla-

532 703 680 745 mare
705 689 871 759 coepit
897 689 1078 755 miser,
1111 703 1172 742 ac
1198 687 1380 741 dicere
1410 704 1422 738 :
1461 685 1548 740 Vae
1580 686 1706 740 mihi
1752 687 1969 751 misero,
2001 687 2121 756 quia

531 783 784 840 seductus
811 796 929 836 sum
959 781 1027 835 ab
1055 780 1269 835 inimico
1296 779 1428 850 legis
1452 779 1669 833 divinae.
1705 779 1795 832 Va:
1820 778 1970 842 mihi,
2002 781 2122 849 quia

533 874 702 931 Deum
743 888 841 944 per
878 872 1156 945 pecuniam
1200 872 1428 926 irridere
1462 870 1628 932 volui,
1659 879 1714 925 et
1740 871 2122 941 quinquaginta

539 981 730 1022 ltureos
753 965 957 1035 accepi,
976 973 1033 1020 ut
1058 965 1157 1019 hoc
1175 962 1384 1019 facinus
1406 972 1788 1033 perpetrarem.
1813 964 1890 1017 Ad
1913 965 2123 1033 episco-

536 1074 662 1129 pum
697 1066 875 1113 autcm
910 1057 1123 1112 aiebat:
1149 1057 1290 1111 Ecce
1318 1069 1505 1108 aurum
1542 1065 1712 1122 tuum,
1747 1055 1911 1109 redde
1945 1055 2125 1110 lumen

538 1165 738 1215 meum,
770 1149 910 1220 quod
936 1147 1062 1204 dolo
1094 1158 1184 1203 tuo
1221 1148 1453 1217 perdidi.
1493 1146 1706 1216 Vosque
1733 1161 1887 1217 rogo,
1931 1147 2128 1217 glorio-

535 1243 732 1298 sissimi
755 1239 1070 1307 Christiani,
1114 1255 1183 1294 ne
1213 1239 1522 1309 despiciatis
1550 1229 1826 1306 miserum,
1859 1241 1951 1296 sed
1975 1240 2130 1295 velo-

536 1335 672 1390 citer
713 1335 1014 1389 succurrite
1060 1334 1328 1402 pereunti.
1361 1332 1497 1387 Vere
1541 1334 1684 1388 enim
1729 1333 1975 1402 cognovi,
2004 1334 2129 1403 quia

538 1423 676 1480 Deus
699 1424 808 1497 ιθ
837 1441 939 1478 non
965 1425 1208 1478 irridetur
1252 1423 1395 1494 (Gal.
1422 1440 1498 1490 vr,
1532 1425 1610 1496 7).
1664 1424 1811 1479 Tunc
1838 1425 2005 1480 sancti
2035 1424 2131 1481 Dei

537 1516 904 1572 misericordia
932 1516 1060 1570 moti
1085 1532 1099 1570 :
1155 1515 1238 1581 Si,
1266 1518 1529 1586 inquiunt,
1557 1518 1950 1583 credis,.omnia
1970 1518 2134 1588 possi-

538 1606 664 1660 bilia
702 1614 821 1660 sunt
865 1608 1093 1662 credenti
1135 1608 1325 1678 (Marc.
1362 1623 1435 1672 lx,
1467 1607 1583 1678 22).
1633 1613 1703 1664 At
1750 1611 1840 1665 ille
1869 1611 2134 1664 clamabat

538 1711 670 1753 voce
690 1712 878 1765 magna
907 1715 919 1751 :
943 1699 1045 1765 Qui
1075 1714 1180 1754 non
1210 1700 1498 1755 crediderit
1520 1699 2012 1761 ChristumiFilium
2038 1699 2132 1754 Dei

541 1797 596 1844 et
639 1790 896 1858 Spiritum
945 1800 1189 1846 sanctum
1239 1793 1498 1862 a-qualem
1541 1792 1738 1848 habere
1775 1793 2132 1848 substantiam

2232 592 2324 646 Dei
2355 603 2475 662 post
2507 594 2669 646 multa
2709 599 3005 652 tormenta,
3038 599 3161 660 post
3188 589 3473 659 equuleos,
3512 601 3632 659 post
3667 592 3842 646 ﬂam-

2228 703 2362 752 mas,
2400 696 2518 756 post
2545 687 2790 757 ungulas,
2814 686 2974 755 jussit
3022 684 3273 738 interﬁci.
3311 683 3532 738 Beatum
3564 700 3696 740 vero
3728 686 3842 741 Eu-

2227 783 2442 850 genium
2491 780 2746 836 decollari
2793 779 2985 849 jussit,
3016 779 3117 833 sub
3167 795 3228 832 ea
3281 780 3484 850 specie,
3519 792 3574 833 ttt
3607 781 3651 832 si
3687 780 3734 832 in
3773 795 3839 833 ea

2232 875 2359 930 hora
2386 890 2486 944 qua
2515 875 2660 930 ensis
2684 889 2848 944 super
2874 875 3138 929 cervicem
3167 874 3284 942 ejus
3318 872 3693 941 incumbebat,
3727 890 3840 928 non

2231 977 2592 1022 reverteretur
2619 966 2685 1020 ad
2728 964 3102 1020 haereticorum
3151 975 3384 1030 sectam,
3419 982 3523 1018 non
3561 967 3843 1020 occideri--

2233 1072 2334 1124 tur,
2369 1075 2437 1115 ne
2461 1075 2582 1115 eum
2617 1075 2714 1129 pro
2765 1069 3001 1128 martyre
3033 1058 3344 1111 excolereut
3377 1056 3702 1120 Christiani,
3738 1057 3840 1109 sed

2231 1153 2420 1208 exsilio
2442 1152 2824 1207 damnaretur:
2857 1151 2999 1222 quod
3028 1152 3095 1204 ita
3123 1151 3319 1203 factum
3344 1164 3465 1204 esse
3491 1147 3840 1204 manifestum

2233 1253 2334 1300 est.
2366 1243 2497 1299 Nam
2523 1259 2645 1300 cum
2680 1243 2977 1298 imminenti
3011 1253 3200 1304 morte,
3230 1243 3590 1311 interrogatus
3621 1242 3838 1300 inisset,

2234 1335 2278 1390 si
2308 1337 2440 1390 mori
2470 1352 2565 1406 pro
2588 1336 2692 1391 ﬁde
2717 1334 2980 1390 catholica
3006 1335 3334 1398 destinaret,
3367 1333 3645 1402 reSpondit
3674 1351 3687 1386 :
3714 1335 3843 1388 "me

2235 1429 2377 1483 enim
2407 1435 2489 1482 est
2537 1429 2866 1498 sempiterna
2917 1429 3057 1496 vita,
3101 1441 3199 1496 pro
3237 1425 3444 1496 justitia
3494 1427 3654 1480 mori.
3691 1427 3842 1482 'l‘unc

2235 1534 2498 1588 suspenso
2529 1519 2726 1590 gladio,
2761 1518 2900 1589 apud
2936 1520 3281 1586 Albigensem
3317 1516 3618 1572 Galliarum
3647 1517 3839 1573 urbem

2236 1611 2423 1665 exsilio
2451 1611 2742 1680 deputatus
2781 1619 2905 1666 est:
2939 1609 3028 1664 ubi
3069 1617 3126 1664 et
3175 1609 3334 1663 ﬁnem
3378 1610 3503 1663 vita:
3555 1608 3843 1678 praesentis

2237 1700 2360 1758 fecit
2383 1701 2434 1756 ά.
2467 1703 2546 1758 Ad
2574 1702 2727 1773 cujus
2758 1717 2899 1756 nunc
2926 1702 3229 1770 sepulcrum
3262 1701 3446 1756 multa:
3475 1701 3703 1756 virtutes
3725 1717 3842 1756 cre-

2241 1795 2470 1850 berrime
2519 1795 2896 1850 ostenduntur.
2949 1793 3204 1849 Sanctum
3259 1809 3389 1848 vero
3438 1793 3831 1848 Vindemialem

551 1893 713 1952 atque
745 1883 1000 1939 deitatem
1048 1899 1167 1940 cum
1194 1885 1304 1942 Deo
1329 1885 1506 1952 Patre,
1554 1886 1711 1940 hodie
1739 1901 1858 1956 quae
1887 1900 1988 1956 ego
2014 1865 2211 1956 per-In
2237 1887 2417 1960 gladi‘o
2441 1889 2644 1960 percuti
2671 1889 2944 1959 prmcepit.
2966 1888 3118 1956 Quod
3143 1889 3210 1942 ita
3240 1888 3520 1956 impletum
3543 1897 3631 1943 est
3655 1889 3710 1942 in
3740 1887 3841 1942 hoc

542 1973 660 2030 fero
689 1975 937 2041 patiatur.
988 1975 1053 2030 Et
1075 1976 1272 2046 adjecit
1298 1994 1310 2030 :
1341 1977 1514 2032 Credo
1535 1977 1702 2032 Deum
1723 1978 1934 2032 Patrem
1963 1978 2136 2032 omni-

543 2074 839 2136 potentem,
863 2067 1024 2122 eredo
1045 2067 1236 2123 Filium
1260 2068 1352 2124 Dei
1375 2068 1647 2125 Christum
1671 2067 1851 2126 Jesum
1875 2060 2134 2140 aequalem

547 2156 714 2221 Patri,
747 2159 908 2214 credo
938 2159 1192 2230 Spiritum
1224 2169 1467 2217 sanctum
1500 2163 1642 2217 Patri
1674 2171 1727 2217 et
1748 2163 1884 2218 Filio
1913 2164 2138 2220 consuo

547 2249 848 2306 stautialem
891 2260 1052 2322 atque
1095 2263 1439 2309 coaeternum.
1478 2253 1601 2310 ilmc
1646 2254 1720 2310 illi
1749 2255 2051 2325 audientes,
2085 2264 2139 2311 et

544 2356 606 2396 se
635 2341 864 2398 invicem
896 2343 1101 2401 honore
1137 2354 1322 2402 mutuo
1353 2349 1766 2418 praevenientes,
1793 2349 1965 2405 oritur
1993 2351 2140 2406 inter

543 2449 639 2491 eos
668 2447 852 2492 sancta
883 2439 1190 2510 contentio,
1229 2441 1349 2512 quis
1379 2442 1549 2497 oculis
1585 2443 1700 2512 ejus
1729 2442 1937 2513 signum
1965 2443 2138 2500 beata:

543 2533 717 2585 crucis
748 2530 1069 2601 imponeret.
1103 2531 1457 2588 Vindemialis
1486 2548 1616 2590 vero
1646 2550 1707 2590 ac
1732 2535 2004 2606 Longinus
2035 2537 2140 2591 Eu-

543 2622 782 2692 genium,
811 2625 900 2680 illc
926 2633 1106 2680 autem
1139 2634 1358 2682 econtra
1389 2641 1483 2683 eos
1508 2637 1700 2682 exorat
1741 2638 1796 2684 ut
1820 2643 2010 2684 manus
2041 2630 2142 2684 im-

546 2725 811 2784 ponerent
840 2731 1004 2772 czeco.
1054 2718 1208 2784 Quod
1237 2731 1357 2774 cum
1402 2719 1678 2789 fecissent,
1711 2729 1766 2776 et
1796 2736 1985 2776 manus
2015 2737 2142 2780 suas

549 2815 713 2877 cuper
743 2817 902 2880 caput
927 2811 1045 2879 ejus
1083 2820 1353 2878 tenerent,
1385 2823 1607 2868 sanctus
1637 2813 1903 2884 Eugenius
1927 2829 2141 2871 crucem

543 2911 707 2968 super
745 2901 930 2956 oculos
967 2903 1098 2958 (εποί
1144 2903 1367 2971 faciens,
1399 2904 1511 2958 ait:
1541 2903 1598 2959 In
1630 2905 1845 2960 nomine
1876 2905 2048 2961 Patris
2089 2914 2144 2964 et

544 2991 666 3048 Filii
694 3001 750 3048 et
773 2994 1003 3064 Spiritus
1032 2998 1203 3052 sancti
1239 2995 1353 3053 veri
1388 2997 1501 3064 Dei,
1528 3013 1690 3068 quem
1724 2999 1923 3054 trinum
1953 2999 2003 3054 in
2036 3015 2142 3055 una

543 3087 848 3155 atqualitate
876 3096 1034 3158 atque
1056 3090 1440 3159 omnipotentia
1472 3092 1811 3159 conﬁtemur,
1839 3093 2146 3162 aperiantur

544 3181 682 3236 oculi
717 3183 812 3236 tui.
844 3182 906 3237 Et
931 3186 1110 3238 statim
1139 3185 1321 3240 ablato
1351 3185 1560 3254 dolore,
1585 3187 1649 3240 ad
1674 3186 1952 3256 pristinam
1986 3185 2146 3241 rediit

2239 1983 2554 2037 certamine.
2587 1983 2910 2036 Octavianus
2941 1997 3067 2036 vero
3115 1980 3545 2049 archidiaconus,
3583 1991 3637 2036 et
3670 1981 3838 2035 multa

2240 2076 2406 2132 millia
2439 2074 2670 2129 virorum
2696 2090 2758 2128 ac
2787 2074 3068 2129 mulierum
3097 2071 3234 2126 hanc
3260 2073 3417 2127 ﬁdem
3442 2072 3840 2138 asserentium,

2242 2172 2560 2236 interempta
2590 2176 2748 2236 atque
2778 2165 3048 2221 debilitata
3081 2173 3224 2218 sunt.
3253 2163 3357 2218 Sed
3389 2179 3484 2234 pro
3511 2180 3702 2220 amore
3731 2166 3840 2236 glo-

2241 2260 2358 2326 rizc,
2398 2259 2530 2314 nihil
2562 2267 2715 2335 erant
2746 2258 2860 2313 haec
2890 2258 3148 2328 supplicia
3181 2257 3586 2313 confessoribus
3612 2259 3837 2324 sanctis,

2241 2352 2330 2422 qui
2357 2351 2409 2407 in
2443 2352 2624 2421 paucis
2656 2352 2864 2416 vexati,
2891 2351 2942 2404 in
2975 2350 3158 2405 multis
3190 2350 3327 2405 bene
3352 2365 3410 2406 se
3443 2361 3708 2406 noverant
3733 2351 3839 2406 dis-

2242 2446 2516 2517 ponendos
2549 2446 2719 2516 (Sap.
2756 2460 2850 2511 ιιι,
2881 2443 2970 2514 Si),
3016 2444 3168 2512 juxta
3216 2444 3344 2499 illud
3387 2446 3668 2515 Apostoli:
3709 2447 3840 2513 Quia

2242 2556 2344 2595 non
2371 2547 2488 2593 sunt
2533 2537 2799 2608 condignae
2830 2536 3089 2606 passiones
3131 2536 3284 2606 hujus
3317 2537 3555 2604 temporis
3583 2537 3651 2589 ad
3697 2539 3838 2607 futu-

2241 2645 2352 2684 ram
2381 2630 2630 2702 gloriam,
2653 2645 2766 2696 qua:
2787 2629 3036 2683 revelatur
3063 2628 3114 2681 in
3145 2628 3337 2681 sanctis
3367 2627 3543 2696 (Rom.
3571 2643 3696 2695 vin,
3732 2626 3834 2697 18).

2243 2719 2392 2776 Multi
2433 2731 2559 2776 tunc
2607 2729 2852 2776 errantes
2898 2735 2928 2774 a
2963 2719 3088 2786 ﬁde,
3119 2719 3446 2788 accipientes
3489 2719 3727 2786 divitias,
3762 2722 3838 2776 in-

2242 2821 2530 2870 seruerunt
2559 2827 2618 2869 se
2649 2811 2925 2868 doloribus
2957 2811 3138 2866 multis
3164 2827 3177 2865 :
3211 2813 3348 2866 sicut
3389 2810 3570 2868 infelix
3603 2811 3695 2867 ille
3723 2813 3838 2883 epi-

2246 2920 2462 2977 scopus,
2490 2905 2706 2960 nomine
2735 2905 3057 2969 Revocatus,
3086 2917 3152 2958 eo
3179 2911 3424 2974 tempore
3449 2912 3533 2958 est
3557 2914 3838 2959 revocatus

2244 3013 2273 3054 a
2304 2999 2408 3055 ﬁde
2439 2999 2724 3055 catholica.
2756 2998 2906 3053 Tunc
2933 3007 2956 3034 ε
2987 3005 3040 3053 et
3069 2997 3147 3052 sol
3191 3005 3328 3052 teter
3371 2997 3649 3068 apparuit,
3682 2999 3754 3052 ita
3783 3006 3838 3052 ut

2244 3091 2331 3146 vix
2360 3093 2428 3146 ab
2458 3107 2524 3147 eo
2557 3105 2678 3161 pars
2709 3091 2791 3146 vel
2825 3092 2979 3146 tertia
3020 3091 3255 3145 eluceret
3282 3106 3295 3143 :
3327 3090 3512 3156 credo,
3549 3106 3646 3160 pro
3679 3091 3838 3146 tantis

2250 3185 2542 3240 Sceleribus
2571 3192 2626 3239 et
2653 3184 2916 3240 effusione
2946 3183 3219 3254 sanguinis
3250 3183 3575 3240 innocentis.
3611 3185 3838 3241 Honori-

544 3273 842 3327 sanitatem.
866 3274 1295 3330 Manifestissime
1317 3285 1494 3332 autem
1525 3279 1694 3346 patuit
1721 3292 1816 3347 per
1843 3276 2002 3346 hujus
2033 3291 2140 3331 ςτε-
2171 3269 2218 3342 C
2248 3291 2343 3332 cus
2392 3290 2520 3332 vero
2548 3285 2669 3347 post
2703 3285 2907 3331 tantum
2943 3275 3166 3342 facinus,
3201 3285 3449 3344 arreptus
3494 3293 3525 3332 a
3570 3277 3837 3346 daemone,

545 3365 790 3430 citatem,
819 3368 1048 3436 qualiter
1081 3369 1457 3424 haereticorum
1501 3370 1783 3440 episcopus
1813 3371 1997 3425 oculos
2021 3384 2143 3425 cor-

546 3455 692 3512 dium
721 3460 919 3515 misero
947 3463 1261 3517 assertionis
1305 3480 1417 3518 suae
1446 3465 1660 3520 velabat
1702 3466 1921 3531 amictu,
1953 3481 2022 3521 ne
2046 3481 2136 3521 ve-

545 3567 658 3608 ram
689 3551 858 3609 lucem
889 3553 978 3609 ulli
1011 3554 1194 3611 liceret
1215 3555 1337 3613 ﬁdei
1367 3557 1537 3614 oculis
1562 3558 1930 3630 contemplari.
1964 3558 2008 3614 Ο
2036 3559 2139 3614 mi-

547 3660 749 3715 serum,
801 3648 890 3718 qui
939 3665 1044 3704 non
1091 3650 1366 3720 ingressus
1415 3670 1509 3724 per
1551 3655 1789 3724 jauuam,
1845 3655 1898 3710 id
1945 3664 2027 3712 est
2048 3667 2142 3726 per

545 3735 841 3806 Christum,
861 3741 947 3811 qui
971 3749 1055 3797 est
1075 3742 1238 3814 janua
1267 3758 1412 3810 vera,
1438 3743 1591 3814 lupus
1615 3744 1785 3816 magis
1813 3746 1960 3817 gregi
1981 3762 2138 3816 quam

546 3841 730 3888 Custos
759 3831 979 3890 eﬂectus
1001 3848 1114 3904 est;
1149 3845 1203 3892 et
1229 3851 1414 3909 pacem
1447 3847 1470 3876 ο
1504 3837 1626 3894 ﬁdei
1652 3853 1808 3909 quam
1837 3840 1886 3894 in
1915 3840 2140 3894 creden-

547 3923 677 3980 tium
711 3925 958 3982 cordibus
994 3927 1252 3984 debuerat
1302 3929 1622 3996 acecndere,
1655 3931 1916 4000 pravitate
1957 3930 2139 3986 cordis

545 4019 626 4072 sui
655 4019 950 4075 conabatur
980 4022 1344 4093 exstinguere.
1373 4022 1554 4079 Sancti
1588 4039 1715 4078 vero
1739 4024 1830 4078 Dei
1860 4025 1961 4078 alia
1989 4026 2135 4094 signa

546 4111 602 4164 in
632 4111 840 4182 populis
866 4114 1030 4168 multa
1063 4113 1327 4182 fecerunt,
1358 4126 1410 4172 et
1438 4123 1552 4172 erat
1581 4131 1684 4170 vox
1712 4131 1814 4170 una
1846 4116 2024 4187 populi
2053 4117 2139 4172 di-

549 4205 722 4258 centis
748 4222 764 4260 :
797 4205 965 4262 Verus
997 4207 1137 4263 Deus
1167 4208 1346 4276 Pater,
1386 4224 1547 4265 verus
1575 4209 1713 4264 Deus
1743 4208 1928 4280 Filius,
1981 4225 2138 4266 verus

548 4293 690 4350 Deus
712 4295 942 4366 Spiritus
968 4309 1206 4367 sanctus,
1237 4316 1340 4355 una
1373 4301 1476 4354 ﬁde
1505 4301 1783 4368 colendus,
1813 4316 1918 4358 uno
1947 4303 2137 4359 timore

549 4391 889 4458 metuendus,
918 4393 1215 4466 eodemque
1246 4395 1448 4450 honore
1475 4397 1830 4451 venerandus.
1865 4396 1995 4452 Nam
2017 4412 2136 4468 qua:

551 4482 742 4554 Cyrola
781 4485 994 4552 asserit,
1026 4485 1158 4542 falsa
1187 4502 1308 4543 esse
1337 4488 1548 4544 cunctis
1578 4496 1663 4544 est
1692 4489 2054 4545 manifestum.

2249 3373 2341 3441 qui
2373 3369 2464 3426 diu
2497 3369 2564 3426 de
2595 3379 2905 3426 sanctorum
2957 3371 3212 3440 sanguine
3245 3379 3426 3438 pastus
3475 3369 3680 3440 fuerat,
3717 3387 3838 3441 pro-

2249 3463 2376 3531 priis
2417 3476 2478 3518 se
2521 3463 2789 3516 morsibus
2839 3459 3112 3515 laniabat:
3148 3460 3198 3514 in
3248 3475 3355 3530 quo
3393 3461 3554 3515 etiam
3601 3463 3837 3518 cruciatu

2248 3554 2406 3608 vitam
2438 3553 2707 3626 indignant
2735 3553 2876 3622 justa
2911 3563 3084 3607 morte
3127 3553 3320 3607 ﬁnivit.
3347 3552 3480 3608 Huic
3508 3552 3837 3608 Childericus

2253 3645 2273 3686 ί
2303 3650 2592 3713 successit,
2627 3664 2732 3718 quo
2773 3648 3044 3713 defuncto,
3080 3645 3413 3702 Gelesimiris
3457 3661 3680 3717 regnum
3724 3662 3837 3702 sus-

2247 3742 2395 3804 cipit.
2443 3741 2561 3811 lpse
2604 3755 2815 3813 quoque
2863 3755 2892 3794 a
2942 3739 3209 3810 republica
3242 3748 3267 3786 8
3313 3749 3628 3811 superatus,
3675 3741 3836 3796 vitam

2248 3834 2716 3906 priucipatumque
2749 3832 2920 3888 ﬁnivit
2948 3851 2961 3888 :
2993 3839 3047 3887 et
3077 3832 3154 3887 sic
3201 3847 3421 3903 regnum
3471 3832 3668 3888 decidit
3700 3831 3837 3889 Vana

2247 3927 2516 3981 dalorum.

2321 4021 2422 4092 51
2460 4019 2545 4073 IV.
2579 4018 2750 4074 Multa:
2782 4018 2925 4074 enim
2960 4011 3193 4074 haereses
3221 4033 3285 4074 eo
3326 4025 3568 4089 tempore
3599 4018 3692 4075 Dei
3742 4017 3837 4074 Ec-

2244 4113 2437 4169 clesias
2466 4111 2877 4184 impugnabant,
2907 4111 2974 4167 de
3017 4113 3208 4182 quibus
3241 4113 3554 4182 plerumque
3596 4112 3730 4166 ultio
3758 4113 3834 4166 di-

2244 4207 2367 4263 vina
2398 4205 2524 4262 data
2554 4215 2655 4261 est.
2698 4205 2829 4260 Nam
2876 4214 2933 4260 et
2973 4204 3326 4260 Athanaricus
3379 4204 3700 4259 Gotthorum
3747 4219 3836 4260 rex

2244 4316 2492 4371 magnam
2545 4299 2800 4356 excitavit
2829 4299 3253 4369 persecutionem
3287 4315 3299 4352 :
3333 4296 3423 4368 qui
3456 4298 3653 4352 multos
3683 4297 3836 4352 Citri-

2244 4396 2538 4450 stianorum
2557 4434 2570 4459 ,
2599 4393 2834 4447 diversis
2865 4394 3039 4461 poenis
3065 4391 3306 4455 aﬁectos,
3341 4390 3522 4462 gladio
3550 4390 3838 4446 detrunca-

2242 4488 2366 4555 bat;
2397 4487 2490 4543 sed
2524 4484 2548 4523 δ
2579 4493 2635 4542 et
2662 4486 2950 4541 nonnullos
2981 4485 3170 4540 exsilio
3194 4483 3368 4551 datos,
3400 4488 3538 4541 fame
3568 4485 3836 4557 variisque

2243 4579 2567 4636 cruciatibus
2590 4580 2872 4636 enecabat.
2898 4578 3050 4636 Unde
3078 4580 3273 4633 factum
3300 4588 3413 4646 est,
3439 4589 3496 4634 ut
3524 4579 3837 4638 imminente

623 4640 821 4697 “dens
846 4652 1022 4752 “at?”
1056 4643 1506 4752 "Pn‘."icus"€f‘t
1539 4648 1862 4752 θξδθηίξητῗε
1888 4663 2011 4705 δηδθ
2039 4664 2132 4752 ηεξ
2159 4679 2214 4741 Β
2234 4673 2436 4744 judicio
2486 4673 2616 4739 Dei,
2659 4669 2758 4744 pro
2797 4673 3058 4728 eﬂ‘usione
3102 4672 3378 4742 sanguinis
3415 4671 3546 4743 justi
3595 4688 3625 4726 a
3671 4689 3836 4745 regno

549 4748 854 4794 sanctorum
880 4739 1037 4795 ﬁdem
1062 4739 1347 4810 gloriosam
1371 4740 1544 4797 taiiter
1565 4741 1854 4809 denudari,
1879 4757 1976 4798 nec
1999 4741 2130 4811 erigi

549 4843 750 4889 sectam
781 4834 1001 4904 erroris,
1035 4836 1130 4892 sed
1158 4837 1332 4907 potius
1373 4835 1607 4908 destrui,
1653 4837 1998 4908 fraudemque
2025 4835 2134 4908 50

622 5000 647 5028 ιι
678 4989 812 5047 Cod.
837 4991 1040 5048 Bellov.
1063 4995 1272 5050 caeteris
1296 4995 1500 5050 avulsis
1529 4993 1714 5064 incipit
1734 4995 1802 5050 ab
1827 4994 1905 5048 his
1929 4993 2127 5060 verbis,

548 5065 834 5138 patefactus
865 5067 917 5118 in
918 5066 1163 5138 publica.
1197 5066 1328 5138 Tum
1361 5084 1477 5137 qua:
1509 5079 1806 5138 sequuntur
1852 5079 2020 5138 usque
2063 5065 2130 5138 ad

552 5138 666 5190 haec
694 5137 882 5200 Verba,
917 5136 1056 5190 Tunc
1085 5137 1246 5191 sancti
1287 5136 1406 5203 Dei,
1437 5136 1632 5193 desunt
1674 5139 1726 5192 in
1769 5137 1957 5192 eodem
2003 5136 2126 5190 cod.

551 5205 717 5278 Porro
741 5207 930 5261 similis
968 5209 1088 5262 huic
1118 5209 1347 5262 Historia
1383 5210 1671 5278 Leovigildi
1717 5208 2046 5277 temporibus
2081 5211 2131 5261 in

554 5277 803 5352 hispania
827 5279 1044 5352 contigit
1063 5319 1078 5344 ,
1102 5296 1259 5352 quam
1287 5289 1469 5336 urrat
1493 5282 1606 5352 ipse
1628 5280 1916 5349 Gregorius
1940 5279 2034 5333 lib.
2068 5278 2135 5335 de

553 5347 729 5419 Gloria
757 5349 934 5412 Conf.,
965 5347 1084 5419 cap.
1114 5347 1200 5404 i5.

619 5417 648 5500 ξ’
680 5417 891 5489 Regm.,
922 5422 970 5474 vi
1008 5417 1377 5494 comprimeret.
1408 5420 1615 5489 Casin.,
1647 5420 1822 5492 digitis
1848 5421 1954 5475 suis
1997 5435 2135 5475 com-

634 5505 808 5545 meret.

550 5501 808 5558 prtmerct.

625 5570 648 5643 ξ
682 5561 839 5643 geli?
865 5565 1074 5643 faciem,
1099 5579 1196 5634 pro
1226 5566 1420 5643 facem,
1447 5565 1548 5643 nisi
1581 5563 1754 5643 fallor.

620 5631 649 5670 ά
680 5633 755 5689 De
784 5631 1040 5707 Eugenio,
1068 5631 1383 5704 cieterisque
1407 5636 1496 5692 hic
1518 5653 1548 5691 a
1579 5633 1839 5706 Gregorio
1876 5633 2126 5701 laudatis,

550 5707 773 5761 censule
805 5707 1087 5762 Historiam
1136 5707 1523 5776 persecutionis
1570 5707 1871 5762 Vandalicas
1911 5722 1939 5759 a
1975 5707 2129 5762 nobis

551 5776 777 5851 editam,
807 5794 926 5849 eap.
953 5780 1006 5844 8,
1039 5777 1128 5833 ubi
1176 5778 1293 5851 fuse
1323 5779 1389 5832 de
1422 5780 1502 5834 his
1543 5782 1770 5851 egimus,
1801 5787 1856 5836 et
1897 5778 1964 5835 de
2012 5780 2129 5848 ejus

551 5849 796 5916 sepulcro
826 5865 990 5918 prope
1022 5848 1385 5918 Albigensium
1418 5848 1628 5910 urbem.

624 5927 650 5954 ⁸
679 5919 833 5977 Anno
857 5919 981 5990 45οδ
1030 5920 1277 5994 εθᾳυθιιιί
1306 5935 1432 5980 ι’θιο
1475 5933 1780 5986 Ι-Ιιιιιιιειιιιιιι
1833 5928 1884 5982 in
1930 5922 2128 5982 Gallias

2240 4764 2616 4835 expelleretur,
2646 4773 2872 4820 etesset
2916 4763 3068 4820 exsul
3113 4780 3142 4818 a
3173 4764 3364 4832 patria,
3395 4765 3482 4834 qui
3519 4763 3614 4818 Dei
3649 4763 3834 4822 Eccle-

2239 4856 2348 4913 sias
2376 4856 2738 4927 impugnabat.
2765 4855 2915 4912 Nunc
2942 4869 3069 4912 vero
3093 4854 3157 4909 ad
3186 4853 3467 4925 superiora
3491 4853 3800 4911 redeamus.

2243 4993 2592 5065 irruptionem
2637 4996 2929 5066 contigisse
2984 4993 3172 5064 probat
3229 4992 3466 5064 Scaliger
3511 4991 3607 5048 lib.
3659 5006 3716 5047 vt
3762 4993 3830 5056 de

2245 5069 2468 5123 Emend.
2502 5076 2664 5135 temp.
3335 5101 3354 5113 ..

2320 5136 2339 5176 τ
2376 5141 2529 5209 Reg,
2569 5134 2886 5204 Hildcrirus,
2912 5137 3054 5208 quod
3086 5137 3223 5209 idem
3255 5145 3365 5202 est;
3399 5150 3524 5209 nam
3550 5134 3666 5209 istis
3697 5144 3823 5209 tem-

2239 5206 2668 5282 poribus—littera
2695 5209 2735 5263 il
2772 5206 2992 5282 perinde
3019 5207 3242 5282 sonabat
3271 5223 3331 5261 ac
3359 5206 3554 5282 nostris
3574 5206 3683 5282 Ωιι.
3713 5207 3826 5259 Cm-

2241 5278 2412 5338 ierum
2443 5297 2547 5336 non
2580 5282 2678 5335 nisi
2711 5280 3070 5335 Guutabnndo
3092 5289 3146 5333 et
3171 5279 3541 5332 Trasamundo
3573 5278 3828 5330 interme-

2239 5355 2342 5408 diis
2376 5354 2642 5408 iluuerico
2671 5353 2806 5422 patri
2836 5367 2933 5406 suo
2963 5351 3222 5422 successit
3255 5350 3587 5412 llildericus;
3634 5363 3735 5402 nec
3763 5362 3825 5422 eo

2239 5424 2512 5488 defuncto,
2555 5423 2647 5478 sed
2676 5421 2876 5493 ’pulsii,
2919 5421 3204 5476 Celisimcr
3243 5421 3820 5493 regnumdt-ccupa‘vit.

2240 5496 2439 5551 Eorum
2474 5489 2741 5550 fortunam
2777 5494 3067 5561 Procopius
3108 5501 3161 5545 et
3205 5491 3291 5544 alii
3325 5489 3654 5545 describunt.
3695 5489 3824 5544 Vide

2239 5567 2374 5622 Hist.
2404 5576 2672 5636 persecut.
2704 5564 3001 5636 Vandalica:
3027 5578 3055 5615 a
3084 5562 3235 5636 nobis
3257 5563 3486 5636 editam,
3509 5576 3635 5636 cap.
3661 5562 3750 5636 ιε.

2313 5649 2337 5686 8
2374 5632 2426 5692 ld
2459 5648 2540 5694 est
2565 5654 2593 5692 a
2628 5637 2878 5692 Belisario
2919 5635 3125 5689 famoso
3152 5634 3284 5688 duce
3328 5632 3613 5688 Justiniaui
3658 5634 3824 5703 impeo

2234 5711 2448 5766 ratoris.

2313 5779 2341 5818 ιι
2375 5785 2496 5836 Ilaec
2517 5795 2683 5851 usque
2705 5777 2770 5832 ad
2796 5777 2927 5851 unde
2947 5777 3140 5851 desunt
3164 5778 3213 5832 in
3239 5793 3366 5851 mss.
3390 5776 3444 5851 2.
3473 5775 3639 5851 Porro
3661 5775 3823 5830 Atha-

2236 5854 2402 5908 narici
2431 5847 2857 5920 persecutionem
2884 5848 3204 5918 descriptam
3240 5849 3403 5920 habes
3428 5849 3478 5902 iu
3505 5847 3660 5920 AAetis
3681 5864 3823 5920 mar-

2239 5931 2414 5993 tyrum
2432 5917 2685 5993 Sinceris,
2712 5937 2832 5992 pag.
2856 5920 2983 5988 670,
3010 5917 3097 5977 ubi
3121 5923 3189 5978 de
3209 5921 3268 5978 S.
3294 5919 3432 5978 Saba
3453 5917 3518 5974 ad
3543 5933 3670 5974 ann.
3696 5917 3819 5982 572,
