4028 6342
224 325 332 385 ἰξΠ

1094 322 1414 382 HISTORIA
1451 319 1898 383 FRANCORUM.
1944 320 2149 383 LIBER
2186 322 2567 387 SECUNDUS.

3399 330 3499 395 If8

295 429 362 486 γ.
396 426 561 500 Igitur
581 436 765 480 rumor
784 427 901 480 erat
926 420 1149 479 Chunos
1172 430 1201 461 ι
1232 423 1284 477 in
1308 422 1506 478 Gallias
1533 422 1671 477 velle
1701 436 1823 492 pro-
1847 429 1899 485 Α
1926 425 2210 491 accedens,
2244 426 2453 480 modica
2485 427 2721 494 pulsatus
2750 423 2896 482 febre
2924 428 3149 484 recessit
3172 443 3202 484 a
3232 443 3455 501 corpore
3479 449 3495 491 :

218 537 498 592 rumpere.
542 520 669 575 Erat
713 527 891 572 autem
934 523 1063 571 tunc
1094 517 1350 587 temporis
1394 516 1533 585 apud
1567 516 1813 585 Tungros

219 615 477 685 Oppidum
521 608 804 666 Aravatius
833 607 861 645 δ
904 607 1118 663 eximiae
1160 607 1460 661 sanctitatis
1505 606 1810 677 episcopus,

222 708 312 777 qui
344 703 539 775 vigiliis
580 718 642 758 ac
689 699 902 772 jejuniis
948 715 1167 767 vacans,
1218 699 1407 754 crebro
1458 700 1810 770 lacrymarum

224 798 396 853 imbre
436 794 704 865 perl'tisus,
741 790 950 846 Domini
998 791 1419 846 misericordiam
1467 792 1806 861 precabatur,

223 907 291 944 ne
339 896 568 957 unquam
596 893 807 955 gentem
841 883 974 937 hanc
1006 882 1366 950 incredulam,
1400 896 1568 953 seque
1596 897 1811 952 semper

225 979 515 1050 indignam,
538 978 590 1031 in
616 975 817 1032 Gallias
842 974 1029 1029 venire
1056 973 1409 1043 permitteret.
1440 974 1545 1028 Sed
1571 975 1811 1030 sentiens

228 1088 324 1142 per
352 1070 631 1139 spiritum,
664 1083 762 1138 pro
782 1066 992 1123 delictis
1022 1066 1235 1136 pepuli,
1269 1065 1368 1120 sibi
1398 1064 1498 1120 hoc
1520 1080 1626 1119 non
1650 1066 1812 1122 fuisse

222 1176 571 1227 concessum,
600 1159 881 1213 consilium
913 1158 1097 1211 habuit
1125 1157 1409 1225 expetendi
1444 1168 1466 1195 ε
1494 1158 1677 1211 urbem
1707 1157 1813 1210 Ro-

225 1270 472 1319 manam;
505 1252 742 1318 scilicet,
768 1261 826 1307 ut
856 1251 1117 1319 atljunctis
1141 1249 1244 1304 sibi
1269 1251 1576 1319 apostolicae
1598 1251 1810 1305 virtutis

223 1345 554 1416 patrociniis,
585 1359 704 1413 quas
752 1342 1023 1396 humiliter
1066 1341 1133 1394 ad
1183 1342 1463 1394 Dominum
1507 1340 1808 1411 ﬂagitabat,

227 1445 523 1491 mereretur
556 1434 762 1488 facilius
788 1433 1051 1487 obtinere.
1086 1434 1362 1486 Accedens
1400 1448 1527 1503 ergo
1558 1433 1623 1486 ad
1670 1434 1809 1490 beati

228 1527 454 1597 apostoli
503 1523 794 1592 tumulum,
825 1524 1212 1592 deprecabatur
1246 1524 1502 1577 auxilium
1554 1523 1811 1579 bonitatis

226 1616 364 1689 ejus,
394 1618 446 1673 in
488 1617 652 1672 multa
682 1617 1024 1681 abstinentia,
1058 1614 1286 1667 maxima
1319 1614 1492 1668 inedia
1526 1629 1585 1670 sc
1612 1629 1813 1669 consu-

226 1724 413 1777 mens;
443 1709 514 1763 ita
543 1716 599 1763 ut
626 1708 789 1763 biduo
837 1705 1118 1773 triduoque
1146 1704 1263 1760 sine
1292 1705 1402 1759 ullo
1430 1705 1547 1759 cibo
1574 1714 1813 1775 potuque

227 1810 507 1866 maneret,
536 1813 641 1854 nec
677 1804 821 1852 esset
861 1796 1195 1851 intervallum
1239 1795 1483 1864 aliquod,
1529 1796 1579 1848 in
1611 1812 1715 1865 quo
1743 1795 1811 1851 ab

225 1894 469 1948 oratione
495 1897 751 1946 Cessaret.
784 1889 1024 1958 Cumque
1053 1888 1127 1942 ibi
1158 1902 1250 1956 per
1278 1886 1565 1941 multorum
1599 1888 1809 1942 dierum

224 1986 396 2058 spatia
419 1984 475 2040 in
502 1985 591 2039 tali
618 1982 908 2039 afflictione
937 1989 1259 2047 moraretur,
1290 1979 1457 2035 fertur
1479 1979 1580 2034 hoc
1600 1995 1628 2033 a
1657 1979 1812 2036 beato

225 2076 468 2149 apostolo
495 2075 767 2143 accepisse
796 2087 1113 2142 responsum
1140 2088 1152 2124 :
1184 2072 1318 2137 Quid
1352 2086 1456 2135 me,
1481 2072 1561 2125 vir
1587 2075 1814 2128 sanctis-

226 2172 382 2237 sime,
417 2169 520 2240 52
561 2165 862 2236 inquietas?
896 2166 1030 2219 Ecce
1068 2164 1208 2217 enim
1254 2164 1392 2233 apud
1438 2164 1645 2217 Domini
1678 2164 1813 2218 deli-

226 2263 557 2323 berationem
601 2271 821 2330 prorsus
861 2258 1124 2311 sancitum
1152 2264 1236 2309 est
1273 2256 1490 2311 Chunos
1522 2256 1571 2309 in
1613 2256 1812 2311 Gallias

230 2353 508 2419 advenire,
536 2365 734 2421 easque
776 2351 1010 2403 maxima
1058 2356 1373 2417 tempestate
1406 2347 1602 2402 debere
1649 2348 1814 2416 depo-

226 2446 419 2517 pulari.
450 2445 564 2499 Non
598 2445 759 2513 igitur
801 2456 953 2496 sume
982 2440 1263 2496 consilium
1286 2481 1300 2507 ,
1333 2439 1573 2493 accelera
1615 2441 1815 2494 veloci-

228 2548 331 2604 ter,
362 2537 547 2591 ordina
575 2536 793 2591 domum
825 2545 965 2589 tuam
988 2574 1004 2601 ,
1038 2533 1361 2603 sepulturam
1395 2547 1693 2602 compone:
1727 2547 1811 2589 rc-

224 2628 381 2699 quire
412 2626 723 2682 linteamina
755 2625 975 2682 munda.
1004 2625 1143 2679 Ecce
1172 2624 1315 2679 enim
1349 2624 1601 2695 migrabis
1630 2641 1659 2680 a
1690 2640 1811 2680 coro

226 2732 378 2785 pore,
408 2732 508 2771 nec
538 2715 791 2770 videbunt
832 2715 970 2769 oeuli
1013 2716 1087 2769 tui
1134 2716 1273 2769 mala
1304 2731 1420 2785 qua:
1454 2716 1646 2770 facturi
1686 2724 1813 2774 sunt

224 2809 398 2869 Chuni
431 2810 482 2864 in
514 2807 731 2877 Galliis,
748 2810 886 2864 sicut
913 2808 1122 2864 locutus
1148 2819 1228 2864 est
1259 2809 1511 2863 Dominus
1547 2811 1687 2864 Deus
1715 2825 1813 2865 no-

224 2912 359 2960 ster.
395 2902 506 2957 Hoc
532 2918 560 2955 a
591 2910 777 2958 sancto
805 2902 1046 2970 apostolo
1087 2903 1325 2972 pontifex
1378 2917 1637 2972 responso
1684 2918 1809 2958 sus-

225 3009 402 3067 cepto,
434 2997 536 3054 iter
584 2997 883 3064 accelerat,
921 2995 1226 3066 Galliasque
1272 2997 1527 3051 velociter
1561 2998 1757 3065 repetit
1790 3012 1805 3051 :

227 3090 554 3160 veniensque
579 3091 645 3145 ad
676 3090 859 3145 urbem
885 3090 1249 3159 Tungrorum,
1281 3105 1395 3158 quae
1427 3097 1580 3144 erant
1620 3104 1812 3145 neces-

1918 515 2237 586 ablntusqne
2279 532 2308 570 a
2356 518 2622 583 fidelibus,
2651 518 2796 588 juxta
2840 522 3011 587 ipsum
3050 538 3294 593 aggerrm
3330 525 3501 592 publi-

1917 624 2037 661 cum
2066 617 2147 661 est
2173 608 2434 674 sepultus.
2462 609 2628 677 Cujus
2659 612 2871 667 beatum
2902 629 3096 682 corpus
3122 616 3349 684 qualiter
3381 627 3501 685 post

1916 703 2203 757 multorum
2232 712 2527 771 temporum
2559 706 2727 774 spatia
2759 707 2829 761 sit
2860 708 3202 778 translatum,
3226 708 3279 766 in
3309 711 3445 767 libro
3473 710 3495 752 ί

1917 797 2294 852 Miraculorum
2320 798 2651 866 scripsimus.

1989 889 2074 943 Vl.
2110 889 2271 959 Igitur
2301 890 2473 944 Chuni
2520 906 2547 943 a
2582 891 2871 947 Pannoniis
2916 894 3153 964 egressi,
3198 901 3254 951 ut
3281 896 3498 965 quidam

1915 981 2121 1051 ferunt,
2156 982 2206 1036 in
2252 983 2365 1054 ipsa
2396 983 2564 1035 sancti
2599 982 2813 1037 Pascha:
2840 985 3016 1052 vigilia
3039 1022 3055 1049 ,
3086 984 3151 1038 ad
3186 985 3497 1042 Mettensem

1916 1077 2098 1129 urbem
2120 1115 2135 1139 ,
2168 1074 2371 1144 reliqua
2419 1073 2813 1142 depopulando,
2846 1076 3195 1142 perveniunt,
3224 1079 3503 1131 tradentes

1915 1166 2097 1221 urbem
2144 1166 2411 1227 incendio,
2440 1176 2494 1220 et
2534 1168 2785 1235 populum
2830 1166 2881 1219 in
2912 1180 3005 1221 ore
3033 1167 3197 1235 gladii
3227 1169 3500 1223 trucidan-

1918 1270 2019 1324 tcs,
2070 1260 2322 1329 ipsosque
2369 1259 2677 1321 sacerdotes
2727 1258 2937 1312 Domini
2988 1269 3112 1313 ante
3154 1270 3497 1315 sacrosancta

1917 1352 2019 1423 53
2049 1350 2236 1405 altaria
2287 1350 2635 1419 perimentes.
2680 1348 2789 1403 Nec
2832 1349 3090 1403 remansit
3138 1348 3189 1403 in
3238 1365 3300 1404 ea
3350 1351 3501 1405 locus

1914 1441 2142 1505 inustus,
2175 1450 2367 1510 prater
2395 1442 2687 1494 oratorium
2716 1439 2855 1493 beati
2879 1439 3135 1508 Stephani
3167 1440 3323 1507 primi
3357 1456 3501 1495 mar-

1916 1533 2047 1603 tyris
2076 1548 2138 1586 ac
2178 1532 2372 1586 levitas.
2410 1532 2485 1586 De
2531 1547 2637 1600 quo
2679 1534 2936 1597 oratorio,
2970 1546 3090 1600 quae
3121 1546 3150 1584 a
3181 1532 3497 1600 quibusdam

1914 1622 2119 1688 audivi,
2154 1637 2373 1676 narrare
2403 1636 2509 1676 non
2539 1620 2742 1675 distuli.
2775 1621 2939 1676 Aiunt
2981 1622 3158 1688 enim,
3193 1622 3499 1691 priusquam

1915 1714 1968 1769 hi
2002 1714 2183 1768 hostes
2215 1713 2488 1779 venirent,
2522 1712 2721 1767 vidisse
2745 1728 2808 1767 se
2833 1715 3001 1767 virum
3037 1714 3247 1769 fidelem
3274 1712 3324 1767 in
3350 1713 3497 1779 visu,

1839 1820 1887 1886 Β
1915 1806 2065 1875 quasi
2113 1803 2478 1860 conferentem
2525 1819 2646 1858 cum
2697 1807 2894 1859 sanctis
2940 1804 3201 1873 apostolis
3230 1804 3393 1858 Petro
3433 1817 3498 1859 ac

1914 1895 2102 1963 Paulo,
2134 1896 2347 1950 beatum
2396 1895 2609 1949 levitam
2643 1894 2971 1963 Stephanum
3014 1895 3081 1949 de
3125 1895 3227 1949 hoc
3264 1894 3496 1961 excidio,

1914 2003 1978 2042 ac
2003 1988 2306 2041 dicentem:
2340 1988 2468 2051 Uro,
2504 1985 2706 2040 domini
2754 1987 2889 2050 mei,
2924 1995 2982 2040 ut
3025 2001 3130 2039 non
3177 1986 3498 2054 permittatis

1914 2079 2133 2134 obtentu
2162 2085 2339 2132 vestro
2379 2078 2693 2133 Mettensem
2739 2078 2927 2132 urbem
2955 2077 3023 2132 ab
3054 2077 3282 2131 inimicis
3312 2079 3497 2143 exuri,

1913 2172 2034 2240 quia
2071 2171 2218 2224 locus
2247 2170 2298 2223 iu
2326 2184 2387 2223 ea
2414 2180 2497 2225 est
2528 2170 2580 2223 in
2611 2184 2719 2237 quo
2750 2171 3027 2237 parvitatis
3056 2184 3188 2223 mere
3224 2170 3440 2237 pignora
3469 2177 3496 2216 Β

1913 2261 2299 2314 continentur:
2330 2259 2426 2314 sed
2478 2259 2655 2328 potius
2684 2260 2921 2312 sentiant
2960 2273 3020 2313 se
3072 2261 3250 2328 populi
3297 2258 3499 2329 aliquid

1914 2367 1999 2405 me
2031 2366 2186 2420 posse
2213 2367 2333 2406 cum
2366 2351 2614 2405 Domino.
2661 2350 2813 2417 Quod
2853 2350 2900 2405 si
2933 2359 3134 2404 tantum
3169 2350 3371 2405 facinus
3400 2366 3495 2420 po-

1913 2445 2020 2514 puli
2048 2445 2411 2514 supercrevit,
2444 2453 2501 2499 ut
2537 2443 2678 2499 aliud
2714 2444 2827 2499 fieri
2860 2458 2965 2497 non
2999 2445 3198 2514 possit,
3229 2443 3333 2498 nisi
3366 2444 3498 2499 civi-

1914 2545 1993 2591 tas
2020 2536 2257 2590 tradatur
2284 2536 2562 2601 incendio;
2594 2535 2782 2590 saltem
2814 2535 2897 2589 vel
2928 2534 3031 2588 hoc
3059 2534 3351 2589 oratorium
3384 2548 3489 2590 non

1912 2636 2201 2683 cremetur.
2233 2626 2330 2682 Cui
2370 2627 2446 2681 illi
2476 2628 2661 2682 aiunt:
2695 2626 2844 2681 Vade
2891 2628 2942 2682 in
2975 2640 3122 2695 pace,
3151 2624 3498 2682 dilectissime

1910 2718 2097 2786 frater,
2126 2719 2415 2774 oratorium
2449 2727 2651 2772 tantum
2686 2726 2834 2773 tuum
2864 2718 3068 2774 carebit
3099 2718 3367 2773 incendio.
3396 2718 3501 2773 Pro

1913 2810 2044 2866 urbe
2081 2826 2206 2865 vero
2236 2826 2341 2866 non
2372 2810 2758 2878 obtinebimus,
2791 2813 2913 2880 quia
2946 2810 3238 2865 Dominicaa
3266 2812 3500 2866 sanctio-

1913 2903 1993 2956 nis
2020 2916 2181 2970 super
2207 2917 2322 2956 eam
2352 2903 2614 2956 sententia
2640 2902 2749 2971 jam
2782 2901 3061 2970 processit.
3095 2902 3321 2955 Invaluit
3351 2902 3495 2956 enim

1912 3004 2190 3065 peccatum
2224 2995 2434 3065 populi,
2469 3004 2521 3048 et
2550 2994 2752 3049 clamor
2782 2993 2998 3047 malitiae
3041 3007 3227 3047 eorum
3254 2991 3500 3060 ascendit

1911 3104 2092 3145 coram
2126 3088 2236 3142 Deo
2268 3104 2281 3140 :
2314 3086 2435 3141 ideo
2479 3085 2664 3140 civitas
2710 3085 2825 3141 haec
2854 3082 3178 3140 cremabitur
3223 3084 3493 3139 incendio.

226 3185 371 3241 saria
418 3185 704 3254 sepulturas
752 3198 931 3238 secum
982 3184 1139 3238 citius
1190 3174 1372 3237 levat:
1403 3182 1807 3252 valedicensque
1836 3200 1881 3264 ρ
1915 3180 2063 3236 Unde
2105 3180 2290 3250 precul
2318 3179 2478 3234 dubio
2527 3186 2642 3245 est,
2688 3178 2828 3246 quod
2879 3179 3069 3232 horum
3109 3177 3331 3233 obtentu
3363 3176 3497 3233 urbe

226 3277 459 3344 clericis,
498 3290 559 3331 ac
605 3276 827 3346 reliquis
876 3274 1087 3330 civibus
1137 3274 1300 3339 urbis,
1356 3275 1632 3329 denuntiat
1680 3288 1801 3328 cum

228 3366 355 3424 fletu
400 3376 452 3423 et
498 3367 899 3435 lamentatione,
934 3366 1057 3436 quia
1093 3381 1199 3420 non
1248 3365 1412 3420 visuri
1460 3376 1644 3421 essent
1675 3366 1809 3420 ultra

228 3459 417 3517 faciem
449 3459 606 3513 illius.
633 3459 701 3513 At
730 3460 806 3515 illi
834 3474 953 3513 cum
984 3455 1228 3512 ululatud
1261 3473 1453 3528 magno
1478 3466 1532 3512 et
1562 3457 1814 3527 lacrymis

227 3563 351 3605 eum
397 3558 795 3620 prosequentes,
847 3549 1219 3619 supplicabant
1264 3548 1452 3603 humili
1503 3563 1679 3617 prece,
1725 3548 1812 3603 di-

229 3652 449 3699 centes:
485 3642 559 3698 Ne
599 3641 942 3711 derelinquas
974 3656 1092 3709 nos,
1125 3651 1274 3711 pater
1315 3650 1531 3707 sancte;
1578 3656 1645 3696 ne
1676 3644 1814 3696 obli-

230 3734 453 3790 visearis
484 3735 687 3801 nostri,
730 3743 914 3803 pastor
941 3735 1100 3789 bone.
1140 3732 1245 3788 Sed
1276 3749 1396 3788 cum
1438 3747 1559 3787 eum
1603 3733 1816 3789 fletibus

229 3840 489 3883 revocare
525 3841 630 3881 non
661 3834 901 3896 possent,
933 3836 1147 3896 accepta
1176 3826 1548 3882 benedictione
1578 3842 1699 3882 cum
1731 3842 1818 3882 os-

229 3920 367 3976 culis
398 3920 692 3976 redierunt.
737 3919 834 3975 Hic
865 3934 989 3976 vero
1030 3920 1097 3975 ad
1137 3920 1538 3989 Trajectensem
1574 3929 1598 3958 ⁸
1630 3922 1816 3978 urbem

315 4061 341 4089 ι
374 4052 589 4123 Aliquot
618 4067 749 4108 mss.
770 4061 825 4107 et
845 4051 1004 4117 editi,
1034 4051 1240 4121 Hunos,
1273 4066 1366 4107 seu
1397 4051 1450 4105 Η
1459 4067 1637 4117 annos,
1676 4054 1816 4122 quod

232 4124 463 4195 perinde
487 4134 588 4179 est.
621 4124 677 4179 ln
706 4124 874 4194 Regio
903 4133 1079 4179 autem
1111 4123 1212 4179 hoc
1236 4134 1397 4192 caput
1421 4139 1542 4178 cum
1570 4126 1815 4193 sequenti

231 4198 407 4250 deest.

304 4264 332 4304 δ
358 4264 499 4321 Editi
520 4263 632 4320 fere
654 4279 840 4321 omnes
864 4280 981 4320 cum
1004 4265 1124 4319 cod.
1156 4263 1302 4329 Bcc.,
1328 4264 1609 4321 Servatius.
1628 4264 1813 4333 Corb.,

233 4337 524 4391 Asavatius.
551 4338 719 4402 Quem
747 4352 866 4390 cum
894 4337 1093 4405 vulgati
1124 4346 1371 4391 auctores
1417 4350 1537 4390 eum
1569 4346 1817 4407 putarent

232 4423 352 4463 esse
381 4408 679 4473 Servatium
709 4408 1048 4477 Tungrorum
1092 4407 1424 4473 antistitem,
1467 4408 1534 4461 ab
1574 4411 1811 4462 Athana-

234 4479 339 4544 sio,
370 4476 570 4533 Severo
599 4476 856 4547 Sulpicio,
887 4478 1112 4547 aliisque
1156 4480 1463 4532 auctoribus
1498 4478 1769 4533 laudatum
1794 4520 1808 4545 ,

234 4549 328 4617 qui
354 4549 584 4619 Synodis
605 4549 938 4613 Sardicensi,
973 4549 1325 4619 Ariminensi,
1357 4554 1519 4603 immo
1548 4560 1599 4604 et
1627 4550 1815 4619 Agrip-

236 4618 485 4685 pinensi,
515 4619 560 4673 si
600 4620 805 4674 sincera
849 4627 973 4673 sunt
1001 4618 1159 4687 hujus
1203 4621 1415 4674 concilii
1464 4632 1611 4686 acta,
1646 4618 1811 4673 inter-

236 4691 365 4755 fuit;
395 4692 594 4745 cladem
630 4690 916 4745 Galliarum
940 4733 953 4757 ,
987 4706 1140 4759 quam
1172 4690 1256 4744 hic
1287 4690 1576 4761 Gregorius
1610 4691 1815 4746 Hunnis

238 4761 463 4826 tribuit,
496 4761 561 4815 ad
614 4761 967 4815 Vanitalorum
1016 4763 1347 4817 incursiones
1393 4764 1589 4816 referre
1637 4764 1815 4817 conati

236 4842 393 4895 sunt;
424 4832 515 4887 sed
546 4846 662 4886 cum
696 4847 761 4886 ex
794 4832 1040 4885 omnibus
1083 4846 1211 4885 mss.
1244 4846 1378 4901 quos
1410 4833 1589 4887 videre
1638 4834 1811 4898 licuit,

240 4905 429 4956 unicus
478 4903 759 4957 Beccensis
791 4902 896 4966 hic,
924 4911 977 4957 et
1006 4904 1191 4956 unicus
1220 4905 1338 4956 cod.
1367 4902 1599 4957 Clarom.
1633 4904 1684 4957 in
1717 4904 1809 4957 lib.

234 4973 305 5028 de
340 4973 488 5028 Glor.
527 4973 707 5038 Gonf.,
752 4988 868 5040 cap.
910 4973 1011 5037 72,
1045 4974 1310 5028 Servatius
1358 4975 1616 5039 habeant;
1660 4974 1815 5028 facile

234 5059 423 5098 eorum
464 5046 743 5099 sententiae
788 5044 1091 5109 subscribo,
1116 5048 1203 5112 qui
1235 5044 1352 5097 illos
1378 5059 1407 5097 a
1439 5060 1555 5099 sese
1586 5046 1811 5099 invicem

234 5114 638 5182 distiuguendos
678 5130 797 5169 esse
836 5123 1082 5176 censent,
1115 5131 1338 5181 quorum
1365 5116 1509 5183 prior
1553 5116 1814 5170 Seruatius

234 5187 439 5242 sacculo
488 5196 675 5253 quarto
717 5187 938 5249 vixerit;
978 5188 1244 5252 posterior
1293 5201 1440 5247 vero,
1470 5186 1536 5239 de
1577 5200 1681 5255 quo
1730 5186 1815 5239 hic

235 5267 419 5310 noster
442 5255 751 5326 Gregorius,
777 5256 1076 5318 Aravatins,
1114 5270 1206 5309 seu
1245 5257 1532 5321 Asavatius,
1568 5268 1621 5309 ut
1656 5255 1813 5310 habet

233 5326 421 5391 Corb.,
453 5343 546 5382 seu
574 5329 830 5393 Arvalius,
871 5337 928 5383 ut
966 5328 1015 5380 in
1050 5326 1181 5378 libro
1208 5326 1273 5378 de
1313 5326 1489 5379 GIOrin
1528 5327 1814 5381 Confessa-

234 5412 386 5465 rum,
420 5414 536 5465 cap.
567 5398 664 5460 7’2,
691 5402 828 5452 sicut
871 5408 923 5452 et
962 5398 1099 5464 apud
1148 5396 1524 5464 Fredegarium
1555 5398 1716 5450 etiam
1760 5398 1811 5451 in
1852 5420 1859 5423 ·

234 5470 464 5523 vetustis
490 5483 619 5522 mss.
646 5470 855 5537 legitur,
885 5469 1203 5538 appellatus,
1231 5468 1427 5521 sa-culo
1449 5468 1709 5536 sequenti.
1741 5468 1814 5523 De

236 5538 341 5594 hac
364 5553 420 5593 re
444 5540 683 5594 Valesius
706 5542 819 5593 fuse
842 5542 947 5608 agit
970 5543 1020 5592 in
1048 5540 1201 5592 Praei.
1227 5540 1353 5592 tomi
1382 5538 1419 5591 ll
1445 5539 1639 5592 Histor.
1659 5538 1814 5593 Fran-

234 5624 456 5675 corum,
490 5611 578 5663 nbi
614 5610 747 5664 duos
780 5612 1023 5663 admittit.
1065 5608 1285 5663 Unicum
1330 5624 1458 5664 vero
1507 5610 1670 5664 fuisse
1702 5611 1814 5677 plu-

237 5683 387 5733 ribus
420 5682 645 5746 prohare
676 5688 898 5735 conatur
936 5681 1300 5733 IlcnSt:henius
1329 5680 1394 5732 ad
1426 5682 1565 5734 diem
1600 5680 1663 5734 15
1692 5680 1812 5734 Maii

238 5752 479 5804 Bolland.
508 5752 638 5805 Cum
674 5751 795 5804 huic
820 5750 1112 5804 difficultati
1147 5751 1473 5804 illustrandm
1514 5767 1687 5805 essent
1722 5765 1812 5805 oc-

240 5838 300 5877 tu
311 5833 481 5889 natus,
501 5821 736 5878 occurrit
756 5819 883 5876 mihi
906 5821 1043 5876 inter
1056 5819 1189 5877 alios
1207 5821 1421 5878 codices
1437 5820 1787 5880 Corbcienses

1848 4587 1895 4646 D

1915 3283 2151 3339 vastata,
2178 3272 2467 3327 oratorium
2500 3271 2790 3341 permansit
2820 3271 3061 3325 illresum.

1985 3362 2095 3418 VII.
2138 3363 2299 3443 Attila
2331 3378 2460 3417 vero
2514 3362 2823 3417 Ghunorum
2856 3377 2968 3426 rex,
3004 3376 3033 3415 a
3084 3360 3326 3416 Mettensi
3358 3361 3492 3417 urbe

1915 3456 2216 3527 egrediens,
2249 3472 2369 3511 cum
2395 3457 2589 3511 multas
2621 3456 2911 3511 Galliarum
2947 3456 3190 3511 civitates
3221 3457 3497 3527 opprime-

1916 3558 2020 3615 ret,
2051 3550 2355 3605 Aurclianis
2380 3551 2712 3620 aggreditur,
2748 3564 2973 3620 eamque
3003 3550 3235 3603 maximo
3272 3552 3500 3606 arietum

1916 3642 2145 3711 impulsu
2174 3642 2359 3697 nititur
2388 3658 2720 3712 cXpugnare.
2751 3644 2878 3697 Erat
2926 3652 3101 3697 autem
3146 3658 3211 3697 eo
3259 3652 3501 3711 tempore

1917 3734 2266 3789 beatissimus
2295 3735 2557 3799 Anianus,
2594 3736 2644 3789 in
2678 3735 2984 3804 supradicta
3033 3735 3166 3789 urbe
3196 3735 3501 3803 episcopus,

1916 3828 2002 3882 vir
2030 3828 2242 3882 eximia:
2274 3826 2590 3897 prudentiae,
2630 3843 2691 3882 ac
2739 3827 3017 3882 laudabilis
3056 3826 3374 3891 sanctitatis,
3407 3839 3501 3879 cu-

1915 3918 2004 3988 jus
2056 3919 2307 3974 virtutum
2338 3928 2488 3989 gesta
2538 3918 2815 3974 nobiscum
2850 3917 3078 3972 ﬁdeliter
3124 3917 3422 3971 retinentur
3451 3911 3500 3971 ¹³.

1918 4055 2006 4125 qui
2034 4055 2088 4110 in
2119 4062 2354 4110 nostram
2383 4055 2553 4110 sancti
2586 4055 2838 4110 Germani
2880 4053 3256 4109 bibliothecam
3292 4053 3497 4108 advecti

1919 4134 2071 4192 sunt,
2099 4142 2235 4180 unus
2257 4126 2616 4193 Meravingico
2638 4126 2943 4181 charactere
2968 4126 3153 4193 partim
3176 4165 3191 4189 ,
3224 4134 3276 4178 ct
3308 4127 3498 4193 partim

1922 4199 2161 4251 Romano
2187 4200 2252 4250 ab
2279 4197 2433 4250 annis
2454 4200 2641 4252 saltem
2664 4197 2767 4251 9210
2790 4198 3147 4266 conscriptus,
3179 4198 3234 4250 in
3258 4212 3361 4264 quo
3391 4205 3501 4251 tota

1922 4269 2035 4321 hzec
2081 4269 2320 4337 Gregorii
2370 4269 2623 4331 narratio,
2657 4278 2711 4322 et
2751 4269 2963 4336 quidem
3016 4269 3170 4335 paulo
3217 4266 3495 4335 prolixior,

1919 4341 2219 4393 continetur
2247 4340 2346 4394 sub
2374 4340 2544 4393 sancti
2576 4339 2797 4394 Servatii
2832 4340 2946 4391 vita:
2989 4338 3162 4392 titulo.
3193 4338 3246 4391 ln
3276 4352 3381 4405 quo
3411 4352 3501 4391 co-

1921 4410 2036 4464 dice
2066 4425 2333 4479 nunquam
2361 4411 2538 4476 aliter,
2564 4411 2675 4464 sive
2703 4413 2750 4463 in
2782 4408 2896 4463 Vi'ta
2920 4410 3054 4477 ipsa,
3077 4411 3189 4463 sive
3210 4410 3260 4462 in
3287 4409 3495 4477 Hymno

1923 4482 2160 4551 antiquo,
2184 4483 2270 4549 qui
2288 4484 2335 4535 ei
2362 4480 2716 4550 subjungitur,
2741 4480 2827 4534 hic
2849 4489 3065 4534 sanctus
3084 4482 3159 4534 vir
3181 4484 3500 4551 appellatur,

1922 4548 2078 4620 quam
2114 4548 2395 4607 Servatius.
2428 4548 2578 4606 Unde
2604 4551 2937 4605 inferendum
2965 4560 3079 4616 est,
3117 4551 3195 4605 vel
3226 4552 3395 4620 ipsum
3426 4548 3504 4602 bi-

1921 4618 2189 4677 nominem
2232 4622 2416 4685 fuisse,
2450 4633 2540 4677 aut
2585 4632 2731 4677 certe
2756 4621 2867 4690 jam
2911 4632 3038 4675 tunc
3080 4620 3338 4689 temporis
3369 4618 3504 4671 Ara-

1918 4694 2041 4746 vatii
2075 4708 2264 4748 nomen
2294 4697 2345 4748 in
2376 4694 2674 4749 Servatium
2709 4691 2874 4747 fuisse
2906 4692 3243 4746 translatum.
3273 4692 3327 4744 ln
3364 4690 3505 4743 \ati-

1916 4777 2050 4818 cano
2076 4776 2126 4818 et
2162 4764 2537 4820 Vindocinensi
2567 4764 2727 4819 codd.
2764 4778 2897 4818 mss.
2930 4763 3070 4818 idem
3100 4762 3369 4817 Aravatius
3399 4774 3497 4828 ap-

1917 4835 2163 4903 pellatur.

2005 4937 2027 4965 ο
2059 4928 2275 4997 Aliquot
2301 4926 2484 4994 codd.,
2510 4927 2636 4997 cepit
2661 4936 2716 4979 ut
2738 4932 3007 4996 expeteret.

1993 5016 2018 5053 ἀ
2052 5019 2139 5071 Sic
2164 5018 2321 5073 Corb.
2352 5028 2406 5072 et
2438 5017 2603 5082 Bell.;
2633 5027 2685 5069 at
2714 5018 2891 5072 caeteri
2921 5031 3038 5071 cum
3068 5015 3242 5077 editis,
3272 5010 3491 5083 ejulatu.

1998 5123 2021 5151 °
2053 5114 2353 5183 Trajectnm
2387 5113 2588 5166 scilicet
2617 5113 2680 5165 ad
2717 5112 2914 5166 Mosam
2936 5152 2949 5174 ,
2994 5110 3211 5163 inferius
3254 5107 3486 5183 dictum,

1915 5185 2074 5255 vulgo
2104 5178 2402 5249 illustria/il,
2431 5199 2535 5253 quo
2576 5185 2730 5253 paulo
2773 5191 2891 5255 post
2935 5195 3118 5255 eversa
3153 5178 3489 5255 per_Attilam

1914 5250 2149 5323 Adriaca,
2184 5250 2515 5323 Tungrorum
2545 5250 2860 5322 episcopalis
2888 5252 3047 5307 sedes
3103 5250 3356 5304 translata
3382 5256 3495 5316 est,

1914 5342 2029 5398 quas
2061 5327 2271 5381 tandem
2303 5326 2555 5380 Leodium
2588 5325 2854 5394 migravit.

1995 5417 2013 5455 τ
2049 5418 2264 5475 Scilicet
2290 5418 2343 5473 in
2374 5417 2507 5473 libro
2531 5417 2597 5472 de
2624 5418 2806 5472 Gloria
2830 5413 3096 5477 Confess.,
3123 5425 3242 5483 cap.
3269 5411 3359 5467 72.

1990 5522 2014 5560 ε
2068 5512 2238 5567 Etiam
2272 5528 2416 5567 nunc
2458 5512 2510 5566 in
2549 5508 2735 5576 majori
2768 5505 2915 5559 urbis
2946 5505 3217 5569 Mettensjs
3264 5497 3494 5561 ecclesia

1916 5596 2101 5639 sancto
2156 5586 2427 5652 Stephano
2476 5582 2653 5633 dicata
2681 5588 2965 5632 servantur
3007 5579 3207 5649 aliquot
3258 5576 3499 5646 reliquias

1918 5656 2085 5710 sancti
2112 5653 2549 5722 Protomartyris.

1993 5750 2019 5788 ¹ι
2062 5736 2189 5818 Ejus
2227 5750 2421 5802 festum
2472 5746 2662 5818 colitur
2689 5743 2867 5818 die“
2898 5742 3353 5818 Novenibris.__l)e_
3404 5740 3505 5794 hac

1921 5814 2196 5878 obsidione
2223 5819 2343 5876 vide
2366 5816 2692 5883 Apollinaris
2714 5815 2921 5875 Sidonii
2952 5817 3109 5886 epist.
3148 5814 3213 5866 1.3
3237 5814 3357 5868 libri
3384 5823 3504 5878 vui,
