4028 6342
230 293 338 349 ἓοι

1137 281 1458 341 HISTORIA
1503 275 1952 336 FRANCUHUM.
1993 274 2194 330 LIBER
2228 273 2607 333 SECUNDUS.
3214 299 3241 311 -

3403 280 3512 335 202

230 408 308 464 de
334 412 493 462 nocte
515 417 641 459 vero
665 411 1020 470 consurgens,
1053 397 1419 454 relucentibus
1442 410 1534 465 per
1565 403 1671 448 tota
1694 392 1825 446 aedis
1856 395 1901 452 Α
1932 405 2238 462 excessum,
2266 391 2688 448 Valentinianum
2720 391 3020 465 puerulum,
3053 405 3160 448 uno
3189 401 3396 449 tantum
3422 395 3512 451 ln-

231 500 407 570 spatia
429 497 658 570 lychnis,
680 509 876 563 pavore
909 492 1258 560 perterritus,
1294 490 1486 558 quaerit
1513 487 1715 541 aditum
1751 486 1832 538 fo-

235 595 312 647 ris
338 599 396 645 ut
416 588 668 643 evaderet
699 597 746 638 α.
779 585 974 639 Verum
1005 583 1091 638 ubi
1125 583 1278 652 primi
1306 593 1464 650 atque
1491 572 1714 633 alterius
1744 592 1830 631 os.

234 685 293 737 tii
317 683 550 737 claustra
581 680 776 747 pulsat,
809 686 868 730 et
892 676 1142 730 obserata
1173 683 1367 729 cuncta
1390 673 1684 741 cognoscit,
1713 675 1830 726 solo

232 773 510 834 decubuit,
542 771 778 839 trepidus
812 767 1127 836 praestolans
1170 767 1371 830 locum,
1409 774 1467 817 ut
1507 765 1832 818 convenien-

236 867 380 920 tibus
410 864 473 916 ad
507 865 801 918 matutinos
841 860 1068 930 hymnos
1096 857 1328 928 populis,
1362 858 1447 910 hic
1480 857 1612 909 liber
1641 857 1829 908 absce-

235 956 411 1009 deret.
447 957 650 1007 Interea
680 951 813 1004 vidit
835 951 967 1003 duas
1002 963 1262 1017 personas
1287 961 1348 1001 se
1397 947 1624 1000 invicem
1666 961 1830 1000 vene-

236 1049 482 1103 rabiliter
508 1048 825 1105 salutantes.
857 1042 1227 1110 sollicitusque
1254 1041 1322 1094 de
1343 1041 1456 1095 suis
1469 1054 1590 1095 esse
1610 1052 1830 1107 prospe-

236 1141 507 1194 ritatibus.
540 1138 689 1192 Tunc
708 1136 798 1205 qui
827 1144 944 1190 erat
973 1134 1174 1197 senior,
1206 1133 1273 1186 ita
1289 1146 1514 1186 exorsus
1542 1142 1655 1184 est:
1686 1129 1831 1185 Uxo-

236 1233 316 1286 ris
349 1231 494 1285 Aetii
526 1232 787 1298 lacrytnas
833 1226 1037 1280 diutius
1067 1224 1330 1278 sustinere
1361 1237 1464 1277 non
1495 1223 1688 1292 patior.
1725 1223 1827 1277 Pe-

241 1325 308 1375 tit
331 1322 476 1376 enitn
504 1318 754 1382 assidue,
788 1325 845 1370 ut
869 1317 1039 1370 virum
1069 1329 1226 1369 suum
1257 1314 1326 1369 de
1366 1314 1554 1368 Galliis
1576 1312 1826 1366 reducam

238 1411 589 1476 incolumem,
621 1423 742 1462 cum
782 1406 928 1460 aliud
956 1406 1160 1459 exinde
1202 1405 1394 1458 fuisset
1420 1404 1558 1473 apud
1589 1405 1827 1457 divinum

236 1505 494 1576 iudicium
539 1502 896 1574 praefinitum:
931 1499 1025 1554 sed
1054 1509 1234 1553 tamen
1275 1498 1482 1552 obtinui
1513 1498 1827 1552 immensam

239 1597 496 1664 pietatem
518 1609 621 1664 pro
651 1594 759 1646 vita
792 1591 958 1646 illius.
991 1590 1060 1644 Et
1086 1605 1214 1644 ecce
1239 1605 1379 1643 nunc
1407 1588 1533 1642 illuc
1565 1603 1792 1656 propero
1813 1628 1826 1650 ,

238 1688 506 1744 viventem
535 1702 657 1743 eum
687 1684 885 1740 exinde
929 1683 1268 1737 reducturus.
1317 1681 1697 1735 Verumtamen
1727 1680 1827 1732 ob-

1932 495 2047 538 stro
2097 493 2335 554 peracto,
2368 486 2745 542 aconsobrino
2788 484 3089 542 Theodosio
3137 487 3512 558 imperatorem

1935 577 2099 632 fuisse
2128 588 2393 646 creatum,
2446 589 2503 634 et
2557 580 2694 647 apud
2728 580 2912 634 urbem
2967 579 3191 635 Romam
3227 591 3513 654 tyrannum

1931 669 2192 725 Joannem
2224 670 2276 724 iu
2308 671 2589 740 imperium
2639 673 2959 738 surrexisse,
2991 673 3297 744 legatosque
3326 675 3443 744 ejus
3481 693 3512 731 a

1931 761 2151 817 (lassare
2177 763 2319 817 dicat
2350 763 2516 817 fuisse
2559 763 2862 833 despectos,
2897 766 3120 836 adjecit:
3162 786 3179 818 ι
3218 769 3351 824 Itum
3398 769 3516 826 haec

1932 853 2002 907 ita
2028 867 2362 922 gererentur,
2385 856 2542 926 legati
2573 857 2637 909 ad
2670 869 2950 929 tyrannum
2975 861 3174 915 reversi
3197 871 3342 930 sunt,
3369 843 3545 934 man-2'

1931 946 2057 1000 data
2082 949 2345 1002 atrociora
2381 961 2656 1014 portantes
2691 949 2708 988 ί
2740 971 2751 1004 :
2801 954 2994 1021 quibus
3041 966 3312 1023 permotus
3353 955 3516 1010 Joan-

1933 1056 2061 1104 nes,
2106 1042 2318 1095 Aetium
2348 1040 2399 1095 id
2433 1041 2691 1110 temporis
2743 1055 2923 1096 curam
2982 1044 3161 1112 palatii
3215 1055 3512 1115 gerentem,

1933 1148 2055 1188 cum
2085 1133 2285 1202 ingenti
2314 1133 2428 1186 auri
2461 1131 2696 1200 pondere
2723 1131 2790 1184 ad
2815 1131 3030 1186 Chunos
3055 1134 3386 1203 transmittit,
3421 1152 3516 1189 no-

1935 1231 2018 1276 tos
2051 1224 2154 1276 sibi
2197 1222 2493 1277 obsidiatus
2519 1220 2602 1275 sui
2633 1230 2894 1288 tempore,
2926 1231 2981 1276 ct
3012 1224 3257 1278 familiari
3285 1226 3514 1280 amicitia

1932 1311 2229 1375 devinctos.
2263 1327 2383 1366 cum
2431 1311 2695 1366 mandatis
2739 1311 3080 1380 huiusmodi:
3128 1315 3258 1368 Cum
3289 1319 3516 1384 primum

1936 1415 2115 1475 partes
2143 1405 2383 1459 adversae
2434 1404 2636 1458 Italiam
2666 1403 2923 1474 ingressa:
2953 1403 3148 1469 forent,
3181 1405 3279 1472 ipsi
3307 1422 3334 1459 a
3367 1417 3517 1478 tergo

1934 1498 2276 1552 adorirentur
2302 1539 2315 1561 ,
2365 1511 2426 1551 se
2451 1511 2479 1550 a
2510 1496 2686 1551 fronte
2735 1506 3035 1550 venturum.
3075 1497 3139 1550 Et
3168 1498 3286 1565 quia
3315 1499 3382 1553 de
3413 1500 3519 1554 hoc

1933 1590 2048 1642 viro
2076 1599 2463 1659 consequenter
2489 1590 2637 1658 plura
2670 1589 3016 1644 memoranda
3045 1599 3190 1655 Sunt,
3213 1590 3328 1660 ejus
3349 1607 3516 1662 genus

1934 1695 2219 1748 moresque
2248 1680 2413 1733 ordiri
2443 1681 2633 1746 placet.
2661 1680 2993 1734 Gaudentius
3025 1689 3194 1748 pater,
3223 1683 3455 1752 Scythiae
3487 1691 3515 1731 ε

249 1789 440 1844 testor,
475 1787 532 1832 ut
577 1777 668 1847 qui
716 1779 828 1829 haec
855 1773 1085 1826 audierit
1115 1772 1296 1834 sileat,
1347 1785 1706 1839 arcanumque
1737 1770 1826 1823 Dei
1865 1776 1907 1833 Β
1941 1775 2229 1842 provincia:
2257 1774 2507 1842 primoris
2537 1773 2636 1827 loci
2657 1813 2672 1837 ,
2721 1788 2752 1827 a
2782 1773 3133 1827 domesticatu
3163 1789 3386 1828 exorsus
3413 1776 3518 1829 mi-

237 1873 456 1940 vulgare
482 1886 586 1925 non
609 1869 830 1932 audeat,
860 1883 928 1918 ue
960 1874 1140 1932 pereat
1171 1864 1426 1917 velociter
1453 1877 1484 1915 a
1529 1871 1694 1916 terra.
1727 1861 1824 1915 Ille

240 1973 424 2018 autem
451 1963 565 2016 lucc
589 1959 838 2019 audiens,
877 1956 1034 2010 silere
1060 1970 1163 2007 non
1195 1953 1400 2022 potuit:
1434 1951 1527 2005 sed
1553 1966 1673 2006 mox
1715 1952 1831 2005 illu-

239 2062 495 2112 cescente
523 2053 700 2116 caelo,
761 2050 940 2104 omuia
986 2062 1105 2116 qua:
1153 2031 1403 2099 audierat
1460 2043 1831 2098 matrifamilia:

236 2148 453 2219 pandit:
486 2145 817 2216 expletisque
844 2140 1188 2197 sermoitibus
1233 2138 1436 2194 lumine
1474 2138 1648 2192 caruit
1695 2152 1826 2192 ocu-

240 2242 440 2297 lorum.

311 2330 482 2399 Igitur
507 2328 695 2383 Aelius
716 2340 836 2380 cum
866 2325 1078 2380 Gottliis
1106 2321 1434 2390 Francisque
1462 2319 1783 2386 coniunctus
1811 2361 1827 2384 ,

239 2421 502 2475 adversus
552 2419 840 2472 Attilanem
873 2413 1134 2484 conﬂigit.
1175 2412 1360 2467 Atille
1389 2411 1454 2464 ad
1501 2409 1832 2465 internecio-

244 2529 370 2568 nem
404 2511 600 2566 vastari
630 2525 783 2564 suum
814 2522 1045 2562 cernens
1064 2503 1383 2568 exercitum,
1409 2503 1526 2571 fuga
1553 2499 1828 2555 dilabitur.

240 2605 560 2661 Theodorus
588 2618 715 2657 vero
746 2601 1064 2656 Gottborum
1115 2613 1206 2652 rex
1243 2597 1366 2651 huic
1396 2595 1676 2650 certamini
1704 2610 1828 2648 suc-

239 2695 442 2752 cubuit.
477 2694 608 2748 Nam
663 2693 839 2746 nullus
887 2691 1120 2758 ambigat
1173 2687 1490 2742 Cbunorum
1533 2687 1828 2741 exercitum

243 2787 476 2841 obtentu
508 2783 785 2837 memorati
816 2778 1074 2833 antistitis
1096 2778 1256 2832 fuisse
1287 2777 1550 2846 fugatum.
1603 2774 1830 2830 Verum-

243 2888 428 2932 tamen
478 2876 663 2930 Aetius
692 2874 946 2942 patricius
973 2887 1095 2926 cum
1140 2869 1499 2925 Thorismodo
1553 2867 1829 2923 victoriam

243 2971 498 3032 obtinuit,
550 2968 838 3034 hostesque
881 2965 1101 3019 delevit.
1153 2963 1484 3032 Expletoque
1526 2961 1708 3026 bello,
1759 2961 1833 3014 ait

243 3061 430 3116 Aetius
473 3059 862 3114 'l‘ltorismodo:
920 3057 1128 3110 Festina
1160 3055 1419 3110 velociter
1447 3054 1624 3109 redire
1655 3053 1705 3106 in
1739 3069 1831 3122 pa-

1936 1865 2124 1929 litiam,
2157 1879 2326 1933 usque
2367 1863 2431 1917 ad
2462 1864 2750 1934 magisterii
2793 1865 3029 1932 equitum
3059 1867 3268 1920 culmen
3291 1883 3516 1935 provec-

1937 1964 2020 2011 tus
2049 1967 2150 2011 est.
2183 1956 2352 2011 Mater
2381 1956 2528 2020 Itala,
2567 1955 2762 2010 nobilis
2789 1972 2853 2012 ac
2894 1958 3128 2026 locuples
3161 1959 3376 2013 femina.
3411 1963 3518 2016 Ae-

1937 2049 2040 2101 tius
2073 2048 2238 2114 ﬁlius,
2269 2063 2299 2102 a
2329 2063 2494 2116 puero
2528 2050 2898 2117 praetorianus,
2928 2051 3093 2104 tribu~
3137 2055 3290 2104 annis
3317 2051 3517 2108 Alarici

1933 2139 2125 2203 obses,
2184 2140 2377 2193 dehinc
2398 2139 2743 2205 Cbunorum;
2780 2149 2898 2208 post
2928 2141 3042 2195 hac
3076 2141 3396 2209 Cui-pilionis
3419 2160 3517 2211 ge-

1936 2243 2051 2291 ner,
2085 2231 2372 2282 ex'comite
2400 2230 2816 2300 domesticorum
2841 2274 2853 2294 ,
2888 2232 3182 2286 etJoannis
3207 2249 3386 2286 curam
3418 2249 3516 2301 pa-

1937 2317 2045 2369 latii
2081 2318 2184 2388 57
2212 2332 2398 2386 gerere
2425 2322 2609 2385 coepit.
2659 2319 2816 2373 Medii
2860 2321 3121 2388 corporis,
3161 2322 3332 2376 virilis
3367 2323 3518 2379 babi-

1939 2411 2138 2464 tudinis
2164 2411 2416 2465 decenter
2448 2413 2733 2479 formatus,
2767 2427 2873 2481 quo
2920 2428 3092 2482 neque
3143 2415 3517 2469 inlirmitudini

1934 2512 2078 2556 esset
2105 2517 2277 2572 neque
2307 2503 2478 2571 oneri,
2514 2504 2695 2557 animo
2719 2504 2920 2569 alacer,
2973 2506 3228 2561 membris
3254 2517 3473 2574 vegetus
3497 2548 3515 2572 ,

1936 2608 2099 2664 eques
2163 2595 2626 2663 promptissimus,
2682 2598 2996 2665 sag'ttarum
3051 2597 3197 2666 jaclu
3269 2608 3512 2664 peritus,

1936 2695 2094 2739 conto
2123 2683 2370 2753 itnpiger,
2413 2685 2566 2739 bellis
2597 2685 2925 2754 aptissimus,
2962 2690 3106 2754 pacis
3145 2690 3347 2742 artibus
3376 2691 3517 2744 cete-

1938 2778 2080 2842 bris;
2139 2777 2342 2832 nullius
2371 2778 2632 2843 avaritiae,
2687 2780 2918 2834 minima:
2957 2780 3302 2848 cupiditatis,
3363 2783 3515 2836 bonis

1935 2868 2097 2921 animi
2131 2869 2401 2936 praeditus,
2438 2882 2535 2921 nec
2565 2868 2950 2937 impulsoribus
2991 2871 3205 2940 quidem
3239 2875 3415 2940 pravis
3446 2875 3516 2926 ab

1935 2960 2180 3014 instituto
2206 2975 2305 3014 suo
2325 2960 2565 3024 devians,
2597 2961 2911 3030 injuriarum
2945 2963 3364 3030 patientissimus
3388 3009 3401 3030 ,
3439 2967 3516 3020 la-

1937 3051 2081 3104 boris
2104 3061 2357 3120 appetens
2376 3093 2391 3116 ,
2421 3051 2718 3120 impavidus
2746 3054 3096 3120 periculorum
3128 3101 3141 3122 ,
3168 3057 3324 3112 famis
3369 3059 3515 3112 sitis-

242 3155 422 3220 triam,
459 3169 524 3206 ne
565 3153 844 3206 insistente
869 3164 1144 3218 germano,
1171 3148 1338 3216 patris
1378 3162 1541 3217 regno
1585 3147 1829 3216 priveris.
1862 3159 1908 3221 ο
1942 3163 2046 3214 que
2085 3158 2245 3216 atque
2268 3147 2564 3218 vigiliarum
2598 3150 3060 3205 tolerantissimus.
3083 3152 3180 3207 Cui
3206 3154 3274 3208 ab
3303 3156 3516 3212 ineunte

245 3249 372 3304 Haec
396 3248 483 3302 ille
505 3247 753 3308 audiens,
781 3259 900 3299 cum
931 3245 1212 3296 velocitate
1236 3242 1504 3304 discessit,
1530 3242 1677 3309 quasi
1712 3241 1820 3310 56

242 3337 629 3406 anticipaturns
656 3335 894 3398 fratrem,
928 3343 982 3388 et
1015 3333 1158 3400 prior
1182 3332 1347 3400 patris
1369 3330 1678 3385 cathedram
1702 3332 1828 3386 ade—

243 3437 452 3499 pturus.
506 3427 680 3482 Simili
707 3433 762 3480 et
787 3425 1115 3478 Francorum
1157 3437 1336 3491 regem
1376 3420 1403 3459 ι’
1433 3422 1558 3475 dolo
1599 3420 1823 3492 fugavit.

243 3519 360 3575 Illis
378 3527 554 3572 autem
590 3514 982 3580 recedentibus,
1011 3514 1197 3567 Aetius
1223 3513 1450 3581 spoliato
1478 3527 1691 3580 campo,
1720 3512 1828 3564 vic-

245 3621 333 3666 tcr
354 3610 409 3664 itt
443 3608 667 3678 patriam
695 3622 816 3661 cum
846 3606 1032 3675 grandi
1063 3614 1144 3659 est
1174 3619 1420 3658 reversus
1448 3602 1641 3670 spolio.
1668 3601 1827 3656 Attila

243 3718 372 3758 vero
398 3718 517 3756 cum
546 3701 731 3770 paucis
779 3713 1024 3754 reversus
1051 3706 1154 3760 est,
1201 3711 1298 3750 nec
1327 3697 1491 3750 multo
1520 3705 1637 3765 post
1669 3695 1831 3764 Aqui-

245 3794 349 3850 leia
374 3808 402 3847 a
429 3792 634 3848 Cltunis
658 3802 835 3860 capta,
866 3790 1083 3844 incensa
1115 3797 1277 3856 atque
1305 3788 1503 3848 diruta.
1538 3789 1685 3842 Italia
1710 3803 1830 3858 per-

246 3893 433 3953 vagata
463 3893 622 3952 atque
648 3884 904 3936 subversa
927 3890 1032 3938 est.
1061 3880 1449 3934 Tltorismodus
1472 3920 1490 3944 ,
1523 3879 1590 3933 de
1619 3894 1725 3949 quo
1748 3893 1830 3932 su-

251 3991 348 4046 pra
375 3975 740 4036 meminimus,
773 3974 973 4028 Alanos
1007 3983 1029 4011 ο
1063 3973 1204 4026 bello
1232 3969 1505 4024 edomuit:
1540 3970 1654 4039 ipse
1681 3970 1832 4024 dein-

247 4083 406 4137 ceps.
441 4078 559 4136 post
585 4068 780 4120 multas
803 4066 922 4119 lites
943 4072 998 4119 et
1020 4063 1178 4128 bella,
1206 4078 1236 4116 a
1260 4060 1516 4116 fratribus
1531 4075 1829 4131 oppressus

247 4175 313 4214 ac
338 4159 607 4228 iugulatus
631 4156 832 4212 interiit
859 4153 907 4210 δ.

321 4252 454 4306 VIII.
497 4251 662 4320 Igitur
690 4251 771 4304 liis
794 4250 862 4302 ita
890 4246 1109 4318 digestis
1133 4260 1197 4299 ac
1224 4260 1321 4315 per
1366 4245 1608 4299 ordinem
1649 4243 1828 4312 exple-

244 4344 338 4407 tis,
368 4342 494 4410 quid
523 4342 591 4395 de
614 4341 768 4395 Aetio
793 4355 951 4406 supra
978 4347 1276 4392 memorato
1300 4335 1487 4391 [leuati
1513 4335 1772 4407 Frigeridi
1805 4345 1830 4374 ο

245 4450 428 4494 narrat
458 4437 686 4492 Historia
713 4446 890 4489 tacere
919 4433 1068 4487 nefas
1089 4432 1288 4501 putavi.
1316 4431 1445 4484 Nam
1467 4445 1586 4483 cum
1618 4432 1670 4484 in
1698 4430 1828 4484 dun-

1938 3247 2094 3292 a:tate
2117 3238 2428 3304 praedictum
2456 3241 2643 3307 liquet,
2668 3253 2884 3310 quanta:
2920 3246 3172 3312 potentiue
3204 3245 3324 3300 fatis
3350 3248 3516 3302 desti-

1935 3340 2174 3395 naretur,
2237 3333 2564 3399 temporibus
2611 3335 2722 3386 suis
2777 3334 3014 3404 locisque
3067 3337 3440 3395 celebrandns.
3490 3359 3509 3391 ι

1935 3423 2062 3477 Hrec
2117 3425 2454 3490 supradictus
2506 3425 2964 3494 Itistoriograpltus
2990 3429 3058 3485 de
3106 3433 3263 3486 Aetio
3310 3422 3535 3487 narrat.-

1935 3515 2163 3568 Adultus
2192 3526 2368 3568 autem
2397 3515 2803 3573 Valentinianus
2827 3519 3143 3590 imperator,
3169 3533 3419 3579 metuens
3449 3542 3518 3582 ne

1936 3621 1995 3658 se
2043 3621 2137 3673 per
2191 3606 2524 3675 tyrnnidem
2565 3608 2756 3662 Aelius
2802 3612 3161 3679 opprimeret,
3207 3629 3327 3668 eum
3361 3617 3518 3670 nullis

1934 3697 2110 3749 causis
2155 3697 2492 3750 cvstantibus
2543 3696 2838 3754 interemit.
2876 3702 2990 3769 Ipse
3041 3705 3376 3766 postmodum
3410 3707 3517 3760 Au-

1935 3800 2140 3856 gustus,
2170 3790 2295 3841 dum
2321 3791 2371 3842 in
2394 3788 2596 3859 Campo
2627 3790 2816 3845 Martio
2844 3809 2940 3859 pro
2972 3794 3226 3849 tribunali
3251 3797 3515 3860 residens,

1936 3882 2345 3935 concionaretur
2375 3883 2438 3935 ad
2460 3883 2733 3950 pupulum.
2754 3883 2973 3954 Orcylla
3001 3885 3353 3939 buccellarius
3378 3889 3516 3943 Aetii

1936 3987 1999 4026 ex
2028 3972 2257 4025 adverso
2282 3973 2522 4041 veniens,
2555 3989 2676 4028 eum
2705 3974 2881 4041 gladio
2906 3974 3154 4043 perfodit.
3182 3975 3329 4032 Talis
3359 3971 3516 4035 ut'ris-

1934 4077 2038 4133 que
2064 4063 2271 4115 exsdtit
2302 4062 2420 4115 linis
2443 4059 2490 4115 ιι.

2008 4153 2097 4207 ΙΧ.
2141 4153 2214 4206 De
2242 4151 2572 4208 Francorum
2599 4169 2727 4210 vero
2758 4155 3003 4224 regibus,
3037 4158 3156 4224 quis
3199 4158 3359 4214 fuerit
3407 4163 3516 4228 pri-

1937 4259 2056 4298 mus
2087 4259 2116 4296 a
2145 4244 2324 4297 multis
2353 4246 2644 4313 ignoratur.
2679 4245 2806 4298 Nam
2831 4262 2953 4300 cum
3001 4249 3164 4301 multa
3193 4249 3262 4303 de
3290 4252 3369 4306 eis
3395 4253 3516 4307 Sul-

1939 4337 2058 4404 picii
2085 4336 2370 4390 Alexandri
2407 4335 2420 4372 ί
2458 4346 2640 4390 narret
2683 4338 2909 4392 Ilistoria
2937 4380 2952 4403 ,
2984 4353 3089 4393 non
3124 4349 3299 4396 tamen
3332 4359 3514 4414 regem

1935 4429 2163 4498 pritumn
2215 4444 2401 4482 eorum
2443 4428 2709 4484 ullatenus
2766 4431 3026 4494 nominat,
3078 4433 3171 4486 sed
3211 4435 3372 4490 duces
3420 4451 3517 4492 eos

244 4531 458 4588 decimo
485 4530 840 4584 Historiarum
874 4526 1013 4580 libro
1043 4525 1282 4590 referat,
1321 4533 1439 4593 post
1469 4524 1576 4578 divi
1609 4524 1823 4578 Honorii
1863 4546 1906 4603 ι)
1935 4523 2184 4577 habuisse
2200 4522 2362 4576 dit-it:
2393 4538 2512 4590 qua:
2545 4532 2721 4577 tamen
2746 4523 2814 4578 de
2839 4523 3041 4578 eisdem
3070 4523 3287 4590 referat,
3315 4544 3517 4584 memo-

317 4673 345 4702 ι
381 4664 471 4719 Sic
519 4662 675 4717 codd.
725 4659 1068 4725 vetusdores,
1113 4657 1241 4723 alii,
1298 4657 1497 4710 aditum
1545 4672 1636 4726 per
1678 4674 1824 4727 quem

245 4737 376 4807 {oris
401 4735 664 4807 eraderet,
696 4733 899 4800 qnwrit.

318 4805 345 4844 δ
386 4805 467 4860 An
500 4797 801 4858 Merovettm
833 4797 1046 4870 regem?
1069 4812 1239 4870 quem
1272 4807 1394 4867 post
1424 4800 1559 4870 Aetii
1591 4807 1821 4853 mortem

250 4875 554 4930 Germania:
598 4874 782 4941 prima:
826 4867 916 4924 ac'
937 4867 1163 4937 Belgicae
1187 4870 1433 4923 secunda:
1460 4869 1814 4941 bellumintu-

243 4947 380 5000 lisse
404 4954 454 4997 ut
486 4938 633 5012 regni
660 4944 790 4995 lines
817 4948 1174 5010 promoveret,
1195 4943 1354 5012 testis
1380 4948 1463 5012 est
1487 4938 1740 5012 Sidonius
1771 4941 1821 4992 itt

244 5009 610 5084 Panegyrico,
639 5028 796 5084 quem
822 5009 1029 5084 socero
1053 5025 1150 5063 suo
1179 5009 1340 5064 dixit.
1383 5010 1614 5084 Prosper
1653 5010 1823 5063 Mero-

243 5080 485 5141 veum'in
517 5080 739 5138 Francia
766 5098 906 5134 anno
929 5080 1030 5132 447
1052 5095 1301 5148 regnasse
1327 5080 1532 5134 scribit.
1567 5081 1639 5133 De
1665 5094 1823 5133 caus:t

245 5157 378 5212 belli
410 5171 503 5224 per
532 5156 748 5208 Attilam
783 5152 912 5205 illati
953 5150 1156 5224 videsis
1182 5149 1346 5224 Prisci
1379 5150 1612 5224 rhetoris
1643 5149 1823 5202 Histo-

245 5218 486 5289 riamfet
507 5225 831 5279 Joruandem
857 5223 920 5276 de
953 5221 1085 5274 Reb.
1107 5218 1337 5289 AGeticis,
1362 5235 1480 5284 cap.
1506 5219 1575 5274 55
1595 5230 1646 5272 et
1669 5234 1818 5288 seqq.

320 5308 344 5335 α
386 5287 476 5352 Sic
506 5311 633 5350 mss.
663 5294 823 5347 Corb.
846 5333 861 5353 ,
896 5293 1026 5347 Bell.
1048 5331 1061 5354 ,
1093 5287 1243 5343 Colb.
1273 5330 1288 5352 ,
1334 5289 1521 5357 Regm.
1547 5330 1562 5353 ,
1597 5289 1728 5357 Reg.
1750 5287 1823 5344 iet

245 5367 542 5430 Palatinus,
573 5381 693 5418 cum
720 5364 880 5418 editis
904 5363 1057 5424 Bad.,
1091 5370 1200 5414 etc.
1230 5360 1543 5413 Alamannos
1573 5375 1700 5414 vero
1733 5360 1825 5412 ha-

246 5438 378 5494 bent
408 5439 647 5506 plerique
672 5433 802 5488 editi
840 5447 960 5506 cun_t
1002 5430 1311 5506 Bec._Ccrte
1351 5431 1512 5506 Alani
1537 5441 1658 5506 tunc
1692 5439 1824 5482 tetu-

250 5500 574 5578 poris'trans'
596 5506 826 5578 Ligerim
857 5503 1039 5578 sedem
1065 5501 1350 5578 habebant.
1392 5501 1467 5555 De
1500 5500 1582 5554 Itis
1606 5515 1769 5555 eonsu
1794 5519 1824 5554 e

248 5572 525 5634 Valesium
568 5572 738 5631 Ιιιιξιν
770 5575 959 5626 Herum
998 5572 1391 5626 Francicmum.

321 5650 349 5687 ⁴
390 5649 616 5702 Occisus
641 5657 718 5700 est
752 5660 890 5696 anno
918 5641 1045 5702 455,
1074 5652 1128 5695 ut
1160 5643 1299 5695 idem
1334 5640 1578 5696 Valesius
1610 5640 1820 5708 probat,

243 5733 277 5777 ι
301 5720 640 5776 Tlteodorico
679 5728 726 5770 et
779 5713 1046 5767 Ftiderico
1084 5712 1334 5767 fratribus
1360 5753 1374 5777 ,
1427 5726 1651 5766 auorum
1685 5712 1827 5766 Drior

537 5837 806 5895 ΡΑϊιιοι.
858 5829 1080 5890 LXXI.

1930 4672 2153 4724 regnum
2185 4655 2459 4723 occupavit
2490 4669 2554 4710 ex
2587 4655 2778 4716 Idalio,
2807 4665 2892 4711 etc

2005 4738 2028 4765 θ
2070 4728 2166 4782 Hic
2191 4741 2377 4780 auelor
2398 4742 2461 4780 ex
2491 4727 2606 4780 solo
2631 4726 2893 4796 Gregorio
2923 4729 3078 4783 nobis
3108 4741 3189 4784 est
3227 4741 3384 4787 notus

2006 4797 2026 4836 ί
2067 4799 2170 4870 Sic
2197 4812 2343 4870 ms‘s,
2363 4797 2637 4870 plerique;
2670 4800 2780 4870 a_'ii,
2817 4800 3013 4852 atrocia
3035 4813 3372 4870 reportantes.

1999 4877 2025 4912 κ
2066 4869 2221 4931 Bell.,
2255 4867 2476 4927 Sciciw;
2511 4870 2656 4929 llec.,
2683 4867 2904 4934 Scyciw.

2001 4936 2027 4974 ιι
2071 4939 2144 5012 De
2188 4938 2325 5012 Aetii
2353 4949 2405 4990 et
2430 4937 2782 5012 Valentiniani
2812 4941 2978 5006 caede,
3009 4943 3234 5012 aliisque
3286 4941 3514 4995 labentis

1931 5009 2142 5075 imperii
2170 5010 2352 5070 rebus,
2381 5024 2500 5076 quae
2527 5009 2613 5062 ltic
2643 5019 2694 5061 et
2720 5011 2769 5061 in
2798 5024 2856 5063 se
2877 5009 3162 5074 tuentibus
3181 5012 3509 5076 referuntur,

1934 5079 2142 5131 videndi
2172 5081 2393 5131 Urosius
2426 5078 2518 5132 lib.
2556 5094 2627 5131 vit
2655 5119 2666 5135 .
2702 5079 2993 5147 Procopius
3027 5085 3118 5136 lib.
3153 5099 3170 5135 ι
3203 5082 3338 5135 Hist.
3378 5081 3509 5135 Van-

1932 5151 2116 5212 tlatic.,
2147 5148 2485 5202 Marcellinus
2509 5163 2718 5212 comes,
2753 5149 2980 5216 Prosper
3001 5194 3015 5215 ,
3048 5165 3152 5207 etc.
3175 5195 3190 5218 ,
3222 5153 3289 5204 de
3319 5152 3514 5218 quibus

1935 5220 2100 5272 fusius
2124 5219 2174 5272 in
2210 5219 2348 5271 notis
2379 5233 2535 5284 agere
2565 5220 2888 5288 superﬂuum
2925 5223 3149 5276 videtur.
3185 5222 3309 5276 Haec
3333 5230 3511 5277 tamen

1933 5291 1985 5342 in
2019 5290 2195 5343 Indice
2212 5288 2589 5357 cltronologico
2607 5330 2621 5355 ,
2663 5307 2819 5358 quem
2841 5289 3082 5353 Gregorii
3107 5292 3357 5356 operibus
3376 5310 3531 5359 pne--

1934 5361 2204 5422 misimus,
2258 5363 2370 5414 suis
2425 5359 2554 5414 locis
2584 5361 2886 5428 posuimus,
2932 5371 2989 5414 ut
3027 5363 3396 5418 Francicarum
3430 5380 3515 5419 re-

1933 5446 2082 5496 rum,
2113 5430 2428 5500 quibuscum
2460 5433 2714 5500 permista
2743 5441 2904 5496 sunt,
2942 5433 3111 5488 series
3143 5434 3319 5489 notior
3350 5433 3515 5489 liabe-

1934 5513 2102 5555 retur.

2012 5591 2028 5628 ί
2075 5591 2181 5673 Nec
2208 5592 2426 5673 aliunde
2454 5605 2608 5656 quam
2637 5605 2706 5671 ex
2749 5591 3010 5664 Gregorio
3043 5593 3183 5653 Itttnc
3213 5610 3510 5661 auctorem,

1932 5674 2023 5718 aut
2052 5664 2169 5727 ejus
2208 5663 2497 5717 Historiam
2527 5663 2789 5718 novimus.

3198 5829 3239 5885 7
