4028 6342
522 334 645 391 eos

1589 340 1649 396 S.
1690 340 2016 397 GliEGliRll
2058 340 2359 397 πιηεαςφι
2402 340 2828 396 'I'URONENSiS

3711 348 3830 401 Μ
3866 428 3871 432 .

536 462 658 501 rare
688 447 916 503 videtur.
945 446 1226 504 Nam-cum
1254 447 1384 502 d'rcit
1430 448 1718 504 Maximum
1768 450 1904 505 intra
1954 453 2116 520 Aqui-
2144 464 2190 517 Α
2221 454 2569 519 corporibus,
2621 454 2771 507 ruina
2823 453 3049 506 invicem
3083 469 3301 509 suorum
3360 460 3606 528 oppressi
3662 469 3827 517 sunt.

538 540 717 606 leiastt,
744 541 939 596 amissa
964 541 1108 595 omni
1134 556 1228 610 spe
1256 540 1465 610 imperii
1488 583 1504 606 ,
1533 542 1688 611 quasi
1732 553 2001 613 amentem
2033 560 2118 599 re-

536 630 749 698 sidere,
777 632 1044 703 adjnngit:
1084 654 1101 683 ι
1142 634 1216 686 Eo
1249 642 1487 700 tempore
1533 633 1859 688 Gennbaude
1890 643 1913 669 ⁸
1938 674 1952 699 ,
1983 637 2119 689 Mar-

537 740 776 794 comere,
815 735 869 781 ct
895 727 1148 782 Sunnone
1178 726 1423 789 ducibus,
1454 726 1649 781 Franci
1680 727 1730 781 in
1775 728 2117 782 Germaniam

541 831 867 887 prorupere,
922 834 984 873 ac
1032 819 1272 887 pluribus
1321 820 1635 874 mortalium
1691 821 1860 874 limite
1915 820 2119 890 irrupto

538 910 717 975 (τιθεὶς,
750 911 950 966 fertiles
992 912 1222 966 maxime
1276 928 1439 981 pagos
1465 911 1820 983 depOpulati,
1878 913 2119 983 Agrippi-

540 1002 690 1054 nensi
740 1000 897 1053 etiam
946 1000 1182 1055 Coloniae
1223 1011 1425 1055 metum
1474 1008 1769 1058 incussere.
1824 1005 1977 1071 Quod
2030 1007 2117 1059 ttbi

539 1091 789 1144 2l'reveris
844 1093 1103 1160 perlatum
1160 1101 1277 1159 est,
1330 1093 1615 1149 Nannenus
1662 1094 1688 1132 δ
1731 1105 1781 1149 et
1837 1096 2119 1160 Quintinns

528 1181 739 1236 militia:
779 1184 1055 1253 magistri,
1088 1184 1281 1251 quibus
1331 1184 1605 1239 infantiam
1650 1186 1742 1239 lilii
1774 1198 1827 1240 et
1854 1186 2120 1240 difensio-

538 1287 658 1327 netn
685 1272 978 1328 Galliarum
1009 1274 1677 1340 Maximuscommiserat.
1709 1280 1937 1333 collecto
1966 1294 2121 1333 exer-

536 1362 644 1415 citu
670 1366 808 1430 apud
840 1365 1191 1433 Agrippinam
1221 1380 1546 1422 convenere.
1586 1369 1692 1423 Sed
1728 1372 1902 1423 onusti
1942 1372 2121 1438 pra-da

526 1452 754 1519 hostes,
814 1455 1209 1523 provinciarum
1254 1460 1427 1523 Opima
1478 1459 1817 1527 depopulati,
1875 1462 2119 1516 Rhenum

539 1545 823 1611 transiere,
855 1547 1097 1615 pluribus
1126 1560 1347 1603 suorum
1399 1552 1451 1603 itt
1510 1551 1619 1622 58
1651 1552 1891 1605 itutnano
1922 1555 2032 1607 telit
2052 1562 2121 1607 tis

528 1638 653 1691 solo
675 1678 690 1703 ,
722 1638 788 1691 ad
816 1639 1163 1706 repetendam
1194 1641 1670 1710 depopulationem
1708 1645 1947 1713 paratis,
1996 1659 2119 1699 cum

532 1731 731 1800 quibus
754 1746 1076 1803 congressus
1110 1735 1365 1789 Romanis
1404 1737 1784 1791 accommodus
1807 1737 1906 1791 fuit
1930 1778 1945 1802 ,
1980 1738 2120 1792 mul-

2226 542 2437 597 l’edites
2462 546 2624 597 etiam
2647 585 2663 609 ,
2693 561 2826 611 quos
2871 546 3013 598 nulla
3064 559 3230 601 onera
3262 563 3523 618 equorum
3565 555 3832 609 calcave-

2223 644 2368 699 rant,
2393 636 2647 703 implicati
2673 636 2798 689 limo
2818 679 2831 699 .
2866 651 3009 705 (egre
3038 639 3371 705 explicantes
3393 658 3674 712 gressum.
3702 662 3832 701 rur-

2221 740 2314 779 sus
2340 740 2419 789 se,
2440 727 2529 793 qui
2545 727 2703 794 paulo
2727 737 2852 781 ante
2875 728 2960 781 vix
2984 741 3341 796 emerseram,
3365 735 3519 789 silvis
3546 738 3831 805 trepidan-

2224 829 2302 871 tes
2333 821 2668 874 occulebant.
2703 820 3038 877 Perturbatis
3064 837 3193 893 ergo
3216 824 3519 890 ordinibus,
3553 844 3721 883 casa:
3754 836 3831 886 Ie-

2222 912 2428 979 giones,
2486 912 2734 966 lleraclio
2788 912 3194 970 Joviuianorum
3230 914 3249 953 ί
3282 917 3390 989 59
3438 920 3704 985 tribuno,
3765 938 3832 978 ac

2223 1019 2359 1071 pene
2408 1006 2656 1057 omnibus
2702 1006 2790 1073 qui
2842 1007 3103 1062 militibus
3151 1016 3779 1075 prmerant.exstinctis
3812 1060 3827 1078 ,

2222 1097 2404 1164 paucis
2429 1097 2683 1167 effugium
2717 1108 2885 1152 tutum
2916 1116 3022 1153 nox
3049 1111 3102 1154 et
3133 1104 3351 1157 latibula
3391 1105 3647 1160 silvarum
3679 1125 3829 1175 pra--

2222 1194 2431 1245 stitcre.
2471 1211 2490 1243 ι
2540 1193 2663 1246 llaec
2710 1193 2761 1245 in
2796 1194 2954 1247 tertio
2984 1194 3231 1249 llistorite
3262 1197 3401 1251 libro
3432 1202 3701 1255 narravit.

2292 1281 2349 1335 in
2368 1292 2560 1350 quarto
2580 1298 2715 1337 vero
2745 1282 2904 1350 libro,
2929 1299 3051 1338 cum
3084 1287 3151 1340 tle
3176 1287 3549 1344 interiectione
3580 1292 3829 1348 Victoris

2220 1370 2317 1423 filii
2351 1370 2570 1424 Maximi
2600 1374 2810 1440 tyranni
2843 1380 3104 1436 narraret,
3133 1376 3234 1427 ait:
3275 1394 3293 1425 ι
3336 1376 3411 1429 Eo
3441 1387 3685 1447 tempore
3716 1382 3829 1433 Ca-

2224 1458 2381 1513 rietto
2401 1471 2457 1514 et
2480 1460 2645 1531 Syrus
2673 1463 2727 1515 in
2756 1462 2929 1515 locum
2960 1462 3200 1519 Nanneni
3233 1466 3529 1535 snhrogati,
3584 1472 3635 1521 in
3682 1469 3829 1525 Ger-

2225 1552 2400 1606 mania
2432 1567 2552 1606 cnm
2599 1554 2840 1607 exercitu
2894 1555 3145 1623 opposito
3190 1556 3413 1613 Francis
3459 1562 3831 1616 diversaban-

2226 1652 2333 1697 tur.
2374 1662 2393 1696 ι
2432 1643 2498 1697 Et
2527 1654 2647 1714 post
2679 1660 2866 1714 pauca,
2897 1660 3018 1701 cum
3042 1646 3241 1702 Franci
3267 1648 3647 1707 de'Germania
3675 1672 3828 1723 prm-

2225 1733 2322 1788 das
2372 1736 2649 1800 tulissent,
2700 1736 2930 1805 adjecit:
2969 1755 2988 1787 ι
3026 1736 3169 1792 Nihil
3218 1740 3545 1809 Arbogastes
3592 1745 3829 1801 differre

542 1822 610 1874 tis
632 1820 958 1877 Francorum
998 1825 1137 1894 apud
1171 1826 1551 1881 Carbonariam
1587 1838 1610 1865 ο
1646 1828 1788 1883 ferro
1810 1830 2120 1898 peremptis.

2232 1824 2437 1885 volens.
2456 1836 2764 1880 commonet
2788 1826 3055 1880 Cresarem
3081 1842 3266 1894 pinnas
3291 1830 3499 1885 debitas
3526 1848 3554 1886 a
3591 1834 3827 1891 Francis

540 1914 781 1984 Cumque
811 1916 1202 1972 consultaretur
1230 1918 1298 1973 de
1318 1934 1603 1985 successu,
1648 1936 1715 1974 an
1746 1922 1797 1975 in
1842 1920 2121 1975 Franciam

543 2012 777 2064 transire
805 2010 1092 2079 deberent,
1145 2014 1436 2071 Nannenus
1486 2018 1703 2083 abnuit,
1736 2019 1856 2083 quia
1890 2034 1994 2073 non
2027 2021 2129 2074 im-

541 2110 755 2165 paratos
779 2112 833 2156 et
858 2103 912 2157 in
938 2104 1068 2160 locis
1092 2108 1207 2161 suis
1234 2107 1450 2164 indubie
1476 2109 1730 2167 fortiores
1758 2117 1967 2168 Iuturos
1990 2114 2128 2168 scie—

542 2191 653 2243 hat.
681 2193 830 2258 Quod
857 2212 977 2248 cum
1010 2198 1264 2264 Quintin
1289 2212 1343 2255 et
1366 2202 1585 2270 reliquis
1629 2203 1759 2257 viris
1801 2204 2127 2261 militaribus

542 2284 935 2351 displicuisset,
966 2286 1223 2343 Nanneuo
1254 2290 1650 2360 Mogontiacum
1683 2310 1930 2360 reverso,
1960 2296 2127 2361 Quin-

544 2374 686 2429 tinus
706 2388 827 2430 cum
852 2379 1094 2433 exercitu
1127 2381 1272 2435 circa
1314 2382 1579 2437 Nivisium
1610 2381 1636 2421 ιι
1662 2387 1945 2441 castellum
1975 2388 2125 2442 lihe-

540 2484 669 2523 nunt
700 2481 1067 2539 transgressus
1090 2517 1123 2537 ,ν
1161 2477 1412 2531 secundis
1441 2492 1471 2530 a
1499 2478 1663 2533 ﬂuvio
1709 2482 1904 2534 castris
1924 2524 1939 2548 ,
1971 2496 2126 2536 casas

550 2564 939 2619 habitatoribus
970 2580 1161 2620 vacuas
1182 2577 1342 2637 atque
1372 2568 1617 2639 ingentes
1647 2571 1795 2625 vicos
1835 2571 2126 2625 destitutos

544 2652 784 2709 offendit.
811 2655 999 2710 Franci
1023 2658 1203 2721 enim,
1228 2658 1477 2719 simulato
1505 2669 1671 2725 metu,
1703 2676 1762 2715 se
1793 2662 1844 2714 in
1875 2650 2129 2715 remotio-

544 2759 631 2798 res
651 2746 818 2799 saltus
858 2756 1196 2815 receperant,
1228 2749 1541 2806 concidibus
1571 2765 1674 2819 per
1702 2762 1945 2806 extrema
1969 2752 2130 2805 silva-

524 2849 662 2886 rum
696 2837 1018 2901 procuratis.
1074 2837 1258 2907 Itaque
1288 2839 1554 2895 universis
1584 2840 1831 2896 domibus
1878 2844 2083 2897 exustis
2107 2882 2124 2907 ,

543 2924 597 2977 in
626 2940 760 2994 quas
784 2928 974 2983 saavire
999 2929 1265 2985 stoliditas
1296 2932 1487 3001 ignava
1513 2933 1753 2989 victoria:
1778 2950 2124 2990 consumma-

544 3014 739 3072 tionem
792 3019 1110 3088 reponebat,
1169 3032 1385 3078 noctetn
1435 3026 1721 3085 sollicitam
1777 3028 1981 3084 milites
2027 3032 2128 3085 sub

543 3123 813 3163 armorum
844 3125 1011 3168 onere
1036 3111 1322 3170 duxerant.
1353 3114 1433 3170 Ac
1462 3116 1636 3185 primo
1661 3118 1931 3185 diluculo,
1958 3119 2128 3187 Quin-

2228 1917 2549 1986 exigendas,
2595 1918 2699 1971 nisi
2747 1918 2997 1972 universa
3025 1934 3149 1987 qua!
3191 1922 3453 1989 superiori
3483 1938 3627 1977 anno
3655 1928 3826 1980 caesis

2230 2006 2527 2077 legionibus
2565 2007 2926 2076 diripuerant,
2954 2011 3238 2065 confestim
3266 2014 3645 2081 restituerent,
3677 2032 3822 2071 auc-

2230 2108 2483 2169 toresque
2514 2101 2635 2157 belli
2665 2102 2960 2168 traderent,
2987 2102 3039 2157 in
3077 2119 3212 2173 quos
3239 2106 3452 2161 violata:
3483 2110 3626 2176 pacis
3653 2114 3824 2179 perfi-

2228 2194 2313 2247 dia
2346 2197 2644 2262 puniretur.
2683 2213 2702 2247 »
2734 2196 2857 2248 ilmc
2874 2208 3015 2263 acta,
3043 2212 3163 2251 cum
3191 2200 3356 2254 duces
3378 2212 3581 2265 essent.
3609 2206 3820 2267 retulit,

2228 2292 2283 2337 et
2312 2285 2563 2353 deinceps
2585 2285 2689 2337 ait:
2726 2302 2744 2336 t
2784 2285 2913 2340 Post
2939 2287 3057 2341 dies
3076 2289 3363 2356 pauculos,
3398 2291 3736 2348 Marcomere
3766 2305 3821 2349 et

2226 2375 2482 2431 Sunnoue
2529 2376 2857 2431 Francorum
2919 2380 3223 2449 regalibus,
3287 2389 3561 2436 transacto
3608 2385 3817 2439 cursim

2228 2466 2541 2535 colloquio,
2592 2467 2998 2538 impetratisque
3039 2479 3064 2516 ε
3103 2486 3186 2523 .e!
3240 2485 3389 2524 more
3415 2472 3718 2541 obsidibus,
3748 2477 3817 2529 ad

2231 2560 2572 2617 hientandum
2621 2562 2869 2615 Treveris
2916 2566 3205 2617 concessit.
3262 2582 3287 2615 λι
3344 2564 3473 2617 Cum
3501 2576 3677 2621 autem
3718 2584 3819 2623 eos

2230 2654 2437 2722 regale;
2461 2663 2646 2719 vocet,
2672 2654 2941 2708 nescimus
2969 2665 3145 2708 utrum
3178 2669 3331 2725 reges
3361 2655 3593 2721 fuerint,
3625 2674 3690 2711 an
3724 2662 3813 2713 vi-

2224 2759 2320 2799 ces
2354 2745 2624 2800 tenuerint
2673 2760 2883 2815 regum.
2941 2745 3084 2799 Idem
3144 2756 3324 2800 tamen
3376 2750 3643 2815 scriptor,
3685 2764 3814 2804 cum

2230 2836 2578 2891 necessitates
2606 2835 2957 2890 Valentiniani
2990 2836 3215 2906 Augusti
3241 2849 3663 2907 commemorat,
3697 2841 3817 2896 ha-c

2227 2929 2496 2999 adjungit:
2552 2948 2572 2981 ε
2623 2928 2752 2982 Dum
2780 2929 2991 2984 diversa
3032 2931 3082 2983 iu
3113 2932 3333 2985 Oriente
3376 2948 3470 3001 per
3497 2934 3756 2987 Thracias
3786 2932 3817 2974 ι

2227 3033 2526 3093 geruntur,
2586 3023 2638 3076 in
2694 3022 2863 3077 Gallia
2924 3034 3098 3077 status
3152 3024 3392 3092 publicus
3436 3027 3809 3093 perturbatur.

2230 3115 2429 3171 Clauso
2462 3116 2603 3184 apud
2651 3115 2911 3169 Viennam
2957 3114 3137 3184 palatii
3189 3116 3395 3170 edibus
3423 3118 3661 3187 principe
3710 3119 3817 3173 νο.

544 3201 655 3257 tino
687 3204 851 3270 pra-lii
874 3204 1012 3261 duce
1040 3204 1266 3278 ingressi
1290 3207 1482 3272 saltus,
1507 3210 1560 3263 in
1587 3210 1819 3265 medium
1852 3211 2119 3267 ierediem
2151 3219 2195 3280 ο
2230 3208 2549 3273 lentiniano.
2598 3217 2653 3262 et
2702 3222 2838 3275 pene
2868 3206 3001 3260 infra
3059 3208 3247 3273 privati
3300 3209 3516 3262 modum
3549 3209 3815 3276 redacto,

544 3296 882 3364 implicantes
934 3312 995 3352 se
1047 3299 1326 3354 erroribus
1378 3299 1635 3367 viarum,
1688 3310 1802 3355 toto
1856 3302 2127 3370 pervagati

544 3396 699 3439 sunt:
735 3387 951 3441 tandem
992 3402 1115 3442 cum
1162 3388 1471 3458 ingentibus
1497 3390 1665 3457 septis
1687 3391 1865 3443 omnia
1894 3405 1922 3443 a
1956 3391 2128 3444 solido

546 3475 726 3530 clausa
750 3476 1120 3542 offendissent,
1165 3479 1218 3531 itt
1268 3480 1537 3547 palustres
1577 3493 1816 3548 campos,
1844 3482 1934 3548 qui
1979 3482 2128 3535 silvis

546 3569 924 3640 iungebantur,
952 3586 1273 3640 prorupere:
1308 3572 1652 3628 molientibus
1684 3583 1732 3639 °,
1760 3573 1989 3627 hostium
2020 3574 2128 3628 rari

554 3679 881 3734 apparuere:
911 3665 1001 3734 qui
1029 3664 1332 3734 conjunctis
1360 3666 1614 3719 arborum
1643 3666 1868 3730 truncis,
1892 3665 1978 3719 vel
2000 3680 2130 3719 con-

528 3758 759 3813 cidibus
789 3766 1189 3825 superstantes,
1220 3756 1368 3811 velut
1393 3771 1424 3811 e
1466 3741 1693 3826 fastigiis
1741 3757 1966 3811 turrium
1992 3797 2006 3822 ,
2044 3772 2130 3809 sa-

546 3852 706 3919 gittas
737 3856 1127 3903 tormentorum
1179 3849 1288 3903 ritu
1333 3848 1573 3903 effudere
1626 3848 1789 3903 illitas
1840 3848 2127 3903 herbarum

546 3942 790 4008 venenis,
842 3950 903 3997 ut
940 3956 1168 3997 summa:
1194 3941 1340 4007 cuti,
1388 3956 1565 4013 neque
1592 3942 1882 3998 letltalihus
1932 3942 2127 3995 inflicta

530 4032 684 4088 locis
708 4036 949 4097 vulnera,
982 4032 1123 4088 haud
1160 4034 1344 4089 dubia:
1393 4045 1592 4089 mortes
1618 4044 1992 4103 sequerentur.
2027 4033 2131 4087 De-

547 4125 675 4178 hinc
704 4124 897 4193 majori
942 4125 1287 4179 multitudine
1314 4125 1554 4181 hostium
1583 4126 1941 4180 circumfusus
1967 4137 2131 4178 exer-

440 4277 450 4289 ,
528 4216 711 4281 citus,
754 4218 809 4271 in
836 4226 1023 4284 aperta
1051 4231 1398 4286 camporum,
1429 4234 1548 4287 quae
1578 4219 1742 4273 libera
1784 4216 1973 4273 Franci
2004 4218 2130 4272 reli-

547 4318 794 4376 qucrant,
820 4310 974 4364 avide
1010 4308 1211 4365 effusus
1240 4320 1360 4365 est:
1390 4324 1451 4363 ac
1494 4310 1651 4379 primi
1680 4311 1891 4379 equites
1916 4310 2129 4377 voragi.

546 4400 981 4455 nibusimmcrsi
1005 4439 1023 4467 ,
1057 4400 1338 4469 permixtis
1360 4400 1637 4455 hominum
1652 4400 2130 4470 jumentorumque

622 4546 657 4574 ἰ
696 4533 943 4601 Plerique
984 4533 1164 4599 -edit.,
1192 4531 1537 4594 Cenabo/do;
1590 4533 1738 4595 Bec.,
1778 4529 2127 4596 Cenebaudo;

2230 3300 2481 3355 utilitatis
2505 3300 2583 3354 rei
2613 3313 2741 3353 cura
2768 3296 2994 3351 Francis
3025 3298 3347 3353 satellitibus
3376 3301 3566 3353 tradita
3585 3342 3598 3361 .
3632 3300 3816 3355 civilia

2226 3390 2337 3460 60
2384 3404 2595 3457 quoque
2622 3387 2796 3442 ofﬁcia
2834 3384 2854 3425 ἱ
2890 3398 3222 3457 transgressa
3283 3394 3334 3442 in
3381 3388 3815 3458 conjnrationen.

2230 3480 2573 3552 Arbogastis:
2628 3480 2917 3543 nullusque
2943 3494 3007 3534 ex
3038 3479 3287 3534 omnibus
3326 3483 3680 3535 sacramentis
3707 3483 3817 3535 mi-

2229 3572 2359 3627 litia:
2401 3571 2679 3626 obstrictis
2706 3571 3078 3639 reperiebatur
3100 3611 3115 3634 ,
3150 3573 3236 3639 qui
3274 3570 3522 3626 familiari
3552 3574 3818 3642 principis

2229 3663 2465 3717 sermoni
2488 3661 2769 3732 autjussis
2797 3662 3018 3730 obsequi
3050 3662 3291 3715 auderet.
3342 3661 3546 3716 Dehinc
3592 3662 3815 3730 refert,

2230 3757 2370 3825 quod
2390 3756 2581 3810 eodem
2612 3769 2757 3809 anno
2787 3755 3113 3824 Arhogastes
3142 3757 3453 3810 Sunnonent
3502 3766 3558 3809 et
3602 3756 3814 3810 Marco-

2233 3864 2432 3904 merem
2511 3847 2830 3918 subregulos
2887 3846 3211 3902 Francorum
3277 3848 3564 3919 gentilibus
3606 3848 3745 3903 odiis
3790 3852 3809 3901 t

2232 3942 2537 4005 insectans,
2591 3940 2938 4009 Agrippinam
2995 3940 3204 4009 rigente
3235 3940 3465 3994 maxime
3514 3941 3695 4035 hieme
3719 3957 3817 4010 pe-

2232 4032 2344 4086 tiit:
2380 4039 2671 4097 ratus.tuto
2693 4045 2882 4085 omnes
2914 4030 3156 4084 Francia:
3187 4045 3433 4085 recessus
3456 4030 3816 4099 penetrandos

2232 4124 2595 4193 urendosque,
2627 4138 2748 4177 cum
2791 4123 3031 4177 decussis
3060 4122 3199 4176 l‘oliis
3230 4122 3383 4175 nuda:
3413 4133 3572 4190 atque
3599 4132 3816 4178 arentes

2232 4220 2379 4275 silvae
2399 4217 2712 4271 insidiantes
2742 4217 2993 4269 occulere
3023 4230 3124 4267 non
3156 4223 3393 4284 possent.
3423 4212 3667 4267 Collecto
3684 4229 3818 4283 ergo

2232 4311 2489 4374 exercitu,
2514 4319 2882 4377 transgressus
2901 4306 3140 4359 Rhenum
3166 4305 3213 4367 ι,
3247 4305 3514 4359 Brictrrus
3538 4306 3671 4374 ripae
3694 4322 3820 4373 pro-

2231 4401 2408 4454 ximos
2428 4441 2441 4464 ,
2476 4415 2667 4469 pagunt
2700 4396 2718 4434 ι
2748 4400 2909 4451 etiaut
2939 4412 3098 4466 quem
3125 4396 3385 4451 Chamaui
3422 4397 3695 4461 incolunt,
3718 4400 3816 4451 de—

2232 4530 2400 4586 Codd.
2460 4545 2615 4597 mss.,
2650 4531 2936 4593 Bellovac.,
2970 4530 3247 4584 Beccensis
3277 4541 3332 4583 et
3379 4531 3584 4585 Turon.
3612 4531 3821 4587 habent

550 4605 682 4658 Bad.
735 4618 829 4673 pro
858 4591 1125 4659 'Ssnnotte
1152 4591 1331 4658 'hahet
1371 4591 1636 4669 Sansone;
1694 4591 1915 4671 Regm.,
1968 4591 2129 4657 Sum;
2155 4591 2210 4651 D
2234 4591 2653 4673 imperatorisque
2686 4617 2748 4654 ea:
2784 4591 2931 4673 more
2953 4600 3243 4673 obsidibus.
3277 4602 3419 4670 quod
3459 4602 3539 4657 sic
3566 4604 3823 4658 Mori-lius

550 4693 688 4728 80118.

627 4744 651 4783 ι
691 4743 781 4799 Sic
829 4744 1097 4811 appellant
1128 4753 1339 4800 veteres
1371 4759 1503 4797 mss.
1554 4743 1803 4798 AtColb.
1854 4752 1909 4798 et
1957 4742 2126 4813 Reg.

554 4814 867 4868 Namninus.
898 4813 1143 4883 Plerique
1171 4816 1323 4878 editi,
1358 4815 1614 4868 Nannius.

628 4896 649 4923 ο
691 4884 1014 4939 Carhouaria
1044 4887 1177 4938 silva
1210 4886 1349 4939 inter
1373 4886 1618 4939 Rhenum
1645 4896 1698 4941 et
1727 4884 1959 4939 Scaldim
1992 4886 2125 4952 sita,

550 4971 669 5023 qua:
695 4969 817 5022 pars
845 4962 964 5009 erat
992 4955 1314 5009 Arduennm.

621 5025 649 5063 ἀ
690 5027 793 5080 Alii
837 5025 1036 5079 habent
1090 5025 1388 5080 Novesium.
1438 5025 1568 5091 Quae
1610 5026 1854 5081 lectionis
1900 5026 2133 5080 varietas

551 5097 714 5150 etiam
763 5096 909 5166 apud,
931 5095 1065 5150 alios
1109 5108 1356 5151 auctmes
1408 5096 1672 5166 occurrit,
1726 5096 1885 5166 vulgo
1941 5097 2136 5151 dicitur

556 5166 722 5230 Nais,
755 5165 1007 5235 oppidum
1041 5165 1179 5219 haud
1222 5166 1458 5234 procula
1490 5164 1712 5220 Colonia
1747 5164 2056 5235 Agrippina.

627 5248 652 5307 ἦ
692 5237 818 5307 Mss.
855 5236 909 5301 2,
935 5252 1266 5307 prorumpere
1292 5238 1633 5289 molientibus.

628 5306 649 5344 τ
693 5305 943 5378 Valesius
986 5307 1113 5378 legit
1152 5305 1506 5378 Iovianorum.
1566 5308 1633 5361 Et
1658 5305 1871 5378 quidem
1901 5307 2140 5361 celebres

556 5387 711 5432 erant
756 5376 962 5430 Ioviani
1012 5376 1217 5438 milites,
1248 5377 1315 5430 de
1344 5378 1538 5444 quibus
1579 5376 1877 5430 'l'oittardus
1908 5378 1958 5428 in
2002 5380 2141 5433 nmis

559 5451 623 5501 ad
643 5447 993 5499 Lactantiunt.
1019 5448 1150 5500 Vide
1171 5460 1218 5500 et
1242 5446 1405 5500 Notas
1428 5448 1478 5498 in
1505 5447 1633 5501 Acta
1654 5458 1942 5515 martyrum
1970 5486 1986 5508 ,
2020 5465 2135 5512 pag.

560 5518 684 5571 ﬁlii.
721 5518 820 5567 Alii
856 5518 995 5570 l'urte
1036 5521 1121 5572 hic
1152 5529 1546 5580 memorantur,
1580 5520 1657 5571 sic
1686 5518 1813 5571 dicti
1846 5532 1874 5567 a
1906 5518 2096 5569 Joviuo
2124 5558 2137 5582 ,

558 5588 626 5641 de
656 5602 759 5652 quo
782 5584 939 5639 infra.

633 5665 659 5703 ι
702 5656 888 5726 llegm.
917 5695 932 5718 ,
981 5656 1257 5722 imperator
1306 5658 1368 5711 ab
1397 5660 1470 5711 eis
1523 5657 1746 5718 arreptis
1775 5657 2033 5709 obsidibus
2081 5673 2143 5709 ea:

557 5742 695 5781 more
731 5724 802 5779 ad
827 5724 1154 5778 Itiemondum
1190 5727 1416 5780 Treveris
1447 5729 1726 5789 concessit;
1757 5740 1807 5781 et
1844 5743 1939 5795 pro
1965 5744 2033 5778 an
2059 5728 2137 5779 vi-

554 5812 661 5865 ces,
701 5808 827 5864 etc.,
876 5796 1018 5851 idem
1069 5798 1189 5852 cod.
1217 5815 1282 5851 an
1311 5814 1399 5855 per
1426 5799 1554 5852 vices
1606 5798 1851 5853 tenuerint
1906 5814 2139 5867 regnum.

2232 4671 2615 4726 reStitueudum
2656 4671 2992 4741 suspicatur,
3026 4671 3382 4741 imperatisqne
3411 4690 3474 4726 ea;
3518 4690 3663 4728 more
3687 4675 3825 4729 obsi-

2228 4742 2396 4796 dibus.

2296 4810 2335 4849 it
2376 4814 2465 4866 Sic
2487 4811 2645 4877 Bec.;
2678 4811 2764 4864 alii
2795 4810 3045 4865 Thracas.

2246 4926 2253 4942 .
2314 4882 2327 4919 ί
2368 4882 2431 4936 ΔΙιΙ
2487 4892 2570 4936 est
2599 4881 2795 4948 publici
2842 4882 3097 4953 ministri,
3127 4880 3215 4952 qui
3248 4884 3565 4949 praesidibus
3592 4886 3825 4953 provin-

2241 4954 2447 5007 ciarum
2496 4960 2588 5005 ant
2636 4952 3031 5022 magistratibus
3081 4954 3444 5007 inserviebant
3497 4956 3547 5008 itt
3594 4952 3825 5022 publicis

2244 5024 2459 5077 muniis.
2510 5023 2645 5076 Hinc
2693 5021 2963 5078 0fticialés
3009 5023 3134 5077 dicti
3179 5031 3324 5077 sunt.
3363 5024 3493 5079 Vide
3541 5021 3733 5080 Barou.
3770 5030 3825 5080 in

2244 5093 2395 5147 Notis
2425 5092 2489 5145 ad
2520 5094 2789 5161 Martyrol.
2825 5092 3085 5147 Ronndie
3110 5092 3177 5145 27
3211 5093 3352 5146 Maii.

2320 5165 2333 5213 i
2386 5164 2504 5233 Ipse
2529 5164 2669 5216 enim
2698 5162 3020 5227 Arbogastes
3050 5178 3246 5233 genere
3283 5172 3401 5218 erat
3429 5163 3665 5219 Francus
3688 5207 3705 5231 ,
3740 5177 3824 5221 ου

2246 5236 2433 5308 scribit
2462 5232 2714 5308 Paulinus
2743 5234 2795 5308 in
2831 5234 2945 5287 Vita
2974 5232 3141 5288 sancti
3176 5234 3469 5302 Ambrosii,
3497 5247 3552 5291 et
3576 5236 3668 5291 alii
3692 5252 3825 5308 quo-

2248 5322 2352 5373 que
2380 5304 2498 5371 ejus
2528 5304 2625 5356 πενί
2656 5306 2946 5374 scriptores
2979 5307 3229 5359 innuunt.

2318 5375 2346 5412 ιι
2395 5375 2488 5427 llic
2517 5374 2569 5427 in
2590 5375 2711 5427 cod.
2739 5377 2936 5430 Bellov.
2960 5417 2974 5437 ,
3007 5374 3263 5431 detractis
3287 5376 3494 5430 duobus
3524 5375 3828 5447 feliis,qua3

2848 5447 2877 5483 α)

2246 5457 2540 5513 sequuntur
2566 5447 2629 5497 ad
2659 5460 2776 5513 cap.
2812 5447 2878 5500 i2
2909 5449 3119 5501 desunt.

2292 5587 2301 5589 _
2328 5516 2343 5554 ι
2378 5516 2574 5589 μοι’ὺί,
2601 5514 3001 5589 Βνῐειργὴετὶρω
3038 5521 3327 5588 proximum
3358 5534 3566 5589 pagunt.
3595 5517 3632 5574 li
3667 5527 3830 5582 sunt.

2250 5587 2302 5639 ni
2325 5587 2500 5649 fallor,
2535 5587 2775 5639 Bructeri
2797 5624 2813 5647 ,
2843 5587 2912 5640 de
2933 5588 3126 5653 quibus
3158 5587 3493 5653 l‘atercttlus,
3526 5589 3747 5643 Tacitus
3775 5598 3832 5644 et

2249 5656 2374 5723 alii,
2425 5671 2567 5728 quos
2590 5655 2836 5728 Toriugis
2858 5698 2873 5722 ,
2910 5658 3124 5711 Francis
3147 5698 3161 5721 ,
3204 5673 3307 5713 etc.
3330 5699 3346 5724 ,
3372 5659 3550 5728 jungit
3577 5660 3833 5715 Sidonius

2248 5742 2416 5779 carm.
2443 5727 2496 5780 7.
2530 5725 2868 5787 Habitabant,
2894 5736 2951 5780 ιιι
2974 5738 3119 5793 putat
3153 5731 3213 5780 ll.
3249 5725 3542 5794 Juniusfin
3573 5729 3833 5784 hodierna

2252 5797 2599 5867 Weslphalia.
2653 5796 2792 5852 Editi
2851 5798 2958 5852 duo
3006 5814 3097 5866 pro
3144 5802 3295 5852 etiam
3350 5800 3550 5855 habent
3605 5798 3833 5868 Αῖεὶαιη,
