4028 6342
210 304 331 364 30$

1101 303 1429 365 HISTORIA
1468 304 1913 363 FRANCORUM.
1952 307 2155 365 LIBER
2197 309 2572 368 SECUNDUS.

3366 313 3470 369 206

216 421 505 495 populatus
534 428 647 485 est,
692 419 842 475 nullo
881 432 1119 487 unquam
1148 428 1491 485 occursante,
1524 418 1626 473 nisi
1655 419 1794 489 quod
1827 424 1871 480 Α
1902 420 2037 485 suis,
2087 421 2314 491 imperio
2359 400 2661 490 praeditum,
2694 431 2851 494 atque
2879 422 2932 478 in
2963 439 3021 480 se
3057 428 3309 482 comitatu
3342 444 3472 500 geu-

219 516 375 584 pauci
398 529 463 568 ex
506 512 842 581 Ampsuariis
870 520 923 565 et
951 512 1159 566 Chattis
1208 511 1535 565 Marcomere
1579 513 1713 566 duce
1745 514 1795 565 in

217 606 564 661 ulterioribus
607 606 819 660 collium
866 605 1006 674 jugis
1054 620 1371 675 apparuere.
1413 623 1432 656 ι
1466 603 1659 658 Iterum
1714 605 1799 659 hic

218 697 424 753 relictis
451 705 559 749 tam
585 696 809 751 ducibus
839 706 993 765 quam
1024 697 1323 765 regalibus,
1355 706 1538 765 aperte
1568 694 1799 750 Francos

214 804 402 859 regem
433 797 459 825 ³
509 788 705 842 habere
743 788 1006 858 designat.
1046 787 1311 858 bujusque
1360 804 1551 842 nomen
1584 799 1804 856 praeter-

217 882 437 936 mittens
459 922 475 948 ,
501 884 617 935 'ait:
662 900 682 933 ι
722 882 927 938 Dehinc
958 882 1232 951 ‘Eugenius
1262 891 1518 953 tyrannus
1551 890 1800 949 suscepto

217 974 612 1043 expeditionali
642 976 941 1045 procinctu,
978 975 1152 1030 Rheni
1182 976 1397 1030 limitem
1431 974 1580 1043 petit,
1604 984 1658 1027 ut
1679 990 1799 1027 cum

220 1068 641 1122 Alamannorum
670 1077 723 1122 et
754 1066 1080 1121 Francorum
1134 1067 1380 1135 regibus,
1413 1067 1638 1121 vetustis
1696 1067 1797 1119 fte-

214 1160 437 1215 deribus
483 1174 549 1213 ex
588 1174 737 1214 more
786 1158 967 1226 initis,
1000 1160 1317 1212 immensum
1362 1172 1427 1211 ea
1485 1165 1801 1225 tempestate

220 1256 515 1308 exercitum
572 1251 823 1320 gentibus
872 1250 999 1304 feris
1048 1258 1362 1303 ostentaret.
1404 1266 1422 1299 ι
1462 1249 1587 1303 llzrc
1615 1263 1803 1316 supra-

215 1343 455 1412 scriptus
484 1342 946 1411 historiographus
968 1342 1036 1395 de
1065 1340 1288 1394 Francis
1311 1340 1584 1394 disseruit.

290 1433 530 1486 lite-tatus
556 1430 872 1486 Profuturus
926 1429 1254 1501 Frigeridus,
1303 1428 1459 1498 cujus
1504 1430 1612 1495 jam
1643 1424 1813 1496 supra

212 1523 583 1587 meminimus,
612 1535 735 1576 cum
784 1520 1008 1574 Romam
1039 1521 1201 1576 refert
1247 1535 1278 1574 a
1324 1518 1535 1573 Gotthis
1577 1526 1789 1587 captam

218 1622 382 1682 atque
411 1612 742 1681 subversam,
785 1612 890 1682 61
912 1611 1023 1665 ait:
1062 1629 1080 1662 α
1113 1611 1320 1666 Interea
1349 1610 1673 1678 Respendial
1705 1624 1799 1663 rex

221 1705 645 1759 Alamannorum
669 1701 720 1765 δ,
742 1701 918 1756 Goare
949 1701 1014 1754 ad
1046 1700 1316 1755 Romanos
1340 1707 1699 1769 transgresso,
1733 1699 1799 1755 de

1907 513 2035 565 tium
2067 515 2411 567 barbararum
2450 502 2743 569 accinctum
2778 517 2971 585 parari.
3023 516 3140 583 Quo
3190 520 3469 585 exterriti,

1906 604 2185 657 Edobecco
2210 616 2232 641 ο
2255 600 2319 658 ad
2346 608 2636 661 Germanas
2664 620 2846 676 gentos
2872 612 3163 679 prmmisso,
3182 611 3469 682 constans,

1904 704 1957 747 et
1986 693 2265 762 praefectus
2292 697 2399 765 jam
2452 688 2694 753 Decimus
2720 696 2745 736 ἀ
2771 684 3018 757 Βὺειὶὸυε
3066 720 3130 757 ex
3179 686 3493 773 ofﬁciorum;

1905 785 2159 853 magistro
2192 797 2381 857 petunt
2426 786 2628 844 Gallias
2656 805 2775 845 cum
2804 792 3023 847 Francis
3046 802 3100 848 et
3128 794 3435 849 Alamannis
3456 840 3472 862 ,

1902 878 2153 948 omnique
2176 879 2399 933 militum
2431 871 2610 944 manu,
2636 882 2699 933 ad
2722 882 3130 938 Constant'nnm
3149 885 3477 955 iamiamque

1904 970 2144 1023 redituri.
2182 971 2309 1024 Item
2355 986 2476 1025 cum
2517 970 2921 1027 Constantinum
2972 975 3205 1030 obsideri
3257 978 3476 1042 scribit,

1904 1060 1974 1113 ita
2018 1061 2186 1114 dirit:
2223 1062 2318 1115 Vix
2364 1063 2486 1115 dum
2538 1074 2755 1124 quartus
2805 1065 3097 1120 obsidionis
3145 1066 3477 1123 Constantini

1906 1154 2102 1205 mensis
2152 1154 2436 1219 agebatur,
2481 1168 2605 1206 cum
2660 1165 2876 1221 repente
2905 1170 2969 1209 ex
3020 1158 3259 1211 nlteriori
3309 1156 3478 1211 Gallia

1908 1242 2079 1295 llUtllll
2110 1245 2349 1308 veniunt,
2378 1243 2623 1298 Jovinuni
2656 1234 3012 1314 assumpsisse
3032 1258 3248 1302 ornatus
3279 1248 3489 1318 regios,

1812 1328 1817 1351 *
1906 1342 1957 1386 et
1986 1348 2104 1387 cum
2152 1334 2649 1403 Burgundionibus,
2683 1338 2791 1407 62
2826 1339 3163 1407 Alamannis,
3217 1341 3437 1396 Francis
3460 1383 3477 1408 ,

1907 1423 2109 1487 Alanis,
2166 1425 2419 1494 omnique
2468 1429 2707 1482 exercitu
2759 1428 3039 1485 imminere
3090 1430 3475 1488 obsidentibus.

1904 1512 1975 1565 Ita
2000 1514 2312 1567 ameleratis
2332 1516 2517 1580 moris,
2549 1527 2783 1571 reserata
2812 1522 2943 1573 urbe
2971 1510 3351 1578 Coristantinus
3387 1525 3479 1577 dc-

1904 1604 2066 1658 ditur.
2113 1604 2509 1676 CoMestimque
2557 1610 2621 1661 ad
2675 1609 2876 1665 ltitiam
2926 1604 3189 1680 direttus,
3244 1614 3421 1669 missis
3451 1633 3481 1670 a

1907 1697 2146 1762 principe
2188 1696 2400 1749 obviam
2442 1702 2877 1769 percussoribus,
2909 1718 3069 1771 supra
3104 1705 3223 1758 Min:
3247 1706 3352 1759 inm
3385 1692 3503 1759 tiu?

219 1794 414 1849 Rheno
441 1808 632 1863 agmen
678 1806 896 1846 suorum
950 1793 1233 1857 convertit,
1269 1789 1524 1846 Vandalis
1562 1790 1801 1844 Franco-
1835 1784 1876 1841 Β
1906 1800 2029 1839 men
2055 1786 2228 1852 capite
2272 1795 2549 1843 truncatus
2584 1801 2687 1843 est.
2739 1792 2805 1845 Et
2852 1804 2967 1860 post
3012 1810 3173 1863 pauca
3224 1795 3362 1873 idem
3395 1814 3482 1851 re-

220 1907 342 1948 rum
376 1893 514 1946 bello
552 1890 949 1954 laborantibus,
992 1886 1303 1957 Godegisilo
1332 1901 1459 1957 rege
1484 1886 1804 1955 absumpto,

222 1986 346 2038 acie
388 1983 574 2052 viginti
620 1982 788 2035 ferme
818 1980 1055 2034 millibus
1086 1978 1228 2034 ferro
1260 1979 1577 2047 peremptis,
1602 1977 1808 2033 cunctis

227 2073 588 2127 Vandalorum
611 2068 675 2125 ad
702 2071 1122 2126 internecionem
1154 2069 1415 2132 dclendis,
1446 2068 1498 2122 ni
1520 2068 1806 2122 Alanorum

228 2168 313 2221 vis
343 2166 396 2220 in
424 2177 665 2233 tempore
691 2162 1050 2218 suovenisset.
1098 2181 1117 2213 ι
1154 2162 1328 2215 Movet
1358 2176 1457 2215 nos
1490 2163 1605 2215 lucc
1623 2176 1806 2225 causa,

228 2259 370 2326 quod
398 2272 517 2310 cum
549 2256 774 2309 aliarum
825 2256 1065 2324 gentium
1097 2268 1249 2323 reges
1280 2254 1539 2318 nominat,
1580 2267 1676 2306 cur
1704 2268 1809 2305 non

225 2353 469 2405 nominet
496 2358 553 2403 et
584 2348 930 2402 Francorum.
965 2345 1165 2399 Tamen
1198 2361 1315 2399 cum
1342 2346 1453 2411 ait,
1484 2345 1623 2414 quod
1670 2344 1811 2398 Con-

226 2444 530 2504 stantinus,
578 2448 845 2505 assumpta
900 2437 1202 2507 tyrannide,
1235 2438 1606 2491 Constantium
1645 2435 1808 2490 filium

228 2532 296 2585 ad
337 2545 397 2585 se
435 2532 503 2585 de
550 2529 818 2598 Hispaniis
848 2527 1033 2581 venire
1058 2527 1326 2596 jussisset,
1386 2526 1453 2580 ita
1506 2525 1803 2583 disseruit:

229 2638 254 2672 ς
293 2620 479 2673 Accito
527 2617 907 2672 Constantinus
960 2625 1217 2684 tyrannus
1248 2615 1313 2669 de
1344 2614 1613 2684 Hispaniis
1662 2612 1809 2667 Con-

226 2719 406 2773 stante
441 2708 576 2773 tilio,
601 2710 833 2777 itemque
875 2716 1136 2777 tyranno,
1170 2721 1274 2775 quo
1302 2706 1368 2760 de
1397 2721 1601 2760 summa
1632 2722 1809 2761 rerum

222 2803 602 2858 consultarent
625 2810 933 2866 praesentes,
969 2800 1161 2854 factum
1190 2806 1272 2853 est
1300 2806 1358 2852 ut
1396 2798 1679 2863 Constans,
1724 2799 1811 2853 in-

228 2901 534 2948 strumento
562 2891 696 2944 aula:
739 2898 793 2943 et
843 2888 1070 2957 conjuge
1108 2902 1203 2941 sua
1251 2887 1697 2958 Ctesar-augustze
1727 2888 1811 2943 di-

231 2985 413 3041 missis
434 3029 448 3051 ,
479 2983 736 3038 Gerontio
760 2983 894 3036 intra
939 2982 1219 3049 Ilispanias
1257 2980 1507 3033 omnibus
1553 2980 1769 3035 creditis
1794 3024 1810 3049 ,

225 3078 301 3133 ad
334 3089 534 3147 patrem
558 3076 871 3131 continuato
897 3074 1090 3129 itinere
1128 3073 1464 3128 decurreret.
1497 3074 1598 3140 Qui
1637 3072 1725 3129 ubi
1758 3074 1810 3127 in

233 3140 401 3226 unum
438 3181 686 3231 venere,
720 3164 1015 3233 interjectis
1054 3163 1244 3218 diebus
1277 3164 1539 3232 plurimis,
1575 3164 1719 3219 nullo
1746 3181 1811 3219 ex
1839 3140 1886 3203 (ἶ

230 3260 384 3315 Italia
409 3267 577 3324 metu,
603 3256 986 3311 Constantinus
1012 3256 1150 3325 gula
1176 3264 1231 3310 et
1264 3256 1436 3308 ventri
1464 3255 1702 3322 deditus,
1728 3271 1814 3309 re-

233 3350 355 3405 dire
378 3349 445 3403 ad
468 3348 749 3415 Hispanias
775 3346 938 3400 lilium
969 3352 1170 3419 monet.
1198 3344 1299 3411 Qui
1323 3345 1616 3414 prmmissis
1646 3346 1814 3415 agmi-

232 3441 415 3505 nibus,
444 3441 570 3494 dum
599 3454 720 3493 cum
751 3446 901 3505 patre
928 3437 1211 3497 resideret.
1242 3438 1311 3490 ab
1344 3437 1593 3506 Hispania
1642 3438 1812 3493 nuntii

230 3540 574 3591 commeant,
598 3545 626 3583 a
644 3530 907 3584 Gerontio
941 3530 1253 3593 Maximum,
1283 3544 1443 3582 unum
1475 3544 1507 3583 e
1530 3530 1813 3587 clientibus

232 3659 346 3714 quo
373 3656 585 3696 nomine
614 3640 848 3714 Ortelins
878 3640 1082 3714 putavit
1111 3640 1377 3714 designari
1410 3655 1622 3714 pagum,
1651 3658 1810 3714 quem

236 3709 494 3769 Cbamani
516 3752 531 3776 ,
561 3714 674 3765 sive
697 3709 948 3765 Chamari
967 3754 981 3777 ,
1013 3718 1071 3763 ut
1106 3710 1196 3763 alii
1226 3711 1439 3763 codices
1469 3712 1694 3773 habent,
1728 3713 1812 3766 iu-

234 3784 508 3838 colebant.
539 3781 675 3835 Infra
710 3795 810 3849 pro
839 3782 1190 3847 Ampsuariis,
1222 3780 1514 3842 Chesnius,
1545 3792 1684 3849 etc.,
1717 3784 1812 3835 ha-

240 3854 375 3909 bent
394 3851 756 3923 Ampsivariis;
782 3850 859 3905 sic
873 3865 978 3923 pro
1002 3850 1198 3923 Chattis
1223 3849 1385 3923 Corb.
1428 3849 1592 3905 habet
1617 3853 1812 3907 Gnatis.

241 3924 282 3979 li
300 3934 425 3978 sunt
448 3920 580 3975 cum
602 3921 842 3976 celebres
863 3920 1161 3974 Germania:
1184 3920 1382 3988 populi.

317 4002 346 4031 ι
389 3996 470 4047 An
500 3992 545 4045 is
564 4007 720 4061 quem
752 3992 1003 4046 nostratis
1033 3991 1266 4044 historia:
1295 3992 1582 4061 scriptores
1617 3990 1808 4045 Phara-

244 4065 503 4118 mundum
534 4077 628 4115 seu
657 4060 1047 4116 Faramundum
1100 4060 1413 4129 appellant,
1443 4077 1601 4128 quem
1654 4062 1816 4115 Chlo-

242 4133 426 4187 dionis
484 4142 683 4199 patrem
710 4174 725 4196 ,
758 4140 814 4185 et
868 4130 1136 4185 Francicze
1187 4130 1513 4185 monarchiee
1542 4142 1813 4201 parentem

238 4219 366 4260 esse
412 4202 627 4256 volunt?
650 4202 995 4256 Chlodionem
1026 4201 1342 4256 Faramundi
1374 4202 1538 4255 litium
1584 4200 1816 4269 appellat

242 4284 462 4337 auctor,
494 4275 582 4340 qui
625 4270 784 4326 Gesta
830 4271 1154 4327 Francorum
1193 4274 1404 4340 scripsit
1439 4272 1539 4326 sub
1568 4270 1815 4325 Theode-

244 4340 363 4398 rico
395 4344 434 4396 Il
475 4356 620 4411 rege,
650 4356 807 4411 quem
855 4342 1023 4396 secuti
1054 4349 1178 4411 sunt
1215 4340 1431 4407 ltorico,
1462 4352 1566 4397 etc.
1602 4344 1656 4394 In
1687 4342 1816 4396 Pro-

243 4414 390 4478 speri
418 4410 683 4465 Chronico
716 4414 782 4465 ad
820 4426 1015 4467 annum
1052 4410 1124 4465 26
1154 4411 1392 4476 llonorii,
1426 4412 1476 4466 id
1506 4422 1588 4467 est
1617 4411 1812 4465 Christi

243 4482 387 4546 420.
416 4482 786 4573 Faratnundus
817 4481 1327 4573 r'egr't'alssel'diciturI
1348 4483 1402 4535 in
1452 4481 1817 4573 lignei-aius;
1844 4513 1901 4573 Β

246 4555 497 4621 superius
545 4551 609 4605 ad
640 4567 835 4604 annum
864 4550 900 4603 4
920 4550 1207 4621 Theodosii
1232 4596 1246 4617 ,
1279 4552 1329 4605 id
1356 4563 1437 4606 est
1458 4553 1651 4607 Christi
1681 4551 1816 4615 582,

242 4619 440 4693 legitur
463 4661 480 4685 ,
505 4621 749 4693 Priamus
776 4630 951 4693 regnat
975 4623 1027 4674 in
1051 4619 1294 4674 Francia.
1320 4622 1682 4693 At_F.ugenius
1706 4664 1723 4687 ,
1752 4622 1821 4677 de

243 4690 353 4758 quo
386 4694 473 4745 hic
493 4690 802 4760 Gregorius,
834 4690 1041 4745 occisus
1069 4700 1154 4745 est
1184 4707 1325 4744 anno
1354 4691 1476 4746 594.
1501 4690 1699 4746 'Mtrum
1724 4708 1820 4745 au-

244 4771 355 4816 tem
382 4772 465 4816 est
496 4762 622 4816 nihil
646 4763 711 4814 de
741 4760 1074 4814 Faramundo
1095 4763 1232 4826 apud
1255 4762 1566 4830 Gregorium
1596 4770 1651 4815 et
1686 4761 1821 4816 Fre-

245 4832 525 4901 degarium
558 4831 762 4884 haberi.
794 4830 1057 4884 Caeterum
1109 4831 1351 4901 Valesius
1395 4832 1489 4886 lib.
1544 4847 1578 4884 ιι
1623 4831 1818 4884 lterum

244 4900 531 4965 Francic.,
566 4916 682 4968 pag.
715 4901 805 4967 8i,
838 4901 1059 4955 inscitia:
1096 4900 1411 4968 Gregorium
1465 4902 1639 4969 arguit
1681 4900 1822 4968 quod

246 4987 309 5025 ea
333 4974 494 5025 verba
527 4971 745 5037 Sulpicii
783 4970 1102 5035 Alexandri,
1134 4969 1233 5024 Ger
1261 4972 1470 5036 mande,
1501 4982 1604 5025 etc.
1634 5014 1648 5036 ,
1679 4972 1825 5021 duci-

246 5040 343 5095 bus
363 5049 423 5095 et
444 5038 762 5093 Marcomere
788 5042 916 5093 duce
933 5080 950 5109 ,
986 5041 1364 5103 interpretatus
1392 5043 1460 5094 sit
1486 5041 1555 5095 de
1575 5041 1724 5093 ducis
1745 5040 1827 5092 di-

241 5116 485 5180 gnitate,
526 5111 678 5180 quasi
719 5122 847 5164 tunc
887 5111 1140 5177 temporis
1180 5109 1367 5164 Franci
1412 5110 1580 5164 duces
1625 5111 1826 5163 solum-

242 5179 411 5235 ntodo
460 5179 781 5247 habuerint,
813 5195 919 5235 non
967 5195 1156 5250 reges,
1185 5184 1328 5247 quod
1351 5221 1366 5244 ,
1401 5182 1605 5250 inquit,
1640 5190 1822 5250 pbstea

243 5260 460 5305 veteres
482 5265 544 5303 ac
572 5253 901 5305 recentiores
929 5249 1167 5316 plerique
1196 5251 1411 5304 incaute
1432 5247 1597 5304 secuti
1626 5247 1823 5311 Grego-

244 5320 410 5384 rium,
450 5321 652 5390 pariter
701 5322 1051 5388 scripserunt.
1093 5320 1225 5372 Cum
1275 5332 1450 5373 tamen
1479 5329 1682 5373 certum
1713 5327 1821 5390 st,

242 5398 305 5444 ut
334 5391 425 5444 ille
463 5390 758 5451 existimat,
785 5392 931 5444 ducis
959 5405 1173 5444 nomrue
1221 5404 1287 5444 eo
1339 5391 1455 5443 loco
1497 5390 1630 5442 nihil
1673 5389 1818 5441 aliud

242 5458 542 5528 sulpicium
573 5460 837 5525 volui~se,
885 5476 1042 5528 quam
1082 5458 1147 5514 iis
1178 5459 1484 5514 auctoribus
1512 5472 1604 5513 seu
1633 5459 1820 5510 ducto-

246 5532 421 5596 ribus,
472 5529 635 5594 bella,
684 5545 801 5599 qua:
826 5532 909 5584 hic
949 5544 1328 5591 memorantur,
1358 5546 1389 5583 a
1420 5529 1635 5599 Francis
1664 5531 1823 5582 tuisse

242 5602 512 5659 confeCta,
542 5601 862 5669 abundeque
892 5602 1022 5671 istos
1048 5600 1321 5671 principes
1342 5616 1466 5654 vere
1497 5598 1820 5671 Francorum

242 5684 413 5741 reges,
457 5670 622 5741 fuisse
666 5668 877 5725 constet
904 5686 971 5725 ex
998 5668 1294 5725 Claudiano
1318 5709 1334 5735 ,
1365 5670 1587 5741 Paulino
1618 5668 1669 5720 in
1710 5668 1821 5720 Vita

243 5740 418 5797 sanati
472 5740 765 5800 Ambrosii,
796 5751 848 5796 et
879 5740 1105 5803 ipsomet
1147 5741 1414 5807 Sulpicio,
1447 5740 1537 5807 qui
1580 5753 1673 5794 eos
1717 5753 1822 5791 non

1911 1877 2045 1932 fert:
2077 1877 2290 1932 Ilisdem
2321 1879 2509 1933 diebus
2540 1887 2822 1950 prmrectus
2850 1894 3196 1955 tyrannorum
3234 1885 3481 1944 Decimus

1910 1968 2161 2021 Rusticus
2185 2009 2199 2030 ,
2259 1970 2542 2038 Agl‘Ot‘IllIS
2574 1988 2638 2025 ex
2684 1976 2993 2043 primicerio
3023 1980 3347 2033 notariorum
3388 1981 3483 2035 .Io-
3506 1960 3513 1973 II

1910 2060 2018 2115 vini
2046 2069 2101 2125 ⁸,
2138 2058 2397 2132 multique
2444 2064 2650 2120 nobiles
2680 2065 2815 2132 apml
2848 2070 3116 2123 Arvernos
3146 2074 3282 2139 capti
3324 2088 3351 2124 a
3384 2073 3479 2124 du-

1908 2153 2060 2206 cibus
2114 2154 2495 2221 llonorianis,,
2528 2166 2584 2210 et
2643 2153 2932 2213 crudeliter
2983 2160 3287 2229 interempti
3339 2175 3485 2216 sunt.

1910 2245 2265 2299 Treverorum
2315 2248 2519 2324 civitas.
2552 2264 2582 2301 a
2630 2249 2847 2303 Francis
2878 2238 3083 2321 direpta
3106 2294 3120 2317 ,
3164 2246 3513 2324 incensaque

1910 2348 1993 2391 eat
2039 2337 2273 2391 secunda
2321 2339 2640 2406 irruptione.
2676 2357 2697 2390 ι
2731 2342 2863 2395 Cum
2898 2353 3072 2397 autem
3107 2347 3349 2400 Asterius
3396 2362 3487 2401 (ξος

1911 2427 2102 2482 dicillis
2128 2430 2495 2500 imperialibus
2524 2432 2855 2500 patriciatum
2880 2437 3101 2489 sonitus
3133 2438 3340 2507 fuisset,
3367 2440 3481 2496 [nec
3510 2412 3519 2431 ξ

1912 2520 2194 2591 adjungit:
2231 2538 2252 2572 ε
2294 2521 2494 2576 Eodem
2519 2518 2759 2592 tempore
2787 2526 3035 2581 Castinus
3065 2530 3482 2588 domesticorum

1911 2627 2113 2676 Cttlttt‘s,
2160 2610 2501 2681 expeditione
2536 2615 2594 2668 in
2640 2616 2873 2669 Francos
2902 2629 3167 2687 suscepta,
3197 2621 3259 2673 ad
3288 2622 3486 2677 Gallias

1915 2703 2164 2756 mittitur.
2204 2723 2221 2755 ι
2259 2704 2383 2757 Ηςνο
2409 2706 2458 2757 bi
2485 2706 2552 2759 de
2581 2706 2803 2759 Francis
2823 2707 3027 2763 dixere.
3061 2696 3281 2764 Orosius
3310 2698 3504 2767 autem.

1913 2795 2099 2861 etipse
2132 2793 2592 2864 historiographus
2614 2796 2666 2849 in
2698 2800 2926 2864 septimo
2954 2792 3142 2865 operis
3162 2801 3240 2852 sui
3272 2800 3407 2856 libro
3438 2799 3484 2867 ί,
3518 2786 3523 2867 ί

1916 2883 1985 2936 ita
2042 2894 2460 2938 commemorat:
2518 2902 2539 2935 ι
2599 2885 2786 2941 Stilico
2848 2889 3181 2958 coagrrgatis
3243 2882 3519 2959 gentibus

1916 2974 2154 3027 Francus
2187 2974 2432 3040 proterit,
2463 2972 2709 3029 Rhenum
2752 2978 2965 3044 transit,
3007 2977 3206 3032 Gallias
3240 2984 3489 3051 pervaga-
3522 2964 3527 2975 ’

1920 3075 2034 3128 tur,
2061 3072 2113 3116 et
2138 3065 2203 3115 ad
2237 3063 2523 3133 Pyrenaeos
2556 3080 2721 3132 usque
2753 3069 3059 3135 perlabitur.
3098 3087 3116 3120 ι
3164 3066 3313 3124 Hanc
3335 3070 3487 3126 nobis

1918 3156 2164 3209 notitiam
2193 3156 2262 3211 de
2294 3156 2511 3211 Francis
2557 3162 2835 3213 munerati
2896 3161 3131 3216 historici
3179 3163 3446 3230 reliquere
3470 3204 3489 3232 ,

1917 3250 2132 3317 regibus
2166 3263 2271 3303 non
2301 3252 2608 3304 nominatis.
2650 3252 2891 3306 Tradunt
2918 3255 3060 3306 enim
3094 3256 3243 3309 multi
3274 3260 3489 3310 eosdem
3520 3242 3527 3245 ’

1916 3340 1983 3394 de
2031 3339 2307 3394 Pannonia
2359 3343 2524 3397 fuisse
2571 3342 2862 3412 digressos.
2906 3342 2971 3398 Et
3018 3346 3246 3413 primum
3275 3347 3488 3417 quidem

1917 3433 2097 3486 littora
2125 3433 2297 3487 Rheni
2340 3436 2511 3488 amnis
2557 3437 2838 3493 incoluisse
2883 3448 2953 3492 ετ
3004 3439 3197 3494 dehinc
3227 3453 3491 3498 transacto
3526 3430 3529 3433 r

1919 3525 2131 3582 llheno.
2171 3524 2513 3593 Thoringiam
2548 3526 2573 3563 δ
2599 3537 2983 3584 transmeassc:
3017 3530 3192 3598 ibique
3219 3531 3368 3601 juxta
3400 3549 3491 3602 pa-

1919 3640 2091 3714 solum
2122 3642 2316 3714 regales
2339 3683 2353 3705 ,
2382 3642 2475 3696 sed
2526 3653 2579 3697 et
2624 3644 2918 3711 subregulos
2944 3644 3210 3714 appellat,
3246 3660 3350 3714 quo
3391 3662 3491 3699 no-

1922 3711 2065 3785 mine
2087 3712 2153 3785 ab
2176 3710 2240 3785 eo
2261 3722 2480 3785 auctore
2508 3728 2658 3785 reges
2684 3710 2847 3767 fuisse
2869 3710 3173 3785 designatos
3194 3710 3488 3770 contendit.
3528 3710 3531 3716 ’

1920 3777 2062 3833 Idem
2099 3782 2337 3836 Valesius
2366 3784 2417 3836 in
2462 3777 2719 3836 adtlendis
2748 3785 2812 3836 ad
2846 3777 3044 3837 tomuiu
3078 3786 3092 3837 l
3120 3786 3367 3838 observat
3394 3788 3488 3839 At-

1920 3848 2066 3903 tilam
2091 3860 2146 3905 et
2168 3852 2404 3917 Bledam,
2436 3853 2744 3906 Hunnorum
2767 3867 2923 3922 reges
2940 3891 2955 3917 ,
2979 3868 3009 3906 a
3036 3853 3218 3907 Prisco
3240 3869 3487 3908 nonnun-

1918 3934 2076 3990 quam
2100 3923 2305 3990 regales
2328 3922 2604 3990 appellari.

1992 3988 2019 4027 ιδ
2063 3988 2304 4045 Valesius
2340 3988 2647 4045 etCoinlittS
2668 3991 2848 4062 legunt
2871 3990 3171 4046 Alanorum.

1999 4070 2026 4098 ε
2068 4062 2191 4115 Bec.
2212 4101 2228 4124 ,
2261 4062 2543 4114 Udobecco.

1991 4135 2019 4171 ά
2058 4132 2146 4184 Sic
2171 4130 2357 4196 Corb.,
2393 4131 2547 4196 Bad.,
2573 4137 2676 4185 etc.
2699 4174 2714 4196 ,
2745 4130 2879 4185 sicut
2918 4140 2973 4184 et
3004 4130 3168 4197 infra;
3198 4132 3311 4200 alii,
3344 4134 3493 4190 θεεί-
3534 4140 3537 4145 '

1920 4204 2145 4275 mineris
2164 4208 2248 4275 est
2273 4201 2546 4275 ltusticus,
2582 4215 2638 4275 ut
2667 4202 2915 4275 observat
2941 4201 3258 4275 Sirttnuidus
3281 4245 3297 4271 ,
3328 4221 3489 4275 quem
3536 4266 3537 4269 η

1920 4271 2241 4344 Apollinaris
2257 4272 2452 4344 Sidon.
2487 4271 2669 4344 laudat
2693 4271 2784 4324 lib.
2809 4286 2862 4337 ν,
2895 4274 3053 4344 epist.
3078 4273 3133 4328 9.

1995 4357 2020 4384 ο
2058 4341 2211 4407 Reg.,
2239 4340 2484 4412 Iovinus,
2525 4341 2799 4409 multique,
2832 4353 2939 4396 etc.
2967 4341 3157 4409 Corb.,
3180 4359 3243 4397 ea:
3273 4346 3493 4412 primiti-

1918 4428 2095 4470 uorum
2125 4415 2436 4464 notariorum
2454 4410 2644 4471 Iovini,
2669 4423 2770 4466 etc.

1998 4485 2019 4524 ί
2062 4483 2279 4537 Scilicet
2301 4497 2417 4548 cap.
2457 4481 2547 4546 98,
2580 4497 2674 4535 seu
2709 4488 2868 4539 totius
2895 4481 3071 4550 opt-ris
3104 4485 3414 4551 penultimo.

1996 4564 2019 4602 tt
2064 4553 2214 4605 Colb.
2235 4592 2250 4613 ,
2282 4563 2413 4617 etc.,
2444 4551 2751 4607 incubuisse.

1993 4624 2023 4661 ιι
2067 4623 2157 4676 Sic
2203 4622 2400 4675 habent
2428 4637 2614 4675 omnes
2655 4638 2783 4675 mss.
2830 4637 2964 4691 quos
3007 4622 3157 4676 licuit
3187 4625 3403 4690 videre,
3438 4633 3494 4680 et

1925 4695 2084 4760 infra,
2115 4691 2513 4761 Thoringorunt,
2559 4703 2747 4758 prater
2774 4694 2961 4761 Regm.
2987 4708 3072 4761 qut
3121 4694 3218 4747 hac
3259 4699 3490 4749 secunda

1925 4766 2037 4819 vice
2065 4762 2221 4815 habet
2243 4760 2557 4831 Tungorum,
2582 4770 2635 4815 et
2660 4762 2814 4824 Bad.,
2839 4760 3175 4831 Tangi-orum.
3198 4762 3348 4818 Unde
3368 4780 3490 4818 cum

1925 4834 2214 4899 Thuringia
2242 4841 2390 4883 trans
2422 4832 2659 4884 llhenum
2688 4832 2974 4887 Galliarum
3005 4845 3249 4899 resliectu
3274 4834 3374 4886 sita
3399 4840 3490 4898 sit,
3544 4896 3547 4897 ν

1927 4906 2167 4958 Valesius
2190 4900 2471 4969 legendum
2507 4911 2652 4965 putat
2678 4911 2936 4955 transacto
2967 4903 3157 4965 Alieno,
3186 4905 3275 4970 qui
3301 4903 3493 4955 fluvius

1926 4990 1958 5029 c
1986 4974 2256 5027 Pannonia
2280 4973 2329 5023 iu
2352 4970 2695 5040 Thuringinm
2729 4973 3130 5037 properantibus
3157 4982 3489 5040 transmean-

1927 5045 2027 5096 dus
2065 5052 2167 5095 est.
2213 5040 2382 5094 Aliam
2413 5040 2546 5092 \iatn
2568 5039 2695 5093 iniit
2729 5044 2788 5094 Il.
2824 5043 2878 5095 P.
2918 5044 3096 5094 Danu-I
3130 5042 3252 5094 Soc.
3282 5039 3407 5094 .Iesu
3439 5046 3493 5095 in

1930 5111 2160 5167 Ilistoria
2181 5110 2421 5163 Francia:
2447 5124 2475 5161 a
2499 5124 2558 5177 se
2578 5109 2779 5165 Gallice
2802 5112 2962 5170 edita,
2990 5114 3074 5163 ubi
3098 5110 3168 5161 ait
3197 5109 3373 5162 Rheno
3398 5127 3494 5164 vo-

1928 5197 2044 5235 cem
2090 5194 2208 5234 esse
2238 5180 2565 5233 retinendam
2594 5194 2661 5233 eo
2701 5183 2837 5248 quod
2871 5183 2953 5233 hic
2981 5178 3221 5246 Gregorii
3252 5182 3397 5233 locus
3429 5180 3496 5233 de

1928 5250 2151 5307 truncis
2179 5249 2546 5321 Intelligendum
2577 5250 2666 5314 sit,
2697 5253 2786 5321 qui
2817 5262 2933 5318 post
2986 5257 3229 5321 acceptas
3258 5265 3286 5302 a
3320 5249 3493 5302 Probo

1930 5331 2251 5385 imperatore
2281 5322 2421 5373 circa
2473 5320 2694 5374 Pontetn
2715 5317 2728 5321 ’
2749 5317 3013 5373 Euxinum
3046 5317 3200 5370 St'dCS
3222 5362 3234 5380 ,
3272 5335 3365 5388 per
3401 5338 3491 5371 \a-
3546 5384 3549 5385 ν

1932 5407 2040 5445 rtas
2073 5392 2370 5457 provincias
2424 5391 2684 5456 divagati,
2742 5390 2953 5442 tandem
2998 5390 3049 5441 in
3093 5392 3311 5455 patriam
3344 5405 3492 5442 suam

1929 5476 2024 5528 per
2049 5461 2248 5515 Gallias
2274 5461 2597 5528 repedarint,
2623 5473 2728 5525 quo
2752 5468 2903 5528 pacto
2937 5457 3177 5528 Rhenum
3211 5463 3493 5525 transiere,

1928 5526 2082 5598 quem
2108 5545 2286 5583 revera
2319 5526 2531 5582 obvium
2557 5532 2752 5598 habere
2777 5526 3105 5581 debuissent.
3136 5527 3236 5582 Sed
3257 5531 3369 5582 haec
3397 5545 3493 5581 ex-
3547 5526 3554 5540 '

1929 5597 2121 5675 positio
2159 5597 2603 5675 verbisGregorii
2632 5598 2903 5651 contraria
2934 5598 3496 5675 v_idetur._Guillelmus
3545 5654 3553 5675 Ρ

1931 5671 2183 5724 Mcrelius
2221 5684 2279 5720 se
2303 5668 2497 5720 vidisse
2526 5667 2597 5719 ait
2620 5679 2851 5737 veterem
2878 5669 3136 5731 codicem,
3168 5669 3220 5721 in
3260 5684 3365 5737 quo
3401 5684 3491 5721 ea-

1935 5741 2056 5794 dem
2087 5754 2242 5791 manu
2272 5739 2525 5793 scriptum
2566 5746 2710 5791 erat.
2748 5736 3123 5790 Thorinaarum
3155 5738 3235 5784 vol
3263 5736 3501 5802 Tungro-
