4028 6342
526 353 633 408 207

1567 348 1622 399 S.
1667 343 1993 400 GREGORII
2040 339 2339 397 EPISCOPI
2382 338 2814 395 TURONENSIS

524 488 626 545 gos
657 471 736 525 vel
766 469 1040 535 civitates,
1071 479 1227 536 reges
1254 464 1474 519 crinitos
1511 477 1672 533 super
1700 477 1758 516 se
1786 462 2101 526 creavisse,
2136 466 2185 526 Α
2211 463 2371 545 atque
2414 454 2764 545 saltationes,
2774 466 3029 545 curuare
3076 449 3349 545 immundo
3384 448 3708 545 proferrent
3743 452 3818 505 de

529 567 600 620 de
625 563 815 634 prima,
860 571 915 623 rt
952 570 1011 614 ut
1035 560 1109 613 ita
1132 560 1330 621 dicam,
1362 555 1610 610 nobiliori
1634 568 1853 619 suorum
1892 550 2110 605 fam‘dia.

530 660 685 726 Quod
735 668 918 729 postea
955 655 1233 724 probatum
1280 649 1645 705 Cltlodovechi
1674 658 1698 685 ι
1731 647 1969 701 victorim
2003 656 2113 698 tra-

530 753 741 813 didere,
775 750 933 818 idque
960 747 1011 801 in
1042 743 1288 813 sequenti
1319 744 1633 813 digerimus.
1666 741 1796 795 Nam
1823 752 1875 794 et
1902 739 1953 793 in
1986 752 2114 791 eon-

532 844 801 901 sularibus
840 842 1069 911 legimus
1091 837 1519 893 Theodomerem
1541 849 1721 905 regem
1756 832 2108 895 Francorum,

534 937 701 992 illium
738 930 1056 988 ltirhimeris
1084 929 1352 999 quondam
1381 925 1409 965 δ
1431 966 1446 991 ,
1475 935 1529 980 et
1573 926 1843 979 Ascltilam
1888 930 2115 977 matrem

534 1030 685 1096 ejus,
719 1026 894 1095 gladio
923 1022 1253 1077 interiectos.
1297 1017 1500 1072 Ferunt
1529 1016 1689 1070 etiam
1714 1024 1839 1069 tunc
1866 1012 2118 1081 Chlogio-

534 1138 658 1176 nem
684 1119 865 1173 utilem
894 1131 957 1170 ac
980 1112 1368 1169 nobilissimum
1391 1110 1443 1163 in
1468 1118 1627 1179 gente
1654 1123 1770 1173 sua,
1806 1121 1984 1176 regem
2008 1105 2115 1175 63

536 1212 864 1267 Francorum
898 1207 1094 1271 luisse,
1147 1204 1238 1274 qui
1275 1203 1413 1272 apud
1459 1202 1770 1269 Distiargum
1814 1209 1843 1236 ο
1883 1206 2115 1251 castraut

542 1302 839 1365 habitabat,
871 1297 1013 1367 quod
1046 1308 1129 1351 est
1175 1296 1227 1349 in
1254 1294 1482 1348 termino
1512 1292 1555 1345 Τ
1561 1291 1923 1358 horingorunt.
1959 1288 2011 1340 In
2038 1288 2119 1339 his

535 1403 711 1446 autent
740 1387 1006 1460 partibus,
1032 1385 1085 1439 ω
1116 1392 1199 1439 est
1227 1384 1293 1436 ad
1328 1380 1735 1437 meridionalem
1763 1381 1992 1447 plagam,
2020 1379 2117 1429 ha-

539 1483 783 1537 bitabant
808 1477 1037 1534 Romani
1068 1490 1237 1546 usque
1290 1473 1522 1545 Ligerim
1551 1471 1794 1525 ﬂuvium.
1830 1470 1979 1525 Ultra
2028 1470 2118 1523 Li-

534 1575 707 1646 gerim
738 1585 869 1627 vero
893 1568 1075 1625 Gotthi
1102 1567 1539 1622 dominabantur.
1566 1562 1971 1633 Burgundiones
1990 1577 2121 1630 quo-

535 1678 645 1731 que
682 1662 1003 1716 Arianorum
1046 1667 1250 1714 sectam
1280 1664 1598 1727 sequentes,
1636 1654 1947 1708 habitabant
1978 1661 2124 1705 trans

538 1753 879 1817 Rhodanum,
910 1752 1000 1822 qui
1027 1750 1236 1820 adjacet
1276 1748 1479 1802 civitati
1513 1744 1873 1812 Lugdunensi.
1899 1743 2124 1807 Chlogio

2214 543 2402 599 eodem
2431 543 2662 612 sculptili
2694 560 2707 596 :
2739 542 2812 596 lli
2838 541 2953 609 δή
2975 550 3095 595 sunt
3121 542 3195 595 dii
3226 543 3316 602 tui,
3373 537 3566 603 Israel,
3622 541 3708 607 qui
3766 549 3819 594 te

2216 634 2499 688 eduxerunt
2530 635 2592 687 de
2621 643 2759 687 terra
2786 632 3010 703 ιεῃυριί
3028 630 3249 704 .(Ε.το‹1.
3276 646 3407 693 xxu,
3432 630 3490 699 ι)
3514 646 3529 685 :
3560 630 3816 686 cecidere

2216 740 2282 782 ex
2310 729 2389 781 eis
2422 727 2605 795 viginti
2630 737 2861 795 quatuor
2906 726 3073 779 millia
3120 724 3417 778 hominum.
3446 723 3583 789 Quid
3614 726 3684 779 de
3726 724 3817 778 his

2217 820 2305 890 qui
2330 820 2520 874 initiati
2542 818 2876 890 Beelphegor
2895 832 3016 873 cum
3047 817 3425 873 Moabitidibns
3447 816 3644 871 scortis
3662 831 3819 870 corl-

2219 912 2403 980 mixti,
2464 928 2493 966 a
2553 914 2808 981 proximis
2853 912 3017 974 «αἱ,
3059 909 3320 980 prostrati
3364 910 3538 964 sunt?
3597 910 3650 962 In
3704 923 3818 976 qua

2220 1006 2372 1074 plaga
2405 1003 2635 1058 Phincos
2678 1002 2953 1068 sacerdos,
2988 1001 3323 1072 interemptis
3346 1002 3624 1063 adulteris,
3659 1005 3819 1054 sedse

2219 1095 2297 1148 vit
2326 1095 2557 1148 furorem
2589 1093 2679 1147 Dei
2711 1092 2902 1163 (Num.
2934 1110 3060 1158 xxv,
3092 1094 3117 1147 1
3156 1105 3203 1147 et
3233 1093 3326 1163 5),
3354 1103 3400 1144 et
3429 1102 3720 1163 reputation
3742 1098 3821 1142 est

2217 1184 2299 1239 illi
2319 1185 2656 1256 adjustitiam
2692 1183 2865 1248 (Ptol.
2899 1200 2985 1245 cv,
3017 1182 3129 1254 51).
3158 1184 3291 1249 Quid
3322 1184 3366 1236 si
3400 1192 3454 1236 et
3501 1183 3583 1236 ttla
3626 1197 3819 1237 consul

2220 1276 2444 1331 auribus
2476 1277 2618 1329 illata
2648 1275 2890 1338 fuissent,
2920 1292 3038 1345 qua:
3063 1276 3316 1329 Dominus
3349 1289 3442 1342 per
3473 1272 3640 1327 David
3670 1276 3815 1325 int»-
3856 1256 3874 1277 ί

2221 1378 2333 1432 nat,
2361 1366 2548 1419 dicens
2574 1383 2586 1418 :
2618 1366 2749 1431 Quia
2775 1382 2946 1418 omnes
2958 1366 3043 1418 dii
3065 1366 3291 1436 gentium
3314 1364 3590 1423 (lanionia.
3644 1364 3824 1416 Domi-

2222 1476 2317 1513 nus
2344 1471 2513 1513 autem
2561 1460 2714 1512 crelos
2753 1460 2867 1527 fecit
2901 1457 3073 1530 (Psal.
3102 1473 3228 1525 xcv,
3278 1456 3354 1528 5).
3389 1458 3471 1521 Et,
3524 1456 3824 1511 Simulum

2223 1552 2445 1622 gentium
2471 1562 2737 1617 argentum
2767 1560 2811 1603 et
2837 1566 3044 1612 aurum,
3070 1566 3222 1619 opera
3245 1565 3488 1601 manuum
3510 1547 3776 1601 hominum
3800 1564 3825 1601 :

2223 1642 2418 1696 similes
2448 1642 2555 1694 illis
2581 1642 2710 1709 ﬁant
2735 1642 2821 1709 qui
2842 1642 3039 1712 faciunt
3069 1656 3154 1706 ea,
3183 1650 3229 1694 et
3251 1654 3424 1693 omnes
3447 1639 3534 1706 qui
3556 1639 3826 1705 confidunt

2225 1733 2281 1786 iu
2308 1732 2568 1805 eis(Psal.
2598 1748 2754 1801 cxtn,
2777 1732 2834 1797 ι,
2862 1736 2913 1797 3,
2946 1744 2995 1788 et
3028 1732 3409 1796 Ριαινωιιιη,
3442 1732 3527 1798 15,
3581 1730 3696 1801 18).
3728 1732 3825 1786 Vel

538 1855 717 1902 autem
748 1844 926 1899 missis
952 1840 1386 1912 exploratoribus
1414 1838 1478 1891 ad
1504 1838 1688 1891 urbem
1721 1836 2073 1889 Camaracum
2103 1874 2119 1897 ,
2158 1828 2199 1888 Β
2229 1828 2361 1881 illud
2388 1844 2400 1879 ε
2433 1827 2829 1886 (ὶοηίιηιιίαηιειν
2858 1842 3031 1879 onum
3077 1826 3166 1895 qui
3209 1826 3425 1878 odorant
3456 1824 3728 1893 sculptile.
3776 1836 3827 1878 et

536 1940 856 2009 perlustrata
883 1936 1204 2005 omniayipse
1230 1944 1446 1990 secutus
1474 1973 1490 1998 ,
1537 1931 1811 1985 Romanos
1856 1929 2122 1998 proterit,

538 2032 811 2088 civitatem
841 2028 1230 2098 apprehendit:
1266 2026 1318 2080 in
1349 2038 1708 2096 quapaucum
1740 2033 1951 2090 tempus
1991 2021 2126 2076 resi-

538 2126 671 2178 dens
690 2167 704 2190 ,
737 2137 908 2190 usque
935 2118 1211 2175 Suminam
1242 2118 1458 2171 ﬂuvium
1488 2115 1770 2184 occuparit
1797 2110 1846 2167 ἀ.
1872 2112 1944 2167 De
1968 2113 2127 2181 hujus

540 2218 704 2283 stirpe
732 2213 950 2283 quidam
1004 2208 1379 2265 Merovechunt
1414 2223 1592 2278 regem
1646 2207 1812 2261 fuisse
1839 2214 2127 2269 asserunt,

544 2306 700 2376 cujus
731 2306 825 2359 fuit
859 2305 996 2357 ﬁlius
1018 2302 1374 2357 Childericus.

609 2397 684 2452 Χ.
714 2396 820 2452 Sed
864 2394 978 2449 haec
1019 2393 1294 2463 generatio
1344 2392 1586 2448 fanaticis
1636 2406 1853 2461 semper
1890 2389 2130 2445 cultibus

539 2489 653 2541 visa
681 2498 762 2543 est
789 2487 1103 2552 obsequium
1135 2486 1455 2554 praebuisse,
1490 2500 1590 2540 nec
1618 2500 1835 2555 prorsus
1862 2496 2131 2554 agnovere

543 2581 710 2634 Deum
747 2596 760 2629 :
786 2580 996 2647 srbiqne
1020 2577 1277 2631 silvarum
1303 2586 1465 2645 atque
1492 2591 1773 2645 aquarum,
1808 2574 2005 2639 aviutn,
2037 2573 2131 2626 be-

540 2670 896 2738 stiarumque,
930 2678 978 2722 et
1011 2667 1239 2721 aliorum
1271 2681 1481 2735 quoque
1509 2667 1898 2720 elementorum
1932 2664 2135 2717 tinxere

542 2760 781 2825 formas,
816 2758 1062 2827 ipsasque
1092 2766 1147 2811 ut
1200 2757 1365 2811 Deum
1408 2760 1607 2818 colere,
1648 2755 1831 2823 eisque
1874 2754 2134 2809 sacriﬁcii

545 2848 1083 2906 delibare'consueti.
1113 2848 1158 2902 υ
1186 2847 1229 2900 si
1252 2861 1437 2900 eorum
1462 2845 1624 2900 libras
1645 2855 1886 2898 carorum
1917 2859 2020 2898 vox
2045 2844 2135 2898 illa

545 2939 802 2995 terribilis
833 2937 1118 3007 attigisset,
1147 2952 1265 3005 qua:
1300 2952 1394 3004 per
1436 2936 1670 3006 Moysem
1715 2936 1910 3005 populo
1959 2935 2137 2989 locuta

544 3042 647 3099 est,
678 3030 862 3084 dicens
895 3046 907 3081 :
943 3026 1067 3082 Non
1096 3028 1306 3081 sinttibi
1338 3029 1412 3081 dii
1432 3028 1523 3081 alii
1554 3038 1739 3097 printer
1763 3042 1860 3079 me.
1904 3024 2026 3079 Non
2054 3029 2138 3097 [a-

543 3122 646 3174 cies
667 3120 753 3172 tibi
774 3118 1032 3188 sculptile,
1064 3117 1489 3188 nequeadorabis
1527 3132 1728 3172 onmem
1756 3117 2141 3171 similitudinem

2226 1919 2313 1989 qui
2336 1919 2629 1990 gloriantur
2661 1920 2714 1970 in
2742 1918 3031 1971 simulacris
3048 1918 3158 1970 suis
3186 1917 3338 1983 (l’sal
3363 1932 3501 1981 xcvi,
3524 1916 3697 1985 7).-Et
3725 1916 3828 1970 ite~

2229 2025 2346 2063 rum
2386 2010 2527 2078 quod
2562 2009 2813 2063 Habacuc
2843 2009 3097 2077 propheta
3145 2018 3386 2073 testatur,
3418 2010 3604 2063 dicens
3635 2024 3651 2063 :
3687 2008 3827 2075 Quid

2228 2103 2433 2173 prodest
2457 2103 2695 2168 sculptile
2723 2102 2859 2167 quod
2876 2102 3229 2169 sculpserunt.
3251 2100 3281 2153 1
3292 2101 3401 2154 llud
3425 2101 3723 2168 ﬁnxerunt;
3750 2100 3822 2153 il-

2229 2194 2321 2247 lud
2352 2195 2614 2263 conﬂatile
2643 2195 2900 2263 [antasvna
2938 2192 2953 2229 ί
2982 2195 3223 2247 utentium
3247 2207 3339 2245 est.
3378 2192 3491 2246 Hoc
3511 2204 3685 2245 autem
3708 2207 3830 2259 pro-

2231 2287 2405 2338 ductio
2431 2286 2570 2341 auri.
2601 2296 2647 2336 el
2676 2286 2896 2355 argenti,
2921 2294 2967 2336 et
2984 2284 3147 2337 omnis
3169 2284 3383 2349 spiritus
3408 2299 3509 2335 non
3532 2286 3682 2336 estin
3710 2283 3781 2335 eis
3808 2296 3828 2335 :

2236 2377 2491 2429 Dominus
2520 2386 2686 2429 autem
2714 2379 2765 2427 iu
2800 2380 2984 2445 templo
3014 2390 3309 2427 sanetosuo
3342 2390 3360 2425 :
3388 2376 3536 2428 sileat
3576 2392 3609 2427 a
3631 2384 3656 2421 8
3698 2374 3829 2443 [acie

2232 2473 2344 2541 ejus
2374 2470 2602 2522 universa
2634 2478 2769 2521 terra
2799 2466 3029 2534 (Hahae.
3072 2483 3145 2531 tt,
3177 2466 3391 2537 18-26).
3430 2466 3536 2521 Sed
3586 2477 3639 2520 et
3692 2466 3830 2521 alius

2236 2558 2497 2629 propheta
2529 2558 2663 2614 dicit
2697 2577 2709 2610 :
2746 2556 2834 2611 D.i
2863 2560 2950 2627 qui
2977 2559 3160 2612 caelum
3199 2568 3247 2611 et
3267 2569 3462 2611 terram
3501 2575 3605 2611 non
3646 2559 3830 2625 fecere,

2239 2661 2445 2720 pereant
2466 2668 2496 2702 a
2530 2660 2664 2703 terra
2689 2652 2819 2702 etde
2842 2649 2921 2703 Itis
2946 2667 3062 2719 qua:
3078 2650 3169 2703 sub
3196 2650 3334 2703 cadis
3355 2667 3471 2703 sum
3487 2646 3515 2685 ιι
3539 2648 3752 2719 (Jerem.
3777 2667 3829 2703 x.

2240 2747 2354 2813 11).
2400 2746 2531 2799 Item
2565 2744 2673 2797 illic
2704 2760 2717 2796 :
2751 2743 2877 2796 Haec
2908 2745 3030 2797 dicit
3082 2743 3363 2807 Dominus,
3417 2759 3600 2797 creans
3643 2745 3829 2809 caelos,

2236 2842 2345 2905 ipse
2369 2837 2504 2890 Deus
2520 2890 2525 2893 _
2535 2838 2767 2905 formans
2799 2848 3010 2903 terram,
3034 2847 3082 2891 et
3102 2853 3213 2902 qum
3240 2839 3293 2889 in
3312 2854 3374 2891 ea
3398 2846 3519 2890 sunt
3544 2852 3562 2889 :
3589 2838 3699 2906 ipse
3722 2840 3831 2904 pla-

2238 2940 2337 2981 stes
2366 2930 2478 2997 ejus
2498 2969 2510 2990 ,
2542 2943 2644 2980 non
2675 2928 2729 2980 in
2774 2944 2961 2980 uanum
2985 2927 3219 2995 fundavit
3251 2944 3382 2995 eam,
3414 2937 3468 2981 ut
3521 2928 3831 2981 habitaretur

2240 3021 2428 3071 crearit
2453 3017 2750 3089 eam.(lsai.
2777 3035 2903 3084 xcv,
2935 3020 3039 3088 l8).
3078 3018 3189 3087 Ego
3234 3016 3521 3083 Dominus,
3568 3019 3665 3071 hoc
3706 3018 3832 3069 mihi

2242 3135 2421 3173 nomen
2448 3127 2543 3180 est,
2575 3118 2793 3188 gloriam
2817 3134 2979 3170 meam
3008 3118 3155 3171 alteri
3170 3133 3282 3171 non
3307 3117 3463 3185 dabo,
3492 3134 3651 3187 neque
3673 3118 3832 3171 virtu-

542 3226 661 3281 qute
681 3210 733 3263 in
763 3209 889 3263 «elo
918 3219 1012 3275 est,
1035 3219 1083 3262 et
1101 3224 1215 3277 quae
1242 3210 1295 3263 in
1326 3220 1482 3273 terra,
1530 3218 1578 3262 et
1631 3225 1744 3278 qua:
1779 3220 2044 3263 versantur
2084 3210 2138 3262 in
2167 3193 2214 3256 ε
2244 3220 2340 3263 tem
2362 3226 2525 3262 meum
2554 3208 3043 3277 sculptilibus,~qttw
3091 3208 3154 3260 ab
3203 3209 3351 3262 initio
3390 3210 3637 3263 transiere
3678 3207 3832 3280 (Isai.

546 3302 730 3371 aquis:
757 3318 858 3355 non
887 3299 1042 3369 [acies
1067 3316 1145 3367 ea,
1170 3308 1217 3353 et
1240 3316 1343 3353 non
1372 3300 1505 3354 coles
1528 3309 1634 3353 ea"
1657 3299 1853 3371 (Exod.
1882 3315 1973 3365 xx,
1999 3299 2137 3368 5-1‘).

549 3396 617 3447 Et
648 3392 772 3446 illud
802 3411 817 3445 :
845 3390 1123 3446 Dominum
1151 3390 1320 3445 Deum
1352 3404 1495 3445 tuum
1535 3392 1794 3457 adorabis,
1834 3404 1883 3446 et
1926 3393 2003 3445 illi
2046 3393 2141 3444 soli

541 3487 759 3546 servies,
786 3500 848 3536 ac
878 3500 967 3552 per
991 3499 1169 3537 nomen
1199 3488 1311 3555 ejus
1327 3485 1534 3556 jurabis
1563 3485 1738 3552 (Deut.
1768 3499 1835 3548 vt,
1866 3484 1975 3552 15).
2002 3484 2142 3551 Quid

548 3577 601 3632 si
623 3575 921 3645 intelligere
952 3574 1246 3642 potuissent
1267 3590 1387 3644 qua:
1419 3589 1517 3643 pro
1548 3575 1701 3629 vituli
1733 3573 2019 3629 conﬂatilis
2050 3590 2143 3629 ve-

546 3668 832 3723 neratione
863 3664 1209 3721 lsraeliticum
1240 3666 1495 3734 populum
1520 3666 1653 3719 ultio
1681 3666 1967 3719 subsecuta
1996 3679 2144 3718 com-

550 3756 835 3825 presserit,
864 3770 986 3811 eum
1019 3763 1141 3825 post
1166 3754 1377 3825 epulum
1408 3765 1465 3811 et
1503 3756 1732 3819 cantica,
1756 3764 1877 3825 post
1906 3753 2145 3809 luxurias

546 3928 687 3966 rum.
715 3909 866 3967 Unde
887 3908 1049 3980 aliqui
1073 3908 1401 3980 recentiores
1423 3908 1659 3966 Francos
1682 3920 1808 3965 tunc
1830 3910 2143 3966 transmisso

553 3983 748 4052 Rheno
777 3979 1115 4052 Tungrarum
1148 3979 1422 4052 regionem
1455 3980 1786 4036 inhabitasse
1809 3990 2015 4049 putant.
2037 3984 2141 4037 Sed

551 4053 680 4107 huic
708 4050 928 4107 lectioni
958 4067 1062 4106 non
1089 4050 1261 4106 solum
1286 4051 1417 4106 editi
1443 4061 1499 4105 et
1529 4066 1658 4107 mss.
1693 4054 1930 4117 codices,
1961 4052 2056 4107 sed
2086 4061 2143 4108 et

554 4124 943 4192 Fredegarius,
990 4132 1178 4176 auctor
1222 4120 1505 4177 Gestorum
1547 4121 1776 4189 Franc.,
1805 4132 1936 4192 etc.,
1968 4123 2141 4179 refra-

555 4206 829 4339 fmlmii‘eg‘.
853 4301 868 4322 .
903 4258 1283 4339 ιζιιιάριιυὶειιὶἒ
1309 4261 1407 4339 llic
1448 4262 1623 4339 innuit
1660 4261 1948 4331 Gregorius
1977 4260 2144 4317 Chlo-

557 4332 715 4386 dovei
767 4330 1002 4388 victoria:
1031 4332 1211 4383 datum
1259 4330 1425 4386 fuisse
1446 4370 1460 4395 ,
1494 4340 1551 4385 ut
1574 4336 1706 4399 oipse
1737 4330 1829 4385 rex
1861 4343 2040 4397 esset,
2081 4348 2144 4388 ac

559 4416 726 4470 penes
753 4401 923 4469 ipsius
950 4410 1193 4470 posteros
1220 4403 1365 4469 regia
1392 4402 1621 4469 dignitas
1650 4416 1864 4470 semper
1892 4416 2144 4457 remane-

559 4469 663 4525 ret.
701 4471 868 4525 Porro
896 4484 961 4539 ex
988 4469 1283 4539 Claudiano
1308 4483 1363 4525 et
1394 4470 1654 4525 Eumenio
1683 4469 1870 4539 probat
1896 4472 2142 4527 Valesius

558 4542 716 4665 :pnge
761 4550 887 4595 ante
926 4538 1281 4594 Chlodionem
1333 4539 1858 4612 Francorumireges
1898 4552 2140 4597 comatos

587 4626 749 4665 uisse.

587 4626 749 4666 IllSSO.

632 4680 661 4720 δ
703 4680 945 4736 Valesius
964 4695 1060 4754 pro
1072 4684 1329 4750 quondam
1350 4691 1499 4753 putat
1516 4696 1640 4737 esse
1667 4682 1951 4751 legendum
1972 4699 2138 4754 cons.,

557 4753 613 4808 id
648 4763 743 4825 (est
789 4752 1052 4825 _r_onsulis;
1081 4769 1237 4820 quem
1268 4752 1451 4809 vatium
1483 4768 1588 4807 non
1626 4755 1789 4809 habet
1818 4756 1939 4807 cod.
1981 4752 2138 4825 Reg.,

558 4831 615 4877 et
646 4823 760 4891 ipse
788 4821 1028 4877 Valesius
1067 4824 1313 4879 eumdem
1344 4826 1515 4878 locum
1558 4825 1780 4878 laudans
1809 4826 1859 4877 in
1882 4821 2140 4881 addendis

560 4893 626 4949 ad
657 4903 786 4947 tom.
813 4892 831 4946 l
873 4892 1011 4947 Hist.
1037 4895 1172 4948 hanc
1204 4895 1371 4963 ipsam
1402 4910 1584 4950 vocem
1607 4894 1822 4947 omittit.
1863 4897 2134 4949 Aschilam

560 4965 651 5019 hic
683 4974 1029 5018 memoratam
1069 4964 1228 5033 aliqui
1281 4974 1530 5033 putarunt
1559 4979 1679 5019 esse
1708 4966 1976 5019 Anthemii
2008 4967 2133 5032 imp.

562 5034 763 5101 tiliam,
794 5033 934 5105 quod
957 5033 1195 5105 Ricimer
1214 5035 1453 5105 ejusdem
1477 5035 1745 5090 Anthemii
1771 5052 1937 5105 gener
1955 5036 2133 5090 luerit.

562 5106 670 5160 Sed
701 5105 772 5158 illi
806 5104 1099 5159 Hicimeres
1125 5104 1263 5159 duos
1308 5116 1546 5172 tempore
1572 5116 1624 5159 et
1654 5104 1820 5174 patria
1867 5107 2131 5170 diversos,

563 5185 624 5228 ut
658 5184 838 5229 tuonet
866 5174 1185 5229 Sirmondus
1214 5176 1268 5230 in
1316 5178 1455 5228 notis
1484 5177 1549 5230 ad
1584 5177 1788 5230 Ennod.
1829 5176 1879 5230 in
1932 5176 2035 5230 Vit.
2074 5177 2132 5229 11.

567 5245 880 5314 Epiphanii,
914 5245 967 5299 in
999 5260 1161 5299 unum
1211 5247 1533 5301 conﬂarnnt.
1566 5248 1766 5311 Porro,
1800 5257 1855 5301 ut
1884 5246 2135 5302 observat

564 5313 803 5383 scaliger
829 5315 919 5369 lib.
936 5330 988 5369 Vl
1017 5314 1085 5369 de
1117 5315 1345 5370 Emend.
1380 5326 1568 5383 temp.,
1599 5318 1848 5371 chronica
1878 5319 2016 5382 apud
2042 5332 2138 5370 an-

567 5386 747 5453 tiquos
775 5385 981 5455 duobus
1012 5386 1191 5455 modis
1210 5390 1511 5455 conscripta
1539 5400 1719 5441 erant:
1753 5387 1851 5441 alia
1887 5402 1981 5452 per
2002 5402 2137 5441 con-

570 5457 744 5526 sulum
773 5454 989 5526 seriem,
1018 5470 1137 5522 qnte
1156 5454 1462 5511 Consularia
1488 5458 1920 5526 appellabantur,
1962 5459 2133 5524 qualia

570 5522 659 5577 hic
686 5523 863 5577 laudnt
891 5523 1216 5592 Gregorius;
1248 5530 1350 5580 alia
1382 5542 1506 5580 vero
1525 5522 1587 5581 in
1618 5530 1811 5593 quibus
1844 5543 1947 5581 non
1978 5522 2135 5582 erant

570 5594 760 5663 digesti
790 5594 1055 5660 consules,
1084 5594 1400 5650 dicebantur
1424 5598 1705 5652 Chronica.

536 5706 541 5711 .
638 5662 669 5702 δ
697 5662 828 5717 Cum
851 5663 918 5717 de
940 5663 1268 5736 j‘huringiae,
1299 5683 1455 5736 quam
1489 5670 1661 5722 laudat
1694 5667 2003 5735 Gregorius.
2032 5668 2139 5721 situ

570 5747 679 5789 non
700 5735 888 5789 eadem
914 5733 985 5787 sit
1012 5733 1490 5800 sententia,'varie
1528 5741 1685 5791 etiam
1728 5733 1858 5793 varii
1905 5739 2143 5792 sentiunt

571 5805 638 5861 de
668 5804 921 5876 Dispargo
960 5814 1137 5861 castro
1167 5805 1251 5862 hic
1279 5814 1601 5876 memorato,
1632 5813 1770 5878 quod
1815 5810 1904 5865 alii
1959 5819 2145 5879 putant

2172 4582 2220 4641 D

2244 3317 2370 3368 xui,
2404 3302 2481 3369 8).
2512 3303 2576 3353 Et
2604 3301 2731 3354 alibi
2761 3317 2773 3353 :
2807 3299 3058 3368 Nunquid
3088 3298 3103 3336 ί
3132 3310 3253 3354 sunt
3280 3302 3331 3353 ἱί
3354 3300 3676 3371 sculptilibus
3711 3316 3834 3372 gee-

2244 3395 2366 3445 tium
2394 3392 2479 3461 qui
2510 3392 2689 3458 pluant
2715 3390 2929 3462 (Jerem.
2966 3407 3052 3445 xlv
3075 3433 3089 3456 ,
3120 3390 3248 3459 ων
3283 3392 3345 3445 Et
3374 3404 3468 3460 per
3515 3392 3705 3445 Isaiam
3734 3393 3833 3445 ite-

2244 3498 2361 3537 rum
2386 3482 2514 3536 dicit
2546 3499 2561 3536 :
2594 3480 2706 3553 Ego
2736 3485 2931 3551 primus
2954 3493 2999 3536 et
3029 3484 3330 3535 novissimus
3357 3485 3403 3547 t,
3435 3492 3482 3535 et
3531 3484 3720 3551 absque
3760 3499 3836 3538 ius

2245 3588 2344 3625 non
2374 3582 2448 3627 est
2481 3572 2644 3637 Deus,
2668 3584 2714 3625 et
2738 3575 3008 3642 formator,
3032 3590 3176 3642 quem
3195 3590 3286 3645 ego
3309 3590 3409 3627 non
3432 3574 3678 3628 noverim.
3706 3572 3836 3627 Pla-

2244 3673 2336 3715 stie
2362 3662 2491 3715 idoli
2521 3678 2693 3715 omnes
2726 3664 2854 3715 nihil
2876 3674 3015 3728 sunt,
3043 3674 3092 3716 et
3120 3665 3479 3717 amantissima
3518 3680 3695 3717 eorum
3734 3680 3836 3718 non

2246 3754 2521 3821 proderunt
2542 3756 2631 3808 eis.
2659 3751 2772 3823 1ροὶ
2792 3765 2910 3807 sunt
2935 3764 3087 3808 testes
3115 3771 3313 3820 eorum,
3338 3754 3459 3824 quia
3482 3754 3590 3824 65
3618 3772 3721 3808 non
3757 3756 3835 3809 ri-

2246 3924 2367 3966 esse
2393 3908 2669 3980 Duysburg
2700 3909 2763 3961 ad
2800 3909 3041 3964 Rhenum
3068 3910 3118 3963 in
3167 3910 3361 3965 ducatu
3402 3909 3699 3972 Monteusi;
3748 3910 3834 3964 alii

2247 3995 2368 4035 cum
2397 3980 2598 4035 Ortelio
2621 3980 3008 4050 Asciburginm.
3036 3982 3195 4049 vulgo
3219 3982 3473 4052 Asbourg,
3500 3984 3549 4052 in
3576 3982 3832 4035 comitatu

2250 4051 2574 4115 Moersensi;
2610 4053 2699 4104 alii
2741 4054 2935 4116 quibus
2962 4051 3168 4103 accedit
3218 4051 3475 4112 (lointius,
3514 4051 3833 4120 Duysborch,

2248 4124 2388 4189 quod
2418 4125 2579 4175 etiam
2605 4136 2746 4175 nunc
2774 4122 3026 4189 oppidum
3068 4129 3153 4174 est
3180 4123 3317 4175 inter
3350 4121 3625 4175 Bruxeltns
3651 4135 3704 4175 et
3736 4123 3834 4174 Lo-

2246 4194 2485 4245 vauium.
2510 4191 2859 4247 Weudelinus
2890 4202 2937 4244 et
2968 4192 3170 4255 caeteri,
3194 4193 3517 4247 voluntesse
3544 4193 3793 4245 Diestarn.

2315 4263 2341 4299 ά
2380 4263 2640 4317 Discimus
2683 4276 2745 4315 ex
2807 4263 3098 4330 Apollinari
3140 4262 3362 4315 Sidonio
3408 4263 3458 4315 in
3508 4262 3834 4331 Panegyrico

2247 4331 2540 4403 Majortani,
2568 4334 2940 4403 Chlodionem,
2972 4337 3059 4399 qui
3091 4331 3374 4386 Atrebates
3422 4342 3735 4403 pervaserat
3758 4374 3771 4395 ,
3803 4348 3832 4387 a

2249 4401 2544 4471 Maioriano
2572 4405 2808 4472 fugatum
2852 4402 3034 4456 fuisse.

2687 4516 2699 4528 .
2725 4516 2738 4529 .
2766 4516 2780 4529 .
2813 4522 2817 4527 .
2851 4481 2967 4543 lfost
2990 4487 3211 4541 tempore
3236 4493 3385 4543 parvo

2379 4540 2639 4606 Pugnastis
2664 4544 2847 4603 pariter
2869 4542 3081 4600 Francis,
3098 4540 3199 4603 qua
3225 4540 3358 4591 Cloio
3394 4548 3620 4606 patentes

2371 4604 2661 4654 Atrebatum
2687 4611 2842 4654 terras
2866 4612 3173 4665 pervaserat,
3198 4611 3298 4654 etc.

2244 4685 2560 4741 Sirmondus
2604 4686 2777 4758 legit,
2838 4685 3079 4758 Francus
3125 4702 3261 4753 qua,
3319 4695 3427 4741 etc.
3495 4686 3728 4758 Prosper
3780 4689 3833 4743 iu

2247 4757 2516 4810 Chronico
2548 4756 2612 4807 ad
2641 4772 2731 4809 an.
2765 4757 2798 4809 5
2831 4769 2948 4822 post
2983 4757 3200 4810 Honorii
3235 4769 3457 4811 mortem
3480 4797 3495 4818 ,
3543 4760 3591 4812 id
3623 4756 3710 4813 est
3744 4776 3829 4813 an.

2242 4827 2366 4889 4⁸27,
2400 4826 2609 4878 Clodius
2640 4836 2823 4896 regnat
2850 4828 2903 4879 in
2948 4824 3193 4880 Francia.
3227 4827 3292 4879 Et
3319 4844 3460 4896 anno
3488 4829 3725 4896 posthaec
3757 4846 3829 4883 vt-

2241 4898 2464 4967 gesimo.
2493 4912 2587 4950 seu
2619 4894 2742 4967 447,
2772 4894 3037 4949 Meroveus
3063 4909 3242 4963 regnat
3271 4898 3321 4949 in
3358 4894 3614 4951 Francia.

2316 4976 2339 5035 'f
2366 4966 2547 5030 Colb.,
2569 4983 2670 5019 non
2696 4966 2861 5035 facias
2887 4983 2966 5033 ea,
2999 4984 3099 5019 non
3125 4970 3263 5019 colas
3289 4983 3369 5023 ea.

2318 5034 2776 5101 tBecettjoftn,
2810 5051 2930 5089 cum
2973 5037 3105 5091 Mur.
3162 5053 3232 5103 s.,
3284 5037 3483 5100 Chesn,
3539 5047 3592 5093 et
3638 5037 3828 5105 Ἐγὼ..

2243 5105 2547 5168 Fantasma,
2581 5107 2902 5159 mendacium
2930 5117 3022 5161 est.
3063 5107 3190 5160 Haec
3232 5121 3418 5173 autem,
3464 5117 3569 5162 etc.
3618 5113 3684 5162 At
3738 5111 3828 5163 alti

2240 5179 2366 5230 editi
2396 5176 2616 5247 omnino
2644 5178 2799 5230 aliter
2841 5182 2979 5229 hunc
3008 5186 3207 5230 textum
3242 5178 3501 5231 referunt.
3541 5179 3679 5243 Quid
3708 5197 3828 5247 pro-

2240 5251 2348 5320 dest
2378 5246 2615 5320 sculptile
2637 5247 2740 5312 his,
2760 5262 2869 5320 Aqua
2890 5249 3100 5313 sculpsit
3123 5248 3256 5320 il_lud
3277 5248 3425 5315 ﬁctor
3453 5266 3576 5302 suus
3594 5264 3611 5301 :
3632 5246 3832 5320 conﬂa-

2241 5318 2328 5369 ttle
2356 5326 2401 5369 et
2443 5315 2713 5386 imaginem
2745 5315 2953 5386 falsam,
2987 5330 3090 5372 etc.
3136 5316 3268 5370 Ecce
3304 5321 3399 5371 iste
3441 5331 3710 5387 coopertus
3732 5315 3831 5375 test

2238 5403 2367 5459 auro
2394 5397 2440 5439 et
2471 5397 2701 5459 argento,
2735 5397 2779 5440 et
2809 5391 2972 5439 omnis
2991 5430 3011 5459 ,ν
3041 5399 3172 5451 etc.;
3204 5404 3324 5457 quas
3356 5393 3513 5443 lectio
3553 5396 3720 5459 magis
3749 5399 3835 5445 est

2242 5455 2534 5531 conformis
2561 5466 2757 5531 nostra:
2790 5458 3037 5511 versioni.
3084 5455 3435 5531 Alteraivern
3466 5455 3676 5514 videtur
3733 5478 3829 5531 po-

2240 5530 2344 5582 tius
2371 5543 2587 5581 sensum
2618 5524 2816 5579 referre
2843 5542 3001 5595 quam
3031 5530 3166 5581 sacri
3197 5530 3400 5583 codicis
3432 5532 3613 5585 verba.

2312 5608 2337 5671 ς
2361 5600 2550 5671 μονὴ..
2576 5598 2722 5671 Bern,
2752 5596 2885 5671 blor.
2910 5612 2956 5649 s.
2984 5608 3038 5652 et
3064 5597 3275 5668 Regm.,
3302 5602 3477 5655 timeat
3508 5619 3539 5654 a
3564 5602 3722 5671 (acie.

2317 5666 2343 5704 h
2371 5669 2555 5735 Iidem,
2589 5666 2682 5718 sub
2705 5667 2829 5717 caelo
2850 5678 2991 5719 sunt.

2324 5736 2341 5811 1
2377 5739 2525 5811 Dec.,
2562 5735 2813 5803 Nunquid
2846 5736 3045 5811 Deus...
3079 5739 3165 5807 qui
3195 5740 3361 5811 pluat.

2324 5810 2340 5859 l
2376 5810 2585 5879 ltegm.,
2615 5817 2662 5861 et
2690 5822 2780 5877 ego
2801 5808 3123 5864 novissimus.
