4028 6342
241 337 350 394 109

1128 336 1447 396 HISTORIA
1489 332 1934 392 FBANCORUM.
1976 332 2182 389 LIBER
2220 334 2595 394 SECUNDUS.

3400 334 3504 390 210

238 462 361 514 dent
388 475 542 523 neque
589 458 975 526 intelligunt,.et
1011 459 1394 529 confundantur
1421 469 1446 496 ιι
1474 460 1528 512 in
1553 459 1623 510 eis
1658 472 1673 510 :
1708 471 1818 508 ecce
1847 457 1894 513 Α
1926 454 2110 521 possit,
2164 453 2298 508 dans
2344 456 2502 510 etiam
2545 455 2753 524 signum
2798 450 3009 522 quando
3038 451 3214 508 redire
3243 452 3410 521 possit
3451 452 3508 507 in

237 568 413 607 omnes
441 553 849 620 participesejus
877 552 1288 620 confundentur;
1319 552 1451 620 fabri
1471 553 1602 606 enim
1623 560 1738 602 sunt
1759 564 1822 602 ea:

238 644 548 698 hominibus.
581 642 609 682 δ
638 644 763 709 Quis
790 645 1023 714 formavit
1051 647 1223 709 deum,
1254 656 1300 698 et
1325 645 1559 713 sculptile
1585 648 1821 714 con/lavit

237 737 310 788 ad
338 736 470 787 nihil
496 736 660 788 utile?
699 739 750 788 in
781 739 959 804 prunis
987 749 1044 792 et.
1064 737 1268 792 malleis
1292 740 1530 808 formavit
1572 738 1727 804 illud,
1773 749 1820 790 et

237 839 477 897 aperatus
507 830 656 881 estin
687 829 895 882 brachio
941 832 1254 898 fortitudinis
1302 849 1426 885 suat.
1484 832 1732 886 Similiter
1775 841 1819 884 et

236 921 431 988 artifex
452 922 703 990 lignarius
731 922 781 974 in
812 923 1001 975 circino
1031 925 1251 976 tornavit
1279 925 1428 989 illud,
1474 935 1518 976 et
1546 925 1667 992 fecit
1690 924 1818 976 inta-

237 1014 407 1081 ginem
432 1014 548 1078 v'ri,
573 1016 719 1080 quasi
758 1016 973 1083 speciosi
1001 1017 1225 1069 hominis
1246 1017 1529 1069 habitantis.
1549 1018 1600 1069 in
1646 1016 1818 1069 domo.

239 1104 474 1159 Succidit
497 1106 713 1175 lignum,
741 1116 1105 1172 operatus-est,
1134 1107 1252 1176 fecit
1280 1108 1536 1177 sculptile,
1559 1117 1606 1159 et
1631 1105 1820 1158 adora-

235 1193 306 1246 rit
337 1204 392 1247 ut
422 1196 612 1247 deum:
641 1195 796 1248 clavis
842 1207 890 1250 et
938 1198 1132 1249 malleis
1181 1198 1570 1266 εοηιραςὶηαυὶι,
1622 1207 1675 1249 ut
1719 1213 1820 1249 non

237 1287 567 1338 dissolvatur.
608 1286 823 1340 l'ortata
853 1289 1101 1340 tolluntur
1124 1298 1172 1353 ε,
1205 1289 1320 1356 quia
1363 1289 1592 1341 incedere
1615 1305 1714 1340 non
1736 1305 1816 1340 va-

235 1375 343 1428 lent
371 1393 386 1429 .'
416 1375 666 1442 reliquum
699 1394 814 1430 vero
841 1380 985 1446 ligni,
1023 1381 1214 1446 factum
1244 1389 1314 1431 est
1339 1378 1628 1431 hominibus
1649 1379 1698 1431 in
1740 1383 1819 1447 fo-

237 1482 378 1528 cum,
401 1476 446 1519 et
473 1467 708 1535 calefacti
736 1477 874 1520 sunt.
904 1467 988 1520 Ea:
1016 1468 1119 1520 alio
1143 1485 1256 1520 vero
1279 1470 1427 1521 deum
1453 1468 1591 1535 fecit,
1619 1481 1662 1520 et
1683 1470 1819 1521 scul-

235 1561 362 1630 ptile
391 1559 526 1612 sibi:
558 1570 795 1612 curvatur
819 1571 938 1612 ante
966 1561 1116 1621 illud,
1162 1572 1208 1613 et
1238 1562 1465 1613 adoravit
1507 1560 1640 1613 illud
1686 1560 1735 1621 ά.
1772 1570 1818 1614 et

237 1650 464 1702 obsecrat
489 1650 659 1702 dicens
685 1664 704 1703 :
736 1649 918 1703 Libera
945 1667 1038 1713 me,
1070 1651 1189 1718 quia
1220 1651 1342 1703 deus
1371 1667 1507 1702 meus
1524 1667 1574 1702 es
1602 1661 1675 1704 tu.
1707 1650 1818 1703 Me-

237 1741 474 1795 dietutent
504 1743 614 1810 ejus
645 1743 750 1810 igni
797 1742 1086 1804 combussi,
1130 1752 1176 1793 et
1219 1742 1334 1794 cori
1378 1758 1530 1804 super
1575 1742 1815 1794 carbones

1927 545 2148 613 patriam
2181 563 2194 598 :
2225 547 2277 600 id
2304 557 2416 612 est,
2448 548 2742 602 diviserunt
2780 546 2936 601 simul
2984 561 3146 600 unum
3176 560 3420 609 aureum,
3452 554 3509 600 et

1925 653 2080 690 unam
2104 637 2318 707 quidem
2336 648 2535 707 partem
2561 653 2742 696 secum
2762 637 3323 704 detulitChildericus,
3347 637 3506 690 aliam

1925 743 2054 782 vero
2103 729 2312 784 amicus
2359 730 2477 799 ejus
2529 731 2768 796 retinuit,
2810 731 3034 784 dicens:
3066 729 3504 798 Quandoquidem

1924 821 2060 876 hanc
2089 832 2292 891 partem
2323 823 2416 876 tibi
2448 823 2668 887 misero,
2704 831 2988 892 partesque
3007 822 3306 890 conjunctae
3338 838 3500 874 unum

1923 915 2201 968 effecerint
2248 914 2502 978 solidum,
2531 921 2656 967 tunc
2687 923 2739 966 ttt
2767 927 2958 967 securo
2991 913 3169 966 animo
3197 911 3249 966 itt
3281 912 3506 980 patriam

1923 1006 2226 1071 repedabis.
2269 1004 2466 1058 Abiens
2506 1018 2634 1071 ergo
2675 1003 2726 1057 in
2764 1002 3128 1071 Thoringiam,
3154 1001 3292 1070 apud
3324 1016 3504 1070 regem

1925 1097 2190 1151 Bisinumi
2243 1112 2571 1167 uxoremque
2619 1096 2738 1166 ejus
2768 1097 3013 1152 Basinam
3045 1098 3201 1152 latuit
3231 1115 3244 1150 :
3277 1096 3508 1161 denique

1923 1189 2133 1251 Franci,
2157 1189 2256 1244 hoc
2279 1189 2473 1258 ejecto,
2497 1188 2764 1256 {Egidium
2791 1189 2914 1253 sibi,
2937 1205 3093 1257 quem
3120 1189 3366 1258 superius
3397 1202 3508 1240 ma-

1919 1281 2141 1349 gistrum
2174 1281 2401 1336 militum
2430 1297 2460 1336 a
2491 1280 2762 1350 republica
2791 1281 3012 1334 missunt
3038 1280 3292 1340 diximus.
3320 1279 3509 1336 unani-

1921 1374 2078 1427 miter
2127 1388 2310 1442 regem
2357 1372 2646 1428 asciscunt.
2678 1369 2779 1436 Qui
2809 1386 2929 1425 cum
2960 1381 3148 1425 octavo
3177 1385 3317 1424 anno
3345 1383 3509 1436 super

1919 1481 2013 1520 eos
2034 1476 2301 1536 regnaret,
2329 1467 2534 1522 amicus
2552 1467 2640 1521 ille
2667 1466 2862 1530 ﬁdelis,
2891 1466 3093 1534 pacatis
3121 1464 3324 1519 occulte
3348 1464 3506 1516 Fran-

1917 1557 2016 1622 cis,
2050 1557 2263 1612 nuntios
2305 1557 2372 1610 ad
2417 1556 2773 1612 Childericum
2803 1601 2818 1624 ,
2852 1571 2975 1610 cum
3017 1563 3169 1625 parte
3212 1555 3299 1608 illa
3351 1553 3507 1608 divisi

1916 1646 2072 1700 solidi
2103 1661 2260 1713 quam
2295 1646 2612 1714 retinuerat,
2649 1647 2831 1700 mittit.
2861 1646 2958 1701 Ille
2985 1660 3114 1700 vero
3143 1652 3289 1700 certa
3313 1657 3510 1712 cogno-

1918 1751 2073 1789 scens
2125 1737 2339 1799 iudicia,
2390 1736 2532 1806 quod
2583 1752 2611 1789 a
2660 1736 2878 1807 Francis
2923 1736 3342 1799 desideraretur,
3383 1734 3511 1798 ipsis

236 1834 348 1901 ejus
382 1848 570 1896 panes;
599 1833 714 1885 coci
739 1849 936 1898 carnes,
963 1843 1006 1884 ιιι
1033 1834 1248 1894 comedi,
1281 1842 1326 1885 et
1371 1835 1434 1885 de
1479 1832 1670 1899 reliquo
1708 1835 1816 1901 ejus
1851 1826 1896 1883 Β
1923 1828 2083 1881 etiam
2130 1828 2470 1898 rogantibus,
2515 1843 2544 1881 a
2584 1828 2872 1898 Thoringia
2917 1841 3215 1898 regressus,
3261 1827 3314 1881 in
3348 1841 3509 1893 regno

235 1921 433 1974 idolum
464 1921 670 1989 faciam.
701 1924 824 1974 Ante
852 1934 1083 1974 truncum
1133 1924 1256 1991 ligni
1298 1922 1560 1987 providam
1595 1933 1616 1958 ο
1645 1938 1663 1976 :
1695 1939 1814 1990 pars

235 2015 346 2084 ejus
376 2015 503 2065 cinis
532 2022 625 2068 est.
653 2012 754 2066 Cor
777 2013 1020 2081 insipiens
1046 2014 1278 2066 adoravit
1302 2013 1453 2075 illud,
1496 2023 1540 2065 et
1568 2029 1667 2065 non
1692 2015 1814 2066 libe-

235 2104 370 2155 ravit
394 2106 618 2156 animam
638 2120 783 2157 suam
811 2101 831 2140 ί
859 2120 878 2158 :
903 2121 1062 2169 neque
1081 2104 1220 2166 dicit,
1257 2105 1386 2174 forte
1407 2105 1720 2156 mendacium
1741 2113 1815 2157 est

235 2196 292 2249 in
322 2197 502 2249 dextra
532 2213 640 2250 mea
666 2195 818 2266 (lsai.
848 2213 995 2261 κων,
1020 2196 1194 2266 ϐ-ΞΟ).
1231 2198 1362 2280 ΗωσεΙ
1381 2204 1560 2250 autem
1587 2198 1815 2250 Franco-

234 2303 354 2341 rum
384 2289 659 2357 generatio
696 2303 801 2341 non
832 2287 1094 2342 intellexit
1147 2287 1397 2355 primum,
1432 2288 1816 2341 intellexerunt

233 2389 412 2434 autem
439 2389 640 2447 postea,
662 2380 800 2433 sicut
824 2394 1053 2448 sequens
1081 2377 1297 2433 historia
1327 2389 1530 2434 narrat.

310 2470 398 2524 XI.
441 2471 628 2524 Avitus
656 2472 796 2525 enim
825 2486 964 2525 unus
989 2487 1052 2526 ex
1089 2472 1448 2539 senatoribus,
1476 2482 1550 2536 et,
1583 2482 1639 2525 ut
1663 2471 1818 2526 valde

233 2561 573 2615 manifestum
601 2571 704 2626 est,
745 2561 876 2616 civis
903 2563 1193 2625 Arvernus,
1225 2577 1344 2616 cum
1379 2563 1674 2616 Romanum
1705 2578 1818 2615 am-

232 2653 402 2708 bisset
427 2653 731 2720 imperium,
764 2653 1031 2706 luxuriose
1063 2668 1221 2721 agere
1251 2654 1456 2718 volens,
1487 2668 1516 2706 a
1558 2654 1820 2708 senatori-

232 2745 333 2799 bus
383 2745 650 2811 projectus
667 2754 712 2808 8,
755 2745 890 2811 apud
936 2745 1255 2799 Placentiam
1307 2746 1493 2800 urbem
1537 2746 1818 2815 episcopus

230 2835 534 2889 ordinatur.
567 2833 852 2903 Comperto
884 2848 1090 2902 autem,
1127 2837 1268 2907 quod
1317 2839 1490 2892 adhuc
1537 2839 1818 2912 indignans

231 2935 450 2980 senatus
482 2926 589 2978 vita
624 2941 744 2981 eum
775 2927 978 2993 privare
1007 2929 1186 2992 vellet,
1221 2929 1492 2984 basilicam
1523 2931 1692 2984 sancti
1720 2931 1815 2985 Ju-

232 3016 363 3069 liuni
387 3016 616 3069 Arverni
641 3017 890 3086 martyris
918 3034 1035 3072 cum
1068 3018 1250 3073 multis
1279 3020 1588 3074 muneribus
1617 3022 1820 3088 expeti-

234 3107 340 3161 vit:
361 3107 452 3160 sed
477 3107 692 3175 impleto
707 3109 757 3162 in
782 3109 972 3163 itinere
991 3110 1114 3163 vitae
1132 3109 1478 3175 cursu,obiit,
1503 3110 1818 3180 delatusquo

1921 1935 2019 1974 suo
2041 1930 2122 1975 est
2144 1923 2440 1977 restitutus.
2475 1921 2565 1974 llis
2588 1936 2715 1990 ergo
2739 1921 3086 1990 regnantibus
3103 1919 3286 1983 simul,
3317 1919 3508 1972 [iasina

1920 2012 2034 2077 illa,
2066 2029 2224 2083 quant
2257 2029 2417 2083 supra
2449 2013 2884 2077 memoravimus,
2917 2011 3104 2066 relicto
3133 2010 3246 2064 viro
3276 2022 3396 2072 suo,
3441 2008 3507 2059 ad

1920 2104 2282 2160 Cbildericum
2306 2106 2470 2159 venit.
2493 2104 2595 2172 Qui
2617 2120 2737 2157 cum
2761 2103 2988 2158 sollicite
3011 2104 3382 2169 interrogaret,
3402 2113 3508 2167 qua

1919 2199 1987 2254 de
2013 2213 2171 2252 causa
2203 2199 2268 2252 ad
2311 2213 2429 2252 eum
2459 2198 2530 2253 de
2566 2207 2709 2252 tanta
2742 2197 2962 2267 regione
2988 2196 3255 2263 venisset,
3284 2206 3509 2262 respon-

1922 2289 2069 2345 disse
2101 2288 2267 2343 fertur
2297 2306 2308 2340 :
2343 2288 2503 2352 Novi,
2536 2289 2726 2356 inquit,
2759 2288 3036 2342 utilitatem
3067 2296 3240 2351 tuam,
3266 2285 3407 2354 quod
3433 2282 3509 2338 sis

1919 2379 2075 2433 valde
2119 2389 2368 2433 strenuus
2415 2397 2429 2432 :
2485 2379 2709 2446 ide0que
2751 2379 2873 2432 veni
2905 2387 2962 2432 ut
3009 2376 3237 2431 habitem
3291 2385 3506 2439 tecum;

1921 2485 2044 2524 nam
2075 2470 2312 2534 noveris,
2342 2471 2384 2523 si
2409 2471 2462 2524 in
2491 2468 2868 2525 transmarinis
2891 2467 3130 2536 partibus
3153 2466 3383 2535 aliquem
3414 2480 3506 2518 co-

1920 2561 2222 2630 gnovissem
2267 2560 2539 2615 utiliorem
2571 2569 2642 2624 te,
2676 2559 2996 2628 espetissetu
3020 2558 3199 2626 utique
3226 2557 3506 2612 cohabita-

1922 2639 2121 2708 tion‘em
2154 2653 2289 2723 ejus.
2342 2655 2413 2707 At
2442 2653 2529 2707 ille
2566 2651 2836 2722 gaudens,
2867 2665 2985 2706 eam
3016 2650 3117 2704 sibi
3161 2650 3213 2704 in
3257 2648 3508 2720 conjugio

1923 2746 2232 2815 copulavit:
2262 2762 2380 2815 qua:
2403 2745 2712 2815 concipiens
2739 2745 2941 2813 peperit
2974 2744 3163 2807 ﬁlium,
3194 2743 3508 2810 vocavitque

1923 2851 2122 2892 nomen
2151 2837 2267 2906 ejus
2293 2836 2747 2892 Chlodovechum.
2786 2836 2880 2891 llic
2907 2835 3006 2891 fuit
3045 2851 3288 2904 magnus,
3319 2845 3372 2889 et
3409 2848 3507 2902 pu-

1925 2939 2116 2999 gnator
2144 2930 2410 2998 egregius.

1995 3018 2131 3074 XIII.
2166 3019 2320 3087 Apud
2363 3021 2660 3074 Arvernum
2698 3033 2829 3073 vero
2868 3026 2988 3088 post
3027 3017 3306 3072 transitum
3337 3015 3506 3070 sancti

1923 3112 2170 3177 Artemii,
2199 3111 2544 3166 Venerandus
2575 3127 2604 3164 e
2631 3111 2970 3166 senatoribus
2991 3111 3270 3180 episc0pus
3293 3109 3512 3164 ordina.

233 3199 300 3253 ad
326 3200 687 3254 Brivatensem
718 3203 913 3268 vicum,
937 3203 1000 3254 ad
1024 3202 1183 3269 pedes
1204 3201 1452 3255 antedicti
1473 3203 1721 3272 martyris
1744 3215 1824 3259 cst
1851 3193 1894 3254 C
1929 3212 2035 3258 tur:
2063 3203 2247 3269 Qualis
2275 3215 2452 3257 autem
2483 3203 2641 3256 fuerit
2668 3202 2753 3258 hic
2781 3202 3041 3272 pontifex,
3075 3211 3298 3257 testatur
3326 3201 3507 3257 Pauli-

233 3297 474 3363 sepultus
501 3314 512 3346 :
537 3295 623 3349 cui
648 3296 934 3348 Martianus
955 3293 1136 3365 [Forte
1166 3291 1506 3362 Majorianus]
1535 3297 1816 3350 successit.

234 3384 294 3439 in
324 3385 507 3438 Galliis
535 3396 711 3439 autem
751 3385 994 3456 [Egidius
1023 3401 1089 3438 cx
1118 3385 1374 3439 Romanis
1400 3385 1652 3454 magister
1677 3387 1818 3440 mili-

234 3487 346 3530 tum
378 3473 578 3528 datush
609 3487 712 3530 est.

307 3567 421 3622 XII.
474 3568 802 3622 Childericus
832 3583 960 3623 vero
987 3584 1105 3622 cum
1138 3578 1283 3623 esset
1325 3569 1485 3622 nimia
1526 3570 1576 3623 itt
1611 3570 1818 3624 luxuria

236 3659 560 3724 dissolutus,
594 3669 650 3713 et
699 3669 944 3728 regnaret
990 3674 1150 3728 super
1193 3660 1518 3714 Francorum
1562 3671 1772 3729 gentem
1800 3703 1816 3729 ,

235 3748 400 3814 t-tepit
425 3750 557 3802 tilias
577 3763 760 3802 eorum
783 3756 1030 3816 stuprose
1055 3747 1359 3804 detrahere.
1381 3750 1586 3820 6611Ιὶ
1609 3765 1822 3820 quoque

235 3839 308 3892 ob
339 3842 437 3891 Itoc
459 3839 815 3907 indignantes,
844 3837 909 3890 de
931 3852 1095 3900 regno
1116 3853 1236 3891 eum
1266 3838 1508 3906 ejiciunt.
1532 3838 1820 3907 Comperto

234 3941 415 3983 autem
444 3929 583 3998 quod
615 3944 737 3983 cum
768 3929 930 3982 etiam
968 3929 1268 3984 interﬁcere
1308 3929 1539 3994 vellent,
1584 3929 1817 3984 Thoriu-

234 4023 378 4091 giam
430 4022 599 4090 petiit,
645 4021 954 4090 relinquens
1000 4020 1070 4075 ibi
1106 4021 1374 4077 hominem
1414 4024 1513 4076 sibi
1556 4039 1738 4078 earum
1776 4021 1820 4088 ί.

239 4113 331 4182 qui
364 4112 599 4166 virorum
627 4111 913 4167 furentium
943 4112 1151 4166 animos
1173 4113 1351 4167 verbis
1379 4113 1584 4168 lenibus
1614 4112 1823 4167 mollire

309 4258 333 4284 ⁸
376 4247 518 4301 Idem
545 4257 598 4302 et
627 4249 772 4311 Bec.,
802 4248 1204 4316 confundentur.

309 4317 336 4356 δ
382 4320 508 4383 Quis
539 4318 796 4384 formarit,
829 4315 959 4381 ete.,
1004 4332 1171 4386 usque
1206 4315 1273 4372 ad
1311 4317 1366 4372 in
1401 4318 1602 4388 prunis,
1631 4318 1825 4375 desunt

236 4389 288 4443 in
313 4387 499 4455 Cnrb.,
536 4388 724 4455 Itegm.
758 4399 810 4442 et
843 4389 970 4441 Bec.

310 4469 333 4496 ο
376 4457 565 4525 Regtn.
593 4467 648 4512 et
668 4459 817 4521 Bec.,
850 4457 1115 4511 tollentur.

304 4527 332 4566 ἰ
375 4529 586 4595 [tegm.,
619 4539 666 4581 et
695 4528 880 4581 adorat
909 4538 956 4582 et
985 4530 1236 4582 obsecrat.

311 4610 334 4636 ε
377 4600 564 4661 Gnrb.,
597 4599 720 4652 Bec.
748 4609 802 4652 et
834 4599 1044 4668 Itegm.,
1069 4608 1123 4652 et
1153 4599 1290 4653 Mor.
1321 4613 1395 4666 s.,
1428 4599 1676 4655 adorabo.

310 4668 334 4708 ί
375 4669 585 4738 ltegtn.,
618 4670 843 4738 liberavit
869 4685 1004 4722 eum.

305 4750 330 4787 ε
373 4737 644 4792 δίδωθι-ι).
668 4749 720 4792 et
743 4737 918 4803 Colb.;
951 4747 1006 4790 at
1031 4737 1143 4809 alii,
1163 4741 1373 4809 ejectus.
1400 4740 1664 4794 Placentia
1691 4742 1817 4796 urbs

232 4821 318 4866 est
350 4810 510 4864 Italiae
541 4810 842 4863 notissima.
880 4810 952 4862 De
987 4810 1046 4863 S.
1080 4808 1312 4872 Juliano,
1345 4812 1433 4878 qui
1461 4813 1597 4877 apud
1636 4813 1818 4865 Briva-

233 4892 368 4944 tem,
396 4878 647 4944 Brioude,
680 4881 731 4932 in
765 4881 1020 4933 Arvernia
1067 4882 1286 4945 quiescit
1311 4919 1324 4940 ,
1377 4891 1518 4934 tutus
1562 4892 1645 4935 est
1684 4883 1817 4936 liber

231 4950 500 5006 secundus
527 4951 764 5017 Gregorii
793 4950 860 5002 de
889 4949 1069 5002 Gloria
1098 4950 1406 5016 Martyrum.

308 5021 333 5056 ιι
375 5024 582 5088 Aliquot
626 5037 754 5075 mss.
787 5029 840 5072 et
868 5021 982 5086 ed.,
1012 5020 1178 5070 dictus
1208 5031 1299 5072 est.
1330 5020 1475 5072 llanc
1503 5019 1812 5088 dignitatem

230 5092 302 5145 ab
319 5091 475 5144 Avito
497 5091 775 5144 habuerat.
801 5090 994 5143 Comes
1026 5093 1299 5159 utriusque
1330 5093 1529 5143 utilttize
1560 5093 1626 5144 ab
1649 5091 1816 5146 Idatto

229 5162 551 5215 awellutur.

267 5180 551 5230 ppettatur.

314 5231 327 5268 ί
378 5233 430 5284 lu
463 5231 612 5286 Colb.
652 5231 826 5284 addita
856 5237 983 5283 sunt
1007 5230 1197 5295 mquali
1241 5230 1350 5282 fere
1382 5244 1538 5281 tnanu
1570 5231 1680 5283 lucc
1707 5230 1814 5283 duo

231 5303 416 5366 verba,
445 5304 647 5354 nomine
679 5300 1002 5353 Viomadum.
1032 5300 1119 5352 Sic
1142 5300 1230 5352 iI.c
1259 5300 1328 5351 ab
1357 5301 1603 5352 Aimoino
1631 5301 1819 5369 appel-

229 5373 372 5426 latur
406 5372 497 5423 hb.
528 5387 583 5436 tt,
609 5387 727 5438 cap.
763 5371 816 5425 7.

308 5444 322 5491 i
378 5443 502 5509 lteg.
547 5453 602 5496 ct
651 5442 811 5508 Uad.,
859 5440 1120 5494 Basinum.
1169 5440 1358 5507 ﬂegm.
1403 5449 1456 5492 et
1502 5441 1661 5504 Itec.,
1702 5439 1818 5494 Bis—

227 5529 421 5566 διηιυη.

309 5586 334 5618 κ
377 5582 518 5635 Editi
551 5595 669 5634 cum
703 5580 901 5647 aliquot
942 5597 1074 5634 mss.
1105 5579 1302 5632 habent
1349 5592 1602 5646 presbyter
1633 5579 1817 5632 Pauli-

230 5670 352 5706 nus.
383 5651 533 5706 Iluttc
561 5653 826 5705 celebrem
871 5651 1143 5703 I’aultnutn
1175 5650 1321 5703 Nola:
1355 5653 1662 5714 cpi-copam
1694 5665 1815 5704 esse

231 5723 511 5775 contendit
543 5737 690 5774 novre
723 5721 887 5788 ipsius
930 5736 1148 5787 operum
1181 5721 1432 5773 editionis
1458 5731 1665 5780 auctor,
1697 5721 1814 5785 ejus

235 5793 370 5847 Viue
401 5809 520 5861 cap.
567 5791 659 5859 fit),
693 5801 874 5844 contra
915 5791 1238 5845 Chil'ﬁetium
1283 5791 1373 5858 qui
1427 5791 1477 5845 id
1525 5791 1807 5845 ittﬁciatur.

1850 4573 1898 4634 D

1923 3292 2066 3348 ιιυειι
2098 3295 2321 3350 dicens:
2369 3312 2388 3346 ‹
2441 3293 2496 3349 Si
2527 3294 2668 3348 enim
2713 3294 2811 3347 hos
2841 3294 3024 3348 videas
3050 3293 3240 3362 dignos
3285 3293 3509 3349 Domino

1919 3386 2246 3448 sacerdotes,
2281 3385 2364 3440 vel
2410 3384 2807 3453 Exsuperiuml
2847 3386 2952 3456 67
2981 3385 3212 3451 Tolosae,
3259 3385 3342 3442 vel
3371 3385 3507 3440 Sint-

1923 3477 2146 3545 plicium
2168 3477 2409 3544 Viennu',
2429 3477 2510 3530 vel
2533 3477 2830 3531 Amandum
2855 3477 3183 3547 Burdegalae,
3209 3477 3289 3532 vel
3319 3477 3510 3545 Dioge-

1924 3569 2142 3623 nianum
2171 3570 2394 3636 Albigaz,
2427 3569 2508 3624 vel
2533 3569 2851 3637 Dynatnium
2885 3569 3187 3635 Ecolismaa,
3217 3570 3300 3624 vel
3335 3569 3510 3622 Vene-

1923 3659 2154 3713 randum
2185 3659 2441 3714 Arvernis
2467 3701 2482 3726 ,
2511 3659 2596 3714 vel
2640 3660 2895 3714 Alithium
2940 3660 3195 3714 Cadurcis
3215 3700 3231 3724 ,
3260 3660 3342 3715 vel
3371 3675 3510 3714 nunc

1923 3749 2204 3818 Pegasium
2250 3750 2599 3816 Petrocoriis,
2643 3758 2934 3820 utcumque
2976 3766 3034 3805 se
3087 3750 3286 3805 habent
3330 3750 3510 3805 saeculi

1923 3840 2083 3906 mala,
2113 3840 2324 3894 videbis
2369 3840 2610 3909 profecto
2638 3841 2981 3911 dignissimos
3025 3841 3184 3894 totius
3213 3840 3512 3895 sanctitatis

1922 3945 1985 3986 ac
2013 3933 2158 3994 ﬁdei,
2203 3933 2584 4002 religionisque
2613 3934 2883 3988 custodes.
2925 3953 2944 3985 ι
2975 3933 3067 3987 IIic
3095 3935 3148 3987 in
3178 3934 3290 4002 ipsa
3336 3933 3511 3987 domi-

1925 4023 2029 4076 nici
2060 4023 2262 4076 Natalis
2301 4023 2474 4091 vigilia
2506 4025 2762 4077 transisse
2801 4024 3029 4078 refertur
3046 4034 3106 4078 η’.
3146 4025 3300 4080 Mane
3328 4035 3510 4079 autem

1925 4115 2084 4181 facto,
2119 4115 2388 4185 processio
2411 4115 2766 4170 solemnitatis
2805 4115 3006 4171 funeris
3041 4116 3157 4186 ejus
3186 4117 3508 4187 obsequium

1924 4251 2056 4305 Rem
2081 4251 2131 4304 in
2158 4249 2334 4302 medio
2356 4249 2605 4318 relinquit
2635 4249 2987 4319 Rosweydus.
3012 4249 3168 4306 Certe
3197 4252 3298 4305 etsi
3321 4267 3349 4306 a
3374 4251 3508 4306 Gre-

1923 4322 2076 4389 gorio
2106 4320 2355 4374 Paulinus
2385 4321 2471 4374 hic
2494 4321 2773 4389 presbyter
2794 4322 3099 4388 appellatus
3120 4321 3301 4385 fuerit,
3333 4332 3390 4376 ut
3413 4323 3507 4376 Ita-

1924 4394 2051 4445 bent
2078 4392 2284 4458 aliquot
2311 4390 2543 4452 codices,
2568 4391 2645 4445 nil
2673 4391 2798 4445 inde
2815 4391 3005 4445 conlici
3029 4399 3223 4460 potest,
3247 4407 3368 4446 cum
3395 4392 3512 4448 haec

1921 4464 2146 4529 epistola
2175 4478 2202 4513 a
2236 4460 2460 4516 Paulino
2495 4469 2619 4516 tunc
2650 4461 2965 4531 presbytero
3006 4463 3169 4515 scribi
3201 4462 3462 4529 potuisset
3491 4481 3507 4527 ;

1925 4541 2085 4600 atque
2113 4533 2180 4584 ita
2211 4533 2328 4595 ejus
2353 4532 2561 4584 titulum
2587 4531 2802 4600 legisset
2823 4532 3144 4598 Gregorius,
3174 4541 3231 4586 ut
3254 4533 3349 4598 ipsi
3383 4542 3512 4587 tunc

1923 4612 2038 4655 erat
2068 4601 2332 4670 pratﬁxus.
2373 4600 2479 4654 Sed
2519 4600 2884 4669 cujuscunque
2911 4601 3112 4655 Paulini
3155 4601 3336 4668 fuerit,
3379 4605 3511 4656 nihil

1919 4671 1986 4794 ἓξ
2016 4687 2077 4726 ea
2105 4681 2279 4726 exstat
2315 4679 2509 4740 praster
2541 4673 2706 4726 verba
2733 4686 2855 4741 quae
2905 4671 2994 4726 hic
3021 4687 3051 4724 a
3091 4671 3360 4742 Gregorio.
3395 4674 3509 4726 Iau-

1956 4752 2134 4794 antur.

1956 4752 2134 4794 antur.

1998 4809 2014 4849 ι
2059 4810 2389 4878 Exsuperius
2411 4825 2438 4862 a
2464 4809 2520 4864 S.
2550 4809 2874 4880 Hieronymo
2898 4810 3142 4865 laudatur
3171 4812 3232 4866 in-
3255 4814 3410 4880 epist.
3439 4813 3506 4867 ad

1922 4880 2197 4952 Rusticum
2226 4881 2569 4952 monachum,
2593 4891 2649 4935 et
2669 4880 2788 4952 aliis
2810 4881 2861 4934 in
2895 4881 3045 4936 locis.
3084 4882 3275 4936 Eidem
3297 4883 3512 4952 scripsit

1923 4951 2265 5005 Innocentius
2298 4950 2316 5003 l
2344 4965 2498 5019 papa.
2535 4952 2661 5019 Ejus
2705 4951 2898 5005 festum
2929 4953 3185 5007 recolitur
3215 4953 3303 5007 die
3328 4953 3397 5007 28
3420 4950 3506 5006 εθὲ

1923 5022 2200 5087 ptembris.
2249 5021 2325 5074 De
2373 5020 2652 5087 Simplicio
2682 5020 2928 5075 Zozimus
2974 5038 3107 5090 papa
3149 5024 3310 5089 epist.
3362 5022 3418 5074 7.
3452 5020 3506 5074 In

1921 5091 2073 5144 Golh.
2115 5100 2166 5144 et
2210 5091 2340 5143 Bad.
2373 5092 2579 5159 dicitur
2606 5091 2924 5159 Supplicins.
2981 5092 3054 5145 De
3099 5091 3340 5144 Amando
3385 5091 3508 5145 vide

1923 5161 2011 5213 lib.
2043 5160 2108 5230 de
2132 5160 2216 5213 Gl.
2245 5158 2395 5230 Cotti.
2416 5199 2431 5222 ,
2458 5175 2576 5230 cap.
2601 5158 2692 5213 45.
2720 5161 3079 5230 Dynamiusiin
3104 5160 3288 5222 Gorb.,
3315 5161 3503 5230 Begm.

1923 5240 1975 5350 pl
2008 5229 2137 5307 Bad.
2187 5229 2437 5283 scribitur
2468 5228 2777 5282 Damianus.
2803 5231 2951 5297 Bec.,
2993 5229 3292 5282 Dinamium
3331 5229 3508 5302 Engo-

1946 5315 2120 5350 estnw.

1946 5315 2120 5354 88111113.

1995 5378 2034 5406 ιη
2077 5369 2150 5423 De
2180 5369 2234 5422 S.
2270 5369 2566 5423 Venerandi
2600 5370 2822 5424 ecclesia
2854 5368 2956 5435 agit
2987 5366 3275 5437 Gregorius
3304 5368 3396 5424 lib.
3437 5369 3507 5426 de

1924 5439 2106 5494 Gloria
2134 5441 2308 5502 (lout.,
2336 5454 2458 5507 cap.
2489 5441 2578 5505 35,
2609 5449 2665 5494 et
2687 5455 2862 5506 scqq.;
2887 5448 3217 5491 memoratur
3241 5440 3293 5493 in
3319 5440 3506 5494 libello

1927 5513 1992 5564 de
2014 5511 2213 5564 sanctis
2241 5511 2596 5576 Glaromont.,
2622 5525 2735 5576 cap.
2765 5507 2854 5570 10,
2885 5508 2974 5560 ubi
2999 5509 3270 5576 complura
3291 5519 3507 5564 sancto-

1923 5595 2038 5650 runt
2072 5591 2361 5650 martyrum
2393 5595 2618 5646 corpora
2642 5580 2693 5631 in
2724 5592 2786 5631 ea
2811 5576 3206 5650 sepultaluisse
3229 5580 3498 5650 dicuntur.

1922 5649 2092 5703 llodie
2124 5646 2300 5704 exstat
2327 5649 2377 5702 in
2415 5649 2580 5701 hortis
2608 5649 2918 5701 monasterii
2954 5646 3204 5701 lllidiani.
3238 5648 3369 5703 Vide
3402 5650 3504 5701 Sa-

1921 5719 2137 5798 varonis
2168 5729 2340 5774 notas.
2372 5718 2430 5773 S.
2469 5717 2764 5773 Venerabili
2789 5717 2981 5774 festum
3003 5716 3195 5772 colitur
3213 5718 3300 5774 die
3327 5717 3390 5773 18
3415 5717 3504 5773 Ja-

1923 5804 2114 5843 ιιιωηι.
