4028 6342
236 351 353 405 213

1042 366 1065 421 ‘_
1140 347 1458 405 HISTORIA
1506 347 1957 404 FIiANCOl‘tUM.
1999 346 2200 399 LIBER
2243 346 2617 404 SECUNDUS.

3397 353 3507 409 2M

239 466 459 521 civitate
506 480 695 536 passus
741 466 1062 537 quingentos
1105 467 1507 536 quinquaginta.
1559 466 1725 520 liabet
1772 466 1822 518 in
1856 468 1901 525 Α
2004 460 2116 515 XV.
2161 462 2237 515 Eo
2292 471 2531 526 tempore
2582 471 2637 517 et
2689 462 2900 516 basilica
2942 463 3078 517 beati
3133 465 3508 536 Symphoriani

240 556 458 627 longum
510 558 673 625 pedes
712 567 922 613 centum
973 559 1316 628 sexaginta“,
1366 559 1420 612 in
1464 560 1628 613 latum
1676 573 1831 611 sexa-

239 648 386 717 ginta
419 664 438 703 :
469 648 631 704 habet
659 649 709 702 in
733 651 896 703 altum
930 666 1097 719 usque
1122 650 1186 704 ad
1219 666 1484 704 cameram
1515 652 1674 719 pedes
1701 664 1831 718 qua-

159 776 196 813 γ
240 738 484 809 draginta
508 742 777 810 quinque;
806 742 1065 797 fenestras
1089 743 1138 795 in
1172 744 1363 795 altario
1385 742 1413 780 δ
1439 743 1648 811 triginta
1674 744 1830 806 duas,

243 832 301 888 in
329 848 495 902 capso
525 835 731 905 viginti,
751 836 1030 891 columnas
1049 838 1393 906 quadraginta
1421 854 1599 892 unam.
1636 838 1689 890 In
1719 848 1829 890 toto

242 926 470 981 aedilicio
498 926 756 983 fenestras
785 930 1164 999 quinquaginta
1196 933 1349 995 duas,
1379 934 1656 986 columnas
1704 947 1831 986 ceu-

243 1028 356 1073 tum
390 1020 604 1088 viginti;
635 1021 772 1075 ostia
814 1032 966 1087 octo,
1012 1024 1114 1075 tria
1152 1024 1200 1075 in
1241 1024 1459 1080 altario.
1500 1024 1737 1091 quinque
1776 1022 1829 1076 in

243 1123 429 1177 capso.
456 1110 775 1165 Solemnitas
800 1114 941 1167 enim
972 1114 1136 1182 ipsius
1162 1115 1389 1167 basilica-
1416 1114 1606 1181 triplici
1636 1114 1831 1169 virtute

244 1203 449 1271 pollet:
483 1204 531 1256 id
558 1212 642 1257 est
668 1204 1004 1259 dedicatione
1037 1207 1237 1274 templi,
1275 1207 1617 1260 translatione
1643 1223 1835 1275 corpo-

245 1294 323 1350 ris
369 1296 579 1358 sancti,
613 1296 697 1349 vel
745 1296 1082 1351 ordinatione
1132 1299 1247 1367 ejus
1292 1300 1649 1368 episcopatus.
1686 1301 1834 1355 lianc

245 1385 389 1439 enim
432 1397 626 1454 quarto
666 1401 834 1441 nonas
861 1389 1030 1444 Julias
1057 1388 1369 1443 obscrvabis
1398 1407 1413 1444 :
1444 1392 1830 1461 depositionem

243 1488 377 1528 vero
406 1476 522 1544 ejus
545 1479 701 1530 tet-tio
728 1478 845 1531 idus
861 1478 1173 1533 Novembris
1200 1496 1319 1534 esse
1346 1496 1657 1550 cognoscas.
1682 1483 1833 1549 Quod

244 1568 290 1620 si
326 1567 553 1622 fideliter
581 1570 960 1636 celebraveris,
1004 1580 1057 1625 et
1085 1571 1137 1624 in
1173 1574 1423 1635 prae~enti
1448 1574 1667 1639 sarculo,
1698 1584 1753 1628 et
1781 1574 1832 1627 itt

248 1656 461 1721 futuro,
514 1657 803 1723 patrocinia
849 1658 991 1713 beati
1036 1659 1300 1715 antistitis
1322 1664 1734 1728 promereberis.
1770 1662 1844 1716 Et

247 1749 503 1815 quoniam
533 1765 744 1803 «mittera
774 1750 981 1804 cellulae
1011 1749 1158 1805 illius
1192 1753 1382 1818 prioris
1413 1754 1643 1822 eleganti
1673 1768 1836 1822 opere

1933 554 2432 624 Augustodunensis
2478 555 2724 624 martyris
2766 555 2841 609 ab.
2889 555 3152 611 Eufronior
3194 559 3509 630 presbytero

1932 647 2191 701 :edilicata
2213 657 2316 699 est.
2346 648 2408 699 lit
2438 647 2551 713 ipse
2579 648 2879 713 Eufronius,
2906 648 3063 715 hujus
3086 650 3337 718 deinceps
3360 654 3508 706 urbis

1932 739 2297 806 episcopatum
2322 742 2546 793 sortitus
2573 751 2655 792 est
2677 750 2719 793 ο.
2770 741 2866 794 llic
2910 742 3051 796 enim
3099 759 3333 799 marmor
3365 749 3509 815 quod

1931 845 2092 897 super
2117 840 2356 885 sanctum
2388 834 2689 898 sepulcrum
2719 834 2855 886 beati
2886 834 3091 889 Martini
3118 838 3358 905 habetur,
3386 856 3508 896 cum

1932 922 2117 989 grandi
2149 922 2432 976 devotione
2464 922 2778 978 transmisit.
2900 907 2905 917 ’

2007 1012 2144 1066 XVI.
2174 1015 2403 1068 Sanctus
2419 1011 2444 1049 ά
2478 1029 2605 1067 vero
2628 1014 2922 1080 Namatius,
2942 1030 3061 1087 post
3081 1020 3282 1075 obitum
3306 1022 3511 1080 Rustici

1936 1104 2195 1172 episcopi,
2228 1106 2365 1173 apud
2410 1106 2680 1158 Arvernos
2722 1106 2772 1158 in
2800 1108 2986 1161 diebus
3017 1110 3120 1165 illis
3148 1120 3366 1167 octavus
3395 1125 3513 1170 erat

1938 1186 2237 1262 episcopus.
2275 1195 2369 1249 llic
2400 1195 2681 1249 ecclesiam
2715 1211 2833 1263 qua:
2863 1213 3001 1253 nunc
3027 1211 3304 1269 constat°,
3345 1215 3398 1258 et
3425 1220 3513 1259 se-

1939 1289 2056 1340 nior
2085 1286 2219 1340 infra
2251 1304 2432 1341 muros
2472 1288 2705 1341 civitatis
2737 1288 2982 1353 habetur,
3024 1306 3123 1344 suo
3149 1294 3328 1347 studio
3348 1295 3513 1350 fabri-

1938 1381 2096 1446 cavit,
2130 1381 2411 1435 habentem
2457 1382 2509 1433 in
2559 1382 2775 1451 longum
2806 1384 2966 1449 pedes
2996 1393 3208 1438 centum
3254 1389 3514 1458 quinqua-

1938 1470 2100 1540 ginta,
2136 1472 2186 1524 in
2217 1473 2377 1525 latum
2420 1471 2578 1540 pedes
2623 1474 2895 1539 sexaginta
2920 1516 2934 1536 ,
2979 1476 3028 1527 itt
3058 1477 3221 1531 altum
3265 1481 3394 1533 infra
3425 1498 3515 1536 ca-

1938 1576 2090 1629 psum
2136 1576 2302 1629 usque
2340 1576 2628 1627 camemn,
2671 1564 2832 1630 pedes
2881 1563 3294 1635 quinquaginta:
3338 1570 3515 1627 inante

1938 1651 2178 1706 absidem
2219 1654 2501 1707 rotundam
2536 1652 2758 1716 habens,
2802 1655 2868 1709 ab
2899 1668 3121 1723 utroque
3154 1658 3316 1715 latere
3344 1664 3515 1717 ascei-

1941 1742 2018 1795 las
2048 1743 2273 1812 eleganti
2319 1752 2650 1798 constructas
2680 1761 2861 1813 opere,
2918 1757 3188 1818 totumque
3231 1751 3515 1809 aedificium

249 1837 429 1893 fuerat
459 1837 710 1893 fabricata
730 1878 746 1903 ,
778 1839 1053 1910 indignum
1092 1839 1243 1893 duxit
1271 1842 1521 1896 sacerdos
1540 1883 1555 1906 ,
1586 1852 1643 1896 ut
1671 1857 1832 1911 opera
1864 1844 1907 1901 Β
1937 1832 1989 1888 in
2022 1838 2234 1887 modum
2263 1836 2436 1889 crucis
2464 1835 2690 1890 habetur
2708 1840 3029 1903 expositum.
3064 1840 3233 1894 llabet
3254 1842 3515 1899 fenestras

248 1931 367 2000 ejus
413 1931 757 1999 deperirent:
797 1932 889 1987 sed
928 1933 981 1985 in
1022 1933 1225 1986 honore
1257 1932 1529 1987 beatorum
1561 1934 1834 2002 apostolo-

248 2039 370 2078 rum
406 2023 544 2078 Petri
568 2032 620 2078 et
651 2026 796 2079 Pauli
820 2026 978 2079 aliam
1007 2026 1305 2081 construxit
1331 2027 1625 2092 basilicam,
1651 2029 1703 2081 in
1730 2044 1831 2097 qua

248 2129 517 2169 cameram
544 2116 690 2169 illam
722 2116 915 2170 aflixit.
948 2118 1134 2172 Multas
1162 2129 1219 2173 et
1244 2119 1377 2173 alias
1399 2118 1643 2174 basilicas
1664 2119 1834 2174 aedili-

250 2205 417 2275 cavit,
447 2224 565 2274 quae
588 2208 1043 2278 usque69hodie
1060 2209 1112 2263 in
1125 2209 1321 2265 Christi
1338 2212 1551 2265 nomine
1564 2220 1835 2265 constant.

247 2430 308 2485 S.
336 2429 538 2485 Martini
561 2446 589 2484 a
621 2432 853 2485 Roberto
876 2431 1482 2500 episeopo‘Carnotensi,
1506 2442 1689 2501 aperto
1711 2449 1836 2488 san-

249 2500 322 2556 cti
357 2502 567 2555 Martini
596 2503 862 2567 sepulcro.

327 2590 345 2621 t
378 2571 433 2625 In
455 2588 559 2637 quo
580 2572 793 2640 quidem
818 2571 1063 2638 sepulcro
1090 2573 1409 2627 invenerunt
1435 2587 1647 2641 capsam
1671 2590 1830 2628 unam

250 2651 578 2710 argenteam,
612 2653 665 2695 et
695 2642 755 2695 in
775 2642 957 2695 eadem
989 2643 1246 2696 cistellam
1284 2644 1550 2697 salliceam
1581 2643 1836 2698 mirabili-

250 2723 334 2764 ter
361 2710 533 2764 albam
565 2720 621 2765 et
648 2720 940 2773 recentem,
976 2712 1027 2765 iu
1074 2728 1173 2779 qua
1213 2727 1407 2779 corpus
1435 2712 1675 2781 ejusdem
1708 2714 1833 2768 bea-

248 2781 447 2834 tissimi
478 2780 799 2836 confessoris
826 2782 1120 2837 honorifice
1151 2780 1475 2850 reposuerat
1488 2785 1676 2837 beatus
1706 2785 1833 2839 Per-

250 2862 466 2919 petuus,
507 2855 593 2919 qui
623 2866 764 2904 anno
808 2852 1141 2920 sexagesimo
1172 2863 1362 2921 quarto
1404 2863 1520 2920 post
1553 2855 1830 2909 transitum

250 2922 619 2989 gloriosissimi
645 2921 851 2975 Martini
876 2924 1016 2977 sedis
1038 2922 1315 2978 Turonicze
1336 2925 1693 2978 cathedralem
1715 2940 1834 2979 sor-

251 2998 380 3045 titus
412 2991 582 3045 fuerat
620 2993 953 3058 dignitatem.
988 2994 1253 3058 Aperiens
1300 3002 1476 3047 autem
1522 3008 1641 3047 cum
1671 2996 1834 3049 devo-

252 3063 400 3115 tione
439 3072 492 3114 et
537 3074 768 3117 tremore
807 3064 897 3117 ille
940 3063 1267 3121 venerabili.
1304 3065 1584 3132 episcopus
1628 3062 1835 3117 Carno-

254 3132 421 3185 tensis
449 3134 708 3187 cistellam
743 3134 792 3184 in
821 3149 921 3202 qua
953 3149 1147 3199 corpus
1171 3133 1535 3189 beatissimum
1565 3134 1826 3201 latitahat,

1936 1929 2280 1998 quadraginta
2312 1930 2466 1993 duas,
2497 1916 2771 1984 columnas
2812 1932 3165 2001 septuaginta,
3198 1936 3329 1988 ostia
3360 1949 3512 1995 Iocto.

1936 2018 2134 2072 Terror
2165 2034 2392 2088 namque
2428 2018 2622 2073 ibidem
2665 2019 2783 2084 Dei,
2817 2032 2870 2073 et
2909 2022 3124 2076 claritas
3154 2040 3340 2093 magna
3386 2042 3516 2081 cou-

1936 2111 2195 2176 spicitur;
2229 2120 2282 2162 et
2310 2126 2433 2165 vere
2464 2111 2780 2178 plerumque
2811 2110 2939 2165 inibi
2968 2114 3103 2168 odor
3129 2119 3277 2184 quasi
3304 2133 3515 2172 aroma-

1938 2216 2046 2258 tum
2078 2205 2423 2258 SUM'iSSImUS
2453 2204 2706 2259 advenire
2744 2219 2771 2258 a
2814 2204 3073 2275 religiosis
3112 2210 3360 2265 sentitur.
3407 2210 3511 2264 Pa-

1935 2432 2278 2502 queotifacta
2308 2430 2469 2502 fuisse
2492 2431 2851 2502 indicatidem
2896 2432 3199 2499 registrum.
3236 2436 3390 2488 Anno
3417 2451 3512 2489 πη-
3594 2452 3599 2457 '

1938 2500 2041 2557 tem
2066 2500 2223 2563 1564,
2247 2502 2333 2556 die
2359 2504 2392 2556 5
2416 2501 2560 2559 Julii.
2591 2501 2790 2555 ert-dem
2824 2502 3053 2569 reliquia:
3078 2507 3129 2556 in
3156 2520 3309 2563 causa
3337 2509 3515 2573 positi:

1934 2575 2165 2638 reposita:
2187 2582 2301 2626 sunt
2340 2588 2492 2641 super
2524 2572 2689 2625 altare
2714 2574 2932 2645 existens
2962 2586 3093 2626 retro
3116 2575 3283 2645 majus
3313 2572 3475 2631 ultore
3496 2617 3512 2637 ,

1934 2646 2020 2699 ubi
2046 2645 2237 2697 solebat
2265 2658 2370 2695 esse
2397 2658 2551 2708 capsa
2590 2646 2755 2695 sancti
2785 2641 3012 2695 Martini.
3041 2646 3168 2710 Qua:
3190 2641 3329 2699 anno
3355 2648 3513 2709 1036,

1934 2716 2023 2770 die
2055 2713 2333 2768 undecima
2381 2712 2709 2777 Septembris
2738 2713 3043 2767 soletnniter
3073 2726 3195 2767 sunt
3218 2717 3440 2770 visitata,
3480 2733 3511 2771 τι

1935 2796 2047 2840 toto
2089 2784 2343 2852 capitulo.
2378 2783 2578 2836 Visitur
2627 2783 2889 2851 hodieque
2938 2784 3076 2836 istud
3119 2786 3284 2839 altare
3331 2789 3513 2840 multis

1935 2857 2189 2928 gradibus
2209 2852 2623 2928 elevatum,_5ttlt
2646 2854 2985 2928 q_uo__positus
3010 2866 3090 2928 est
3123 2857 3253 2928 lapis
3283 2859 3513 2922 sepulcri

1936 2922 2078 2984 beati
2118 2926 2353 2986 Martini,
2385 2923 2469 2975 ubi
2503 2924 2553 2974 in
2588 2923 2876 2988 majoribus
2917 2922 3289 2977 festivitatibus
3333 2942 3515 2981 sacer-

1934 2998 2031 3054 dos
2077 2996 2357 3052 celebrans
2403 2992 2618 3046 missam
2667 2993 2897 3057 inchoat,
2941 3003 3095 3059 atque
3125 2995 3191 3047 ad
3237 2995 3320 3048 illa
3353 2999 3514 3051 verba

1934 3077 2057 3137 post
2081 3064 2469 3121 confessionem
2491 3101 2506 3125 ,
2540 3063 2870 3137 Uramus‘te,
2917 3062 3131 3137 Domine
3154 3104 3170 3137 ρ
3209 3082 3299 3131 per
3338 3068 3517 3119 merita

1936 3131 2229 3192 Sanctorum
2257 3144 2478 3195 tuorum,
2515 3147 2733 3200 quorum
2767 3132 2850 3184 hic
2879 3131 3107 3201 reliquie:
3142 3133 3411 3197 habentur,
3453 3136 3515 3189 il.

253 3215 411 3269 caput
452 3217 570 3255 cum
597 3203 800 3271 reliquo
829 3218 1053 3274 corpore
1074 3203 1139 3257 ad
1174 3205 1341 3258 instar
1368 3205 1605 3258 infantuii
1630 3206 1832 3259 involu-
1864 3212 1908 3274 C
1942 3209 2051 3262 lum
2083 3207 2309 3273 lapidem
2341 3205 2633 3274 osculatur,
2662 3212 2770 3274 tum
2802 3203 2866 3253 ad
2895 3203 3061 3255 altare
3089 3204 3258 3270 majus
3288 3206 3517 3271 accedit,

254 3282 365 3325 tum
409 3282 461 3326 et
499 3274 736 3342 ligatum,
782 3273 1023 3328 cedulam
1061 3274 1329 3343 alligatam
1378 3275 1607 3341 invenit,
1641 3275 1691 3327 in
1733 3291 1833 3343 qua

254 3344 509 3408 scriptum
548 3356 662 3398 erat
707 3361 719 3395 :
763 3358 848 3398 mc
891 3358 988 3398 εει·
1024 3348 1221 3398 cont-is
1261 3360 1416 3398 nam
1455 3345 1686 3399 Manrmr
1728 3361 1840 3399 EPI-

253 3427 401 3466 SCthl
430 3412 778 3468 Turnonsnsw.
806 3415 923 3479 Quo
949 3415 1085 3476 viso,
1112 3416 1511 3483 eongaudentes
1536 3415 1587 3469 in
1615 3416 1840 3470 Domino

253 3484 321 3554 de
346 3493 452 3535 tam
480 3484 713 3549 pretioso
738 3486 987 3539 thesauro
1008 3485 1090 3537 hic
1119 3495 1353 3553 reperto,
1381 3484 1522 3539 idem
1552 3486 1838 3554 episc0pus

256 3552 597 3607 Carnmensis
622 3555 837 3622 incmpit
866 3554 1086 3609 solvere
1108 3552 1348 3609 sanctum
1371 3552 1595 3622 carpus,’
1612 3552 1751 3621 quod
1773 3571 1838 3611 ex

254 3625 480 3694 quadam
504 3639 632 3694 zona
658 3626 881 3678 candida
901 3640 929 3678 a
951 3625 1107 3694 beato
1131 3627 1390 3694 Perpetuo
1414 3633 1650 3693 tempore
1675 3635 1841 3680 trans-

255 3693 470 3745 lationis
518 3692 757 3762 ejusdem
806 3695 1045 3763 carperis
1087 3692 1259 3750 fuerat
1299 3698 1375 3748 sie
1419 3692 1658 3762 ligatum,
1689 3696 1838 3762 ejus-

256 3778 360 3835 que
405 3766 623 3830 proprio
668 3765 843 3833 sigillo
892 3765 1204 3835 sigillatum.
1258 3766 1407 3832 Quod
1450 3780 1570 3819 cum
1607 3767 1837 3820 solutum

256 3833 448 3905 fuisset
479 3843 534 3887 et
571 3836 837 3890 detectum
857 3877 873 3901 ,
904 3833 1043 3890 idem
1076 3838 1359 3905 episcOpus
1388 3835 1673 3889 insinuavit
1693 3838 1801 3905 regi
1821 3875 1839 3903 ,

257 3902 398 3970 quod
414 3912 574 3971 caput
597 3905 889 3960 beatissimi
915 3902 1239 3960 confessoris
1260 3902 1547 3973 acciperet,
1566 3914 1619 3959 et
1643 3909 1691 3958 iu
1715 3902 1841 3961 vase

257 3987 424 4026 aureo
453 3974 775 4046 deponeret,
805 3975 945 4046 quod
984 3985 1100 4030 erat
1127 3977 1269 4030 illico
1311 3986 1684 4046 praeparatum.
1732 3977 1841 4031 Sed

258 4057 352 4116 rex
395 4045 582 4116 nolens
615 4060 727 4116 nec
760 4061 1089 4109 prazsumens
1130 4057 1291 4116 caput
1337 4045 1730 4099 sanctissimum
1764 4056 1845 4099 at-

259 4113 483 4179 tingere.
504 4114 655 4187 Adixit
699 4116 954 4187 episcopo
982 4117 1131 4184 quod
1162 4113 1388 4184 ipsemet
1418 4117 1543 4169 illud
1575 4117 1845 4184 acciperet

259 4192 313 4237 et
346 4184 677 4239 transferret.
718 4206 738 4239 ι

331 4253 439 4323 llic
466 4253 563 4306 fuit
600 4255 841 4313 ecclesiae
884 4256 1211 4311 Martinianze
1249 4264 1416 4308 status
1454 4269 1620 4323 usque
1657 4255 1721 4309 ad
1753 4273 1847 4310 an-

260 4338 387 4395 num
422 4322 592 4391 1562,
642 4342 745 4395 quo
791 4326 1082 4381 Calviniani
1134 4326 1367 4380 hteretici
1413 4322 1684 4379 Turonum
1718 4329 1846 4381 urbe

261 4393 442 4459 potiti,
490 4393 675 4451 omnes
726 4401 873 4451 urbis
920 4415 981 4452 ac
1022 4397 1306 4463 provincia:
1345 4400 1601 4450 ecclesias
1640 4400 1847 4463 penitus

261 4463 649 4531 spoliaverunt,
673 4469 966 4522 combustis
988 4468 1203 4520 immani
1230 4467 1514 4533 sacrilegio
1540 4476 1845 4521 sanctorum

263 4533 529 4602 reliquiis.
562 4536 763 4591 Visitur
794 4539 1055 4603 hodieque
1086 4537 1235 4590 locus
1261 4537 1327 4589 ad
1359 4538 1647 4590 australem
1681 4540 1850 4591 eccle-

267 4604 361 4660 lite
385 4596 625 4681 ianuam,
669 4610 719 4662 in
750 4623 857 4681 quo
887 4596 1055 4681 sancti
1091 4607 1299 4660 Martini
1330 4622 1848 4681 corpuscrematmn
1880 4596 1935 4655 D‘

266 4682 369 4727 est.
409 4678 559 4730 Anno
585 4678 848 4746 sequenti,
884 4678 1052 4732 turbis
1084 4691 1349 4746 utcunque
1380 4678 1599 4738 sedatis,
1626 4680 1847 4745 paucula

270 4759 390 4809 qua:
420 4744 788 4802 hmreticorum
832 4744 992 4803 furori
1031 4744 1290 4801 subducta
1314 4744 1545 4811 fuerant,
1568 4744 1851 4803 ordinante

268 4816 566 4888 verterabili
606 4821 859 4888 capitulo,
914 4818 1207 4887 recognita,
1265 4820 1315 4869 in
1371 4818 1524 4888 theca
1580 4820 1849 4872 recondita

266 4894 413 4960 sunt.
446 4886 759 4960 Capituli'ea
790 4891 856 4942 de
885 4905 945 4960 re
964 4886 1238 4944 decretum
1260 4902 1326 4941 ex
1352 4886 1471 4957 ejus
1490 4890 1726 4960 registris
1753 4890 1850 4944 de-

258 4944 605 5022 iscripsim'us,
630 4962 767 5023 quod
800 4960 876 5013 sic
907 4958 1063 5012 habet
1095 4976 1108 5011 :

348 5042 368 5075 ι
402 5028 554 5079 Anno
587 5027 743 5094 1565,
777 5031 863 5083 die
898 5032 914 5081 Ι
947 5028 1092 5093 Julii,
1125 5028 1326 5083 domini
1359 5028 1463 5084 mei
1502 5030 1852 5096 ordinarunt,

270 5097 429 5170 quod
465 5112 623 5170 unum
676 5117 739 5153 ex
791 5101 999 5170 magnis
1045 5101 1256 5170 ossibus
1308 5099 1510 5154 brachii
1562 5099 1854 5153 hei-tiasimi

273 5166 598 5238 Martini,.et
624 5170 765 5224 aliud
797 5185 860 5223 ex
884 5166 1064 5238 capite
1090 5168 1358 5237 ejusdem,
1388 5185 1488 5223 nec
1517 5184 1619 5223 non
1652 5184 1859 5238 pannus

271 5235 542 5303 sericeus,
574 5241 754 5308 inquo
798 5235 995 5307 corpus
1038 5235 1276 5306 ejusdem
1318 5240 1608 5293 beatissimi
1646 5235 1857 5293 Martini

273 5308 565 5372 retrositum
602 5311 790 5373 luerat,
821 5320 873 5363 et
904 5309 1002 5362 alia
1030 5308 1334 5374 reliquiaria
1357 5324 1420 5362 ex
1445 5308 1702 5375 rapitibus
1732 5309 1857 5364 bea-

275 5382 450 5449 torum
478 5379 662 5433 Briccii
693 5393 745 5434 et
766 5381 1036 5449 Gregorii,
1062 5394 1183 5448 quae
1210 5389 1603 5442 remanserunt,
1633 5389 1687 5431 et
1710 5395 1861 5432 cern-

275 5445 431 5499 husta
482 5466 585 5502 non
633 5450 843 5504 fuerunt
881 5445 985 5517 per
1039 5445 1323 5502 haereticos
1364 5463 1503 5502 anim
1548 5450 1859 5514 novissimo,

274 5530 603 5580 reponantur
646 5521 698 5574 in
748 5536 906 5589 parva
950 5535 1107 5587 capsa
1156 5521 1326 5588 lignea
1373 5529 1645 5586 prepterea
1690 5520 1859 5580 facta,

275 5602 397 5653 quae
418 5588 760 5656 cooperietur
783 5607 846 5644 ex
879 5591 1057 5659 aliquo
1090 5594 1311 5657 pulchro
1342 5605 1515 5656 panno
1545 5588 1782 5650 sericeo;
1812 5603 1867 5643 et.

274 5669 442 5729 Super
465 5662 705 5727 quolibet
738 5662 1044 5728 reliquiarao
1087 5660 1387 5729 hujusmodi
1422 5670 1649 5727 ponatur
1675 5659 1868 5729 itrscrig

278 5726 395 5793 ptio
420 5726 692 5800 cujusttam
725 5733 815 5794 sit,
859 5726 913 5781 ct
957 5726 1194 5798 signetur
1242 5746 1333 5796 per
1382 5726 1457 5780 me
1502 5729 1756 5800 notarium
1803 5728 1869 5779 ad

272 5798 577 5866 perpetuam
601 5803 674 5856 rei
702 5802 1012 5855 memoriam.
1052 5819 1071 5851 ι
1097 5804 1224 5867 Qum
1257 5803 1431 5855 omnia
1460 5800 1546 5856 die
1577 5800 1607 5851 ἒ)
1632 5798 1755 5853 Julii
1786 5814 1869 5853 sc-

1941 3272 2155 3333 Missam
2188 3275 2345 3329 solito
2371 3289 2519 3326 more
2549 3272 2937 3326 celebraturus.
2970 3273 3241 3326 Colonum:
3273 3275 3519 3343 sepulcro

1943 3350 2135 3403 vicina:
2158 3363 2221 3401 ex
2249 3344 2497 3399 mandato
2518 3343 2729 3410 capituli
2759 3343 2915 3394 aitixa
2944 3352 3023 3395 cst
3055 3344 3243 3397 tabella
3273 3361 3391 3399 cum
3421 3346 3520 3399 hac

1941 3420 2274 3488 epigraphe;
2310 3414 2532 3488 Nomina
2560 3429 2828 3488 corporum
2852 3424 3144 3488 sanctorum
3173 3416 3326 3488 hujus
3364 3416 3523 3468 eccle-

1939 3481 2055 3552 αἱρεῖ
2082 3481 2195 3556 qua:
2221 3486 2303 3538 hic
2328 3482 2530 3556 sepulta
2560 3493 2743 3537 erant:
2865 3481 3141 3556 Martinus,
3174 3481 3247 3556 S_.'
3265 3484 3519 3552 Briccius,

1944 3559 2007 3614 S.
2038 3550 2264 3625 Spanns,
2313 3554 2374 3609 S.
2428 3554 2743 3625 Perpetuus,
2769 3550 2830 3606 S.
2881 3551 3158 3625 (gregarius
3194 3550 3521 3623 Turonensis,

1945 3629 2007 3682 S.
2042 3622 2368 3685 Eustochiae,
2421 3623 2478 3677 S.
2529 3622 2828 3693 Eufronius.
2883 3622 3076 3676 llic'in
3121 3625 3287 3678 medio
3316 3622 3526 3679 illorum

1944 3708 2050 3751 erat
2093 3713 2277 3764 corpus
2308 3706 2353 3748 et
2390 3694 2679 3761 repulerunt
2708 3693 2980 3745 beatissimi
3028 3693 3261 3757 Martini,
3306 3710 3527 3764 quorum

1942 3769 2250 3823 venerabiles
2272 3767 2501 3835 reliquid:
2526 3765 2577 3817 in
2602 3764 2769 3835 capsis
2807 3764 3104 3835 εφὶδιειιαηι.
3138 3769 3307 3835 Atque
3334 3766 3418 3818 hic
3443 3773 3528 3820 est

1945 3838 2233 3893 hodiernus
2258 3833 2499 3891 ecclesiae
2521 3835 2690 3888 sancti
2716 3833 2924 3886 Martini
2946 3844 3136 3886 status.
3168 3833 3243 3887 De
3261 3833 3377 3902 ejus
3399 3848 3530 3887 vero

1948 3907 2312 3977 prterogativis
2339 3921 2400 3959 ac
2426 3905 2797 3977 jurisdictione
2844 3918 3000 3977 quam
3035 3905 3085 3954 in
3112 3903 3244 3955 alias
3269 3907 3528 3977 _complu-

1948 3972 2033 4032 res
2054 3972 2308 4032 ecclesias
2335 3980 2496 4030 etiam
2521 3989 2659 4027 nunc
2688 3972 2871 4035 habet,
2891 3973 3157 4025 disserere
3179 3972 3282 4026 mei
3314 3988 3417 4027 non
3445 3983 3530 4028 est

1948 4048 2197 4102 instituti.
2228 4047 2357 4112 Quae
2384 4060 2509 4098 vero
2542 4045 2624 4097 hic
2657 4041 3008 4112 protulimus,
3028 4050 3085 4094 ut
3116 4041 3399 4109 plurimum
3433 4042 3531 4098 de-

1948 4119 2133 4171 bemus
2165 4117 2225 4171 V.
2248 4111 2327 4171 Cl.
2357 4114 2582 4168 Gatiano
2603 4112 2928 4173 Galiczonio,
2981 4111 3185 4165 doctori
3210 4111 3526 4177 Sorbonico,

1948 4187 2188 4264 ejusdem
2220 4185 2461 4241 ecclesia:
2498 4184 2758 4264 canonico
2783 4192 2837 4263 et
2865 4183 3093 4263 cantari,
3124 4186 3213 4264 qui
3242 4199 3363 4236 cum
3389 4183 3531 4264 apud

1950 4252 2195 4314 Turones
2217 4271 2456 4312 essemus
2480 4296 2495 4319 ,
2526 4255 2707 4308 omnia
2730 4252 3033 4306 minutatim
3058 4253 3212 4306 nobis
3237 4252 3496 4309 ostendit.

2024 4360 2051 4389 ι
2085 4351 2238 4428 Reg.,
2266 4349 2419 4403 Colb.
2443 4358 2501 4403 et
2524 4348 2724 4428 C'hesn.
2753 4345 2979 4411 habent,
3008 4345 3218 4416 longum
3243 4347 3392 4417 pedes
3416 4362 3535 4401 cea—

1953 4434 2059 4477 tum
2087 4425 2458 4492 quinquaginta
2487 4425 2730 4486 quinque.

2029 4512 2056 4552 δ
2089 4514 2185 4568 llic
2228 4513 2400 4565 altarii
2448 4508 2664 4564 nomine
2708 4507 3127 4578 presbyterium,
3174 4522 3270 4575 per
3314 4521 3534 4578 capsum

1958 4599 2088 4638 vero
2129 4598 2312 4637 navem
2347 4582 2568 4649 intelligi
2614 4577 2905 4632 verisimile
2949 4589 3051 4631 est.
3083 4578 3329 4649 Consule
3354 4577 3529 4630 Litur-

1954 4656 2095 4721 giam
2118 4653 2440 4706 Gallicanam
2468 4645 2633 4704 nostri
2659 4648 2945 4721 Mahillonii
2972 4649 3060 4702 lib.
3084 4662 3100 4699 ι
3120 4662 3276 4721 ,_cap.
3301 4645 3355 4721 8_,
3386 4663 3535 4721 num.

1957 4717 1990 4780 ἱ.
2015 4733 2068 4778 et
2098 4740 2249 4792 seqq.
2279 4724 2352 4776 lle
2382 4723 2478 4775 hac
2503 4719 2729 4792 ecclesia
2758 4719 2949 4792 iterum
2980 4717 3407 4792 agit‘Gregorius
3440 4718 3537 4792 lib.

1956 4811 1971 4849 1
1996 4794 2064 4848 de
2089 4787 2269 4848 Mtrac.
2296 4793 2352 4847 S.
2383 4791 2589 4845 Martini
2610 4830 2624 4854 ,
2651 4804 2757 4843 etc.
2789 4788 2923 4842 Vide
2946 4799 2998 4842 et
3023 4788 3301 4855 epistolam
3330 4787 3415 4848 18,
3441 4787 3535 4840 lib.

1965 4880 2038 4930 tv,
2084 4864 2406 4931 Apoliinaris
2460 4861 2708 4924 Sidonii;
2753 4859 2854 4931 cui
2894 4860 3282 4931 interseruntur
3330 4872 3537 4931 versus,

1957 4927 2091 5005 quos
2119 4927 2290 4988 eidem
2320 4934 2561 4987 ecclesiae
2584 4928 2905 4984 adornanda:
2935 4928 3048 4996 ipse
3075 4927 3395 4991 composuit.

2035 5036 2058 5063 ο
2093 5024 2351 5079 Ᾱζιιυριιδὶ
2384 5024 2637 5095 Ecclesia:
2667 5019 3117 5095 praefuit__labcrtte
3148 5018 3344 5094 smeulo
3375 5030 3427 5095 v.
3461 5014 3543 5095 In:

1963 5096 2145 5149 terfuit
2167 5086 3403 5165 ordinationiJoamiisCabillonensiscpiscopi
3422 5125 3437 5147 ,
3466 5088 3540 5165 uti

1966 5174 2186 5220 testatur
2208 5163 2536 5237 Apollinaris
2567 5162 2818 5237 Sidonius
2848 5161 2951 5237 lib;
2978 5174 3049 5237 1_v_,
3081 5154 3241 5237 epist.
3271 5152 3375 5237 25.ι
3393 5157 3543 5237 εξηὲιις

1965 5252 2086 5291 eum
2115 5224 2336 5306 scripSit
2356 5234 2495 5286 idem
2526 5243 2711 5306 auctor
2732 5230 2889 5306 epist.
2922 5230 2956 5306 8_
2985 5226 3105 5306 libri
3132 5238 3234 5306 vn,
3265 5237 3317 5306 et
3342 5225 3377 5277 '2
3423 5224 3547 5305 libri

1966 5321 2042 5360 nt.
2080 5306 2263 5359 Exstat
2292 5304 2410 5375 ejus
2454 5312 2507 5375 et
2540 5302 2691 5375 Lupi
2728 5299 3014 5375 Tricassini
3063 5299 3548 5375 episcopicgrcgia

1966 5376 2193 5443 epistola
2230 5375 2297 5429 de
2321 5364 3061 5443 'disciplina'ecclesiasnca,
3091 5364 3229 5443 apud
3271 5364 3547 5443 $irtnoud.

1969 5435 2098 5499 tom.
2131 5447 2155 5501 ιθ
2178 5444 2380 5499 Concil.
2406 5461 2423 5508 ;
2453 5435 2672 5496 alteram
2716 5438 2954 5509 ejusdem
2985 5436 3049 5489 ad
3077 5435 3428 5505 Agrippinum
3460 5449 3531 5491 co.

1970 5516 2153 5588 mitem
2182 5517 2361 5570 laudat
2391 5506 2588 5567 Idalios
2619 5515 2669 5563 in
2701 5506 3015 5588 Chronicon
3189 5574 3201 5588 _
3226 5574 3239 5588 _
3300 5576 3334 5588 η
3414 5575 3426 5587 ⁸

2044 5584 2069 5622 ἀ
2106 5588 2215 5640 Hoc
2251 5592 2411 5654 caput
2444 5594 2498 5638 et
2528 5594 2755 5650 sequens
2783 5580 2975 5632 desunt
3002 5576 3055 5631 in
3103 5574 3263 5632 codd.
3300 5575 3464 5645 liegio
3494 5582 3551 5631 et

1974 5656 2126 5711 Coll).

2050 5736 2072 5762 ο
2100 5726 2219 5777 llaec
2242 5734 2319 5777 cst
2344 5718 2931 5795 ecclesiacathcdralis,
2957 5718 3023 5795 de
3047 5733 3144 5787 qua
3170 5714 3554 5795 Savarolr‘nulta

1976 5792 2222 5851 observat
2262 5795 2314 5850 iu
2347 5793 2485 5848 uotis
2515 5791 2579 5847 ad
2610 5807 2728 5859 cap.
2762 5789 2783 5842 l
2814 5788 2930 5844 libri
2973 5791 3039 5843 de
3065 5783 3327 5843 ccclesiis
3373 5783 3553 5839 Claro.
