4028 6342
529 399 637 454 215

1498 406 1554 453 S.
1599 399 1926 454 GREGORII
1969 400 2269 455 EPISCUPI
2311 398 2738 455 TURONENSIS

3683 395 3799 452 216

527 510 688 564 rietes
722 509 790 562 ad
843 509 1112 573 altarium,
1145 526 1304 578 opere
1343 511 1575 564 sarsurio
1597 511 1637 575 ',
1670 527 1731 564 ex
1767 513 1935 564 multo
1975 529 2114 566 inar-
2145 523 2188 576 Α
2221 513 2520 565 Adouacrio
2560 511 2883 582 Anilegaris,
2932 511 3263 566 (llrildericus
3306 527 3397 567 rex
3432 514 3676 582 sequenti
3707 513 3803 569 die

526 616 736 658 morum
766 617 962 672 genere
989 613 1276 657 exornatas
1311 603 1488 659 habet.
1525 605 1724 657 Exacto
1751 618 1880 672 ergo
1903 605 1953 657 in
1976 605 2108 657 duo-

526 696 737 751 decimo
783 711 925 750 anno
985 696 1169 751 beatus
1221 699 1454 764 pontifex
1511 696 1756 762 mdiﬁcio,
1816 697 2105 752 Bononiam

525 791 794 845 civitatem
849 790 1009 842 Italia:
1047 789 1353 843 sacerdotes
1399 789 1598 858 dirigit,
1649 801 1700 844 ιιι
1757 791 1806 845 ei
1861 792 2108 858 reliquias

525 896 829 938 sanctorum
864 885 1053 937 Vilalis
1101 893 1155 938 et
1188 887 1446 952 Agricola:
1477 885 1794 952 exhibeant,
1840 903 1972 955 quos
2013 902 2108 952 pro

528 977 742 1029 nomine
779 974 974 1029 Christi
1023 977 1110 1028 hei
1143 978 1328 1036 nostri.
1363 976 1795 1032 manifestissime
1823 980 2107 1032 crucilivos

524 1082 643 1123 esse
667 1069 1008 1137 cognovimus
1030 1067 1076 1123 ι’.

592 1207 700 1276 '70
741 1205 903 1260 XVII.
929 1205 1091 1272 Cujus
1110 1208 1298 1273 roujux
1321 1207 1591 1261 basilicam
1615 1211 1780 1263 sancti
1807 1208 2060 1274 Stephani
2082 1218 2101 1244 ε

521 1296 830 1349 suburbano
855 1313 1130 1349 murorum
1162 1298 1462 1351 :edilii-avit.
1506 1299 1672 1364 Quam
1705 1314 1823 1352 cum
1859 1300 1990 1352 fucis
2015 1314 2105 1352 co-

520 1388 694 1441 lorum
728 1388 992 1440 adornare
1033 1386 1215 1449 vellet,
1265 1389 1476 1442 tenebat
1508 1391 1696 1443 librum
1728 1390 1778 1442 in
1809 1391 1928 1443 sinu
1969 1407 2065 1444 suo
2086 1432 2100 1455 ,

519 1477 702 1547 legens
755 1479 1003 1534 historias
1035 1481 1301 1532 actionmn
1348 1482 1684 1549 antiquorum
1726 1479 1778 1545 σί,
1813 1482 2105 1550 pit-toribus

518 1568 763 1621 indiCans
795 1584 914 1637 qua:
946 1570 997 1621 in
1026 1570 1312 1636 parietibus
1346 1573 1542 1638 lingere
1579 1573 1853 1627 deberent.
1887 1573 2101 1627 Factum

516 1668 603 1713 est
628 1669 804 1712 autem
837 1661 1066 1728 quadam
1100 1660 1209 1726 die,
1237 1671 1293 1714 ut.
1321 1663 1541 1716 sedente
1572 1663 1658 1716 illa
1692 1664 1741 1716 in
1776 1665 2010 1725 basilica,
2041 1680 2102 1717 ac

517 1749 749 1819 legente,
791 1752 1070 1806 adveniret
1111 1753 1326 1821 quidam
1371 1770 1568 1822 pauper
1605 1757 1671 1807 ad
1711 1755 2006 1809 orationem
2050 1766 2103 1809 et

516 1842 782 1906 aspiciens
810 1858 926 1897 eam
960 1844 1009 1897 in
1045 1857 1190 1899 veste
1221 1848 1392 1912 nigra,
1421 1847 1572 1900 senio
1600 1848 1707 1913 jam
1753 1858 2058 1914 provectam
2081 1888 2095 1912 ,

518 1935 722 1999 putavit
747 1950 867 1988 esse
898 1953 1053 1988 unam
1077 1939 1141 1990 de
1172 1939 1471 2003 egentibus,
1500 1940 1820 2006 protulitque
1843 1941 2098 2007 quadram

515 2028 690 2095 panis,
720 2038 772 2083 et
814 2032 988 2097 posuit
1029 2031 1079 2082 in
1114 2033 1228 2083 sinu
1263 2033 1396 2098 ejus,
1430 2042 1482 2086 et
1514 2033 1788 2085 absi-cssit.
1841 2033 1926 2085 Illa
1971 2049 2100 2086 vero

517 2135 622 2172 non
665 2119 958 2188 dediguaus
991 2136 1184 2174 munus
1215 2124 1482 2190 pauperis,
1531 2123 1619 2191 qui
1672 2139 1951 2192 personam
1982 2127 2099 2190 ejus

513 2225 618 2262 non
652 2209 946 2274 intellexit,
979 2211 1185 2280 accepit
1212 2222 1265 2266 et
1295 2214 1493 2278 gratias
1524 2216 1663 2281 egit,
1716 2216 2090 2283 reposuitque,

513 2304 652 2357 hanc
678 2304 789 2358 suis
812 2304 982 2364 epulis
1011 2315 1361 2373 anteponens,
1395 2315 1447 2359 et
1477 2306 1899 2359 benedictionem
1933 2322 1994 2361 ει
2030 2322 2092 2361 ea

510 2395 734 2464 singulis
759 2395 948 2450 diebus
974 2409 1212 2460 sumens,
1239 2397 1413 2451 donec
1451 2413 1683 2465 expensa
1714 2409 1814 2451 est.

580 2527 764 2582 XVIII.
807 2529 969 2598 Igitur
998 2525 1330 2584 Cbildericus
1372 2532 1675 2586 Aurelianis
1716 2547 1916 2600 pugnas
1950 2535 2090 2600 egit;

508 2622 841 2678 Adouacrius
867 2632 889 2660 ε
921 2636 1050 2677 vero
1089 2639 1210 2677 cum
1254 2625 1552 2678 Saxonibus
1581 2625 1898 2693 Andegavos
1926 2627 2090 2680 venit.

508 2706 691 2784 magna
718 2722 842 2767 tunc
864 2714 978 2768 lues
1011 2716 1259 2783 populum
1287 2715 1602 2770 devastavit.
1629 2715 1865 2770 Μοιιιιυς
1891 2728 1970 2770 est
1993 2733 2091 2771 au-

507 2816 615 2861 tem
648 2804 924 2874 Egidius.
957 2815 1009 2860 et
1041 2805 1254 2875 reliquit
1304 2805 1506 2870 lilium,
1548 2805 1823 2876 Syagrium
1853 2809 2088 2862 nomine.

507 2896 624 2964 Quo
653 2896 922 2959 defuncto,
949 2896 1280 2951 Adonacrius
1309 2899 1375 2952 de
1417 2898 1702 2964 Audegavo
1729 2909 1779 2950 ct
1811 2900 1928 2952 aliis
1961 2899 2090 2954 locis

508 2991 724 3047 obsides
754 2992 977 3060 accepit.
1014 2991 1253 3044 Britanni
1282 2992 1349 3045 de
1381 2991 1612 3046 Biturica
1638 2991 1656 3028 ί
1690 3007 1720 3044 a
1752 2992 1963 3045 Gotthis
1990 3007 2087 3046 ex-

506 3087 643 3153 pulsi
668 3094 812 3147 sunt,
838 3085 1019 3136 multis
1049 3084 1187 3152 apud
1221 3083 1500 3138 Dolensem
1527 3084 1701 3138 vicum
1720 3093 1744 3130 8
1777 3099 1995 3152 percmp
2020 3084 2083 3136 is:

503 3177 699 3231 Paulus
733 3191 861 3230 vero
882 3192 1066 3231 comes
1093 3191 1213 3230 cum
1247 3176 1502 3229 Romanis
1526 3173 1554 3213 ιι
1586 3192 1648 3229 ac
1681 3176 1920 3241 Francis,
1957 3175 2088 3230 Got-

2210 604 2447 669 advenit,
2483 605 2906 675 interemptoque
2941 606 3105 659 Paulo
3133 608 3350 670 comite,
3381 605 3652 661 civitatem
3691 607 3800 660 ob-

2212 696 2391 747 tinuit.
2427 695 2616 765 Magno
2637 711 2696 751 ea
2722 698 2806 752 die
2830 695 3072 750 incendio
3099 695 3288 749 domus
3309 695 3550 750 ecclesiae
3570 711 3800 751 concre-

2210 796 2348 838 mata
2381 797 2460 839 est
2478 783 2520 839 ί.

2280 875 2421 929 XIX.
2468 876 2560 929 llis
2614 876 2792 947 itaque
2819 879 2982 947 gestis
3008 920 3022 940 ,
3049 879 3187 934 inter
3215 877 3457 932 Saxones
3496 887 3655 947 atque
3687 875 3798 930 Ro-

2211 983 2396 1020 manos
2436 967 2634 1021 bellum
2687 978 2892 1036 gestum
2924 970 3026 1040 71
3060 980 3141 1023 est
3178 986 3191 1020 :
3234 968 3326 1023 sed
3362 970 3602 1022 Saxones
3647 977 3796 1035 terga

2217 1067 2504 1120 vertentes,
2539 1059 2734 1112 multos
2780 1059 2848 1112 de
2879 1063 3024 1123 suis,
3056 1059 3311 1114 Romanis
3356 1057 3792 1127 iuseqnentibus,

2207 1151 2386 1216 gladio
2421 1151 2784 1220 reliquerunt;
2817 1152 3001 1206 insula:
3045 1168 3228 1206 eorum
3251 1167 3370 1206 cum
3403 1153 3572 1204 multo
3601 1150 3798 1217 populo

2209 1242 2552 1312 interempto,
2595 1259 2622 1296 a
2656 1243 2875 1297 Francis
2903 1255 3072 1312 captae
3101 1256 3260 1314 atque
3287 1247 3561 1299 subversae
3593 1255 3713 1296 sunt
3737 1248 3786 1296 ι.

2212 1333 2286 1385 Eo
2315 1349 2456 1386 anno
2484 1349 2668 1388 mense
2697 1351 2834 1388 nono
2863 1344 3000 1389 terra
3027 1337 3259 1391 tremuit.
3298 1337 3634 1391 Adouacrius
3665 1351 3788 1389 cum

2205 1423 2510 1479 Childerico
2549 1425 2720 1481 foedus
2759 1427 2906 1489 iniit,
2955 1429 3405 1500 Alamannosque,
3445 1432 3532 1499 qui
3583 1440 3792 1500 partem

2207 1515 2371 1569 Italia:
2402 1528 2782 1587 pervaserant,
2815 1519 3184 1589 subjugarunt.

2275 1606 2392 1662 XX.
2438 1609 2735 1664 Eorichusll
2767 1620 2944 1666 autem
2989 1611 3308 1667 Gotthorum
3339 1628 3460 1678 rex,
3492 1611 3795 1667 Victorium

2203 1697 2391 1751 ducem
2422 1715 2586 1767 super
2603 1711 2809 1770 septem
2835 1701 3079 1758 civitates
3108 1706 3416 1773 praeposuit.
3439 1720 3582 1758 anno
3602 1715 3795 1774 quarto

2205 1793 2416 1844 decimo
2444 1794 2588 1861 regni
2621 1794 2725 1846 sui.
2759 1795 2856 1860 Qui
2890 1799 3138 1864 protinus
3169 1797 3421 1850 Arvernis
3463 1796 3793 1862 adveniens,

2135 1898 2176 1956 Β
2205 1884 2474 1940 civitatem
2505 1888 2701 1942 addere
2726 1889 2927 1943 voluit:
2962 1891 3102 1946 unde
3135 1899 3190 1945 et
3215 1903 3414 1961 crypta:
3443 1889 3456 1926 ι
3495 1891 3598 1944 illa:
3620 1905 3795 1956 usque

2207 1976 2364 2030 hodie
2413 1987 2653 2046 perstant
2698 1979 2764 2033 ad
2809 1981 3085 2035 basilicam
3132 1986 3301 2037 sancti
3333 1983 3552 2046 Juliani,
3599 1993 3655 2037 et
3696 1997 3791 2036 co-

2202 2067 2430 2133 Innmas,
2469 2084 2589 2138 qua:
2635 2081 2758 2124 sunt
2805 2072 2855 2124 in
2905 2073 3021 2128 atde
3071 2074 3284 2142 positte,
3317 2075 3564 2129 exhiberi
3610 2076 3790 2141 jussit.

2203 2156 2479 2212 Basilicam
2512 2161 2680 2214 sancti
2710 2164 2978 2217 Laurentii
3015 2175 3067 2218 et
3092 2166 3262 2219 sancti
3295 2175 3333 2202 ω
3357 2167 3608 2220 Germani
3635 2166 3789 2220 Lica-

2207 2251 2472 2304 niacensis
2501 2252 2600 2305 vici
2629 2253 2790 2322 juSsit
2818 2255 3091 2310 aadilicari.
3133 2255 3256 2310 Fuit
3303 2270 3481 2312 autem
3531 2258 3788 2345 Arvernis

2201 2344 2354 2397 annis
2409 2359 2620 2398 novem.
2675 2345 2843 2413 Super
2896 2348 3266 2403 Eucheriumn
3313 2366 3439 2404 vero
3485 2361 3787 2409 senatorem

2199 2438 2492 2490 calumnias
2521 2437 2757 2492 devolvit
2787 2457 2797 2490 :
2834 2455 2991 2508 quem
3036 2440 3088 2494 in
3115 2456 3331 2499 carcere
3359 2443 3595 2511 positum
3629 2453 3789 2499 nocte

2196 2525 2401 2579 extrahi
2429 2526 2612 2595 jussit,
2647 2527 2968 2598 Iigatumque
2993 2529 3150 2598 juxta
3192 2533 3447 2599 parietem
3479 2533 3784 2603 antiquum,

2196 2616 2370 2685 ipsum
2400 2620 2657 2688 parietem
2690 2636 2852 2690 super
2874 2637 2994 2677 eum
3020 2624 3140 2678 elidi
3164 2625 3344 2693 jussit.
3371 2627 3486 2694 Ipse
3510 2643 3637 2683 vero
3660 2628 3784 2683 dum

2194 2705 2420 2762 nimium
2461 2720 2605 2764 esset
2635 2709 2687 2764 in
2715 2729 2896 2767 amore
2935 2715 3220 2770 mulierum
3252 2717 3588 2786 luxuriosus,
3621 2730 3674 2774 et
3717 2722 3786 2776 ab

2193 2799 2447 2857 Arvernis
2476 2818 2754 2860 vereretur
2783 2808 3038 2876 interﬁci,
3086 2810 3307 2866 Romam
3333 2815 3573 2883 aufugit:
3608 2818 3785 2887 ibique

2193 2895 2419 2950 similem
2463 2908 2673 2954 tentaus
2726 2917 2978 2959 exercere
3034 2905 3329 2974 luxuriam,
3389 2909 3653 2977 lapidibus
3699 2920 3781 2966 est

2192 2988 2432 3043 obrutus.
2468 2989 2589 3046 Post
2620 2994 2772 3061 cujus
2811 3011 3089 3052 excessum
3123 3001 3360 3069 regnavit
3392 3001 3654 3056 Eoricbus
3685 3019 3780 3057 an-

2193 3099 2288 3138 nos
2313 3097 2541 3154 quatuor
2573 3107 2583 3141 :
2618 3089 2751 3142 obiit
2779 3101 2955 3150 (uitem
2987 3109 3128 3147 anno
3160 3095 3414 3164 vigesimo
3443 3099 3674 3165 septimo
3695 3113 3780 3153 re-

2190 3176 2277 3245 gni
2310 3177 2412 3231 sui.
2446 3178 2567 3232 Fuit
2594 3178 2752 3233 etiam
2792 3190 2843 3234 et
2869 3191 2993 3236 tunc
3024 3193 3351 3240 terrmmotus
3375 3202 3617 3258 magnus.

505 3268 612 3322 this
668 3268 807 3322 bella
865 3269 1040 3321 intulit
1087 3276 1140 3322 et
1189 3270 1396 3337 praedas
1451 3267 1578 3336 egit.
1638 3265 1896 3321 Veniente
1957 3267 2158 3329 veroC
2263 3267 2402 3322 XXI.
2445 3269 2750 3325 Defuncto0
2798 3281 2976 3325 autem
3025 3274 3162 3341 apud
3211 3277 3481 3331 Arvernos
3535 3278 3778 3335 Namatio

503 3401 896 3455 montensibus.
927 3401 1076 3455 Unde
1101 3403 1265 3455 senior
1283 3403 1332 3454 in
1355 3402 1484 3455 Mor.
1510 3418 1555 3455 s.
1581 3410 1636 3456 et
1661 3401 1844 3467 Regm.
1864 3402 2082 3466 dicitur,

501 3486 727 3544 proiqua
761 3472 1059 3544 voce_e_diti
1097 3473 1290 3544 habent
1318 3473 1600 3544 veterriutn.
1637 3471 1766 3527 Vide
1796 3472 2082 3544 Liturgiam

507 3541 836 3596 Gallicanam
869 3541 1155 3595 Mabiilonii
1185 3542 1276 3595 lib.
1304 3558 1352 3602 ι,
1383 3556 1499 3607 cap.
1528 3542 1580 3593 8.

573 3620 599 3649 ⁸
630 3615 773 3680 Opus
803 3612 1084 3664 sarsm'ium
1126 3612 1264 3665 idem
1293 3626 1412 3666 esse
1439 3613 1688 3666 observat
1719 3613 1989 3667 Altaserra
2022 3630 2084 3670 ac

500 3695 638 3751 opus
683 3683 992 3744 tectorium,
1035 3682 1175 3749 quod
1207 3686 1409 3735 varium
1441 3692 1522 3734 est
1551 3694 1602 3735 et
1647 3683 1962 3749 multiplex.
2007 3686 2084 3739 sic

499 3751 699 3806 dictum
733 3770 760 3806 a
799 3755 964 3806 verbo
1011 3755 1223 3805 sarcire.
1259 3751 1494 3806 Parietes
1535 3763 1712 3805 autem
1763 3755 2080 3821 templorum

499 3832 555 3876 et
593 3825 929 3892 publiCorum
963 3823 1309 3876 :cdiliciorum
1345 3838 1610 3875 marmore
1642 3825 1957 3890 tegebantur
1986 3840 2080 3878 seu

499 3894 955 3956 incrustabantur,
986 3894 1213 3962 qualiter
1264 3892 1350 3948 bic
1391 3893 1714 3948 describitur
1764 3895 2018 3961 templum
2051 3911 2079 3949 a

497 3963 556 4020 S.
583 3965 824 4018 Namatio
855 3974 1240 4018 constructum.

570 4033 595 4072 ι’
629 4035 694 4089 Ει
719 4037 935 4104 quidem
985 4035 1240 4102 reliquias
1272 4033 1467 4104 horum_
1491 4041 1786 4104 martyrum
1816 4035 2077 4092 obtinuit.

495 4113 554 4157 ut
581 4101 761 4158 narrat
785 4107 896 4172 ipse
922 4101 1147 4171 Gregor.
1174 4105 1264 4158 lib.
1293 4121 1306 4157 I
1333 4104 1401 4157 de
1431 4101 1611 4156 Gloria
1636 4101 1818 4165 Μυκη,
1842 4119 1960 4173 cap.
1985 4105 2076 4159 M.

494 4176 822 4230 Eorumdem
868 4184 1159 4244 martyrum
1201 4179 1501 4244 passionem
1545 4174 1801 4228 describit
1849 4176 1909 4229 S.
1947 4177 2077 4228 Am-

494 4245 707 4299 brosius
738 4247 788 4298 in
823 4245 913 4298 lib.
941 4242 1418 4299 de'Exbortatione
1449 4242 1708 4312 virginit.,
1743 4259 1861 4312 cap.
1891 4247 1912 4298 I
1947 4257 1998 4298 et
2020 4247 2073 4300 2.

571 4325 594 4354 ο
622 4316 791 4369 Hodie
820 4315 1044 4368 ecclesia
1068 4324 1152 4366 est
1181 4313 1517 4379 parocliialis,
1550 4323 1753 4365 tnutato
1776 4315 1989 4370 nomine
2010 4319 2078 4370 ab

491 4385 651 4441 annis
679 4387 893 4440 circiter
918 4385 1044 4446 200,
1069 4384 1247 4438 Sancti
1270 4383 1510 4449 Eutropii
1532 4382 1886 4436 Suburbicarii
1912 4385 2073 4439 dicta.

491 4459 552 4514 In
613 4472 675 4512 ea
730 4456 969 4522 sepultus
1026 4455 1122 4507 l'uit
1175 4463 1392 4507 sanctus
1451 4453 1726 4506 Namatius
1783 4469 1904 4508 cum
1957 4456 2076 4509 aliis

491 4527 723 4589 sanctis,
757 4538 812 4578 ut
861 4525 1060 4578 indicat
1107 4524 1321 4578 libellus
1358 4525 1426 4578 de
1472 4524 1672 4576 sanctis
1716 4523 2070 4592 Glaromout.,

491 4615 610 4666 cap.
639 4600 725 4652 15.

564 4642 725 4722 iis}?
744 4668 931 4735 Regm.
961 4665 1096 4719 Editi
1125 4679 1270 4727 vero.
1304 4666 1538 4717 historias
1568 4665 1778 4719 actionis
1806 4667 2074 4734 antiquas;
2105 4642 2154 4700 Ῑ)

491 4740 627 4794 Mor.
660 4755 729 4803 s.,
758 4738 1000 4804 antiquae.
1039 4738 1276 4789 I’icturas
1307 4737 1356 4788 in
1384 4736 1625 4789 ecclesiis
1655 4749 1913 4791 memorat
1957 4754 2075 4805 pas-

491 4814 593 4864 sim
646 4807 956 4876 Gregorius,
999 4818 1056 4860 ut
1100 4807 1188 4860 lib.
1241 4821 1346 4870 VII,
1395 4821 1514 4874 cap.
1561 4806 1661 4874 56,
1710 4808 1801 4861 lib.
1841 4824 1904 4872 x,
1951 4823 2070 4876 cap.

489 4882 908 5009 “IE’S‘iccBelln
938 4947 1124 5010 Corb.,
1157 4946 1283 5016 Reg.
1332 4955 1386 5001 et
1431 4944 1651 5015 Regm.,
1701 4961 1822 5001 cum
1873 4945 2074 5013 aliquot

487 5021 666 5077 editis.
695 5021 833 5081 Alii,
866 5019 1220 5078 Odouacrius,
1257 5025 1312 5071 et
1349 5017 1526 5084 Colb.,
1567 5017 1875 5071 Odoacrius.
1919 5017 2067 5083 ὕεα,

487 5095 800 5147 Adonacins.

563 5164 584 5201 τ
618 5164 779 5217 Corb.
803 5169 858 5216 et
885 5161 1032 5224 Bec.,
1057 5157 1339 5228 Biturigas.

561 5242 587 5280 ε
622 5234 792 5286 Etiam
820 5244 962 5286 nunc
988 5240 1162 5284 exstat
1192 5228 1514 5283 monasterio
1540 5228 1757 5282 Ordinis
1795 5228 1961 5282 nostri
1993 5228 2075 5282 in-

489 5304 736 5371 signitus,
787 5303 926 5370 quod
977 5301 1340 5371 saacularibus
1373 5299 1644 5371 canonicis
1692 5299 1845 5366 hujus
1879 5300 2068 5371 saeculi

489 5369 640 5426 initio
669 5369 850 5425 cessit.
887 5373 1054 5439 Vulgo
1085 5373 1277 5422 dicitur
1305 5369 1476 5438 Bourg
1505 5369 1774 5439 deﬂDeols,
1799 5385 1828 5421 a
1857 5369 2070 5422 Castro-

487 5441 751 5508 Radnlphi
777 5441 974 5494 Andria
999 5438 1162 5493 ﬂuvio
1188 5441 1536 5508 interjacente
1561 5438 1782 5491 divisus.

559 5509 588 5548 ιι
618 5507 888 5565 Reinauos
932 5511 1016 5564 hic
1046 5511 1277 5576 appellat
1314 5507 1493 5561 Gallos
1540 5509 1678 5572 illos,
1708 5509 1794 5576 qui
1829 5508 2064 5562 nondum

485 5585 694 5636 exteris
721 5583 932 5651 regibus
962 5582 1185 5649 subjecti
1217 5579 1481 5651 erantaEt
1513 5579 1724 5651 quidem
1744 5595 1861 5651 _non
1894 5581 2064 5632 solum

485 5654 539 5705 in
589 5652 754 5706 Gallia
774 5646 804 5715 ,⁷
823 5651 916 5704 sed
957 5660 1011 5704 et
1049 5646 1098 5704 in
1149 5651 1325 5713 Italia,
1377 5648 1656 5714 IIiSpania,
1689 5646 1896 5711 Africa,
1929 5663 2061 5712 etc..

483 5722 643 5776 etiam
671 5733 785 5790 post
805 5723 1056 5774 subactas
1075 5719 1291 5772 omnino
1308 5734 1336 5771 a
1362 5717 1601 5790 barbaris
1625 5721 1719 5772 has
1744 5719 2062 5790 provincias,

485 5787 741 5860 populi'in
770 5794 900 5845 duas
937 5790 1096 5843 veluti
1130 5787 1725 5860 partesdividebantur
1756 5807 1767 5841 :
1802 5790 1887 5842 alii
1918 5789 2062 5843 dice-

484 5858 677 5919 haittur
707 5861 928 5919 Romani
949 5900 962 5920 ,
993 5871 1196 5914 veteres
1224 5858 1428 5914 scilicet
1457 5859 1665 5926 incolae,
1694 5861 1834 5929 quod
1869 5861 2059 5915 Roma-

2188 3402 2270 3456 nis
2299 3405 2628 3471 paruissent,
2653 3403 2963 3472 legibusque
2989 3415 3044 3457 ut
3075 3405 3360 3472 plurimum
3383 3449 3396 3466 .
3427 3408 3588 3462 etiam
3621 3419 3771 3464 exte-

2189 3473 2629 3548 ris_pr_incipibu_s
2649 3475 2878 3548 subditi,
2912 3475 3166 3548 Romanis
3191 3485 3492 3541 uterentur,
3522 3481 3774 3548 quodque

2187 3545 2502 3597 catholicam
2537 3543 2692 3597 Iidem
2723 3545 2988 3606 colerent;
3021 3547 3109 3598 alii
3138 3561 3265 3600 vero
3295 3543 3612 3602 dicebantur
3642 3549 3775 3602 Bar-

2187 3613 2324 3677 bari,
2358 3614 2496 3681 quod
2544 3614 2858 3668 vocabulum
2909 3614 3260 3669 honoriﬁcum
3305 3633 3427 3671 esse
3473 3619 3766 3674 ducebant.

2188 3683 2394 3753 Videsis
2426 3685 2571 3752 plura
2599 3684 2666 3738 de
2699 3685 2794 3738 hac
2821 3700 2878 3738 re
2905 3685 3042 3753 apud
3075 3686 3337 3741 Valesium
3371 3689 3463 3741 lib.
3502 3703 3554 3742 Vl
3585 3704 3766 3745 rerum

2186 3752 2458 3815 Francic.,’
2489 3770 2608 3824 pag.
2641 3754 2767 3809 289.

2263 3823 2296 3896 ιγ
2317 3824 2410 3877 Hic
2439 3825 2490 3896 in
2516 3823 2637 3896 cad.
2665 3827 2822 3890 Bell.,
2847 3825 3055 3881 detritis
3083 3826 3288 3894 aliquot
3315 3828 3492 3889 lineis.
3520 3843 3640 3896 quae
3670 3830 3773 3884 sub

2185 3895 2387 3968 pagina:
2412 3895 2593 3968 _Iinem
2627 3895 2978 3968 habebantur,
3010 3911 3242 3964 sequens
3286 3900 3480 3968 pagina
3523 3895 3767 3968 ejusdem

2184 3964 2290 4038 lolii
2323 3965 2504 4032 incipit
2535 3966 2602 4018 ab
2637 3965 2718 4018 his
2745 3967 2940 4030 verbis,
2969 3970 3246 4034 regionem.
3280 3964 3503 4021 Tantum
3529 3964 3586 4022 ut
3628 3972 3767 4038 quod

2182 4033 2303 4096 tibi,
2333 4043 2464 4094 etc..
2492 4051 2609 4101 quae
2635 4046 2759 4088 sunt
2786 4039 2851 4090 de
2880 4051 2997 4102 cap.
3025 4033 3114 4092 32.

2257 4104 2275 4176 ig
2313 4103 2502 4158 Insulae
2548 4105 2663 4158 ista:
2692 4105 2763 4176 ad,
2790 4106 3017 4175 Ligerim
3052 4109 3236 4176 posita:
3279 4120 3461 4176 erant,
3494 4117 3554 4162 ut
3584 4118 3770 4164 censet

2185 4173 2447 4244 Cointius,
2481 4189 2612 4244 quas
2641 4173 3186 4232 arcibus'munie'rant
3215 4173 3480 4244 Saxones,
3513 4191 3567 4231 ut
3598 4182 3643 4232 si
3677 4193 3764 4232 res

2179 4243 2307 4310 ipsis
2324 4243 2511 4316 _minus’
2553 4245 2776 4316 feliciter
2803 4252 3201 4316 contingerent,
3253 4243 3472 4302 liberam
3503 4248 3766 4303 haberent

2182 4329 2275 4380 per
2311 4314 2584 4370 Oceanum
2627 4315 2856 4370 abeundi
2888 4314 3213 4372 facultatem.
3247 4319 3388 4372 Idem
3420 4318 3665 4373 Cointius
3692 4320 3766 4374 le-

2180 4385 2417 4458 gendum
2441 4392 2625 4458 censet
2653 4385 2868 4452 Alanos,
2905 4401 3000 4458 pro
3029 4389 3364 4453 Alamannos,
3396 4390 3487 4458 qui
3520 4403 3624 4458 nou
3663 4388 3765 4442 Ita-

2181 4454 2284 4526 [ιω.
2327 4454 2419 4508 sed
2463 4453 2648 4507 Gallia:
2695 4453 2914 4520 partem,
2944 4457 3268 4514 invaserant.
3310 4453 3762 4526 Gui'conjectura‘:

2180 4521 2354 4596 favent
2374 4539 2491 4592 qua:
2507 4526 2903 4596 observavimus
2927 4543 3085 4596 supra
3108 4529 3174 4582 ad
3192 4540 3350 4596 caput
3371 4531 3399 4581 7
3433 4521 3591 4595 hujus
3622 4529 3762 4584 libri.

2251 4592 2276 4631 ι
2310 4596 2528 4665 Regm.,
2574 4594 2941 4664 Theodericus,
2975 4592 3026 4652 et
3065 4600 3231 4665 intra,
3259 4592 3564 4661 Teddricns,
3595 4600 3761 4653 Corb.

2181 4674 2232 4718 et
2263 4663 2412 4738 Βίας
2441 4663 2685 4738 Eoricus,
2719 4680 2810 4738 seu
2841 4667 3077 4723 Euricns.
3112 4663 3249 4722 Infra
3279 4685 3395 4737 cap.
3424 4668 3496 4723 25
3522 4671 3762 4738 appella-

2183 4746 2268 4809 t_u_r
2294 4734 2506 4809 Evarix.
2538 4734 2752 4788 Victorii
2768 4748 3006 4809 _t_I_IOrletlt
3032 4740 3196 4793 refert
3224 4734 3514 4809 Gregorius
3540 4734 3631 4792 liii.
3657 4754 3670 4792 l
3696 4740 3763 4792 de

2184 4802 2366 4859 Gloria
2400 4806 2574 4870 Μαι-ιη
2609 4820 2727 4873 cap.
2756 4805 2848 4871 45,
2876 4816 2931 4860 et
2961 4809 3010 4861 in
3047 4810 3158 4863 Vita
3190 4811 3246 4865 S.
3277 4802 3526 4863 Abrahae.
3564 4810 3637 4861 De
3668 4824 3763 4862 eo-

2181 4877 2300 4950 dem
2349 4875 2959 4950 ApollinarisSidonius
3005 4877 3099 4933 ιιι).
3133 4895 3238 4947 vu,
3280 4883 3438 4950 epist.
3470 4880 3558 4933 17.
3609 4879 3763 4935 Deest

2181 4944 2284 4998 IIOC
2312 4953 2474 5012 caput
2503 4947 2555 5000 in
2588 4946 2717 5001 Bell.

2259 5012 2466 5087 {Tres
2500 5030 2656 5080 mss.,
2685 5021 2908 5087 scripta’.
2955 5018 3125 5074 Porro
3168 5036 3270 5074 non
3324 5020 3407 5072 hic
3454 5018 3762 5087 designatur

2181 5083 2418 5159 basilica
2444 5083 2870 5149 Brivatensis.'ut
2902 5087 3254 5159 Fredegarius
3284 5083 3637 5152 existimavit,
3668 5091 3760 5142 sed

2175 5170 2294 5227 quae
2325 5158 2378 5209 in
2411 5157 2667 5210 honorem
2699 5161 2756 5212 S.
2781 5159 2976 5212 Juliani
3012 5157 3206 5227 inipsa
3235 5161 3600 5214 Arvernorum
3635 5165 3762 5212 urbe

2174 5225 2274 5278 sita
2305 5237 2416 5290 est,
2452 5238 2508 5279 ut
2537 5229 2790 5297 observat
2819 5231 3018 5284 Savaro
3049 5231 3098 5281 in
3119 5225 3270 5284 notis
3297 5231 3363 5283 ad
3393 5245 3511 5297 cap.
3539 5227 3630 5295 3'),
3667 5230 3760 5280 lib.

2176 5311 2190 5347 ι
2215 5297 2282 5349 de
2310 5299 2505 5418 ec‘cIes.
2537 5296 2866 5353 Glaromont.
2895 5300 2994 5354 Adi
3018 5299 3285 5355 Cointium
3309 5300 3375 5354 ad
3402 5296 3601 5353 annum
3633 5297 3757 5362 55s,

2176 5381 2322 5418 num.
2391 5405 2406 5418 .

2173 5381 2322 5419 num.
2354 5381 2406 5420 4.

2244 5447 2281 5471 ω
2298 5440 2428 5492 God.
2448 5437 2648 5500 Casin.,
2671 5438 2852 5491 Sancti
2877 5437 3090 5492 Martini
3112 5439 3522 5494 Lecaniacensis.
3545 5441 3756 5507 Regm.,

2174 5507 2234 5561 S.
2260 5507 2502 5562 Germani
2527 5507 2865 5562 Liciniacensi
2889 5509 3016 5563 vico.
3040 5510 3300 5564 ObServat
3323 5511 3594 5564 Marollius
3619 5515 3755 5563 hunc

2174 5578 2345 5631 Iocmu
2377 5579 2536 5633 hodie
2559 5581 2715 5648 vulgo
2742 5579 3033 5647 appellari,
3060 5580 3486 5635 Saint-Germain
3512 5583 3576 5635 de
3603 5580 3732 5634 Lam

2171 5650 2316 5701 bron.

2241 5729 2266 5755 "
2299 5721 2346 5775 Is
2377 5735 2496 5775 esse
2526 5726 2739 5788 putatur
2765 5720 2827 5773 ad
2860 5733 3014 5789 quem
3048 5721 3296 5776 Sidonius
3326 5724 3516 5779 scribit
3546 5723 3637 5778 lib.
3673 5737 3752 5788 ιιι,

2169 5791 2326 5844 epist.
2353 5794 2406 5844 8.

2205 5807 2412 5916 ρῖτεῑιίἓέ
2441 5871 2595 5931 caput
2625 5861 2775 5915 deest
2800 5859 2848 5914 in
2879 5859 3066 5930 Corb.,
3103 5861 3260 5932 Bcll.,
3289 5861 3422 5934 Reg.
3445 5874 3499 5920 et
3527 5864 3682 5920 Colb.
