4028 6342
228 361 337 420 ΞΠ

1128 355 1441 413 HISTORIA
1489 349 1930 412 FRANCURUM.
1972 356 2176 413 LIBER
2219 357 2598 414 SECUNDUS.

226 483 504 548 episcopo,
532 474 825 545 Sperchius
852 470 1128 539 successit,
1167 475 1246 527 vir
1267 473 1630 527 sanetissimus
1652 480 1810 540 atque
1839 482 1886 532 Α
1917 473 2156 538 nasterii,
2183 473 2334 542 cujus
2356 490 2514 539 supra
2538 471 2894 536 meminimus,
2919 473 3168 526 inritatus
3186 471 3491 538 accederet;

226 569 533 637 religiosus.
578 568 642 622 Et
663 567 782 633 quia
809 580 874 620 eo
898 573 1138 632 tempore
1163 565 1390 620 ecclesia
1424 577 1639 633 parvam
1677 567 1810 620 infra

227 676 414 715 muros
442 659 590 714 urbis
616 659 1011 728 possessionem
1036 655 1288 721 habebat,
1330 657 1429 723 ipsi
1459 658 1724 712 sacerdoti
1758 659 1810 712 in

224 755 365 821 ipso,
402 753 508 821 72
546 751 685 820 quod
721 750 878 803 modo
904 747 1284 802 Salutatorium
1306 757 1332 785 ι
1363 749 1576 810 dicitur,
1604 750 1811 804 mansio

223 854 364 908 erat,
399 853 561 911 atque
583 843 649 896 ad
677 841 876 911 gratias
904 841 1015 896 Deo
1038 850 1277 910 tempore
1299 850 1558 895 nocturno
1585 842 1814 896 redden-

222 939 321 992 das
352 937 417 990 ad
460 936 708 989 altarium
753 935 994 989 coclesia:
1039 933 1414 1000 consurgebat.
1459 934 1676 986 Factum
1727 941 1811 987 est

219 1037 433 1091 autem,
467 1035 524 1080 ut
566 1034 722 1079 nocte
751 1024 980 1093 quadam
1027 1024 1350 1092 ingrediens,
1387 1024 1594 1091 plenam
1628 1025 1808 1077 eccle-

221 1120 356 1175 siam
403 1117 741 1172 dtcmonibus
784 1116 1078 1184 reperiret,
1112 1116 1390 1183 ipsumque
1420 1117 1709 1182 principem
1755 1118 1806 1170 in

218 1210 442 1266 modum
469 1219 674 1264 ornata:
701 1207 964 1273 mulieris,
1009 1207 1062 1260 in
1105 1208 1277 1260 throni
1318 1208 1462 1260 illius
1500 1208 1806 1260 cathedram

219 1301 568 1356 residentem.
597 1297 693 1352 Cui
719 1297 791 1351 ait
813 1296 1051 1366 pontifex
1077 1313 1088 1346 :
1115 1295 1157 1349 Ο
1183 1299 1430 1348 meretrix
1455 1295 1804 1361 exsecranda,

186 1396 328 1449 ’non
351 1391 548 1446 sufficit
570 1390 662 1444 tibi
695 1390 808 1444 loca
847 1399 1036 1443 cuncta
1070 1389 1231 1440 variis
1271 1387 1647 1454 pollutionibus
1684 1387 1806 1440 inli-

217 1497 364 1545 cere,
396 1481 569 1534 adhuc
597 1489 652 1535 et
679 1479 986 1533 cathedram
1012 1494 1038 1529 a
1067 1478 1290 1531 Domino
1317 1491 1679 1532 Consecratam
1709 1477 1806 1534 fa:—

219 1574 326 1628 tida
358 1573 616 1627 sessionis
644 1579 748 1625 tua:
789 1571 1099 1625 accessione.
1129 1571 1474 1639 coinquinas?
1498 1572 1738 1625 Abscede
1774 1586 1803 1625 a

215 1666 380 1719 domo
420 1664 534 1730 Dei,
582 1678 649 1717 ne
687 1678 716 1714 a
767 1672 818 1716 te
855 1664 1084 1730 amplius
1127 1662 1416 1729 polluatur.
1469 1662 1560 1715 Cui
1591 1662 1665 1714 ait
1697 1681 1710 1716 :
1742 1663 1806 1717 Et

215 1757 343 1823 quia
376 1753 502 1806 mihi
534 1752 832 1806 meretricis
857 1766 1049 1804 nomen
1081 1751 1333 1819 imponis,
1360 1752 1553 1804 multas
1585 1752 1678 1805 tibi
1709 1767 1800 1820 pa«

1916 561 2196 631 abiatoque
2219 563 2320 618 sibi
2350 565 2588 632 nequiter
2618 564 2814 627 libello,
2840 579 2933 632 per
2957 579 3116 632 quem
3145 573 3489 618 sacrosancta

1913 654 2170 708 solemnia
2213 669 2373 723 agere
2401 665 2795 721 consueverat,
2828 657 2898 710 ita
2938 665 3152 725 paratus
3189 669 3217 708 a
3247 664 3488 724 tempore

1914 757 2162 800 cunctum
2213 745 2514 802 festivitatis
2554 763 2688 814 cpus
2740 749 3028 816 explicuit,
3064 756 3122 800 ut
3151 747 3217 801 ab
3243 746 3494 801 omnibus

1915 840 2218 903 miraretur,
2271 853 2368 892 nec
2412 848 2683 906 putaretur
2724 839 2793 892 ab
2841 839 3136 893 astantibus
3168 839 3362 893 ibidem
3395 837 3492 890 ho-

1913 931 2108 983 minem
2139 932 2369 983 locutum
2393 927 2577 992 fuisse,
2609 930 2702 984 sed
2730 932 2998 1000 angelum.
3037 930 3188 996 Quod
3220 931 3270 983 in
3303 929 3492 998 praefa-

1915 1022 2056 1076 tione
2115 1023 2266 1086 libri,
2314 1038 2469 1090 quem
2500 1024 2568 1076 de
2601 1023 2772 1077 Missis
2819 1024 2886 1077 ab
2914 1039 2980 1078 eo
3005 1021 3310 1091 compositis
3356 1037 3492 1076 cou-

1908 1115 2218 1181 junximus.
2254 1114 2460 1183 plenius
2501 1114 2915 1169 declaravimus.
2961 1114 3092 1169 Cum
3141 1125 3316 1169 autem
3348 1118 3491 1167 esset

1911 1207 2206 1276 magnilicze
2233 1207 2566 1273 sanctitatis,
2590 1216 2785 1277 atque,
2815 1218 2873 1262 ut
2897 1207 3157 1270 diximus,
3181 1221 3247 1262 ex
3277 1215 3490 1262 senato-

1912 1299 2060 1353 ribus
2117 1300 2321 1367 primis,
2374 1300 2708 1366 plerumque,
2757 1301 3028 1354 nesciente
3056 1299 3312 1369 conjuge,
3365 1311 3489 1353 vasa

1910 1402 2160 1460 argentea
2187 1395 2460 1446 auferebat
2493 1407 2521 1442 a
2553 1393 2712 1444 domo
2736 1435 2749 1454 ,
2780 1401 2835 1446 et
2868 1394 3186 1460 pauperibus
3215 1391 3487 1460 erogabat.

1909 1483 2061 1550 Quod
2091 1484 2179 1537 illa
2208 1499 2329 1538 cum
2357 1494 2734 1552 cognosceret,
2765 1483 3226 1538 scaudalizabatur
3249 1483 3300 1537 in
3325 1496 3485 1536 eum:

1908 1577 2000 1631 scd
2035 1587 2214 1631 tamen
2242 1578 2366 1631 dato
2395 1576 2580 1645 egenis
2609 1576 2780 1644 pretio
2798 1617 2815 1643 ,
2868 1575 3076 1644 species
3103 1574 3284 1630 domui
3334 1571 3491 1628 resti-

1911 1669 2115 1725 luebat.

1992 1762 2177 1817 XXIII.
2228 1761 2466 1828 Cumque
2498 1759 2517 1798 τ
2550 1759 2617 1814 ad
2658 1759 2892 1814 ofﬁcium
2937 1757 3258 1814 dominicum
3301 1754 3488 1812 fuisset

213 1847 347 1901 rabo
369 1845 587 1899 insidias
627 1844 698 1899 0b
723 1845 986 1897 desideria
1017 1844 1319 1897 mulierum.
1353 1844 1416 1897 El.
1447 1845 1560 1898 haec
1590 1846 1803 1911 dicens,
1842 1857 1884 1914 Β
1915 1858 2268 1924 mancipatus,
2295 1863 2348 1908 ει
2373 1863 2612 1908 sanctam
2643 1861 2827 1921 ageret
2849 1852 2899 1906 in
2931 1853 3126 1907 εκρυιο
3150 1853 3330 1916 vitam,
3363 1863 3487 1904 sur-

213 1937 357 1991 sicut
389 1937 561 1989 fumus
591 1937 824 1989 evanuit.
861 1934 1238 1988 Verumtamen
1270 1938 1526 1989 sacerdos
1570 1947 1803 1990 tentatus

213 2041 293 2086 est
321 2047 413 2097 per
437 2030 850 2083 commotionem
880 2031 1121 2097 corporis
1149 2029 1215 2082 ad
1238 2033 1721 2099 concupiscentiam
1741 2033 1801 2088 δε

213 2123 306 2178 sed
337 2123 490 2190 signo
529 2123 703 2177 crucis
749 2132 946 2176 sanctis
989 2122 1246 2187 munitus,
1277 2123 1412 2176 nihil
1459 2124 1506 2175 ei
1558 2125 1802 2179 inimicus

213 2230 406 2270 nocere
436 2216 627 2284 potuit.
654 2215 856 2269 Ferunt
884 2216 1044 2270 etiam
1074 2215 1246 2283 ipsum
1265 2213 1317 2267 in
1351 2230 1476 2269 arce
1498 2216 1800 2270 Cantoben-

212 2308 318 2360 nici
345 2308 543 2361 montis
571 2307 955 2361 monasterium
974 2316 996 2344 ο
1028 2307 1346 2371 collocasse,
1391 2309 1477 2360 ubi
1508 2323 1646 2361 nunc
1676 2324 1800 2362 ora-

212 2399 408 2451 torium
441 2407 542 2462 est,
581 2407 634 2451 et
677 2395 747 2450 ibi
800 2410 858 2451 se
905 2396 1093 2450 diebus
1142 2396 1574 2464 Quadragcsimze
1603 2408 1802 2452 sancta:

211 2489 520 2545 recludebat
543 2507 556 2543 :
582 2491 669 2544 die
698 2500 877 2543 autem
907 2487 1084 2543 Coena:
1115 2487 1396 2543 dominicae
1417 2529 1431 2551 ,
1465 2504 1582 2541 cum
1610 2505 1802 2550 magno

211 2583 520 2652 psallentio,
541 2582 923 2636 comitantibus
944 2582 1160 2635 clericis
1180 2581 1510 2650 civibusque,
1538 2583 1602 2634 ad
1627 2585 1801 2637 eccle-

208 2676 345 2730 siam
377 2690 528 2729 suam
555 2676 944 2731 revertebatur.
973 2676 1090 2742 Quo
1121 2675 1404 2745 migrante,
1448 2676 1703 2729 Sidonius
1733 2693 1797 2730 cx

208 2768 471 2840 praefecto
487 2768 844 2833 substituitur,
870 2770 950 2822 vir
967 2769 1260 2822 sccumlum
1285 2770 1462 2823 saeculi
1487 2772 1798 2838 dignitatem

208 2859 606 2926 nobilissimus,
639 2869 692 2914 et
736 2861 802 2915 de
853 2861 1037 2928 primis
1083 2860 1374 2916 Galliarum
1423 2863 1797 2916 senatoribus:

209 2953 281 3007 ita
315 2962 370 3006 ut
395 2953 558 3006 ﬁliam
589 2952 690 3007 sibi
719 2953 860 3007 Aviti
884 2955 1224 3020 imperatoris
1252 2954 1302 3004 in
1339 2953 1678 3006 matrimonio
1707 2967 1799 3006 so-

208 3045 399 3098 ciaret.
434 3043 600 3112 Hujus
648 3054 914 3112 tempore,
944 3059 1065 3098 cum
1100 3045 1277 3098 adhuc
1317 3045 1453 3112 apud
1485 3044 1670 3097 urbem
1700 3046 1801 3097 Ar-

208 3153 428 3193 vernam
461 3138 754 3202 Victorius,
789 3141 942 3206 cujus
971 3154 1128 3207 supra
1165 3136 1526 3195 meminimus.
1560 3155 1798 3194 morare-

1909 1961 2097 2000 rexere
2126 1953 2314 2000 contra
2341 1960 2462 1998 eum
2495 1945 2603 1997 duo
2635 1944 2956 2014 presbyteri,
2984 1955 3036 1997 et
3060 1943 3234 1997 ablata
3263 1941 3311 1996 ei
3341 1941 3488 1999 omni

1908 2046 2174 2105 potestate
2227 2051 2256 2089 a
2309 2038 2466 2091 rebus
2519 2036 2802 2099 Ecclesiae,
2851 2044 3055 2088 arctum
3087 2034 3134 2088 ei
3190 2035 3383 2088 victum
3427 2042 3484 2088 et

1907 2140 2123 2185 tenuem
2177 2130 2577 2200 relinquentes,
2623 2130 2688 2184 ad
2732 2145 2994 2183 summam
3039 2144 3159 2184 eum
3212 2136 3488 2183 contume-

1907 2227 2031 2281 liam
2061 2226 2336 2295 redegere.
2367 2223 2471 2278 Sed
2523 2239 2628 2277 non
2679 2225 2818 2290 longi
2851 2223 3105 2290 temporis
3142 2224 3315 2287 spatio
3345 2220 3487 2273 inul-

1907 2330 2014 2374 tam
2044 2319 2158 2388 ejus
2184 2317 2429 2386 injuriam
2455 2316 2634 2370 divina
2672 2317 2840 2370 voluit
2871 2316 3136 2368 sustinere
3175 2311 3485 2368 clementia.

1905 2411 2034 2464 Nam
2065 2424 2198 2464 unus
2250 2424 2316 2463 ex
2350 2408 2432 2461 bis
2475 2408 2814 2475 nequissimis
2845 2417 2898 2460 et
2941 2405 3171 2473 indignis
3201 2404 3306 2458 dici
3340 2416 3486 2472 pres-

1907 2506 2128 2576 byteris,
2160 2520 2280 2558 cum
2313 2514 2436 2556 ante
2488 2511 2697 2556 noctem
2746 2502 2978 2555 minatus
3029 2502 3214 2554 fuisset
3260 2515 3380 2554 cum
3420 2498 3486 2552 de

1903 2596 2129 2650 ecclesia
2145 2595 2281 2647 velle
2298 2592 2584 2645 extrahere
2599 2601 2646 2656 ις,
2666 2592 2871 2660 signum
2890 2591 2952 2642 ad
2971 2589 3252 2644 matutinas
3264 2590 3487 2644 audiens

1903 2687 2071 2742 fuisse
2099 2696 2450 2750 commotum,
2484 2684 2694 2737 fervens
2736 2680 2864 2737 felle
2887 2692 3069 2736 contra
3102 2692 3341 2735 sanctum
3366 2681 3485 2746 Dei,

1902 2781 2156 2844 surrexit,
2187 2780 2284 2832 hoc
2309 2777 2486 2844 iniquo
2508 2783 2670 2830 corde
2700 2776 2914 2841 explere
2944 2776 3206 2844 cogitans,
3233 2776 3374 2845 quod
3399 2775 3485 2831 die

1903 2873 2236 2942 praecedente
2265 2877 2610 2923 tractaverat.
2661 2868 2936 2936 Ingressus
2985 2878 3162 2919 autem
3204 2865 3257 2918 iu
3310 2880 3484 2919 seces-

1902 2978 2018 3016 sum
2042 2978 2220 3022 suum,
2268 2961 2393 3014 dum
2445 2969 2682 3012 ventrem
2714 2973 2940 3027 purgare
2984 2958 3168 3010 nititur
3193 2999 3208 3022 ,
3235 2955 3482 3023 spiritum

1899 3055 2184 3110 exhalavit.
2249 3051 2605 3118 ExSpectabat
2634 3053 2774 3106 enim
2809 3066 2939 3120 puer
2980 3049 3142 3104 aforis
3171 3065 3293 3104 cum
3325 3064 3484 3104 cereo

1902 3150 2173 3202 dominum
2215 3160 2574 3215 egressurum.
2607 3143 2714 3214 74
2762 3142 2988 3212 Jamque
3027 3142 3318 3196 advenerat
3364 3141 3483 3205 lux,

208 3238 315 3294 tur,
345 3228 440 3283 fuit
473 3229 526 3284 in
557 3230 882 3283 monasterio
913 3230 1048 3283 beati
1078 3229 1250 3300 Cyrici
1271 3228 1295 3265 ιι
1329 3232 1472 3283 urbis
1506 3231 1670 3298 ipsius
1703 3230 1795 3284 ab-

1904 3253 1956 3298 et
1978 3243 2192 3298 satelles
2208 3241 2344 3309 ejus,
2371 3239 2422 3294 id
2445 3249 2527 3292 est
2549 3239 2683 3292 alius
2706 3237 3005 3307 presbyter,
3032 3235 3194 3290 mittit
3217 3235 3483 3302 nuntium,

212 3322 331 3384 bas,
362 3322 631 3376 Abraham
664 3323 917 3374 nomine:
944 3322 1031 3388 qui
1065 3321 1166 3374 fide
1203 3321 1306 3391 73
1337 3329 1494 3390 atque
1541 3321 1791 3389 operibus

208 3413 438 3466 Abralm
465 3412 606 3466 illius
635 3412 831 3480 prioris
860 3411 1184 3480 refulgebat,
1234 3413 1369 3465 sicut
1411 3413 1462 3464 in
1493 3410 1629 3466 libro
1664 3411 1793 3466 Viue

207 3505 325 3572 ejus
349 3503 681 3573 scripsimus.

277 3594 445 3649 XXII.
474 3595 702 3650 Sanctus
720 3604 744 3632 ⁸
771 3610 896 3650 vero
917 3595 1166 3650 Sidonius
1191 3604 1348 3649 tantae
1365 3595 1627 3650 facundia:
1643 3605 1790 3665 erat,

207 3699 260 3745 tIt
294 3690 612 3759 plerumque
656 3703 722 3742 ex
769 3689 1058 3757 tmproviso
1087 3689 1504 3744 luculentissime
1543 3707 1664 3761 quae
1701 3707 1794 3745 vo-

209 3783 422 3847 luisset,
478 3781 620 3835 uulla
665 3779 962 3835 obsistente
992 3795 1139 3834 mora
1169 3792 1536 3849 componeret.
1561 3782 1795 3852 Contigit

208 3886 387 3931 autem
417 3873 648 3944 quadam
694 3873 804 3939 die,
839 3881 897 3928 ut
918 3873 982 3927 ad
1035 3873 1380 3928 festivitatem
1417 3873 1650 3930 basilicae
1677 3890 1794 3931 mo-

276 4041 303 4071 ⁸
334 4031 717 4088 Salutatorium
737 4074 751 4098 ,
783 4032 923 4101 quod
957 4031 1088 4086 alias
1117 4033 1441 4086 svcretarium
1462 4075 1474 4093 ,
1516 4031 1673 4085 hodie
1703 4048 1789 4085 sa-

207 4103 385 4158 rristia
412 4105 731 4170 appellatur,
763 4103 837 4156 uti
870 4112 1009 4167 patet
1035 4117 1098 4156 ex
1135 4102 1379 4170 Gregorii
1413 4103 1480 4156 Μ.
1513 4104 1672 4171 epist.
1725 4102 1795 4155 54

206 4176 326 4229 libri
357 4189 406 4226 tv
436 4175 501 4226 ad
536 4173 883 4227 Marinianum
915 4175 1082 4240 episc.
1117 4173 1440 4237 Ravennat.,
1471 4183 1525 4225 et
1551 4189 1615 4226 ex
1661 4187 1795 4225 con-

206 4247 328 4300 cilio
355 4244 562 4298 Matisc.
594 4260 640 4307 t,
667 4259 787 4296 can.
812 4243 876 4306 2,
910 4245 985 4296 sic
1013 4243 1212 4295 dielum
1242 4252 1354 4305 est,
1383 4243 1521 4309 quod
1571 4242 1641 4294 ibi
1683 4242 1797 4309 epi-

206 4317 353 4384 scopi
395 4323 522 4368 ante
562 4315 840 4368 Missarum
883 4312 1296 4367 celebrationem
1325 4313 1517 4366 sedere
1558 4316 1796 4367 solerent

206 4387 269 4439 ad
298 4384 641 4452 excipiendas
674 4384 904 4438 fidelium
941 4385 1304 4446 salutationes,
1336 4385 1422 4448 qui
1453 4398 1636 4436 e0ruiu
1667 4398 1791 4436 ora-

206 4457 444 4512 tionibus
465 4471 542 4518 se,
569 4455 653 4508 vel
682 4455 852 4520 alqna
883 4455 1088 4523 negotia
1112 4455 1487 4506 commendare
1513 4454 1785 4508 volebant.

207 4529 261 4582 Id
313 4525 640 4596 presbyteris
672 4525 964 4596 reliquisse
1007 4525 1224 4596 videtur
1271 4536 1485 4596 sanctus
1533 4525 1790 4577 Martinus

205 4594 344 4666 apud
379 4594 562 4650 Sev’er.
591 4594 818 4661 Sulpic.,
845 4594 972 4646 dial.
999 4594 1064 4660 2,
1091 4595 1174 4647 Itbl
1209 4595 1321 4662 ipse
1343 4595 1533 4666 dicitur
1562 4597 1784 4647 orationi
1817 4606 1868 4666 ι)

206 4665 533 4729 incubuisse,
562 4681 628 4720 co
655 4674 896 4730 tempore
927 4680 1034 4731 quo
1065 4667 1354 4732 presbyteri
1390 4666 1439 4714 in
1471 4665 1574 4717 alio
1599 4680 1781 4718 secre-

205 4740 344 4792 tario
374 4738 621 4791 sedentes
651 4737 767 4803 ejus
799 4737 1058 4802 permissu
1106 4734 1533 4800 salutationibus,
1576 4743 1669 4789 aut
1694 4750 1790 4790 au-

204 4809 416 4863 diendis
451 4807 675 4876 negotiis
703 4806 1120 4870 occupabantur.

276 4879 302 4918 b
335 4883 468 4936 Mor.
497 4894 568 4942 s.,
595 4894 625 4928 a
649 4876 1074 4942 concupiscentia.

280 4962 303 4988 ε
344 4953 420 5004 De
469 4953 568 5002 Iioc
614 4946 937 5000 monasterio
984 4947 1102 4999 vide
1148 4959 1306 5012 supra
1351 4944 1438 4998 lib.
1467 4959 1511 5006 t,
1545 4959 1664 5014 cap.
1693 4944 1784 5001 59.

203 5023 654 5076 Cantobenuense
688 5016 1070 5069 monasterium
1099 5015 1226 5068 illud
1259 5018 1430 5081 ipsum
1459 5031 1578 5069 εμεε
1603 5025 1789 5070 censet

204 5095 434 5158 Savaro,
476 5091 614 5159 quod
651 5103 754 5140 non
797 5086 1092 5159 proculAab
1122 5087 1252 5159 urbe
1293 5085 1788 5159 sanctimonialibtts

205 5155 705 5233 mravisse'dicitur
729 5167 946 5233 sanctus
963 5155 1236 5233 lienesius
1283 5157 1649 5233 A_rverneusis__
1672 5156 1787 5233 epi—

208 5225 405 5300 imuptts
449 5235 500 5285 in
547 5229 713 5300 ipsius
745 5226 882 5279 Vita.
915 5227 1016 5279 Alii
1063 5227 1128 5300 ab
1158 5239 1224 5279 eo
1261 5226 1422 5300 etiam
1460 5242 1568 5300 non
1599 5225 1790 5300 distin-

207 5295 381 5373 guunt
408 5295 1254 5373 Candidine'nse‘tnonasterium,
1285 5296 1426 5373 quoi!
1459 5295 1604 5348 Felix
1647 5297 1788 5373 ejus-

161 5436 164 5442 .
207 5365 332 5429 dem
361 5374 508 5428 urbis
535 5370 774 5432 antistes,
811 5367 1067 5442 Praejecto
1094 5375 1220 5442 tunc
1251 5365 1462 5442 abbati,
1496 5373 1676 5442 postea
1707 5366 1785 5432 ip-

207 5461 320 5500 sius
345 5442 642 5499 successori
667 5453 719 5493 et
751 5434 1002 5508 martyri,
1029 5434 1704 5508 gttbcrnandunrtradidit,
1732 5444 1790 5488 ut

209 5526 263 5570 In
293 5520 525 5569 secunda
572 5511 736 5580 ipsius
766 5505 1008 5576 Przejecti
1042 5506 1159 5580 Vita
1195 5505 1404 5580 legitur.
1440 5505 1588 5580 llunc
1615 5505 1787 5580 locum

212 5596 400 5655 postea
447 5576 779 5638 destructum
820 5579 1089 5655 reparavit
1126 5579 1336 5655 sazculoA
1352 5576 1632 5655 undecimo
1659 5577 1790 5655 .qui-

211 5645 335 5710 itam
368 5655 705 5716 Aldefreilus,
733 5665 891 5717 quem
919 5649 1185 5703 ltubertus
1213 5647 1282 5702 de
1311 5647 1558 5700 Alveruia
1588 5645 1794 5713 episco—

216 5743 314 5793 pus
342 5727 533 5779 ultituo
574 5723 847 5793 sequentis
889 5718 1070 5793 saeculi
1116 5733 1257 5773 anno
1303 5717 1645 5793 Piperacensi
1671 5732 1795 5793 ρω-

211 5787 373 5854 imbio
402 5795 630 5856 subiecit
653 5787 666 5846 Ξ
693 5790 788 5847 sed
817 5792 1029 5846 tandem
1056 5799 1180 5854 post
1203 5789 1378 5844 varias
1403 5789 1642 5844 fortunas
1664 5787 1792 5844 Car-

1898 3337 2080 3389 dicens
2110 3352 2123 3388 :
2153 3332 2303 3400 Veni,
2325 3339 2395 3386 ne’
2419 3330 2733 3396 tardaveris,
2759 3342 2812 3382 ut
2835 3345 2955 3400 quae
2997 3327 3151 3384 nobis
3172 3328 3258 3382 die
3281 3327 3483 3383 hester-

1899 3444 1963 3483 na
1995 3434 2378 3488 convenerant,
2432 3424 2630 3491 pariter
2686 3424 3017 3489 expleamus.
3072 3422 3176 3476 Sed
3219 3437 3339 3476 cum
3371 3436 3482 3476 res-

1900 3535 2064 3590 ponsa
2108 3519 2237 3572 dare
2281 3517 2517 3571 dillcrret
2569 3516 2871 3580 exanimis,
2925 3514 3134 3568 elevato
3187 3528 3317 3578 puer
3357 3515 3478 3566 velo

1897 3613 2042 3679 ostii,
2079 3614 2278 3682 reperit
2306 3611 2580 3665 dominum
2627 3624 2787 3677 super
2818 3608 3061 3663 sellulam
3104 3622 3348 3662 secessus
3384 3606 3483 3660 de-

1899 3705 2160 3759 fuuctum.
2195 3703 2346 3758 Unde
2372 3702 2727 3757 indubitatum
2757 3710 2839 3755 est
2863 3716 2966 3754 non
2993 3699 3212 3753 minoris
3242 3695 3482 3751 criminis

1897 3796 2040 3851 hunc
2071 3811 2221 3851 reum
2253 3811 2391 3860 esse,
2421 3810 2578 3863 quam
2618 3793 2801 3847 Arium
2847 3791 3017 3857 illum,
3049 3790 3130 3842 cui
3159 3789 3404 3842 similiter
3431 3789 3481 3842 iu

1896 3903 2110 3946 secessu
2159 3887 2308 3942 fuere
2355 3888 2560 3941 interna
2591 3882 2831 3952 deposita
2872 3897 2967 3950 per
2994 3889 3168 3950 partes
3200 3879 3481 3933 inferiores

1900 4026 2098 4081 melitis
2127 4022 2449 4078 excalceatis
2481 4029 2663 4074 nostro
2694 4032 2811 4071 :evo
2835 4016 3062 4070 donatus
3090 4022 3193 4069 est.
3228 4012 3356 4067 Vide
3387 4028 3481 4064 no-

1899 4108 1979 4152 tas
2009 4101 2061 4149 lu
2091 4104 2249 4162 caput
2271 4095 2338 4147 39
2383 4092 2504 4145 libri
2531 4107 2568 4142 ι.

1969 4185 1995 4224 ά
2029 4186 2116 4240 Sic
2144 4185 2326 4250 ltegm.
2350 4197 2470 4234 cum
2500 4179 2661 4242 Bad.;
2685 4175 2972 4250 casteried.
2997 4183 3052 4229 et
3082 4175 3226 4250 Bc_c..
3256 4174 3480 4250 eriori.

1897 4259 1964 4312 At
1995 4265 2173 4311 nostra
2217 4243 2374 4308 lectio
2412 4253 2616 4305 sincera
2667 4257 2768 4301 est.
2815 4247 2910 4300 llic.
2941 4254 3024 4301 est
3067 4246 3210 4298 enim
3255 4243 3481 4313 Cyricus

1901 4344 2052 4398 puer,
2083 4329 2168 4395 qui
2200 4339 2318 4378 cum
2351 4323 2537 4398 Julitta
2581 4329 2778 4398 matre“
2800 4328 3002 4398 martyr
3027 4313 3481 4398 occubuit.m\fide

1896 4385 2222 4454 silvai-onem
2271 4397 2323 4449 in
2372 4394 2510 4447 notis
2538 4391 2604 4444 ad
2637 4388 2873 4443 libellum
2903 4385 2968 4441 de
3004 4385 3250 4441 ecclesiis
3291 4385 3480 4439 Claro-

1897 4479 2067 4524 tnont.
2097 4482 2243 4520 num.
2274 4464 2370 4528 14,
2399 4467 2487 4532 qui
2516 4471 2598 4516 est
2627 4462 2692 4532 de
2721 4459 2945 4532 ecclesia
2973 4454 3476 4532 sanetiullyriciLDe

1897 4557 1999 4608 qua
2021 4548 2075 4592 et
2103 4524 2395 4608 Gregoriiis
2418 4524 2532 4603 agit
2556 4533 2605 4586 in
2629 4531 2744 4584 Vita
2772 4531 2829 4585 S.
2855 4529 3104 4591 Abralm,
3137 4524 3231 4581 lib.
3251 4527 3317 4580 tle
3344 4524 3479 4580 Vitis

1896 4605 2111 4666 Patrum
2128 4651 2142 4676 ,
2175 4605 2290 4675 cap.

1969 4712 1992 4740 ο
2025 4703 2182 4756 Deest
2223 4700 2324 4751 hoc
2354 4704 2510 4760 caput
2533 4694 2584 4744 in
2616 4692 2799 4754 Corh.,
2833 4689 2993 4752 Bell.,
3021 4687 3175 4741 Colb.
3210 4694 3264 4760 et
3289 4685 3478 4760 Regio.

1897 4775 2064 4828 Porro
2111 4771 2364 4822 Sidonius
2396 4757 2479 4818 ille
2509 4762 2766 4818 illustrior
2790 4770 2866 4812 est
2887 4799 2902 4823 ,
2931 4774 3087 4826 quam
3131 4769 3185 4810 ut
3210 4757 3295 4810 hic
3325 4759 3391 4808 de
3411 4771 3478 4809 eo

1899 4849 2047 4913 plura
2088 4843 2472 4913 observemus._
2514 4836 2738 4913 Exstant
2779 4830 2896 4913 ejus
2922 4843 3113 4913 mpera.
3150 4828 3478 4913 aSaxariino

1898 4896 2125 4984 primum
2145 4953 2182 4984 ,7
2213 4921 2333 4984 ltt_tti_
2363 4923 2390 4960 a
2416 4979 2424 4984 _
2448 4905 2497 4960 .1.
2547 4896 2832 4984 Sirtnondo
2870 4899 3030 4979 edita:

1898 4965 2215 5049 Apollinai‘is
2244 4979 2492 5033 Sidonius
2532 4968 3098 5049 appellabatur,_rujus
3128 4970 3293 5049 vitam
3311 4965 3477 5049 colle-

1898 5035 2246 5124 git—Savaro,
2294 5061 2518 5124 eamque
2551 5035 2723 5124 trp-sius
2775 5039 3024 5124 tiperibtts
3077 5035 3472 5124 jirgcli‘x'i‘tll’a;

1900 5103 2127 5191 Biani‘llre
2157 5103 2307 5173 uilio
2359 5103 2467 5172 sui:
2496 5103 2830 5191 ,_lilia‘._Aviti
2877 5112 3030 5177 imp.,
3079 5106 3374 5191 epis:olam_
3410 5103 3476 5157 16

1897 5183 2018 5250 libri
2067 5209 2095 5243 v
2125 5191 2334 5256 scripsit
2365 5190 2473 5256 ipse
2505 5183 2754 5257 Sidonius
2774 5222 2796 5257 ,
2838 5197 2993 5249 quam
3031 5186 3140 5257 post
3161 5184 3473 5257 sosceptum

1896 5243 2250 5321 sacerdotium
2279 5261 2350 5312 uti
2381 5243 2619 5311 Sororem
2644 5243 2918 5313 ltabttilittl
2948 5250 3135 5321 probat
3160 5243 3474 5321 Sirttttittdtts

1899 5315 2115 5390 iii-notis
2138 5332 2203 5386 ad
2231 5331 2474 5384 eamdem
2497 5329 2654 5394 epist.
2676 5368 2688 5387 ,
2714 5326 2800 5398 ubi
2833 5334 2883 5377 et
2926 5318 3262 5398 plttra‘liabet
3283 5315 3347 5366 de
3373 5331 3476 5398 Illi-

1889 5385 2423 5478 joriim-‘clei-icorum
2454 5385 2721 5478 cat-libato.
2758 5394 2817 5446 V.
2852 5385 3009 5478 supra
3039 5387 3131 5442 lib.
3161 5402 3212 5455 ι,
3242 5400 3360 5455 cap.
3384 5385 3476 5451 59,

1893 5463 1946 5534 et
1979 5476 2284 5545 llieronymi
2317 5473 2470 5538 epist.
2520 5469 2584 5522 ad
2626 5463 3048 5521 Pammacltiuttt.

1973 5571 1988 5609 ί
2030 5572 2138 5626 Hoc
2187 5576 2344 5634 caput
2389 5564 2540 5619 deest
2585 5560 2636 5614 iit
2681 5555 2868 5618 Corb.,
2901 5553 3070 5618 Bell.,
3104 5549 3255 5604 Colb.
3289 5558 3343 5603 et
3375 5545 3474 5601 lte-

1896 5659 2002 5761 g":
2029 5714 2239 5782 Regut.,
2283 5706 2408 5761 uelle
2437 5701 2654 5768 extra/ti,
2682 5698 2882 5756 Cltesn.
2914 5705 2966 5752 et
3003 5692 3185 5760 Frch.,
3209 5690 3287 5746 uel
3304 5698 3472 5744 estm-

1899 5786 2035 5838 here.
