4028 6342
519 351 629 407 sis
1516 346 1574 401 s.
1615 330 1947 399 succosa
1987 336 2292 395 EPISCOPI
2331 332 2773 393 runoueusts
3674 319 3805 377 aa)

516 474 699 537 egesta
725 472 755 504 ⁸
782 480 798 520 :
823 463 949 535 quia
987 478 1086 521 nec
1130 463 1270 521 istud
1296 461 1413 517 sine
1457 460 1645 515 baresi
1682 465 1858 528 potest
1877 455 2042 523 accipi
2070 494 2086 518 ,
2118 459 2169 514 Α
2196 465 2340 521 prior
2386 450 2673 505 damnatus
2725 446 2895 501 fuerat
2919 486 2933 511 ,
2971 442 3130 537 fuisse
3185 440 3527 537 participem.
3577 436 3786 537 Verum

515 530 575 613 ui
599 560 649 612 in
698 530 939 613 Ecclesia
990 572 1095 612 non
1140 555 1418 609 obediatur
1460 551 1729 608 sacerdoti
1756 550 1869 616 Dei,
1900 548 1986 602 cui
2028 546 2096 601 ad
2201 542 2287 598 ubi
2306 542 2488 611 judex,
2518 554 2681 610 quem
2728 538 2793 593 ad
2828 549 2879 593 te
2910 533 3318 598 transmitteret,
3358 531 3588 587 sollicite
3615 530 3793 599 omisit

516 649 839 719 pascendum
882 662 1012 703 oves
1056 647 1357 701 commissa
1383 655 1528 709 sunt,
1555 654 1608 697 et
1640 642 1726 696 ille
1777 655 1835 695 se
1891 641 2103 707 ingerat

519 738 795 808 potestati,
827 738 911 792 cui
943 752 1115 806 neque
1142 754 1170 789 a
1201 736 1331 799 Deo,
1362 750 1535 802 neque
1565 734 1632 787 ab
1665 732 1973 786 hominibus
1997 731 2109 783 ali-.

515 828 639 897 quid
669 839 753 883 est
791 828 1158 881 commissum.
1186 826 1391 880 Dehinc
1438 826 1626 877 beatus
1654 822 1931 885 sacerdos,
1990 834 2096 873 uno

514 919 690 973 adhuc
721 928 969 973 manente
1011 917 1358 971 nihilominus
1394 913 1631 979 inimico,
1659 928 1771 967 sua:
1797 913 2095 966 restituitur

516 1009 786 1079 polestati.
837 1011 1052 1065 Factum
1085 1020 1167 1065 est
1192 1023 1369 1064 autem
1401 1008 1662 1078 posthaec,
1707 1017 1764 1061 ut
1802 1007 2095 1061 accedente

516 1101 663 1156 febre
689 1111 951 1171 :egrotare
977 1110 1229 1171 cupisset
1255 1119 1266 1153 :
1313 1103 1404 1169 qui
1452 1111 1600 1171 rogat
1625 1114 1772 1165 suos,
1807 1111 1861 1153 ut
1889 1116 2013 1153 eum
2042 1100 2094 1153 in

516 1193 796 1247 ecclesiam
825 1193 1043 1248 ferrent.
1073 1194 1314 1260 Cumque
1345 1194 1469 1246 illuc
1515 1194 1690 1247 illatus
1720 1190 1929 1258 luisset,
1958 1205 2096 1244 cou—

515 1284 766 1340 veniebat
807 1286 873 1338 ad
918 1300 1040 1340 eum
1093 1284 1378 1339 multitudo
1408 1284 1647 1337 virorum
1696 1298 1759 1337 ac
1788 1283 2094 1349 mulierum,

516 1373 783 1445 simulque
823 1377 985 1430 etiam
1009 1386 1066 1431 et
1114 1376 1393 1429 infantium
1430 1376 1793 1445 plangentium
1824 1386 1986 1445 atque
2015 1376 2115 1430 di-.

514 1467 746 1521 centium
780 1484 792 1519 :
827 1468 933 1523 Cur
965 1482 1062 1520 uos
1085 1467 1310 1531 deseris,
1343 1477 1521 1534 pastor
1566 1467 1728 1532 boue,
1772 1468 1855 1520 vel
1884 1468 1967 1520 cui
1998 1479 2098 1519 nos

515 1560 664 1625 quasi
696 1558 967 1626 orplianos
988 1559 1350 1627 derelinquis?
1391 1558 1635 1625 Nunquid
1664 1558 1766 1611 erit
1796 1559 1948 1611 nobis
1972 1565 2098 1626 post

518 1649 807 1713 id"
824 1660 968 1709 mum
990 1650 1130 1704 vita?
1153 1650 1386 1718 nunquid
1404 1651 1509 1705 erit
1533 1649 1868 1717 postmodum
1889 1652 1978 1721 qui
2000 1668 2117 1708 nos,

517 1740 799 1805 sapientiae
820 1740 933 1800 sub
950 1744 1035 1801 sic
1059 1740 1325 1796 condiat?
1353 1750 1439 1795 aut
1473 1741 1540 1796 ad
1579 1742 1830 1796 dominici
1864 1743 2097 1803 nominis

2198 633 2491 701 inquirere,
2514 646 2616 701 ego
2643 645 2729 685 me
2758 630 2895 683 inter
2926 627 3162 697 reliquos
3187 625 3434 679 occulere
3460 624 3601 692 coepi
3630 664 3643 685 ,
3670 632 3732 676 et
3753 636 3789 676 ι

2198 734 2348 793 tergo
2403 724 2567 783 steti,
2619 729 2850 776 tractans
2881 718 3019 786 apud
3077 716 3475 784 memetipsum,
3528 728 3598 767 ne
3639 712 3792 767 forte

2200 832 2321 885 ego,
2353 816 2441 884 qui
2472 823 2629 869 notus
2683 828 2801 867 sum
2850 809 3082 875 homini,
3114 807 3311 863 mittar.
3361 806 3492 859 Dum
3526 804 3639 858 haec
3666 820 3792 857 rno-

2198 926 2318 964 cuui
2351 909 2542 963 tacitus
2564 907 2857 968 volverem,
2882 902 3077 956 amotis
3095 900 3343 955 omnibus
3366 899 3599 953 remansi
3628 897 3791 951 solus

2199 1001 2250 1055 in
2277 1002 2525 1069 publico:
2553 1007 2875 1065 vocatusque
2895 1010 2923 1048 a
2942 994 3147 1064 judice,
3170 991 3391 1060 prapius
3417 989 3634 1044 accedo.
3664 988 3794 1068 (Συτ

2194 1097 2281 1167 jus
2311 1097 2559 1149 virtutem
2605 1101 2767 1163 atque
2802 1090 3141 1161 splendorem
3188 1097 3483 1152 contuens,
3516 1087 3651 1153 cepi
3687 1086 3798 1152 be-i

2201 1192 2295 1246 bes
2318 1192 2537 1246 ellectus
2583 1190 2813 1243 titubare
2866 1204 2975 1256 prae
3003 1197 3167 1240 metu.
3203 1184 3377 1238 Etille
3409 1200 3423 1238 :
3456 1182 3534 1237 Ne
3562 1184 3799 1243 timeas;

2200 1299 2349 1353 puer,
2381 1282 2549 1351 inquit
2578 1300 2591 1334 :
2623 1281 2716 1335 sed
2748 1280 2901 1341 vade.
2926 1280 3016 1332 die
3044 1277 3360 1348 presbytero
3388 1276 3462 1330 illi
3496 1292 3512 1329 :
3549 1274 3678 1328 Veni
3710 1274 3788 1329 ad

2202 1372 2624 1439 respondendam
2646 1387 2883 1433 causam,
2909 1371 3032 1437 quia
3058 1368 3310 1424 Sidooius
3334 1377 3386 1421 te
3407 1365 3658 1421 accersiri
3680 1365 3787 1420 de-

2200 1474 2448 1534 precatus
2479 1473 2583 1519 est.
2615 1462 2694 1517 'l'u
2718 1478 2843 1514 vero
2870 1477 2936 1516 uc
2986 1474 3186 1512 moram
3237 1458 3402 1511 facias
3429 1456 3493 1509 ad
3519 1456 3795 1522 eundum,

2199 1555 2320 1620 quia
2350 1554 2457 1607 sub
2476 1554 2662 1623 grandi
2698 1552 3070 1605 testiﬁcatione
3116 1550 3244 1603 mihi
3277 1548 3534 1617 praecepit
3563 1564 3655 1603 rex
3688 1549 3789 1604 ille

2201 1645 2293 1698 tibi
2324 1643 2441 1699 inec
2486 1642 2649 1708 loqui,
2696 1642 2923 1696 dicens:
2953 1640 3010 1695 Si
3051 1639 3301 1704 tacueris,
3330 1648 3503 1691 morte
3547 1639 3800 1706 pessima-

2200 1735 2465 1789 morieris.
2510 1734 2637 1789 ilice
2685 1748 2755 1790 eo
2811 1733 3059 1801 loquente
3088 1772 3103 1795 ,
3138 1732 3431 1785 exterritus
3472 1732 3791 1801 presbyter.

519 1828 766 1885 timorem
800 1832 919 1885 talis
958 1832 1249 1901 prudentia:
1294 1832 1501 1886 ratione
1539 1832 1822 1901 redarguat
1847 1833 1869 1886 ?
1895 1832 2020 1888 Hac
2040 1843 2095 1891 et

2205 1830 2379 1895 elapso
2400 1828 2468 1882 de
2494 1843 2657 1882 manu
2688 1827 2856 1881 calice
2876 1866 2903 1891 τ
2926 1824 3156 1879 reddidit
3184 1823 3432 1891 spiritum
3466 1840 3481 1876 :
3512 1839 3576 1878 ac
3603 1824 3670 1878 de
3695 1838 3793 1880 ro-

525 1919 609 1975 bis
638 1922 827 1976 similia
858 1924 1064 1992 populis
1110 1936 1451 1995 ωαξηςηο
1476 1921 1601 1977 ﬂetu
1626 1922 1949 1989 dicentibus,
1981 1932 2121 1983 ωηο,

518 2010 639 2065 dem
668 2012 949 2079 sacerdos,
972 2013 1170 2081 Spiritu
1194 2013 1251 2066 in
1275 2021 1540 2085 80.91ij
1563 2012 1837 2078 inﬂuente,
1869 2029 2094 2084 respon-

518 2099 597 2154 dit
644 2118 657 2153 :
708 2100 882 2154 Nolite
937 2106 1167 2154 timere.
1218 2120 1252 2154 o
1303 2088 1393 2154 nos

519 2193 858 2259 Apruneolus
888 2192 1042 2257 vivit,
1072 2203 1128 2248 et
1181 2193 1299 2262 ipse
1345 2194 1450 2249 erit
1473 2196 1725 2249 sacerdos
1766 2206 1964 2252 vester.
1996 2199 2095 2267 Qui

520 2298 632 2338 non
688 2284 1077 2353 intelligentes,
1129 2286 1385 2353 putabant
1439 2302 1558 2341 eum
1617 2286 1762 2357 loqui
1804 2290 1997 2358 aliquid
2045 2293 2096 2346 in

514 2374 734 2429 exstasi.

558 2526 561 2529 Α
589 2465 708 2534 Quo
737 2463 997 2533 migrante
1017 2463 1045 2502 δ
1073 2506 1090 2533 ,
1122 2467 1401 2533 presbvter
1435 2466 1525 2522 ille
1573 2482 1799 2533 nequam
1824 2510 1840 2531 ,
1866 2470 2001 2525 alter
2031 2485 2098 2524 ex

516 2551 726 2607 duobus
754 2553 845 2623 qui
889 2564 1243 2618 remanserat,
1278 2557 1519 2622 protinus
1548 2571 1759 2611 omnem
1792 2558 2099 2614 facultatem

518 2641 775 2697 Ecclesize
800 2685 815 2709 ,
852 2651 1105 2713 tanquam
1139 2645 1183 2697 si
1208 2645 1319 2714 jam
1367 2645 1648 2715 episc0pus
1676 2660 1857 2714 esset,
1891 2651 2101 2709 inhians

517 2734 836 2803 cupiditate,
892 2747 1267 2804 praeoccupat,
1321 2736 1544 2792 dicens:
1579 2739 1817 2793 Tandem
1869 2744 2135 2810 respexit_

518 2826 573 2881 in
604 2842 691 2880 me
720 2828 881 2893 Deus,
913 2842 1249 2896 c0gnoscens
1281 2844 1365 2883 me
1392 2830 1675 2898 justiorein
1714 2844 1832 2885 esse
1859 2833 2099 2899 Sidonio,

516 2918 845 2990 largitusque
870 2922 975 2991 75
1004 2932 1087 2976 est
1131 2923 1259 2976 mibi
1317 2923 1452 2978 hanc
1495 2933 1837 2991 potestatem.
1864 2925 2103 2995 Cumque

516 3025 613 3078 per
641 3021 809 3067 totam
839 3018 1023 3068 urbem
1070 3015 1332 3081 superbus
1364 3014 1595 3069 ferretur
1617 3057 1633 3080 ,
1664 3018 1981 3073 adveniente
2012 3019 2101 3073 die

514 3104 804 3174 dominico,
834 3106 925 3176 qui
957 3106 1276 3161 imminebat
1316 3115 1437 3175 post
1466 3108 1742 3163 transitum
1775 3111 1945 3164 sancti
1976 3110 2097 3175 viri,

708 2100 882 2157 Nolite
937 2106 1123 2157 timere
1152 2142 1167 2167 ,
1218 2120 1252 2156 ο
1303 2104 1503 2173 populi,
1556 2118 1684 2159 ecce
1734 2104 1895 2160 lrater
1944 2122 2125 2163 meus.

2197 1918 2378 1971 cubitu
2406 1916 2616 1971 ablatus
2643 1927 2883 1971 mortuus
2908 1914 3195 1982 sepultura
3218 1913 3499 1967 mandatus
3519 1924 3625 1980 est,
3658 1929 3789 1981 pns-

2199 2022 2446 2069 sessurus
2483 2008 2752 2064 infernum
2781 2008 2889 2077 76
2915 2023 3035 2061 cum
3073 2006 3303 2061 satellite
3332 2021 3452 2060 suo.
3482 2005 3612 2061 Tale
3636 2007 3793 2075 judi-

2199 2101 2338 2158 cium
2364 2114 2525 2169 super
2576 2110 2921 2155 contumaces
2967 2098 3193 2152 clericos
3244 2096 3500 2151 Dominus
3530 2096 3579 2149 in
3639 2097 3786 2151 hunc

2200 2193 2432 2260 praetulit
2480 2193 2757 2254 mundum,
2792 2201 2847 2244 ut
2876 2205 3010 2243 unus
3059 2190 3169 2243 Arii
3198 2188 3483 2242 sortiretur
3512 2198 3795 2249 mortem;

2199 2287 2358 2351 alius,
2391 2295 2639 2351 tauquam
2688 2283 2871 2337 Simon
2926 2281 3142 2350 Magos,
3192 2279 3419 2347 apostoli
3459 2280 3631 2333 sancti
3660 2296 3789 2332 ora-

2203 2376 2345 2431 tione
2372 2376 2439 2429 ab
2466 2380 2676 2430 excelsa
2703 2390 2827 2427 arce
2872 2374 3135 2442 superbia:
3166 2387 3405 2441 praeceps
3444 2372 3786 2426 allideretur.

2201 2467 2300 2532 Qui
2330 2482 2435 2521 non
2478 2465 2819 2533 ambiguntur
2850 2466 3047 2531 pariter
3078 2464 3351 2531 possidere
3378 2470 3658 2529 tartarum,
3688 2464 3797 2531 qui

2200 2557 2357 2611 simul
2386 2565 2614 2625 egerunt
2663 2556 2907 2624 nequiter
2947 2566 3132 2608 contra
3174 2561 3419 2608 sanctum
3469 2554 3800 2622 episeoputn

2201 2660 2375 2703 suum.
2408 2647 2613 2701 Interea
2643 2662 2763 2701 cuin
2801 2646 2909 2715 jam
2945 2655 3120 2699 terror
3152 2644 3475 2699 Francorum
3502 2658 3787 2700 resonaret

2200 2737 2255 2791 in
2302 2737 2382 2790 his
2440 2737 2698 2803 partibus,
2750 2748 2805 2791 et
2850 2751 3039 2792 omnes
3077 2751 3175 2792 eos
3211 2751 3396 2791 amore
3436 2737 3787 2793 desiderabili

2199 2837 2461 2895 cuperent
2517 2843 2765 2897 regnare,
2815 2838 3031 2883 sanctus
3087 2829 3447 2898 Aprunculus,
3477 2830 3801 2899 Lingonicz

2199 2921 2430 2979 civitatis
2459 2922 2743 2991 episcopus
2776 2932 2797 2959 ε
2817 2962 2833 2985 ,
2864 2923 3001 2985 apud
3050 2922 3455 2991 Burgundiones
3494 2926 3659 2991 cmpit
3688 2926 3799 2977 lia-7

2203 3013 2317 3070 beri
2346 3023 2647 3080 susiiectus.
2686 3013 2925 3081 Cumque
2952 3015 3130 3068 odium
3157 3016 3225 3069 de
3250 3015 3339 3070 die
3368 3015 3420 3067 in
3460 3014 3604 3069 diem
3635 3030 3793 3071 creso

2201 3114 2370 3169 ceret,
2417 3103 2623 3173 jussum
2655 3113 2827 3159 eStur
2870 3106 3006 3157 clam
3058 3106 3236 3173 gladio
3286 3107 3553 3162 feriretur.
3578 3107 3694 3174 Quo
3716 3110 3787 3164 ad

515 3208 816 3266 praeparato
843 3199 1021 3265 epulo,
1052 3200 1213 3267 jussit
1237 3209 1462 3254 cunctos
1485 3202 1631 3255 cives
1654 3201 1704 3253 in
1734 3200 1897 3255 domo
1923 3205 2096 3258 eccle-

2205 3211 2325 3252 euin
2371 3198 2575 3263 perlato
2606 3196 2811 3262 nuntio,
2861 3205 3016 3249 nocte
3042 3196 3073 3249 Ξι
3114 3205 3293 3251 castro
3340 3197 3646 3253 Divionensi
3689 3213 3799 3268 pes

514 3288 607 3341 sia:
639 3297 661 3325 ο
695 3289 900 3343 invitari
928 3305 943 3343 :
994 3290 1371 3359 despectisque
1414 3288 1750 3352 senioribus,
1786 3292 1983 3358 primus
2014 3308 2098 3346 re-

513 3378 720 3433 cumbit
775 3382 828 3434 in
878 3390 1014 3435 toro.
1042 3380 1139 3436 Cui
1192 3382 1371 3435 oblato
1401 3383 1657 3450 pincerua
1712 3385 1924 3451 poculo,
1981 3386 2094 3440 ait:
2142 3446 2143 3451 η

517 3470 741 3525 Domine
769 3474 862 3531 mi,
888 3474 991 3526 vidi
1015 3476 1304 3536 somnium,
1332 3476 1470 3542 quod
1500 3476 1543 3527 si
1564 3476 1827 3541 permittis
1848 3476 2055 3531 edicam
2079 3496 2093 3531 :

514 3559 774 3616 Videbam
828 3562 924 3616 hac
951 3573 1105 3617 nocte
1157 3564 1451 3628 dominica,
1493 3577 1545 3619 et
1575 3580 1699 3619 ecce
1738 3576 1853 3620 erat
1906 3568 2098 3631 domus

515 3666 727 3720 magna,
755 3662 807 3707 et
831 3653 882 3705 in
911 3654 1208 3708 domuerat
1233 3656 1455 3710 thronus
1480 3659 1702 3725 positus,
1736 3660 1914 3728 inquo
1943 3661 2094 3728 quasi

509 3740 679 3815 judex
714 3744 1023 3809 residebat,
1056 3746 1264 3801 cunctis
1299 3756 1561 3813 potestate
1593 3752 1932 3817 praestantior
1961 3768 1975 3813 :_
2010 3753 2094 3807 cui

513 3835 838 3890 assistebant
883 3837 1035 3891 multi
1082 3838 1415 3891 sacerdotum
1445 3841 1497 3893 in
1542 3840 1678 3895 albis
1709 3842 1965 3906 vestibus,
1996 3842 2091 3896 sed

509 3934 565 3982 et
594 3928 909 3995 promiscum
942 3929 1253 3998 populorum
1278 3929 1445 3983 turba:
1467 3930 1619 3985 valde
1646 3933 2089 3988 innumerabiles.

511 4017 712 4074 Verum
740 4035 862 4074 cum
907 4018 1024 4074 haec
1075 4020 1311 4087 trepidus
1359 4024 1784 4089 conteinplarer,
1820 4024 2095 4094 conspicio

515 4116 726 4167 eminus
755 4115 894 4169 inter
923 4130 1018 4169 eos
1050 4116 1258 4169 bi'attttlt
1315 4126 1493 4171 astare
1545 4116 1839 4185 Sidonium,
1893 4128 2091 4175 etcum

511 4206 826 4276 presbytero
883 4206 974 4260 illo
1006 4208 1096 4261 tibi
1145 4210 1553 4279 Carissimo.qui
1600 4219 1724 4266 ante
1753 4212 1849 4266 bos
1894 4230 2090 4278 paucos

513 4285 684 4351 annos:
712 4297 780 4350 de
808 4298 911 4352 hoc
951 4298 1150 4353 mundo
1198 4301 1468 4370 migravit,
1521 4311 1725 4356 attente
1768 4304 2090 4366 litigantem.

514 4388 635 4453 Quo
657 4387 886 4451 devicto,
925 4386 1078 4456 jubet
1107 4404 1197 4443 rex
1229 4391 1359 4444 utin
1406 4386 1527 4444 imis
1573 4394 1807 4447 carceris
1832 4397 2096 4464 angustiis

520 4479 845 4542 retrudatur;
894 4482 1177 4549 ablatoque
1223 4482 1347 4547 isto,
1376 4490 1638 4537 contra-te
1682 4485 1874 4538 iterum
1925 4484 2095 4540 insur-

2202 3302 2412 3340 murum
2441 3288 2730 3351 demissus,
2754 3290 3007 3341 Arvernis
3030 3290 3265 3354 advenit,
3295 3288 3478 3357 ibique
3493 3289 3645 3360 juxta
3664 3305 3789 3346 ver-

2203 3376 2326 3431 bum
2360 3378 2594 3442 Domini,
2628 3380 2767 3445 quod
2802 3382 2977 3447 posuit
3006 3380 3057 3433 in
3107 3395 3203 3436 ore
3230 3382 3402 3436 sancti
3428 3382 3657 3448 Sidonii,
3687 3399 3795 3439 uno

2202 3469 2444 3524 decimus
2471 3470 2626 3523 datus
2659 3480 2743 3524 est
2768 3473 3083 3540 episcopus.

2266 3561 2463 3635 XXIV.
2520 3563 2625 3618 Sed
2678 3562 2695 3601 ί
2753 3575 2991 3631 tempore
3049 3563 3252 3617 Sidonii
3304 3565 3539 3633 episcopi
3593 3581 3788 3633 magna

2204 3656 2565 3725 Burgundiam
2618 3656 2788 3710 [sines
2836 3655 3123 3724 oppressit.
3175 3654 3414 3724 Cumque
3465 3657 3645 3725 populi
3690 3673 3783 3725 per

2201 3747 2442 3801 diversas
2472 3746 2717 3817 regiones
2742 3746 3201 3817 dispergerentur,
3228 3761 3327 3800 nec
3345 3759 3493 3801 esset
3516 3748 3658 3801 ullus
3693 3749 3801 3816 qui'

2203 3840 2525 3909 pauperibus
2567 3839 2875 3892 alimoniam
2926 3838 3231 3908 largiretur,
3280 3838 3526 3892 Ecdicius
3567 3838 3799 3906 quidam

2199 3948 2263 3987 ex
2294 3930 2664 3994 senatoribus,
2726 3930 2881 3997 hujus
2938 3932 3263 3999 propinquus
3286 3932 3335 3995 α,
3370 3945 3615 3998 magnam
3659 3940 3789 3985 tunc

2199 4042 2315 4081 rem
2357 4025 2410 4079 in
2441 4024 2551 4079 Deo
2578 4025 2815 4079 conlisus
2864 4022 3058 4078 fecisse
3104 4024 3433 4091 perhibetur.
3463 4021 3596 4077 Nam
3628 4023 3787 4075 inva-

2200 4121 2437 4175 lescente
2465 4117 2624 4182 fame,
2659 4116 2805 4170 misit
2839 4130 3033 4186 pueros
3071 4130 3201 4170 suos
3225 4130 3345 4169 cum
3373 4115 3526 4184 equis
3548 4124 3603 4169 et
3633 4116 3795 4183 plau-

2199 4214 2324 4269 stris
2351 4228 2443 4281 per
2466 4212 2668 4266 vicinas
2698 4210 2807 4263 sibi
2835 4207 3078 4263 civitates
3098 4247 3121 4273 ,
3148 4217 3206 4261 ut
3234 4222 3329 4261 eos
3348 4208 3437 4275 qui
3472 4207 3573 4261 bac
3597 4208 3785 4275 inopia

2202 4303 2531 4359 vexabantur
2576 4302 2676 4354 sibi
2712 4300 3059 4353 adducerent.
3113 4300 3181 4350 At
3204 4297 3277 4350 illi
3302 4306 3513 4361 euntes,
3553 4307 3799 4351 cunctos

2200 4405 2463 4460 pauperes
2495 4397 2757 4459 quotquot
2786 4388 3029 4443 invenire
3067 4393 3383 4456 potuerunt,
3414 4386 3692 4442 adduxere
3718 4389 3789 4441 aul

2202 4484 2418 4538 domum
2448 4483 2473 4520 ἰ
2503 4482 2643 4553 ejus.
2677 4482 2861 4550 ibique
2888 4496 2982 4536 eos
3012 4497 3107 4549 per
3135 4494 3296 4535 omne
3324 4490 3536 4551 tempus
3580 4481 3767 4535 s=erili'

514 4584 637 4638 gere
666 4566 713 4635 ἀ,
743 4570 928 4625 dicens
958 4579 1010 4625 te
1055 4572 1107 4625 in
1137 4586 1203 4627 eo
1260 4571 1463 4627 scelere
1484 4613 1507 4653 ,Α
1550 4583 1766 4643 propter
1811 4576 1953 4645 quod
2007 4576 2094 4632 ille
2123 4582 2176 4644 ι)
2202 4577 2325 4633 tatis
2371 4588 2627 4645 pascens,
2659 4573 2727 4628 ab
2754 4574 2968 4628 interitu
3001 4572 3158 4627 famis
3205 4572 3425 4628 exemit.
3477 4572 3788 4643 Fuereque,

584 4726 607 4760 ⁸
642 4726 827 4795 Regm.
859 4768 874 4791 ,
906 4728 1160 4795 inferioris
1187 4740 1385 4796 egestus
1403 4771 1417 4793 ,
1443 4738 1494 4781 et
1522 4728 1653 4783 infra
1683 4730 1987 4785 obaudiatur
2008 4751 2090 4787 sa-

514 4798 723 4871 cerdoti.
753 4799 877 4851 Bec.
902 4836 917 4863 ,
960 4801 1121 4868 partis
1149 4800 1402 4871 inferioris
1447 4810 1738 4870 egestum...
1787 4801 2093 4858 obaudialur

508 4867 763 4921 sacerdos.

583 4935 608 4973 ι)
640 4938 778 4989 Obiit
829 4953 969 4990 anno
1014 4938 1137 5001 484,
1169 4949 1226 4993 ιιι
1254 4940 1438 4995 scribit
1487 4939 1716 5003 Savaro,
1776 4955 1831 4997 et
1874 4943 2087 5007 quidem

509 5006 600 5079 die
632 5008 695 5062 12
723 5007 827 5063 kal.
869 5010 1199 5075 Septembris
1230 5052 1244 5073 ,
1285 5011 1400 5079 ejus
1433 5021 1607 5065 tamen
1641 5012 1830 5066 festum
1874 5012 1937 5065 lil
1978 5014 2085 5069 kal.

509 5077 747 5145 ejusdem
781 5081 977 5134 mensis
1016 5080 1065 5132 iu
1114 5077 1490 5150 Martyrologio
1530 5085 1769 5137 ltomano
1812 5087 2085 5140 recoliiur.

510 5150 760 5216 Sepultus
797 5161 880 5204 est
929 5152 979 5203 in
1006 5152 1233 5205 ecclesia
1265 5154 1431 5207 sancti
1476 5153 1778 5216 Saturnini,
1812 5167 1866 5207 nt
1893 5155 2088 5209 dicitur

510 5219 563 5272 in
593 5219 684 5277 lih.
712 5236 725 5273 ι
756 5220 820 5273 de
851 5223 1043 5276 cccli-s.
1099 5220 1425 5276 C'aromont.
1448 5264 1464 5289 ,
1495 5238 1611 5290 cap.
1644 5226 1729 5275 ‘22.
1772 5226 1844 5279 lla
1864 5240 1893 5280 c
1915 5228 2088 5278 eche-

511 5290 587 5342 sia
620 5301 821 5343 mutato
871 5293 1084 5347 nomine
1112 5293 1279 5345 sancti
1312 5294 1592 5347 Amandini
1630 5295 1768 5348 dicta
1809 5308 1909 5351 cst.
1946 5298 2096 5349 l’ost-

513 5360 1063 5433 modumgtranslatum
1086 5372 1170 5419 est
1202 5364 1259 5417 Β.
1278 5363 1482 5418 Sidonii
1508 5379 1701 5433 corpus
1728 5369 1777 5421 in
1807 5368 2088 5422 ecclesiam

511 5435 679 5484 Bal-icti
714 5429 945 5486 Gt'iiesii.

584 5511 606 5535 θ
664 5503 887 5575 Domum
933 5503 1174 5559 ecclesia:
1226 5506 1419 5574 passim
1473 5516 1731 5561 memorat
1769 5505 2077 5575 Gregorius,

508 5582 616 5640 quo
661 5573 876 5647 nomine.
902 5576 1051 5647 tedas
1067 5573 1398 5647 episcopales
1416 5618 1430 5639 ,
1461 5579 1649 5647 majori
1672 5573 1915 5632 ecclesia:
1942 5580 2088 5633 urbis

509 5656 605 5767 get:
655 5642 947 5763 caltliledrali
990 5645 1321 5702 adhzereotcs
1341 5688 1355 5713 ,
1404 5642 1674 5721 designari
1734 5649 1942 5704 videtur
1968 5664 2088 5705 esse

547 5728 573 5765 Χ
603 5728 657 5765 ra
691 5729 758 5762 (ΙΙ
782 5729 798 5763 )
820 5729 930 5767 Ill".

547 5728 657 5765 Xll'ﬂ
691 5728 798 5763 (1111)
820 5729 930 5767 Ill".

586 5779 613 5821 ⁸³
642 5781 789 5839 Editi
818 5784 1043 5852 habent,
1071 5788 1308 5855 suggerit.

2275 4741 2299 4768 ⁸
2332 4733 2408 4786 De
2429 4730 2616 4785 eodem
2648 4728 2786 4785 infra
2815 4742 2933 4796 cap.
2973 4727 3043 4782 36
3071 4767 3088 4790 ,
3121 4736 3173 4780 et
3206 4727 3301 4781 lib.
3326 4741 3393 4781 nr
3414 4768 3429 4792 ,
3462 4741 3587 4785 can.
3613 4726 3649 4778 9.
3673 4765 3688 4787 .
3717 4727 3801 4779 ad

2201 4819 2357 4872 qui-in
2408 4811 2620 4856 exstant
2668 4800 2868 4872 aliquot
2920 4798 3114 4872 Ituricii
3172 4797 3571 4872 Leinovicensis
3616 4799 3785 4872 episc.

2197 4866 2454 4937 epistolae.
2487 4873 2670 4925 Eidem
2693 4913 2708 4932 ,
2741 4866 2917 4923 adhuc
2947 4869 3239 4933 Lingonum
3268 4869 3539 4937 episcopo,
3566 4866 3791 4932 scripsit

2203 4936 2455 4998 Sidonius
2483 4944 2760 5010 epistolam
2795 4940 2855 4992 l0
2885 4940 3002 4991 libri
3030 4954 3104 4993 ix.
3131 4938 3384 5010 sepuitus
3421 4947 3503 4989 est
3528 4936 3580 4989 in
3606 4938 3789 5010 eccle-

2200 5015 2278 5067 sia
2291 5014 2345 5065 S.
2364 5005 2616 5076 Stephani
2631 5028 2695 5066 ex
2712 5013 2855 5066 lib.l.
2877 5010 3163 5063 Ecclesiar.
3180 5007 3532 5066 Clarnmont..
3551 5022 3673 5075 cap.
3695 5005 3789 5073 15,

2192 5085 2285 5137 tibi
2332 5092 2537 5137 sanctus
2563 5082 2777 5135 dicitur.
2828 5080 3144 5135 Celebratur
3180 5076 3233 5132 in
3282 5077 3561 5148 Martyrol.
3592 5077 3793 5131 Gallic-

2191 5155 2427 5209 Saussaii
2466 5154 2552 5208 die
2582 5155 2648 5207 l4
2678 5152 2820 5206 Maii.

2266 5244 2289 5283 τ
2342 5246 2449 5299 lloc
2483 5254 2639 5309 caput
2668 5241 2816 5298 deest
2842 5244 2895 5295 in
2930 5241 3063 5295 Bell.
3098 5241 3150 5295 In
3184 5240 3357 5295 tribus
3384 5254 3515 5295 vero
3540 5241 3665 5296 aliis
3686 5241 3793 5295 ab-

2206 5316 2379 5369 80lute
2398 5317 2599 5381 incipit,
2629 5312 2872 5384 Tempore
2899 5313 3127 5376 Sidonii,
3156 5323 3262 5366 etc.

2272 5418 2296 5456 Β
2326 5406 2601 5477 Ecdicius,
2632 5423 2747 5471 seu,
2781 5416 2837 5459 ut
2862 5406 2949 5460 alii
2976 5406 3217 5459 scribunt
3245 5404 3611 5477 ,_Hecdicius,
3644 5406 3790 5459 lilius

2194 5480 2291 5534 fuit
2340 5474 2480 5534 Aviti
2538 5477 2879 5545 imperatoris
2910 5517 2925 5540 ,
2958 5486 3011 5529 et
3041 5479 3206 5529 frater
3258 5474 3567 5543 Papianilla:
3604 5478 3788 5529 uxoris

2193 5551 2419 5610 Sidonii.
2444 5550 2683 5616 adquem
2707 5556 2919 5602 exstant
2949 5546 3189 5614 ejusdem
3212 5545 3419 5616 Sidonii
3445 5560 3663 5616 carmen
3687 5546 3781 5610 ΞΟ,

2192 5622 2416 5691 epistola
2456 5622 2476 5673 l
2511 5614 2603 5673 lib.
2633 5635 2671 5673 ιι
2695 5658 2709 5681 ,
2736 5620 2790 5671 et
2820 5620 2855 5673 ὅ
2903 5616 3020 5670 libri
3070 5632 3150 5691 in.
3184 5615 3378 5691 actus
3404 5625 3491 5671 est
3521 5614 3787 5672 Patricius

2196 5687 2387 5747 a'Jnlio
2413 5692 2610 5758 Nepote
2648 5694 2883 5757 Augusto
2910 5702 2975 5743 ex
3005 5690 3165 5758 epist.
3203 5688 3270 5743 l6
3300 5687 3394 5744 lib.
3439 5701 3495 5744 γ.

2270 5760 2297 5800 ¹ι
2331 5762 2469 5816 Eiliti
2495 5757 2741 5832 plerique
2766 5773 2889 5813 cum
2922 5760 3068 5823 l5ec.,
3097 5757 3168 5813 ad
3192 5758 3391 5813 domos.
