4028 6342
1154 284 1469 346 HISTORIA
1508 284 1959 343 FRANCORUM.
2002 286 2206 342 LIBER
2244 285 2618 343 SECUNNIS.

3360 286 3477 341 Ἐξ

225 420 286 476 ut
316 405 466 463 multi
511 406 692 464 aiunt.
735 402 966 471 amplius
1010 416 1167 470 quam
1195 411 1422 471 quatuor
1452 401 1616 455 millia
1674 415 1796 467 pro-
1822 408 1868 463 Α
1899 412 2037 452 unus
2075 414 2139 453 ex
2169 398 2507 454 senatoribus
2528 440 2544 463 ,
2586 396 2906 467 subrogatus
2932 406 3033 453 est.
3059 395 3167 453 Sed
3206 410 3237 451 a
3264 397 3482 459 Gotthis

227 500 414 558 miscui
445 511 629 553 sexus.
680 493 1011 550 Adventente
1036 503 1212 546 autem
1244 492 1522 559 ubertate,
1554 491 1799 545 ordinata

229 593 422 647 iterum
476 585 786 649 evectiOne,
845 598 1275 652 unumquemque
1318 583 1369 636 in
1419 582 1593 635 locum
1645 596 1801 636 suum

232 681 484 738 restituit.
513 680 639 733 Post
658 692 882 747 quorum
911 677 1242 740 discessum,
1275 689 1373 727 vox
1405 674 1471 727 ad
1493 690 1612 728 cum
1641 689 1669 726 c
1693 688 1803 728 cm-

230 776 296 831 lis
318 776 466 841 lapsa
518 770 783 843 pervenit,
822 769 1008 824 dicens
1039 785 1051 819 :
1084 767 1286 835 Ecdici,
1319 766 1522 832 Ecdici,
1549 768 1672 835 quia
1728 766 1806 819 fe-

229 868 346 924 cisti
379 881 492 921 rem
524 866 683 930 hanc,
708 864 797 918 tibi
828 875 880 918 et
923 862 1115 917 semini
1147 870 1237 915 tuo
1283 862 1432 929 panis
1477 877 1582 916 non
1632 862 1807 916 deerit

231 958 283 1012 in
313 957 694 1025 sempiternum
730 970 745 1007 :
777 968 843 1008 eo
884 954 1024 1022 quod
1063 951 1331 1007 obedieris
1376 954 1551 1007 verbis
1591 953 1726 1006 meis
1753 959 1808 1006 et

231 1047 426 1103 famem
449 1061 619 1101 meam
650 1044 943 1098 refectione
974 1058 1261 1111 pauperum
1298 1042 1592 1098 satiaveris.
1635 1042 1806 1108 Quem

233 1139 506 1195 Ecdicium
560 1136 710 1191 mira
742 1133 1033 1190 velocitatis
1081 1135 1243 1189 fuisse
1287 1134 1393 1205 77
1442 1136 1594 1189 multi
1649 1150 1804 1189 eom-

234 1236 535 1286 memorant
566 1244 582 1283 :
608 1242 728 1281 nam
756 1226 983 1296 quadam
1016 1227 1136 1281 vice
1158 1226 1554 1281 multitudinem
1582 1225 1807 1281 Gottho—

234 1337 351 1381 rum
384 1335 504 1376 cum
535 1320 721 1379 decem
754 1319 880 1372 viris
912 1318 1122 1388 fugasse
1160 1317 1508 1386 perscribitur
1548 1326 1596 1372 θ.
1628 1317 1733 1372 Sed
1757 1327 1810 1371 et

136 1480 145 1486 δ
235 1421 453 1471 sanctus
482 1410 699 1467 Patiens
752 1409 1118 1478 Lugdunensis
1146 1406 1428 1478 episcopus
1463 1408 1639 1462 simile
1686 1408 1812 1463 huic

236 1506 289 1579 in
333 1506 445 1574 ipsa
487 1504 627 1559 fame
656 1502 866 1574 populis
909 1501 1223 1569 prtestitisse
1268 1501 1581 1570 perhibetur
1610 1500 1811 1555 benefi-

235 1598 397 1652 cium.
430 1595 621 1650 Exstat
662 1588 858 1648 exinde
888 1593 1045 1647 hodie
1099 1592 1238 1661 apud
1291 1606 1389 1646 nos
1435 1592 1574 1646 heati
1603 1591 1811 1647 Sidonii

236 1687 461 1754 epismla
488 1685 539 1750 δ,
568 1683 620 1738 iu
650 1697 753 1752 qua
774 1698 895 1737 eum
924 1681 1301 1737 declamatorie
1325 1680 1666 1735 collaudavit.

1901 499 2179 556 MspeClllS
2205 489 2447 553 habitus,
2495 490 2834 558 episcopatus
2877 489 2955 542 sui
2987 502 3130 542 anno
3157 489 3385 557 septimo
3426 488 3480 544 in

1906 578 2189 644 llispanias
2219 591 2301 633 est
2328 580 2480 646 quasi
2512 581 2750 649 captivus
2777 580 3071 643 abductus;
3101 580 3195 635 sed
3240 579 3483 648 protinus

1905 671 2064 722 vitam
2096 670 2284 723 Iinivit.
2313 670 2366 722 In
2409 670 2563 739 cujus
2601 670 2718 723 loco
2766 669 2933 722 Verus
2964 667 2982 706 τ
3014 669 3331 733 succedens,
3357 684 3482 737 sep-

1903 760 2066 813 timus
2080 773 2197 828 post
2216 763 2426 814 beatum
2454 759 2730 814 Martinum
2748 761 2856 831 78
2876 760 3153 814 ordinatur
3171 761 3478 829 episcopus.

1978 872 2187 928 XXVII.
2232 873 2322 926 His
2350 882 2374 919 ι
2418 873 2487 925 ita
2519 873 2719 941 gestis,
2772 882 2983 927 mortuo
3014 872 3337 937 Cbilderico,
3396 887 3483 925 re-
3572 926 3585 949 κ.

1906 965 2087 1032 gnavit
2136 961 2543 1016 Chlodovechus
2572 1002 2589 1028 ,
2622 963 2759 1015 titius
2807 962 2962 1030 ejus,
3042 978 3137 1031 pro
3187 978 3275 1016 eo.
3329 965 3484 1015 Anno

1906 1066 2082 1110 autem
2140 1056 2325 1122 quinto
2376 1056 2525 1122 regni
2583 1054 2745 1122 ejus,
2811 1053 3065 1122 Syagrius
3121 1053 3483 1108 Romanorum

1910 1161 2004 1201 rex
2038 1185 2054 1209 .
2110 1145 2309 1215 Egidii
2365 1147 2505 1199 Iilius
2529 1185 2548 1211 ,
2597 1147 2661 1199 ad
2717 1145 3007 1199 civitatem"
3046 1147 3363 1201 Suessionas
3402 1144 3430 1183 ιι
3457 1187 3472 1210 ,

1909 1253 2066 1308 quam
2095 1238 2366 1307 quondam
2396 1251 2554 1306 supra
2596 1245 2924 1291 memoratus
2949 1235 3191 1305 Egidius
3211 1246 3477 1301 tenuerat,

1911 1328 2091 1382 sedem
2122 1326 2370 1380 habebat.
2415 1327 2588 1396 Super
2615 1342 2769 1395 quem
2797 1325 3202 1381 Chlodovechus
3223 1342 3343 1380 eum
3373 1326 3483 1380 Ra-

1909 1416 2199 1486 gnachario
2229 1415 2245 1453 ί
2274 1426 2490 1485 parente
2510 1430 2628 1478 suo,
2653 1415 2772 1484 quia
2790 1425 2845 1470 et
2863 1416 2976 1484 ipse
2997 1429 3218 1483 regnum
3242 1414 3482 1478 tenebat,

1914 1510 2155 1571 veniens,
2186 1524 2433 1576 campum
2460 1523 2646 1577 pugna:
2671 1506 2959 1576 praeparari
2979 1507 3239 1575 deposcit.
3263 1507 3367 1560 Sed
3391 1519 3490 1560 nec

1912 1598 2015 1652 iste
2059 1599 2285 1663 distulit,
2345 1613 2406 1652 ac
2460 1601 2713 1653 resistere
2757 1600 2966 1652 metuit.
3017 1598 3193 1665 Itaque
3246 1597 3384 1652 inter
3431 1612 3492 1651 se

1914 1689 2155 1759 utrisque
2179 1689 2554 1759 pugnantibus,
2587 1690 2838 1759 Syagrius
2863 1690 3053 1743 elisum
3079 1702 3307 1741 cernens
3332 1699 3492 1741 exet»

306 1778 475 1834 XXV.
500 1778 663 1848 Hujus
695 1785 933 1843 tempore
956 1786 1009 1828 et
1053 1775 1245 1829 Evarix
1273 1786 1298 1814 ο
1327 1791 1419 1828 rex
1450 1774 1766 1828 Gotthorum
1791 1814 1808 1840 ,
1843 1789 1889 1849 Β
1915 1780 2099 1847 citum,
2133 1790 2276 1847 terga
2320 1780 2500 1844 vertit,
2532 1788 2585 1833 et
2612 1779 2678 1831 ad
2710 1779 2981 1832 Alaricum
3006 1792 3212 1848 regem,
3241 1777 3493 1831 Tolosam

238 1874 503 1927 excedens
552 1869 843 1937 IIiSpanutu
875 1865 1095 1920 limitem
1134 1907 1149 1931 ,
1178 1879 1396 1936 gravem
1424 1865 1477 1920 in
1525 1865 1710 1919 Galliis
1734 1880 1816 1917 su-

239 1975 334 2029 per
386 1959 717 2014 Christianos
775 1957 949 2011 intulit
1010 1958 1457 2025 persecutionem.
1514 1955 1821 2011 Truncabat

238 2055 435 2125 passim
468 2051 802 2123 perversitati
831 2067 942 2106 suae
972 2066 1076 2106 non
1104 2050 1501 2106 consentientes
1521 2091 1537 2116 ,
1590 2049 1818 2105 clericos

238 2145 544 2201 carceribus
588 2144 866 2212 subigebat
912 2160 927 2195 :
974 2141 1282 2197 sacerdotes
1317 2156 1467 2208 vero,
1496 2141 1630 2195 alios
1657 2141 1819 2194 dahat

239 2236 456 2303 exsilio,
498 2236 633 2290 alios
659 2233 837 2305 gladio
877 2234 1193 2289 trucidabat.
1227 2234 1355 2288 Nam
1386 2243 1442 2287 et
1464 2234 1607 2302 ipsos
1634 2248 1818 2288 sacro-

239 2345 354 2385 rum
380 2328 697 2395 templorum
728 2326 903 2379 aditus
926 2326 1093 2394 spinis
1118 2325 1348 2394 iusserat
1382 2325 1646 2389 obserari,
1675 2325 1820 2379 scili-

240 2428 323 2475 cet
354 2429 412 2473 ut
449 2419 642 2473 raritas
686 2416 1016 2487 ingrediendi
1055 2416 1378 2471 oblivionem
1418 2414 1623 2471 faceret
1670 2416 1815 2470 ﬁdei.

239 2511 463 2567 Maxime
504 2522 629 2566 tunc
669 2510 1151 2580 Novempopulante
1176 2550 1191 2573 ,
1230 2510 1564 2580 getninteque
1596 2510 1817 2565 Germa-

239 2604 343 2673 niae
372 2600 400 2641 ά
448 2602 625 2665 urbes,
656 2603 724 2657 ab
774 2602 875 2656 hac
921 2608 1238 2668 tempestate
1283 2600 1615 2668 depopulatte
1670 2609 1814 2653 sunt.

240 2694 706 2762 Exstathodieque
736 2704 788 2746 et
820 2708 913 2760 pro
951 2692 1049 2746 hac
1065 2706 1223 2744 causa
1246 2692 1310 2744 ad
1342 2691 1589 2745 Basilium
1611 2692 1821 2759 episco-

239 2803 365 2857 pum
398 2787 593 2841 nobilis
626 2786 829 2841 Sidonii
879 2786 1043 2854 ipsius
1072 2786 1294 2854 epistola
1316 2825 1332 2850 ,
1358 2801 1476 2853 quas
1502 2786 1617 2839 hare
1637 2786 1706 2838 ita
1736 2785 1817 2837 lo-

241 2880 441 2950 quitur.
486 2877 591 2933 Sed
656 2887 966 2946 persecutor
994 2891 1101 2930 non
1138 2887 1257 2944 post
1311 2876 1537 2931 multum
1585 2885 1817 2946 tempus,

241 2971 439 3025 ultione
465 2968 642 3021 divina
686 2982 965 3033 percussus
992 2966 1210 3021 interiit.

315 3059 501 3114 XXVI.
525 3058 652 3114 Post
681 3058 794 3112 haec
822 3066 844 3093 ο
870 3058 1053 3129 beatus
1099 3057 1393 3123 Perpetuus
1430 3058 1710 3113 Turoniea:
1738 3060 1819 3114 ci-
1856 3131 1867 3137 _

1917 1888 2077 1928 cursu
2105 1873 2276 1928 veloci
2308 1874 2617 1943 perlabitur.
2648 1875 3060 1929 Chlodovechus
3084 1888 3211 1929 vero
3231 1873 3295 1926 ad
3320 1872 3495 1927 Alari-

1917 1977 2037 2016 cum
2068 1964 2249 2027 mittit,
2281 1975 2338 2017 ut
2359 1979 2481 2018 eum
2524 1964 2770 2017 redderet
2816 1982 2831 2018 :
2880 1965 3114 2033 alioquin
3156 1964 3366 2017 noverit
3392 1962 3497 2018 sibi

1916 2054 2110 2109 bellum
2138 2056 2207 2108 ob
2232 2054 2351 2123 ejus
2379 2056 2727 2110 retentiooem
2762 2055 2965 2110 inferri.
3002 2061 3071 2110 Αι
3099 2055 3192 2111 ille
3229 2066 3493 2124 metuens,

1918 2159 1987 2199 ne
2012 2157 2229 2215 propter
2249 2159 2371 2198 eum
2396 2145 2526 2198 iram
2561 2144 2886 2199 Francorum
2915 2145 3243 2211 incurreret,
3281 2156 3335 2200 ut
3363 2146 3496 2200 Got-

1919 2237 2129 2290 thorum
2165 2251 2359 2305 pavere
2388 2251 2503 2290 mos
2529 2246 2611 2291 est
2649 2240 2663 2286 l
2692 2276 2708 2303 ,
2735 2239 2972 2292 vinctum
3023 2239 3209 2309 legatis
3252 2240 3490 2294 tradidit.

1922 2328 2093 2394 Quem
2140 2324 2551 2381 Chlodoveclttts
2581 2338 2852 2396 receptum
2904 2329 3160 2381 custodia:
3207 2327 3495 2397 mancipari

1920 2417 2175 2491 praecepit
2206 2436 2217 2471 :
2250 2434 2521 2489 regnoque
2568 2420 2685 2488 ejus
2714 2429 2953 2487 accepto,
3000 2436 3126 2474 eum
3154 2421 3329 2490 gladio
3355 2425 3491 2477 clam

1920 2514 2069 2570 feriri
2099 2514 2387 2567 mandavit.
2437 2512 2515 2568 Eo
2545 2522 2785 2581 tempore
2816 2513 2994 2567 multae
3024 2513 3265 2568 ecclesize
3292 2529 3319 2565 a
3341 2512 3498 2567 Chlo-

1919 2603 2144 2659 «Iovechi
2199 2604 2442 2658 exercitu
2494 2603 2812 2672 depraedatze
2858 2614 3016 2667 sunt,
3070 2605 3191 2672 quia
3242 2614 3359 2659 erat
3409 2604 3498 2659 ille

1920 2698 2096 2750 adhuc
2127 2694 2370 2748 latraticis
2389 2695 2662 2749 erroribus
2687 2696 2971 2749 involutos.
2995 2695 3155 2765 Igitur
3180 2696 3246 2750 de
3264 2696 3494 2766 quadam

1922 2788 2146 2842 ecclesia
2173 2802 2388 2841 urceum
2423 2787 2573 2839 mira:
2626 2787 3002 2853 magnitudinis
3042 2802 3105 2841 ac
3155 2787 3501 2855 pulchritudi-

1923 2882 2009 2933 n‘s
2068 2879 2247 2932 hostes
2299 2878 2662 2943 abstulerant,
2718 2894 2837 2931 cum
2883 2879 3102 2946 reliquis
3147 2877 3497 2932 ecclesiastici

1922 2971 2201 3023 tuinislelii
2231 2970 2584 3023 ornzttttcnlis.
2638 2970 2932 3039 Episcopus
2986 2967 3010 3006 ι
3050 2982 3224 3023 autem
3259 2968 3499 3023 ecclesiae

1924 3061 2066 3115 illius
2090 3063 2281 3113 missos
2308 3062 2373 3114 ad
2401 3076 2577 3129 regem
2618 3061 2819 3129 dirigit,
2854 3074 3079 3127 poscens
3109 3070 3164 3113 ut
3193 3061 3236 3113 si
3260 3060 3406 3115 aliud
3432 3063 3500 3115 de

240 3150 419 3204 vitatis
467 3150 784 3220 episcopus,
838 3149 1071 3218 impletis
1128 3148 1339 3218 triginta
1390 3148 1445 3203 in
1503 3152 1811 3219 episcopatu
1844 3154 1888 3217 (ζ
1918 3153 2086 3206 sacris
2116 3151 2256 3206 vasis
2307 3154 2546 3219 recipere
2581 3167 2688 3206 non
2721 3160 3046 3215 mereretur,
3076 3154 3264 3204 saltem
3302 3153 3384 3205 vel
3407 3167 3498 3206 ur-

242 3241 416 3306 annis,
463 3241 514 3294 in
567 3256 695 3308 pace
724 3240 971 3308 quievit:
1023 3240 1075 3294 in
1105 3242 1257 3308 cujus
1297 3240 1415 3296 loco
1476 3241 1814 3304 Volusianus.

313 3360 338 3388 ⁸
362 3350 418 3404 Id
451 3360 632 3404 narrat
664 3350 917 3405 Sidonius
943 3353 1100 3413 epist.
1126 3352 1160 3405 5
1190 3351 1308 3405 libri
1337 3368 1423 3416 ut,
1456 3352 1541 3405 ubi
1571 3355 1655 3409 via:
1687 3357 1819 3409 duo-

242 3422 483 3490 deviginti
514 3421 703 3488 equites
730 3437 849 3474 cum
873 3421 1087 3474 Ecdicio
1111 3422 1274 3477 fuisse
1307 3424 1575 3478 dicuntur.

314 3491 340 3530 δ
376 3491 448 3544 Ea
474 3500 557 3545 est
604 3491 917 3544 duodecima
962 3492 1077 3545 libri
1128 3506 1203 3545 vt.
1241 3493 1497 3547 litttttdetn
1542 3495 1719 3548 laudat
1749 3498 1817 3550 oh

242 3564 467 3616 ecclesia
494 3581 521 3610 ιι
577 3560 816 3630 Lugduni
869 3571 1224 3615 constructam
1279 3563 1368 3616 lih.
1420 3579 1477 3625 tt,
1523 3566 1676 3631 epist.
1730 3567 1814 3623 IO.

242 3631 411 3693 Ipsius
435 3645 561 3683 vero
586 3632 840 3684 memoria
892 3633 941 3683 in
970 3633 1114 3686 lastis
1159 3634 1540 3688 ecclesiasticis
1563 3637 1816 3692 recolitur

243 3703 400 3757 tertio
423 3701 540 3754 idus
570 3700 920 3764 Septembris.

317 3782 339 3809 ε
372 3772 429 3843 Is,
469 3773 591 3843 ipse,
609 3785 764 3837 supra
793 3787 935 3843 cap.
962 3771 1033 3843 20
1075 3774 1372 3843 appellatur
1421 3773 1691 3840 Eoriclms,
1722 3791 1816 3832 seu

246 3841 526 3895 Euricltus.
580 3841 633 3893 In
665 3850 893 3909 capitum
926 3842 1186 3897 indicibus
1213 3883 1228 3907 ,
1258 3846 1418 3897 etiam
1470 3848 1816 3901 vetustiorum

244 3912 489 3985 codicum
504 3909 720 3985 degitur
752 3916 816 3965 de
860 3912 1002 3965 Euva
1040 3929 1176 3983 rege.
1225 3912 1488 3969 Caeterum
1520 3915 1620 3970 hoc
1661 3927 1820 3985 caput

244 3983 396 4036 deest
417 3982 469 4035 in
503 3980 704 4035 Bellov.

318 4050 344 4088 ἀ
394 4052 701 4125 Διιιεεεειιᾱιιιη
755 4051 890 4125 haud
935 4051 1095 4109 dubie
1147 4055 1453 4125 Aquitania.
1504 4054 1619 4108 Non
1674 4056 1816 4111 enim

247 4121 542 4175 Evarichus
591 4124 1007 4188 persecutiotaem
1059 4128 1106 4177 in
1156 4121 1441 4179 Germania
1482 4127 1666 4187 movit,
1696 4142 1818 4180 cum

245 4195 565 4255 econtrario,
611 4193 837 4246 maxime
866 4193 1175 4248 ell'erhuerit
1212 4197 1263 4249 in
1311 4196 1816 4261 Novempopulaoia,

242 4279 315 4317 ac
334 4263 386 4315 iu
411 4271 634 4328 utraque
663 4264 968 4330 Aquitania,
989 4274 1044 4317 ιιι
1074 4275 1214 4330 patet
1240 4281 1304 4319 ex
1330 4266 1438 4331 ipsa
1471 4264 1670 4319 Sidonii
1699 4283 1818 4332 ept—

244 4332 381 4387 stola
411 4333 476 4385 ad
511 4332 761 4404 Itasilium
792 4333 1122 4404 episcopum,
1179 4351 1335 4404 quam
1368 4340 1502 4387 intra
1529 4337 1818 4403 Gregorius

247 4405 460 4461 laudat;
488 4410 675 4469 estque
727 4403 758 4453 6
791 4403 909 4456 libri
941 4418 1030 4457 vn.
1068 4405 1139 4459 lbi
1188 4403 1326 4459 enim
1362 4416 1705 4459 reco‘nsmtur
1732 4422 1821 4461 ur-

245 4475 343 4527 bes
366 4488 431 4527 ex
460 4474 540 4524 his
568 4475 735 4524 tribus
765 4475 1068 4539 provinciis,
1098 4479 1149 4528 in
1172 4478 1365 4542 quibus
1396 4479 1695 4543 persecutio
1718 4492 1817 4531 sae-

243 4544 343 4597 viit
369 4561 381 4594 :
406 4544 610 4597 scilicet
634 4543 809 4608 Elusa,
843 4546 1116 4610 Auscium,
1150 4547 1339 4599 Vasate
1391 4556 1444 4599 et
1473 4546 1737 4600 Cottvenze
1768 4549 1819 4601 in

245 4614 736 4681 NovempOpulanta
774 4631 785 4669 :
834 4613 1063 4668 Rutheni
1087 4658 1100 4679 ,
1132 4616 1432 4669 Lemovirze
1468 4629 1520 4670 et
1550 4616 1729 4671 Galtali
1770 4618 1820 4671 in

247 4685 530 4752 Aquitania
562 4684 753 4749 prima;
784 4682 1073 4753 Burdegala
1107 4699 1158 4738 et
1191 4687 1480 4742 Petrocorii
1514 4689 1565 4739 in
1590 4686 1821 4740 secunda

246 4754 554 4826 Aquita'sia.
588 4754 699 4826 l\:ou
734 4764 905 4807 tamen
935 4764 1131 4809 textum
1163 4756 1401 4826 Gregorii
1440 4765 1646 4811 mutare
1677 4756 1824 4811 licuit

247 4825 452 4892 absque
471 4823 695 4892 alicujus
723 4826 921 4878 codicis
965 4823 1295 4880 auctoritate:
1334 4828 1397 4880 Et
1428 4830 1641 4894 quidem
1666 4827 1821 4881 Vale-

244 4896 363 4948 sius
389 4896 687 4949 Germania:
712 4911 904 4966 nomen
931 4912 957 4947 a
982 4895 1239 4966 Gregorio
1264 4897 1443 4949 datum
1464 4900 1626 4952 luis~e
1657 4899 1819 4964 Aqui-

246 4968 410 5035 tanus:
437 4972 617 5035 putat,
668 4964 809 5033 quod
843 4964 912 5018 ibi
944 4964 1189 5034 regnaret
1218 4968 1457 5030 Enricus,
1491 4984 1647 5035 quem
1679 4967 1766 5020 hic
1789 4984 1817 5020 a

245 5032 533 5087 Germania
561 5032 840 5087 oriundum
884 5032 1246 5091 existimabat.
1277 5038 1393 5102 Quo
1436 5032 1587 5101 pacto
1613 5048 1664 5089 et
1695 5037 1827 5101 Lug-

245 5104 507 5159 dunensis
537 5102 819 5159 Certttania
848 5104 1044 5158 dicitur
1071 5122 1098 5157 a
1128 5108 1347 5159 Sidonio
1372 5108 1463 5161 ιιι..
1490 5123 1541 5169 v,
1575 5108 1732 5170 πρίει.
1768 5108 1823 5161 7.

244 5172 416 5244 Janus
438 5189 467 5226 a
492 5174 647 5228 Costa
681 5176 732 5227 in
758 5176 849 5228 lib.
883 5191 918 5228 tt
943 5175 1295 5229 Decretalium
1324 5176 1563 5244 Gregorii
1582 5176 1649 5229 IX
1672 5178 1753 5230 tit.
1784 5193 1820 5234 t.

244 5243 336 5296 hic
366 5245 643 5312 legendum
672 5260 791 5298 esse
836 5255 1040 5305 censet,
1084 5248 1393 5314 geminaeque
1417 5243 1689 5314 germanae.
1718 5247 1821 5299 Ge—

244 5315 437 5366 minam
465 5315 621 5374 enim.
643 5316 717 5367 uti
738 5316 1099 5383 prosequitur,
1117 5326 1163 5367 et
1189 5316 1453 5382 Duplicem
1474 5315 1817 5381 Aquitaniam,

243 5387 470 5455 primum
483 5396 541 5455 iet
563 5385 837 5438 secundam
863 5429 879 5453 ,
901 5387 1153 5455 eleganter
1182 5396 1322 5439 vocat
1347 5402 1637 5454 germanam
1668 5399 1712 5439 et
1735 5404 1823 5440 so—

241 5470 412 5507 rorem
443 5452 492 5506 Ν
499 5457 932 5521 ovempopulaniw
951 5452 1045 5521 ,id
1072 5466 1146 5509 est
1177 5452 1459 5523 Aquitania
1478 5458 1658 5520 tertite,
1677 5458 1824 5520 quasi

243 5524 520 5588 provincia:
548 5525 722 5578 divisa:
764 5526 994 5589 induas,
1043 5538 1139 5580 (res
1176 5526 1256 5579 vel
1301 5526 1470 5589 plures
1494 5527 1595 5579 sint
1618 5528 1714 5579 sibi
1737 5529 1822 5589 in-

239 5596 405 5649 vicem
433 5610 630 5648 sorores
652 5612 715 5665 ea;
743 5597 837 5648 ltac
860 5596 1106 5649 diuisione
1133 5599 1483 5665 ;habeantque
1509 5612 1821 5650 communem

240 5675 458 5716 matrem
489 5664 659 5716 urbem
694 5664 936 5727 Romam,
965 5668 1163 5731 imperii
1212 5664 1405 5731 caput,
1434 5686 1464 5718 η
1487 5684 1588 5731 qua
1629 5667 1821 5720 scilicet

243 5734 520 5787 vrovinciw
571 5733 880 5789 institutae:
927 5737 1079 5789 veluti
1120 5750 1298 5799 paritr.
1348 5739 1594 5796 Sicuwd
1630 5737 1817 5789 Tertul-

1920 3260 2073 3300 ceum
2103 3246 2327 3299 ecclesia
2357 3259 2451 3298 sua
2499 3245 2780 3313 reciperet.
2816 3244 2939 3298 Ilaec
2978 3242 3202 3296 audiens
3232 3259 3358 3307 rex,
3391 3244 3501 3314 79

1919 3358 2113 3412 lianum
2142 3358 2193 3408 in
2244 3355 2375 3409 libro
2395 3361 2457 3409 de
2505 3354 2673 3409 Pallio
2706 3354 2855 3410 Ut’ra
2901 3353 3099 3407 colonia
3155 3352 3503 3407 Romanorum

1921 3431 2106 3481 dicitur
2144 3443 2291 3479 soror
2337 3426 2676 3493 Carthaginis.
2736 3427 2857 3479 llaec
2900 3427 3006 3489 ille,
3037 3425 3188 3489 cujus
3233 3427 3499 3478 sententia

1919 3515 1983 3553 ex
2015 3500 2362 3551 Testamento
2393 3499 2451 3552 S.
2500 3496 2722 3564 ltetnigii
2780 3496 3005 3561 altisque
3035 3495 3267 3559 antiquis
3308 3508 3497 3547 m0nu-

1921 3570 2114 3621 mentis
2141 3568 2447 3620 eonlirmari
2503 3577 2719 3633 potest,
2752 3568 2802 3620 in
2849 3568 3039 3634 quibus
3072 3565 3321 3618 Ecclesiae
3353 3564 3495 3634 lihe;

1921 3639 2119 3692 mensis
2148 3652 2212 3691 ac
2258 3636 2595 3691 Trevir-ensis
2620 3652 2819 3690 sorores
2857 3635 3188 3702 appellantur
3217 3678 3230 3700 ,
3258 3649 3324 3688 eo
3354 3633 3495 3701 quod

1922 3708 2222 3777 utraquein
2255 3707 2466 3775 Belgica
2495 3708 2803 3774 metropolis
2828 3716 2971 3777 esset
2988 3714 3048 3777 et
3074 3720 3186 3757 sua:
3205 3705 3499 3777 provincia

1919 3774 2095 3843 capiti.
2130 3776 2293 3831 Favet
2316 3774 2474 3830 etiam
2522 3778 2688 3831 codex
2740 3794 2840 3830 tus.
2873 3774 3280 3845 Regii-montis,
3313 3776 3364 3828 in
3395 3789 3502 3843 quo

1922 3849 2134 3918 legitur,
2167 3848 2474 3915 gentiumque
2497 3862 2771 3918 germana.

1989 3910 2013 3955 δ
2048 3910 2329 3985 Ιιυίεῖεειρυι
2350 3910 2573 3969 άὸεείὶιι
2596 3914 2935 3969 codd.Corh.
2965 3923 3016 3966 et
3041 3913 3243 3985 Bellov.
3274 3910 3496 3985 InColb.

1921 3997 2096 4041 autem
2151 3982 2252 4039 alia
2302 3999 2495 4048 manu,
2531 3986 2668 4038 licet
2706 3984 2951 4049 antiqua,
3006 3982 3242 4035 additum
3275 3991 3374 4033 est.
3428 3982 3503 4034 De

1923 4056 2223 4123 Perpetuo,
2280 4054 2570 4109 Volusiano
2624 4065 2679 4108 et
2734 4054 2872 4108 Vero
2922 4052 3043 4106 vide
3091 4053 3228 4105 inl'ra
3278 4052 3374 4105 lib.
3428 4067 3502 4111 ι.

1874 4164 1877 4167 ν
1919 4139 1969 4180 c.
2002 4126 2091 4180 51.

1997 4194 2017 4233 ί
2048 4196 2137 4249 Sic
2162 4194 2313 4249 Colb.
2360 4202 2416 4250 et
2448 4194 2579 4262 Reg.
2618 4209 2739 4249 cum
2780 4194 2982 4263 aliquot
3018 4192 3206 4247 editis'
3239 4189 3327 4245 alii
3374 4204 3501 4245 cum

1923 4266 2050 4320 Bec.
2079 4272 2135 4319 et
2158 4266 2372 4333 Regm.,
2410 4264 2580 4319 Virus.

1995 4336 2153 4397 slloe
2182 4344 2342 4402 caput
2368 4335 2521 4391 deest
2544 4337 2595 4390 in
2626 4334 2746 4388 cod.
2779 4333 3045 4389 Bellovac.

1995 4403 2024 4443 ιι
2051 4404 2237 4467 Corb.,
2268 4406 2528 4469 Saxonas;
2576 4405 2829 4473 scriptum
2868 4416 2950 4460 est
2977 4417 3155 4457 tamen
3197 4402 3319 4473 alia_
3343 4417 3503 4456 manu

1926 4476 2036 4531 fere
2062 4476 2274 4545 aequali,
2306 4477 2443 4529 sicut
2466 4487 2518 4528 et
2549 4470 2718 4542 inira,
2750 4476 3072 4530 Suessiones.
3107 4474 3251 4545 Bec.,
3281 4470 3489 4527 Suessio

1926 4562 2034 4613 nes,
2066 4544 2284 4601 et'ittl‘ra
2308 4545 2599 4599 Sessionas.
2639 4546 2768 4613 Qua:
2808 4546 3063 4600 lectiones
3114 4544 3276 4597 varia:
3303 4544 3499 4611 passim

1929 4620 1981 4671 in
2011 4631 2141 4671 mss.
2172 4626 2478 4670 occurrunt.

2006 4686 2018 4725 ί
2057 4687 2197 4739 litem
2225 4687 2371 4751 cod.,
2409 4685 2668 4754 Ragnario
2701 4695 2907 4755 parente
2928 4701 3039 4748 suo,
3070 4684 3155 4751 qui
3176 4692 3222 4738 et
3242 4683 3351 4755 ipse
3372 4692 3486 4735 lene

1930 4757 2033 4821 bat,
2065 4757 2266 4809 ueniens
2322 4752 2553 4826 campum
2595 4764 2650 4807 ut
2678 4752 2931 4827 pugnaret
2955 4770 2975 4809 :
3009 4755 3221 4827 Ilegm..
3272 4752 3504 4827 lineatio-

1929 4831 2074 4880 rio...
2107 4835 2356 4888 tenuerat,
2388 4825 2494 4879 etc.
2522 4827 2673 4879 Colb.
2702 4870 2715 4891 ,
2760 4825 3080 4893 Ragltenario
3102 4865 3115 4888 ,
3143 4836 3247 4877 etc.
3280 4825 3421 4893 Idem
3451 4831 3504 4873 et

1933 4899 2044 4950 l’al.
2079 4913 2174 4963 pro
2202 4896 2569 4949 Clodowachus
2604 4896 2802 4949 habent
2826 4891 3037 4962 semper
3092 4891 3502 4963 Hludouvicltus,

1930 4981 1983 5021 et
2006 4962 2107 5020 alia
2139 4982 2296 5018 manu
2345 4966 2529 5025 ltegm.
2564 5006 2579 5029 ,
2622 4965 2897 5019 Clodooeus
2929 4982 2949 5019 :
2974 4966 3112 5034 quod
3140 4966 3305 5018 semel
3328 4970 3383 5014 et
3409 4962 3505 5013 ite~

1930 5054 2047 5092 rum
2081 5037 2350 5089 monuisse
2377 5039 2507 5089 satis
2531 5038 2619 5088 sit.

2004 5106 2019 5157 i
2053 5105 2185 5161 Vide
2213 5105 2516 5159 Salvianutn
2546 5105 2641 5161 lib.
2671 5120 2772 5169 vu,
2800 5105 2869 5160 de
2886 5101 3287 5160 Gubernatione
3315 5098 3430 5152 Dei.

2001 5174 2045 5246 ιγ
2076 5175 2171 5227 llic
2211 5178 2306 5227 luit
2343 5179 2527 5228 beatus
2574 5177 2843 5246 ltemigius
2884 5176 3206 5246 Rhemorutn
3256 5169 3503 5246 antistes,

1926 5254 1985 5300 ut
2033 5245 2383 5311 Fredegarius
2437 5260 2555 5305 cap.
2609 5238 3110 5309 16,'Ilincmartts,
3146 5238 3505 5311 Frodoardus,

1925 5317 2123 5384 aliique
2146 5325 2393 5369 auctores
2445 5326 2724 5369 testantur.
2771 5316 2935 5369 Porro
2964 5311 3235 5384 ministerii
3261 5310 3473 5384 ecclesia

1922 5381 2045 5440 stici
2066 5386 2280 5439 nomine
2330 5400 2533 5439 sacram
2573 5386 2812 5440 ecclesiae
2854 5381 3270 5450 suppellectilem
3305 5382 3471 5435 intelli

1923 5458 2135 5524 gebant,
2171 5467 2227 5509 ut
2254 5470 2317 5509 ex
2359 5456 2719 5524 compluribus
2746 5453 2985 5522 Gregorii
3008 5451 3486 5524 ipsius,_alioru_tn-
3572 5490 3577 5495 .

1924 5521 2027 5591 que
2049 5538 2321 5578 auctorum
2359 5521 2495 5579 locis
2527 5533 2768 5589 constat,
2800 5521 2933 5592 quos
2968 5522 3165 5575 videsis
3198 5522 3339 5592 libro
3365 5521 3489 5592 ιω-

1924 5598 2109 5667 turgite
2135 5596 2417 5667 Gallicana:
2441 5594 2731 5667 Mabiﬂouii
2755 5591 2945 5659 nostri,
2970 5608 3087 5659 cap.
3109 5594 3173 5667 7._
3192 5591 3496 5667 Legendutn

1927 5681 1989 5720 ea
2012 5661 2080 5719 ite
2104 5679 2160 5718 re
2187 5666 2323 5716 beati
2373 5664 2548 5717 Αιριιίί
2580 5662 3011 5729 Testamentum,
3035 5661 3175 5732 quod
3205 5661 3500 5733 iu'Appew

1927 5741 2046 5792 d;cc
2066 5737 2325 5796 itttegrtrn
2350 5734 2706 5794 prof-remus.
