4028 6342
210 348 312 410 255

1088 346 1405 409 lllSTORiA
1448 320 1893 404 anxueonun.
1939 346 2143 402 LIBER
2185 343 2565 409 secessus.

3356 338 3468 395 231

202 481 313 536 est,
362 479 417 524 ut
452 464 770 550 Quintianus
818 464 1187 523 Buthenorum
1226 466 1510 534 episcOpns
1544 478 1638 535 per
1678 463 1780 516 hoc
1806 464 1856 519 Δ
1886 458 2015 522 libi,
2061 459 2194 513 meis
2243 459 2488 513 manibus
2520 456 2732 511 tradere
2772 433 3090 519 decrevisti,
3132 452 3187 507 in
3230 452 3474 522 ingressu

202 563 379 621 odium
408 562 476 616 ab
503 561 634 615 urbe
657 559 1033 629 depelleretur.
1070 558 1326 614 Dicebant
1360 558 1503 613 enim
1528 557 1573 609 ei
1609 574 1622 609 :
1654 554 1787 622 Quia

203 654 521 710 desiderium
563 660 709 705 tuum
741 660 859 717 est,
906 660 964 704 ut
991 648 1318 704 Francorum
1344 648 1639 703 dominatio
1668 661 1790 717 pus-

202 746 369 803 sideat
395 755 591 800 terram
636 744 792 798 hanc.
843 739 972 797 Post
1014 740 1130 796 dies
1174 747 1350 794 autem
1391 753 1621 807 paucos,
1671 744 1790 792 orto

202 842 337 896 inter
362 854 483 893 eum
513 848 566 893 et
592 835 743 892 cives
771 836 1055 901 seandalo,
1082 833 1308 889 Gotthos
1329 832 1419 902 qui
1451 833 1504 885 in
1530 832 1627 886 liae
1655 829 1791 885 urbe

202 932 565 993 morabantur,
592 929 827 997 suspicio
853 928 1055 997 attigit,
1086 925 1531 995 exprobrantibus
1561 925 1788 988 civibus,

200 1021 338 1091 quod
371 1020 499 1075 Velit
522 1036 581 1075 se
611 1019 943 1075 Francorum
979 1017 1269 1072 ditionibus
1300 1017 1620 1087 subjugare;
1656 1032 1788 1069 con-

201 1113 427 1181 silioque
451 1123 674 1178 accepto
697 1152 711 1176 ,
741 1111 1110 1180 cogitaverunt
1134 1124 1255 1164 eum
1286 1108 1563 1177 perfodere
1592 1110 1788 1180 gladio.

201 1199 345 1266 Quod
376 1219 498 1258 cum
525 1203 641 1258 viro
673 1200 768 1258 Dei
801 1202 1099 1257 nuntiatum
1128 1202 1344 1269 fuisset,
1374 1200 1442 1257 de
1473 1210 1627 1256 nocte
1656 1217 1789 1254 con-

198 1310 428 1365 surgens
455 1311 577 1350 cum
610 1294 938 1349 fidelissimis
967 1293 1228 1347 ministris
1257 1290 1368 1348 suis
1387 1335 1401 1358 ,
1427 1294 1496 1347 ab
1522 1294 1651 1347 urbe
1684 1292 1791 1345 llu-

198 1383 357 1437 tbena
389 1382 674 1453 egrediens
695 1423 711 1449 ,
744 1387 1020 1435 Arvernos
1050 1381 1286 1455 advenit.
1334 1379 1515 1450 Ibique
1544 1398 1571 1433 a
1604 1393 1790 1435 sancto

198 1472 446 1528 Eufrasio
473 1474 762 1543 episcopo,
810 1474 899 1541 qui
944 1472 1213 1539 quondam
1258 1472 1563 1540 Aprunculo
1606 1473 1788 1525 Divic-

197 1566 352 1621 nensi
399 1573 767 1628 successerat,
814 1563 1043 1633 benigne
1080 1574 1361 1633 susceptus
1409 1576 1519 1629 est,
1563 1565 1791 1632 largitis-

194 1670 294 1723 que
321 1656 374 1710 ei
424 1663 530 1708 tam
579 1654 826 1709 domibus
875 1669 1033 1723 quam
1081 1649 1225 1723 agris
1272 1664 1325 1709 ct
1355 1654 1562 1724 vineis,
1606 1671 1786 1709 secum

193 1746 448 1811 retinuit,
476 1746 665 1802 dicens
708 1764 722 1801 :
755 1746 965 1802 Sufficit
1004 1748 1161 1815 hujus
1193 1748 1413 1802 facultas
1455 1750 1708 1805 Ecclesia}
1736 1759 1790 1804 ut

1893 546 2131 602 basilica:
2179 550 2351 602 sancti
2399 548 2607 603 Martini
2637 546 2858 617 dignare
2904 542 3165 615 propitius
3208 546 3471 610 revelare,

1892 646 1951 691 ut
1976 652 2293 705 cognoscam
2311 682 2326 706 ,
2358 639 2478 708 quia
2512 639 2773 707 propitius
2799 636 3103 707 dignaberis
3128 649 3253 692 esse
3274 635 3478 691 famqu

1896 737 2006 784 tuo.
2040 731 2428 785 Maturantibus
2457 741 2635 786 autem
2668 732 2883 801 pueris,
2912 739 2966 784 et
2997 731 3063 784 ad
3104 731 3282 784 locum
3322 740 3479 785 acece

1891 822 2143 876 dentibus
2168 822 2317 890 juxta
2351 822 2632 890 imperium
2668 823 2843 892 regis,
2877 822 3002 877 dum
3026 818 3263 877 sanetam
3297 823 3479 891 ingre-

1892 914 2146 967 derentur
2178 913 2453 968 basilicam
2474 957 2488 979 ,
2531 918 2665 968 hanc
2716 916 3060 983 antiphouam
3090 931 3153 969 ex
3184 916 3479 983 tniproviso

1894 1004 2231 1071 primicerius
2284 1005 2373 1074 qui
2418 1016 2562 1071 erat,
2600 1008 2852 1074 imposuit
2884 1015 2907 1044 °
2946 1024 2957 1058 :
3000 1001 3325 1060 Prwcinxisti
3371 1006 3477 1070 me,

1890 1097 1997 1167 93
2038 1095 2290 1167 Domine,
2324 1096 2507 1151 uirtute
2536 1100 2603 1151 ad
2641 1098 2828 1151 bellum
2878 1090 2897 1153 ὲ
2936 1098 3279 1170 supplantain
3303 1099 3491 1152 insuto"

1892 1199 2062 1262 gentes
2091 1192 2143 1245 in
2174 1208 2253 1245 me
2279 1192 2458 1245 subtus
2481 1208 2586 1255 me,
2618 1201 2665 1245 et
2691 1191 3011 1244 inimicorum
3039 1208 3269 1245 meorum
3294 1191 3483 1245 dedisti

1893 1283 2020 1336 milii
2048 1286 2255 1337 dorsum
2275 1327 2288 1349 ,
2317 1294 2363 1337 et
2395 1285 2619 1338 odientes
2644 1300 2721 1337 me
2746 1284 3100 1351 disperdidis'tt'
3129 1286 3147 1356 (
3172 1284 3316 1338 Psal.
3350 1299 3480 1347 itt'tt,

1893 1376 1983 1440 40,
2014 1375 2129 1443 il).
2176 1376 2328 1442 Quod
2379 1376 2719 1445 psallentium
2766 1375 3124 1439 taudientes,
3171 1388 3226 1429 et
3255 1376 3483 1430 Domino

1892 1470 2095 1538 gratias
2117 1480 2367 1539 agentes,
2400 1481 2455 1525 et
2485 1479 2609 1524 vota
2638 1469 2795 1524 beato
2826 1469 3120 1523 confessori
3167 1468 3483 1539 promitten-

1894 1570 1974 1616 tes
1999 1606 2011 1627 ,
2048 1562 2155 1616 laeti
2190 1563 2571 1617 nuntiaverunt
2617 1565 2752 1633 regi.
2793 1561 2958 1615 Porro
2990 1561 3077 1614 ille
3121 1576 3242 1613 cum
3273 1560 3338 1614 ad
3377 1559 3482 1613 flu-’

1893 1656 2033 1708 vium
2070 1654 2400 1724 Vingennam
2432 1666 2457 1703 ις
2486 1671 2607 1709 cum
2638 1654 2881 1710 exercitu
2930 1654 3265 1719 advenisset,
3294 1654 3345 1708 in
3378 1668 3486 1723 quo

1894 1744 2014 1799 loco
2044 1760 2164 1800 eum
2209 1748 2438 1801 transire
2468 1746 2689 1801 deberet
2734 1748 2949 1815 penitus
2980 1747 3262 1816 ignorabat
3294 1763 3305 1799 ε
3338 1746 3486 1800 ἰηιυά

193 1847 483 1908 utrumque
526 1839 789 1893 sustineat
817 1855 831 1893 :
878 1848 1078 1893 tantum
1110 1839 1342 1893 Charitas
1391 1855 1550 1908 quam
1598 1841 1783 1897 beatus
1820 1856 1863 1913 Β
1893 1846 2098 1890 mucrat
2128 1835 2270 1890 enim
2298 1837 2365 1890 ab
2389 1837 2731 1891 inundatione
2763 1838 3081 1905 pluviarum.
3110 1836 3353 1906 Cumque
3381 1837 3473 1892 illa

193 1928 485 1997 Apostolus
510 1930 795 1998 prsidicat,
820 1938 1135 1998 permaneat
1165 1931 1301 1985 inter
1330 1934 1640 1987 sacerdotes
1671 1933 1784 1986 Dei.

192 2019 295 2077 Sed
329 2027 384 2075 et
429 2020 801 2090 Lugdunensis
851 2024 1132 2092 episcopus
1172 2021 1390 2093 largitus
1421 2034 1504 2079 est
1534 2025 1582 2079 ei
1613 2027 1787 2095 aliqua

193 2112 554 2180 possessionis
589 2113 838 2169 ecclesia:
867 2129 1011 2181 suat,
1053 2129 1210 2183 quam
1242 2115 1294 2168 in
1327 2119 1572 2170 Arverno
1620 2117 1787 2172 babe-

192 2202 301 2260 bat.
338 2202 561 2274 Reliqua
585 2220 714 2259 vero
743 2205 812 2260 de
856 2215 1044 2261 sancto
1075 2207 1395 2275 Quintiano,
1425 2218 1535 2261 tam
1581 2208 1788 2263 insidia:

189 2311 327 2365 quas
361 2297 610 2366 pertulit,
641 2312 802 2369 quam
833 2298 921 2353 illa
953 2313 1072 2369 quae
1100 2313 1194 2367 per
1220 2314 1344 2353 eum
1375 2299 1635 2354 Dominus
1663 2316 1788 2369 ope-

188 2390 293 2443 rari
324 2388 574 2457 dignatus
604 2400 717 2460 est,
748 2389 949 2459 scripta
978 2400 1102 2444 sunt
1133 2390 1184 2444 in
1217 2390 1356 2446 libro
1402 2390 1539 2446 Vita:
1589 2390 1707 2460 ejus
1735 2400 1784 2444 ⁸.

261 2478 536 2536 XXXVII.
580 2481 744 2550 Igitur
772 2480 1186 2536 Cblodovccbus
1232 2483 1340 2552 92
1380 2497 1474 2536 rex
1518 2484 1591 2537 ait
1629 2483 1785 2539 suis:

197 2568 374 2627 Valde
402 2574 631 2628 moleste
662 2574 807 2639 fero,
836 2573 978 2645 quod
1024 2573 1079 2628 bi
1121 2573 1307 2628 Ariani
1340 2584 1543 2644 partem
1573 2584 1790 2631 teneant

189 2662 513 2720 Galliarum.
546 2666 744 2722 Eamus
774 2665 797 2704 ἱ
829 2682 949 2721 cum
982 2668 1074 2721 Dei
1105 2667 1403 2736 adjutorio,
1429 2678 1484 2723 et
1524 2671 1788 2738 superatis

184 2758 501 2829 redigamus
525 2769 719 2814 terram
752 2760 804 2813 in
831 2761 1086 2816 ditionem
1117 2769 1377 2817 nostram.
1411 2759 1652 2831 Cumque
1675 2762 1789 2831 pla-

184 2855 398 2909 cuisset
422 2855 670 2908 omnibus
700 2854 783 2908 hic
808 2869 987 2909 sermo
1006 2896 1022 2922 ,
1051 2864 1320 2909 commoto
1348 2855 1584 2910 exercitu
1617 2855 1789 2909 Picta-

186 2947 268 3001 vis
301 2945 537 3014 dirigit:
585 2945 659 3000 ibi
706 2946 848 3001 enim
890 2956 1014 3000 tunc
1058 2946 1303 3001 Alaricus
1332 2947 1785 3001 commorabatur.

190 3038 298 3095 Sed
325 3037 577 3108 quoniam
626 3051 745 3104 pars
788 3037 1019 3091 hostium
1053 3052 1148 3104 per
1185 3038 1514 3092 territorium
1558 3036 1791 3092 Turoni-

189 3143 315 3184 cum
354 3129 645 3194 transibat,
691 3144 788 3197 pro
835 3127 1136 3183 reverentia
1177 3128 1319 3182 beati
1376 3129 1587 3183 Martini
1641 3128 1787 3183 dedit

1895 1937 2050 1982 nocte
2077 1927 2359 1983 Dominum
2385 1928 2706 1997 deprecatus
2734 1929 2947 1992 fuisset,
2978 1938 3035 1981 ut
3063 1928 3110 1983 ei
3142 1929 3333 1981 vadum
3376 1943 3485 1996 quo

1895 2017 2121 2073 transire
2165 2020 2331 2087 pessit
2394 2016 2701 2086 dignaretur
2757 2019 3078 2086 ostendere,
3131 2034 3287 2072 mane
3345 2019 3486 2073 facto

1891 2124 2053 2164 cerva
2090 2112 2238 2163 mira:
2279 2110 2660 2179 magnitudinis
2699 2118 2826 2164 ante
2855 2125 2948 2164 ρος
2992 2119 3122 2163 nutu
3152 2110 3243 2164 Dei
3276 2111 3480 2163 nomen

1890 2201 2205 2271 ingreditur,
2262 2201 2462 2271 illaque
2509 2199 2771 2267 vallante,
2821 2202 3049 2271 pupillus
3104 2217 3209 2270 quo
3248 2204 3484 2255 transire

1891 2293 2088 2363 possit,
2122 2293 2358 2363 agnovit.
2393 2293 2654 2348 Veniente
2680 2303 2858 2347 autem
2888 2308 3011 2363 rege
3042 2296 3180 2362 apud
3214 2294 3479 2352 Pictavis.

1892 2384 2017 2439 dum
2046 2383 2259 2438 eminus
2283 2384 2336 2438 in
2363 2384 2605 2439 tentoriis
2633 2396 3076 2451 commoraretur,
3112 2385 3310 2455 pliarus
3329 2385 3483 2455 ignea

1889 2477 1957 2532 de
1989 2477 2207 2532 basilica
2248 2468 2417 2532 sancti
2462 2477 2648 2532 Hilarii
2694 2492 2910 2547 egressa
2936 2518 2950 2542 ,
2999 2479 3102 2531 visa
3148 2487 3231 2531 est
3267 2478 3315 2533 ei
3363 2489 3483 2533 tan-

1890 2582 2047 2635 quam
2072 2583 2232 2638 super
2256 2583 2317 2623 se
2342 2568 2595 2624 advenire
2613 2609 2627 2633 ,
2660 2570 2865 2623 scilicet
2886 2579 2941 2623 ut
2966 2570 3165 2623 lumine
3188 2569 3327 2624 beati
3354 2584 3482 2624 cou-

1892 2656 2114 2713 fessoris
2159 2658 2371 2728 adjutus
2429 2658 2645 2725 Hilarii,
2696 2658 2915 2713 liberius
2966 2659 3244 2713 litercticas
3303 2662 3493 2725 acies,

1890 2761 2076 2806 contra
2107 2765 2241 2821 quas
2265 2766 2410 2819 saepe
2437 2751 2576 2806 idem
2608 2751 2860 2806 sacerdos
2885 2766 2980 2820 pro
3005 2750 3107 2805 fide
3135 2750 3478 2818 conflixerat,

1889 2843 2190 2899 debellaret
2216 2842 2263 2896 ιι.
2293 2842 2635 2898 Contesratus
2664 2855 2744 2897 est
2783 2853 2959 2896 autem
2989 2843 3135 2896 omni
3181 2845 3479 2910 exercitui;

1893 2945 1947 2989 ttl
1977 2950 2073 2990 nec
2102 2933 2174 2988 ibi
2204 2934 2419 3003 quidem
2445 2944 2535 2987 aut
2570 2934 2620 2987 in
2653 2933 2732 2986 via
2762 2935 2992 3001 aliquem
3030 2931 3045 2970 ί
3078 2932 3477 3003 exspoliarcut,

1892 3036 1983 3080 aut
2011 3041 2096 3081 res
2127 3025 2433 3094 cujusquam
2461 3025 2783 3091 diriperent.
3488 3094 3492 3099 θ

1965 3118 2093 3170 Erat
2113 3126 2286 3170 autem
2317 3115 2370 3169 in
2405 3114 2486 3168 his
2516 3116 2704 3169 diebus
2748 3117 2829 3169 vir
2861 3114 3144 3169 laudabilis
3178 3116 3491 3172 sanctitatis

190 3221 466 3286 edictuin,
502 3230 558 3274 ut
608 3220 785 3274 nullus
814 3220 881 3274 de
925 3220 1142 3287 regione
1175 3220 1264 3272 illa
1291 3218 1434 3274 aliud
1466 3234 1622 3286 quam
1669 3220 1790 3274 her-
1820 3228 1868 3291 ο
1902 3207 2199 3261 Maxentius
2247 3205 2433 3271 abbas,
2483 3205 2759 3261 reclausus
2807 3206 2860 3259 in
2905 3206 3230 3259 monasterio
3276 3220 3374 3260 suo
3411 3208 3482 3262 ob

187 3310 383 3366 barum
410 3312 659 3365 alimenta
690 3324 990 3380 aquamque
1018 3321 1390 3377 praesumeret.
1435 3310 1660 3377 Quidam
1690 3327 1789 3365 au-

190 3412 303 3458 tem
356 3402 425 3457 de
468 3404 738 3466 exercitu,
772 3402 985 3455 invento
1017 3400 1291 3469 cujusdam
1348 3401 1600 3472 pauperis
1644 3402 1788 3468 fctio,

185 3493 257 3549 ait
291 3509 311 3550 :
340 3493 527 3549 Nonne
558 3509 651 3548 rex
705 3495 923 3549 herbam
954 3487 1157 3548 lautum
1196 3495 1445 3564 praesumi
1476 3495 1749 3549 mandavit
1775 3538 1789 3561 ,

186 3591 243 3640 et
269 3583 409 3639 nihil
444 3584 625 3639 aliud?
670 3583 739 3637 Et
768 3585 901 3654 hoc,
932 3584 1135 3653 inquit,
1172 3585 1336 3639 herba
1369 3594 1473 3639 eu.
1503 3585 1616 3640 Non
1648 3588 1793 3641 enim

186 3677 401 3733 erimus
431 3685 858 3745 transgressnres
892 3675 1147 3745 praecepti
1180 3676 1294 3744 ejus
1314 3718 1327 3741 ,
1372 3677 1415 3730 si
1444 3690 1561 3730 eam
1592 3691 1796 3745 prmsu-

185 3770 414 3824 mimus.
440 3767 683 3841 Cumque
715 3768 820 3822 vim
853 3766 1050 3821 faciens
1097 3766 1349 3835 pauperi,
1385 3765 1565 3821 fenum
1600 3767 1794 3821 virtute

194 3844 420 3916 tulisset
451 3869 499 3925 ε,
533 3861 730 3913 factum
763 3858 1005 3927 pervenit
1051 3858 1117 3911 ad
1150 3873 1349 3927 regem.
1394 3858 1511 3925 Quo
1546 3859 1690 3914 dicto
1719 3858 1795 3913 ci-

186 3951 295 4005 tius
330 3951 505 4021 gladio
536 3959 847 4018 perempto,
875 3951 949 4002 ait
975 3966 988 4002 :
1022 3949 1090 4003 Et
1117 3950 1206 4004 ubi
1233 3950 1337 4004 erit
1367 3963 1491 4017 spes
1520 3950 1790 4019 victoriae,

185 4043 230 4095 si
269 4042 466 4097 beatus
495 4040 753 4095 Martinus
798 4038 1085 4093 oll‘enditur
1114 4036 1181 4093 δῖ’
1211 4040 1460 4109 Satisque
1492 4040 1587 4093 fuit
1631 4055 1792 4096 exer-

186 4133 323 4187 citui
364 4130 491 4184 nihil
525 4130 747 4184 ulterius
780 4129 849 4184 ab
898 4130 998 4184 hac
1026 4130 1245 4199 regiooe
1279 4145 1627 4197 priesumere.
1673 4129 1794 4201 Ipse

186 4238 327 4280 vero
359 4238 454 4277 rex
482 4222 678 4277 direxit
703 4225 921 4275 nuntios
951 4222 1015 4275 ad
1049 4222 1189 4275 beati
1222 4221 1527 4286 basilicam,
1558 4222 1744 4277 dicens
1775 4249 1791 4287 ε

184 4314 305 4385 Ite,
358 4323 413 4368 ct
442 4315 666 4369 forsitan
711 4311 929 4381 aliquod
976 4310 1217 4364 victoria:
1248 4311 1543 4378 auspicium
1584 4313 1653 4366 ab
1678 4314 1794 4368 mdc

185 4413 383 4461 sancta
412 4404 736 4468 suscipiens.
782 4403 931 4457 Tunc
971 4403 1109 4456 datis
1153 4392 1496 4471 muneribus,
1524 4420 1642 4471 quae
1673 4406 1793 4461 loco

188 4500 386 4551 sancto
417 4495 763 4559 exliiberent,
799 4494 872 4547 ait
902 4511 917 4547 :
946 4494 1002 4548 Si
1040 4502 1118 4561 tu,
1149 4493 1391 4559 Domine,
1420 4494 1629 4563 adjutor
1657 4497 1792 4552 mihi

1899 3299 1991 3354 Dei
2043 3298 2289 3353 timorem
2344 3298 2481 3353 infra
2530 3297 2816 3353 terminum
2867 3298 3254 3354 Pictavenseni.
3312 3299 3481 3372 Cujus

1897 3391 2207 3445 monasterii
2238 3405 2430 3444 nomen
2463 3390 2679 3444 lectioni
2711 3406 2814 3443 non
2844 3390 3150 3456 indidimus,
3174 3396 3299 3461 qn'a
3331 3395 3484 3451 locus

1896 3484 1983 3538 ille
2014 3498 2178 3552 usque
2213 3483 2371 3537 hodie
2396 3483 2592 3538 (Tellula
2623 3485 2790 3537 sancti
2815 3484 3070 3539 Maxentii
3101 3496 3336 3539 vocitur.
3367 3484 3478 3539 Cu-

1891 3577 1979 3648 jus
2005 3574 2247 3628 monachi
2276 3588 2395 3628 cum
2420 3574 2648 3628 hosﬁum
2674 3589 2901 3629 cuneum
2930 3592 3090 3630 unum
3118 3576 3184 3630 ad
3215 3587 3478 3633 monastc

1896 3666 2033 3720 rium
2063 3676 2346 3721 cernerent
2375 3666 2752 3735 propinquare,
2778 3666 3023 3722 abbatem
3052 3678 3299 3735 exorant,
3332 3679 3388 3722 ut
3412 3668 3483 3723 de

1895 3745 2084 3811 cellula
2114 3774 2207 3812 sua
2239 3760 2586 3828 egrederetur
2613 3760 2676 3811 ad
2709 3761 3040 3835 citorandum
3073 3774 3167 3813 cos
3200 3760 3245 3813 i.
3281 3761 3487 3831 Illoque

1896 3852 2224 3915 demorante,
2258 3851 2308 3902 bi
2339 3852 2528 3904 timore
2553 3851 2802 3916 percuisi,
2829 3866 2950 3904 eum
2978 3860 3162 3920 aperto
3188 3852 3325 3904 ostio
3352 3850 3479 3920 pru-

1895 3945 2096 3999 ducunt
2133 3944 2199 3998 de
2229 3943 2420 3997 cellula
2442 3942 2552 4013 95.
2580 3959 2640 3997 su
2659 3962 2693 3995 ι.
2730 3947 2798 3997 At
2827 3944 2916 3996 ille
2949 3943 2999 3996 in
3029 3958 3312 3998 occursum
3349 3945 3485 3999 hos-.

1898 4040 2049 4102 tium,
2070 4040 2218 4105 quasi
2244 4050 2428 4104 pacem
2454 4044 2754 4104 rogaturus,
2784 4037 2952 4104 pergit
2982 4036 3301 4104 intrepidus.
3330 4036 3481 4092 Unus

1897 4137 2077 4182 autem
2106 4142 2170 4181 cx
2202 4127 2282 4179 his
2304 4126 2582 4194 cvaginato
2610 4125 2807 4194 gladio,
2837 4133 2893 4179 ut
2917 4136 3072 4196 caput
3093 4127 3210 4197 ejus
3233 4128 3481 4196 libraret,

1897 4233 2089 4273 manus
2119 4217 2185 4273 ad
2215 4233 2397 4271 aurem
2426 4228 2602 4272 erecta
2632 4218 2877 4287 diriguit,
2927 4220 3244 4289 g'adiusque
3273 4231 3483 4276 retror-

1896 4323 2011 4364 sum
2043 4309 2166 4362 ruit.
2202 4311 2271 4361 At
2308 4307 2421 4376 ipse
2443 4307 2511 4362 ad
2542 4308 2707 4375 pedes
2731 4308 2870 4362 beati
2910 4311 3008 4363 viri
3057 4310 3268 4364 veniam
3317 4310 3484 4379 delia.

1896 4414 2053 4455 scens
2083 4400 2363 4455 sternitur.
2397 4398 2552 4466 Quod
2582 4400 2828 4455 videntes
2858 4400 3078 4469 reliqui,
3112 4416 3232 4456 cum
3290 4380 3484 4458 timore

1898 4492 2131 4547 maxime
2170 4490 2235 4545 ad
2263 4491 2558 4546 exercitum
2589 4491 2881 4558 redierunt,
2916 4492 3168 4548 titncn'es
3209 4508 3274 4549 ne
3300 4504 3353 4549 et
3380 4496 3484 4563 ipsi

188 4605 281 4657 es,
311 4600 366 4645 et
390 4599 601 4661 gentem
629 4588 768 4642 hanc
790 4587 1155 4652 incredulatn,
1187 4600 1509 4656 semperque
1534 4590 1781 4643 tantulam
1814 4608 1867 4670 D
1896 4584 2091 4654 pariter
2118 4583 2423 4639 interirent.
2457 4583 2624 4653 Hujus
2652 4598 2782 4638 vero
2822 4583 3100 4638 brachium
3131 4585 3314 4639 beatus
3348 4602 3483 4655 cons

267 4716 298 4744 ι
338 4703 387 4758 Is
417 4714 497 4759 est
520 4713 679 4773 caput
703 4701 733 4753 4
760 4702 827 4756 de
854 4700 993 4756 Vitis
1021 4702 1257 4755 Patrum.

265 4774 296 4813 ιι
344 4776 547 4828 Bellum
578 4774 715 4827 istud
745 4773 951 4827 levibus
977 4775 1043 4826 de
1072 4774 1250 4826 causis
1270 4780 1512 4826 exortum
1555 4780 1782 4827 testatur

187 4844 569 4901 Theudoricus
608 4843 1074 4910 Ostrogottliorum
1117 4857 1241 4903 rex,
1280 4841 1380 4911 qui
1429 4842 1629 4897 nullum
1673 4859 1781 4899 non

190 4916 367 4971 movit
420 4914 682 4983 lapidem.
739 4924 795 4967 ut
846 4914 1052 4980 ipsum,
1105 4912 1245 4965 datis
1276 4913 1360 4983 ad
1412 4911 1778 4969 Chlodoveum

190 4988 442 5054 aliosque
475 4981 630 5055 reges
674 4984 918 5055 litteris,
941 4983 1223 5055 missisque
1274 4981 1643 5055 legationibus,
1676 4985 1778 5038 iui-

192 5052 429 5127 pediret.
459 5052 589 5110 Vide
609 5054 748 5120 apud
775 5052 1198 5127 Cassiodor‘._lib.
1228 5068 1305 5119 nt,
1328 5054 1483 5127 epist.
1507 5052 1617 5127 2,3
1640 5063 1695 5108 et
1722 5055 1775 5111 4.

274 5138 301 5165 ε
341 5126 431 5182 Sic
460 5140 589 5180 tnss.
622 5124 976 5188 vetustiores;
1024 5123 1111 5177 alii
1140 5136 1259 5180 cum
1306 5125 1494 5190 editis,
1523 5125 1571 5177 vi
1605 5127 1781 5180 abstu-

193 5198 363 5253 (isset.

192 5322 195 5323 ν
268 5266 298 5304 d
341 5264 531 5329 Corb.,
589 5266 633 5318 si
687 5266 831 5320 beato
878 5264 1101 5318 Marlino
1144 5262 1474 5329 offendimus,
1525 5263 1772 5320 familiari

196 5339 343 5408 apud
375 5338 691 5403 Gregorium
732 5350 950 5391 casuum
980 5334 1293 5408 mutatione.

276 5418 303 5447 ο
343 5411 431 5463 Sic
475 5408 797 5462 vetustiores
831 5420 999 5471 mss.;
1044 5404 1222 5458 czeteri
1251 5403 1476 5473 incaepit.
1520 5404 1687 5460 Porro
1719 5408 1772 5463 in

198 5478 442 5534 Ecclesia
490 5477 725 5531 Romana
778 5476 1111 5544 primicerius
1163 5487 1323 5543 caput
1352 5483 1469 5528 erat
1500 5475 1773 5533 inferioris

195 5553 355 5605 cliori
378 5589 393 5615 ,
434 5548 575 5618 quod
608 5556 673 5617 ,et
713 5548 765 5601 in
811 5547 1043 5601 Ecclesia
1079 5544 1347 5600 Gallicana
1382 5544 1547 5618 fuisse
1590 5548 1639 5599 in
1673 5564 1768 5602 usu

198 5616 466 5685 tempore
482 5616 774 5672 Chloilovei
824 5619 997 5684 colligi
1042 5625 1216 5686 potest
1242 5632 1306 5670 ex
1338 5617 1563 5683 epistola
1595 5622 1764 5671 sancti

199 5691 433 5759 Ileinigii
485 5690 550 5743 ad
592 5688 874 5744 Falconvtn
918 5689 1284 5759 'I‘nntrensein
1311 5687 1647 5759 episcopum,
1678 5689 1765 5742 ubi

193 5757 552 5827 conqueritur
606 5759 686 5811 vir
739 5759 1105 5812 sanctissimus
1136 5775 1163 5810 a
1198 5757 1432 5811 Falcone
1488 5758 1765 5814 institutos

199 5832 370 5886 fuisse
392 5833 444 5885 in
470 5831 854 5898 Mosinnagensi
889 5828 1126 5881 Eci'lesin
1156 5829 1368 5895 levitas,
1399 5830 1757 5899 presbyteros,

532 5924 804 5984 ΡΑτίιυι..
872 5919 1101 5979 LXXI.

1886 4698 2329 4761 arcliidiaconos,
2388 4695 2751 4750 Primicerium
2780 4698 2971 4753 schola:
3009 4697 3314 4753 clarissima:
3346 4702 3484 4753 mili~

1888 4773 2067 4838 (itaque
2104 4770 2374 4826 lectorum.
2418 4769 2549 4823 Vide
2595 4769 2924 4823 Glossarium
2970 4769 3186 4837 Caugii,
3248 4784 3301 4824 et
3335 4773 3483 4825 'l‘ho-

1888 4843 2182 4894 tuassinuni
2217 4840 2307 4893 lib.
2342 4856 2411 4906 tt,
2448 4839 2613 4906 partis
2646 4840 2667 4892 I
2710 4839 3018 4906 Disciplina:
3048 4847 3244 4894 cccles.
3291 4842 3482 4895 Latmo

1887 4914 2065 4976 editte,
2092 4926 2209 4978 pag.
2246 4911 2365 4965 105.
2394 4913 2658 4963 Cic-terum
2687 4924 2801 4962 mos
2832 4911 2919 4964 ille
2960 4925 3054 4979 per
3080 4912 3373 4978 Scriptura:
3396 4928 3479 4963 sa-

1886 4998 1993 5036 cra:
2038 4982 2294 5036 lectiones
2325 4996 2410 5036 res
2440 4981 2643 5034 futuras
2683 4980 3031 5046 explorandi,
3077 4982 3286 5034 solemn
3311 4997 3336 5034 s
3366 4992 3483 5036 erit

1887 5053 1997 5106 illis
2028 5053 2359 5119 temporibus
2380 5094 2392 5115 ,
2424 5052 2496 5104 uti
2519 5066 2584 5104 cx
2617 5052 2734 5104 aliis
2766 5052 3007 5120 Gregorii
3033 5053 3163 5104 lotis
3192 5052 3483 5117 compluri4

1887 5122 1988 5175 bus
2021 5131 2183 5188 patet.
2219 5123 2309 5175 Sic
2341 5125 2499 5176 etiam
2528 5136 2702 5175 aetum
2735 5122 2909 5176 fuerat
2934 5125 2987 5174 in
3020 5122 3283 5174 electione
3310 5121 3482 5177 sancti

1885 5192 2095 5246 Martini
2126 5192 2263 5259 apud
2302 5194 2561 5246 Severum
2594 5192 2927 5259 Sulpicium,
2959 5192 3011 5245 in
3050 5193 3166 5259 ejus
3198 5189 3316 5245 Vita
3359 5210 3480 5258 cap.

1885 5263 1938 5316 7.
1976 5263 2106 5317 Vide
2138 5278 2190 5318 et
2220 5264 2379 5315 vitam
2430 5265 2487 5317 S.
2522 5262 2848 5329 Consul-tite,
2884 5277 3032 5315 num.
3065 5267 3095 5314 tt
3129 5263 3267 5314 ἓως.
3314 5279 3326 5315 ι
3378 5262 3481 5318 Ba-

1883 5334 2007 5388 ncd.
2040 5336 2103 5386 ad
2132 5350 2256 5387 ann.
2290 5332 2417 5388 578.

1958 5404 1976 5442 τ
2024 5406 2239 5474 llegm.,
2273 5422 2416 5459 voces
2457 5403 2806 5476 psallentium.
2841 5402 2963 5471 ΕΦ,
2987 5403 3231 5458 satellites
3264 5407 3484 5461 audien-

1882 5487 1974 5529 τες.

1954 5557 1979 5592 ὅ
2023 5546 2103 5600 De
2136 5547 2237 5599 hoc
2266 5547 2331 5599 ad
2362 5561 2482 5616 cap.
2508 5546 2577 5599 ἀΰ
2605 5543 2722 5598 libri
2758 5564 2796 5600 ι.

1946 5616 1972 5654 ιι
2019 5617 2150 5671 Vide
2180 5617 2458 5671 Fortunat.
2495 5617 2587 5669 lib.
2620 5630 2657 5668 ll
2690 5617 2825 5670 Vita:
2855 5617 2914 5673 S.
2958 5617 3175 5681 Hilarii,
3207 5633 3357 5675 tium.
3383 5619 3445 5671 7_

1951 5686 1965 5724 ί
2017 5688 2117 5742 Ed.
2146 5690 2346 5756 aliquot
2378 5698 2432 5741 et
2462 5687 2608 5748 Bec.,
2640 5689 2836 5753 «Lquid
2864 5691 3164 5757 spoliarent.

1947 5759 1960 5807 i
2010 5760 2099 5811 Sic
2135 5759 2284 5822 Ilec.;
2318 5762 2498 5811 citet-ri
2541 5775 2671 5813 mss.
2706 5773 2758 5812 et
2787 5760 2995 5828 aliquot
3036 5759 3148 5825 cd.,
3183 5759 3253 5813 ad
3292 5773 3473 5814 consul

1872 5830 2087 5883 i'nndunt
2116 5845 2238 5893 eos;
2271 5839 2390 5882 etut.
2421 5830 2506 5883 ed.
2542 5838 2917 5885 conﬁtendum
2946 5833 3044 5885 eis.

3001 5925 3040 5980 l5
