4028 6342
249 325 352 386 231

1138 325 1452 383 HISTORIA
1493 324 1939 383 FRANCORUM.
1984 325 2183 382 LIBER
2221 326 2599 385 SECUNDUS.

3393 316 3499 370 .‘253

247 458 281 498 a
324 440 554 497 Turonis
612 437 844 495 Parisios
873 439 1020 496 venit
1048 458 1060 496 :
1089 440 1268 511 ibique
1317 441 1623 496 cathedram
1675 455 1823 510 regni
1854 442 1900 500 Λ
1929 439 2053 503 mei,
2084 450 2285 507 patrem
2314 455 2466 493 suum
2498 434 2896 504 insequebatur,
2930 430 3094 485 verbo
3123 428 3325 489 ferens,
3353 428 3497 497 quod

247 530 549 588 constituit.
588 529 662 583 lbi
692 540 747 584 et
771 530 1137 587 Theodericus
1165 532 1232 587 ad
1263 547 1383 586 eum
1410 532 1578 587 venit.

322 623 566 679 XXXIX.
595 623 828 692 Denique
854 632 879 660 ι
904 624 1165 694 migrante
1188 624 1473 678 Eustochio
1492 623 1826 678 Turonorum

248 717 527 786 episc0po.
567 723 786 770 octavus
817 724 936 785 post
985 724 1229 771 sanctum
1268 715 1549 772 Martinam
1595 715 1829 770 Lirinius

249 805 533 862 Turouicis
560 808 843 877 episcopus
888 806 1184 861 ordinatur.
1215 804 1382 877 Hujus
1429 815 1670 874 tempore
1716 804 1826 859 bel-

250 898 361 952 lum
391 899 634 965 superius
656 898 766 968 96
791 897 1048 967 scriptum
1074 906 1280 965 gestum
1308 905 1410 951 est.
1432 896 1493 949 Et
1515 894 1671 964 hujus
1699 904 1831 949 tem—

251 1003 385 1058 pore
407 985 815 1043 Chlodovechus
858 1001 956 1042 rex
982 985 1213 1041 Turonis
1241 986 1408 1042 venit.
1441 985 1539 1040 llic
1567 985 1735 1040 fertur
1778 984 1829 1039 in

251 1081 472 1134 Oriente
495 1078 681 1148 fuisse,
710 1094 773 1147 ac
819 1079 936 1135 loca
962 1078 1210 1134 visitasse
1256 1085 1586 1143 sanctorum,
1637 1076 1835 1146 ipsam-

250 1185 361 1240 que
389 1168 584 1224 adiisse
612 1169 1062 1239 Hierosolymam,
1095 1176 1150 1223 et
1177 1168 1292 1222 loca
1336 1166 1602 1237 passionis
1632 1180 1696 1219 ae
1748 1179 1834 1219 re—

250 1259 597 1315 surrectionis
621 1258 936 1327 dominicae,
988 1275 1107 1331 qua:
1136 1259 1190 1313 in
1236 1258 1537 1329 Evangeliis
1583 1257 1832 1329 legimus,

252 1365 398 1419 saepe
436 1350 653 1404 vidisse.

327 1439 440 1493 XL.
472 1436 603 1493 Cum
631 1446 809 1494 autem
837 1434 1245 1493 Chlodovecbus
1274 1452 1367 1492 rex
1422 1436 1562 1505 apud
1609 1434 1838 1491 Parisios

251 1535 574 1593 moraretur,
606 1528 751 1583 misit
778 1529 916 1583 clam
964 1528 1030 1581 ad
1077 1528 1243 1581 ﬁlium
1286 1527 1559 1596 Sigiberti,
1601 1528 1833 1582 dicens:

253 1621 393 1677 Ecce
422 1631 571 1690 pater
598 1630 719 1674 tuus
746 1619 944 1683 senuit,
972 1627 1029 1674 et
1057 1619 1192 1688 pede
1238 1618 1401 1673 debili
1445 1618 1732 1673 claudicat.
1782 1617 1837 1672 Si

253 1714 366 1778 ille,
401 1713 587 1782 inquit,
604 1720 921 1777 moreretur,
951 1721 1097 1767 recte
1127 1713 1217 1766 tibi
1245 1727 1364 1766 eum
1395 1713 1627 1766 amicitia
1658 1721 1839 1767 nostra

1929 544 2029 598 ego
2053 545 2173 583 eum
2200 530 2502 585 interficere
2523 529 2699 584 velim.
2723 525 2959 594 Cumque
2981 524 3068 578 ille
3089 536 3182 592 per
3210 520 3498 574 Bueouiam

1931 618 2115 671 silvam
2140 619 2363 686 fugeret,
2388 616 2640 672 immissis
2659 630 2818 684 super
2839 629 2958 669 eum
2985 610 3318 671 latrunculis.
3341 609 3502 663 morti

1933 706 2150 761 tradidit
2178 718 2234 762 et
2264 709 2478 763 occidit.
2522 708 2641 778 Ipse
2663 721 2872 776 quoque
2916 705 3039 758 dum
3073 702 3351 756 thesauros
3389 700 3506 768 ejus

1932 800 2120 868 aperit,
2153 813 2182 852 a
2212 800 2391 853 nescio
2411 814 2517 869 quo
2543 812 2825 867 percussus
2850 796 3064 851 interiit.
3096 794 3202 850 Sed
3226 794 3277 848 in
3302 793 3382 846 his
3410 807 3509 862 ego

1936 910 2266 964 nequaquam
2299 896 2547 949 conscius
2576 910 2717 948 sum.
2748 893 2858 948 Nec
2882 892 3027 947 enim
3059 904 3273 960 possum
3297 890 3511 957 sangui-

1936 998 2059 1037 nem
2092 994 2371 1052 parentum
2403 998 2646 1038 meorum
2675 982 2948 1037 effundere
2981 999 2993 1035 :
3027 980 3166 1051 quod
3196 979 3306 1034 fieri
3362 981 3512 1032 ne‘as

1934 1082 2035 1127 est.
2060 1073 2163 1128 Sed
2187 1075 2307 1145 quia
2334 1074 2447 1129 haec
2470 1083 2784 1139 evenerunt,
2806 1073 3081 1129 consilium
3104 1071 3253 1126 vobis
3278 1072 3510 1138 praebeo.

1935 1164 1979 1216 si
2013 1163 2223 1217 videtur
2250 1173 2548 1234 acceptum,
2581 1163 2951 1218 convertimini
2975 1163 3041 1217 ad
3065 1178 3173 1227 me,
3205 1171 3262 1215 ut
3282 1162 3511 1214 suhmea

1937 1252 2056 1307 sitis
2083 1252 2416 1308 defensione.
2448 1254 2516 1308 At
2572 1253 2649 1308 illi
2702 1254 2798 1307 ista
2850 1253 3147 1315 audientes,
3202 1252 3514 1321 plaudentes

1941 1358 2046 1403 tam
2076 1349 2274 1419 parmis
2306 1358 2328 1387 ο
2359 1363 2515 1417 quam
2567 1347 2817 1413 vocibus,
2863 1363 2985 1401 eum
3033 1347 3221 1415 clypeo
3267 1354 3508 1398 evectum

1939 1454 2101 1508 super
2130 1455 2189 1494 se
2238 1454 2415 1509 regem
2469 1441 2819 1495 constituunt.
2873 1437 3219 1507 lleguutttque
3266 1436 3515 1506 Sigiherti

1941 1542 2218 1600 acceptum
2250 1547 2369 1586 cum
2402 1530 2704 1594 thesauris,
2737 1530 2880 1599 ipsos
2924 1543 3133 1597 quoque
3178 1542 3291 1582 sita:
3332 1529 3516 1580 ditioui

1941 1622 2149 1676 ascivit.
2183 1621 2562 1677 Prosternebat
2588 1622 2728 1674 enim
2756 1619 2990 1690 quotidie
3021 1619 3157 1673 Deus
3189 1618 3369 1671 hostes
3396 1618 3513 1687 ejus

1942 1712 2041 1765 sub
2072 1727 2231 1766 manu
2263 1713 2453 1782 ipsius,
2482 1720 2538 1765 et
2566 1710 2796 1779 augebat
2845 1726 3062 1779 regnum
3093 1709 3229 1778 ejus,
3272 1723 3338 1763 eo
3379 1709 3519 1776 quod

256 1820 479 1873 regnum
511 1803 653 1859 illius
677 1803 1017 1859 redderetur.
1048 1804 1163 1870 Qua
1190 1804 1280 1858 ille
1308 1804 1600 1873 cupiditate
1647 1805 1839 1860 seduc-
1873 1819 1919 1876 Β
1949 1803 2250 1857 ambulatet
2278 1811 2423 1857 recto
2453 1801 2613 1857 corde
2639 1817 2819 1857 coram
2843 1817 2930 1869 eo,
2958 1812 3011 1857 et
3040 1804 3372 1871 faceretqua:
3403 1801 3516 1870 pla«

258 1908 364 1962 tus,
400 1906 602 1966 patrem
629 1896 847 1952 molitur
874 1896 1140 1952 occidere.
1171 1896 1413 1967 Cumque
1460 1896 1547 1950 ille
1588 1912 1837 1966 egressus

256 1989 329 2044 de
354 1987 576 2043 Colonia
595 1988 830 2052 civitate,
855 1996 1122 2042 transacto
1145 1987 1355 2050 Rheno,
1387 2004 1480 2055 per
1504 1988 1788 2042 Bucouiam
1808 1986 1835 2026 ι)

259 2082 449 2137 silvam
479 2079 754 2135 ambulare
780 2079 1115 2149 disponeret,
1145 2079 1367 2132 meridie
1398 2078 1448 2132 in
1480 2081 1710 2133 tentorio
1740 2094 1838 2133 suo

254 2173 621 2237 obdormiens,
647 2170 899 2227 immissis
924 2185 1082 2239 super
1104 2185 1224 2225 eum
1245 2169 1386 2225 illius
1408 2170 1835 2240 percussoribus,

256 2279 380 2320 eum
409 2263 603 2318 ibidem
634 2261 921 2328 interfecit,
954 2270 1205 2331 tanquam
1254 2276 1481 2332 regnum
1524 2261 1667 2316 illius
1714 2275 1840 2331 pos-

255 2367 523 2409 sessurus.
549 2352 653 2410 Sed
678 2352 881 2424 judicio
905 2352 999 2408 Dei
1023 2353 1075 2408 in
1104 2352 1330 2418 foveam,
1363 2369 1521 2420 quam
1550 2354 1685 2424 patri
1717 2355 1841 2408 hos-

257 2444 421 2498 tiliter
448 2441 616 2509 fodit,
644 2440 853 2497 incidit.
883 2442 1025 2497 Misit
1054 2442 1213 2513 igitur
1241 2442 1456 2497 nuntios
1498 2444 1563 2497 ad
1608 2442 1842 2498 Cltlodo-

256 2534 489 2591 vethum
532 2550 734 2605 regem,
765 2534 833 2590 de
881 2535 1046 2605 patris
1088 2534 1237 2589 obitu
1292 2535 1626 2601 nuntiantes,
1680 2544 1842 2606 atque

258 2626 505 2681 dicentes
529 2642 542 2680 :
576 2624 737 2680 Pater
765 2639 914 2680 meus
943 2634 1182 2679 mortuus
1213 2633 1317 2687 est,
1346 2635 1398 2680 et
1442 2640 1541 2696 ego
1566 2628 1843 2682 thesauros

257 2730 383 2772 cum
428 2731 595 2786 regno
621 2715 736 2784 ejus
765 2728 927 2785 penes
956 2732 1040 2771 me
1073 2716 1263 2771 habeo.
1296 2715 1473 2787 Dirige
1504 2725 1622 2770 tuos
1644 2717 1710 2771 ad
1734 2733 1840 2785 me,

261 2820 322 2864 et
350 2823 413 2865 ea
449 2822 567 2878 qua:
597 2807 690 2863 tibi
722 2808 789 2864 de
819 2807 1079 2863 thesauris
1109 2808 1253 2862 illius
1285 2808 1516 2878 placent,
1568 2810 1706 2862 bona
1749 2823 1844 2863 vo-

263 2900 472 2954 luntate
512 2899 887 2953 transmittam.
936 2898 1001 2953 Et
1048 2899 1182 2955 ille:
1213 2898 1454 2962 Gratias,
1501 2900 1695 2969 inquit,
1738 2908 1845 2954 tua:

265 2990 523 3045 voluntati
550 3005 672 3060 ago,
698 2997 754 3045 et
776 3003 905 3057 rogo
926 3000 982 3044 ut
1010 2990 1347 3045 venientibus
1394 2989 1590 3044 nostris
1639 2989 1846 3058 patefa-

265 3084 400 3148 cias,
429 3092 623 3137 cuncta
668 3080 783 3151 ipse
813 3080 1066 3149 deinceps
1097 3073 1458 3151 possessitrus.
1499 3080 1701 3146 Quibus
1756 3094 1845 3134 ve-

267 3173 541 3229 nientibus
565 3174 665 3228 iste
693 3172 862 3241 patris
908 3171 1186 3227 thesauros
1218 3171 1421 3240 pandit.
1463 3170 1562 3236 Qui
1610 3168 1733 3223 dum
1766 3167 1845 3222 di-

268 3280 423 3321 versa
454 3265 810 3333 respicerent,
838 3263 961 3319 ait:
996 3264 1051 3318 in
1104 3263 1244 3318 hinc
1295 3262 1603 3317 arcellulam
1657 3260 1849 3318 solitus

267 3367 381 3414 erat
414 3366 564 3428 pater
590 3372 746 3413 meus
773 3355 1093 3411 nomismata
1121 3355 1236 3408 auri
1261 3368 1569 3424 congerere.
1595 3352 1847 3417 lmmitte,

268 3453 520 3522 inquiunt
548 3451 646 3518 illi,
692 3465 908 3506 manum
965 3460 1109 3504 tuam
1162 3462 1329 3517 usque
1375 3448 1442 3501 ad
1500 3447 1742 3510 fundum,
1796 3457 1852 3500 ut

268 3552 460 3597 cuncta
478 3541 737 3613 reperias.
760 3542 865 3613 97
889 3540 1040 3609 Quod
1063 3554 1183 3595 cum
1208 3540 1444 3603 fecisset,
1468 3549 1522 3595 et
1538 3549 1679 3593 esset
1700 3538 1853 3592 valde

268 3635 534 3699 declinus,
567 3648 703 3689 unus
731 3632 933 3689 elevata
963 3646 1123 3687 manu
1167 3631 1451 3699 bipennem
1484 3630 1709 3685 cerebro
1734 3627 1853 3698 ejus

272 3723 421 3779 illisit
451 3740 466 3778 :
490 3732 546 3779 et
572 3723 650 3778 sic
679 3738 799 3793 qua:
827 3722 879 3777 in
904 3732 1105 3791 patrem
1133 3730 1315 3791 egi-rat
1337 3721 1580 3790 indignus
1608 3720 1850 3773 incurrit.

268 3814 423 3883 Quod
447 3814 669 3869 audiens
691 3812 1118 3876 Chlodoveehus,
1144 3812 1284 3882 quod
1311 3813 1517 3866 scilicet
1540 3811 1853 3868 interfectus

272 3914 420 3960 esset
447 3903 741 3974 S'gibertus
766 3913 820 3959 et
850 3903 991 3959 filius
1017 3905 1157 3973 ejus,
1191 3905 1242 3958 in
1273 3904 1519 3959 eumdem
1543 3905 1718 3959 locum
1758 3905 1856 3960 ad-

275 3999 524 4058 veniens,
555 4006 814 4052 convocat
840 4011 1052 4051 omnem
1098 3998 1349 4066 populum
1398 3998 1569 4064 illum,
1619 3997 1852 4052 dicens:

276 4089 473 4145 Audite
500 4089 627 4159 quid
656 4089 963 4159 contigerit.
997 4089 1129 4142 Dum
1161 4104 1278 4157 ego,
1329 4088 1519 4157 inquit,
1569 4103 1666 4157 per
1708 4088 1857 4142 Scal-

274 4184 402 4237 dem
431 4180 649 4236 ﬂuvium
670 4182 997 4251 navigarem,
1030 4179 1398 4244 Chlodericus,
1433 4180 1573 4233 flius
1620 4179 1857 4249 parentis

275 4338 421 4394 idem
453 4336 614 4392 luerit
637 4351 759 4393 esse
785 4338 1063 4393 consulem
1090 4352 1153 4392 ac
1180 4339 1581 4406 imperatorem,
1630 4346 1704 4397 et,
1753 4345 1861 4391 tes-

278 4419 427 4463 tante
455 4408 781 4476 Theophane
809 4409 862 4463 in
893 4409 1111 4463 historia
1143 4409 1396 4471 ﬂiscella,
1428 4422 1549 4476 cap.
1585 4407 1671 4467 15,
1700 4406 1860 4461 Zatus

278 4479 537 4533 Lazorum
562 4494 681 4543 rex,
705 4480 1029 4547 imperatorii
1055 4480 1285 4534 nomin'is
1304 4481 1573 4532 consortio
1595 4494 1622 4529 a
1646 4478 1860 4531 Justiuo

1941 1896 2044 1953 cita
2073 1908 2227 1952 erant
2256 1898 2307 1951 in
2338 1896 2508 1952 oculis
2536 1895 2677 1966 ejus.

2012 1988 2151 2043 XLI.
2207 1988 2452 2043 Postha'c
2497 1988 2562 2041 ad
2615 1986 2961 2042 Cliararicum
3009 2000 3187 2053 regem
3237 1981 3261 2020 ά
3313 1983 3517 2053 dirigit.

1942 2078 2166 2145 Quando
2195 2088 2371 2132 autem
2398 2092 2518 2131 cum
2552 2077 2759 2146 Siagrio
2791 2077 3060 2145 pugnavit,
3091 2077 3175 2129 hic
3201 2073 3519 2129 Chararirus

1942 2178 2193 2225 evocatus
2214 2169 2279 2224 ad
2304 2170 2555 2223 solatium
2578 2168 2686 2242 [ΑΙ.
2712 2168 2990 2239 auxilium]
3012 2168 3366 2223 Cttlodnvcchi
3392 2170 3522 2221 emi-

1945 2276 2046 2316 nus
2073 2259 2254 2325 stetit,
2286 2272 2527 2314 neutram
2556 2260 2812 2327 adjuvans
2844 2271 3046 2328 partem
3074 2300 3089 2322 ,
3130 2260 3222 2313 sed
3274 2267 3522 2314 eventum

1946 2356 2025 2410 rei
2058 2364 2403 2424 exspectans,
2432 2365 2486 2409 ut
2518 2354 2602 2409 cui
2632 2354 2870 2409 eveniret
2898 2354 3138 2417 victoria,
3169 2368 3287 2408 cum
3336 2354 3427 2408 illo
3473 2365 3523 2409 et

1947 2446 2034 2501 hic
2060 2445 2346 2501 amicitiam
2366 2447 2660 2517 colligaret.
2688 2446 2767 2503 0b
2795 2448 2931 2500 hanc
2953 2461 3166 2500 causam
3194 2457 3377 2500 contra
3401 2460 3522 2499 emn

1947 2538 2230 2608 ind'guaus
2258 2536 2665 2591 Chlodovecltus
2696 2536 2849 2600 abiit,
2900 2551 3056 2605 quem
3102 2538 3525 2589 circumventum

1948 2629 2084 2684 dolis
2109 2632 2251 2699 cepit
2278 2643 2397 2684 cum
2428 2628 2557 2691 ﬁlio,
2589 2628 2901 2696 vinctosque
2930 2627 3181 2693 totondit,
3231 2635 3286 2681 et
3324 2626 3525 2680 Chara-

1949 2723 2116 2801 ricum
2138 2722 2353 2790 quidem
2383 2721 2779 2792 presbyterum,
2810 2721 2975 2774 lilium
3014 2733 3144 2773 veto
3188 2718 3305 2787 ejus
3348 2720 3527 2772 diaco-

1952 2828 2073 2867 nem
2100 2813 2332 2866 ordinari
2358 2812 2533 2881 jubet.
2563 2811 2808 2879 Cumque
2835 2812 2947 2881 98
2976 2808 3293 2865 Chararicus
3321 2811 3387 2864 de
3433 2813 3527 2864 lut-

1953 2904 2177 2960 tut'litate
2203 2918 2296 2957 sua
2319 2913 2738 2973 conquereretur
2756 2914 2809 2956 et
2832 2906 3004 2966 fleret,
3030 2902 3168 2956 filius
3191 2902 3304 2970 ejus
3331 2901 3529 2955 dixisse

1953 2995 2122 3052 fertur
2154 3012 2166 3046 :
2202 2993 2259 3047 In
2290 2993 2467 3058 viridi,
2498 2994 2685 3062 inquit,
2733 2993 2876 3063 ligno
2921 2994 3003 3047 hae
3048 2992 3259 3046 frondes
3306 2995 3528 3046 surcisze

1954 3096 2111 3145 sunt.
2145 3100 2243 3139 nec
2274 3084 2494 3139 omnino
2538 3095 2809 3148 arescunt,
2841 3084 2933 3137 sed
2981 3083 3230 3136 velociter
3259 3090 3530 3151 emergeut

1878 3198 1925 3261 ρ
1963 3188 2017 3233 ut
2043 3191 2289 3234 crescere
2311 3185 2547 3244 queant:
2597 3176 2796 3261 utinam
2842 3187 2945 3229 tam
2993 3175 3249 3229 Velociter
3284 3174 3372 3243 qui
3419 3175 3531 3227 liter.

1957 3272 2107 3336 fecit,
2138 3271 2384 3326 intereat.
2417 3269 2568 3337 Quod
2599 3254 2818 3324 verbum
2850 3267 3027 3323 sonuit
3077 3269 3129 3321 in
3170 3282 3327 3322 aures
3366 3267 3532 3320 (Σινο-

1955 3362 2202 3429 dovechi,
2234 3360 2371 3429 quod
2403 3360 2612 3416 scilicet
2638 3360 2971 3414 minarentur
3011 3358 3112 3413 sibi
3159 3358 3435 3413 ctesariem
3466 3358 3533 3410 ad

1955 3453 2310 3511 crescendum
2336 3454 2537 3519 laxare,
2568 3453 2849 3523 ipsumque
2872 3452 3191 3507 interficere.
3218 3450 3395 3506 Atille
3420 3451 3536 3519 jus-

1957 3547 2028 3603 sit
2056 3562 2151 3602 eos
2183 3550 2380 3616 pariter
2407 3548 2582 3613 capite
2610 3546 2789 3615 plecti.
2815 3546 3021 3613 Quibus
3039 3545 3286 3609 mortuis,
3316 3552 3533 3614 regnum

1958 3652 2146 3692 eorum
2178 3651 2298 3691 cum
2332 3638 2599 3690 thesauris
2627 3644 2683 3690 et
2714 3636 2905 3705 populo
2936 3634 3235 3702 acquisivit.

2035 3729 2193 3783 XLII.
2226 3729 2353 3782 Erat
2381 3740 2557 3782 autem
2590 3738 2641 3782 ιιι
2669 3743 2715 3781 te
2767 3727 3164 3791 ltaguacltatius
3198 3737 3220 3765 ο
3255 3743 3347 3782 rex
3393 3727 3531 3795 apud

1960 3817 2334 3883 Camarucum,
2372 3828 2478 3873 tam
2510 3819 2732 3873 eﬂ'teltis
2762 3818 2813 3871 in
2844 3818 3075 3881 luxuria,
3106 3827 3163 3873 ut
3193 3817 3277 3871 \ix
3309 3819 3388 3871 vol
3418 3834 3534 3882 pro.

1963 3910 2175 3979 piuquis
2223 3910 2439 3979 quidem
2490 3911 2803 3980 parentibus
2850 3909 3170 3977 indulgeret.
3219 3908 3266 3962 ls
3313 3909 3535 3965 hahetmt

1963 4003 2255 4057 Farronem
2284 3998 2705 4063 fconsiliarium,
2720 4000 2878 4053 simili
2900 3999 3152 4068 spurcitia
3178 3998 3489 4053 lutulentum
3520 4020 3530 4052 :

1962 4092 2031 4147 de
2056 4107 2164 4161 quo
2196 4091 2393 4158 fertur,
2427 4106 2557 4150 eum.
2590 4088 2789 4157 aliquid
2840 4099 2929 4142 aut
2968 4090 3092 4155 cibi,
3139 4100 3231 4143 aut
3274 4092 3532 4153 munerit,

1964 4186 2043 4239 vel
2067 4182 2355 4252 cujuslibet
2381 4196 2455 4236 ret
2481 4180 2589 4251 regi
2612 4179 2828 4233 allatum
2854 4179 3057 4245 fuisset,
3080 4179 3259 4235 dicere
3278 4182 3490 4234 solitum
3520 4197 3535 4234 :

2032 4338 2061 4380 ιι
2100 4339 2202 4395 Alii
2243 4348 2296 4395 et
2325 4339 2478 4403 infra,
2511 4337 2842 4392 Burconiam.
2877 4336 3108 4389 Buconia
3138 4336 3266 4390 silva
3306 4340 3536 4393 celebris

1964 4411 2301 4480 postmodum
2343 4411 2432 4465 fuit
2465 4410 2535 4464 ob
2578 4410 2955 4480 monasterium
2990 4407 3268 4480 Fuldenee,
3302 4414 3439 4477 quod
3465 4413 3537 4465 ibi

1963 4478 2027 4536 ad
2061 4481 2276 4535 Fuldam
2305 4497 2513 4534 amnem
2541 4479 2777 4534 condidit
2801 4478 2855 4533 S.
2888 4478 3189 4532 Bonifacius
3234 4481 3536 4534 Germaum

278 4550 600 4622 imperatore
635 4551 875 4614 obtettto,
906 4565 1155 4622 coronam
1205 4558 1386 4617 postea
1428 4563 1476 4600 et
1519 4548 1853 4622 chlamydem
1887 4563 1935 4622 ι)
1961 4552 2255 4618 apostolus,
2284 4550 2717 4622 archiepiscopus
2750 4550 3081 4622 Moguntiuus
3112 4558 3165 4622 et
3210 4562 3409 4622 martyr
3437 4569 3538 4605 sau-

278 4620 676 4687 imperatoriam
710 4621 1013 4687 gestaverit.
1048 4620 1285 4673 Valesius
1314 4630 1489 4672 autem
1521 4620 1657 4671 libro
1673 4635 1719 4672 vt
1749 4618 1850 4670 Itu-

276 4704 396 4743 rum
426 4688 640 4752 Franc.,
671 4690 892 4743 consulis
916 4690 1131 4744 nomine
1161 4692 1243 4743 hic
1269 4689 1489 4755 intelligi
1520 4698 1661 4757 putat
1691 4690 1853 4756 potri-

274 4760 441 4812 ciatus
466 4758 808 4829 dignitatem,
842 4775 958 4828 qua:
990 4771 1171 4829 postea
1202 4760 1268 4814 ad
1314 4760 1562 4813 Carolum
1607 4758 1851 4825 Magnum

274 4829 452 4883 delata
481 4825 596 4882 fuit.
625 4827 784 4883 Pavet
812 4825 934 4884 huic
959 4825 1236 4885 setttetttim
1266 4832 1445 4883 titulus
1477 4829 1666 4897 capit-5
1694 4830 1745 4882 itt
1774 4831 1856 4883 in-

273 4900 396 4953 dice
420 4899 581 4969 etiam
618 4899 1091 4969 vetus'issitnorum
1121 4901 1393 4960 codicum,
1424 4900 1513 4969 qui
1545 4903 1621 4953 sic
1672 4900 1851 4961 habet,

276 4971 354 5024 De
376 4968 647 5037 patriciam
675 4968 968 5023 Chfodovei.
1003 4972 1167 5024 Porro
1191 4972 1253 5022 ad
1288 4968 1483 5024 nostrae
1522 4971 1689 5023 Sancti
1720 4971 1854 5022 (iere

274 5039 483 5096 inania
514 5039 686 5093 Pratis
738 5040 968 5094 basilica:
1018 5040 1235 5109 januam
1286 5040 1543 5107 majorem
1573 5050 1860 5109 supersunt

273 5110 439 5164 etiam
486 5122 625 5164 nunc
674 5120 881 5165 veteres
945 5112 1145 5179 aliquot
1198 5124 1381 5178 regum
1435 5112 1619 5174 prima:
1677 5109 1859 5177 stirpis

276 5187 492 5243 statum,
512 5196 631 5247 qua:
652 5180 750 5235 sub
769 5179 1060 5235 Chlodovei
1089 5184 1366 5250 nepotibus
1385 5181 1605 5246 seulpta:
1628 5181 1857 5243 fuerunt,

277 5252 421 5305 inter
448 5264 581 5317 quas
610 5258 782 5305 exstat
808 5266 912 5305 una
931 5251 1299 5305 Chlodoveum
1329 5260 1717 5315 repraesentans
1741 5264 1860 5302 ves.

280 5322 522 5374 timentis
548 5321 917 5376 consularibus
944 5320 1279 5385 redimitum,
1309 5335 1430 5374 cum
1461 5323 1649 5374 baculo
1695 5320 1858 5388 hypa-

280 5390 411 5456 tico,
440 5406 597 5458 quem
625 5406 783 5444 manu
811 5400 1002 5460 gestat.

355 5471 382 5498 η
411 5460 523 5514 Hoc
549 5471 709 5530 caput
731 5459 880 5516 deest
905 5464 959 5515 in
994 5462 1194 5517 Bellov.
1223 5469 1277 5516 et
1302 5460 1463 5516 Corb.
1492 5461 1550 5515 In
1580 5459 1730 5515 Colb.
1759 5473 1855 5512 auo

278 5541 393 5587 tem
422 5531 645 5586 habetur
673 5531 774 5584 alia
806 5547 984 5593 manu,
1012 5532 1255 5601 quamvis
1284 5534 1521 5600 antiqua,
1546 5531 1596 5584 in
1623 5533 1859 5598 margine

278 5601 633 5671 descriptum.
669 5602 856 5668 llegm.
900 5603 978 5657 sic
1008 5604 1188 5667 habet,
1221 5602 1513 5671 Denique...
1546 5612 1719 5654 octavo
1748 5608 1860 5666 post

282 5673 351 5726 S.
380 5670 665 5724 Martinam
696 5673 807 5723 loco
835 5671 1151 5741 Theodorus,
1183 5684 1286 5726 etc.
1315 5673 1408 5726 llic
1436 5682 1612 5726 tamen
1640 5674 1757 5725 aliis
1808 5672 1858 5724 in

282 5743 421 5799 locis
442 5742 652 5803 dicitur,
681 5752 739 5793 ut
768 5742 819 5793 in
847 5745 1049 5797 θέειοτίε
1078 5746 1229 5797 e~uld.
1262 5744 1299 5796 L
1320 5745 1502 5797 circius.

1960 4623 2080 4676 culo
2109 4630 2318 4675 octavo.
2355 4621 2480 4674 Erit
2509 4626 2668 4675 etiam
2702 4619 2927 4673 Bttronia
2955 4620 3083 4672 silva
3121 4619 3259 4671 haud
3294 4619 3473 4685 procul
3507 4636 3535 4675 ει

1955 4693 2175 4749 Colonia
2226 4692 2529 4761 Agrippina,
2569 4706 2686 4760 quae
2730 4690 2943 4758 propior
2989 4688 3163 4745 Scaldi
3212 4690 3377 4744 fluvio
3423 4705 3539 4746 erat.

1956 4779 2115 4833 quam
2149 4763 2401 4833 Bucouia.

2033 4844 2054 4870 ε
2090 4833 2230 4886 Editi
2262 4832 2502 4902 plerique
2547 4846 2665 4884 eum
2699 4830 2847 4902 Bec.,
2882 4829 3094 4902 palmis,
3144 4829 3325 4884 Gallos
3368 4833 3537 4883 armis

1958 4918 2281 4970 concrepare
2291 4900 2631 4956 consuevisse
2641 4916 2761 4954 cum
2775 4900 2923 4953 ducis
2937 4900 3018 4953 sui
3036 4902 3331 4953 orationem
3356 4916 3539 4964 appro-

1962 4974 2169 5035 barent,
2200 4974 2454 5025 observat
2496 4970 2733 5025 Valesius
2760 4987 2821 5025 ex
2858 4972 2947 5025 lib.
2979 4985 3050 5022 vtt
3079 4970 3379 5023 Comment.
3412 4970 3539 5023 Julii

1966 5044 2203 5096 Cesaris.
2227 5041 2295 5094 de
2325 5042 2464 5094 bello
2490 5040 2709 5094 Gallico.
2736 5039 2878 5095 Idem
2901 5040 3056 5093 habet
3079 5040 3290 5092 Tacitus
3311 5041 3378 5093 de
3407 5041 3542 5093 Ger-

1967 5114 2154 5173 manis,
2184 5121 2237 5165 et
2265 5112 2574 5179 Ammianus
2601 5110 2933 5164 Marcellinus
2956 5112 3022 5163 de
3051 5108 3323 5163 Romanis.

2036 5180 2062 5217 ἀ
2096 5181 2148 5233 In
2194 5184 2439 5233 omnibus
2468 5181 2630 5233 ferme
2660 5195 2788 5234 mss.
2816 5179 2968 5233 deest
3022 5179 3136 5231 haec
3183 5193 3303 5240 vox,
3349 5193 3537 5247 regem.

1968 5250 2062 5304 llic
2092 5264 2267 5317 tamen
2298 5249 2432 5303 iura
2478 5265 2698 5317 regnum
2735 5249 2981 5303 habuisse
3022 5247 3235 5317 dicitur.
3279 5247 3542 5301 Mathema-

1964 5322 2175 5445 fusdlib.
2210 5316 2273 5387 tt,
2301 5335 2418 5389 cap.
2453 5316 2561 5387 58,
2600 5318 2941 5374 Charaiicum
2994 5316 3316 5374 Morinorum
3362 5335 3541 5389 regem

1987 5408 2050 5444 au
2092 5399 2169 5445 at.

1987 5399 2169 5445 nudat.

2041 5473 2064 5497 ο
2100 5460 2253 5521 Bell.,
2308 5459 2619 5529 Ragnarius.
2675 5459 2885 5524 llegm.,
2940 5454 3309 5512 Runacltarius.
3364 5458 3539 5528 Colb.,

1969 5532 2342 5595 limen/rarius.
2391 5528 2544 5595 tleg.,
2576 5528 2973 5595 liryitacliarius.

2044 5602 2062 5638 τ
2097 5603 2199 5654 Alii
2228 5617 2347 5652 etttn
2377 5600 2560 5659 C-vrh.,
2594 5596 2879 5658 Faronem;
2914 5598 3172 5661 nonnulli,
3207 5598 3541 5651 PImrrouem.

1974 5672 2045 5724 De
2076 5670 2370 5723 Faronihus
2398 5668 2517 5723 vide
2545 5668 2679 5721 infra
2715 5671 2969 5722 ltUlQS‘ill
3018 5683 3136 5739 Cap.
3188 5668 3249 5720 di
3296 5669 3545 5723 Chromci

1976 5741 2297 5807 Fredegarii.
