4028 6342
466 302 633 356 ⁷259

1520 298 1579 353 8.
1622 295 1949 354 (iREGOBll
1994 292 2300 350 EPISCOPI
2344 289 2772 348 TUIIONENSIS

3687 282 3794 336 ειο

532 415 643 470 lloc
671 413 773 469 sibi
801 425 1005 483 suoque
1031 410 1252 468 Farroni
1276 411 1538 466 sufficere.
1572 411 1671 465 Pro
1694 426 1796 480 qua
1827 425 1887 464 re
1910 407 2101 463 Franci
2132 407 2180 466 Α
2212 415 2336 460 runt
2355 415 2529 460 autem
2560 398 2848 471 supradicti
2875 412 3047 469 reges,
3096 395 3379 467 propinqui
3426 392 3586 464 hujus
3612 410 3626 447 :
3657 409 3793 464 quo-

531 506 763 557 maxima
788 502 1149 573 indignatione
1173 502 1468 557 tumebunt.
1498 501 1649 556 Unde
1678 502 1873 555 factum
1915 512 2019 568 est,
2050 510 2107 556 ut

530 591 671 647 datis
700 594 879 648 aureis
904 593 1006 647 sibi
1052 602 1078 631 ι
1108 592 1350 656 armillis,
1385 593 1463 648 vel
1514 592 1758 657 baltheis,
1804 593 2107 649 Cblodove-

529 681 681 748 chus,
711 694 805 739 sea
835 693 1002 737 mium
1033 684 1378 738 assimilatum
1410 698 1541 739 auro
1573 683 1709 753 (erat
1740 683 1878 738 enim
1904 698 2105 739 aereum

531 776 843 831 deauratum
868 778 964 830 sub
1000 776 1122 830 dolo
1166 774 1406 845 factum),
1456 776 1570 831 lnec
1614 776 1762 831 dedit
1803 777 2048 832 leudibus
2080 776 2105 815 δ

531 867 671 936 ejus,
697 875 754 922 ut
788 882 949 937 super
978 882 1098 921 eum
1132 867 1444 922 invitaretur
1475 876 1521 921 ε.
1559 867 1723 922 Porro
1746 882 1866 922 cum
1898 869 2107 923 exerci-

533 968 646 1013 tum
676 966 861 1012 contra
891 972 1010 1012 eum
1058 959 1459 1022 commovisset,
1509 966 1563 1012 et
1610 957 1700 1012 ille
1743 958 2107 1026 Speculatores

534 1050 846 1118 plerumque
874 1046 938 1100 ad
981 1047 1408 1116 cognoscendum
1442 1046 1844 1113 transmitteret,
1874 1050 2106 1102 reversis

532 1138 731 1191 nuntiis
758 1137 1066 1206 interrogat,
1096 1149 1252 1203 quam
1276 1135 1446 1189 valida
1469 1135 1581 1191 haec
1608 1152 1796 1192 manus
1820 1137 1975 1192 foret.
2004 1138 2105 1206 Qui

531 1226 920 1297 responderunt
966 1226 1132 1282 :Tibi
1181 1237 1376 1297 tuoque
1422 1226 1648 1283 Farroni
1692 1230 1979 1284 maximum
2025 1239 2109 1285 est

530 1323 980 1391 supplementum.
998 1319 1233 1376 Veniens
1256 1332 1433 1375 autem
1457 1318 1887 1388 Cblodovechus,
1909 1322 2106 1378 bellum

528 1423 713 1468 contra
738 1427 860 1468 eum
878 1411 1122 1469 instruit.
1172 1415 1240 1467 At
1269 1412 1357 1467 ille
1385 1413 1652 1468 devictum
1682 1427 1910 1468 cernens
1954 1428 2110 1470 exer-

528 1506 690 1559 citum
723 1518 900 1570 suum,
936 1504 1055 1572 fuga
1088 1502 1192 1558 labi
1222 1513 1373 1573 parat
1406 1520 1419 1556 :
1451 1505 1543 1559 sed
1574 1505 1643 1559 ab
1670 1507 1903 1560 exercitu
1955 1521 2106 1561 com-

529 1594 848 1665 prehensus,
882 1609 944 1650 ac
974 1594 1148 1666 ligatis
1183 1604 1303 1664 post
1341 1605 1543 1665 tergum
1587 1597 1852 1661 manibus,
1886 1597 1937 1651 in
1981 1613 2109 1652 con-

529 1676 717 1754 spectu
745 1685 1105 1741 Clilodovechi
1137 1701 1239 1739 una
1293 1701 1412 1741 cum
1465 1686 1716 1741 Richario
1748 1684 1773 1723 ιι
1804 1688 1968 1743 fratre
2012 1704 2107 1743 suo

2210 515 2327 553 rum
2353 499 2535 562 frater,
2567 493 2897 564 Ilignomeris
2931 496 2954 530 δ
2986 490 3220 558 nomine,
3252 488 3392 558 apud
3426 487 3791 543 Ccuomauuis

2211 591 2498 653 civitatem,
2535 603 2601 642 ex
2627 588 2780 655 jussu
2808 582 3167 638 Clilodovechi
3200 574 3508 635 interfectus
3534 588 3638 634 est.
3662 578 3794 645 Qui-

2210 680 2311 734 bus
2339 680 2586 747 mortuis,
2616 692 2774 732 omne
2798 690 3018 743 regnum
3045 688 3229 728 eorum
3256 683 3308 726 et
3329 670 3609 725 thesauros
3629 669 3792 726 Chlo-

2208 770 2479 826 dovcchus
2509 770 2736 838 accepit.
2768 765 3171 834 Interfectisque
3200 772 3255 819 et
3277 762 3398 817 aliis
3428 764 3611 817 multis
3650 764 3793 833 regi-

2210 861 2327 923 bus,
2358 860 2439 914 vel
2488 858 2800 926 parentibus
2841 857 2951 911 suis
3002 856 3208 925 primis,
3261 853 3329 909 de
3370 853 3564 924 quibus
3615 854 3789 909 zelum

2210 953 2458 1018 habebat,
2490 969 2556 1007 ne
2577 954 2625 1007 ei
2653 965 2874 1022 regnum
2903 948 3197 1016 auferrent,
3231 961 3451 1017 regnum
3483 961 3639 1001 suum
3697 963 3793 1015 per

2211 1056 2348 1101 totas
2380 1044 2580 1100 Gallias
2610 1044 2873 1098 dilatavit.
2902 1043 3105 1096 Tamen
3134 1041 3469 1109 congregatis
3496 1040 3626 1103 suis,
3655 1055 3792 1107 qua-

2209 1138 2330 1193 dam
2359 1139 2473 1194 vice
2516 1136 2534 1174 τ
2566 1137 2765 1191 dixisse
2794 1134 2965 1189 fertur
2991 1135 3058 1189 de
3109 1132 3436 1201 parentibus,
3477 1132 3632 1202 100
3660 1147 3793 1199 quos

2210 1231 2323 1298 ipse
2351 1229 2654 1300 perdiderat
2684 1246 2697 1281 :
2731 1227 2825 1282 Va:
2853 1225 2980 1280 mihi
3003 1266 3018 1291 ,
3046 1224 3133 1293 qui
3186 1234 3436 1292 tanquam
3479 1222 3793 1290 peregrinus

2210 1322 2351 1377 inter
2376 1331 2659 1377 extraneos
2680 1322 2934 1387 remansi,
2961 1328 3015 1373 et
3043 1334 3146 1373 non
3173 1318 3343 1373 habeo
3364 1317 3431 1373 de
3459 1318 3789 1387 parentibus,

2210 1417 2301 1488 qui
2329 1417 2479 1483 mihi,
2513 1416 2558 1471 si
2589 1416 2793 1471 venerit
2822 1414 3139 1479 adversitas,
3182 1413 3349 1480 possit
3395 1411 3594 1479 aliquid
3643 1411 3794 1480 adju-

2212 1524 2358 1563 vare.
2394 1507 2502 1563 Sed
2541 1506 2643 1561 hoc
2669 1523 2772 1561 non
2799 1506 2863 1560 de
2895 1514 3065 1559 morte
3092 1506 3279 1558 horum
3330 1502 3649 1568 condolcus,
3700 1501 3794 1556 sed

2216 1599 2339 1654 dolo
2366 1598 2595 1660 dicebat,
2628 1600 2671 1652 si
2704 1597 2841 1653 forte
2876 1595 3337 1667 potuisset'adhuc
3366 1595 3602 1663 aliquem
3651 1609 3795 1663 repe-

2209 1692 2337 1751 rire,
2362 1698 2420 1743 ut
2452 1688 2795 1743 interﬁceret.

531 1779 858 1847 perducitur.
886 1776 986 1833 Cui
1019 1778 1107 1833 illc
1141 1796 1151 1829 :
1188 1774 1315 1847 Cur,
1368 1778 1557 1847 inquit,
1607 1778 1896 1833 humiliasti
1941 1796 2109 1850 genus
2146 1766 2189 1825 Β
2285 1779 2465 1836 XLIII.
2498 1780 2591 1833 llis
2621 1782 2691 1833 ita
2723 1779 3029 1844 transactis,
3065 1778 3202 1845 apud
3232 1775 3460 1831 Pari-ios
3502 1775 3668 1839 obiit;
3712 1790 3796 1830 se-

532 1882 771 1925 nostrnm
792 1912 806 1937 ,
836 1878 895 1924 ut
920 1878 971 1923 te
1002 1869 1188 1923 vinciri
1222 1869 1592 1939 permitteres?
1623 1869 1810 1925 Melius
1841 1872 1981 1925 enim
2012 1872 2107 1928 tibi

533 1960 704 2014 fuerat
732 1960 889 2014 mori.
918 1959 987 2013 Et
1013 1959 1274 2015 elevatam
1306 1960 1539 2013 securim
1571 1960 1727 2029 capiti
1756 1960 1869 2028 ejus
1900 1962 2103 2016 defixit.

534 2050 944 2119 Conversusque
969 2050 1033 2103 ad
1061 2051 1171 2122 99
1201 2039 1415 2105 fratrem
1441 2049 1575 2119 ejus,
1620 2051 1694 2105 ait
1727 2069 1737 2103 :
1773 2052 1824 2106 Si
1869 2062 1922 2106 tu
1968 2053 2107 2107 Sola-

534 2141 663 2196 tium
692 2140 799 2212 [ΑΙ.
831 2140 1105 2213 auxilium]
1140 2141 1287 2195 fratri
1317 2141 1617 2206 tribuisses,
1649 2143 1898 2213 alligatus
1931 2146 2110 2213 utique

536 2249 641 2290 non
674 2233 880 2288 fuisset.
912 2233 1171 2289 Similiter
1199 2241 1251 2288 et
1280 2232 1419 2287 hunc
1458 2235 1629 2288 securi
1674 2250 1983 2302 percussum
2033 2236 2113 2290 in-

536 2326 760 2381 terfecit.
792 2325 918 2381 Post
946 2341 1170 2396 quorum
1202 2335 1427 2380 mortem
1449 2366 1463 2391 ,
1495 2340 1823 2395 cognoscunt
1877 2330 2113 2397 prodito-

534 2433 620 2472 res
641 2432 849 2486 eorum,
876 2432 1061 2471 aurqu
1094 2418 1232 2487 quod
1256 2432 1285 2470 a
1314 2432 1438 2487 rege
1466 2428 1781 2487 acceperant
1812 2433 1933 2474 esse
1962 2420 2113 2474 adni-

535 2518 731 2562 terum.
763 2507 914 2575 Quod
944 2521 1066 2563 cum
1092 2507 1201 2576 regi
1233 2508 1514 2573 dixissent,
1538 2508 1624 2562 ille
1646 2510 1984 2578 respondisse
2010 2509 2117 2564 fer-

537 2608 622 2651 tur
650 2615 663 2650 :
694 2598 901 2664 Merito,
928 2598 1120 2667 inquit,
1148 2598 1251 2652 tale
1269 2614 1455 2651 aurum
1485 2599 1700 2667 accipit,
1724 2601 1811 2669 qui
1841 2600 2115 2656 dominum

535 2702 693 2743 suum
725 2688 790 2743 ad
819 2699 1045 2743 mortem
1080 2690 1291 2758 propria
1318 2691 1591 2745 voluntate
1617 2690 1851 2745 deducit.
1883 2694 1990 2744 Iloe
2014 2693 2116 2747 illis

535 2779 675 2848 quod
709 2779 950 2834 viverent
977 2780 1174 2835 debere
1201 2780 1467 2849 sufficere,
1500 2797 1568 2838 ne
1597 2783 1733 2838 male
1761 2783 2113 2851 proditionem

536 2872 876 2926 dominorum
901 2886 1117 2927 suorum
1145 2872 1319 2926 luituri
1349 2873 1488 2927 inter
1509 2881 1775 2929 tormenta
1800 2875 2110 2930 deficerent.

534 2964 688 3030 Quod
717 2964 789 3019 illi
815 2965 1113 3030 audientes,
1145 2967 1398 3035 optabant
1421 2968 1649 3036 gratiam
1682 2969 1904 3039 adipisci
1940 2988 1949 3021 :
1983 2970 2109 3023 illud

534 3054 635 3109 sibi
672 3066 974 3111 asserentes
1003 3055 1252 3111 sufficere
1284 3057 1327 3111 si
1372 3058 1553 3113 vivere
1585 3071 1937 3114 mererentur.
1974 3061 2114 3115 Fue-
2147 3054 2193 3116 C

2215 1874 2498 1945 pultusque
2526 1873 2577 1926 in
2612 1872 2825 1925 basilica
2854 1878 3158 1924 sanctorum
3187 1868 3565 1937 Apestolorum
3590 1876 3613 1910 εξ
3637 1882 3796 1935 quam

2214 1979 2335 2018 cum
2363 1962 2737 2018 Cbrotechilde
2770 1963 2951 2031 regina
2983 1961 3097 2028 ipse
3120 1969 3517 2015 construxerat.
3553 1958 3797 2028 Migravit

2216 2067 2392 2110 autem
2428 2066 2545 2125 post
2571 2055 2897 2111 Vocladense
2921 2054 3121 2107 bellum
3147 2068 3289 2106 anno
3310 2052 3515 2122 quinto.
3546 2051 3799 2105 Fuerunt-

2219 2164 2321 2217 que
2350 2163 2538 2202 omnes
2558 2147 2670 2202 dies
2694 2149 2839 2216 regni
2864 2148 2998 2214 ejus,
3025 2146 3235 2215 triginta
3257 2146 3405 2198 anni.
3434 2146 3586 2197 Altus
3612 2141 3635 2178 ιι
3665 2152 3797 2214 tota,

2220 2242 2565 2311 quadraginta
2620 2242 2858 2311 quinque
2902 2241 3049 2293 anni.
3083 2240 3126 2293 A
3175 2238 3396 2292 transitu
3450 2250 3579 2305 ergo
3628 2236 3799 2293 sancti

2222 2335 2454 2401 Martini,
2482 2348 2649 2404 usque
2685 2334 2749 2389 ad
2799 2335 3076 2389 transitum
3103 2332 3461 2387 Cblodoveclii
3494 2332 3656 2399 regis,
3708 2330 3799 2399 qui

2219 2425 2315 2478 fuit
2363 2425 2673 2479 undecimus
2720 2439 2890 2477 annus
2930 2426 3267 2493 episc0patus
3312 2421 3498 2477 Licinii
3544 2420 3799 2475 Turonici

2220 2515 2532 2579 sacerdotis,
2550 2523 2906 2583 supputantur
2930 2515 3055 2568 anni
3078 2524 3289 2568 centum
3305 2511 3612 2566 duodecim.
3628 2511 3799 2564 Chro-

2221 2606 2468 2660 tccbildis
2499 2618 2675 2659 autem
2706 2607 2911 2675 regina,
2947 2615 3065 2674 post
3088 2613 3313 2659 mortem
3344 2604 3442 2657 viri
3465 2603 3546 2658 sui
3570 2601 3798 2656 Turonis

2224 2698 2369 2751 venit
2396 2713 2409 2751 :
2436 2698 2615 2765 ibique
2646 2698 2706 2751 ad
2741 2696 3013 2751 basilicam
3038 2696 3204 2750 sancti
3229 2695 3440 2749 Martini
3463 2694 3799 2759 deserviens,

2222 2804 2343 2843 cum
2374 2804 2583 2844 summa
2614 2790 2867 2859 pudicitia
2901 2799 3062 2856 atque
3106 2787 3432 2849 benignitate
3464 2788 3515 2839 in
3562 2783 3664 2839 hoc
3688 2772 3797 2837 loco

2223 2892 2549 2936 commorata
2580 2892 2661 2936 est
2689 2881 2936 2936 omnibus
2965 2881 3154 2935 diebus
3183 2880 3304 2934 vita:
3341 2893 3474 2945 sum,
3504 2891 3628 2933 raro
3657 2876 3797 2932 Pari-

2220 2975 2329 3029 sios
2361 2974 2605 3028 visitans.

2683 3064 2904 3135 Explirit
2935 3064 3060 3118 liber
3089 3063 3360 3117 secundus.

531 3166 3794 3213 gmw

532 3418 587 3478 I.
630 3419 705 3491 De
732 3422 854 3491 ﬁliis
883 3412 1010 3478 Chlo
1024 3423 1256 3478 dovecln.

531 3491 617 3549 II.
661 3489 740 3564 De
766 3497 1055 3564 episcOpatu
1080 3493 1289 3564 ,Diniﬁi,
1322 3492 1654 3561 Apollinaris,
1684 3500 1832 3564 atque
1865 3493 2152 3558 Quintiani.

532 3564 654 3620 III.
698 3563 851 3627 Quod
881 3563 1017 3617 Doni
1045 3563 1246 3617 Gallias
1277 3566 1617 3631 oppetierunt.

532 3635 641 3691 IV.
688 3632 763 3687 De
791 3634 1166 3703 Tlioringorum
1194 3632 1417 3702 regibus.

541 3707 609 3763 V.
654 3705 807 3769 Quod
839 3704 1175 3775 Sigimundus
1203 3705 1367 3770 ﬁlium
1398 3719 1549 3756 suum
1574 3704 1848 3760 interemit.

539 3776 645 3831 VI.
686 3776 764 3828 De
790 3775 1002 3829 interitu
1030 3774 1401 3828 L'hlodomeris.

525 3846 678 3902 ’Vll.
720 3845 799 3900 De
829 3846 958 3900 bello
989 3856 1170 3898 contra
1202 3844 1507 3912 Thoringos,
1540 3854 1586 3899 et
1611 3861 1786 3902 eorum
1816 3853 2009 3914 strage.

538 3916 711 3971 VIII.
753 3915 832 3970 De
870 3916 1080 3971 interitu
1109 3914 1511 3983 IIermene/ridi.

531 3987 637 4044 IX.
683 3986 833 4056 Quod
876 3986 1230 4041 Childebertus
1259 3986 1497 4040 Arvernis
1517 3987 1663 4045 abiit.

531 4058 603 4116 Χ.
648 4060 726 4114 De
754 4058 961 4111 interitu
988 4057 1257 4111 Amalrici.

1068 3285 1690 3370 INCIPIUNT
1762 3286 2355 3374 CAPITULA
2432 3295 2741 3378 LIBRI
2799 3296 3234 3379 TERTII.

532 4129 643 4200 XI.
690 4130 840 4200 Quod
868 4126 1321 4200 Childebertuset
1343 4124 1778 4185 Chlot/mcharius
1804 4128 1857 4183 in
1890 4124 2116 4200 Burgum

2222 4147 2246 4197 ί»
2279 4130 2627 4195 Theudoricus
2656 4140 2892 4195 Arvernis
2932 4141 3058 4194 abiit

531 4199 675 4254 XII.
717 4199 794 4253 De
821 4198 1020 4251 excidio
1046 4198 1267 4267 regionis
1293 4197 1552 4252 Awerm‘e.

531 4269 579 4324 Χ
587 4269 648 4324 II
659 4268 689 4323 Ι
696 4309 711 4324 .
754 4269 830 4322 De
858 4266 1162 4321 Lovolautro
1188 4278 1237 4321 et
1272 4266 1633 4323 Meroliaceusi
1664 4279 1851 4326 castro.

487 4336 491 4345 ’
532 4340 692 4395 XIV.
740 4339 815 4393 De
844 4339 1053 4392 interitu
1077 4337 1394 4390 Munderici.

533 4410 665 4465 XV.
712 4409 790 4463 De
816 4409 1101 4477 captivitate
1142 4408 1321 4461 Attali.

533 4479 581 4535 Χ
601 4479 694 4536 γι.
735 4478 814 4534 De
840 4477 1127 4545 Sigivaldo.

534 4550 582 4605 Χ
596 4550 732 4606 VII.
777 4549 854 4603 De
884 4548 1137 4615 episcopis
1165 4546 1456 4602 Turonicis.

535 4620 763 4677 XVIII.
809 4620 885 4675 De
911 4619 1121 4672 interitu
1143 4619 1373 4688 ﬁliorum
1402 4619 1781 4676 Clilodomeris.

608 4744 635 4807 ft
666 4735 754 4807 Sic
779 4731 931 4807 Qolb.
960 4737 1016 4786 et
1039 4730 1261 4797 Chesn.;
1281 4730 1369 4785 alii
1392 4731 1479 4786 ed.
1512 4740 1563 4786 et
1583 4748 1734 4807 mss.,
1758 4734 1860 4789 sire
1881 4735 2121 4807 armillis.
2154 4740 2208 4800 D
2306 4734 2326 4774 τ
2357 4736 2547 4807 Regni.
2575 4733 2719 4788 addit
2747 4733 2980 4801 ﬁdelibus
3009 4734 3136 4788 suis.

605 4804 635 4843 δ
664 4806 756 4861 Sic
786 4804 984 4876 Obesi).
1007 4813 1216 4876 etgmss.
1246 4811 1670 4876 omnespprteter
1695 4806 1881 4876 Ilegm.
1912 4807 2001 4876 qui
2033 4806 2128 4858 ba-

540 4877 631 4931 bet
657 4875 867 4945 legatis.
882 4873 1017 4927 Editi
1043 4873 1304 4945 plerique,
1328 4874 1690 4942 proditoribus.
1714 4873 2009 4930 Retineuda
2024 4890 2125 4930 vox

541 4943 821 5000 Leudibus.
855 4944 1062 4999 Leudes
1087 4958 1180 4999 seu
1211 4943 1400 5015 lideles
1426 4958 1551 4998 suos
1580 4946 1923 5012 appellabant
1971 4961 2127 5015 reges

540 5019 711 5071 nostri
745 5015 1009 5070 vassallos
1037 5029 1196 5081 suos,
1230 5014 1465 5069 maxime
1513 5015 1825 5079 nobiliores,
1875 5016 1965 5081 qui
1997 5014 2123 5070 nulli

539 5096 893 5155 prteterquam
927 5084 1148 5154 principi
1179 5085 1396 5137 obnoxii
1438 5095 1618 5149 erant;
1655 5099 1834 5153 postea
1886 5087 2121 5143 barones

538 5158 787 5225 appellati
818 5156 1049 5210 fuerunt.
1090 5155 1560 5225 Videllignouinm
1589 5158 1639 5211 in
1682 5157 1942 5211 formulas
1984 5158 2121 5211 Illar-

539 5224 661 5281 culli
694 5228 788 5281 lib.
820 5240 856 5287 I,
885 5240 1003 5294 cap.
1035 5225 1124 5289 40,
1157 5224 1245 5292 qui
1272 5224 1381 5292 jam
1410 5235 1584 5292 antea,
1617 5242 1735 5295 cap.
1781 5228 1870 5289 18,
1904 5230 2121 5282 eosdem

542 5296 921 5350 Anstrustiones
947 5309 1157 5361 quoque
1174 5296 1331 5347 fuisse
1350 5296 1648 5352 nominatos
1670 5297 2004 5351 observarat.
2025 5298 2125 5351 Ite-

542 5365 860 5489 autnd’assi
879 5372 970 5417 aut
994 5363 1214 5417 Vossalli
1241 5364 1364 5419 dieti
1391 5366 1620 5422 fuerunt.
1649 5366 1779 5423 Vide
1796 5367 2126 5423 Glossarium

622 5451 746 5489 nan.

622 5451 746 5489 02".

622 5451 652 5488 η
692 5452 746 5489 n.

617 5516 640 5543 ε
656 5451 772 5558 gEd.
795 5516 1003 5572 omnes,
1028 5504 1429 5560 inimicarentur.

615 5573 642 5611 ἀ
672 5574 805 5629 Cod.
837 5574 1046 5642 licgm.,
1069 5575 1414 5629 ltacltanario.

560 5654 642 5719 -ηο
675 5646 782 5719 Alii
806 5659 924 5697 cutn
960 5645 1113 5719 [lellq
1152 5647 1479 5719 Ilegnameris
1502 5656 1633 5719 ,‘et‘
1652 5660 1809 5715 paulo
1859 5646 1995 5701 infra
2041 5662 2130 5703 co-

547 5716 693 5771 dices
721 5717 939 5784 aliquot,
969 5715 1316 5772 Cinomnnnis.
1352 5719 1485 5771 ΕιΙίιί
1504 5715 1570 5776 ⁷4.
1598 5715 2021 5772 Cenomonniom.

2306 4835 2331 4872 ε
2368 4824 2671 4898 lltcctnodo
2694 4832 2898 4898 sancta;
2919 4823 3202 4880 Geuovefze
3233 4827 3553 4894 appellatur,
3576 4829 3720 4898 quod
3744 4831 3809 4889 ibi

2233 4898 2437 4961 sepulta
2460 4892 2612 4961 virgo
2633 4895 2991 4947 sacratissima
3019 4898 3195 4949 multis
3229 4892 3498 4951 miraculis
3523 4892 3772 4953 claruerit
3797 4919 3811 4953 :

2234 4977 2419 5035 estque
2473 4964 2680 5037 abbatia
2741 4964 2968 5037 celebris
3043 4969 3420 5022 canonicorum
3473 4970 3811 5037 Ilegulariutu

2233 5038 2436 5090 ordinis
2466 5035 2524 5089 S.
2559 5036 2858 5103 Augustini,
2894 5051 3029 5103 quos
3059 5052 3123 5089 cx
3155 5037 3428 5091 Victorino
3460 5035 3673 5094 abbatia
3722 5041 3790 5095 de

2232 5108 2420 5162 ductos
2450 5106 2518 5159 ibi
2551 5105 2739 5158 locavit
2776 5104 3029 5174 Sugerios
3059 5107 3221 5162 abbas
3254 5110 3312 5163 S.
3344 5108 3601 5180 Dionysii.

2301 5196 2329 5235 ιι
2365 5199 2486 5252 llaec
2516 5197 2698 5260 verba,
2730 5205 2855 5249 tetas
2886 5206 2989 5249 tota
3020 5196 3087 5249 45
3118 5200 3273 5266 anni,
3306 5200 3500 5254 desunt
3555 5200 3607 5254 in
3662 5200 3816 5254 codd.

2231 5268 2395 5324 Corb.
2424 5278 2479 5321 et
2509 5268 2695 5335 Regni.
2730 5266 2872 5320 Obiit
2899 5268 3237 5323 Chlodoveus
3266 5285 3389 5323 tera:
3419 5271 3653 5337 vulgaris
3678 5286 3816 5324 anno

2234 5340 2362 5420 ﬁll,
2394 5338 2481 5420 qui
2513 5352 2612 5392 nec
2651 5350 2825 5420 anuus
2852 5338 2953 5391 “'2
2997 5341 3359 5420 postue-buunt
3389 5344 3557 5395 sancti
3611 5340 3818 5420 Martini

2236 5412 2352 5474 fuit,
2388 5407 2433 5463 si
2465 5423 2644 5461 verum
2675 5409 2747 5460 sit
2771 5407 2911 5461 Itunc
2936 5425 3075 5461 anno
3104 5410 3207 5464 597
3234 5410 3299 5464 ad
3328 5426 3552 5477 superos
3581 5412 3815 5472 abiisse;

2238 5496 2337 5535 nec
2367 5481 2551 5534 Licinii
2583 5477 2819 5545 episcopi
2851 5479 2938 5543 ll,
2972 5493 3093 5532 cum
3144 5483 3251 5534 Leo
3297 5483 3557 5535 diaconus
3605 5484 3818 5534 nurnine

2244 5553 2362 5607 Veri
2389 5550 2646 5621 episcopi,
2673 5548 2762 5615 qui
2788 5548 2972 5621 Licinii
2994 5550 3247 5606 decessor
3280 5552 3394 5614 fuit,
3431 5553 3660 5609 concilio
3687 5556 3816 5621 Aga‘

2243 5624 2417 5679 tltcusi
2451 5636 2589 5676 anno
2618 5619 2724 5675 506
2750 5618 3145 5690 subscripserit.
