4028 6342
252 321 367 388 ~9H

1119 304 1133 317 ’
1191 330 1507 389 HISTORIA
1548 333 1994 389 rntnconun.
2036 337 2235 393 unm
2274 306 2592 400 marios.

267 441 425 516 ξ.
454 442 547 516 Ᾱυε
572 450 747 516 sancto
774 442 1022 516 Gregorio
1054 444 1379 516 Lingonensi,
1410 461 1454 501 et
1483 450 1582 501 situ
1614 447 1930 505 Divionensis
1969 457 2147 509 castri.

268 512 399 585 XX.
437 513 586 585 Quod
612 512 994 585 rTIteudebe—rtus
1024 512 1371 584 Wisi'vqardcm
1396 521 1733 585 despumavit.

265 580 425 651 XXI.
471 584 618 651 Quod
647 584 1027 639 Tlteudebertus
1054 588 1106 639 in
1138 580 1461 640 Provinciam
1486 580 1633 642 abiit.

267 650 472 724 ξ..
508 656 655 724 Quod
682 666 856 723 postea
888 653 1213 709 Deotheriam
1240 659 1453 724 accepit.

264 720 495 796 .
537 723 614 796 Pe
639 720 842 796 interitu
868 724 1137 796 Sigivaldi,
1169 737 1213 779 et
1237 720 1608 796 fuga'Givaldi.

264 790 478 847 XXIV.
524 794 675 859 Quod
701 790 1047 849 Childebertus
1069 790 1472 852 Theudebcrtum
1500 798 1804 851 muneravit.

170 872 240 930 ί
265 859 312 930 Χ
320 859 367 912 Χ
383 862 446 915 V.
491 861 566 916 De
595 863 814 919 bonitate
842 864 1201 919 Theudeberti.

165 929 219 1010 β
268 929 484 1010 lilii:
523 932 601 1010 ος
626 935 832 1010 interitu
857 935 979 1010 ﬁlia?
1004 936 1307 1010 Demisis-

166 998 229 1071 β
267 998 508 1058 XXVII.
555 1005 706 1065 Quod
733 998 1108 1059 Thrudebertus
1137 1006 1479 1076 Wisigardcm
1504 1007 1719 1074 accepit.

263 1068 368 1123 XX
382 1071 546 1126 VIII.
593 1070 743 1126 Ουοά
774 1073 1124 1126 Chlidebertus
1146 1092 1259 1126 cum
1288 1076 1634 1126 Theudeberta
1662 1092 1719 1126 co

263 1137 478 1198 XXIX.

262 1208 451 1285 ξ
478 1212 557 1285 De
591 1214 790 1285 regith
823 1213 1196 1285 Hispanorum.

263 1277 490 1353 XI.
520 1282 597 1353 De
616 1277 725 1351 ﬁlia
748 1277 1051 1337 Theudorici
1072 1287 1204 1353 regis
1230 1283 1421 1339 Italici.

262 1346 510 1415 XXXII.
556 1346 705 1415 Quod
735 1346 1187 1409 Theudebertus'in
1220 1354 1431 1408 Italiam
1456 1355 1600 1410 abiit.

261 1414 545 1476 XXXIII.
580 1414 662 1477 De
681 1424 931 1478 Asteriolo
954 1433 1001 1477 et
1026 1423 1341 1479 Secundino.

593 1070 743 1139 Quod
774 1073 1124 1129 Chtldebertus
1146 1069 1634 1130 rum'Theudeberto'
1662 1082 1841 1130 contra
1868 1069 2319 1130 Chlothachatium
2338 1072 2488 1128 abiit.

522 1142 669 1207 Quod
689 1144 1049 1215 rChildebertur
1076 1154 1122 1198 et
1150 1146 1576 1201 Chlothacharius
1601 1147 1657 1201 in
1685 1145 1965 1215 Hispanias
1988 1139 2239 1198 abierunt.
2354 1190 2368 1204 ,
2466 1157 2474 1165 '

261 1485 529 1546 XXXIV.
576 1489 652 1545 De
680 1510 881 1547 munere
906 1494 1242 1549 Thcudeberti
1266 1497 1400 1549 circa
1430 1494 1785 1550 Viridunenm
1822 1495 1971 1549 cives.

261 1555 497 1615 XXXV.
539 1559 616 1614 De
637 1562 845 1616 interitu
873 1563 1140 1618 Siriualdi.

259 1625 419 1703 ξ
433 1630 538 1703 Kl.
577 1629 651 1703 De
673 1632 814 1685 obitu
841 1632 1200 1703 Theudeberti,
1224 1643 1271 1689 et
1295 1651 1359 1690 ae
1377 1636 1581 1689 interitu
1610 1635 1897 1690 Parthenii.

260 1693 419 1754 XXX
434 1698 563 1755 VII.
607 1701 683 1757 De
705 1706 880 1773 hyeme
904 1704 1065 1776 gravi.

1262 2005 1734 2113 LIBER
1831 2004 2557 2113 TERTIUS.

1662 2248 2125 2360 protegas.

338 2458 491 2534 103
526 2461 725 2529 Velim,
756 2461 799 2518 si
829 2460 1023 2532 placet,
1055 2474 1338 2532 parumper
1376 2462 1623 2517 conferre
1655 2502 1669 2527 ,
1714 2474 1833 2531 qtue
1863 2458 1915 2519 Α
1939 2459 2113 2515 stituit
2144 2478 2157 2513 :
2191 2460 2429 2518 haeretici
2478 2475 2605 2519 vero
2628 2504 2643 2530 ,
2679 2474 2778 2516 nec
2820 2459 3103 2531 acquirunt
3147 2469 3207 2525 ιι,
3242 2460 3335 2516 sed
3365 2464 3506 2529 quod

215 2592 232 2603 .
255 2535 575 2608 Christianis
601 2553 808 2609 beatam
835 2552 1221 2609 conﬁtentibus
1241 2552 1557 2608 Trinitatem
1580 2567 1831 2622 prospera

257 2645 645 2710 successerint,
675 2655 867 2713 etquae
904 2644 1169 2700 haereticis
1198 2646 1441 2700 eamdem
1461 2646 1824 2701 scindentibus

255 2731 466 2801 fuerint
519 2736 571 2789 in
622 2737 854 2791 ruinam.
885 2735 1200 2791 Omittamus
1224 2747 1397 2792 autem
1426 2738 1652 2808 qualiter
1682 2738 1829 2792 illam

255 2822 529 2878 Abraham
560 2836 849 2880 veneratur
872 2825 936 2880 ad
962 2826 1159 2891 ilicem,
1183 2826 1346 2883 Iacob
1374 2829 1628 2897 praedicat
1658 2827 1710 2883 in
1741 2829 1832 2884 be-

257 2911 573 2968 nedictione
597 2956 612 2980 ,
664 2914 873 2986 Moyses
901 2918 1176 2987 cognoscit
1206 2917 1258 2971 in
1286 2925 1459 2983 sente,
1488 2920 1711 2988 populus
1749 2933 1834 2974 se-

255 3003 516 3072 quiturin
543 3006 705 3073 nube,
740 3007 1089 3076 eamdemque
1121 3010 1360 3078 pavescit
1408 3010 1458 3064 in
1506 3018 1685 3066 monte
1710 3012 1830 3076 {vel

255 3094 487 3161 qualiter
511 3110 628 3150 eam
660 3098 837 3151 Aaron
870 3105 1045 3165 portat
1094 3098 1148 3151 in
1195 3099 1352 3169 logio,
1387 3110 1476 3154 aut
1509 3100 1673 3155 David
1706 3102 1834 3157 vati-

257 3185 466 3239 cinatur
493 3186 545 3240 in
578 3187 809 3254 psalmo,
853 3203 1011 3242 orans
1042 3188 1285 3243 innovari
1332 3204 1390 3245 se
1427 3205 1523 3257 per
1568 3190 1823 3260 Spiritum

255 3288 487 3343 rectum.
514 3293 613 3334 nec
641 3279 740 3334 sibi
772 3278 967 3333 auferri
999 3279 1252 3348 Spiritum
1281 3291 1548 3349 sanctum,
1575 3291 1731 3353 atque
1770 3299 1831 3339 se

262 3370 569 3425 conﬁrmari
602 3386 695 3439 per
723 3371 977 3440 Spiritum
1011 3373 1358 3441 principalem
1393 3374 1622 3436 (Psalm.
1651 3392 1698 3441 L,
1736 3376 1831 3431 12-

259 3460 375 3531 14).
430 3463 679 3533 Magnum
735 3472 790 3517 et
830 3477 929 3531 ego
976 3463 1060 3517 hic
1110 3479 1274 3519 cerno
1323 3468 1655 3535 mys'erium,
1685 3467 1828 3536 quod

255 3555 469 3610 scilicet
494 3570 652 3624 quem
682 3553 917 3610 haeretici
949 3556 1207 3609 minorem
1235 3565 1518 3622 asserunt,
1568 3559 1825 3627 principa-

259 3644 368 3700 lem
400 3661 500 3700 vox
532 3645 842 3716 prophetica
878 3647 1157 3700 nuntiavit.
1189 3646 1292 3700 Sed
1322 3647 1435 3713 his,
1469 3657 1521 3703 ut
1558 3648 1784 3703 diximus
1808 3690 1824 3718 ,

256 3736 494 3800 omissis,
525 3736 590 3791 ad
622 3746 804 3792 nostra
835 3744 1076 3806 tempora
1108 3740 1629 3796 revertamur.Arins
1658 3742 1823 3804 enim,

1940 2554 2189 2610 videntur
2211 2554 2431 2622 habere,
2453 2556 2692 2611 aufertur
2723 2555 2790 2609 ab
2817 2554 2917 2610 eis.
2962 2553 3215 2609 Probavit
3255 2554 3357 2608 hoc
3402 2556 3506 2609 (lu.

1938 2645 2181 2714 degiseli,
2203 2646 2540 2714 Gundebadi,
2586 2656 2745 2717 atque
2784 2646 3073 2700 Godomari
3107 2646 3349 2701 interitus
3376 2686 3393 2713 ,
3418 2649 3506 2716 qui

1935 2744 1990 2791 et
2016 2735 2239 2805 patriam
2269 2738 2425 2792 simul
2455 2747 2509 2791 et
2537 2738 2741 2791 animas
2766 2737 3115 2805 perdiderunt
3146 2736 3196 2791 ιτ.
3242 2737 3349 2792 Nos
3378 2752 3509 2792 vero

1938 2841 2103 2881 unum
2129 2835 2289 2897 atque
2311 2829 2650 2896 invisibilem,
2681 2828 3025 2896 immensum,
3050 2831 3506 2898 incomprehensi‘

1936 2915 2119 2980 bilem,
2152 2917 2430 2989 inclytum,
2459 2934 2746 2989 perennem
2773 2929 2933 2988 atque
2984 2932 3295 2988 perpetuum
3328 2920 3519 2974 Domi»

1936 3021 2062 3062 num
2088 3009 2428 3072 conﬁtentur,
2452 3026 2611 3064 unum
2642 3008 2695 3064 in
2724 3008 2982 3065 Trinitate
3007 3021 3224 3079 propter
3251 3024 3504 3078 persona.

1934 3112 2049 3152 rum
2073 3114 2372 3166 numerum,
2392 3099 2441 3153 id
2466 3110 2546 3155 est
2570 3100 2738 3155 Patris
2764 3109 2816 3155 et
2839 3100 2958 3155 Filii
2978 3100 3285 3169 et—Spiritu-s
3300 3099 3502 3153 sancti:

1935 3191 2253 3245 conﬁtemur
2282 3199 2336 3246 et
2367 3192 2571 3246 trinum.
2593 3192 2644 3247 in
2668 3194 2889 3259 unitate,
2905 3193 3499 3261 proptermqualitatcut

1935 3281 2273 3346 substantiae,
2305 3281 2539 3348 deitatis,
2572 3283 2993 3352 omnipotentiae,
3018 3284 3100 3337 Vol
3125 3283 3332 3337 virtutis
3368 3299 3382 3336 :
3409 3285 3523 3353 quir

1934 3380 2015 3427 est
2048 3387 2183 3427 unus
2211 3387 2451 3428 summus
2477 3383 2634 3442 atque
2682 3374 3019 3444 omnipotens
3061 3374 3197 3429 Deus
3230 3373 3283 3428 in
3312 3374 3501 3444 sempi-

1935 3472 2085 3518 terna
2116 3465 2310 3518 saecula
2342 3478 2596 3532 regnans.

2009 3554 2159 3624 105
2193 3554 2230 3609 Ι.
2270 3552 2528 3609 Defuncto
2568 3555 2725 3624 igitur
2748 3554 3080 3610 Clodovecho
3106 3570 3249 3624 rege,
3280 3564 3522 3626 quatuor

1932 3644 2021 3698 lilii
2047 3646 2163 3714 ejus
2188 3690 2201 3714 ,
2248 3646 2296 3701 id
2329 3654 2415 3701 est
2441 3646 2827 3713 Theuderieus,
2854 3646 3222 3704 Chlodomeris
3247 3688 3263 3712 ,
3292 3647 3501 3703 Childe-

1932 3737 2144 3801 bertus,
2194 3745 2351 3805 atque
2398 3736 2835 3792 Cbiothacharius
2880 3747 2901 3773 α
2952 3752 3170 3805 regtnnn
3210 3739 3499 3803 ejus'acci-

256 3825 353 3897 qui
381 3827 537 3896 hujus
565 3828 761 3899 iniqua:
790 3836 953 3884 secta:
986 3829 1186 3898 primus
1214 3829 1531 3899 iniquusque
1578 3830 1825 3887 inventor
1854 3832 1904 3893 B
1933 3829 2116 3897 piunt,
2147 3835 2202 3881 et
2238 3828 2372 3881 inter
2399 3841 2458 3881 se
2487 3832 2639 3895 aequa
2667 3826 2815 3881 lance
2838 3825 3095 3880 dividunt.
3140 3824 3368 3879 Habebat
3390 3828 3524 3894 jam.

252 3916 378 3983 fuit,
411 3919 749 3974 interioribus
778 3921 829 3974 in
861 3934 1127 3975 secessum
1156 3921 1441 3989 depositis,
1475 3920 1824 3978 infernalibus

252 4007 464 4078 ignibus
517 4011 1065 4066 subditur:lltlarius
1118 4028 1245 4066 vero
1301 4013 1486 4069 beatus
1540 4014 1827 4071 individua:

254 4099 536 4155 Trinitatis
565 4100 838 4171 defensor,
873 4113 1089 4171 pr0pter
1125 4101 1280 4173 104
1305 4102 1441 4157 hanc
1487 4098 1537 4157 in
1581 4105 1824 4159 exsilium

253 4188 490 4253 deditus,
514 4198 564 4244 et
594 4196 784 4260 patria:
815 4192 1067 4260 paradiso
1110 4202 1462 4247 restauratur.
1491 4194 1636 4248 Hanc
1663 4195 1826 4248 Chlo-

256 4279 526 4335 dovechus
568 4296 661 4336 rex
712 4282 1023 4347 confessus,
1058 4282 1202 4352 ipsos
1235 4282 1516 4339 haereticos
1560 4286 1827 4355 adjutorio

254 4372 375 4441 ejus
402 4373 691 4441 oppressit,
732 4389 1062 4444 regnumque
1108 4389 1262 4429 suum
1308 4391 1404 4447 per
1451 4385 1587 4434 totas
1628 4378 1827 4453 Gallias

194 4527 207 4535 _
252 4464 500 4520 dilatavit
533 4483 546 4518 :
575 4466 820 4522 Alaricus
850 4468 985 4521 hanc
1012 4468 1281 4535 denegans
1315 4509 1329 4536 ,
1377 4483 1405 4523 a
1461 4485 1625 4540 regno
1653 4480 1708 4526 ct
1738 4488 1827 4540 ρος

250 4554 403 4623 pulo,
428 4564 588 4626 atque
608 4557 676 4611 ab
697 4557 834 4627 ipsa,
862 4558 1001 4627 quod
1050 4560 1221 4628 majus
1251 4570 1363 4625 est,
1399 4561 1509 4615 vita
1538 4563 1826 4621 mulctatur

248 4654 476 4701 eterna.
509 4647 765 4703 Dominus
791 4658 969 4704 autem
993 4665 1054 4705 se
1076 4665 1201 4706 vere
1224 4652 1588 4719 credentibus,
1616 4654 1715 4708 etsi
1739 4656 1819 4709 in-

246 4739 482 4797 sidiante
512 4741 728 4799 inimico
751 4742 923 4815 aliqua
954 4744 1199 4815 perdant,
1223 4744 1310 4800 hic
1343 4745 1698 4816 centuplicata
1734 4762 1823 4804 re-

337 4910 373 5023 ;
402 4898 563 4956 Corb.
596 4901 729 4971 Bel.,
773 4912 828 4959 et
866 4902 1047 4961 Casia.
1110 4902 1340 4969 habent,
1398 4918 1488 4958 nec
1553 4904 1824 4973 acquirunt

357 4986 457 5023 ius.

245 4986 457 5025 meum.

326 5038 356 5077 ι’
392 5038 770 5110 Gundobadus,
804 5052 860 5097 ut
908 5043 1155 5097 observat
1186 5042 1455 5106 Valesius,
1502 5042 1589 5096 diu
1625 5042 1823 5097 ﬂoren-

248 5111 521 5165 tissimum
549 5125 767 5179 regnum
800 5113 1049 5174 obtinuit,
1084 5114 1386 5179 ipsumque,
1415 5122 1586 5165 meite
1610 5125 1825 5166 natura.

248 5182 284 5238 li
316 5181 608 5244 est-edens,
633 5183 740 5237 tilio
770 5197 868 5236 suo
895 5182 1236 5251 Sigismundo
1268 5182 1498 5249 reliquit.

326 5259 349 5319 fi
396 5252 487 5304 Sic
532 5264 741 5306 veteres
781 5267 934 5313 mss.,
976 5252 1214 5317 quamvis
1242 5252 1525 5319 aliquando
1575 5250 1816 5315 varient;

249 5318 367 5384 alii,
400 5320 726 5387 IIlotharins,
756 5337 849 5375 seu
886 5321 1196 5383 Chlotarius,
1226 5318 1363 5388 quod
1396 5321 1532 5373 idem
1562 5330 1665 5373 est.
1705 5321 1824 5375 Cm-

253 5398 429 5443 tcrum
463 5391 551 5444 lilii
585 5390 871 5446 Chlodovei
904 5406 1007 5446 non
1034 5390 1265 5458 aequales
1296 5389 1526 5443 habuere
1556 5389 1701 5458 regni
1733 5405 1823 5457 pa-

255 5460 393 5512 terni
439 5469 633 5526 partes.
683 5461 813 5515 Nam
867 5460 1184 5515 Theoderici
1235 5460 1406 5527 portio
1452 5459 1609 5527 longe
1655 5459 1824 5526 major

249 5529 467 5600 caeteris
489 5530 605 5584 fuit.
657 5531 830 5600 Eque
878 5542 1052 5585 tamen
1087 5531 1186 5583 dici
1220 5530 1422 5599 potuit,
1458 5529 1596 5600 quod
1625 5543 1743 5600 cum
1771 5533 1821 5581 in

248 5597 538 5671 dilatandis
566 5597 932 5671 regnipaterui
958 5597 1402 5654 limitibtts'natris
1428 5598 1823 5671 expeditionum

249 5668 440 5722 fuisset
467 5668 677 5742 comes,
707 5669 815 5740 jam
851 5671 951 5727 sibi
997 5671 1193 5740 aliquid
1249 5670 1590 5742 acquisivisse
1620 5672 1825 5724 censeri

248 5747 479 5811 poterat.

1848 5197 1895 5260 C

1933 3929 2059 3977 tunc
2102 3919 2467 3975 Theudoricus
2518 3918 2721 3982 tilium,
2780 3918 2995 3971 nomine
3047 3915 3499 3979 Tltettdcbrrtttm,

1931 4013 2228 4080 elegantem
2255 4020 2412 4079 atque
2440 4010 2646 4063 utilem.
2688 4008 2928 4077 Cumque
2955 4023 3140 4076 magna
3170 4010 3368 4061 virtute
3391 4009 3515 4078 ροισι

1931 4103 2141 4169 lereut,
2198 4111 2251 4156 et
2284 4102 2363 4156 eis
2401 4102 2468 4155 de
2505 4099 2742 4154 exercitu
2790 4099 2951 4154 robur
2979 4100 3250 4168 copiosum
3281 4099 3507 4164 inesset.

1931 4193 2263 4249 Amalaricus
2288 4192 2426 4246 [ilius
2450 4191 2669 4257 Alarici,
2698 4205 2796 4245 rex
2824 4189 3109 4260 Hispaniae,
3141 4204 3381 4246 sororem
3403 4206 3500 4246 eoa

1930 4300 2048 4340 rum
2080 4285 2131 4339 in
2172 4282 2567 4338 matrimonium
2605 4282 2835 4352 posmlat
2865 4298 2878 4335 :
2910 4281 3049 4351 quod
3099 4281 3173 4335 illi
3213 4283 3498 4337 clementer

1933 4375 2249 4445 indulgent,
2281 4384 2337 4430 et
2378 4389 2496 4429 eam
2543 4371 2646 4442 ipsi
2685 4374 2737 4427 in
2788 4372 3058 4442 regionem
3084 4370 3351 4441 Hispania:
3378 4386 3499 4430 cunt

1930 4481 2244 4536 magnorum
2271 4474 2702 4520 ornamentorum
2726 4462 2865 4518 mole
2895 4464 3257 4517 transmittunt
3277 4459 3327 4515 ά.

2003 4557 2065 4613 ΙΙ.
2107 4556 2313 4612 Licinio
2342 4564 2365 4593 ο
2396 4565 2571 4610 autem
2594 4553 2741 4610 urbis
2778 4553 3058 4609 Turouicte
3094 4544 3346 4609 defuncto
3383 4554 3498 4620 cpi.

1929 4661 2111 4717 scopo,
2134 4645 2354 4701 Dinilius
2366 4644 2669 4701 cathedram
2694 4642 3046 4714 pontiﬁcalem
3062 4642 3322 4699 ascendit.
3339 4643 3507 4712 Apud

1931 4737 2182 4796 Arvernis
2204 4752 2330 4793 vero
2352 4746 2474 4807 post
2500 4735 2701 4792 obitum
2722 4732 2862 4791 beati
2888 4732 3173 4805 Aprunculi
3206 4731 3251 4800 ί,
3278 4743 3497 4792 sanctus

2002 4905 2029 4944 ἀ
2074 4905 2146 4959 De
2173 4902 2273 4958 hac
2295 4902 2415 4958 vide
2441 4898 2665 4956 inferius
2691 4915 2813 4969 cap.
2840 4899 2932 4956 10.

2005 4985 2028 5013 ο
2069 4975 2232 5029 Deest
2254 4974 2354 5027 huc
2394 4980 2551 5039 caput
2589 4970 2641 5024 in
2672 4968 2858 5040 Regio.
2916 4970 3081 5025 Porro
3124 4982 3245 5040 ipse
3297 4968 3509 5040 Gregm

1931 5048 2043 5099 rius
2074 5044 2168 5098 lib.
2196 5059 2250 5106 x,
2280 5057 2329 5097 c.
2381 5038 2473 5103 δη
2522 5040 2660 5094 inter
2702 5038 2962 5094 Licinium
2990 5048 3045 5093 et
3076 5038 3324 5092 Dinilium
3358 5039 3497 5092 locat

1930 5114 2266 5171 Theodorum
2292 5122 2342 5165 et
2374 5109 2652 5163 Proculum
2684 5109 2962 5177 episcopos
2985 5124 3016 5162 e
3045 5108 3341 5174 Burgundia
3362 5147 3375 5168 ,
3406 5110 3493 5175 qui

1927 5200 1958 5240 e
1987 5183 2116 5238 sede
2160 5197 2252 5235 sua
2301 5179 2488 5249 ejecti,
2514 5178 2733 5244 iubente
2771 5178 3037 5234 Chlotilde
3058 5178 3257 5245 regina,
3292 5177 3496 5231 Licinio

1925 5254 2176 5310 defuncto
2203 5250 2468 5318 subrogati
2496 5249 2724 5308 fuerunt.

2002 5323 2020 5362 ι
2062 5321 2247 5388 Corb.,
2295 5314 2583 5373 Abroucoli.
2626 5318 2796 5382 llell.,
2828 5315 3339 5388 Abtjttnculi._Co_lb..
3388 5314 3495 5369 Pa-

1927 5392 2168 5449 trunculi.
2227 5383 2297 5444 De
2347 5390 2446 5443 hoc
2495 5390 2625 5442 libro
2658 5404 2730 5453 it,
2763 5403 2882 5452 cap.
2912 5386 2982 5439 25
3014 5393 3067 5438 et
3093 5383 3181 5439 56.
3219 5385 3491 5447 Euri-asins

1927 5474 2103 5518 autem
2145 5460 2456 5528 subscripsit
2484 5459 2712 5512 concilio
2749 5473 2764 5510 ι
2794 5456 3073 5528 Aurelian;
3100 5470 3169 5528 ac
3199 5455 3364 5523 ipsius
3396 5472 3492 5528 no.

1928 5537 2072 5587 mine
2102 5531 2330 5585 concilio
2358 5526 2664 5597 iAgathensi
2713 5526 2948 5597 interluit
2985 5526 3237 5597 Paulinus
3270 5526 3491 5597 presby-

1932 5614 2030 5658 ter.
2079 5602 2281 5654 Colitur
2322 5599 2410 5651 die
2442 5596 2523 5651 li
2570 5596 2825 5663 Januarii,
2882 5596 2957 5650 De
2986 5603 3171 5649 sancto
3200 5596 3491 5663 Quintiano

1929 5673 2124 5743 smpius
2153 5669 2256 5739 agit
2286 5668 2595 5737 Gregorius.
2617 5666 2748 5723 Vide
2777 5659 2918 5724 Vitas
2951 5667 3186 5732 Patrum,
3216 5659 3333 5737 cap.
3365 5662 3425 5723 4..
