4028 6342
547 337 650 393 943

1565 343 1622 402 S.
1665 341 1994 400 ωιεουῐιιι
2038 340 2347 398 EPISCOPI
2391 341 2825 401 TUBONENSIS

3738 353 3847 408 ειη

545 477 824 535 Eufrasius
891 477 1245 537 duodecimus
1305 480 1588 550 episcopus
1640 480 1960 536 habebatur.
2033 480 2125 536 IIic

2236 455 2424 524 przelio
2453 467 2734 527 superatos
2754 457 3045 528 opprimit,
3082 473 3410 533 omnemque
3449 464 3692 535 rapinam
3725 478 3836 524 ter-

543 579 773 641 quatuor
800 585 971 628 annos
1003 581 1126 642 post
1169 573 1531 630 Chlodovechi
1561 573 1766 629 obitum
1796 574 1927 629 visit
1949 616 1964 640 ,
1989 575 2133 630 vice-

544 662 686 717 simo
712 663 900 733 quinto
927 663 1274 733 episcopatus
1323 665 1406 719 sui
1456 679 1599 720 anno
1637 665 1924 720 transiens.
1964 665 2132 720 Cum-

549 771 654 821 que
686 757 912 825 populus
960 768 1204 811 sanctum
1242 757 1589 825 Quintianum
1619 801 1633 825 ,
1662 759 1753 829 qui
1791 759 1859 814 de
1886 758 2133 815 Ruthcno

549 846 756 916 ejectus
781 847 973 914 fuerat,
1009 847 1302 917 elegisset,
1374 848 1618 904 Alcbima
1677 858 1732 904 et
1781 849 2050 904 Placidina
2081 857 2130 914 λ,

548 957 682 996 uxor
708 955 968 1010 sororque
996 941 1321 1011 Apollinaris
1341 981 1356 1008 ,
1387 941 1454 996 ad
1499 950 1742 997 sanctum
1788 941 2132 1008 Quintianum

545 1032 855 1099 venientes,
901 1033 1125 1089 dicunt:
1176 1030 1438 1097 Sufﬁciat,
1483 1032 1701 1088 domine
1745 1041 1948 1102 sancte,
1979 1047 2134 1088 sene-

543 1124 678 1178 ctuti
710 1132 813 1178 ture
837 1165 851 1189 ,
897 1123 1038 1193 quod
1081 1137 1142 1179 es
1182 1124 1468 1193 episcopus
1492 1123 1790 1178 ordinatus.
1833 1123 2130 1188 Permittat,

545 1214 817 1284 inquiunt,
841 1215 1012 1285 pietas
1035 1223 1122 1270 tua
1145 1229 1303 1270 servo
1336 1225 1427 1270 tuo
1457 1215 1749 1284 Apollinari
1773 1216 1947 1270 locum
1977 1215 2134 1285 hujus

543 1308 767 1363 honoris
813 1307 1055 1378 adipisci.
1112 1308 1206 1362 Ille
1257 1322 1386 1363 vero
1443 1323 1563 1363 cum
1609 1307 1675 1362 ad
1733 1308 1874 1361 bunc
1925 1306 2132 1376 apicem

545 1397 894 1464 ascenderit,
927 1398 1065 1453 sicut
1111 1397 1204 1453 tibi
1256 1398 1508 1467 placitum
1556 1398 1735 1464 fuerit,
1767 1399 2128 1467 obsequetur:

541 1497 598 1544 tu
629 1505 842 1560 quoque
871 1489 1160 1560 imperabis
1184 1531 1199 1556 ,
1231 1501 1285 1546 et
1309 1490 1396 1546 ille
1426 1499 1531 1544 tuac
1564 1490 1772 1561 parebit
1809 1491 1858 1544 in
1885 1489 2134 1544 omnibus

539 1580 806 1649 iussioni:
843 1588 1048 1636 tantum
1099 1589 1156 1636 ut
1203 1581 1392 1636 humili
1439 1579 1763 1650 suggestioni
1818 1588 2013 1634 nostrre
2040 1596 2133 1634 au-

539 1686 656 1726 rem
719 1681 825 1727 ture
880 1672 1228 1742 benignitatis
1280 1673 1676 1728 accommodes.
1739 1672 1944 1738 Quibus
1998 1671 2130 1728 ille:

540 1760 679 1827 Quid
707 1776 826 1833 ego,
872 1763 1071 1832 inquit,
1101 1763 1399 1832 praestabo,
1430 1760 1582 1830 cujus
1615 1761 1861 1830 potestati
1887 1761 2020 1815 nihil
2051 1770 2133 1815 est

2238 561 2312 602 ra:
2331 548 2581 604 restituit.

2313 637 2399 694 lV.
2442 638 2612 693 Porro
2636 649 2761 694 tunc
2799 639 2940 712 apud
2971 640 3301 713 Thoringos,
3345 654 3455 702 tres
3482 646 3678 706 fratres
3707 666 3835 724 reg-

2237 746 2364 785 num
2394 733 2567 802 gcntis
2594 731 2737 787 illius
2766 734 3104 790 retinebant:
3148 734 3199 790 id
3228 747 3312 793 est
3335 738 3622 798 Badericus
3644 784 3660 807 ,
3693 744 3836 800 Iler-

2237 821 2572 880 menefridus
2602 823 2652 891 ά,
2678 835 2838 894 atque
2880 825 3214 884 Bertharius.
3260 829 3500 904 Denique
3530 836 3835 894 Ilermene-

2235 911 2406 969 fridus
2462 915 2801 972 Bcrtbarium
2867 918 3088 974 fratrem
3158 937 3316 979 suum
3373 928 3424 982 vi
3478 931 3829 999 opprimens,

2243 1003 2535 1062 interfecit.
2577 1008 2625 1064 Is
2657 1010 2894 1067 moriens
2919 1012 3301 1085 Radegundem
3330 1017 3496 1075 filiam
3526 1023 3828 1092 orphauam

2237 1096 2525 1167 dereliquit
2550 1117 2561 1153 :
2591 1102 2806 1171 reliquit
2827 1115 3006 1160 autem
3037 1116 3091 1162 et
3115 1107 3248 1164 alios
3270 1108 3430 1179 filios,
3447 1103 3527 1168 'de
3552 1114 3747 1183 quibus
3778 1117 3830 1170 in

2235 1191 2586 1259 sequentibus
2655 1194 2977 1250 scribemus.
3044 1199 3197 1270 107
3252 1199 3645 1258 Ilermenefridi
3699 1221 3830 1262 vero

2238 1293 2372 1334 uxor
2401 1280 2582 1350 iniqua
2623 1293 2784 1354 atque
2831 1286 3064 1344 crudelis
3089 1330 3104 1355 ,
3141 1293 3494 1364 Amalaberga
3529 1305 3552 1332 °
3585 1298 3828 1367 nomine,

2237 1371 2379 1427 inter
2407 1373 2506 1430 hos
2533 1375 2724 1431 fratres
2751 1377 2952 1435 bellum
2980 1382 3138 1438 civile
3164 1383 3501 1443 disseminat.
3552 1388 3687 1444 Nam
3733 1407 3829 1446 ve-

2238 1463 2393 1519 niens
2423 1467 2649 1535 quadam
2699 1469 2785 1525 die
2832 1472 2899 1525 ad
2937 1474 3244 1530 convivium
3276 1478 3356 1532 vir
3383 1478 3532 1548 ejus,
3585 1497 3828 1537 mensam

2242 1556 2473 1613 mediam
2504 1571 2746 1629 opertam
2783 1565 3006 1633 reperit.
3047 1567 3290 1639 Cumque
3324 1587 3542 1626 uxorem
3567 1574 3698 1643 quid
3728 1576 3828 1630 sibi

2239 1647 2343 1704 boc
2372 1650 2500 1706 velit
2521 1651 2896 1724 interrogaret,
2923 1660 3202 1728 respondit
3227 1679 3239 1712 :
3272 1661 3404 1728 Qui,
3435 1664 3629 1733 inquit,
3664 1679 3695 1718 a
3718 1681 3829 1720 rne-

2236 1739 2327 1795 dio
2357 1755 2522 1811 regno
2547 1745 2826 1815 spoliatur,
2859 1747 3016 1806 decet
3058 1765 3180 1808 eum
3222 1767 3423 1809 mensa:
3466 1756 3702 1811 medium
3734 1758 3830 1812 hac

541 1855 854 1911 subdilum?
885 1855 1098 1912 ευτηρη
1131 1856 1272 1911 enim
1306 1865 1358 1909 υ,
1391 1855 1619 1910 orationi
1649 1868 1844 1907 vacans
1867 1852 2130 1922 quondm,
2164 1839 2210 1900 Β
2241 1833 2371 1889 bere
2394 1833 2670 1891 nudatum.
2693 1837 2909 1895 Talibus
2932 1851 2986 1897 et
3013 1843 3384 1901 hissimilibus
3408 1847 3497 1902 ille
3527 1860 3828 1918 permotus,

542 1965 668 2003 num
701 1949 832 2003 mihi
865 1949 1062 2003 victum
1113 1957 1331 2016 praestet
1374 1947 1636 2002 Ecclesia.
1679 1947 1787 2002 Illa:
1813 1956 1987 2002 autem
2021 1947 2135 2004 haec

543 2039 864 2103 audientes,
911 2037 1277 2107 Apollinarem
1325 2039 1482 2109 106
1535 2039 1600 2094 ad
1647 2049 1827 2110 regem
1876 2039 2130 2112 dirigunt.

545 2130 649 2196 Qui
682 2129 868 2184 abiens
890 2175 904 2198 ,
935 2130 1130 2185 oblatis
1161 2130 1341 2185 multis
1367 2131 1710 2199 muneribus,
1739 2133 1793 2186 in
1821 2132 2132 2202 epise0patu

543 2225 800 2281 successit
830 2242 843 2279 :
875 2238 979 2295 quo
1002 2231 1227 2292 quatuor
1247 2223 1473 2278 abutens
1503 2224 1800 2290 mensibus,
1831 2225 2077 2294 migravit
2101 2241 2132 2280 a

545 2316 769 2371 smeuln.
787 2316 915 2370 Cum
938 2323 1116 2371 autem
1135 2315 1248 2369 haec
1267 2315 1606 2371 'I‘lteuderico
1621 2317 1860 2372 nuntiata
1884 2317 2128 2384 fuissent,

538 2407 696 2476 jussit
742 2407 868 2461 inibi
899 2415 1142 2462 sanctunt
1195 2405 1537 2474 Quintianum
1584 2407 1874 2473 constitui,
1920 2418 1975 2464 ct
2016 2423 2129 2464 om-

539 2515 662 2554 nem
690 2499 740 2554 ei
771 2507 1089 2568 potestatem
1141 2499 1279 2552 tradi
1334 2498 1590 2554 Ecclesia:
1613 2540 1630 2566 ,
1670 2499 1894 2554 dicens:
1939 2501 2034 2556 llic
2059 2501 2130 2557 ob

541 2592 711 2646 nostri
738 2591 940 2644 amoris
966 2591 1138 2645 zelum
1168 2591 1236 2644 ab
1259 2590 1392 2646 urbe
1421 2604 1517 2646 sua
1546 2591 1749 2660 ejectus
1776 2601 1880 2646 est.
1923 2592 1988 2647 Et
2015 2602 2128 2648 sta-

538 2683 634 2738 tim
666 2681 857 2737 directi
881 2681 1074 2745 nuntii,
1107 2682 1421 2736 convocatis
1458 2681 1799 2750 pontificibus
1828 2693 1881 2738 et
1911 2683 2126 2753 populo,

541 2786 668 2827 eum
697 2772 750 2827 in
773 2771 1087 2828 cathedram
1110 2773 1364 2826 Arverna:
1396 2771 1652 2828 Ecclesia:
1678 2773 2007 2841 locaverunt,
2039 2777 2127 2846 qui

539 2871 763 2933 quartus
803 2863 1045 2920 decimus
1075 2863 1152 2918 illi
1185 2862 1442 2919 Ecclesiae
1483 2864 1802 2934 praepositus
1833 2876 1934 2921 est.
1978 2866 2124 2923 Reli-

535 2971 642 3029 qua
695 2971 825 3011 vero
870 2971 990 3027 qu:e
1035 2957 1240 3028 gessit,
1297 2965 1404 3012 tam
1452 2954 1682 3012 virtutes
1722 2973 1881 3027 quam
1915 2967 2125 3029 tempus

537 3051 876 3122 migratiouis
896 3051 1011 3120 ejus
1037 3091 1054 3117 ,
1087 3050 1285 3120 scripta
1315 3059 1442 3107 sunt
1469 3051 1522 3106 in
1552 3051 1690 3108 libro
1717 3067 1876 3123 quem
1905 3053 1973 3110 de
2007 3054 2124 3125 ejus

536 3141 655 3197 Vita
680 3141 707 3181 δ
737 3142 1156 3212 composuimus.

2239 1938 2427 1983 contra
2487 1929 2704 1986 fratrem
2762 1933 3026 2004 insurgit,
3075 1952 3140 1992 ac
3189 1953 3284 2008 per
3321 1941 3564 1996 occultos
3609 1943 3828 1998 nuntios

2238 2019 2632 2077 'I‘heuderieum
2663 2038 2844 2094 regem
2887 2026 2953 2081 ad
2982 2041 3105 2083 eum
3144 2033 3574 2100 persequendum
3615 2031 3825 2100 invitat,

2237 2110 2461 2166 dicens:
2493 2113 2551 2168 Si
2578 2113 2718 2169 hunc
2750 2115 3031 2186 interficis,
3059 2121 3334 2190 regionem
3366 2122 3501 2177 hanc
3532 2122 3650 2193 pari
3681 2135 3828 2180 sorte

2235 2205 2558 2264 dividemus.
2602 2209 2696 2264 Ille
2741 2220 2917 2265 autem
2964 2213 3217 2283 gavisus,
3266 2215 3381 2270 hsce
3409 2217 3634 2272 audiens
3663 2257 3679 2276 .
3707 2231 3825 2272 eum

2234 2301 2475 2356 exercitu
2507 2303 2572 2356 ad
2615 2318 2739 2358 eum
2785 2304 2985 2375 dirigit.
3027 2307 3418 2378 Conjunctique
3456 2310 3620 2364 simul
3661 2310 3822 2365 ﬁdem

2233 2393 2334 2448 sibi
2365 2393 2593 2450 invicem
2621 2395 2835 2463 dantes,
2869 2399 3071 2465 egressi
3103 2409 3229 2453 sunt
3265 2400 3333 2454 ad
3367 2400 3592 2456 bellum.
3623 2400 3824 2456 Conﬂi-

2233 2493 2529 2556 gentesque
2573 2503 2695 2543 cum
2727 2488 3015 2561 Baderico,
3061 2493 3357 2548 exercitum
3406 2494 3521 2562 ejus
3564 2503 3822 2559 atterunt,

2234 2577 2518 2647 ipsumque
2567 2580 2892 2637 obtruncant
2953 2583 3167 2653 gladio:
3218 2595 3272 2640 et
3314 2585 3529 2642 obtenta
3578 2572 3820 2654 victoria,

2231 2669 2599 2726 Theodericus
2629 2672 2696 2726 ad
2745 2674 2956 2742 propria
2987 2685 3070 2730 est
3097 2689 3368 2731 reversus.
3410 2675 3665 2732 Protinus
3693 2677 3820 2733 Iler-

2234 2758 2572 2814 tnenefridus
2597 2761 2796 2817 oblitus
2823 2763 2944 2819 fidei
2973 2779 3085 2820 suae
3109 2809 3124 2832 ,
3176 2765 3315 2835 quod
3343 2766 3456 2838 regi
3483 2766 3819 2824 Theuderico

2233 2851 2517 2922 indulgere
2547 2853 2818 2923 pollicitus
2859 2867 2982 2925 est,
3011 2855 3235 2926 implere
3285 2857 3567 2930 despexit,
3599 2871 3818 2930 ortaque

2228 2952 2311 3000 est
2347 2945 2487 3000 inter
2518 2961 2610 3002 eos
2631 2947 2846 3017 grandis
2876 2949 3173 3005 inimicitia.

2303 3037 2370 3092 V.
2409 3038 2576 3107 Igitur
2607 3047 2818 3095 mortuo
2860 3041 3196 3098 Gundobado
3227 3041 3272 3109 ί,
3320 3055 3545 3113 regnum
3587 3043 3704 3115 ejus
3731 3045 3816 3101 Si-

2235 3130 2524 3200 gimundus
2555 3131 2693 3186 filius
2720 3131 2835 3202 ejus
2861 3132 3108 3199 obtinuit,
3130 3136 3618 3206 monasteriumque
3645 3139 3815 3206 Agau-

608 3233 696 3288 III.
740 3234 833 3289 llis
862 3235 934 3288 ita
978 3234 1144 3304 gestis
1170 3275 1185 3299 ,
1219 3234 1351 3289 Dani
1399 3252 1519 3291 cum
1567 3251 1694 3307 rege
1735 3252 1856 3304 suo,
1908 3238 2124 3294 nomine
2151 3222 2199 3285 C
2233 3238 2398 3280 nense
2420 3224 2603 3281 solerti
2634 3241 2760 3282 cura
2809 3241 2930 3282 cum
2973 3229 3220 3284 domibus
3262 3230 3603 3301 basilicisque
3647 3233 3814 3288 2di-

536 3325 942 3382 Chlochilaicho
976 3335 998 3364 ε
1019 3370 1033 3394 ,
1066 3335 1261 3380 evectn
1295 3327 1467 3380 navali
1502 3342 1597 3396 per
1634 3342 1782 3382 mare
1807 3327 2006 3383 Gallias
2029 3344 2125 3398 ap-

534 3425 745 3487 petunt.
789 3416 1112 3486 Egressique
1142 3417 1208 3470 ad
1238 3426 1429 3482 terras,
1460 3433 1650 3488 pagum
1681 3433 1842 3473 unum
1866 3419 1933 3474 de
1958 3435 2125 3488 regno

534 3511 855 3566 'I‘heuderici
901 3510 1183 3564 dcvastant
1234 3518 1392 3580 atque
1433 3513 1742 3581 captivant,
1786 3512 2124 3582 oncratisque

533 3602 763 3657 navibus
808 3610 916 3655 tam
959 3600 1027 3654 de
1077 3600 1305 3668 captivis
1345 3615 1500 3671 quam
1543 3601 1610 3658 de
1650 3601 1873 3671 reliquis
1915 3603 2122 3672 spoliis,

533 3695 732 3751 reverti
763 3695 825 3749 ad
861 3695 1083 3764 patriam
1113 3693 1352 3762 cupiunt.
1405 3694 1511 3750 Sed
1541 3711 1631 3749 rex
1663 3710 1848 3750 eorum
1893 3695 1947 3751 iu
1981 3697 2126 3752 littus

532 3785 823 3850 residebat,
857 3785 1026 3840 donec
1079 3799 1242 3840 naves
1286 3785 1448 3839 altum
1499 3800 1648 3840 mare
1696 3787 2126 3854 comprehende-

531 3891 674 3944 rent,
708 3879 822 3947 ipse
845 3878 1099 3948 deinceps
1125 3887 1426 3933 secuturus.
1458 3878 1609 3945 Quod
1639 3892 1760 3933 cum
1787 3879 2126 3937 Theuderico

531 3971 833 4026 nuntiatum
862 3970 1050 4026 fuisset
1076 4011 1090 4036 ,
1124 3971 1265 4041 quod
1309 3970 1517 4026 scilicet
1560 3971 1708 4042 regio
1730 3971 1848 4040 ejus
1878 3973 2037 4028 fuerit
2060 3973 2126 4030 ab

535 4066 809 4120 extraneis
853 4067 1132 4121 devaSIata
1155 4103 1170 4127 ,
1216 4063 1654 4119 Thcudebcrtum
1689 4065 1853 4120 filium
1881 4079 2036 4122 suum
2071 4068 2123 4122 in

533 4155 658 4210 illas
715 4165 894 4224 partes
921 4171 1043 4212 cum
1073 4155 1251 4210 valido
1277 4155 1514 4210 exercitu
1541 4170 1604 4210 ac
1631 4171 1824 4228 magno
1852 4173 2124 4215 armorum

538 4254 797 4316 apparatu
826 4246 1046 4304 direxit.
1087 4245 1186 4313 Qui
1235 4246 1517 4302 interfecto
1559 4261 1706 4318 rege,
1748 4248 1930 4305 hostes
1951 4250 2125 4306 navali

613 4478 639 4507 ⁸
683 4467 896 4534 Regm.,
931 4467 1178 4521 Alt/lima.
1205 4467 1365 4523 Corb.
1397 4476 1450 4522 et
1482 4468 1610 4524 Bell.
1631 4513 1642 4535 ,
1691 4468 1997 4526 Placidatta.
2051 4471 2125 4528 De

537 4539 624 4593 Itis
670 4538 805 4592 intra
856 4552 975 4602 cap.
1019 4539 1106 4592 1‘2.
1154 4538 1342 4604 «ωτι»,
1393 4539 1744 4604 Apollonaris.
1814 4542 1912 4596 II.c
1949 4543 2120 4598 sancti

2228 3317 2376 3372 cavit
2404 3326 2428 3364 ις
2451 3333 2466 3371 :
2489 3318 2578 3387 qui
2607 3319 2812 3388 perdita
2844 3319 3006 3387 priori
3036 3321 3263 3392 conjuge
3293 3321 3342 3388 δ,
3370 3323 3474 3378 tilia
3499 3323 3814 3382 Theoderici

2229 3407 2373 3477 regis
2400 3407 2586 3474 Italici,
2609 3410 2676 3465 de
2695 3424 2796 3480 qua
2821 3409 2986 3466 filium
3013 3411 3239 3468 habebat
3264 3415 3479 3469 nomine
3503 3414 3810 3486 Sigiricum,

2228 3499 2386 3555 aliam
2415 3499 2568 3555 duxit
2590 3515 2845 3566 uxorem;
2877 3517 2996 3572 qua:
3027 3502 3198 3558 valide
3240 3515 3429 3558 contra
3477 3505 3644 3560 filium
3677 3507 3810 3574 ejus,

2229 3595 2370 3650 sicut
2399 3610 2749 3651 novercarum
2782 3610 2899 3651 mos
2922 3605 3028 3664 est,
3053 3596 3333 3669 mallgnari
3363 3613 3424 3651 ac
3447 3598 3812 3654 scandalizare

2228 3691 2410 3760 coepit.
2441 3689 2592 3746 Unde
2628 3689 2826 3745 factum
2875 3700 2958 3746 est
2981 3731 2998 3758 ,
3047 3699 3106 3746 ut
3144 3706 3247 3745 una
3275 3692 3675 3746 solemnitatum
3703 3692 3810 3759 die,

2229 3799 2350 3840 cum
2396 3800 2528 3854 puer
2554 3799 2716 3855 super
2751 3800 2869 3840 eam
2913 3784 3226 3840 vestimenta
3259 3785 3455 3839 matris
3476 3798 3809 3854 agnosceret,

2227 3885 2526 3931 commotus
2558 3875 2682 3932 felle
2718 3876 2920 3931 diceret
2947 3876 3015 3930 ad
3037 3891 3193 3932 eam:
3245 3876 3360 3933 Non
3391 3876 3532 3931 enim
3579 3890 3702 3930 eras
3739 3876 3793 3930 di

2227 3985 2352 4039 gna,
2381 3977 2442 4024 ut
2488 3969 2606 4025 lucc
2652 3969 2962 4024 indumenta
3010 3979 3098 4024 tua
3149 3977 3294 4039 terga
3345 3971 3718 4040 contingerent
3765 3967 3811 4034 ί.

2234 4061 2394 4132 108
2423 4075 2541 4129 qua:
2573 4059 2807 4114 domina:
2852 4067 2955 4114 tum
2981 4101 2996 4125 ,
3027 4059 3079 4114 id
3119 4068 3202 4114 est
3231 4059 3417 4115 matris
3449 4074 3582 4115 meae
3603 4101 3620 4127 ,
3654 4059 3814 4116 fuisse

2227 4163 2540 4208 noscuntur.
2582 4151 2651 4208 At
2692 4153 2782 4207 illa
2830 4151 3014 4209 furore
3060 4167 3316 4209 succensa
3343 4197 3358 4222 ,
3390 4154 3608 4224 instigat
3634 4153 3813 4209 verbis

2226 4246 2430 4302 dolosis
2475 4246 2647 4302 virum
2692 4260 2879 4313 suum,
2930 4245 3156 4302 dicens:
3197 4245 3295 4302 llic
3339 4248 3552 4318 iniquus
3593 4261 3814 4319 regnum

2224 4485 2404 4542 quam_
2416 4467 2576 4537 paulo
2605 4465 2824 4542 inferius
2839 4468 3112 4542 _'I‘heudati
3137 4468 3277 4542 regis
3297 4483 3535 4542 sororem
3558 4473 3811 4539 appellat,

2303 4540 2322 4579 ι
2365 4538 2518 4594 Petro
2538 4539 2768 4606 consule,
2799 4538 2853 4594 id
2881 4548 2965 4595 est
3000 4553 3142 4594 anno
3170 4539 3310 4606 516.,
3342 4556 3408 4597 ex
3438 4541 3603 4597 Mario
3630 4538 3812 4600 Aven-

533 4609 861 4678 Apollinaris
907 4607 1111 4680 Sidonii
1150 4608 1302 4680 filius
1332 4610 1460 4674 fuit,
1491 4612 1582 4680 qui
1616 4613 1978 4668 Arvernorum
2007 4613 2113 4668 dux
2155 4609 2202 4667 D
2229 4611 2441 4667 ticensi.

531 4681 710 4751 fuerat
732 4680 781 4733 itt
812 4679 994 4751 praelio
1035 4678 1381 4751 Vogladertsi,
1413 4678 1564 4749 pater
1593 4683 1842 4739 Arehadii
1865 4723 1879 4744 ,
1915 4683 1982 4737 de
2009 4698 2117 4751 quo

533 4749 675 4804 infra
709 4765 827 4820 cap.
863 4749 950 4817 1‘2,
985 4758 1088 4804 etc.
1149 4749 1359 4806 Etenim
1408 4751 1462 4806 S.
1513 4751 1839 4820 Apollinaris
1864 4749 2117 4810 Sidonius

534 4837 600 4875 ex
655 4819 945 4888 Papianilla
996 4820 1136 4874 Aviti
1189 4822 1317 4888 imp.
1369 4821 1474 4874 lilia
1521 4819 1706 4888 genuit
1753 4824 2011 4877 Alcimam
2061 4834 2116 4879 et

532 4891 929 4960 Apollinarem;
977 4890 1062 4944 hic
1102 4907 1166 4945 ex
1210 4891 1478 4946 Placidina
1514 4894 1824 4957 Arcadium,
1855 4894 2116 4950 Arcadius

531 4977 661 5016 vero
690 4961 911 5016 alteram
945 4960 1267 5033 Placidinam
1289 5003 1306 5028 ,
1363 4977 1482 5031 qua:
1512 4963 1736 5018 Leontio
1759 4965 1981 5033 juniori,
2019 4979 2117 5033 po-

534 5043 647 5087 stea
677 5033 930 5102 episcopo
983 5031 1525 5102 BurdigalmMupsit.
1562 5033 1635 5088 De
1664 5031 2112 5100 qtta'Fortunatus

531 5103 626 5158 lib.
663 5120 701 5166 I,
729 5118 894 5156 carm.
925 5102 1011 5156 Η.
1046 5103 1177 5158 Vide
1209 5102 1388 5158 Vales.
1429 5105 1522 5158 lib.
1555 5120 1624 5157 vtt
1657 5105 1853 5159 Rerum
1900 5105 2117 5171 Franc.,

529 5187 655 5298 Εἰς.
688 5174 791 5227 3°24
815 5214 832 5240 ,
881 5182 935 5228 et
983 5173 1255 5228 Sirmoudi
1303 5185 1460 5231 notas
1510 5176 1561 5229 in
1601 5175 1806 5232 Sidonii
1837 5177 1994 5247 epist.
2027 5179 2115 5244 15,

552 5261 564 5296 ι
611 5285 620 5294 .
655 5259 732 5296 Ill.

552 5259 620 5296 ID.
655 5259 732 5296 III.

603 5313 631 5351 ι’
670 5314 800 5380 Cap.
832 5313 865 5365 4
891 5314 958 5369 de
986 5313 1118 5368 Vitis
1147 5314 1379 5369 Patrum.

608 5395 630 5420 ο
672 5382 848 5448 Colb.,
881 5384 1220 5438 llrodolaico.
1252 5387 1375 5440 Bec.
1408 5401 1550 5440 cum.
1579 5387 1661 5441 ed.
1683 5427 1698 5450 ,
1732 5385 2080 5441 Chochilaico.

603 5452 631 5490 ιι
671 5453 763 5508 Sic
785 5453 951 5525 Qorb.
987 5467 1041 5509 et
1065 5456 1266 5510 Bellov.
1291 5474 1305 5520 ;
1335 5458 1422 5511 alii
1462 5459 1618 5525 paulo
1650 5457 1806 5512 aliter
1845 5458 2119 5512 Hei-mine-

533 5525 731 5593 [νεάτη.
770 5523 919 5579 Colb.
969 5525 1360 5592 Ermenfredus.
1410 5523 1476 5583 Et
1524 5527 1833 5583 Bertbarius
1862 5530 2027 5585 semel
2059 5531 2112 5584 in

530 5597 655 5652 cod.
682 5594 843 5649 Corb.
879 5595 1074 5649 dicitur
1099 5595 1439 5651 Bertecarius.

607 5672 634 5740 °_
669 5667 759 5721 Sic
789 5667 1110 5740 vet_ustiores
1140 5668 1296 5740 codd.
1325 5685 1356 5740 ;_
1398 5668 1488 5723 alii
1533 5668 1873 5740 Amalberga,
1900 5679 1990 5723 aut
2021 5669 2112 5722 Αι-

532 5738 790 5806 muberga.
863 5737 934 5789 Ea
979 5746 1094 5791 erat.
1145 5738 1487 5792 Amalafridae
1544 5741 1744 5794 sororis
1775 5737 2110 5793 "I‘heodorici

532 5810 696 5865 Italiae
721 5807 860 5877 regis
891 5807 1019 5876 lilia,
1046 5821 1111 5863 ex
1145 5807 1401 5879 I’roc0pio
1432 5810 1521 5865 lib.
1551 5827 1564 5864 I
1597 5811 1798 5868 Ilistor.
1827 5813 2110 5882 Gotthiczc,

2296 4693 2322 4730 ις
2361 4683 2682 4741 Agaunense
2727 4679 3111 4735 monasterium
3148 4678 3415 4736 Florentio
3453 4692 3500 4736 et
3542 4683 3812 4738 Anthemio

2224 4752 2538 4816 consulibus,
2565 4751 2725 4822 idest
2750 4765 2892 4822 anno
2933 4752 3039 4806 515
3059 4794 3074 4815 ,
3105 4766 3134 4804 a
3165 4750 3507 4822 Sigismundo
3532 4765 3813 4810 construc-

2225 4832 2333 4877 tum
2367 4823 2529 4877 fuisse
2561 4821 2720 4875 refert
2753 4821 2946 4875 Marius
2977 4821 3377 4888 Aventicensis,
3429 4825 3570 4891 quod
3601 4825 3669 4879 de
3698 4827 3812 4891 ejus

2225 4893 2560 4961 reparatione
2586 4892 2985 4960 intelligendum
3016 4906 3138 4946 esse
3178 4893 3368 4948 suadet
3391 4895 3532 4948 Aviti
3566 4896 3809 4958 ltomilia,

2225 4979 2342 5034 qua:
2367 4965 2504 5016 dicta
2529 4963 2630 5034 fuit
2660 4963 2712 5015 in
2736 4964 3067 5034 innoratioue
3093 4965 3386 5018 monasterii
3412 4965 3594 5031 ipsius.
3637 4964 3807 5020 Situm

2227 5044 2309 5089 est
2337 5035 2386 5087 in
2416 5033 2634 5088 dioecesi
2682 5033 2979 5088 Sedttuensi
3010 5033 3075 5086 ad
3121 5034 3328 5088 radices
3359 5036 3554 5090 montis
3585 5035 3643 5092 S.
3685 5037 3807 5090 Ber-

2229 5106 2415 5172 nardi;
2467 5104 2693 5170 primum
2743 5105 2841 5156 sub
2884 5105 3062 5172 regula
3107 5105 3331 5171 privata,
3365 5114 3476 5158 tum
3508 5109 3608 5159 sub
3640 5108 3805 5161 Bene—

2233 5171 2428 5230 dictina
2461 5176 2547 5227 diu
2599 5173 2774 5227 floruit
2797 5213 2812 5236 ,
2845 5171 3057 5246 demum
3101 5173 3166 5227 ad
3207 5176 3491 5246 canonicos
3517 5177 3808 5246 Regulam;

2232 5247 2538 5300 devolutum
2573 5253 2670 5297 est.
2729 5245 2798 5298 Ile
2845 5244 2944 5297 hoc
2975 5244 3203 5298 diximus
3251 5243 3300 5297 in
3331 5243 3715 5303 Admonitione
3744 5249 3806 5301 ad

2233 5317 2533 5385 passionem
2583 5315 2682 5385 SS.
2703 5313 2947 5385 Mauricii
2981 5321 3034 5369 et
3059 5314 3365 5379 Sociorum,
3398 5317 3448 5369 in
3483 5319 3631 5372 Actis
3661 5333 3806 5372 mar-

2233 5384 2430 5455 tyrum,
2461 5401 2581 5454 pag.
2612 5384 2744 5457 9.88.
2792 5385 3042 5457 IIi_vulgo
3061 5396 3323 5457 martyres
3349 5385 3681 5457 Agaunenses
3711 5403 3807 5456 ap-

2231 5457 2527 5525 pellantur;
2560 5457 2625 5508 de
2641 5455 2830 5525 quibus
2852 5455 3139 5525 Gregorius
3171 5455 3261 5511 lib.
3293 5455 3602 5513 tde‘Gloria
3624 5455 3803 5526 Marb,

2231 5541 2346 5580 can.
2380 5527 2447 5580 75
2469 5536 2522 5580 et
2543 5525 2631 5579 ⁸76.

2227 5541 2346 5582 cap.
2380 5536 2447 5580 75
2469 5536 2522 5580 et
2543 5536 2631 5579 7U.

2296 5542 2346 5665 ε’
2367 5542 2946 5665 l‘ixtﬁinleubstrogothn.
3003 5596 3212 5650 Titulus
3243 5595 3475 5653 humilia!
3515 5597 3547 5650 8
3576 5600 3634 5654 S.
3663 5598 3805 5656 Aviti

2221 5683 2283 5721 ex
2305 5663 2534 5734 perditis
2562 5676 2641 5721 est
2677 5663 3078 5740 inconversione
3105 5669 3294 5740 domini
3322 5670 3585 5738 Sigisrici,
3613 5672 3804 5740 postri-

2223 5740 2310 5813 die
2355 5753 2510 5813 quam
2541 5753 2686 5813 soror
2727 5738 2892 5802 ipsius
2922 5755 2984 5791 ea:
3023 5739 3215 5792 Ariana
3254 5741 3434 5795 lttrrcsi
3462 5751 3534 5795 est
3577 5738 3801 5813 recepta.

2300 5807 2314 5844 ί
2364 5809 2602 5873 Bocltel.,
2629 5817 2963 5877 contegerent.
