4028 6342
256 304 400 360 ίὲ45

1219 308 1539 366 HISTORIA
1584 308 2023 366 FRANCORUM.
2072 311 2269 369 LIBER
2309 314 2624 374 TERTIUS.

3451 328 3558 386 246

293 427 441 471 tuum
469 418 743 487 possidere
767 419 1061 491 desident,
1094 431 1251 494 teque
1279 425 1593 489 interfecto,
1618 425 1669 479 id
1701 441 1867 494 usque
1896 433 1947 493 Α
1975 426 2220 495 victoque
2269 430 2507 486 exercitu
2554 444 2739 487 eorum
2766 472 2783 500 ,
2826 433 3160 493 Codomarus
3204 445 3347 510 terga
3375 446 3556 505 vertit.

290 506 497 563 ltaliam
544 511 772 565 dilatare
819 513 1097 583 disponit,
1147 514 1352 570 scilicet
1388 524 1446 569 ut
1474 531 1697 585 regnum
1726 516 1871 587 quod

288 610 421 651 avus
448 598 566 669 ejus
607 600 972 659 Theodoricus
1003 604 1167 660 Italia:
1218 607 1429 673 tenuit,
1466 616 1524 663 et
1570 618 1673 664 iste
1700 609 1873 677 possi-

288 688 434 745 deat.
500 691 613 747 Scit
659 694 802 749 enim
844 698 987 767 quod
1044 707 1095 755 te
1137 699 1352 755 vivente
1400 699 1517 755 baic
1562 715 1671 756 non
1698 711 1874 772 potest

288 782 615 851 adimplere;
664 795 719 841 et
748 788 852 843 nisi
882 797 937 844 tu
967 790 1162 857 cadas,
1189 791 1279 848 ille
1307 807 1413 847 non
1442 802 1644 863 surget.
1697 795 1791 850 liis
1818 804 1874 851 et

289 873 660 943 hujuscemodi
690 879 779 935 ille
809 879 1060 937 incitatus
1084 882 1285 948 verbis,
1318 884 1501 940 uxoris
1524 884 1720 955 iniqua:
1743 901 1874 941 con-

287 964 409 1018 silio
439 975 626 1033 utens,
658 968 876 1040 iniquus
916 973 1121 1028 exstitit
1154 974 1436 1043 parricida.
1476 975 1609 1030 Nam
1637 976 1868 1048 sopitum

286 1055 411 1109 vino
432 1056 668 1114 dormire
712 1069 833 1130 post
863 1063 1141 1118 meridiem
1181 1063 1349 1119 ﬁlium
1384 1063 1571 1134 jubet:
1615 1067 1701 1120 cui
1745 1068 1873 1123 dor-

286 1147 496 1214 mienti,
523 1150 759 1207 orarium
811 1162 838 1191 α
883 1154 983 1210 sub
1011 1155 1152 1211 collo
1183 1157 1434 1226 positum,
1469 1172 1532 1212 ac
1561 1157 1662 1212 sub
1691 1168 1870 1213 mento

285 1238 506 1307 ligatum
532 1280 548 1307 ,
583 1241 917 1299 trahentibus
954 1246 1023 1299 ad
1067 1260 1128 1303 se
1177 1248 1403 1304 invicem
1433 1249 1640 1304 duobus
1668 1250 1868 1318 pueris,

284 1333 601 1402 suggillatus
629 1347 715 1392 est
737 1336 788 1392 δ.
816 1337 935 1405 Quo
957 1338 1096 1394 facto
1118 1348 1268 1409 pater
1294 1354 1419 1397 sero
1438 1342 1548 1411 jam
1578 1342 1866 1412 pmniteus,

282 1438 449 1495 super
471 1429 698 1484 cadaver
726 1432 973 1487 exanime
996 1446 1160 1487 ruens
1187 1473 1202 1500 ,
1252 1432 1383 1488 llere
1408 1434 1571 1502 cmpit
1598 1433 1872 1488 amarissi-

284 1534 406 1579 me._
434 1520 514 1573 Ad
544 1535 706 1590 quem
736 1538 900 1577 senex
928 1523 1144 1594 quidam
1175 1526 1253 1581 sic
1279 1526 1481 1581 dixisse
1523 1526 1689 1582 fertur
1717 1544 1730 1579 :
1765 1526 1864 1595 Te,

282 1609 492 1680 inquit,
527 1613 717 1684 plange
745 1615 982 1680 amodo,
1030 1618 1119 1686 qui
1162 1633 1256 1687 per
1304 1619 1583 1674 consilium
1637 1635 1865 1691 nequam

279 1700 454 1755 factus
480 1717 539 1756 es
582 1704 843 1769 parricida
872 1707 1202 1763 stevissimus
1228 1725 1243 1774 ;
1274 1724 1393 1763 nam
1427 1710 1568 1765 hunc
1597 1712 1687 1780 qui
1712 1712 1866 1766 inno-

1978 522 2324 591 Sigimundus
2350 540 2478 580 vero
2504 526 2632 581 dum
2663 526 2729 581 ad
2773 540 2988 585 sanctos
3029 532 3280 601 Agaunos
3315 530 3334 570 ί
3368 533 3557 604 fugere

1930 608 1935 613 ’
1974 612 2184 681 nititur,
2233 628 2265 669 a
2303 614 2660 681 Cblodomere
2698 630 2885 689 captus
2939 634 3066 677 cum
3111 638 3280 680 uxore
3326 634 3382 681 et
3429 626 3557 684 filiis

1972 705 2216 773 captivus
2245 706 2545 778 abducitur,
2592 716 2753 781 atque
2798 710 2935 767 infra
2984 713 3271 769 terminum
3312 713 3556 772 Aurelia-

1971 797 2155 852 nensis
2197 798 2347 852 urbis
2401 798 2455 853 in
2495 802 2737 856 custodia
2783 804 3008 871 positus,
3035 804 3324 861 detinetur.
3367 805 3555 863 Disce-

1974 888 2329 959 dentibusque
2358 890 2441 946 bis
2472 893 2718 961 regibus,
2750 893 3085 952 Godumarus
3115 898 3401 967 resumptis
3427 898 3555 954 viri—

1974 981 2092 1046 bus,
2110 980 2513 1051 Burgundiones
2525 982 2745 1053 colligit,
2765 1000 3096 1057 regnumque
3113 988 3325 1059 recipit.
3346 988 3559 1044 Contra

1971 1083 2129 1141 quem
2161 1071 2535 1127 Cblodomeris
2581 1073 2773 1128 iterum
2821 1075 2901 1131 ire
2928 1076 3249 1147 disponens,
3279 1078 3553 1150 Sigimun-

1971 1164 2097 1219 dum
2115 1166 2417 1220 interficere
2438 1165 2756 1220 destinavit:
2782 1168 2871 1223 cui
2905 1183 2934 1221 ει
2967 1169 3121 1225 beato
3172 1173 3328 1225 Avnto
3354 1171 3551 1227 abbate

1972 1255 2287 1311 Miciacense
2302 1265 2348 1322 ε,
2379 1271 2572 1327 magno
2603 1265 2730 1313 tunc
2756 1261 3007 1325 temporis
3032 1262 3327 1326 sacerdote,
3351 1262 3549 1318 dictum

1970 1355 2053 1401 est
2076 1364 2091 1402 :
2124 1348 2201 1412 Si,
2234 1346 2445 1418 inquit,
2473 1349 2767 1417 respiciens
2790 1349 2954 1404 Deum
2975 1391 2991 1417 ,
3023 1354 3403 1410 emendat-eris
3420 1368 3550 1410 cun-

1969 1437 2144 1492 silinm
2175 1445 2320 1492 tnutn
2347 1480 2363 1505 ,
2408 1450 2465 1494 ut
2510 1439 2609 1494 bos
2639 1439 2885 1496 homines
2908 1442 3134 1497 interﬁci
3169 1458 3271 1499 non
3304 1428 3546 1514 patiaris,

1968 1529 2074 1586 erit
2105 1528 2245 1584 Deus
2277 1538 2451 1584 tecum
2480 1573 2497 1599 ,
2546 1539 2603 1586 et
2638 1530 2827 1585 abiens
2857 1532 3137 1587 victoriam
3168 1533 3473 1602 obtinebis;
3503 1536 3555 1592 si

1968 1637 2097 1677 vero
2127 1636 2224 1677 eos
2266 1622 2573 1687 occideris,
2627 1633 2683 1677 tu
2711 1622 2827 1691 ipse
2871 1626 2922 1678 in
2975 1639 3164 1679 manus
3215 1626 3548 1683 inimicorum

1976 1714 2226 1782 traditus,
2258 1713 2421 1767 simili
2449 1726 2595 1769 sorte
2639 1697 2839 1784 peribis
2869 1732 2881 1767 :
2916 1716 3109 1787 ﬁetque
3160 1717 3251 1772 tibi
3291 1718 3549 1787 uxorique

279 1808 411 1848 cens
432 1794 703 1865 jngulatus
728 1806 811 1852 est
835 1837 852 1864 ,
891 1813 1253 1855 necessarium
1285 1816 1393 1856 non
1425 1812 1507 1858 est
1535 1803 1733 1872 plangi.
1772 1803 1863 1857 Ni-
1896 1803 1938 1861 Β
1967 1816 2019 1861 et
2046 1807 2170 1860 libis
2220 1806 2324 1860 tuis
2348 1850 2363 1874 ,
2396 1806 2538 1875 quod
2589 1809 2783 1863 feceris
2812 1809 3123 1880 Sigimuudo
3161 1819 3217 1865 et
3253 1811 3464 1881 conjugi
3486 1828 3548 1867 ac

282 1886 568 1942 hilominus
618 1888 709 1944 ille
752 1888 823 1946 ad
869 1901 1088 1947 sanctos
1126 1893 1475 1963 Agaunenses
1513 1896 1699 1951 abiens
1723 1935 1737 1961 ,
1770 1912 1865 1965 per

278 1979 477 2035 multos
507 1980 621 2035 dies
648 1981 701 2034 in
726 1981 853 2037 ﬁetu
896 1993 951 2036 et
993 1983 1206 2052 iejuniis
1247 1986 1474 2053 durans,
1504 1988 1713 2043 veniam
1744 2005 1865 2059 pre-

278 2070 521 2126 cabatur.
566 2072 911 2129 Psallentium
939 2084 963 2114 °
987 2076 1056 2130 ibi
1078 2078 1351 2133 assiduum
1382 2079 1688 2148 instituens,
1720 2080 1864 2151 Lug-

278 2162 425 2217 duno
473 2178 747 2233 regressus
801 2174 917 2231 cst,
992 2168 1199 2224 ultione
1256 2169 1439 2225 divina
1506 2172 1575 2227 de
1638 2174 1863 2244 vestigio

276 2274 401 2315 eum
446 2273 828 2330 prosequente.
868 2262 1039 2333 llujus
1086 2263 1249 2319 ﬁliam
1290 2260 1319 2301 δ
1369 2280 1462 2321 rex
1491 2266 1862 2324 Thenderieus

275 2354 505 2421 accepit.

350 2442 440 2498 Vl.
481 2442 875 2500 Cbrotecbitdis
900 2459 1027 2501 vero
1049 2445 1230 2517 regina
1260 2444 1695 2511 Chlodomerem,
1725 2447 1809 2503 vel
1835 2456 1859 2485 ο

274 2535 515 2605 reliquos
544 2535 682 2591 ﬁlios
711 2551 840 2592 suos
869 2537 1183 2608 alloquitur,
1210 2537 1397 2594 dicens
1424 2557 1436 2593 :
1479 2538 1596 2594 Non
1628 2556 1713 2595 ine
1749 2556 1862 2609 poe-

275 2629 468 2695 niteat,
496 2628 803 2684 cbarisstmi
829 2674 844 2694 ,
896 2645 992 2686 vos
1032 2630 1260 2686 dulciter
1281 2630 1584 2689 enutrisse:
1614 2632 1859 2705 indigna-

274 2724 431 2791 mini,
461 2738 679 2793 quaeso,
712 2724 961 2796 iujuriam
993 2740 1167 2781 meam
1195 2766 1213 2791 ,
1252 2735 1309 2782 et
1348 2728 1519 2796 patris
1563 2728 1860 2798 matrisque

274 2830 417 2871 inea:
448 2825 674 2870 mortem
726 2818 901 2885 sagaci
948 2818 1128 2872 studio
1176 2817 1461 2873 vindicate.
1512 2817 1854 2873 Hmcilliau-

273 2910 490 2963 dientes
518 2950 533 2975 ,
566 2908 903 2979 Burgundias
948 2918 1178 2979 petunt,
1221 2919 1276 2965 et
1323 2920 1509 2965 contra
1544 2912 1701 2981 109
1721 2910 1859 2981 Sigi~

274 2991 533 3057 mundum
558 3013 614 3056 et
654 2999 873 3057 fratrem
920 3001 1036 3072 ejus
1066 3000 1425 3057 Godumarnm
1455 3001 1731 3072 dirigunt:
1762 3002 1859 3059 de-

1971 1897 2155 1952 liberis
2184 1897 2319 1967 ejus.
2363 1896 2469 1953 Sed
2501 1898 2589 1953 ille
2611 1901 2912 1956 auscultare
2940 1901 3241 1968 despiciens
3267 1902 3545 1958 consilium

1968 1991 2106 2059 ejus,
2136 1992 2214 2046 ait
2240 2008 2252 2043 :
2285 1991 2517 2046 Stultum
2555 1992 2697 2047 enim
2729 1995 3010 2049 Consilium
3050 2009 3169 2051 esse
3201 2006 3347 2065 puto,
3376 2004 3434 2052 ut
3463 1998 3548 2051 in'-

1968 2081 2121 2136 micis
2149 2080 2292 2137 domi
2342 2082 2541 2137 relictis
2562 2123 2578 2149 ,
2632 2092 2819 2139 contra
2860 2085 3094 2155 reliquos
3121 2102 3239 2142 eam
3266 2106 3282 2154 ;
3308 2087 3491 2158 eisque
3518 2106 3546 2142 a

1970 2183 2141 2243 tergo,
2172 2172 2272 2229 hoc
2301 2190 2332 2229 a
2360 2176 2534 2230 fronte
2562 2185 2814 2245 surgente
2832 2219 2851 2245 ,
2880 2177 3018 2234 inter
3039 2178 3172 2235 duos
3195 2181 3426 2237 hostium
3448 2197 3545 2235 eu-

1966 2278 2098 2320 ncos
2124 2280 2298 2320 ruam.
2342 2265 2521 2322 Satius
2542 2267 2683 2322 enim
2725 2276 2782 2321 et
2825 2269 3033 2323 facilius
3059 2270 3281 2325 victoria
3312 2272 3546 2339 patrabi-

1966 2367 2075 2423 tur,
2106 2356 2151 2412 si
2170 2370 2319 2412 unus
2341 2358 2410 2412 ab
2436 2357 2542 2411 alio
2572 2366 2852 2425 separetur
2877 2374 2890 2412 :
2920 2374 3027 2429 quo
3056 2361 3366 2428 interfecto,
3393 2360 3546 2417 facile

1964 2459 2018 2505 et
2039 2449 2175 2504 alius
2206 2450 2364 2504 morti
2395 2448 2589 2519 poterit
2617 2450 2898 2506 destinari.
2938 2451 3237 2524 Statimque
3260 2453 3544 2510 interfecto

1966 2540 2281 2611 Sigimundo
2321 2555 2442 2595 cum
2478 2556 2649 2596 uxore
2698 2550 2753 2596 et
2806 2542 2950 2610 ﬁliis,
2994 2544 3137 2613 apud
3168 2543 3485 2600 Culutnnatn
3514 2542 3539 2580 δ

1962 2634 2366 2690 Aurelianensis
2397 2636 2545 2690 urbis
2592 2635 2765 2690 vicum
2792 2676 2808 2701 ,
2854 2637 2906 2691 in
2942 2647 3154 2704 puteum
3178 2637 3369 2706 jactari
3399 2652 3541 2706 pra:-

1961 2726 2535 2797 cipiens,Burgundias
2556 2729 2725 2798 petiit,
2743 2744 2941 2785 vocans
2970 2730 3022 2784 in
3049 2730 3299 2784 solatium
3328 2728 3343 2766 ί
3370 2728 3543 2783 Theu-

1960 2817 2201 2874 dericum
2228 2820 2395 2889 110
2419 2835 2617 2890 regem.
2659 2820 2753 2875 llle
2780 2830 2953 2876 autem
2984 2821 3231 2890 iujuriam
3262 2820 3434 2876 soceri
3456 2822 3537 2874 sui

1959 2913 2234 2969 vindicare
2277 2916 2466 2969 nolens
2510 2917 2525 2965 l
2564 2956 2579 2981 ,
2630 2914 2708 2971 ire
2752 2915 3012 2981 promisit.
3070 2916 3309 2984 Cumque
3337 2915 3535 2983 pariter

1958 3004 2098 3074 apud
2129 3004 2421 3061 Virontiam
2446 3003 2471 3043 ἰ
2513 3006 2686 3061 locum
2729 3006 2874 3062 urbis
2906 3005 3222 3060 Viennensis
3270 3002 3543 3075 conjuncti

357 3190 385 3218 ι
423 3177 587 3252 Editi,
618 3177 805 3247 lorum,
853 3178 947 3233 sed
994 3179 1270 3252 retinenda
1301 3196 1402 3234 vox
1444 3180 1669 3234 orarium
1691 3220 1706 3247 ,
1736 3197 1852 3249 qua:
1880 3190 1926 3252 ς
1959 3181 2165 3236 scilicet
2190 3181 2543 3243 Aviti.sancto
2573 3180 2880 3242 Maximino,
2907 3179 3098 3234 dicitur
3115 3178 3535 3252 δαὶιιιτΜαδηιὶη,

275 3250 406 3305 licet
442 3250 613 3303 varias
648 3261 904 3303 sortimur
931 3249 1348 3317 significationes
1370 3293 1386 3314 ,
1433 3252 1647 3319 proprie
1678 3261 1853 3307 tamen

276 3337 377 3390 pro
408 3320 570 3373 linteo
596 3320 823 3389 quodam
854 3320 1104 3389 oblongo,
1152 3322 1201 3373 in
1238 3321 1418 3375 fascia:
1450 3323 1663 3374 modum
1692 3321 1854 3377 effor-

272 3400 446 3453 mato,
475 3390 637 3443 etiam
682 3392 931 3461 sumitur.
982 3390 1113 3444 Vide
1159 3390 1343 3461 Cangii
1376 3390 1740 3461 Glossarium,
1768 3404 1859 3448 aut

270 3462 426 3517 card.
461 3461 601 3513 Bona
635 3463 702 3514 de
729 3460 889 3515 rebus
918 3460 1118 3527 Liturg.
1145 3461 1238 3515 lib.
1272 3460 1306 3527 ι,
1331 3475 1449 3529 cap.
1479 3463 1570 3516 24.

346 3530 375 3569 δ
419 3532 481 3584 Et
513 3531 596 3585 hic
633 3531 804 3595 editi,
850 3532 1130 3599 stt/Iocatus
1170 3543 1277 3597 est;
1321 3534 1462 3600 quod
1513 3532 1855 3599 vocabulum,

270 3604 373 3659 etsi
416 3601 485 3654 fot
501 3611 550 3671 te
580 3602 748 3670 magis
766 3611 943 3670 aptum
964 3601 1041 3655 rei
1069 3602 1455 3671 significandis,
1486 3602 1656 3656 rarius
1681 3611 1857 3658 tamen

270 3672 513 3727 occurrit
541 3670 593 3725 in
625 3672 889 3740 sequioris
917 3672 1015 3727 aevi
1048 3670 1377 3726 auctoribus.
1419 3675 1637 3739 Occisus
1667 3684 1748 3728 Cal
1789 3691 1853 3728 ex

274 3744 433 3844 Marii)
448 3742 747 3849 )(Lbronico,
781 3742 1076 3796 Simmacho
1104 3752 1151 3797 et
1183 3741 1363 3797 Boctio
1381 3761 1539 3799 coss..
1573 3745 1622 3798 id
1652 3757 1734 3799 Cal
1763 3762 1860 3799 att-

274 3830 348 3849 Ιὶιι
372 3830 421 3849 νιδ
438 3824 456 3840 ν
610 3822 611 3825 Ἰ

274 3830 348 3867 tto
369 3814 493 3867 5:32.
610 3822 611 3825 “

356 3894 376 3919 ε
420 3884 547 3953 Ιὶειε.
568 3893 621 3939 et
649 3883 859 3953 Regm.,
887 3880 1223 3939 Psallentittm
1246 3884 1314 3936 ibi
1337 3886 1545 3938 chorum
1567 3885 1856 3952 assiduum,

271 3957 418 4021 quod
452 3967 609 4007 etlam
642 3958 694 4007 in
723 3954 1138 4025 Colb.rsecunda
1170 3970 1329 4008 manu
1374 3955 1612 4008 additunt
1644 3956 1727 4025 leg
1751 3966 1855 4009 tnr.

271 4026 465 4079 Melior
493 4035 664 4078 tamen
712 4035 794 4080 est
835 4024 1058 4078 aliorum
1100 4039 1253 4087 mss.;
1283 4035 1335 4078 et
1361 4026 1493 4079 edit.
1521 4024 1715 4079 lectio.’
1749 4026 1859 4081 lloc

270 4108 451 4148 autem
479 4096 595 4147 loco
620 4098 796 4164 jugem
824 4094 914 4149 diu
945 4105 1210 4163 noctuque
1234 4096 1583 4164 psalmodiam
1612 4096 1859 4162 inAgau-

271 4166 424 4219 ncnsi
459 4166 695 4220 Ecclesia
722 4164 1017 4219 institutam
1044 4166 1315 4233 designari
1341 4166 1575 4231 pluribus
1600 4164 1857 4219 adversus

270 4235 540 4289 Cointium
590 4239 778 4302 probat
824 4245 1008 4290 noster
1050 4235 1380 4289 Mabillonins
1432 4237 1485 4289 in
1534 4236 1739 4303 praefat.
1774 4252 1859 4292 sc-

269 4307 445 4359 cunda
478 4308 540 4358 ad
573 4309 710 4360 Save.
744 4323 793 4359 iv
827 4306 1249 4359 Benedictinnm.

347 4376 374 4411 ιι
414 4377 537 4430 llaec
574 4376 673 4429 fuit
701 4377 1059 4445 Suavcgotta,
1089 4377 1287 4445 deiqua
1321 4375 1661 4430 Frodoardus
1691 4376 1783 4430 lib.
1818 4393 1853 4431 Il

267 4445 478 4572 μύθων.
518 4448 854 4502 llbcmeusis.
891 4444 1035 4502 ’the
1091 4444 1231 4501 infra
1278 4456 1430 4503 notas
1475 4449 1544 4503 ad
1589 4458 1747 4517 caput
1784 4447 1855 4503 26

290 4534 306 4571 ι
354 4558 365 4571 .
401 4532 473 4570 tv.

290 4518 365 4571 ib.
401 4532 473 4570 tv.

348 4597 371 4624 °
412 4588 503 4643 Sic
550 4585 713 4642 Corb.
759 4596 813 4641 et
860 4586 1005 4651 80L;
1061 4586 1148 4640 alii
1191 4596 1258 4651 et,
1306 4587 1448 4656 quod
1496 4587 1715 4657 perinde
1744 4596 1845 4643 cst.

264 4657 436 4715 [idem
464 4659 622 4711 codd.
656 4659 874 4723 habent,
908 4658 1167 4727 indignata
1196 4673 1291 4725 pro
1316 4659 1682 4728 ittdgnamitti.

352 4728 367 4766 ί
412 4730 501 4783 Sic
522 4745 709 4783 omnes
740 4744 894 4794 mss.;
916 4729 1137 4799 Chesn.,
1162 4740 1360 4782 sanctos
1378 4732 1725 4799 Agunnmses;
1748 4743 1851 4781 cm-

266 4800 372 4854 teri
404 4801 514 4863 eil.,
539 4800 701 4853 saltus
722 4799 979 4868 Agaunos.
1016 4798 1197 4853 llefert
1228 4798 1444 4865 Marius,
1478 4798 1707 4853 Maximo
1723 4816 1846 4853 con-

263 4872 399 4934 sule,
430 4870 479 4922 id
506 4880 582 4922 est
608 4884 752 4922 anno
780 4868 916 4931 a325,
950 4870 1349 4936 Sigismundum
1386 4885 1480 4938 per
1513 4871 1847 4938 Burgundio-

264 4956 368 4995 nes
397 4939 616 4993 Francis
660 4939 908 4993 traditum
936 4939 1099 4993 fuisse
1117 4980 1133 5003 ,
1156 4956 1216 4993 ac
1251 4939 1303 4992 iii
1332 4942 1510 4994 ltnbllll
1538 4940 1842 4995 monacbali

267 5011 329 5065 in
376 5009 651 5062 Franciam
700 5008 1041 5078 perductum;
1074 5024 1214 5063 anno
1251 5024 1426 5064 au'etn
1468 5012 1709 5077 sequenti
1751 5009 1847 5064 Gz:-

268 5082 555 5133 domarnin
585 5079 802 5134 fratrem
836 5081 935 5148 ipsi
969 5086 1319 5141 successisse,
1348 5097 1411 5134 ac
1432 5081 1844 5134 Cblodonterem

272 5152 445 5204 fuisse
477 5150 839 5203 interfectum.
884 5148 1078 5220 Confer
1108 5158 1271 5203 v.tam
1315 5151 1372 5205 S.
1406 5150 1731 5220 Sigismundi
1765 5162 1848 5206 to-

261 5236 357 5275 nio
379 5221 395 5274 Ι
420 5220 541 5274 Maii
578 5219 920 5274 Bollandiani.

338 5303 363 5338 Β
407 5291 507 5344 Ed.
540 5288 823 5356 mendose,-
850 5290 1201 5354 Nutiacense;
1233 5305 1364 5346 mss.
1398 5291 1571 5344 locum
1610 5305 1713 5345 non
1753 5306 1849 5345 ex-

262 5362 526 5430 primunt,
574 5365 669 5416 sed
702 5363 924 5426 habent,
964 5360 1134 5424 Avito,
1165 5361 1387 5431 aliquot,
1422 5361 1635 5431 Adjuto,
1668 5361 1847 5415 abbate

262 5446 473 5501 magno.
490 5432 803 5501 Anonymus
824 5434 912 5500 qui
930 5442 1076 5501 gesta
1113 5446 1297 5501 regum
1318 5431 1503 5484 Franc.
1524 5434 1733 5497 scripsit
1748 5435 1849 5486 sub

259 5496 606 5556 Theoderico
637 5496 751 5557 hinc
775 5496 957 5567 habet,
984 5517 1101 5569 cap.
1121 5496 1201 5556 20'
1215 5519 1228 5555 :
1263 5501 1447 5555 Beatus
1464 5496 1845 5568 autem-tritus,

260 5571 480 5639 quierat
508 5582 629 5625 tunc
649 5573 725 5627 air
754 5581 977 5634 sanctus,
1000 5573 1155 5626 abbas
1174 5575 1226 5625 in
1250 5573 1601 5627 Aurelianensi
1630 5573 1847 5637 civitate,

260 5641 632 5710 deprecabatur
678 5644 1087 5707 Chlodomirum,
1115 5653 1168 5695 ut
1191 5660 1291 5695 non
1314 5643 1560 5696 occideret
1590 5659 1675 5695 eos
1697 5685 1709 5707 ,
1742 5653 1845 5696 etc.

266 5711 363 5764 Est
389 5721 567 5766 autem
603 5713 878 5767 Miciacnm
906 5712 1118 5767 abbatia
1148 5713 1376 5767 celebris
1401 5714 1601 5767 ordinis
1653 5715 1841 5777 nostri,

262 5782 422 5853 t'ulgo
449 5782 723 5854 illicipjua:
767 5783 929 5840 etiam
969 5799 997 5836 a
1056 5799 1152 5839 suo
1202 5786 1498 5853 conditore,
1565 5784 1844 5841 decessere

1962 3252 2168 3306 duabus
2217 3253 2430 3307 circiter
2494 3253 2657 3305 leueis
2696 3253 2761 3304 ab
2793 3251 3156 3305 Aurelianensi
3180 3251 3308 3304 urbe
3329 3250 3535 3313 dissita.

1961 3337 2119 3389 quam
2136 3322 2290 3376 hodie
2307 3323 2582 3377 Fnlienses
2593 3323 2934 3388 occupant.S.
2950 3322 3086 3375 Aviti
3106 3321 3294 3375 festunt
3307 3322 3536 3376 celebra-

1964 3403 2049 3472 tur
2076 3393 2162 3472 die
2198 3394 2255 3446 l7
2284 3392 2447 3472 Jn_nii,
2475 3408 2580 3461 quo
2601 3392 2854 3472 ejushVita
2882 3392 3019 3472 apud
3048 3391 3535 3472 Suriutn’liabetur.

2034 3462 2059 3499 ιι
2103 3462 2227 3518 Cas.
2259 3473 2313 3517 et
2344 3460 2530 3534 Regni.
2558 3478 2679 3517 cum
2712 3462 2862 3526 Bad.,
2894 3460 3124 3534 Colonia.
3157 3461 3252 3534 llic
3269 3460 3535 3517 Columelo

1960 3535 2088 3599 lam,
2114 3536 2273 3604 vulgo
2302 3532 2614 3588 Colonmelle
2635 3574 2651 3598 ,
2695 3543 2789 3586 aut
2836 3541 2981 3586 certe
3002 3533 3182 3604 Avicum
3208 3532 3256 3587 ei
3288 3534 3535 3604 vicinum,

1960 3601 2435 3673 vulgO'Co'ulmiers
2474 3605 2707 3672 dictum,
2748 3602 3011 3673 designari
3061 3618 3127 3671 [ιιι
3154 3612 3265 3656 ant.
3315 3601 3537 3672 Utrique

1959 3672 2100 3739 vico,
2130 3677 2203 3730 uti
2232 3680 2485 3731 observat
2510 3674 2755 3729 Valesius
2788 3673 2839 3727 in
2866 3672 3082 3739 Notitia,
3117 3674 3324 3725 vicinus
3352 3684 3433 3726 est
3460 3678 3535 3725 ln~

1958 3760 2055 3799 cus
2091 3745 2144 3798 in
2191 3747 2455 3800 veteribus
2501 3744 2700 3799 chartis
2735 3745 2909 3799 dictus
2953 3742 3144 3813 Puteus
3171 3746 3332 3795 sancti
3372 3743 3535 3813 Sigis-

1960 3817 2175 3880 mundi,
2222 3817 2509 3870 vernaculo
2550 3816 2803 3869 idiomate
2826 3856 2842 3878 ,
2895 3812 3373 3880 Saint-Sigismond
3401 3854 3415 3876 ,
3438 3812 3546 3865 aut

1963 3886 2331 3940 contrahendo
2363 3886 2781 3940 Saint-Simond.
2808 3882 3181 3951 Sigismundus
3210 3897 3401 3948 nempe
3430 3898 3539 3936 non

1959 3956 2129 4010 solum
2185 3957 2326 4011 inter
2369 3955 2704 4009 confessores
2745 3950 2972 4015 colitur,
3021 3950 3116 4005 sed
3167 3953 3328 4003 etiam
3388 3951 3528 4007 inter

1959 4036 2222 4094 martyres
2246 4027 2417 4079 locum
2456 4026 2703 4088 obtinuit,
2736 4039 2830 4089 pro
2855 4021 3061 4094 illorum
3095 4031 3527 4094 temporummoc

1960 4111 2048 4159 re,
2079 4090 2271 4162 quibus
2308 4096 2541 4157 innocui,
2570 4090 3008 4162 quacumquede
3045 4103 3205 4144 causa
3235 4090 3525 4155 interfecti.

1960 4160 2224 4235 martyres
2248 4160 2665 4235 appellabantur.
2701 4164 2859 4235 Diem
2879 4160 2994 4235 ejus
3024 4162 3217 4235 festum
3236 4164 3405 4235 etiam
3435 4177 3529 4235 ve-_

1963 4231 2186 4289 tustiora
2234 4231 2606 4307 Mill‘lyloiluglit
2654 4233 2902 4307 kalendis
2939 4232 3055 4307 Maii
3107 4231 3423 4307 _c_clebrant_;
3466 4233 3538 4289 ad

1960 4320 2119 4373 quam
2143 4306 2279 4359 diem
2311 4301 2427 4374 ejus
2461 4301 2572 4359 Vita
2605 4321 2634 4359 a
2669 4304 2760 4359 ὕοι
2783 4304 3027 4358 andianis
3056 4301 3196 4357 edita
3234 4311 3336 4374 est.
3370 4301 3542 4374 inea

1963 4369 2058 4428 lilii
2101 4376 2263 4444 ipsius
2290 4418 2305 4441 ,
2340 4369 2513 4430 'sintul
2557 4392 2678 4430 eum
2728 4375 2817 4427 illo
2863 4374 3123 4428 interfecti
3174 4372 3312 4441 apud
3360 4369 3529 4439 Belia,

1963 4445 2233 4500 Giscladus
2267 4457 2320 4501 et
2351 4445 2745 4501 Gundebaudus
2772 4446 3138 4513 appellantur;
3168 4457 3395 4512 quorum
3413 4458 3532 4496 cur-

1962 4531 2089 4584 pora
2141 4517 2365 4571 triennio
2397 4531 2921 4585 posteurumnecetn
2959 4514 3537 4585 VenerattdusAgautti.

1959 4582 2146 4651 abbas,
2180 4582 2447 4642 annuente
2475 4588 2845 4641 Tlteodebcrto
2875 4600 3019 4651 rege,
3048 4586 3215 4637 levata
3248 4582 3314 4635 atl
3352 4600 3533 4651 ntona-

1959 4650 2181 4712 steriuut
2210 4672 2365 4711 suum
2390 4658 2636 4712 tranferri
2667 4658 2889 4709 curavit.
2924 4650 3052 4709 Vide
3076 4656 3166 4707 lib.
3201 4668 3217 4708 ι
3249 4654 3315 4707 de
3353 4650 3535 4710 Gloria

1959 4728 2139 4791 Marb,
2167 4743 2287 4796 cap.
2318 4726 2409 4797 75.
2442 4727 2766 4797 Sigismundi
2796 4740 2978 4797 necem
2997 4764 3011 4789 ,
3046 4724 3531 4797 dileximus-ansae,

1957 4798 2010 4853 id
2038 4808 2123 4854 est
2149 4794 2289 4853 anno
2314 4796 2442 4867 525,
2488 4794 2776 4869 contigisse
2813 4796 2998 4852 scrinii
3039 4796 3235 4850 Marius
3276 4796 3343 4850 in
3362 4794 3528 4851 Cbro.

1952 4884 2093 4923 nlt'O.

2034 4936 2049 4977 ί
2096 4939 2257 5004 Εάἰιὶ,
2286 4940 2563 5010 suppetias,
2586 4948 2635 4993 ct
2664 4941 2744 5010 sic
2768 4938 2991 5008 passim.

2029 5010 2044 5058 J'
2092 5011 2182 5064 Sic
2212 5004 2359 5072 llel.i
2385 5004 2619 5074 'ca2teri,
2666 5004 2871 5073 calens,
2929 5007 3022 5063 Sed
3069 5005 3343 5060 mendose.
3395 5004 3541 5059 Nam.

1954 5079 2319 5135 Theudoricus
2339 5080 2680 5135 Cltlodonieri
2710 5076 2981 5149 suppetias
3009 5078 3285 5149 pollicens,
3315 5076 3537 5149 nolebat

1955 5151 2223 5205 vindicare
2269 5152 2439 5205 soceri
2470 5151 2553 5205 sui
2599 5146 2843 5204 mortem.
2892 5146 3219 5218 Signsntundi
3248 5147 3442 5216 quippe
3473 5147 3528 5199 li-

1951 5220 2077 5273 liatn
2121 5220 2347 5274 duxerat
2391 5236 2629 5274 uxorein.
2681 5219 3033 5288 Fredegai-ius
3083 5226 3524 5288 taiiieti_epttoiii.

1950 5304 2068 5349 (ait.
2100 5289 2167 5341 56
2193 5290 2383 5360 legisse
2408 5294 2614 5344 videtur
2640 5292 2830 5356 volens,
2856 5285 2983 5343 cum
3013 5285 3537 5360 ait_Cltlodutttcrcttt.

1949 5375 1979 5412 a
2008 5357 2341 5416 Theoderico
2373 5363 2535 5416 fuisse
2555 5365 2860 5428 deceptum,
2891 5358 3042 5426 quasi
3075 5357 3167 5411 ille
3195 5357 3377 5426 cupias
3406 5359 3527 5425 qui-

1950 5430 2325 5513 detn_i_niseri_t_.
2355 5434 2448 5487 sed
2471 5449 2589 5513 qua:
2618 5432 2752 5486 inter
2779 5429 3122 5499 prmltandum
3142 5443 3263 5482 sese
3290 5428 3527 5498 Burgun-

1952 5502 2202 5555 dionibus
2226 5502 2584 5571 adjunxcrint.

2023 5571 2045 5607 ¹ί
2089 5574 2178 5627 Sic
2208 5567 2365 5627 Corb.
2392 5582 2445 5626 et
2476 5573 2630 5634 lic-IL,
2663 5584 2817 5638 quem
2852 5568 3021 5623 locum
3053 5568 3295 5624 Labbeus
3332 5567 3525 5624 Voiron

1949 5640 2001 5694 in
2046 5641 2307 5697 Dellinatn
2353 5643 2753 5707 ittterprciatnr.
2809 5640 2966 5703 Bec..
3009 5640 3383 5703 Visoronitom;
3418 5655 3521 5691 cae.-

1948 5715 2043 5764 teri
2074 5716 2461 5765 antetnuiss.et
2486 5711 2615 5763 editi
2644 5712 2840 5765 habent
2874 5710 3404 5776 l’isot‘omiattt,quettt
3424 5709 3520 5761 Va-

1947 5784 2107 5838 lesius
2136 5782 2186 5839 in
2219 5782 2413 5839 Notitia
2443 5790 2496 5837 ct
2547 5782 2785 5839 Cofntius
2828 5793 3018 5852 putant
3050 5798 3184 5853 esse
3227 5779 3518 5834 Varrones.
