4028 6342
550 303 656 363 287

1585 296 1643 353 s.
1688 290 2021 353 casconu
2064 288 2371 347 EPISCOPI
2410 290 2845 355 runoxessrs

3738 304 3852 362 248

548 423 804 488 tulsseut,
830 434 954 476 cum
980 419 1285 475 Godomaro
1321 415 1634 485 confligunt.
1685 412 1927 480 Cumque
1955 407 2135 465 Godo-
2166 413 2221 467 Α
2245 423 2383 464 rium
2438 413 2656 468 fratrem
2703 431 2857 472 suum
2884 459 2899 485 ,
2955 427 3010 475 οι
3066 408 3505 479 Theudebertum
3557 425 3728 481 mium
3786 442 3842 482 ω

552 534 735 575 ruarus
761 531 881 572 cum
912 513 1159 571 exercitu
1192 520 1336 582 terga
1360 511 1644 574 vertisset,
1673 517 1728 563 et
1770 504 2143 562 Chlodomeris

520 639 525 643 υ
552 614 951 682 insequeretur,
983 623 1043 662 ac
1070 608 1136 662 de
1159 608 1269 661 suis
1298 620 1404 659 non
1445 603 1659 658 modico
1704 602 1877 671 spatio
1926 601 2143 668 elonga-

549 714 640 761 tus
675 711 838 770 esset,
874 702 1233 758 assimilantes
1263 701 1337 753 illi
1365 700 1573 768 signum
1602 698 1739 767 ejus,
1765 695 1895 749 dant
1922 695 1985 748 ad
2017 707 2138 748 eum

554 811 741 861 voces,
767 795 1006 848 dicentes
1034 811 1049 847 :
1103 792 1216 847 lluc
1245 792 1348 845 huc
1387 797 1736 855 convertere,
1770 786 1844 840 tui
1874 785 2016 840 enim
2049 798 2138 838 su-

553 901 693 941 mus.
736 884 802 939 At
853 885 941 939 ille
985 883 1247 947 credens,
1279 880 1448 945 abiit,
1500 878 1757 946 irruitque
1800 878 1852 930 in
1904 875 2137 930 medium

557 978 896 1035 inimicorum
924 992 1174 1043 suorum,
1203 975 1354 1045 cujus
1375 980 1702 1041 amputatum
1731 979 1907 1038 caput,
1932 978 1985 1023 et
2008 982 2137 1022 con-

555 1083 613 1128 to
641 1072 893 1138 deﬁxum,
922 1071 1135 1127 elevant
1156 1070 1206 1123 in
1233 1068 1492 1132 sublime;
1519 1066 1658 1135 quod
1692 1062 1879 1118 Franci
1911 1074 2136 1115 cernen-

556 1176 664 1228 tes,
696 1174 857 1233 atqne
891 1169 1274 1232 cognoscentes
1315 1158 1721 1214 Chlodomerem
1767 1152 2129 1215 interfectum,

547 1257 813 1325 reparatis
839 1255 1042 1310 viribus
1074 1254 1438 1310 Godomarum
1466 1249 1692 1321 fugant,
1727 1245 2133 1316 Burgundiones

544 1348 888 1420 opprimunt,
926 1348 1258 1416 patriamque
1305 1346 1359 1399 in
1405 1356 1553 1398 suam
1604 1339 1852 1409 redigunt
1894 1344 2132 1407 pnteSta-

545 1451 678 1497 tem.
721 1440 829 1495 Nec
859 1454 1005 1496 mora
1034 1436 1483 1494 Chlothacharius
1514 1449 1733 1488 uxorem
1767 1429 2002 1500 germani
2026 1428 2127 1494 sui,

524 1532 921 1588 ‘Guntheucam
954 1531 1189 1593 nomine,
1222 1530 1320 1583 sibi
1350 1528 1400 1582 in
1433 1526 1832 1582 matrimonium
1865 1523 2125 1579 sociavit:

543 1625 686 1681 filios
717 1639 929 1696 quoque
956 1622 1071 1693 ejus
1112 1621 1500 1677 Chrotech'ldis
1544 1620 1723 1688 regina
1749 1662 1764 1680 ,
1794 1616 1993 1673 exactis
2015 1616 2131 1670 die-

542 1717 644 1774 bus
690 1718 895 1783 lactus,
952 1731 1130 1770 secum
1175 1714 1379 1782 recepit
1415 1728 1477 1767 ac
1506 1714 1713 1766 tenuit:
1740 1725 1961 1779 quorum
1990 1723 2126 1761 unus

2248 502 2498 559 solatium
2546 520 2865 575 assumens,
2926 525 3049 567 cum
3088 513 3331 569 exercitu
3375 515 3527 572 abiit.
3572 516 3845 590 Thoriugi

2246 608 2378 649 vero
2404 598 2743 655 venientibus
2770 603 2993 658 Francis
3024 605 3175 659 dolos
3203 618 3525 676 praeparant.
3560 610 3619 664 In
3649 626 3844 683 campo

2245 688 2411 750 enim,
2442 688 2493 741 in
2521 704 2626 756 quo
2655 701 2925 747 certamen
2953 695 3034 763 agi
3065 695 3313 763 debebat,
3333 697 3505 753 fossas
3534 700 3836 757 eﬂ‘odiunt:

2244 789 2466 842 quarum
2499 792 2615 843 ora,
2650 794 2835 849 operta
2874 784 3041 839 denso
3076 788 3310 855 cespite,
3360 790 3577 858 planum
3606 794 3837 847 assimu-

2243 863 2355 918 laut
2383 882 2652 937 campum.
2696 870 2750 924 In
2782 872 2877 927 has
2903 888 3033 943 ergo
3075 877 3260 931 foveas
3300 892 3419 933 cum
3452 896 3696 947 pugnare
3720 898 3833 938 cce-

2244 957 2479 1024 pissent,
2512 964 2663 1015 multi
2698 961 3027 1021 Francorum
3054 970 3262 1038 equites
3287 983 3629 1037 corruerunt,
3654 986 3705 1028 et
3736 974 3833 1029 fuit

2240 1049 2322 1103 eis
2365 1050 2517 1105 valde
2562 1052 3050 1121 impedimentum:
3096 1046 3207 1115 sed-
3236 1071 3355 1129 post
3393 1064 3667 1132 cognitum
3694 1064 3833 1119 hunc

2239 1140 2420 1196 dolum
2470 1146 2769 1203 observare
2818 1162 3119 1219 ctrperunt.
3170 1153 3411 1222 Denique
3453 1171 3578 1210 cum
3610 1171 3670 1211 se
3690 1157 3831 1212 Tho-

2240 1233 2377 1299 ringi
2403 1235 2537 1290 caedi
2568 1237 2917 1294 vehementer
2944 1240 3224 1307 viderent,
3261 1245 3437 1313 fugato
3467 1242 3487 1282 τ
3527 1246 3829 1302 "ermene-

2239 1325 2377 1379 frido
2403 1341 2529 1396 rege
2572 1330 2811 1397 ipsorum
2842 1370 2857 1395 ,
2907 1342 3052 1402 terga
3104 1344 3358 1399 vertunt,
3393 1344 3447 1391 et
3472 1336 3539 1389 ad
3572 1338 3830 1391 Onesim-

2236 1416 2358 1473 dem
2392 1426 2417 1465 ι
2445 1417 2662 1473 fluvium
2686 1436 2856 1489 usque
2890 1425 3228 1492 perveniunt.
3273 1425 3455 1494 Ibique
3483 1435 3626 1480 tanta
3653 1429 3825 1483 caedes

2237 1526 2301 1565 ex
2330 1510 2618 1582 Thoringis
2652 1514 2789 1568 facta
2818 1524 2922 1581 est,
2948 1526 3003 1569 ut
3026 1516 3210 1571 alveus
3238 1516 3471 1572 ﬂuminis
3499 1519 3823 1574 cadaverum

2235 1603 2485 1673 congerie
2511 1605 2832 1673 repleretur,
2864 1618 2919 1662 et
2947 1608 3159 1674 Franci,
3195 1618 3445 1679 tanquam
3480 1626 3578 1681 per
3606 1624 3821 1680 pontem

2234 1694 2489 1765 aliquem,
2523 1711 2687 1766 super
2714 1713 2810 1754 eos
2840 1700 2890 1753 in
2928 1699 3079 1755 littus
3110 1702 3340 1756 ulterius
3364 1704 3679 1759 transirent.
3731 1706 3824 1759 Pa-

543 1808 1025 1875 Theodonaldus',
1058 1807 1190 1861 alter
1216 1804 1565 1871 Guntharius,
1593 1804 1780 1857 tertius
1804 1801 2121 1855 Chlodoual-

2236 1797 2371 1843 trata
2385 1804 2514 1859 ergo
2528 1791 2754 1845 victoria
2777 1792 3050 1862 regionem
3080 1794 3224 1847 illam
3252 1806 3562 1863 capessunt,
3587 1800 3745 1869 112
3770 1798 3821 1853 in

547 1902 650 1956 dus
678 1900 984 1954 vocabatur.
1017 1897 1352 1953 Godomarus
1380 1897 1571 1950 iterum
1604 1910 1825 1963 regnum
1856 1894 2077 1960 reeepit.

624 1991 735 2045 ΠΙ.
793 1990 919 2044 Post
968 1988 1345 2044 Theodericus
1404 1998 1509 2039 non
1577 1985 1863 2039 immemor
1910 1981 2128 2051 perjurii

550 2081 943 2138 llermencfridi
986 2080 1127 2150 regis
1178 2078 1607 2147 Thoringorum,
1654 2075 2126 2130 Chlothacharium

550 2176 774 2230 fratrem
798 2188 951 2228 suum
982 2172 1035 2226 in
1065 2170 1312 2225 solatium
1340 2184 1495 2223 suum
1526 2177 1743 2233 evocat,
1770 2174 1824 2221 et
1846 2166 2126 2220 adversum

551 2281 674 2321 cum
721 2267 799 2321 ire
845 2264 1120 2333 disponit,
1183 2261 1504 2331 promittens
1552 2258 1661 2328 regi
1712 2256 2128 2312 Chlothachario

543 2370 751 2429 partem
797 2357 1027 2427 praedae,
1078 2356 1122 2409 si
1169 2356 1247 2409 eis
1312 2367 1506 2407 munus
1564 2349 1801 2405 victoriae
1868 2349 2127 2403 divinitus

523 2450 899 2502 'conferretur.
931 2444 1252 2500 Convocatis
1282 2443 1442 2513 igitur
1470 2441 1710 2505 Francis,
1739 2440 1868 2495 dicit
1892 2438 1957 2492 ad
1987 2453 2081 2493 eos
2110 2456 2126 2494 :

539 2537 896 2608 lndignamini
922 2576 939 2601 ,
982 2550 1164 2605 quaeso
1190 2575 1207 2601 ,
1264 2543 1370 2588 tam
1438 2534 1591 2603 111
1632 2544 1804 2584 meam
1848 2528 2121 2597 injuriam,

539 2642 698 2698 quam
746 2627 1013 2681 interitum
1063 2633 1341 2693 parentum
1390 2631 1690 2676 vestrorum
1718 2618 1771 2679 ι’.
1800 2634 1863 2673 ac
1902 2618 2123 2674 recolite

538 2718 846 2788 Thoringos
889 2720 1158 2787 quondam
1203 2729 1367 2784 super
1394 2722 1643 2783 parentes
1673 2719 1886 2766 nostros
1916 2712 2123 2767 violen-

538 2822 624 2869 ter
643 2811 949 2875 advenisse,
974 2825 1038 2865 ac
1059 2808 1221 2863 multa
1250 2807 1355 2863 illis
1385 2804 1630 2861 intulisse
1670 2804 1837 2868 mala;
1858 2804 1948 2873 qui
1981 2802 2122 2856 datis

538 2902 840 2967 obsidibus,
874 2915 1058 2973 pacem
1104 2913 1225 2954 eum
1274 2897 1356 2951 his
1408 2896 1544 2951 inire
1565 2895 1850 2949 voluerunt
1894 2904 1916 2931 ο
1961 2910 1975 2945 :
2028 2891 2123 2947 sed

536 2994 615 3050 illi
645 2993 863 3049 obsides
913 2993 1060 3062 ipsos
1088 2987 1313 3044 diversis
1344 2986 1606 3041 mortibus
1654 2992 1997 3054 peremerunt
2022 3025 2036 3049 ,
2056 2991 2123 3052 ,et

536 3088 802 3142 irruentes
848 3099 1010 3157 super
1059 3091 1309 3154 parentes
1354 3088 1590 3146 nostros,
1623 3091 1839 3132 onmem
1865 3075 2121 3130 substan-

2233 1894 2385 1934 suam
2439 1882 2686 1951 redigunt
2755 1892 3104 1951 potestatem.
3187 1884 3637 1941 Chlotbacharius
3697 1903 3820 1941 vero

2232 1974 2446 2029 rediens
2469 2017 2485 2039 ,
2521 1975 2903 2045 Radegundem
2936 1979 3097 2032 tiliam
3128 1978 3389 2033 Bertharii
3416 1981 3556 2048 regis
3581 1979 3609 2015 ιι
3635 1995 3817 2034 secum

2230 2067 2496 2135 captivam
2524 2068 2783 2132 abduxit,
2815 2070 3023 2138 sibique
3054 2085 3168 2125 eam
3203 2070 3256 2123 in
3300 2072 3700 2125 matrimonium
3734 2088 3818 2126 so-

2229 2159 2409 2214 ciavit.
2453 2160 2616 2229 Cujus
2668 2161 2882 2216 fratrem
2937 2172 3117 2229 postea
3176 2162 3375 2230 injuste
3429 2178 3523 2229 per
3572 2165 3818 2219 homines

2232 2253 2442 2321 iniquos
2469 2254 2686 2307 occidit.
2729 2254 2818 2307 Illa
2849 2270 3064 2323 quoque
3092 2256 3155 2308 ad
3192 2255 3355 2309 Deum
3387 2271 3672 2320 conversa,
3709 2273 3815 2312 nn-

2230 2355 2339 2399 tata
2372 2354 2520 2399 veste
2560 2346 2943 2400 monasterium
2996 2346 3098 2400 sibi
3147 2347 3284 2399 infra
3318 2346 3694 2401 Pictavensem
3737 2363 3819 2400 nr-

2230 2436 2350 2491 bem
2404 2439 2741 2502 construxit,
2792 2453 2911 2507 qua:
2960 2438 3314 2502 orationibus,
3352 2437 3597 2508 jejuniis,
3626 2440 3817 2510 vigiliis

2227 2542 2391 2602 atque
2413 2532 2770 2601 eleemosynis
2794 2533 3016 2601 prmdita
3047 2533 3098 2587 in
3124 2539 3328 2586 tantum
3358 2532 3596 2597 emicuit,
3622 2540 3681 2585 ut
3709 2547 3816 2586 ma-

2227 2636 2327 2689 gna
2362 2621 2413 2675 in
2444 2621 2652 2689 populis
2681 2621 2989 2675 haberetur.
3031 2621 3165 2675 Cum
3206 2615 3382 2675 autem
3421 2619 3596 2673 adhuc
3626 2635 3818 2687 supra-

2226 2712 2353 2767 dicti
2387 2727 2540 2782 reges
2566 2715 2617 2767 in
2652 2712 2940 2783 Thoringia
2971 2722 3171 2778 essent,
3197 2712 3567 2768 Theodericus
3596 2711 3816 2766 Clotha-

2225 2803 2466 2858 charium
2489 2803 2709 2859 fratrem
2742 2819 2896 2858 suum
2920 2804 3168 2860 occidere
3193 2804 3380 2859 voluit.
3414 2803 3479 2859 Et
3506 2805 3814 2873 praaparatis

2226 2897 2435 2952 occulte
2464 2911 2586 2952 cum
2636 2899 2799 2951 armis
2852 2898 3002 2962 viris,
3047 2912 3171 2952 eum
3219 2896 3284 2951 ad
3329 2912 3388 2952 se
3438 2905 3634 2964 vocat,
3665 2896 3811 2967 quasi

2226 2991 2485 3045 secretius
2509 3006 2629 3045 cum
2660 3006 2726 3045 eo
2752 2991 2950 3060 aliquid
2985 3000 3308 3047 tractaturus
3329 3031 3345 3056 ,
3378 3005 3730 3061 expansoque
3758 2991 3807 3044 in

2229 3089 2379 3149 parte
2406 3084 2595 3135 domus
2627 3081 2769 3135 illius
2811 3082 3072 3146 tentorio,
3104 3081 3171 3137 de
3216 3096 3323 3135 uno
3364 3080 3564 3150 pariete
3594 3079 3645 3133 in
3675 3080 3809 3133 alte-

535 3180 665 3235 tiam
710 3178 1085 3241 abstulerunt,
1136 3188 1334 3245 pueros
1380 3187 1476 3241 per
1527 3184 1748 3226 nervum
1804 3167 2027 3224 femoris
2052 3168 2117 3221 ad
2148 3166 2196 3229 C
2226 3189 2367 3238 rum,
2401 3184 2635 3227 armatos
2665 3181 2786 3242 post
2826 3189 2945 3227 eum
2978 3184 3123 3227 stare
3149 3172 3322 3242 jubet.
3363 3171 3607 3240 Cumque
3634 3180 3806 3225 tento-

535 3271 761 3326 arbores
788 3269 1176 3339 appendentes,
1209 3264 1419 3336 puellas
1450 3262 1679 3332 amplius
1710 3261 1970 3316 ducentas
1997 3275 2119 3314 cru~

536 3359 645 3415 deli
675 3375 805 3414 nece
835 3356 1221 3412 interfecerunt
1246 3372 1259 3408 :
1292 3354 1366 3408 ita
1397 3364 1453 3407 ut
1496 3352 1670 3423 ligatis
1698 3350 1935 3407 brachiis
1960 3366 2123 3419 super

536 3466 795 3522 equorum
822 3450 1117 3505 cervicibus
1139 3487 1157 3513 ,
1196 3447 1404 3516 ipsique
1432 3446 1695 3500 acerrimo
1727 3446 1855 3498 moti
1905 3445 2122 3499 stimulo

534 3556 634 3611 per
662 3540 871 3596 diversa
924 3547 1205 3609 petentes,
1267 3537 1507 3592 diversas
1557 3537 1610 3591 in
1668 3546 1847 3603 partes
1897 3534 2121 3589 feminas

536 3633 859 3688 diviserunt.
903 3630 1037 3685 Aliis
1065 3644 1194 3685 vero
1231 3644 1393 3697 super
1418 3628 1619 3683 orbitas
1638 3626 1671 3673 μά
1706 3628 1908 3681 viarum
1938 3637 2122 3683 exten-

538 3724 639 3791 sis,
670 3722 996 3791 sudibusqne
1021 3722 1071 3775 in
1107 3730 1302 3775 terram
1326 3720 1585 3785 conﬁxis,
1614 3720 1849 3788 plaustra
1890 3722 2121 3789 desuper

536 3823 756 3870 onerata
786 3813 1013 3867 transire
1034 3810 1309 3875 fecerunt,
1344 3809 1739 3879 confractisque
1768 3811 2000 3876 ossibus,
2031 3824 2120 3865 ca-

536 3903 695 3959 nibus
721 3903 1015 3971 avibusque
1048 3915 1140 3956 cas
1172 3901 1225 3955 in
1276 3900 1475 3955 cibaria
1517 3900 1801 3955 dederunt.
1851 3900 2002 3955 Nunc
2027 3916 2118 3956 au-

534 4003 643 4050 tem
677 3993 1113 4049 llermenefridus
1140 3992 1282 4063 quod
1318 3992 1445 4046 mihi
1482 3992 1748 4062 pollicitus
1775 4002 1859 4047 est
1905 3993 2115 4061 fefellit,

533 4097 592 4140 et
618 4085 837 4139 omnino
870 4084 983 4139 ha-c
1033 4084 1331 4154 adimplere
1362 4085 1681 4139 dissimulat.
1724 4084 1864 4141 Ecce
1893 4088 2115 4141 verbum

529 4175 792 4230 directum
819 4175 1147 4230 babemus‘:
1169 4190 1355 4230 eamus
1380 4190 1498 4229 cum
1528 4176 1622 4230 Dei
1646 4175 1909 4245 adjutorio
1931 4190 2115 4233 contra

529 4281 650 4323 eos.
689 4268 840 4336 Quod
887 4268 962 4323 illi
1010 4269 1315 4333 audientes,
1360 4278 1417 4324 et
1469 4270 1535 4326 de
1565 4279 1712 4326 tanto
1740 4271 1943 4327 scelere
1974 4272 2115 4327 indi-

532 4369 762 4428 gnantes
787 4399 803 4425 ,
844 4374 951 4413 uno
985 4360 1169 4413 animo
1214 4360 1509 4430 eademque
1555 4364 1840 4423 sententia,
1886 4364 2119 4419 Thoriu-

527 4450 671 4520 giam
724 4450 1049 4522 petiverunt.
1107 4451 1470 4507 Theodericus
1526 4461 1702 4506 autem
1759 4451 2115 4511 Chlothacba-

2225 3266 2362 3321 rium
2414 3266 2542 3320 illud
2589 3276 2734 3321 esset
2779 3266 3026 3330 brevius,
3080 3266 3242 3335 pedes
3290 3275 3617 3320 armatorum
3646 3279 3811 3334 appa-

2226 3376 2383 3416 ruere
2413 3360 2631 3414 dctecti.
2673 3360 2823 3431 Quod
2858 3374 3189 3427 mgnoscens
3219 3360 3811 3423 Chlothacharius,cum

2224 3451 2333 3505 Suis
2363 3458 2598 3502 armatus
2624 3452 2892 3519 ingressus
2915 3458 3000 3504 Cal
3021 3451 3258 3505 domum.
3290 3452 3656 3505 Theudoricus
3683 3467 3806 3503 vero

2224 3540 2528 3610 intelligens
2576 3540 2717 3595 hunc
2747 3540 2858 3595 hmc
2897 3542 3211 3611 cognovisse
3237 3580 3251 3603 ,
3295 3539 3526 3594 fabulam
3558 3541 3725 3609 ﬁngit,
3758 3550 3807 3596 ct

2223 3628 2324 3685 alia
2356 3645 2419 3684 ex
2451 3630 2571 3684 aliis
2600 3630 2856 3698 loquitur.
2900 3630 3138 3699 Denique
3177 3631 3425 3686 nesciens
3457 3632 3684 3701 qualiter
3712 3632 3807 3685 do-

2223 3721 2331 3776 lum
2362 3736 2517 3775 suum
2549 3721 2828 3789 deliniret,
2886 3723 3090 3775 discum
3137 3724 3184 3777 ei
3218 3738 3466 3792 magnum
3498 3733 3806 3793 argenteum

2224 3829 2321 3885 pro
2346 3815 2519 3886 gratia
2541 3814 2709 3869 dedit.
2752 3813 3158 3869 Clnthacharius
3205 3830 3334 3869 vero
3386 3815 3711 3879 valedicens,
3758 3823 3807 3868 et

2208 3922 2320 3984 pro
2370 3921 2595 3961 munere
2637 3906 2835 3977 gratias
2880 3921 3084 3976 agens,
3127 3905 3192 3959 ad
3235 3915 3487 3960 metatum
3536 3921 3807 3975 regreSsus

2221 4007 2324 4054 est.
2365 3996 2733 4053 Theodericus
2774 4012 2901 4051 vero
2951 3994 3196 4065 queritur
3242 3996 3309 4049 ad
3357 4012 3518 4061 suos,
3550 3996 3691 4049 nulla
3718 4011 3807 4050 er-

2221 4088 2384 4144 stanti
2411 4102 2571 4143 causa
2608 4103 2761 4142 suum
2795 4086 3091 4155 perdidisse
3138 4088 3411 4140 catinum:
3446 4097 3497 4139 et
3541 4087 3608 4140 ad
3639 4087 3802 4141 ﬁlium

2220 4195 2372 4235 suum
2398 4177 2831 4234 Theudebertum
2861 4177 2975 4230 ait:
3010 4175 3154 4230 Vade
3183 4178 3250 4229 ad
3291 4186 3537 4245 patruum
3576 4175 3589 4212 ί
3632 4185 3799 4237 tuum,

2219 4282 2272 4327 ct
2319 4287 2445 4340 roga
2494 4279 2550 4324 ut
2595 4283 2785 4322 munus
2825 4267 2965 4337 quod
3007 4268 3054 4322 ei
3083 4268 3226 4330 dedi,
3259 4268 3351 4321 tibi
3392 4282 3486 4322 sua
3520 4268 3796 4322 voluntate

2218 4362 2501 4419 concedat.
2544 4360 2645 4425 Qui
2672 4359 2880 4426 abiens,
2904 4362 3041 4429 quod
3072 4358 3226 4429 petiit
3254 4360 3576 4428 impetravit.
3621 4361 3677 4413 In
3721 4366 3800 4412 ta—

2221 4456 2357 4510 libus
2383 4452 2525 4509 enim
2555 4448 2691 4505 dolis
2731 4449 3098 4505 Theudoricus
3146 4451 3370 4505 multum
3410 4450 3637 4507 call.dus
3659 4460 3794 4509 erat.

528 4636 630 4704 Qui
660 4634 806 4690 locus
836 4634 902 4687 ad
951 4632 1265 4688 Rhodanum
1312 4632 1445 4688 situs
1490 4640 1573 4688 est
1614 4631 1752 4688 inter
1779 4633 2038 4692 Viennam
2059 4646 2112 4694 et
2142 4639 2193 4699 ι)
2215 4612 2633 4704 d’eutrepreudre
2650 4645 2752 4704 aue
2778 4629 2947 4704 chose.
2978 4627 3108 4682 Vide
3134 4627 3228 4683 lib.
3256 4641 3327 4694 tv,
3358 4642 3476 4697 cap.
3516 4629 3603 4683 M.

527 4706 763 4761 Belicam
794 4706 972 4759 urbes.

604 4785 632 4813 ι
666 4776 791 4846 Alii,
817 4774 1183 4831 Theotbaldtu.
1216 4773 1438 4846 Fallitur
1466 4773 1645 4846 itaque
1673 4772 1925 4846 Agathias
1951 4817 1969 4843 ,
2011 4778 2101 4846 qui

536 4846 633 4902 lib.
660 4861 676 4899 t
699 4844 1107 4915 Chlodomerem
1130 4847 1333 4909 absque
1362 4844 1544 4915 liberis
1573 4845 1819 4915 periisse,
1850 4858 1903 4899 et
1927 4844 2103 4901 Fran-

528 4932 622 4971 eos
669 4917 784 4984 ipso
830 4914 1011 4971 occiso
1043 4956 1058 4981 ,
1110 4918 1289 4970 animo
1318 4914 1547 4986 Aabjectp
1575 4931 1601 4986 a
1636 4915 2105 4986 Burgundionibus

532 4992 706 5057 legem
738 4986 1011 5053 accepisse
1054 4986 1259 5057 scribit.
1307 4984 1449 5040 Obiit
1494 4984 1865 5057 Chlodomcris
1894 4986 2103 5043 Jttstino

530 5054 654 5139 iret
680 5057 929 5127 Opilione
956 5069 1127 5121 coss.,
1162 5055 1215 5109 id
1240 5064 1322 5109 est
1350 5069 1439 5108 an.
1466 5054 1572 5110 524
1596 5096 1611 5123 ,
1644 5072 1709 5111 ex
1752 5057 1905 5112 Marii
1933 5058 2104 5115 Chro-

532 5144 681 5183 IIICO.

601 5199 628 5236 δ
655 5198 789 5253 Cod.
822 5198 1036 5267 Begm.,
1064 5212 1311 5250 meorum.
1344 5196 1479 5251 Vide
1509 5211 1668 5267 supra
1698 5212 1818 5267 cap.
1850 5196 1906 5250 4.

602 5280 627 5307 ο
668 5270 809 5323 Idem
843 5270 964 5322 cod.
1001 5268 1216 5335 Regum,
1245 5267 1536 5321 noluerunt.
1850 5274 1851 5277 ‘

604 5337 630 5375 ά
662 5339 877 5391 Orbitas
904 5347 1086 5392 vetera
1129 5336 1382 5403 glossaria
1425 5340 1679 5406 ipsasmet
1711 5338 1823 5392 vias
1864 5336 2103 5406 publicas

534 5409 829 5479 appellant.
853 5408 1271 5479 orbitaquippe
1307 5420 1389 5479 est
1441 5409 1620 5464 sulcus
1662 5423 1821 5479 quem
1851 5422 2101 5479 curruum

536 5476 672 5532 rotae
716 5492 811 5533 seu
840 5478 1001 5533 orbes
1049 5477 1103 5532 in
1145 5482 1245 5533 viis
1287 5477 1590 5534 eil‘ormant.
1638 5477 1846 5534 Gallice
1878 5476 2105 5533 dicimus

534 5549 625 5603 de:
657 5546 909 5602 orniéres.

611 5627 637 5657 ο
667 5618 766 5673 Hrc
792 5618 1043 5689 loquendi
1072 5619 1262 5674 modus
1286 5621 1479 5689 passim
1505 5619 1642 5689 apud
1670 5617 1985 5685 Gregorium
2016 5632 2107 5672 uc-

537 5689 706 5743 currit
735 5689 801 5743 ad
838 5693 1249 5759 exprimendum
1290 5692 1485 5758 aliquid
1508 5692 1629 5759 jure
1668 5700 1866 5743 etcum
1902 5689 2106 5743 ratione

540 5761 749 5831 suscipi
783 5776 958 5830 po~sc.
996 5762 1267 5829 llmlicquc
1295 5761 1498 5816 Gallice
1527 5760 1771 5822 dicimus,
1802 5761 1942 5813 at'oir
1973 5760 2106 5815 droit

2294 4704 2312 4743 ί
2356 4703 2569 4758 Addunt
2597 4701 2749 4766 editi,
2784 4715 2890 4766 pra:
2911 4701 3108 4754 timore.

2282 4784 2309 4823 ε
2348 4773 2481 4829 Cod.
2512 4771 2703 4835 Colb.,
2736 4768 3097 4823 Unstrondem.
3148 4768 3365 4822 Fluvius
3406 4779 3491 4824 est
3536 4769 3797 4825 Eichsfel-

2209 4846 2347 4909 dite,
2380 4842 2536 4910 vulgo
2585 4843 2652 4895 ab
2698 4840 2887 4894 incolis
2938 4839 3187 4894 Umtrudt
3226 4839 3400 4895 dictus
3425 4880 3440 4902 ,
3471 4849 3529 4893 ut
3551 4842 3801 4897 obServat

2211 4917 2499 4971 Browcrus
2527 4915 2577 4965 in
2608 4912 2746 4965 notis
2776 4912 2840 4964 ad
2876 4910 3254 4964 Fortunaturn.

2285 4983 2312 5022 ιι
2356 4985 2401 5037 Is
2429 4990 2551 5038 erat
2577 4985 2737 5035 frater
2769 4979 3164 5034 llurmenfredi.
3218 4978 3349 5033 Vide
3392 4994 3553 5046 supra
3591 4996 3716 5049 cap.
3749 4982 3799 5034 ι.

2211 5054 2491 5110 Excidium
2522 5067 2651 5104 vero
2694 5051 3001 5118 Thuringia:
3049 5050 3345 5114 describit,
3372 5058 3427 5104 et
3455 5051 3801 5119 liadegundis

2207 5127 2427 5180 nomine
2456 5122 2697 5189 deplorat
2749 5121 3073 5174 Fortunatus
3121 5121 3170 5175 in
3219 5121 3589 5188 Supplemeuti
3624 5138 3793 5177 carm.

2206 5212 2245 5258 ι.
2279 5198 2364 5248 ubi
2388 5195 2552 5248 etiam
2576 5194 2641 5246 de
2668 5192 2906 5259 ejusdem
2942 5192 3102 5245 fratre
3141 5193 3337 5260 injuste
3392 5195 3594 5247 occiSo.
3652 5192 3796 5249 Idem

2207 5266 2532 5320 Fortunatus
2574 5263 2765 5316 librum
2795 5264 3023 5329 primum
3066 5260 3187 5315 vita!
3225 5261 3283 5316 S.
3321 5262 3687 5331 Badeguudis,
3723 5266 3798 5316 ai-

2208 5345 2382 5391 terum
2426 5349 2558 5387 vero
2604 5332 2925 5387 Baudonivia
2959 5331 3208 5386 rnonialis
3231 5332 3528 5398 scripsere,
3576 5333 3668 5400 qui
3702 5337 3766 5386 ha

2208 5406 2403 5461 bentur
2443 5405 2497 5457 in
2526 5404 2673 5457 Actis
2728 5402 2824 5457 SS.
2868 5402 2996 5457 0rd.
3042 5401 3101 5456 S.
3139 5403 3405 5456 Benedicti
3437 5403 3573 5458 Saec.
3608 5418 3647 5466 ι,
3681 5418 3797 5471 pag.

2209 5476 2333 5530 '51:).
2365 5473 2743 5529 Mouasterinm
2777 5487 2904 5529 vero
2926 5474 2993 5525 ab
3021 5472 3135 5540 ipsa
3164 5473 3437 5527 conditum
3462 5474 3626 5527 etiam
3658 5488 3797 5527 nunc

2208 5549 2310 5602 sub
2356 5546 2415 5600 S.
2463 5543 2648 5598 Crucis
2699 5544 2851 5597 titulo
2881 5542 3084 5596 illustre
3113 5552 3445 5609 perseverat,
3479 5542 3667 5598 Ordiui
3699 5545 3794 5595 lie.

2210 5616 2484 5673 nedictino
2513 5614 2804 5668 addictum.
2848 5613 2921 5669 De
2946 5614 3026 5668 bis
3049 5614 3183 5669 infra
3214 5629 3319 5669 non
3346 5617 3538 5679 semel,
3569 5614 3793 5683 potissio

2213 5704 2356 5743 tuum
2389 5686 2480 5738 lib.
2514 5699 2591 5737 rx.

2290 5757 2304 5794 ί
2356 5756 2511 5814 Editi.
2542 5764 2756 5817 patrem.
