4028 6342
234 299 339 356 240

1153 308 1471 369 HISTORIA
1510 312 1953 374 FRANCORUII.
1994 320 2194 377 LIBER
2234 323 2546 381 TERTIUS.

3366 334 3474 390 250

300 414 433 472 VIII.
473 415 618 473 Idem
644 433 797 478 .vero
830 436 1105 492 regressus
1135 427 1201 482 ad
1228 429 1438 498 propria
1459 468 1475 494 ,
1506 431 1795 487 Hermene-
1824 436 1870 495 Α
1900 434 2163 493 thesauris
2202 454 2441 494 sororem
2484 448 2809 511 assumptam
2855 458 3036 501 secum
3065 445 3329 506 adducere
3373 464 3474 507 cu-

228 506 422 563 I’ridntn
470 509 535 563 ad
578 524 638 585 se
666 511 784 565 data
834 515 936 569 fide
977 530 1224 571 securum
1276 521 1457 575 venire
1521 523 1813 590 praecepit,

229 610 385 662 quem
416 604 472 652 et
511 598 818 657 honorilieis
856 603 1045 659 ditavit
1087 609 1419 665 muneribus.
1470 612 1687 667 Factum
1717 623 1797 669 est

229 699 402 745 autem
430 689 556 745 dum
588 694 813 758 quadam
843 696 929 751 die
960 713 1054 766 per
1084 715 1294 755 murum
1324 704 1551 757 civitatis
1578 706 1795 760 'fulbia-

228 780 405 835 censis
450 782 942 853 confabularentur,
997 805 1026 845 a
1077 793 1259 847 nescio
1300 809 1405 862 quo
1452 796 1707 862 impulsus
1730 798 1797 853 de

230 871 508 929 altitudine
557 878 691 931 muri
732 879 797 931 ad
844 890 1039 935 terram
1085 884 1524 954 corruit,ibiquc
1550 874 1793 954 spiritum

234 959 517 1017 exhalavit.
560 964 663 1020 Sed
707 968 825 1037 quis
873 985 994 1024 eum
1047 974 1239 1027 exinde
1287 975 1559 1044 deiecerit,
1589 979 1796 1047 ignora-

228 1067 382 1106 mus:
416 1055 566 1109 multi
600 1065 773 1113 tamen
801 1072 1047 1116 asserunt
1080 1065 1234 1135 113
1265 1066 1580 1123 Theuderici
1616 1070 1667 1123 in
1698 1072 1815 1125 lioc‘

222 1141 402 1198 dolum
431 1146 861 1204 manifestissime
893 1156 1121 1219 patuisse
1150 1164 1202 1210 ⁸.

290 1232 382 1289 IX.
424 1237 556 1291 Cum
587 1250 761 1294 autem
808 1242 984 1299 adhuc
1013 1242 1375 1301 Tbeudericus
1406 1249 1458 1303 in
1504 1249 1794 1320 Thoringia

219 1337 381 1393 esset,
424 1331 679 1386 Arvernis
724 1336 905 1390 sonuit
936 1352 1053 1391 eum
1102 1339 1433 1395 interfectum
1465 1342 1646 1398 fuisse.
1692 1347 1794 1399 Ar-

220 1416 405 1472 cadius
434 1433 673 1490 quoque,
704 1439 837 1478 unus
867 1442 930 1480 ex
961 1427 1299 1485 senatoribus
1340 1433 1616 1499 Arvernis,
1648 1436 1796 1490 Chil-

218 1505 498 1561 debertum
548 1511 760 1578 invitat,
794 1522 852 1566 ut
890 1515 1163 1583 regionem
1206 1519 1349 1572 illam
1392 1520 1610 1577 deberet
1655 1526 1797 1579 acci-

218 1612 367 1667 pere.
403 1598 494 1655 llle
523 1616 730 1672 quoque
760 1620 856 1660 nec
885 1616 1119 1661 moratus
1158 1611 1411 1665 Arvernis
1454 1613 1621 1667 vadit.
1651 1614 1795 1670 Tan-

216 1697 379 1760 taque
406 1690 457 1745 in
490 1693 575 1746 illa
605 1695 689 1748 die
718 1697 985 1751 condensa
1018 1698 1116 1753 fuit
1146 1702 1360 1769 nebula,
1392 1712 1447 1757 ut
1470 1705 1598 1758 nihil
1635 1721 1795 1774 super

1900 524 2075 592 piebat
2103 544 2115 578 :
2146 543 2264 594 qua:
2302 532 2485 584 nescio
2513 545 2619 601 quo
2646 546 2772 587 casu
2813 532 2863 589 in
2891 535 2976 589 via
3001 546 3211 592 mortua
3254 546 3370 605 est,
3409 546 3471 598 et

1899 623 2080 683 postea
2114 618 2342 673 Parisios
2371 621 2549 687 allata,
2574 623 2720 690 juxta
2754 633 2955 692 patrem
2985 640 3139 680 suum
3162 626 3471 685 Chlodove-

1898 705 2056 759 chum
2101 708 2304 776 sepulta
2352 720 2453 765 est.
2500 712 2872 770 Cbildebertus
2899 731 3025 772 vero
3067 717 3208 773 inter
3236 719 3472 789 reliquos

1900 792 2176 849 thesauros
2209 799 2500 854 ministeria
2535 802 2878 860 ecclesiarum
2910 806 3291 874 pretiosissima
3319 809 3474 866 detu-

1898 881 1979 936 lit.
2022 884 2151 938 Nam
2183 888 2454 957 sexaginta
2500 892 2726 957 calices,
2758 895 3059 962 quindecim
3102 909 3351 967 patenas,
3392 898 3472 957 vi?

1896 974 2030 1041 ginti
2080 976 2482 1046 Evangeliorum
2517 996 2704 1049 capsas
2738 985 2962 1053 detulit,
3011 990 3201 1045 omnia
3229 1006 3295 1045 ex
3336 1006 3472 1048 auro

1897 1076 2051 1130 puro,
2076 1079 2138 1118 ac
2163 1068 2386 1133 getnmis
2415 1072 2660 1137 pretiosis
2680 1084 2863 1129 ornata
2895 1094 2906 1129 :
2931 1078 3025 1133 sed
3048 1094 3152 1134 non
3177 1088 3260 1135 est
3285 1068 3471 1150 passus

1897 1168 1960 1208 ea
2001 1156 2284 1225 confringi.
2318 1158 2517 1215 Cuncta
2549 1164 2691 1217 enim
2724 1167 2961 1222 ecclesiis
3001 1179 3054 1223 et
3083 1171 3319 1227 basilicis
3346 1156 3472 1229 san-‘-

1897 1255 2101 1301 ctorum
2144 1249 2492 1317 dispensavit,
2526 1269 2587 1307 ac
2621 1257 2835 1311 tradidit
2870 1260 2922 1314 in
2962 1263 3309 1320 ministerium
3347 1266 3393 1325 ³³.
3454 1260 3461 1267 Α

1972 1334 2061 1389 XI.
2101 1336 2343 1393 Posdiazc
2371 1341 2817 1400 Chlorhacharius
2846 1356 2901 1401 et
2942 1350 3309 1411 Childebertus
3340 1357 3473 1411 Bur—

1897 1428 2119 1495 gundias
2147 1439 2329 1496 petere
2377 1432 2663 1487 destinant.
2707 1438 3144 1509 Convocatusque
3182 1445 3472 1502 Theuderi-

1897 1531 1991 1570 cus
2013 1517 2113 1584 ἰ1η
2146 1520 2335 1573 solatio
2368 1519 2383 1557 ί
2430 1537 2614 1576 eorum
2648 1525 2724 1579 ire
2766 1528 2955 1583 noluit.
2987 1529 3175 1585 Franci
3206 1548 3333 1588 vero
3378 1535 3470 1603 qui

1897 1608 1961 1660 ad
1992 1624 2112 1661 cum
2158 1612 2511 1682 aSpiciebant,
2540 1615 2788 1670 dixerunt
2815 1636 2829 1669 :
2860 1619 2917 1673 Si
2943 1634 3064 1675 cum
3091 1620 3341 1677 fratribus
3368 1628 3473 1679 tuis

1897 1697 1949 1752 in
1997 1700 2351 1769 Burgundiam
2402 1705 2479 1759 ire
2526 1706 2876 1776 dexpexeris,
2910 1720 2961 1766 te
2998 1713 3372 1782 relinquimus,
3418 1727 3472 1771 et

214 1777 423 1834 duabus
445 1780 618 1850 jugeri
650 1785 882 1851 partibus
920 1785 1151 1843 discerni
1184 1800 1382 1859 posset,
1437 1793 1622 1849 Dicere
1648 1797 1789 1850 enim
1822 1812 1870 1873 Β
1898 1791 2015 1843 illos
2046 1794 2209 1848 satius
2237 1797 2385 1863 sequi
2430 1810 2806 1868 prmoptamus.
2848 1804 2919 1856 ΔΙ.
2962 1805 3050 1858 ille
3096 1777 3338 1862 infideles
3358 1777 3470 1862 isibi

215 1881 333 1927 erat
376 1875 562 1929 solitus
600 1892 695 1932 rex
724 1897 735 1931 :
770 1878 933 1934 Velim
953 1923 966 1947 ,
996 1882 1183 1951 inquit,
1213 1886 1502 1940 Arvernam
1531 1887 1559 1926 δ
1602 1889 1793 1945 Lema-

217 1977 367 2029 nem,
397 1979 516 2033 quae
546 1973 704 2021 tantm
722 1966 1066 2036 iucunditatis
1094 1973 1260 2041 gratia
1291 1975 1550 2045 refulgere
1580 1977 1789 2046 dicitur,

213 2055 386 2110 oculis
424 2070 664 2112 cernere.
711 2058 817 2113 Sed
865 2076 969 2115 non
1012 2062 1061 2117 ei
1109 2078 1137 2116 a
1181 2065 1291 2119 Deo
1336 2081 1648 2123 concessum
1687 2079 1791 2125 est.

212 2146 457 2215 (Imque
488 2161 654 2219 porta:
680 2151 909 2207 civitatis
935 2153 1195 2210 obseratae
1221 2166 1421 2223 essent,
1453 2168 1507 2214 et
1529 2162 1671 2215 unde
1712 2162 1792 2215 in-

211 2244 524 2314 grederetur
554 2247 792 2314 pervium
821 2249 1061 2317 patulum
1095 2266 1197 2304 non
1230 2252 1472 2318 haberet,
1504 2256 1666 2309 incisa
1694 2256 1793 2309 Ar-

209 2335 400 2391 cadius
446 2351 565 2390 sera
615 2338 771 2393 unius
810 2348 1010 2407 portze,
1065 2356 1185 2396 eum
1226 2344 1428 2398 civitati
1477 2346 1788 2402 intromisit.

212 2427 360 2482 Dum
383 2429 497 2484 haec
525 2440 809 2500 agerentur
830 2474 845 2497 ,
892 2435 1164 2489 nuntiatur
1194 2435 1580 2493 Theodericum
1613 2439 1789 2494 vivum

208 2517 277 2575 de
305 2520 593 2590 Thoringia
632 2522 797 2578 fuisse
842 2538 1162 2590 regressum.
1214 2596 1218 2601 .

280 2609 358 2666 Χ.
398 2611 549 2679 Quod
588 2614 889 2670 certissime
915 2615 1283 2671 Cliildebertus
1310 2632 1639 2689 cognoscens
1661 2658 1679 2686 ,
1724 2619 1792 2675 ab

206 2703 473 2760 Arvernis
503 2704 698 2769 rediit,
733 2707 789 2759 in
831 2706 1135 2777 Hispaniam
1168 2720 1189 2748 ε
1216 2725 1344 2764 vero
1392 2722 1608 2780 prepter
1642 2726 1793 2767 soro-

205 2807 333 2848 rem
364 2808 513 2847 suam
544 2791 970 2852 Chrote‘cbildem
998 2796 1024 2835 ἀ
1060 2799 1260 2869 dirigit.
1289 2801 1415 2856 Haec
1444 2817 1571 2856 vero
1597 2803 1791 2857 multas

207 2880 437 2936 insidias
466 2882 532 2937 ab
563 2883 857 2939 Amalarico
898 2888 1013 2941 viro
1054 2902 1151 2942 suo
1184 2901 1397 2958 propter
1427 2890 1581 2946 fidem
1609 2891 1795 2946 catho-

207 2974 372 3031 licam
405 2975 718 3044 patiebatur.
747 2977 875 3031 Nam
906 2979 1218 3050 plerumque
1246 2982 1565 3050 procedente
1588 2983 1678 3037 illa
1725 2984 1791 3038 ad

210 3074 456 3120 sanctam
485 3066 791 3133 ecclesiam,
818 3078 1051 3124 stercora
1085 3079 1140 3124 et
1182 3072 1423 3126 diversos
1471 3073 1665 3127 fetores
1696 3090 1790 3129 su-

1899 1884 2211 1939 existimans
2236 1904 2248 1938 :
2274 1888 2352 1942 Ad
2380 1890 2672 1956 Arvernos,
2699 1896 2792 1958 ait,
2823 1911 2908 1949 me
2949 1898 3251 1965 sequimini,
3280 1907 3333 1954 et
3370 1914 3470 1968 ego

1897 1988 1991 2026 vos
2017 1975 2268 2029 inducam
2302 1978 2349 2030 in
2380 1982 2624 2047 patriam,
2658 1982 2742 2035 ubi
2771 2000 2955 2038 aurum
2986 1995 3039 2040 et
3067 1996 3342 2056 argentum
3383 2004 3470 2044 ac-

1896 2064 2123 2132 cipiatis,
2160 2078 2413 2137 quantum
2446 2082 2618 2126 vestra
2648 2084 2821 2141 potest
2849 2077 3152 2132 desiderare
3186 2080 3466 2149 cupiditas,

1894 2153 1959 2210 de
1986 2173 2085 2226 qua
2118 2174 2330 2227 pecora,
2358 2162 2424 2216 de
2448 2178 2549 2218 una
2582 2165 2838 2232 mancipia
2858 2209 2873 2231 ,
2925 2169 2991 2221 de
3019 2184 3118 2237 qua
3150 2171 3471 2225 vestimenta

1894 2249 1948 2304 iii
2001 2253 2377 2308 abundantiam
2418 2258 2743 2312 assutnatis:
2777 2268 2977 2314 tantum
3027 2262 3123 2316 bos
3170 2278 3235 2317 ne
3280 2280 3469 2333 sequa-

1893 2341 2043 2394 mini.
2080 2342 2171 2395 lIis
2202 2344 2646 2409 promissionibns
2673 2349 2722 2400 hi
2757 2349 2936 2411 illecti,
2966 2365 3117 2404 suam
3142 2353 3468 2408 voluntatem

1893 2430 2071 2486 facere
2104 2436 2437 2501 promittunt.
2478 2437 2569 2491 Ille
2611 2453 2737 2492 vero
2785 2440 2908 2495 illuc
2934 2442 3163 2495 transire
3203 2443 3469 2511 dispunit,

1894 2523 2206 2588 promittens
2255 2526 2443 2577 iterum
2490 2537 2646 2595 atque
2694 2529 2885 2583 iterum
2930 2532 3188 2603 exercitui
3224 2542 3469 2587 cunctam

1895 2613 2126 2681 region‘s
2170 2615 2400 2681 praedam
2450 2632 2567 2670 cum
2622 2617 2919 2674 hominibus
2968 2622 3019 2675 in
3066 2637 3191 2677 suas
3227 2624 3469 2691 regiones

1894 2709 2172 2761 transferri
2222 2713 2547 2777 permittere.
2580 2710 3041 2769 Chlothacbarius‘
3066 2732 3194 2770 vero
3238 2727 3291 2770 et
3319 2717 3469 2771 Chil-

1892 2795 2143 2851 debertus
2173 2800 2223 2851 in
2255 2800 2610 2865 Burgundiam
2640 2803 2897 2870 dirigunt,
2926 2806 3468 2873 Augustodunnmquc

1893 2886 2231 2949 obsidentes,
2277 2901 2520 2943 cunetam
2566 2890 2741 2959 fugato
2784 2890 3083 2946 Godomaro
3114 2895 3470 2964 Burgundiani

1894 2989 2281 3039 occupaverunt
2326 2978 2341 3028 i

1968 3066 2082 3119 XII.
2122 3066 2481 3121 Theodericus
2524 3084 2648 3122 vero
2675 3085 2794 3124 cum
2832 3073 2984 3142 115
3012 3073 3246 3128 exercitu
3280 3077 3469 3130 Arver-

209 3168 315 3225 per
335 3170 449 3210 eam
474 3155 659 3225 projici
682 3156 995 3225 imperabat.
1021 3159 1101 3212 Ad
1123 3170 1417 3215 extremum
1442 3170 1614 3215 autem
1648 3171 1791 3216 tanta
1817 3175 1864 3236 ο
1901 3157 1982 3209 nis
2015 3158 2252 3220 venienS,
2282 3167 2445 3210 totam
2476 3160 2744 3226 regionem
2772 3162 3009 3215 devastat
3038 3179 3100 3216 ac
3123 3166 3360 3228 proterit.
3380 3166 3472 3218 ln-

206 3259 337 3302 eam
381 3247 692 3302 crudelitate
735 3247 927 3302 dicitur
976 3250 1285 3316 cmeidisse,
1332 3259 1391 3304 ut
1428 3250 1676 3306 infectum
1720 3254 1787 3307 de

210 3335 436 3407 proprio
463 3339 721 3406 sanguine
745 3339 1013 3393 sudarium
1040 3341 1183 3395 fratri
1209 3347 1588 3397 transmitteret
1615 3362 1626 3396 :
1651 3344 1790 3400 unde

209 3426 309 3482 ille
346 3428 574 3482 maxime
616 3439 948 3494 commotus,
993 3431 1272 3499 Hispanias
1306 3435 1547 3501 appetiit.
1579 3437 1790 3491 Amala-

207 3518 360 3572 ricus
387 3532 513 3572 vero
543 3518 656 3573 haec
696 3520 939 3583 audiens,
971 3537 1133 3577 naves
1174 3524 1237 3577 ad
1270 3525 1571 3593 fugiendum
1618 3537 1791 3596 parat.

210 3608 389 3664 Porro
415 3610 724 3665 imminente
754 3611 1115 3681 Cltildebcrto,
1148 3630 1267 3669 eum
1301 3617 1629 3673 Amalaricus
1655 3628 1678 3656 θ
1703 3635 1795 3673 na-

208 3713 338 3754 vem
384 3699 602 3754 deberet
641 3702 959 3765 ascendere,
991 3704 1039 3757 ei
1076 3705 1126 3758 in
1169 3714 1397 3760 mentem
1451 3709 1591 3762 venit
1620 3709 1795 3762 multi-

211 3790 457 3843 tudinem
505 3804 563 3844 se
603 3792 959 3860 pretiosorum
1012 3795 1244 3863 lapidum
1292 3796 1344 3849 in
1392 3812 1489 3851 suo
1546 3799 1794 3853 thesauro

208 3878 516 3948 reliquisse.
546 3879 785 3947 Cumque
809 3882 872 3935 ad
899 3884 1113 3938 eosdem
1160 3887 1417 3954 petendos
1445 3888 1496 3942 in
1525 3889 1793 3943 civitatem

209 3969 611 4039 regrederetur,
644 3971 711 4025 ab
735 3974 970 4027 exercitu
997 3990 1023 4027 a
1053 3992 1099 4044 pi
1124 3987 1205 4030 rtu
1242 3976 1259 4014 ί
1294 3988 1543 4033 exctusus
1573 3989 1676 4033 est.
1708 3980 1797 4033 Vi-

212 4061 357 4117 dens
402 4071 575 4116 autem
624 4076 683 4117 se
731 4079 831 4118 non
881 4081 1035 4133 posse
1091 4072 1355 4136 evadere,
1399 4071 1463 4123 ad
1518 4072 1796 4125 ecclesiam

211 4152 643 4207 Christianorum
669 4165 693 4201 ις
722 4155 879 4227 114
919 4157 1207 4227 confugere
1252 4161 1431 4229 carpit.
1477 4161 1583 4216 Sed
1624 4163 1796 4230 prius-

210 4258 382 4313 quam
423 4243 599 4297 limina
629 4256 810 4300 sancta
853 4248 1221 4316 contingeret,
1250 4265 1385 4303 unus
1414 4252 1606 4304 emissa
1639 4267 1797 4307 manu

214 4334 409 4389 lancea
456 4349 577 4388 eum
618 4336 827 4391 mortali
874 4337 977 4391 ictu
1008 4338 1281 4403 sauciavit,
1328 4340 1507 4408 ibique
1536 4340 1798 4396 decedens

214 4424 457 4482 reddidit
500 4425 765 4496 spiritum.
813 4427 961 4483 Tunc
1008 4428 1383 4486 Childebertus
1424 4446 1544 4487 cum
1594 4436 1799 4503 magnis

305 4548 333 4577 ⁸
365 4538 548 4594 Refert
589 4536 879 4606 Procopius
909 4542 1000 4594 lib.
1048 4558 1063 4595 I
1108 4543 1239 4597 llist.
1274 4543 1533 4598 Gottbica:
1566 4544 1795 4601 Francos
1828 4546 1877 4604 D

218 4612 417 4683 occiso
437 4608 839 4683 Ilermenel'rido
868 4612 1210 4678 Thuringiam
1253 4615 1351 4667 sibi
1377 4616 1687 4683 subiecisse.

298 4679 326 4717 δ
364 4680 454 4735 Sic
503 4681 623 4751 Bec.
657 4680 811 4751 _Bell.
854 4697 980 4734 vero
1011 4691 1063 4735 et
1103 4683 1265 4748 Bad.,
1309 4679 1544 4748 unicam;
1576 4684 1791 4751 exteri,

205 4766 470 4817 cunquam.
505 4749 760 4818 Loquitur
787 4751 1073 4820 Gregorius
1099 4752 1164 4806 de
1202 4768 1262 4806 ea
1294 4754 1566 4807 Arvernis:
1608 4749 1788 4820 parte,

218 4835 346 4904 qua:
374 4821 535 4873 etiam
562 4834 701 4872 nunc
728 4832 944 4902 vocatur
984 4822 1033 4873 la
1064 4821 1303 4904 Limus-pte
1332 4823 1685 4904 d'Auvergne,_
1707 4825 1792 4877 ubi

218 4890 608 4953 Clarusmons,
651 4890 939 4956 provinciae
985 4900 1160 4957 caput.
1218 4894 1287 4944 De
1326 4890 1598 4945 Arvernis:
1638 4897 1794 4945 uber-

221 4968 338 5011 tate
365 4968 435 5029 _et
460 4959 792 5026 iucunditate
830 4961 990 5013 multa
1024 4962 1235 5029 collegit
1271 4976 1335 5014 ex
1365 4962 1526 5015 variis
1559 4963 1792 5015 aut-turi-

221 5028 331 5082 hus
359 5026 561 5098 Savaro
589 5028 643 5082 in
672 5031 810 5081 notis
838 5030 903 5082 ad
936 5026 1209 5098 epistolam
1237 5033 1298 5084 “2t
1335 5031 1429 5085 lib.
1464 5048 1511 5085 tv
1545 5032 1744 5086 Sidonii
1776 5049 1791 5089 :

221 5111 388 5168 quem
418 5097 461 5149 si
491 5098 632 5151 lubet
665 5101 902 5153 consule.

305 5178 327 5205 ε
372 5167 638 5235 Hispania:
675 5168 889 5222 nomine
922 5169 1005 5222 hic
1032 5169 1413 5230 Septimaniam
1447 5169 1660 5235 intelligi
1703 5185 1795 5223 vo-

224 5240 378 5299 lunt,
432 5237 895 5306 Amalaricumqne
944 5254 1047 5290 non
1091 5240 1429 5302 Barcinonm,
1477 5240 1793 5306 antTnlcti,

225 5316 289 5359 ut
311 5307 574 5367 aliquibus
599 5308 785 5373 placet,
813 5308 905 5361 sed
935 5309 1175 5362 Narbone
1204 5307 1363 5361 fuisse
1392 5311 1641 5362 occisum.
1668 5310 1796 5373 Qua:

224 5376 372 5429 enim
400 5374 735 5445 Wisigotthis
768 5378 1043 5445 parebant,
1072 5379 1232 5432 etiam
1264 5378 1397 5430 intra
1429 5390 1634 5432 veteres
1675 5380 1793 5431 (ial-

226 5445 421 5498 Iiarum
472 5448 633 5525 lines,
678 5455 801 5525 tunc
849 5448 1102 5515 temporis
1144 5447 1407 5525 Hispania:
1445 5448 1657 5525 nomine
1697 5447 1799 5503 fre‘

224 5525 462 5584 quenter
497 5517 944 5583 designabantur,
979 5528 1035 5569 ut
1071 5521 1337 5570 sexcentis
1377 5517 1634 5583 exemplis
1683 5534 1805 5584 pro-

226 5583 348 5652 ὺπτί
381 5595 579 5652 posset.
613 5586 754 5651 Lege
781 5586 1044 5641 Valcsium
1076 5588 1165 5640 lib.
1187 5603 1254 5640 vti
1286 5587 1475 5639 Rerum
1507 5583 1693 5641 Franc.

305 5651 333 5728 ἦ
374 5651 817 5728 AliiC/rrotildem
847 5666 935 5728 aut
964 5656 1318 5728 Croligeldmt.
1356 5659 1477 5711 Rcc.
1509 5666 1562 5711 ct
1591 5658 1799 5728 Regia,

228 5721 633 5780 Cltloccltildem.
671 5725 732 5779 ν.
766 5735 874 5778 not.
909 5721 1202 5796 ἰιιοοειιιίὲζ
1232 5728 1321 5779 lib.
1358 5742 1412 5781 It.

1896 3254 2039 3299 terea
2068 3246 2323 3301 Arcadius
2352 3245 2569 3301 sceleris
2620 3247 2759 3303 illius
2801 3260 3020 3316 auctor,
3075 3252 3235 3317 cujus
3264 3254 3466 3320 ignavia

1894 3337 2040 3405 regio
2071 3343 2339 3389 devastata
2367 3344 2467 3400 est,
2507 3337 2765 3391 Bituricus
2798 3341 2979 3393 urbem
3012 3342 3175 3409 petiit.
3211 3344 3334 3395 Erat
3369 3358 3465 3394 an—

1896 3437 1999 3481 tctn
2027 3436 2148 3479 tunc
2177 3429 2427 3494 temporis
2468 3428 2591 3481 urbs
2632 3428 2715 3480 illa
2751 3430 2799 3481 in
2832 3445 2997 3498 regno
3027 3430 3342 3483 (Iliildeberti
3379 3447 3464 3485 rc-

1896 3520 1994 3587 gis.
2032 3516 2295 3571 Placidina
2328 3532 2450 3569 vero
2480 3529 2647 3571 mater
2690 3518 2835 3585 ejus,
2875 3527 2928 3572 ct
2975 3519 3207 3572 Alcbima
3253 3518 3276 3555 ¹ί
3316 3535 3469 3573 soror

1894 3609 2059 3678 patris
2111 3610 2253 3677 ejus,
2303 3610 2730 3679 comprehensm,
2781 3611 2916 3677 apud
2946 3611 3243 3664 Cadurcum
3287 3602 3469 3663 urbem

1896 3702 2053 3753 rebus
2093 3700 2284 3752 ablatis
2330 3700 2516 3753 exsilio
2566 3701 2933 3753 condemnatm
2985 3712 3126 3753 sunt.
3165 3702 3272 3753 Rex
3315 3703 3470 3768 igitur

1896 3788 2265 3843 Theudoricus
2312 3790 2374 3843 ad
2410 3790 2592 3843 urbem
2646 3791 2936 3843 Arvernam
2981 3806 3149 3859 usque
3178 3794 3467 3858 accedens,

1898 3879 1949 3932 in
1982 3881 2079 3931 vici
2139 3880 2281 3932 illius
2319 3881 2624 3932 suburbano
2660 3879 2674 3916 ι
2711 3889 2879 3933 castra
2924 3884 3056 3934 ﬁxit.
3112 3883 3298 3934 Beatus
3347 3898 3471 3935 vero

1897 3967 2212 4033 Quintianus
2246 3969 2324 4020 bis
2354 3969 2541 4021 diebus
2578 3980 2691 4021 erat
2722 3971 3019 4035 episeopus.
3070 3970 3267 4021 ltilcrca
3314 3986 3472 4023 exer-

1899 4061 2035 4113 citus
2084 4071 2326 4113 cunctam
2375 4060 2622 4111 circumit
2674 4061 2918 4110 mist-rain
2967 4060 3235 4128 regionem
3287 4061 3468 4127 illam,

1899 4161 2085 4206 cuncta
2118 4150 2299 4213 delet,
2347 4152 2589 4204 universa
2623 4152 2869 4205 debellat.
2911 4153 2983 4207 De
3012 4154 3202 4221 quibus
3235 4155 3472 4207 nonnulli

1899 4248 1963 4300 ad
2016 4245 2287 4298 basilicam
2334 4244 2502 4298 sancti
2535 4243 2725 4299 Iuliani
2758 4247 3105 4313 perveniunt,
3137 4244 3474 4314 confringunt

1900 4338 2033 4390 ostia
2055 4377 2069 4402 ,
2119 4350 2264 4389 seras
2295 4345 2610 4399 removent,
2652 4351 2842 4403 resque
2874 4353 3157 4406 pauperum
3182 4379 3195 4402 ,
3225 4353 3341 4406 qua:
3372 4339 3473 4389 ibi—

1903 4425 2024 4480 dem
2072 4426 2276 4479 luerant
2302 4435 2615 4494 aggregatte,
2648 4426 2933 4494 diripiunt,
2976 4437 3031 4480 et
3072 4429 3235 4481 multa
3277 4430 3330 4481 in
3374 4427 3475 4482 hoc

1974 4548 1997 4575 ε
2037 4538 2195 4592 Corb.
2226 4549 2276 4593 et
2306 4538 2530 4603 Bellov.,
2569 4539 2819 4607 Alaricus,
2846 4550 2900 4594 et
2928 4540 2987 4594 in
3011 4541 3360 4609 capitulorum
3390 4542 3474 4597 in-

1900 4608 2061 4684 dice,
2105 4610 2346 4676 quamvis
2395 4609 2527 4663 alias
2572 4623 2785 4678 semper
2824 4625 2943 4664 eum
2991 4608 3338 4665 Anialaricum
3383 4628 3475 4684 ap-

1935 4678 2115 4731 ellcnt.

1900 4694 2188 4820 Ρθῗθξξιιι.
2231 4762 2350 4802 cum
2382 4748 2626 4820 omnibus
2656 4748 2768 4803 fere
2784 4749 2949 4820 Aedilis
2976 4766 3007 4802 a
3037 4761 3205 4820 porta.

1968 4826 1994 4864 ε
2036 4818 2164 4871 Nota
2211 4819 2501 4871 catholicos
2542 4818 2795 4886 appellari
2832 4818 3168 4876 Christianos
3210 4819 3278 4875 ad
3321 4820 3472 4874 Aria-

1898 4902 2087 4940 norum
2121 4888 2425 4941 discrimen.
2474 4911 2477 4914 ⁴

1969 4954 1995 4991 δ
2033 4956 2123 5011 Sic
2157 4956 2373 5023 Casin.;
2413 4956 2501 5009 alii
2532 4971 2635 5010 non
2667 4955 2865 5013 habent
2899 4961 2951 5012 in
2981 4960 3333 5021 ministerium,
3367 4956 3472 5010 sic-

1899 5034 1958 5078 ut
1987 5041 2083 5079 nec
2116 5026 2263 5080 editi.
3224 5045 3229 5051 ‘

1979 5095 1995 5132 ί
2042 5097 2252 5161 Regio"
2280 5095 2536 5150 solatium.
2557 5095 2715 5157 Editi,
2739 5098 3013 5152 auxilium.

1976 5164 1989 5214 i
2037 5165 2330 5236 Iustiniano
2380 5181 2428 5218 tv
2457 5174 2526 5236 et_
2547 5164 2770 5236 Paulino
2810 5185 2975 5236 eam,
3021 5166 3064 5221 si
3094 5163 3259 5219 Mario
3296 5164 3473 5218 credi-

1904 5250 2047 5295 mus,
2082 5234 2134 5287 id
2177 5245 2257 5287 est
2284 5249 2424 5287 anno
2463 5233 2586 5291 554.

1976 5304 1997 5341 λε
2035 5303 2150 5358 .latn
2179 5304 2245 5357 de
2286 5303 2369 5374 his
2395 5320 2511 5370 cap.
2538 5304 2572 5356 2
2602 5306 2757 5374 hujus
2801 5305 2942 5360 libri.
2986 5303 3083 5357 IIic
3122 5303 3175 5357 in
3206 5302 3334 5372 Reg.
3377 5320 3473 5373 pro

1906 5374 2178 5437 Archima,
2221 5373 2409 5442 legitur
2439 5375 2753 5431 Arclridima.
2793 5377 3053 5429 Caeterum
3088 5388 3190 5427 non
3228 5377 3473 5428 videntur

1909 5448 2046 5511 apud
2102 5444 2398 5497 Cadurcum
2451 5446 2883 5511 comprehensas,
2934 5450 2991 5496 ut
3036 5442 3260 5497 inmmnt
3296 5444 3468 5501 etltti:

1905 5516 1996 5570 sed
2030 5516 2079 5567 in
2105 5515 2358 5569 Arvernis
2388 5515 2788 5579 comprehensa:
2814 5513 3109 5567 Cadurcum
3143 5514 3195 5567 in
3230 5514 3472 5568 exsilium

1907 5587 2083 5638 missa:
2129 5586 2355 5637 fuerunt.
2389 5583 2646 5636 Arcadius
2674 5594 2786 5635 erat
2825 5588 2989 5638 sancti
3034 5583 3235 5639 Sidonii
3266 5599 3431 5650 nepos
3453 5624 3467 5644 ,

1906 5656 2022 5726 ejus
2044 5653 2366 5726 scilicetlilii
2398 5653 2717 5726 Apollinaris
2744 5652 2903 5710 ﬂlius.
2934 5654 3061 5709 Vide
3087 5668 3244 5726 supra
3266 5669 3385 5724 cap.
3419 5654 3469 5706 ξ).

1984 5724 1996 5761 ¹
2047 5724 2168 5779 Mss.
2203 5723 2418 5790 aliquot,
2460 5719 2766 5776 suburbana.
