4028 6342
518 335 618 390 £51

1524 323 1584 379 S.
1624 318 1955 380 GREGORII
1996 314 2303 373 EPISCOPI
2346 312 2772 370 TL’RONENSIS

3711 310 3838 367 252

522 449 640 507 loco
678 454 988 517 perpetrant
1034 445 1197 500 maia.
1231 444 1607 500 Verumtamen
1652 449 1903 495 auctores
1927 436 2102 495 seeie-
2134 438 2183 497 Δ
2210 443 2596 505 prosterneret,
2624 446 2893 502 nunquam
2926 439 2983 486 ut
3011 444 3069 486 se
3096 429 3145 487 ei
3170 428 3426 486 subderet
3455 428 3815 497 movebatur,

521 555 638 597 rum
683 554 712 593 a
742 538 933 609 spiritu
984 536 1261 592 immundo
1288 534 1557 605 correpti,
1605 532 1814 589 infestis
1856 531 2111 587 dentibus

523 632 755 703 propriis
782 644 843 685 se
887 620 1156 685 morsibus
1187 628 1455 692 lacerant,
1505 626 1805 681 clamantes
1833 633 1993 694 atque
2031 622 2111 678 di-

522 734 708 781 centes
735 741 751 778 :
778 724 887 779 Cur
935 736 1052 788 nos,
1098 730 1302 793 martyr
1330 730 1514 777 sancte
1538 764 1554 789 ,
1588 721 1665 777 sic
1692 719 1938 775 crucias?
1976 718 2115 775 sicut

523 818 576 872 iu
609 816 749 871 libro
790 814 1055 869 Virtutum
1098 813 1217 883 ejus
1255 811 1677 881 conscripsimus
1706 819 1759 867 ι.

595 907 735 962 ΧΙΙΙ.
772 906 1152 962 Lovoiautrum
1182 904 1213 945 δ
1248 913 1425 961 autem
1456 911 1694 960 castrum
1739 902 1922 960 hostes
1949 917 2118 973 expu-

523 1008 721 1069 gnant,
786 998 1177 1067 Proculumque
1236 998 1608 1069 presbyterum
1634 1034 1651 1062 ,
1716 997 1806 1066 qui
1845 996 2114 1067 quondam

525 1100 713 1148 sancto
751 1090 1041 1159 Quintiano
1068 1091 1316 1162 injuriam
1350 1091 1624 1159 intulerat,
1657 1090 1722 1144 ad
1754 1089 2001 1144 altarium
2029 1103 2120 1144 ec-

526 1182 706 1237 clesiae
752 1182 1131 1237 miserabiliter
1162 1180 1508 1236 interﬁciunt.
1559 1180 1625 1235 Et
1667 1180 1829 1235 credo
1875 1180 1945 1235 ob
1976 1179 2120 1237 illius

527 1288 769 1339 causam,
799 1273 942 1344 quod
974 1272 1134 1328 fuerit
1161 1272 1332 1342 ipsum
1364 1279 1597 1327 castrum
1625 1271 1678 1325 in
1715 1270 1962 1325 manibus
2006 1278 2118 1325 tra-

526 1366 694 1423 ditutn
724 1367 1031 1437 iniquorum
1060 1384 1073 1418 :
1099 1365 1241 1434 quod
1273 1379 1438 1435 usque
1466 1363 1519 1418 in
1550 1363 1637 1419 illa
1668 1364 1756 1418 die
1781 1362 2120 1419 deiensatum

526 1465 630 1511 est.
663 1455 797 1511 Nam
829 1471 953 1511 cum
1000 1454 1129 1510 illud
1162 1455 1347 1509 hostes
1373 1467 1680 1524 expugnare
1726 1467 1832 1508 non
1863 1460 2118 1522 possent,

527 1553 581 1600 et
602 1545 669 1600 ad
711 1548 926 1615 prepria
958 1544 1067 1615 jam
1097 1544 1270 1600 redire
1299 1544 1667 1613 disponerent,
1698 1544 1977 1599 audientes
2007 1543 2123 1599 hmo

522 1637 762 1701 obsessi,
789 1636 900 1707 jam
934 1637 1039 1692 laeti
1070 1645 1230 1706 atque
1257 1635 1435 1692 securi
1462 1636 1837 1705 decipiuntur,
1884 1636 2025 1691 sicut
2048 1634 2127 1691 ait

527 1728 818 1798 Apostolus
843 1745 858 1782 :
888 1726 1015 1783 Cum
1046 1728 1267 1782 dixerint
1295 1743 1401 1799 pax
1423 1737 1471 1781 et
1492 1728 1759 1793 securitas,
1790 1736 1912 1780 tunc
1940 1742 2124 1796 repen-

2213 525 2288 580 ita
2321 533 2381 579 ut
2409 534 2463 579 et
2492 523 2719 594 quadam
2742 524 2858 578 vice
2886 522 3037 576 uxori
3064 535 3184 591 quin
3215 529 3431 575 sanctus
3458 518 3691 589 fecerat,
3726 537 3835 590 pro

2217 617 2443 673 ridiculo
2472 617 2753 672 indicaret.
2796 615 2927 682 Quae
2970 614 3209 671 melioris
3236 613 3607 682 intelligentia:
3651 613 3833 669 modo

2215 720 2506 773 commota,
2556 709 2632 764 ait
2661 726 2674 762 :
2704 707 2763 765 Si
2805 708 2878 762 ita
2906 722 2968 763 es
3013 706 3173 762 hodie
3204 705 3618 775 pessumdatus,
3674 722 3833 760 nun-

2220 816 2376 873 quam
2408 800 2656 872 erigeris.
2698 799 2795 857 Die
2822 808 3005 855 autem
3036 799 3194 855 tertia
3232 798 3584 855 advenientes
3633 800 3830 854 nuntii

2217 894 2285 949 de
2334 895 2621 965 praesentia
2668 894 2844 963 regis,
2891 893 3131 949 vinctum
3159 908 3279 949 cum
3321 907 3488 948 uxore
3525 908 3590 948 ac
3628 893 3833 948 liberis

2219 989 2419 1059 pariter
2456 988 2813 1045 abduxerunt.
2856 986 2957 1055 Qui
3006 986 3191 1043 abiens
3239 1001 3511 1057 nunquam
3554 986 3833 1042 Arveru’s

2220 1094 2500 1151 regressus
2527 1090 2628 1137 est.

2299 1172 2452 1243 117
2481 1170 2621 1227 XIV.
2653 1171 2996 1228 Munderieus
3042 1172 3225 1242 igitur,
3276 1170 3366 1241 qui
3416 1186 3477 1226 se
3525 1181 3821 1240 parentem

2226 1264 2432 1333 regium
2456 1262 2478 1299 ιι
2508 1263 2805 1329 asserebat,
2836 1264 3011 1319 elatus
3040 1263 3312 1332 superbia,
3361 1263 3436 1318 ait
3469 1264 3645 1331 :Quid
3685 1265 3826 1318 mihi

2222 1366 2277 1411 et
2301 1351 2641 1411 Theudeiico
2666 1357 2815 1426 regi?
2841 1355 2939 1412 Sic
2961 1357 3105 1412 enim
3129 1356 3258 1410 mihi
3282 1356 3476 1412 solium
3517 1357 3675 1428 regni
3728 1359 3828 1414 de~

2225 1448 2402 1516 betur,
2432 1458 2492 1505 ut
2521 1450 2619 1504 illi.
2655 1450 2933 1520 Egrediar,
2960 1460 3017 1506 et
3058 1450 3302 1521 colligam
3332 1452 3586 1522 populum
3615 1466 3828 1507 meum.

2224 1552 2388 1609 atque
2410 1541 2621 1610 exigam
2661 1549 3055 1597 sacramentum
3082 1541 3150 1596 ab
3177 1541 3276 1607 eis,
3325 1550 3383 1595 ut
3412 1541 3549 1597 sciat
3569 1540 3828 1596 Theude~

2228 1635 2372 1690 ricus
2396 1636 2522 1705 quia
2554 1652 2646 1691 rex
2669 1650 2787 1691 sum
2817 1650 2939 1707 ego,
2971 1638 3110 1694 sicut
3136 1646 3190 1693 et
3216 1637 3325 1693 ille.
3360 1639 3418 1693 Et
3443 1652 3701 1707 egressus
3724 1653 3815 1694 cce

2233 1727 2309 1795 pit
2339 1726 2601 1784 seducere
2630 1726 2910 1798 populum,
2964 1728 3191 1784 dicens:
3222 1728 3479 1799 Princeps
3527 1744 3629 1799 ego
3683 1745 3814 1784 sum

531 1820 667 1875 tinus
698 1821 1014 1891 superveniet
1059 1821 1296 1875 interitus
1324 1819 1378 1892 (1
1406 1820 1584 1875 Thess.
1626 1835 1664 1887 ι,
1694 1820 1749 1886 5,
1781 1818 1859 1889 5).
1893 1820 2129 1891 Denique
2160 1816 2205 1877 Β
2232 1816 2518 1887 sequimini
2550 1834 2657 1885 me,
2688 1828 2744 1874 et
2772 1820 2877 1875 erit
2898 1819 3049 1874 vobis
3078 1819 3235 1875 bene.
3261 1819 3602 1891 Sequebatur
3642 1833 3833 1877 autent

533 1924 633 1980 per
674 1910 841 1980 ipsius
872 1910 1083 1965 Proculi
1125 1911 1425 1981 presbyteri
1467 1926 1681 1965 servum
1717 1921 1739 1949 ε
1763 1950 1779 1974 ,
1817 1911 1928 1978 jam
1954 1913 2127 1968 securi

535 2001 721 2071 populi
766 2000 1051 2057 traduntur
1090 2001 1142 2057 in
1174 2016 1362 2057 manus
1394 2000 1645 2057 hostium.
1680 2002 1922 2073 Cumque
1972 2004 2131 2075 116

536 2102 743 2150 vastato
788 2092 1012 2151 castello
1037 2093 1364 2151 ducerentur
1391 2094 1626 2164 captivi,
1656 2095 1904 2150 immanis
1953 2097 2128 2164 pluvia

534 2202 659 2256 qua:
708 2202 805 2257 per
842 2188 1059 2259 triginta
1100 2187 1216 2244 dies
1274 2188 1444 2245 fuerat
1490 2190 1787 2259 abuegata,
1828 2187 2127 2245 descendit.

534 2278 686 2334 Tune
706 2279 917 2335 obsessi
944 2279 1343 2336 Meroiiacensis
1369 2276 1396 2316 ἀ
1420 2280 1605 2345 castri,
1638 2294 1706 2336 ne
1731 2279 1926 2350 captivi
1954 2280 2129 2335 abdu-

534 2382 828 2439 cerentur,
877 2374 1250 2444 redemp=ione
1298 2374 1420 2429 data
1474 2374 1768 2430 liberantur
1808 2391 1822 2428 :
1862 2374 1957 2430 sed
2012 2374 2129 2430 bace

535 2465 748 2535 ignavia
775 2480 963 2521 eorum
993 2465 1205 2532 eilecit,
1240 2476 1474 2522 castrum
1520 2466 1663 2521 enim
1695 2466 1908 2536 propria
1940 2477 2131 2521 natura

534 2557 805 2612 munitum
849 2566 989 2613 erat.
1018 2557 1148 2612 Nam
1177 2567 1530 2613 centenorum
1562 2567 1653 2613 aut
1679 2574 1746 2615 eo
1774 2559 2003 2628 amplius
2033 2574 2130 2629 pe-

536 2646 665 2702 ‘dum
693 2647 761 2702 ab
786 2647 970 2703 exciso
996 2649 1224 2704 valiatur
1252 2649 1460 2718 lapide,
1490 2665 1595 2705 non
1629 2665 1903 2706 murorum
1932 2661 1956 2689 ε
1985 2658 2130 2707 stru-

537 2733 760 2803 ctione:
796 2737 852 2791 in
897 2737 1076 2794 medio
1119 2746 1297 2794 autem
1324 2740 1512 2810 ingens
1551 2748 1802 2811 stagnum
1846 2756 2032 2812 aqum,
2063 2741 2131 2796 ii-

538 2841 707 2898 quore
734 2827 1137 2898 gratissimum;
1169 2830 1238 2886 ab
1263 2831 1364 2887 alia
1394 2847 1524 2887 vero
1570 2842 1719 2902 parte
1753 2832 1927 2889 fontes
1976 2833 2136 2887 uber-

536 2920 694 2987 rimi,
742 2921 816 2975 ita
844 2930 900 2977 ut
929 2936 1025 2991 per
1053 2932 1263 2992 portam
1300 2922 1320 2962 τ
1350 2925 1498 2979 rivus
1542 2923 1748 2980 diiiiuat
1774 2939 1928 2996 aqua:
1976 2924 2132 2981 vivae.

538 3011 645 3068 Sed
674 3012 727 3067 in
757 3020 862 3067 tam
901 3014 1086 3083 grandi
1114 3015 1287 3085 spatio
1313 3014 1541 3071 munitio
1571 3018 1671 3072 ista
1702 3016 2050 3082 distenditur,
2078 3025 2136 3071 ut

538 3112 819 3160 manentes
848 3102 984 3160 inira
1016 3121 1287 3162 murorum
1319 3116 1470 3176 septa
1501 3116 1698 3163 terram
1726 3107 1997 3178 excolant,
2023 3106 2134 3163 fru-

2231 1922 2353 1963 eum
2380 1911 2578 1964 rustica
2609 1910 2917 1979 multitudo,
2965 1920 3024 1966 ut
3060 1911 3377 1981 plerumque
3420 1911 3697 1981 iragilitati
3733 1912 3836 1964 bn~

2232 2014 2407 2054 mana:
2453 2002 2727 2083 convenit,
2780 2001 2973 2057 dantes
3022 2013 3416 2058 sacramentum
3449 2003 3751 2066 tideiitatis,
3787 2015 3841 2059 et

2234 2090 2560 2146 honorantes
2609 2106 2730 2146 eum
2782 2105 2843 2148 ut
2894 2108 3096 2163 regem.
3126 2093 3276 2161 Quod
3307 2110 3429 2148 curn
3460 2094 3845 2149 Titeudericus

2232 2184 2611 2251 comperisset,
2646 2183 2958 2238 mandatum
2986 2185 3149 2239 mittit
3178 2184 3244 2240 ad
3290 2199 3443 2250 eum,
3474 2186 3658 2241 dicens
3685 2201 3706 2240 :
3736 2186 3843 2240 Ac-

2234 2275 2365 2329 cede
2388 2274 2453 2329 ad
2486 2288 2594 2341 me,
2619 2275 2740 2329 etsi
2776 2275 2870 2331 tibi
2922 2275 3101 2346 aliqua
3147 2276 3216 2331 de
3268 2276 3637 2332 dominatione
3678 2279 3839 2344 regni

2235 2366 2403 2421 nostri
2426 2370 2598 2438 portio
2617 2368 2865 2435 debetur,
2894 2370 3099 2439 accipe.
3128 2369 3324 2425 Dolose
3344 2370 3483 2425 enim
3510 2370 3625 2425 btee
3645 2370 3839 2425 Theu-

2233 2460 2450 2517 dericus
2479 2462 2715 2528 dicebat,
2739 2463 2946 2518 scilicet
2977 2474 3032 2517 ut
3053 2478 3173 2517 cum
3203 2463 3269 2517 ad
3299 2479 3422 2518 eum
3452 2464 3715 2527 venisset,
3756 2465 3839 2518 iu-

2234 2553 2591 2609 terficeretur.
2624 2553 2714 2609 ille
2745 2569 2873 2609 vero
2902 2554 3096 2620 noluit,
3124 2554 3307 2608 dicens
3341 2572 3352 2606 :
3388 2553 3490 2619 ite,
3524 2554 3838 2608 renuntiate

2235 2649 2349 2719 regi
2381 2662 2580 2718 vestro,
2610 2652 2732 2722 quia
2779 2666 2875 2706 rex
2920 2665 3038 2706 sum
3084 2652 3223 2706 sicut
3268 2661 3323 2705 et
3365 2651 3475 2705 ille.
3526 2651 3682 2706 Tunc
3736 2668 3837 2706 rex

2235 2741 2562 2795 commovi-ri
2590 2742 2754 2810 jussit
2778 2741 3071 2799 exercitum
3090 2780 3107 2808 ,
3144 2758 3250 2813 quo
3272 2757 3561 2813 oppressus
3591 2744 3641 2796 vi
3674 2744 3838 2812 puni-

2238 2840 2408 2885 retur.
2460 2831 2611 2898 Quod
2663 2832 2751 2887 ille
2799 2847 3149 2903 cognoscens,
3201 2843 3256 2890 et
3303 2850 3364 2890 se
3392 2850 3497 2888 non
3530 2836 3838 2905 praevalens

2237 2919 2539 2989 defensare,
2590 2922 2872 2977 Victoriaei
2927 2923 3089 2978 castri
3128 2921 3143 2960 ι
3181 2940 3362 2982 muros
3399 2936 3681 2995 expetens,
3707 2942 3837 2981 cum

2238 3014 2402 3068 rebus
2444 3014 2695 3070 omnibus
2743 3014 2797 3069 in
2846 3031 2912 3071 eo
2941 3032 2999 3071 se
3024 3017 3226 3072 studuit
3246 3019 3602 3083 communire,
3634 3019 3721 3073 his
3749 3036 3839 3075 εθ-

2240 3120 2359 3159 cum
2408 3120 2543 3175 quos
2595 3106 2887 3162 seduxetat
2936 3110 3253 3179 aggregatis.
3334 3109 3497 3179 igitur
3560 3121 3839 3165 commuto

539 3209 738 3268 gesque
762 3195 817 3253 in
842 3196 1166 3254 abundantia
1195 3199 1463 3271 colligant.
1508 3199 1676 3270 Hujus
1707 3200 2018 3256 munitionis
2050 3210 2129 3254 tu-
2160 3198 2206 3260 C
2239 3198 2475 3251 exercitu
2506 3208 2741 3252 castrum
2768 3200 2951 3263 vallat,
2983 3215 3046 3255 ac
3077 3217 3170 3271 per
3216 3210 3422 3271 septi-ni
3453 3203 3569 3256 dies
3594 3203 3835 3259 obsedit.

539 3290 739 3347 tamine
779 3291 929 3362 elati,
958 3292 1047 3363 qui
1075 3294 1281 3349 obsessi
1310 3304 1486 3362 erant,
1523 3295 1727 3365 egressi
1770 3296 1913 3351 foras
1943 3306 2000 3353 ut
2041 3312 2132 3351 ar-

480 3412 489 3419 ~
540 3392 694 3452 mpta
739 3386 916 3456 aliqua
956 3388 1171 3457 praeda,
1224 3389 1417 3445 iterum
1464 3404 1526 3448 se
1569 3390 1706 3448 infra
1744 3394 1951 3450 castelli
1981 3405 2133 3465 septa

542 3476 908 3534 reconderent
930 3520 947 3545 ,
995 3481 1063 3535 ab
1092 3481 1337 3539 hostibus
1366 3485 1743 3553 comprehensi
1788 3496 1932 3543 sunt.
1968 3489 2136 3546 Erant

542 3574 724 3622 autem
755 3568 1138 3640 quinquaginta
1166 3582 1192 3621 ε
1221 3573 1344 3630 viri.
1374 3574 1526 3631 Tune
1553 3586 1679 3634 ante
1707 3592 1801 3633 ora
1831 3590 2131 3649 parentum,

543 3654 742 3711 vinctis
768 3666 885 3727 post
916 3667 1124 3731 tergum
1166 3662 1411 3720 manibus
1438 3665 1636 3733 oblati,
1681 3667 1996 3727 imminente
2022 3671 2134 3740 jam

544 3749 743 3818 gladio,
777 3751 1161 3820 acquievcrunt
1184 3755 1411 3821 obsessi,
1444 3772 1511 3812 ne
1541 3759 1991 3829 interficerentur,
2024 3764 2136 3818 siu-

544 3840 698 3911 gulos
739 3842 957 3900 triantes
982 3842 1010 3882 ιι
1039 3846 1167 3903 dare
1205 3848 1258 3903 in
1288 3848 1713 3920 redemptionem
1744 3866 1918 3908 suam.
1957 3854 2135 3910 Theu-

545 3932 759 3991 dericus
810 3944 990 3992 autem
1041 3937 1110 3993 ab
1146 3940 1391 3996 Arverno
1437 3941 1756 4011 discedens,
1806 3944 2133 4015 Sigivaldum

545 4038 824 4096 parentem
847 4046 1029 4102 suum,
1051 4032 1103 4087 in
1128 4047 1191 4089 ea
1209 4035 1359 4104 quasi
1384 4048 1486 4105 pro
1511 4024 1755 4092 custodia
1774 4037 2063 4108 dereliquit
2092 4037 2134 4093 ί.

547 4118 677 4176 Erat
700 4129 878 4177 autem
909 4124 981 4179 ibi
1010 4132 1135 4180 tunc
1161 4127 1417 4197 temporis
1440 4128 1653 4198 quidam
1684 4128 1908 4200 Litigius
1933 4147 1999 4189 ex
2023 4147 2135 4187 mo-

493 4206 497 4211 ’
547 4210 812 4268 nitoribus
840 4213 885 4280 i,
927 4215 1015 4286 qui
1045 4233 1263 4289 magnas
1288 4229 1475 4275 sancto
1495 4221 1781 4289 Quintiano
1810 4224 2031 4293 parabat
2056 4227 2138 4282 in-

500 4300 513 4328 i
548 4304 748 4372 sidias;
788 4315 843 4363 et
888 4322 1011 4365 cum
1056 4326 1116 4366 se
1165 4324 1383 4368 sanctus
1429 4314 1715 4385 episcopus
1749 4317 1973 4385 pedibus
2017 4308 2136 4389 ejus

621 4427 651 4457 ἰ
688 4418 1170 4503 Cap.__scilicet_i5
1190 4469 1203 4487 ,
1224 4428 1344 4503 _iib._
1370 4443 1407 4482 ll
1428 4429 1557 4503 ,__de
1596 4430 1801 4503 Mirae..
1841 4433 1930 4503 qui
1960 4444 2043 4489 est
2070 4437 2137 4493 de

552 4500 739 4570 sancto
766 4491 1021 4570 Julianq,
1056 4496 1125 4570 de
1151 4496 1303 4570 cujus
1330 4499 1550 4554 basilica
1579 4502 1718 4570 apud
1747 4491 2012 4561 liriv'atem
2043 4491 2135 4561 ur;

550 4558 673 4614 belli
707 4561 942 4632 loquitur
968 4558 1056 4623 hic
1083 4558 1391 4638 Gregorius.

619 4638 650 4680 δ
688 4639 826 4717 ξομ,
854 4643 1023 4717 Beg.,
1075 4646 1490 4714 Novolautrum,
1534 4650 1687 4717 cujus
1728 4652 1860 4708 situs
1898 4655 2135 4715 incertus

550 4718 656 4790 est.
688 4712 1234 4790 Valesius'inNotitia
1266 4729 1414 4790 putat
1447 4712 1568 4775 esse
1590 4712 1762 4777 locum
1794 4724 1992 4782 dictum
2029 4712 2134 4782 Vo:

552 4782 713 4848 torre,
764 4799 937 4865 prope
964 4782 1284 4865 Tigernum,
1318 4788 1504 4865 'l’ltiern
1522 4831 1549 4865 ,Α
1568 4793 1820 4865 oppidum
1859 4797 2000 4865 apud
2033 4801 2135 4853 Ar-

552 4854 775 4935 !ernos.
795 4854 1140 4935 (ionici-“cum
1172 4854 1277 4915 hoc
1303 4864 1477 4935 capite
1503 4854 1662 4917 vita-tn
1690 4864 1748 4921 S.
1779 4854 2050 4935 Quintiani
2080 4870 2136 4924 in

552 4921 692 4978 libro
721 4924 788 4981 de
817 4925 949 4983 Vitis
974 4927 1213 4997 Patrum,
1253 4921 1384 5002 cap:
1412 4932 1469 4989 4.

625 5012 649 5082 ἐ
689 5004 821 5061 Cod.
853 5005 1039 5076 Corb.,
1069 5018 1335 5081 stuprum;
1367 5012 1496 5067 Bell.
1527 5013 1802 5082 mendose,
1845 5028 2064 5073 struunt.

622 5081 665 5171 ᾗ
692 5085 841 5171 llunc
870 5088 1044 5171 locum
1086 5091 1227 5171 idem
1258 5092 1498 5171 [alesius
1545 5104 1698 5165 putat
1725 5081 1847 5153 esSe
1878 5096 2138 5171 Oliergue,

555 5164 790 5213 castrum
820 5159 961 5215 haud
1000 5163 1185 5233 procul
1215 5179 1246 5218 a
1271 5163 1522 5234 Tigerno.
1546 5159 1563 5165 ”
2020 5159 2071 5193 ’ν

625 5236 970 5319 ΑΙίἰΞμιηιᾳιι
995 5243 1345 5319 probabilius
1391 5245 1605 5319 videtur
1632 5245 1719 5302 hic
1757 5246 2022 5319 designari
2046 5247 2141 5319 lo-

556 5320 691 5389 cum.
725 5306 1202 5389 QQasteLHeﬂiac
1246 5314 1467 5389 dictum,
1517 5317 1606 5389 qui
1660 5306 1904 5372 duobus“
1925 5318 2145 5373 circiter

558 5375 831 5461 milliariis
853 5394 887 5461 ξ
916 5382 1189 5461 Hadriaco
1227 5375 1554 5461 oppido,'ob
1572 5390 1881 5461 ~abbatiam
1926 5389 2142 5461 ordinis

559 5446 1193 5533 postlimini-celebrem,
1211 5446 1553 5533 dissitus'est.
1572 5458 1758 5513 Exstat
1781 5460 1832 5512 in
1856 5459 2009 5533 collis
2031 5458 2144 5513 edi-

558 5520 754 5600 tissimi
783 5520 999 5600 declivi,
1030 5520 1493 5585 unde'descensus
1538 5538 1624 5585 est
1649 5544 1745 5599 per
1773 5536 1921 5600 prata
1945 5531 1997 5584 iu
2030 5544 2147 5600 pro-

557 5585 780 5643 fundam
808 5585 1020 5649 vallem.

635 5668 765 5750 fSie
786 5687 914 5731 mss.
940 5678 1281 5747 vetustiores;
1308 5680 1398 5735 alii
1414 5696 1536 5736 cum
1552 5681 1710 5750 edit.,
1727 5680 1836 5735 sine
1856 5694 2141 5734 murorum.

636 5747 658 5788 ί
676 5750 861 5835 (ξφα,
891 5773 982 5835 per
1001 5761 1336 5835 munitionem
1365 5747 1720 5835 totqmrivus;
1751 5770 1806 5816 at
1828 5760 2141 5835 vocabulum

563 5829 894 5883 munitionem
909 5829 1010 5887 alia
1032 5846 1215 5897 manu,
1232 5832 1327 5889 sed
1347 5831 1739 5904 antiquissima,
1757 5834 2015 5902 scripturn
2036 5842 2139 5888 est.

2239 3290 2578 3347 Mundericus
2630 3302 2807 3347 autem
2856 3294 3188 3363 repugnabat
3239 3310 3359 3349 cum
3409 3296 3551 3361 suis,
3597 3296 3837 3351 dicens:

2238 3382 2454 3440 Stemus
2481 3383 2669 3451 fortes,
2712 3394 2766 3439 et
2797 3401 2964 3455 usque
3004 3386 3069 3439 ad
3117 3398 3341 3442 mortem
3368 3389 3565 3458 pariter
3604 3388 3837 3444 dimice-

2239 3494 2381 3541 mus.
2411 3488 2591 3533 etnon
2630 3477 2921 3534 subdamur
2952 3480 3201 3535 inimicis.
3231 3481 3470 3550 Cumque
3509 3482 3785 3537 exercitus
3807 3497 3837 3536 a

2239 3569 2465 3625 circuitu
2512 3570 2563 3624 in
2618 3580 2804 3625 contra
2848 3570 3023 3640 jacuia
3058 3573 3470 3639 transmitteret,
3504 3589 3602 3629 nee
3627 3573 3836 3641 aliquid

2240 3660 2574 3731 prtevalerct,
2630 3662 3013 3719 nuntiaverunt
3062 3663 3178 3719 inec
3226 3664 3358 3735 regi.
3422 3668 3492 3718 At
3538 3665 3632 3721 ille
3686 3666 3838 3720 misit

2239 3754 2523 3823 quemdam
2555 3754 2622 3808 de
2645 3754 2777 3818 suis,
2806 3754 3123 3823 Aregisiium
3146 3765 3184 3791 ω
3210 3756 3446 3819 nomine,
3475 3756 3715 3824 dixitque
3738 3756 3795 3812 ei
3820 3775 3835 3810 :

2242 3843 2423 3909 Vides,
2462 3844 2653 3912 inquit,
2685 3846 2824 3915 quod
2855 3846 3137 3916 pricvaleat
3177 3846 3260 3901 hic
3304 3847 3539 3916 perﬁdus
3568 3848 3618 3902 in
3642 3860 3837 3902 contu-

2240 3937 2412 3990 mat-ia
2439 3951 2554 3991 sua.
2586 3937 2750 4000 Vade,
2779 3948 2834 3992 et
2857 3939 3017 3993 redde
3047 3940 3095 3994 ei
3120 3950 3543 4006 sat-ramentum,
3580 3950 3636 3994 ut
3676 3956 3839 3995 secu-

2240 4044 2333 4083 rus
2354 4029 2680 4100 egrediatur.
2725 4029 2857 4086 Cum
2888 4042 3066 4085 autem
3108 4046 3358 4101 egressus
3382 4031 3561 4093 fuerit.
3591 4032 3839 4087 interfice

2240 4134 2387 4185 eum,
2437 4129 2492 4175 et
2537 4120 2658 4175 dele
2705 4123 3015 4175 memoriam
3064 4124 3181 4190 ejus
3232 4138 3261 4175 a
3308 4139 3471 4193 rcgno
3495 4133 3698 4178 nostro.
3730 4124 3835 4189 Qui

2239 4210 2446 4276 abiens,
2477 4209 2773 4282 iecitjuxta
2802 4212 2943 4281 quod
2986 4213 3033 4268 ei
3084 4223 3407 4283 praeceptum
3439 4215 3629 4269 fuerat.
3664 4213 3839 4269 Dede.

2240 4314 2323 4360 rat
2377 4311 2555 4359 tamen
2597 4305 2746 4375 prius
2791 4307 3001 4376 Signum
3048 4306 3279 4376 populo,
3313 4305 3541 4361 dicens:
3570 4305 3705 4361 Cum
3734 4320 3839 4375 ego

2312 4432 2339 4469 ις
2382 4421 2519 4475 Edit.
2568 4422 2603 4474 Ξ
2628 4461 2643 4486 ,
2692 4423 2989 4492 quingenti;
3020 4437 3206 4477 omnes
3248 4433 3424 4476 tamen
3472 4437 3602 4476 mss.
3640 4422 3840 4476 habent

2239 4492 2629 4572 quinquaginta,
2662 4494 3049 4572 praeteribit-ﬂ1
3073 4493 3164 4572 qui
3202 4494 3386 4572 liabet,
3416 4493 3796 4563 quinquaginti.

2314 4558 2343 4598 ιι
2378 4558 2519 4615 Ειιῖυ
2552 4564 2635 4616 hic
2659 4558 2712 4615 et
2744 4565 2939 4627 passim
2967 4558 3190 4618 inferius
3221 4558 3439 4617 trientes
3464 4558 3678 4630 semper
3699 4564 3838 4615 scri-

2245 4632 2396 4687 bunt.
2407 4632 2557 4688 Unde
2570 4632 2709 4700 apud
2728 4633 3043 4699 Gregorium
3059 4635 3293 4695 trientem
3309 4649 3421 4688 sem
3430 4648 3521 4701 per
3536 4634 3718 4687 haberi
3738 4635 3839 4685 ob-

2244 4705 2475 4775 servavit
2494 4703 2810 4758 Ftanciscus
2837 4704 3075 4775 Pithmus
3090 4706 3141 4758 in
3158 4708 3241 4761 tit.
3256 4720 3439 4759 xxxvu
3467 4703 3835 4775 iegisSaiiCc.

2277 4771 2288 4779 ’
2325 4773 2339 4811 ί
2385 4774 2581 4827 Confer
2608 4789 2727 4829 eum
2758 4790 2878 4841 cap.
2909 4774 2975 4827 14
3000 4774 3067 4829 de
3099 4774 3281 4831 Mirac.
3311 4774 3371 4830 S.
3400 4771 3617 4831 Juliini.

2322 4844 2335 4894 i
2371 4844 2409 4899 S
2429 4859 2459 4898 c
2486 4846 2644 4898 tiorb.
2668 4854 2721 4898 et
2769 4845 2968 4913 Bellov.
2991 4863 3006 4911 ;
3031 4844 3117 4898 alii
3141 4846 3440 4900 minoribus.
3468 4847 3630 4901 Erant
3652 4854 3837 4899 autem

2246 4916 2485 4968 monitor
2518 4930 2574 4979 s,
2622 4924 2680 4968 ut
2726 4916 2980 4970 observat
3020 4916 3262 4971 Valesius
3306 4918 3357 4971 iu
3400 4918 3721 4971 Prmiatione
3767 4915 3835 4969 ad

2250 4994 2377 5039 tom.
2415 4985 2452 5038 li
2486 4988 2697 5056 iterum,
2721 4984 2997 5051 Francia,
3047 4985 3136 5056 qui
3164 4987 3305 5055 regis
3350 4988 3568 5056 nomine
3610 4987 3835 5040 Francis

2245 5056 2640 5123 expeditionem
2670 5055 3085 5123 denuntiabant,
3129 5072 3334 5126 eosque
3358 5058 3427 5111 ad
3448 5055 3653 5112 bellum
3685 5070 3836 5109 eum—

2248 5126 2535 5199 peilebaut.
2581 5127 2840 5181 Dicuntur
2869 5128 2919 5199 in
2965 5128 3171 5199 legibus
3210 5127 3652 5199 Wisigottborum
3696 5143 3834 5199 εονηιο

2245 5196 2506 5264 pulsores,‘
2544 5213 2768 5266 quorum
2800 5196 3038 5252 ofﬁcium
3063 5210 3329 5253 nostrates
3354 5196 3488 5257 voce
3513 5198 3832 5254 Germanica

2244 5279 2624 5335 expresserunt
2648 5268 2985 5334 qitauduque,
3014 5270 3066 5323 in
3094 5270 3287 5323 hostem
3314 5270 3528 5325 baunire

2318 5337 2343 5408 ιε
2375 5339 2464 5393 Sic
2487 5354 2653 5405 mss.;
2687 5349 2743 5392 at
2771 5340 2900 5393 editi
2928 5340 3343 5408 itabentregum.

2323 5407 2341 5446 ι
2378 5409 2532 5466 liunc
2562 5410 2735 5463 locum
2775 5410 2843 5465 de
2868 5410 3166 5464 \‘ictoriaco
3194 5407 3334 5476 apud
3372 5412 3642 5465 Arvernos
3670 5407 3829 5463 intel-

2251 5478 2385 5534 lexit
2411 5480 2692 5534 Aimuinus
2721 5482 2772 5534 in
2800 5481 2893 5535 iib.
2926 5496 2993 5545 tt;
3027 5492 3082 5534 at
3113 5482 3234 5535 licet
3264 5498 3449 5536 verum
3476 5483 3545 5535 sit
3575 5482 3628 5534 in
3658 5495 3718 5534 ea
3744 5494 3835 5533 re-

2249 5553 2409 5618 gione
2453 5551 2591 5605 haud
2634 5552 2817 5619 procul
2868 5570 2898 5605 a
2941 5550 3154 5607 Brivate
3197 5551 3555 5605 Victoriacum
3600 5565 3831 5604 castrqu

2250 5621 2554 5683 exStitisse,
2580 5621 2897 5690 Gregorium
2931 5633 3106 5676 tamen
3135 5624 3204 5678 de
3238 5623 3537 5676 Victuriaco
3573 5622 3626 5675 in
3663 5628 3832 5672 Lam-

2252 5693 2427 5758 pauia,
2464 5692 2621 5760 vulgo
2660 5692 2823 5756 l’itri,
2857 5694 2907 5746 in
2934 5692 3159 5760 dimeesi
3185 5692 3563 5753 Catalauucnsi
3586 5732 3602 5760 ,
3637 5692 3721 5746 ltit:
3746 5693 3829 5745 iu-

2250 5756 2338 5831 qui
2364 5776 2481 5814 cum
2513 5756 2721 5817 valesio
2741 5756 3126 5819 existimaunl‘s.

2325 5840 2362 5869 ω
2394 5832 2568 5899 Coib.,
2598 5835 2929 5900 Are/ritilius,
2956 5844 3008 5890 et
3038 5838 3116 5890 sic
3137 5849 3365 5904 semper.
