4028 6342
225 315 336 369 255

1141 264 1462 366 HISTORIA
1501 267 1944 362 ιείιᾸΝευιιυΜ.
1987 303 2185 360 LIBER
2221 305 2535 365 TERTIUS.

3363 309 3467 368 εει

219 429 336 483 bzrc
357 433 411 481 et
440 423 555 480 hac
585 422 792 479 locutus
815 421 980 488 fuero,
1006 422 1182 476 statim
1223 421 1484 477 irruentes
1511 419 1794 475 interﬁcite
1819 418 1870 476 Δ
1897 414 2098 486 luitq'ue
2153 435 2374 489 puerum
2425 423 2566 478 clam
2605 422 2942 486 abstrahere,
2991 421 3083 476 sed
3142 435 3246 476 non
3276 429 3469 490 potuit.

217 533 363 572 eum.
408 516 684 584 ingressus
747 521 925 568 autem
980 510 1272 582 Aregisilus
1325 511 1401 564 ait
1445 508 1795 565 Munderico:

218 609 506 675 Quousque
531 606 616 658 hic
645 604 851 658 resides
876 611 1124 671 tanquam
1147 616 1282 656 unus
1303 615 1368 656 ex
1391 600 1801 671 insipientibus?

219 695 469 764 Nunquid
495 693 692 764 poteris
729 694 886 764 118
906 691 997 746 diu
1021 691 1131 759 regi
1154 690 1437 745 resistere?
1464 690 1603 745 Ecce
1622 689 1800 744 ablato

223 788 321 842 tibi
343 787 481 850 cibo,
514 799 633 839 cutn
667 792 718 838 te
740 782 908 837 fames
940 781 1295 850 oppresserit,
1325 779 1464 834 ultro
1488 779 1799 848 egredieris,

227 890 283 934 et
305 877 532 934 traderis
582 877 634 929 in
689 889 878 929 manus
908 873 1264 939 inimicorum,
1295 881 1348 927 et
1379 872 1624 928 morieris
1646 871 1799 940 quasi

226 986 365 1026 unus
386 985 449 1024 ex
481 969 724 1023 canibus.
776 966 914 1021 Audi
968 966 1145 1035 potius
1186 964 1462 1020 consilium
1506 978 1714 1028 meum,
1746 970 1802 1016 et

223 1064 396 1118 subde
417 1071 469 1116 te
498 1063 630 1131 regi,
662 1070 718 1114 ut
745 1060 925 1114 vivere
952 1059 1144 1128 possis,
1192 1066 1244 1112 tu
1289 1065 1342 1111 et
1388 1056 1481 1111 ﬁlii
1510 1056 1605 1110 tui.
1651 1056 1801 1111 Tunc

224 1157 318 1212 ille
341 1155 424 1210 his
466 1155 699 1208 mollitus
729 1152 1089 1216 sermonibus,
1120 1150 1194 1206 ait
1220 1166 1235 1204 :
1257 1148 1311 1204 Si
1340 1148 1622 1218 egredior,
1653 1163 1802 1202 com-

225 1248 522 1318 prehensus
555 1262 584 1300 a
615 1261 739 1312 rege
787 1244 1080 1298 interﬁcior
1139 1251 1192 1297 et
1247 1256 1366 1310 ego,
1398 1248 1452 1295 et
1479 1239 1571 1294 ﬁlii
1599 1241 1724 1306 mei,
1747 1247 1804 1295 et

224 1353 414 1392 omnes
444 1336 597 1390 amici
626 1335 711 1404 qui
744 1348 949 1393 mecum
973 1343 1096 1387 sunt
1121 1329 1446 1400 congregati.
1471 1329 1568 1385 Cui
1613 1329 1804 1400 Aregi-

225 1430 360 1486 silus
387 1428 461 1482 ait
491 1445 506 1481 :
537 1428 652 1482 Noli
684 1427 894 1491 timere,
942 1425 1036 1480 sed
1072 1425 1117 1479 si
1164 1425 1244 1480 vis
1275 1424 1474 1493 egredi,
1506 1423 1688 1492 accipe
1712 1438 1802 1478 sa-

226 1527 560 1574 cramentum
588 1518 655 1571 de
679 1516 776 1571 hac
795 1517 971 1584 culpa,
994 1523 1048 1570 et
1076 1522 1156 1569 sta
1190 1529 1407 1569 securus
1446 1527 1626 1567 coram
1658 1525 1800 1582 rege.

227 1611 308 1666 Ne
339 1612 548 1676 timeas,
590 1609 683 1664 sed
722 1610 828 1664 eris
873 1624 992 1664 cum
1040 1622 1126 1675 eo,
1181 1606 1321 1661 sicut
1359 1603 1506 1675 prius
1528 1604 1689 1660 fuisti.
1723 1603 1802 1658 Ad

230 1703 352 1757 haec
404 1700 740 1756 Mundericus
790 1698 1106 1768 respondit:
1155 1697 1366 1754 Utinam
1421 1710 1646 1753 securus
1697 1695 1800 1753 sint

230 1795 374 1864 quod
423 1809 525 1850 non
579 1792 889 1848 interﬁciar.
932 1791 1080 1846 Tunc
1103 1789 1396 1859 Aregisilus
1426 1789 1614 1863 pusitis
1643 1806 1802 1860 super
1834 1772 1882 1834 Β

229 1885 477 1938 altarium
507 1893 747 1939 sanctum
773 1893 800 1920 ιι
831 1881 1096 1953 manibus,
1143 1882 1340 1954 juravit
1383 1884 1432 1939 ei
1484 1893 1542 1938 ut
1585 1896 1806 1937 securus

229 1976 592 2046 egrederetur.
637 1975 767 2028 Dato
808 1973 968 2044 igitur
1016 1985 1383 2040 sacramento,
1439 1971 1809 2044 egrediebatur

231 2066 573 2124 Mundericus
600 2065 668 2122 de
695 2076 848 2137 porta
878 2068 1102 2132 castelli,
1145 2077 1332 2123 tenens
1380 2080 1594 2120 manum
1623 2062 1809 2132 Aregi-

231 2160 339 2216 sili.
399 2160 626 2228 Populus
673 2168 849 2213 autem
890 2160 1160 2228 Spectabat
1189 2157 1216 2196 δ
1263 2172 1294 2211 a
1333 2156 1492 2224 longe
1541 2154 1806 2224 aspiciens

231 2266 376 2307 eum.
414 2250 561 2305 Tunc
601 2265 696 2319 pro
737 2249 887 2318 signo
916 2249 990 2301 ait
1039 2247 1330 2318 Ategisilus
1360 2263 1376 2306 :
1401 2247 1537 2316 Quid
1566 2247 1807 2317 aspicitis

232 2354 343 2398 tam
369 2344 588 2406 intente.
618 2359 651 2398 o
678 2343 887 2412 populi?
936 2341 1180 2410 Nunquid
1228 2357 1332 2396 non
1364 2341 1569 2396 vidistis
1596 2339 1744 2411 prius
1775 2348 1798 2378 ε

231 2435 635 2492 Mundericum?
666 2435 732 2488 Et
759 2435 934 2488 statim
966 2435 1115 2487 irruit
1137 2433 1363 2502 populus
1390 2432 1444 2487 in
1463 2446 1606 2488 eum.
1632 2429 1808 2486 Atille

230 2526 560 2596 intelligens,
595 2529 667 2580 ait
699 2544 712 2579 :
740 2525 1150 2580 Evidentisslme
1178 2539 1474 2594 cognosco,
1497 2522 1637 2592 quod
1667 2523 1810 2580 fece-

232 2619 313 2674 ris
335 2633 429 2687 per
456 2619 556 2672 hoc
574 2619 791 2673 verbum
820 2619 1026 2688 signum
1053 2618 1258 2686 populis
1283 2619 1348 2672 ad
1380 2633 1465 2673 me
1486 2617 1809 2672 interﬁcien-

232 2711 390 2765 dum.
425 2710 800 2765 Verumtamen
831 2710 946 2764 dico
975 2710 1086 2777 tibi,
1116 2709 1238 2779 quia
1289 2709 1530 2779 perjuriis
1576 2725 1665 2766 me
1715 2708 1808 2764 de-

230 2799 452 2869 cepisti,
512 2811 562 2856 te
617 2801 790 2854 vivum
845 2801 1003 2856 ultra‘
1035 2802 1208 2856 nullus
1245 2803 1488 2869 aspiciet,
1521 2809 1574 2856 et
1615 2801 1807 2856 emissa

233 2893 423 2947 lancea
457 2890 507 2944 in
534 2894 776 2960 scapulas
805 2892 940 2961 ejus,
966 2893 1192 2961 perfodit
1238 2907 1382 2959 eum,
1429 2892 1727 2963 ceciditque
1755 2901 1809 2949 et

236 2993 484 3038 mortuus
546 2993 649 3037 est.
715 2983 1105 3054 Evaginatoque
1160 2984 1415 3053 deinceps
1471 2984 1809 3042 Munderieus

237 3074 414 3145 gladio
435 3089 552 3130 cum
577 3075 718 3139 suis,
747 3091 986 3144 magnam
1018 3087 1246 3144 stragem
1277 3077 1343 3132 de
1373 3076 1566 3146 p0pulo
1607 3077 1698 3130 illo
1729 3079 1806 3131 le-

236 3272 451 3327 cunque
502 3259 712 3329 assequi
769 3260 1048 3328 potuisset,
1097 3273 1203 3313 non
1241 3258 1461 3314 destitit.
1502 3259 1616 3327 Quo
1646 3261 1812 3316 inter-

237 3353 399 3416 fecto,
431 3367 514 3407 res
535 3353 651 3420 ejus
678 3353 804 3407 lisco
828 3353 1032 3408 collata:
1057 3363 1197 3407 sunt.

313 3443 429 3499 XV.
490 3443 851 3500 Theudericus
901 3460 1030 3500 vero
1093 3455 1147 3501 et
1201 3444 1574 3503 Childebertus
1641 3446 1812 3502 fmdus

238 3536 497 3600 inierunt,
521 3545 573 3592 et
597 3536 719 3591 dato
749 3536 846 3591 sibi
877 3546 1237 3603 sacramento,
1295 3547 1352 3592 ut
1397 3548 1584 3592 neuter
1628 3549 1810 3592 contra

238 3629 466 3683 alterum
499 3640 818 3696 moveretur,
847 3631 1059 3685 obsides
1089 3632 1156 3685 ab
1191 3630 1418 3686 invicem
1468 3639 1809 3700 acceperunt,

238 3732 350 3787 quo
403 3717 607 3774 facilius
662 3719 998 3774 firmarentur
1034 3735 1150 3789 qua:
1202 3720 1411 3774 fuerant
1455 3720 1614 3774 dicta.
1665 3721 1810 3774 Muli

241 3818 372 3862 tunc
399 3809 487 3862 ﬁlii
517 3817 822 3864 senatorum
869 3808 921 3863 in
970 3807 1067 3862 hac
1111 3805 1438 3864 obsidione‘l
1485 3809 1594 3864 dati
1647 3818 1808 3865 sunt:

239 3901 339 3956 sed
369 3912 486 3955 orto
517 3901 706 3956 iterum
736 3901 873 3955 inter
905 3916 1052 3970 rcges
1093 3901 1366 3968 seandalo,
1415 3902 1481 3956 ad
1537 3902 1811 3956 servitium

239 3991 510 4061 publicum
540 4000 662 4045 sunt
683 3991 897 4047 addicti.
931 3992 998 4045 Et
1025 3993 1322 4062 quicunque
1373 4008 1466 4048 eos
1519 3994 1584 4048 ad
1635 4003 1815 4050 custo-

239 4083 496 4137 diendum
547 4085 777 4152 accepit,
810 4098 993 4137 servos
1031 4083 1132 4138 sibi
1181 4101 1245 4138 ex
1275 4084 1357 4138 his
1386 4085 1531 4139 fecit.
1560 4085 1708 4138 Multi
1738 4094 1815 4139 ta-

240 4188 366 4228 men
389 4188 455 4228 ex
481 4174 556 4228 eis
587 4189 680 4243 per
728 4175 898 4244 fugam
938 4175 1127 4243 elapsi,
1180 4175 1233 4228 in
1283 4175 1503 4243 patriam
1549 4176 1704 4245 119
1732 4190 1814 4229 re-

240 4266 479 4331 dierunt,
508 4265 751 4320 nonnulli
783 4267 834 4320 in
875 4266 1096 4320 servitio
1116 4274 1240 4319 sunt
1261 4267 1453 4320 retenti
1482 4283 1497 4321 :
1521 4266 1659 4320 inter
1680 4281 1814 4336 quos

241 4359 452 4413 Attalus
478 4373 646 4428 nepos
674 4358 813 4412 beati
840 4357 1084 4428 Gregorii
1116 4357 1384 4427 Lingonici
1441 4359 1701 4428 episcopi,
1746 4358 1812 4412 ad

240 4450 509 4518 publicum
539 4451 814 4507 servitium
846 4451 1173 4521 mancipatus
1202 4460 1306 4516 est,
1336 4461 1619 4523 custosque
1645 4467 1810 4520 equo-

1901 509 2050 564 Tunc
2100 509 2282 568 locans
2329 528 2513 569 secum
2560 514 2832 569 hominem
2860 511 3471 582 quemdatn,ait:Veni

1899 615 2130 668 mecum,
2162 612 2217 658 et
2245 605 2505 660 venumda
2535 620 2621 660 me
2644 605 2697 660 in
2723 606 2884 659 domo
2923 603 3132 658 barbari
3171 603 3345 669 illius,
3374 603 3474 658 sit-

1898 707 2002 761 que
2031 694 2124 748 tibi
2153 694 2360 750 lucrum
2391 697 2620 764 pretium
2648 711 2825 751 meum
2862 712 2877 748 :
2910 704 3111 749 tantum
3160 695 3470 751 liberiorem

1898 783 2103 839 aditum
2149 784 2373 841 habeam
2418 787 2648 843 faciendi
2691 788 2742 843 id
2773 788 2913 856 quod
2967 787 3203 842 decrevi.
3237 791 3470 857 Accepto

1900 888 2029 928 vero
2078 885 2444 943 sacramento,
2498 877 2659 931 homo
2707 878 2797 932 illc
2847 878 2994 939 abiit.
3045 887 3099 932 et
3159 877 3374 932 vendito
3401 892 3469 932 eo

1899 963 2180 1020 duodecim
2211 967 2390 1022 aureis
2415 967 2684 1023 discessit.
2725 969 3036 1024 Sciscitatus
3061 978 3236 1024 autem
3261 977 3462 1038 emptor

1899 1067 1929 1106 a
1978 1054 2094 1108 rudi
2144 1055 2342 1110 famulo
2409 1056 2537 1125 quid
2583 1058 2761 1125 Operis
2823 1058 3004 1123 sciret,
3060 1061 3378 1128 respondit:
3413 1060 3470 1116 ln

1900 1144 2147 1200 omnibus
2176 1160 2295 1214 quae
2335 1147 2648 1201 manducari
2691 1147 2888 1202 debent
2920 1147 2939 1185 ί
2977 1150 3033 1202 in
3062 1151 3262 1204 mensis
3307 1150 3477 1205 domi-

1901 1247 2089 1286 norum
2114 1276 2128 1300 ,
2164 1235 2319 1288 valde
2344 1236 2508 1290 scitus
2544 1251 2663 1290 sum
2692 1237 2902 1304 operari
2929 1253 2944 1290 :
2979 1252 3080 1292 nec
3112 1249 3293 1294 metuo
3323 1239 3467 1309 quod

1901 1327 2122 1396 reperiri
2148 1328 2316 1396 possit
2331 1328 2519 1383 similis
2541 1329 2644 1383 mei
2663 1328 2712 1382 in
2733 1329 2831 1383 hae
2851 1329 3091 1383 scientia.
3113 1330 3306 1386 Verum
3330 1331 3474 1387 enim

1901 1421 2022 1475 dico
2046 1419 2161 1488 tibi,
2195 1421 2316 1489 quia
2344 1422 2505 1476 etiam
2535 1422 2578 1480 si
2614 1424 2721 1498 tegi
2749 1422 2966 1496 epulum
2995 1422 3182 1496 cupias
3215 1439 3474 1496 praepara-

1904 1527 1981 1576 re.
2011 1514 2209 1573 fercula
2230 1515 2424 1588 regalia
2451 1535 2774 1589 componere
2803 1535 3040 1589 possum,
3075 1535 3172 1574 nec
3195 1521 3472 1590 quisquam

1905 1621 1992 1665 me
2021 1612 2231 1666 melius.
2267 1612 2330 1666 Et
2356 1611 2446 1666 ille
2474 1629 2486 1663 :
2520 1611 2654 1666 Ecce
2681 1612 2822 1666 enim
2861 1609 2982 1665 dies
3019 1611 3148 1665 solis
3191 1610 3375 1675 adest,
3402 1610 3478 1663 sic

1908 1705 2050 1758 enim
2081 1703 2353 1757 barbaries
2393 1703 2624 1757 vocitare
2667 1703 2809 1757 diem
2854 1703 3178 1757 dominicum
3220 1709 3476 1757 consueta

1909 1805 2009 1862 est,
2043 1797 2095 1851 in
2127 1797 2229 1851 hac
2259 1797 2346 1850 die
2381 1797 2540 1853 vicini
2569 1804 2729 1865 atque
2759 1807 3005 1866 parentes
3033 1796 3140 1850 mei
3172 1795 3478 1850 invitabun-

1910 1897 1996 1943 tur
2022 1888 2074 1942 in
2103 1887 2261 1942 domo
2284 1903 2422 1942 mea.
2445 1887 2591 1957 Rogo
2611 1896 2668 1941 ut
2687 1887 2852 1942 facias
2881 1887 3011 1942 tuihi
3036 1887 3313 1956 prandium
3339 1886 3477 1955 quod

1908 1981 2256 2045 admirentur,
2289 1989 2344 2036 et
2371 1981 2586 2044 dicant,
2618 1981 2742 2048 quia
2791 1982 2846 2035 in
2894 1980 3059 2035 domo
3107 1981 3248 2050 regis
3290 1979 3480 2035 melius

1908 2087 2017 2126 non
2066 2073 2395 2140 aspeximus.
2445 2072 2513 2126 Et
2560 2070 2692 2126 ille:
2726 2071 2954 2137 Jubeat,
2998 2073 3201 2142 inquit,
3233 2072 3482 2126 dotninus

1909 2177 2061 2218 meus
2089 2163 2405 2234 congregari
2433 2164 2700 2232 pullorum
2729 2165 3138 2232 gallinaceorum
3173 2164 3474 2219 multitudi-

1907 2270 2056 2322 nem,
2085 2255 2359 2310 etfaciam
2389 2271 2508 2324 qua:
2537 2256 2798 2324 praecipis.
2833 2255 3150 2323 Praeparatis
3192 2271 3320 2324 ergo
3360 2270 3480 2324 quas

1909 2346 2122 2403 dixerat
2148 2362 2303 2416 puer,
2329 2347 2508 2400 illuxit
2533 2347 2798 2401 dominica
2829 2346 2964 2412 dies,
3007 2346 3236 2415 fecitque
3265 2346 3480 2415 epulum

1909 2455 2180 2509 magnum,
2194 2438 2506 2509 deliciisque
2521 2439 2794 2498 refertum.
2814 2440 3156 2508 Epulantibus
3170 2447 3349 2493 autem
3364 2453 3481 2492 om-

1910 2531 2086 2596 nibus,
2105 2541 2157 2586 et
2174 2530 2510 2585 laudantibus
2534 2529 2834 2599 prandium,
2855 2539 3100 2597 parentes
3121 2529 3260 2584 illius
3289 2529 3483 2583 disces:

1909 2631 2118 2680 serunt.
2153 2623 2409 2678 Dominus
2432 2624 2572 2678 enim
2607 2621 2752 2676 dedit
2781 2621 3008 2692 gratiam
3041 2636 3206 2690 puero
3236 2621 3357 2676 huic
3377 2663 3390 2686 ,
3423 2631 3481 2677 et

1909 2712 2115 2780 accepit
2144 2720 2456 2781 potestatem
2481 2726 2644 2781 super
2690 2712 2867 2764 omnia
2907 2725 3025 2780 qua:
3053 2709 3280 2764 habebat
3307 2710 3483 2765 domi-

1911 2817 2010 2858 nus
2057 2817 2184 2857 suus
2230 2803 2281 2857 in
2330 2809 2597 2871 promptu.
2642 2801 3004 2871 Diligebatque
3043 2816 3166 2855 eum
3208 2802 3400 2865 valde,
3429 2809 3483 2855 et

1911 2895 2156 2950 omnibus
2193 2896 2347 2965 120
2374 2894 2465 2964 qui
2503 2909 2623 2949 eum
2669 2909 2734 2949 eo
2779 2903 2934 2950 erant
2979 2895 3094 2962 ipse
3142 2893 3484 2962 dispensabat

1910 2987 2106 3041 cibaria
2136 2994 2190 3040 et
2219 2987 2508 3054 pulmenta.
2531 2986 2656 3040 Post
2683 2989 2806 3039 anni
2830 3000 2958 3039 vero
2979 2985 3328 3051 curriculum,
3357 3000 3478 3039 cum

1857 3135 1878 3159 Ἰ
1909 3075 2018 3145 jam
2048 3089 2266 3131 securus
2294 3083 2439 3130 esset
2464 3076 2712 3130 dominus
2737 3074 2877 3131 illius
2914 3074 2979 3130 de
3009 3089 3100 3139 eo,
3125 3073 3254 3128 abiit
3279 3075 3330 3128 in
3361 3089 3482 3144 pra-

236 3168 333 3230 eit,
363 3178 412 3222 et
435 3182 707 3237 usquequo
728 3166 968 3236 Spiritum
993 3167 1279 3231 exhalavit,
1304 3169 1603 3224 interficere
1625 3184 1806 3237 quent-
1834 3141 1881 3197 (ἶ

1917 3178 2047 3231 tutn,
2078 3166 2219 3237 quod
2243 3176 2359 3222 erat
2385 3167 2564 3222 domui
2598 3167 2929 3236 proximum,
2963 3182 3083 3222 cum
3115 3166 3292 3221 Attalo
3315 3181 3482 3236 puero

1915 3261 2137 3314 custode
2180 3273 2474 3328 equorum:
2505 3267 2558 3313 et
2602 3259 2874 3313 deeubans
2916 3259 2968 3312 in
3019 3267 3160 3313 terra
3207 3272 3328 3312 cum
3359 3271 3424 3312 eo
3452 3272 3481 3312 a

1916 3353 2090 3424 longe,
2116 3355 2316 3409 aversis
2341 3354 2534 3420 dorsis,
2563 3364 2620 3408 ut
2649 3369 2753 3408 non
2784 3362 3199 3422 cognosceretur
3224 3351 3367 3422 quod
3398 3351 3480 3406 lo-

1913 3455 2202 3515 querentur
2229 3445 2386 3500 simul
2413 3484 2429 3510 ,
2461 3444 2590 3500 dicit
2617 3459 2780 3513 puero
2805 3461 2820 3496 :
2849 3443 3082 3512 Tempus
3116 3450 3197 3497 est
3219 3440 3364 3497 enim
3383 3481 3399 3507 ,
3429 3452 3484 3495 ut

1911 3536 2021 3606 jam
2051 3537 2287 3606 cogitare
2307 3536 2374 3590 de
2401 3536 2567 3604 patria
2597 3535 2906 3590 debeamus.
2933 3534 3161 3603 ideoque
3192 3547 3385 3587 moneo
3409 3541 3480 3596 te,

1915 3638 1975 3684 ut
2005 3629 2104 3683 hac
2128 3638 2286 3683 nocte
2316 3643 2434 3682 cum
2463 3643 2631 3697 equos
2658 3628 2723 3681 ad
2766 3627 3122 3682 claudendum
3167 3627 3450 3680 adduxeris
3469 3665 3485 3690 ,

1915 3736 2108 3790 sopore
2139 3736 2244 3775 non
2275 3721 2594 3791 deprimaris
2619 3763 2634 3788 ,
2665 3719 2759 3774 sed
2792 3735 2912 3774 cum
2947 3719 3174 3786 primum
3201 3728 3253 3771 te
3293 3718 3488 3770 vocita-

1917 3829 2049 3866 vero
2080 3812 2242 3877 adsis,
2272 3822 2326 3866 et
2353 3813 2704 3866 ambulemus.
2737 3811 3032 3866 Vocaverat
3053 3810 3194 3863 enim
3224 3808 3487 3862 Barbarus

1917 3908 2004 3961 ille
2033 3906 2228 3960 multos
2261 3917 2535 3973 parentum
2565 3919 2785 3959 suorum
2817 3903 2883 3957 ad
2914 3904 3128 3970 epulum
3149 3943 3162 3964 ,
3198 3904 3335 3953 inter
3356 3913 3486 3967 quos

1915 4006 2101 4052 eratet
2129 4013 2294 4066 gener
2320 3999 2468 4062 ejus,
2503 3997 2589 4065 qui
2613 4003 2893 4061 acceperat
2922 3993 3083 4045 ﬁliam
3119 3992 3280 4044 illim.
3317 3990 3486 4045 Media

1915 4099 2090 4142 autem
2122 4095 2278 4141 nocte
2303 4102 2331 4138 a
2361 4087 2607 4142 convivio
2635 4083 2970 4153 surgentibus
2989 4124 3004 4148 ,
3033 4091 3087 4138 et
3109 4082 3277 4152 quieti
3308 4081 3448 4135 datis
3469 4121 3484 4146 ,

1916 4187 2233 4249 prosecutus
2261 4186 2344 4233 est
2370 4178 2479 4232 Leo
2509 4191 2768 4246 generum
2792 4175 2994 4230 domini
3046 4177 3129 4229 sui
3176 4189 3296 4229 cum
3330 4183 3488 4240 potu,

1914 4269 2298 4339 perrigensque
2326 4269 2373 4322 ei
2405 4268 2620 4334 bibere,
2647 4266 2699 4320 in
2732 4274 2984 4319 metatum
3014 4265 3148 4334 ejus.
3183 4264 3272 4317 Ait
3310 4264 3490 4331 itaque

1915 4360 1978 4414 ad
2007 4375 2127 4414 eum
2163 4361 2320 4414 homo
2346 4376 2360 4413 :
2395 4359 2488 4412 Dic
2518 4367 2594 4422 tu,
2623 4372 2655 4411 ο
2683 4356 2917 4410 creditor
2940 4356 3112 4410 soceri
3145 4355 3282 4420 mei,
3318 4354 3364 4408 si
3397 4369 3491 4406 va-

1916 4453 2046 4514 lcas,
2074 4451 2286 4520 quando
2308 4450 2632 4505 voluntatem
2655 4447 2950 4512 adhibebis,
2969 4457 3022 4500 ut
3044 4445 3491 4514 assumptisequiu

239 4517 358 4597 rum
386 4542 706 4598 destinatus.
753 4544 880 4597 Erat
932 4517 1071 4600 enim
1117 4545 1250 4600 infra
1303 4517 1570 4600 Trct'eriei
1603 4517 1811 4600 termini
1840 4517 1894 4578 D
1922 4517 2186 4615 tibuS'I-Al.
2211 4541 2382 4613 equis]
2411 4541 2528 4611 ejus
2556 4556 2648 4595 eas
2671 4541 2722 4594 in
2749 4540 2972 4609 patriam
2996 4539 3176 4592 tuam?
3210 4538 3319 4591 Hoc
3340 4537 3491 4606 quasi

241 4634 568 4688 territmium
598 4635 805 4690 cuidam
830 4635 1055 4690 barbaro
1086 4645 1110 4672 ο
1142 4637 1400 4691 serviens.
1431 4637 1664 4705 Denique
1691 4638 1813 4691 bea-

239 4733 329 4778 tus
354 4725 542 4794 Grego:
559 4727 639 4779 ius
658 4724 723 4779 ad
750 4727 1121 4794 inquirendum
1139 4741 1260 4781 cum
1291 4728 1433 4781 misit
1457 4741 1669 4796 pueros.
1695 4727 1813 4794 Quo

238 4816 478 4884 invento,
511 4817 821 4873 obtulerunt
849 4819 1048 4874 homini
1076 4835 1314 4889 munera,
1366 4822 1458 4876 sed
1501 4823 1702 4890 respuit
1727 4837 1811 4889 ea,

236 4910 427 4964 dicens
455 4927 467 4962 :
501 4911 594 4964 llic
621 4912 687 4966 de
719 4911 808 4965 tali
835 4915 1176 4982 generatfone
1202 4914 1387 4969 decem
1407 4916 1518 4968 auri
1550 4915 1696 4968 libris
1725 4929 1813 4970 re-

239 5001 370 5054 dimi
399 5001 579 5055 debet.
605 5001 808 5068 Quibus
855 5003 1218 5068 redeuntibus,
1264 5004 1370 5058 Leo
1394 5004 1606 5074 quidam
1633 5005 1700 5058 de
1725 5018 1818 5057 co-

235 5090 402 5158 quina
437 5088 637 5143 domini
684 5092 788 5156 sui,
824 5093 898 5146 ait
932 5110 943 5144 :
981 5093 1190 5147 Utinam
1247 5108 1333 5146 tne
1374 5093 1728 5162 permitteres,
1763 5103 1815 5146 et

243 5179 466 5233 forsitan
507 5195 605 5250 ego
648 5192 886 5250 poteram
937 5199 1056 5237 eunt
1107 5184 1360 5238 reducere
1389 5200 1454 5237 ex
1485 5183 1811 5250 captivitate.

236 5271 435 5327 Gaviso
461 5283 638 5327 autem
671 5276 904 5340 domino,
939 5277 1176 5330 directus
1209 5275 1352 5329 venit
1380 5275 1445 5328 ad
1472 5276 1645 5328 locutu
1677 5291 1690 5328 :
1721 5290 1814 5329 vo-

322 5415 346 5476 f'
375 5407 591 5476 Aliquot
611 5423 740 5462 mss.
773 5419 820 5463 et
846 5409 995 5474 editi,
1027 5411 1196 5463 altare
1223 5419 1473 5463 sanctum.

320 5473 346 5514 ι
371 5473 568 5549 Cltesn.
593 5494 712 5532 cum
739 5480 882 5542 Bec..
913 5473 1246 5549 exspectabat.

315 5555 338 5582 ε
376 5547 534 5621 Ιξβθ,
566 5549 642 5621 An
671 5553 903 5621 nunquid
928 5547 1027 5604 non
1060 5553 1254 5605 vidistis
1279 5560 1450 5604 antea.
1491 5551 1587 5605 l‘Id.
1610 5550 1812 5621 aliquot

235 5632 362 5689 cunt
380 5616 542 5689 lico...
567 5620 646 5670 An
673 5616 903 5689 nunquid
923 5621 1117 5675 uidistis
1150 5623 1315 5689 prius.

313 5685 337 5720 ἀ
376 5687 427 5736 Ι‹Ι
461 5697 564 5748 est,
588 5685 802 5742 obsides
837 5689 942 5742 tlati
972 5700 1114 5744 sunt.

317 5767 340 5793 ε·
373 5756 427 5812 Id
453 5765 532 5812 est
564 5757 788 5814 France.
821 5758 1278 5823 Quemadmodum
1315 5766 1454 5820 enim
1497 5773 1703 5818 veteres
1732 5766 1812 5814 in.

1917 4637 2038 4706 joco
2067 4636 2340 4690 delectans
2365 4633 2520 4687 dixit.
2553 4632 2811 4687 Similiter
2839 4638 2894 4686 et
2933 4630 3025 4684 ille
3059 4629 3371 4698 joculariter
3403 4643 3482 4681 ve-

1923 4730 2129 4782 ritatem
2160 4725 2489 4795 respondens
2513 4764 2527 4790 ,
2560 4725 2634 4777 ait
2666 4741 2678 4776 :
2709 4723 2819 4776 llae
2850 4731 3006 4776 nocte
3036 4720 3297 4782 delibero,
3321 4719 3365 4772 si
3401 4717 3491 4774 Dei

1925 4819 2169 4871 voluntas
2195 4817 2374 4872 fuerit.
2411 4815 2475 4869 Et
2504 4815 2592 4870 ille
2618 4831 2632 4867 :
2668 4813 2882 4869 Utinam
2908 4854 2922 4879 ,
2956 4812 3162 4881 inquit,
3189 4809 3490 4866 custodiant

1925 4925 2011 4966 me
2040 4909 2220 4964 famuli
2251 4908 2354 4964 mci
2381 4950 2396 4975 ,
2432 4924 2499 4963 ne
2528 4907 2724 4976 aliquid
2753 4906 2820 4960 de
2851 4906 3010 4960 rebus
3047 4904 3181 4958 meis
3226 4915 3490 4956 assumas.

1923 5003 1986 5055 Et
2015 5002 2247 5055 ridentes
2295 5002 2672 5054 discesserunt.
2719 4997 3113 5051 Dormientibus
3144 5003 3318 5046 autem
3359 5005 3491 5045 cuu-

1917 5093 2015 5145 ctis
2040 5131 2055 5154 ,
2083 5090 2289 5144 vocavit
2314 5089 2421 5143 Leo
2464 5089 2697 5142 Attalum
2731 5105 2744 5140 :
2778 5088 3062 5155 stratisque
3101 5081 3372 5152 equitibus
3412 5080 3490 5134 in-

1920 5190 2151 5251 terrogat
2179 5190 2202 5227 8
2229 5180 2274 5234 si
2318 5179 2538 5234 haberet
2585 5179 2840 5249 gladium.
2887 5175 3183 5245 Respondit
3214 5191 3228 5227 ε
3261 5172 3377 5226 Non
3407 5180 3490 5227 est

1920 5276 2068 5333 mihi.
2094 5274 2192 5329 nisi
2225 5281 2424 5327 tantum
2455 5271 2633 5327 lancea
2675 5271 2917 5341 parvula.
2963 5269 3030 5322 At
3073 5267 3164 5321 ille
3206 5264 3486 5334 ingressus

1916 5410 2048 5463 ςυῐτε
2073 5408 2384 5462 dicebantur
2404 5405 2652 5468 Romani,
2675 5406 2745 5457 ita
2775 5401 2950 5457 caeteri
2968 5445 2981 5465 ,
3011 5410 3068 5453 ut
3092 5401 3198 5467 jam
3224 5400 3479 5452 observa-

1921 5482 2109 5547 vimus,
2137 5479 2353 5531 Batrbari
2385 5475 2735 5532 dicebantur:
2767 5471 2906 5541 quod
2936 5473 3134 5541 passim
3172 5471 3311 5540 apud
3341 5469 3482 5526 Grc-

1918 5551 2123 5620 gorium
2156 5547 2389 5602 occurrit

1993 5644 2009 5683 τ
2049 5643 2186 5697 Editi
2219 5657 2336 5696 cum
2371 5641 2518 5702 Ben,
2544 5637 2716 5693 matari:
2745 5635 2942 5692 debent.

1990 5748 2013 5785 ε
2048 5735 2211 5802 Edit.,
2244 5732 2469 5786 Attalum
2493 5746 2552 5784 ca:
2581 5739 2744 5784 atrata
2773 5745 2886 5785 suo.
2915 5728 3227 5790 latet-ruont.
3260 5736 3370 5785 etc.
