4028 6342
155 296 253 351 957

1093 303 1414 362 HISTORIA
1456 303 1903 363 FBANCORUM.
1947 306 2153 365 LIBER
2189 308 2503 368 TERTIUS.

3328 318 3435 373 258

154 433 299 491 ptem
334 418 607 475 mensibus
648 419 990 477 ministravit.
1024 420 1122 477 llic
1151 422 1251 478 fuit
1275 423 1356 477 vir
1382 430 1637 479 strenuus
1663 431 1745 477 at-
1769 428 1823 485 Α
1850 422 2053 492 regina,
2099 425 2191 479 lilii
2220 427 2293 481 tui
2329 426 2533 482 domini
2560 426 2725 482 nostri
2754 418 3031 497 expetunt,
3057 430 3185 500 quid
3215 432 3282 489 de
3312 449 3444 503 pue-

156 528 259 584 que
286 512 437 568 utilis
482 511 536 567 in
586 511 787 568 fabrica
817 512 998 583 operis
1043 514 1272 585 lignarii.
1305 514 1423 582 Quo
1461 513 1748 583 defuncto,

100 585 110 637 ῗ
156 605 472 661 Theodorus
518 613 574 659 et
618 603 882 660 Ptoculus
928 604 1195 675 episcopi,
1244 608 1333 677 qui
1387 608 1455 663 de
1511 610 1751 675 partibus

158 695 481 767 Burgundize
511 697 873 760 advenerant,
920 696 1203 751 ordinante
1248 698 1624 757 Chrotecbilde
1667 712 1785 753 re-.

156 790 303 859 gina,
352 787 522 841 tribus
563 788 719 841 annis
769 787 1091 842 Turonicam
1134 801 1388 843 rexerunt
1432 789 1749 844 Ecclesiam.

157 882 364 950 Quibus
389 881 685 944 defunctis,
719 881 991 936 Franeilio
1018 898 1084 938 ex
1110 883 1448 939 senatoribus
1474 884 1753 945 substitui-

157 986 265 1032 tur.
301 978 456 1029 Anno
480 974 642 1043 igitur
665 974 823 1028 tertio
845 974 1186 1043 episcopatus
1219 975 1324 1042 sui,
1346 990 1468 1030 cum
1498 975 1752 1031 dominici

157 1068 362 1126 Natalis
394 1084 497 1124 nox
546 1070 686 1123 alma
719 1070 929 1137 pepulis
967 1068 1282 1134 effutsisset,
1331 1071 1469 1126 idem
1514 1070 1753 1139 pontifex

158 1165 468 1232 priusquam
497 1162 564 1217 ad
604 1163 812 1231 vigilias
847 1162 1221 1229 descenderet,
1248 1164 1408 1234 jussit
1450 1166 1553 1219 sibi
1586 1180 1754 1234 pocu-

157 1256 270 1311 lum
313 1256 626 1311 ministrari.
669 1256 979 1311 Adveniens
1021 1267 1199 1311 autem
1247 1273 1399 1325 puer,
1442 1258 1561 1313 sine
1606 1272 1756 1311 mora

158 1348 421 1416 porrexit.
451 1349 567 1416 Quo
594 1348 803 1412 hausto,
841 1364 963 1403 mox
996 1348 1243 1417 spiritum
1288 1350 1425 1403 fudit
1452 1365 1467 1404 :
1500 1350 1642 1404 unde
1675 1351 1754 1404 in-

157 1437 460 1492 dubitatum
493 1450 575 1493 est
616 1453 824 1493 veneno
853 1454 978 1492 eutn
1011 1439 1177 1495 fuisse
1217 1449 1480 1494 necatum.
1514 1443 1629 1511 Quo
1658 1440 1754 1495 dt.L

155 1528 407 1594 cedente,
442 1530 733 1597 lnjuriosus
763 1545 904 1584 unus
934 1546 965 1585 e
994 1530 1222 1596 civibus,
1254 1533 1472 1599 quintus
1511 1532 1755 1586 decimus

159 1628 282 1687 post
309 1619 527 1674 beatum
576 1620 887 1688 Martinum,
916 1620 1224 1675 cathedram
1254 1621 1614 1690 pontificalem
1641 1636 1758 1676 sor-

159 1711 290 1764 titus
321 1718 422 1765 est.

1853 514 1928 569 ris
1952 517 2217 585 agendum
2253 531 2478 574 censeas
2496 559 2513 585 ,
2554 528 2729 583 utrum
2769 520 2951 574 incisis
2976 521 3213 577 crinibus
3237 538 3331 578 eos
3361 529 3439 582 vis

1852 619 1979 661 vere
1998 608 2208 675 jubeas,
2247 622 2315 662 an
2362 621 2648 680 utrumque
2684 611 2938 680 jugulari.
2968 612 3038 667 At
3068 612 3155 667 illa
3184 619 3441 672 exterrita

1854 700 2063 764 nuntio,
2091 708 2145 753 et
2172 698 2393 754 nimium
2420 700 2546 756 felle
2578 713 2865 768 commota,
2900 706 3164 772 praecipue
3192 719 3312 760 cum
3338 708 3445 778 gla-

1852 791 1998 844 dium
2045 802 2291 847 cerneret
2340 795 2677 861 evaginatum
2734 809 2799 849 ac
2840 795 3120 865 fircipem,
3181 800 3441 853 amaritu-

1854 881 1979 935 dine
2003 890 2295 951 przeventa,
2327 883 2578 952 ignorans
2608 883 2661 937 in
2690 884 2808 954 ipso
2834 884 3021 940 dolore
3050 886 3177 955 quid
3207 887 3442 953 diceret,

1855 972 1929 1026 ait
1971 972 2289 1042 simpliciter
2319 989 2332 1027 :
2364 973 2542 1027 Satius
2568 976 2710 1028 enim
2743 977 2871 1030 mihi
2897 986 3001 1044 est,
3035 977 3079 1032 si
3121 976 3187 1031 ad
3218 993 3441 1047 regnum

1856 1076 1961 1115 non
1992 1062 2288 1132 eriguntur,
2324 1073 2563 1127 mortuos
2595 1078 2688 1118 eos
2736 1064 2917 1119 videre
2945 1081 3102 1135 quam
3137 1075 3344 1122 tensos.
3376 1072 3446 1123 At

1858 1155 1946 1209 ille
1977 1170 2159 1221 larum
2191 1155 2462 1211 admirans
2485 1156 2726 1211 dolorem
2758 1158 2895 1227 ejus,
2921 1174 3021 1214 nec
3045 1171 3292 1217 scrutans
3319 1161 3445 1231 quid

1857 1246 2109 1315 deinceps
2135 1246 2343 1316 plenius
2363 1258 2733 1317 pertractaret,
2760 1253 2907 1303 venit
2924 1252 3172 1308 celeriter
3195 1254 3446 1308 nuntians

1858 1352 1921 1392 ac
1947 1337 2132 1391 dicens
2175 1353 2189 1390 :
2238 1338 2471 1395 Favente
2511 1342 2691 1410 regina
2730 1356 2863 1407 opus
2898 1353 3128 1411 ereptum
3162 1346 3442 1413 perlicite:

1859 1431 1969 1499 ipsi
1996 1433 2139 1499 enim
2170 1434 2280 1487 vult
2306 1435 2507 1502 expleri
2547 1436 2829 1489 consilium
2859 1445 3117 1490 vestrum.
3150 1439 3257 1493 Nec
3299 1453 3448 1493 mora

1858 1524 2249 1591 apprehensum
2282 1526 2723 1581 Chlothacharius
2756 1542 2975 1595 puerum
3006 1529 3273 1584 seniorem
3320 1531 3448 1585 bra-

1858 1615 1980 1668 chio
1997 1616 2139 1669 elisit
2158 1616 2210 1669 itt
2240 1624 2457 1683 terram,
2481 1617 2825 1686 defigensqne
2850 1618 3077 1672 cultrum
3098 1629 3119 1656 ο
3151 1621 3200 1673 in
3230 1622 3447 1677 axillam

1858 1706 2147 1760 crudeliter
2175 1706 2462 1763 interfecit.
2508 1709 2624 1774 Quo
2657 1708 3009 1774 vociferante,
3046 1709 3210 1765 frater
3238 1712 3355 1779 ejus
3382 1712 3449 1764 ad

235 1800 423 1856 XVIII.
467 1802 601 1856 [tum
651 1812 829 1857 autem
878 1803 1271 1861 Chrotechildis
1308 1806 1491 1877 regina
1526 1806 1756 1861 Parisios
1790 1800 1830 1855 li
1864 1796 2378 1864 ticdesChildcberti
2427 1796 2806 1867 ριύείετιιίιιιτ.
2837 1799 3293 1869 aparchen-iisque
3333 1801 3453 1869 eius

156 1903 483 1963 moraretur,
514 1898 699 1953 videns
746 1898 1145 1966 Childehertus,
1179 1902 1318 1971 quod
1355 1910 1525 1957 mater
1555 1917 1650 1957 sua
1698 1904 1761 1955 li-

159 1987 261 2039 lios
291 1988 690 2055 Chlodomeris,
720 2005 855 2058 quos
901 2006 1064 2059 supra
1111 1994 1549 2062 memoravimus,
1598 1994 1759 2048 unico

159 2078 364 2133 affectu
391 2079 658 2147 diligeret,
709 2082 906 2136 invidia
948 2084 1161 2151 ductus,
1205 2100 1266 2139 ac
1311 2094 1554 2140 metuens
1581 2100 1647 2141 ne
1680 2086 1759 2139 fa-

158 2180 321 2225 vente
373 2173 553 2240 regina
597 2172 1008 2229 admitterentur
1042 2174 1095 2229 in
1131 2190 1374 2244 regnum,
1422 2176 1573 2230 misit
1619 2175 1758 2230 clam

158 2261 229 2313 ad
273 2262 492 2317 fratrem
538 2278 690 2317 suum
736 2262 1209 2320 Chlothacharium
1259 2282 1473 2335 regem,
1529 2267 1755 2321 dicens:

158 2352 337 2409 linter
359 2365 539 2409 nostra
562 2357 699 2411 ﬁlios
722 2356 905 2413 fratris
926 2359 1095 2414 nostri
1121 2373 1303 2413 secum
1332 2362 1549 2424 retinet,
1569 2370 1624 2415 et
1647 2360 1764 2416 vult

157 2448 246 2501 cis
276 2461 496 2515 regnum
526 2446 656 2502 dare
689 2457 741 2501 ι.
775 2448 946 2503 Debes
995 2449 1251 2506 velociter
1280 2451 1470 2507 adesse
1508 2451 1757 2518 Parisios,

156 2548 223 2593 et
254 2538 439 2591 habito
467 2541 739 2594 communi
768 2541 998 2595 consitio
1021 2552 1350 2611 pertractare
1371 2552 1603 2612 oportet,
1631 2545 1758 2613 quid

158 2629 239 2683 de
270 2628 351 2681 his
395 2628 508 2683 fieri
540 2630 734 2683 debeat
764 2646 779 2683 :
813 2640 985 2684 utrum
1013 2631 1183 2685 incisa
1209 2635 1430 2688 cazsarie
1463 2642 1521 2687 ut
1556 2634 1761 2702 reliqua

162 2720 324 2789 plebs
340 2720 634 2774 habeantur
649 2718 699 2785 ι),
718 2736 783 2774 an
803 2731 947 2776 certe
965 2722 1046 2777 his
1066 2723 1380 2788 interfectis,
1406 2739 1762 2795 regnumger-

158 2812 312 2865 matri
344 2810 511 2864 nostri
537 2811 677 2866 inter
705 2814 1060 2883 nosmetipsos
1090 2815 1393 2883 aequalitate
1426 2816 1603 2871 habita
1625 2818 1761 2872 divi-

158 2902 350 2955 datur.
402 2900 476 2955 De
519 2902 711 2971 quibus
756 2902 847 2958 ille
877 2905 1053 2959 verbis
1090 2905 1242 2959 valde
1271 2908 1485 2975 gavisus
1523 2906 1760 2964 Parisios

160 2994 337 3049 venit.
353 2992 810 3050 Jactaveratenim
829 2996 1199 3053 Childebertus
1218 3000 1437 3056 verbum
1462 3002 1513 3055 in
1537 3004 1755 3073 populo,

161 3086 241 3141 ob
270 3085 371 3141 hoc
400 3085 497 3140 hos
518 3086 768 3159 conjungi
797 3089 954 3160 124,
983 3106 1156 3161 reges,
1185 3094 1335 3163 quasi
1363 3096 1609 3163 parvulos
1637 3096 1759 3152 illos

1862 1890 2107 1959 genibus,
2154 1890 2333 1945 aiebat
2374 1906 2493 1945 cum
2543 1893 2835 1962 lacrymis:
2881 1895 3162 1959 Succurre,
3214 1895 3452 1961 piissime

1863 1992 2032 2049 pater,
2059 1996 2127 2036 ne
2146 1990 2201 2036 et
2225 1997 2324 2050 ego
2347 1985 2559 2053 porcam
2585 1984 2722 2037 sicut
2752 1984 2918 2038 frater
2941 1998 3111 2038 meus.
3143 1985 3291 2040 Tunc
3305 1985 3450 2040 Chil-

1860 2072 2115 2128 dcbertus
2151 2074 2400 2144 lacrytnis
2433 2090 2678 2144 respersa
2710 2073 2866 2136 facie,
2898 2082 2972 2127 at
3004 2091 3017 2127 :
3057 2077 3209 2147 125
3260 2077 3410 2145 Rogo
3431 2116 3447 2140 ,

1861 2166 2172 2222 dulcissime
2211 2166 2401 2231 frater,
2450 2176 2506 2223 ut
2539 2167 2663 2237 ejus‘
2694 2169 2822 2223 nihi
2871 2170 3030 2223 vitam
3078 2179 3167 2223 tua
3213 2170 3451 2240 largitate

1862 2262 2127 2317 concedas
2159 2280 2171 2313 :
2207 2270 2262 2321 et
2291 2278 2409 2331 quae
2432 2262 2657 2331 jusseris
2690 2277 2785 2331 pro
2813 2264 2931 2331 ejus
2954 2265 3128 2317 anima
3153 2263 3448 2329 conferam,

1864 2358 2069 2405 tantum
2092 2366 2160 2405 ne
2182 2352 2552 2407 interﬁciatur.
2580 2354 2648 2406 At
2676 2352 2765 2407 ille
2793 2354 3049 2408 conviciis
3070 2362 3246 2407 actum
3264 2350 3315 2416 ά,
3344 2354 3449 2407 ait:

1862 2448 1969 2499 Aut
1998 2444 2132 2512 ejice
2156 2460 2276 2499 eum
2304 2459 2333 2497 a
2358 2452 2429 2506 te,
2448 2454 2539 2498 aut
2562 2454 2709 2499 certe
2733 2462 2827 2512 pro
2851 2460 2920 2500 eo
2946 2446 3213 2505 morieris.
3235 2445 3338 2509 Tu,
3368 2447 3449 2499 in-

1863 2540 1998 2607 quit,
2031 2553 2090 2592 es
2118 2538 2410 2592 incestator
2431 2546 2454 2575 ε
2488 2537 2643 2606 hujus
2682 2553 2859 2591 causa:
2888 2548 2941 2592 et
2969 2547 3073 2593 tam
3105 2539 3357 2594 velociter
3382 2537 3453 2592 de

1863 2631 1967 2685 tide
1992 2629 2213 2685 resilis?
2241 2629 2367 2684 iIa-c
2393 2628 2484 2685 ille
2512 2629 2758 2693 audiens,
2788 2629 3058 2700 repulsum
3080 2646 3110 2682 a
3136 2645 3196 2687 se
3224 2645 3450 2700 puerum

1864 2721 2091 2792 projecit
2111 2723 2175 2777 ad
2199 2737 2319 2777 eum
2355 2737 2370 2775 :
2403 2722 2517 2790 ipse
2547 2736 2675 2776 vero
2705 2722 2975 2790 accipiens
3000 2723 3313 2777 transfixum
3340 2723 3452 2781 cul-

1864 2824 1946 2867 tro
1975 2815 2028 2871 in
2060 2815 2248 2879 latere,
2293 2813 2431 2869 sicut
2460 2813 2680 2867 fratrem
2721 2814 2867 2883 prius
2896 2812 3117 2881 fecerat,
3162 2812 3449 2882 jugulavit:

1861 2908 2057 2963 deinde
2086 2921 2277 2976 pueros
2306 2921 2428 2963 cum
2459 2905 2695 2960 nutritiis
2731 2914 3096 2974 peremerunt.
3143 2904 3347 2971 Quibus
3375 2907 3451 2959 ina

1864 2998 2119 3063 terfectis,
2148 2996 2852 3065 Chlothacharius_ascensis
2872 2996 3133 3066 equitibus
3150 2993 3254 3067 [Αι.
3279 2986 3452 3066 equis]

1863 3092 2163 3158 abscessit,
2218 3089 2612 3160 parvipendens
2642 3088 2709 3144 de
2749 3088 3119 3144 interfectione
3152 3096 3401 3156 nepotum
3434 3104 3451 3141 :

160 3179 473 3235 elevaturos
501 3179 552 3234 in
594 3195 780 3249 regno.
823 3180 1107 3252 Conjnncti
1156 3196 1332 3241 autem
1388 3188 1652 3244 miserunt
1695 3190 1760 3244 ad
1788 3170 1833 3231 (ἶ
1866 3185 1959 3239 sed
1988 3194 2042 3239 et
2069 3183 2445 3239 Childebertus
2488 3182 2539 3237 itt
2585 3181 2889 3237 suburbana
2933 3186 3218 3238 concessit.
3250 3184 3451 3252 Regina

160 3270 431 3338 reginam,
463 3286 583 3338 qua:
607 3279 731 3326 tunc
763 3272 812 3325 in
844 3274 957 3341 ipsa
981 3275 1111 3330 urbe
1135 3278 1757 3341 mei-abatnr,dicentes:

162 3362 352 3431 Dirige
384 3365 634 3431 parvulos
663 3364 725 3417 ad
761 3380 879 3431 nos,
917 3377 973 3420 ut
1002 3368 1363 3424 sublitncntnr
1394 3373 1442 3424 in
1477 3388 1660 3440 regno.
1694 3378 1759 3428 At

162 3453 260 3507 illa
289 3453 470 3522 gavisa
494 3496 509 3519 ,
552 3456 797 3510 nesciens
825 3458 1004 3511 dolum
1035 3459 1271 3525 illorum,
1308 3462 1430 3515 dato
1462 3464 1637 3531 pueris
1664 3479 1761 3519 esu

164 3554 428 3613 petoque,
461 3547 655 3601 direxit
682 3564 775 3603 eos
805 3550 989 3604 dicens
1018 3568 1031 3601 :
1074 3552 1186 3605 Non
1234 3569 1320 3607 me
1362 3566 1487 3621 puto
1516 3555 1760 3611 amisisse

166 3634 365 3701 lilium,
395 3637 439 3689 si
463 3652 556 3690 vos
587 3638 795 3693 videam
826 3641 875 3693 in
905 3640 1021 3709 ejus
1046 3657 1211 3713 regno
1234 3645 1505 3699 substitui.
1541 3647 1639 3713 Qui
1667 3648 1761 3702 ab-

165 3738 385 3792 euntes,
419 3732 738 3798 apprehensi
768 3742 891 3786 sunt
920 3735 1123 3799 statim,
1154 3751 1216 3790 ac
1254 3740 1485 3804 separati
1521 3756 1548 3792 a
1582 3742 1763 3808 pueris

164 3828 227 3872 et
256 3819 609 3875 nutritorihus
630 3823 762 3887 suis,
797 3827 1234 3881 custodiebantur
1262 3831 1493 3898 utrique,
1516 3845 1760 3886 seorsum

165 3912 422 3981 pueri,et
447 3929 687 3969 seorsum
716 3915 767 3969 hi
794 3920 1015 3985 parvuli.
1041 3920 1190 3975 Tunc
1211 3920 1587 3979 Childebertus
1606 3935 1764 3992 atque

166 4003 626 4060 ClilOthacharius
659 4009 919 4063 miserunt
952 4013 1257 4078 Arcadium,
1293 4014 1443 4082 cujus
1465 4030 1625 4083 supra
1652 4032 1763 4071 me-

169 4099 431 4154 minimus
455 4101 607 4172 (Cap.
650 4105 683 4157 9
706 4112 753 4158 et
782 4103 891 4175 1‘2),
917 4106 980 4158 ad
1014 4106 1273 4175 reginam,
1305 4122 1424 4162 eum
1456 4106 1655 4179 forcipe
1691 4117 1767 4162 at-

170 4204 285 4259 que
324 4195 604 4262 evaginato
646 4196 840 4265 gladio.
878 4196 976 4264 Qui
1021 4198 1241 4252 veniens
1286 4199 1519 4252 Ostendit
1569 4201 1766 4267 reginae

174 4294 425 4355 utraque,
451 4286 675 4345 dicens:
715 4289 1050 4344 Voluntatem
1093 4301 1259 4357 tuam,
1303 4307 1336 4346 o
1378 4292 1763 4361 gloriosissima

252 4416 399 4497 fSic
426 4418 585 4473 Corb.
613 4430 665 4497 et
708 4423 841 4497 Bell.
881 4424 983 4479 Alii
1026 4424 1140 4480 fere
1192 4440 1381 4481 omnes
1428 4441 1550 4481 cum
1583 4427 1763 4497 editis,

170 4488 280 4560 t-ult
305 4505 389 4543 eos
410 4507 564 4560 regno
596 4494 796 4548 donari.

251 4558 278 4596 1³
332 4560 439 4637 De_
464 4540 584 4632 jure
660 4567 852 4637 regalis
896 4566 1132 4633 capillitii
1188 4566 1299 4637 agit
1361 4567 1757 4633 Ilotomanntts,
1796 4540 1843 4599 ί)

170 4644 299 4711 cap.
336 4646 369 4711 tt
401 4631 607 4711 France
624 4631 860 4711 lGatlize.
910 4631 1247 4711 l’rteclarttm'
1262 4648 1342 4711 est
1368 4656 1426 4692 ca
1456 4642 1521 4693 de
1546 4656 1603 4694 re
1626 4631 1764 4711 Ago?-

176 4700 309 4770 thiag
358 4701 587 4757 hominis
617 4706 787 4761 Grarci
841 4708 1236 4770 testimonium,
1271 4710 1407 4763 libro
1437 4726 1451 4764 ι
1482 4728 1494 4763 :
1523 4700 1765 4765 Saleiane

171 4781 250 4826 est
277 4769 603 4847 Francorum
652 4778 853 4845 regibus
898 4794 1159 4847 nunquam
1186 4781 1475 4833 tonderi...
1532 4783 1767 4835 etvsaries

173 4854 285 4917 tota
312 4846 542 4917 decenter
579 4848 652 4900 eis
677 4850 728 4902 in
773 4846 1335 4917 Itumeros’pmpemlet,
1364 4854 1589 4905 anterior
1620 4866 1764 4905 coma

171 4933 201 4968 e
226 4915 398 4981 [rente
422 4916 777 4973 discriminata
805 4915 1303 4993 in_utrttniqne_latus
1331 4922 1549 4991 deﬂexa.
1583 4922 1766 4993 Neque

172 5000 318 5047 vero,
371 4990 798 5059 quemadmodum
850 4990 1027 5044 Turcis
1066 5002 1111 5044 et
1142 4990 1405 5053 Barbat'is,
1457 4990 1765 5059 itnpt'xa'iis

172 5066 222 5131 et
271 5057 512 5122 squalida
538 5063 842 5127 sordidaque
866 5072 942 5115 est
975 5079 1148 5127 coma,
1180 5064 1255 5115 vel
1276 5057 1660 5131 complicatione
1688 5065 1769 5116 in-

173 5129 420 5201 deeenter
441 5131 647 5195 cirrata,
673 5135 760 5185 sed
787 5143 1066 5201 stnegmata
1087 5134 1231 5186 varia
1253 5135 1351 5201 ipsi
1381 5129 1475 5187 Sibi
1502 5134 1764 5199 adhibent,

174 5198 550 5275 diligenterque
578 5215 759 5257 curant
783 5243 799 5270 ,
827 5198 978 5275 idqae
1006 5203 1139 5256 velut
1162 5198 1359 5275 insigne
1379 5208 1635 5273 quoddam
1661 5206 1769 5256 axi-

174 5270 380 5344 ntiaque
419 5269 626 5344 {tortoris
666 5269 1003 5344 pt'wrogativa
1034 5276 1172 5342 regio
1199 5269 1368 5343 generi
1388 5269 1527 5344 apud
1564 5291 1649 5329 eos
1677 5277 1769 5329 tri-

175 5336 376 5413 baitar.
412 5340 620 5396 Sabditi
659 5336 790 5399 enim
824 5336 1142 5397 ericulatiin
1174 5336 1445 5398 tondentur
1469 5387 1481 5406 ,
1509 5362 1667 5413 neque
1695 5346 1767 5401 eis

178 5409 515 5486 prolixiorem
547 5431 741 5486 comam
772 5417 910 5470 alere
935 5416 1088 5486 facile
1120 5416 1447 5485 permittitur.
1492 5409 1629 5469 ldein
1656 5432 1688 5485 p
1711 5434 1768 5470 uc

179 5481 334 5533 rihus
358 5483 533 5537 laudat
553 5485 877 5541 Francorum
896 5481 1073 5542 mores
1090 5481 1137 5541 et
1160 5486 1527 5541 urbanitatem.
1560 5481 1773 5542 Parcior

180 5560 267 5601 est
294 5553 345 5605 in
378 5555 441 5607 iis
465 5554 742 5611 laudandis
776 5558 1086 5625 Procopius,
1144 5558 1285 5626 quod
1312 5559 1509 5625 saepius
1544 5558 1772 5624 impera-

182 5629 363 5698 torum
386 5625 663 5698 conatibus
685 5629 1010 5684 obstiterint.
1038 5625 1235 5683 Morem
1270 5629 1534 5681 nutriendi
1552 5630 1772 5698 capillos

180 5706 214 5769 ἓ
249 5693 580 5769 principibus
622 5699 784 5769 regiae
820 5701 1001 5769 stirpis
1032 5710 1303 5767 receptum
1355 5715 1461 5753 non
1494 5693 1665 5753 semel
1691 5699 1771 5751 in~

185 5761 359 5820 fet-ius
401 5761 581 5824 laudat
613 5761 940 5837 Grégorius,
967 5782 1021 5827 ut
1055 5761 1259 5836 libfvt,
1284 5785 1401 5838 cap.
1436 5769 1527 5837 2i,
1557 5770 1627 5825 Lb
1659 5785 1768 5833 vin,

1863 3292 1991 3331 vero
2017 3276 2331 3346 compositis
2356 3274 2687 3345 corpusculis
2713 3274 2929 3342 feretro,
2954 3290 3075 3329 cum
3100 3290 3291 3344 magno
3314 3276 3453 3344 psal-

1866 3369 2058 3435 lentio,
2097 3370 2469 3439 immensoque
2507 3368 2651 3423 luctu
2686 3382 2854 3437 usque
2892 3368 2957 3421 ad
2988 3368 3256 3422 basilicam
3286 3367 3453 3423 sancti

1864 3460 2044 3517 Petrif
2082 3471 2384 3529 prosecuta,
2425 3468 2711 3529 utrumque
2754 3459 2952 3526 pariter
2976 3459 3277 3513 tumulavit.
3309 3458 3454 3525 Quo-

1865 3569 1981 3608 rum
2013 3568 2151 3607 unus
2193 3552 2377 3606 decem
2420 3566 2678 3604 annorum
2712 3558 2848 3613 erat,
2881 3552 3017 3605 alius
3064 3565 3195 3606 vero
3242 3561 3455 3620 septen-

1865 3646 1966 3699 nis.
2004 3644 2239 3700 Tertium
2266 3659 2391 3697 vero
2415 3640 2840 3696 Cltlodoualdum
2865 3641 3324 3710 comprehendere
3348 3657 3453 3695 non

1867 3748 2175 3808 potuerunt,
2199 3738 2322 3805 quia
2363 3750 2455 3804 per
2476 3735 2733 3790 auxilium
2770 3736 3004 3789 virorum
3037 3732 3294 3789 fortium!
3323 3735 3456 3789 libe-

1866 3847 2012 3887 rans
2039 3840 2139 3884 cst.
2194 3831 2239 3884 Is
2286 3831 2587 3899 postposito
2616 3841 2783 3897 regno
2809 3838 3046 3892 terreno,
3076 3827 3140 3880 ad
3177 3828 3455 3880 Dominum

1867 3923 2096 3988 transiit,
2130 3930 2184 3976 et
2213 3920 2312 3974 sibi
2346 3935 2501 3973 manu
2547 3922 2757 3987 propria
2786 3919 3007 3985 capillos
3038 3917 3299 3981 incidens,
3333 3918 3444 3970 cle-

1868 4016 2009 4069 ricus
2032 4017 2197 4068 factus
2221 4023 2302 4067 est
2329 4030 2341 4064 :
2369 4013 2631 4081 bonisque
2659 4011 2909 4079 operibus
2934 4010 3202 4077 insistens,
3230 4010 3457 4080 presby‘

1869 4114 1948 4158 ter
1996 4103 2065 4156 ab
2114 4104 2215 4154 hoc
2246 4101 2443 4154 mundo
2492 4096 2805 4167 migravith.
2860 4099 2921 4153 lli
2976 4112 3185 4167 quoque
3232 4115 3457 4168 regnum

1869 4192 2243 4250 Chtodomeris
2275 4192 2412 4244 inter
2437 4204 2495 4244 se
2524 4205 2674 4258 inqua
2710 4190 2862 4243 lance
2888 4189 3202 4242 diviserunt.
3234 4190 3458 4245 Chrote—

1869 4286 2064 4343 childis
2108 4299 2235 4338 vt-ro
2265 4283 2449 4353 regina
2485 4282 2641 4351 talem
2671 4296 2730 4336 se
2763 4290 3066 4349 tantamque
3104 4281 3367 4353 exhibuit,
3403 4292 3459 4337 nt

1868 4439 1984 4491 cap.
2016 4422 2103 4486 t0,
2132 4432 2236 4476 etc.
2259 4420 2415 4475 -\'idc
2465 4419 2752 4491 Savaronis
2779 4428 2858 4472 et.
2891 4418 3159 4491 Sirmo_ndi
3210 4430 3363 4473 notas
3406 4419 3458 4475 in

1871 4488 2028 4564 epist.
2064 4494 2381 4559 Apollinaris
2414 4490 2650 4564 Sidonii,
2675 4490 2766 4544 lib.
2796 4506 2831 4553 t,
2860 4493 3015 4564 epist.

1947 4576 1967 4603 ε
2001 4565 2186 4628 (lorb.,
2221 4565 2541 4631 deﬁxam/me
2568 4562 2786 4614 cultrum
2813 4602 2826 4621 ,
2855 4577 2947 4628 pro
2978 4560 3243 4629 deﬁxoqae
3272 4561 3469 4617 cultro-

1870 4636 2023 4692 Coll).
2058 4648 2255 4699 autem,
2282 4649 2399 4686 cunt
2433 4633 2561 4701 Iieg.
2597 4672 2611 4696 ,
2641 4642 2693 4685 et
2718 4631 2875 4684 editis
2907 4632 3128 4701 aliquot,
3182 4632 3340 4683 habet
3369 4649 3458 4685 as-

1870 4710 2050 4761 cellam
2075 4722 2168 4773 pro
2190 4705 2426 4758 axilium.
2455 4700 2641 4772 Itcgtn.
2669 4745 2683 4768 ,
2708 4702 2797 4755 sub
2825 4702 3035 4755 ascella.
3068 4700 3198 4771 Iieg.
3221 4711 3275 4755 et
3304 4703 3465 4771 Bec.,‘

1870 4784 1921 4832 in
1949 4781 2157 4830 asrella.
2590 4776 2595 4781 ’

1940 4846 1966 4884 ί¹
2005 4849 2090 4903 Sit:
2121 4847 2308 4908 Corh.,
2339 4844 2491 4911 Bel!.,
2519 4843 2645 4897 Bec.
2679 4852 2732 4897 et
2758 4842 2908 4896 Colb.
2936 4846 2999 4895 At
3025 4844 3207 4896 eicteri
3240 4843 3460 4905 habent,

1871 4928 1922 4973 at
1955 4920 2042 4971 ille.
2069 4918 2239 4985 furore
2271 4927 2436 4968 actas.

1947 5000 1969 5026 ε
2004 4982 2093 5042 Sic
2123 4988 2280 5041 iidem
2312 5004 2440 5040 mss.
2476 5001 2594 5039 cum
2621 4982 2871 5037 Chesnio.
2904 4985 3035 5053 Reg.
3071 4984 3229 5039 habet
3257 4982 3427 5033 inscrn

1873 5072 2043 5125 lator;
2076 5058 2288 5128 Ilcgtn.,
2316 5060 2562 5111 incentor.
2596 5053 2735 5109 Editi
2768 5065 2825 5109 ut
2863 5057 3176 5125 plurimum,
3217 5052 3379 5131 incth
3403 5068 3460 5104 aa

1870 5144 1968 5184 tor.
2726 5149 2733 5161 ι
3200 5173 3204 5178 ,

1952 5200 1967 5239 ί
1998 5199 2165 5255 tlodie
2191 5209 2391 5253 sancta:
2412 5194 2721 5260 Genovefte,
2748 5205 2803 5249 ut
2824 5197 2928 5265 jam
2952 5210 3111 5263 supra
3132 5192 3463 5265 monuimus.

1874 5272 1987 5327 Iloc
2016 5272 2190 5326 scelus
2220 5269 2361 5322 circa
2395 5284 2591 5323 annum
2625 5264 2729 5321 59.6
2762 5264 3023 5334 patratum
3061 5264 3288 5325 videtur,
3320 5264 3464 5331 quod

1873 5343 2085 5406 serius,
2131 5353 2271 5393 anno
2320 5340 2526 5393 scilicet
2572 5339 2676 5393 55:!
2722 5346 2815 5390 aut
2860 5336 3121 5403 sequenti,
3167 5334 3461 5388 admissum

1877 5414 2043 5468 fuisse
2067 5410 2310 5466 Valesius
2341 5411 2636 5465 centendit.
2839 5476 2925 5481 ,η
2984 5474 2997 5481 _
3073 5474 3121 5481 __
3464 5478 3467 5481 λ

1950 5494 1974 5532 s
2011 5483 2160 5538 Viros
2199 5483 2383 5546 fortes,
2427 5496 2653 5548 quorum
2703 5490 2804 5547 ope
2831 5474 3191 5548 Chlod‘oaldus
3235 5485 3461 5548 mortem

1874 5556 2069 5622 evasit,
2103 5567 2195 5608 eos
2233 5545 2375 5622 esse,
2418 5545 2507 5618 qui
2540 5545 2913 5622 postca'vulgo
2950 5546 3165 5622 barones
3209 5545 3463 5615 appellati

1875 5636 2021 5689 sunt,
2050 5616 2235 5677 censet
2262 5616 2505 5675 Valesius
2534 5620 2625 5674 lib.
2653 5633 2724 5671 vn
2755 5618 2949 5671 Iterum
2976 5616 3167 5689 Franc.

1949 5694 1973 5732 ιι
2000 5694 2145 5765 Obiit
2181 5695 2319 5765 circa
2369 5705 2561 5765 annum
2605 5691 2738 5765 56‘)l
2763 5691 2794 5742 (Ι
2819 5706 2867 5765 e_
2956 5688 3306 5765 Septembris,
3358 5699 3464 5765 quo

1875 5767 1988 5833 ejus
2032 5763 2289 5820 festivitas
2332 5760 2654 5816 celebratur.
2701 5759 2869 5817 Condi
2896 5760 2948 5813 iit
2997 5758 3377 5812 tuozastct‘iuut
3408 5758 3464 5809 in
