4028 6342
557 321 664 377 259

1601 317 1656 372 S.
1699 312 2024 373 GREtLORII
2070 310 2371 369 l-ZI‘ISCOI‘I
2415 305 2852 367 TUIlONENSIS

3757 308 3856 364 Ξϐῖῖ

555 443 625 498 ab
666 440 914 496 omnibus
943 411 1313 496 lhoooraretur
1341 455 1355 493 :
1388 436 1601 492 assidua
1651 437 1703 490 in
1743 432 2134 503 eleemesynis,
2169 432 2218 491 Α
2241 429 2465 483 circuitu
2496 427 2759 497 pretiosos
2785 427 2961 481 fontes
2995 443 3008 478 :
3053 439 3082 479 a
3114 431 3264 493 parte
3300 432 3481 479 autem
3513 421 3855 492 Occidentis,

555 551 758 607 pernox
791 536 843 588 in
871 534 1092 604 vigiliis;
1126 534 1180 587 in
1212 531 1460 586 castitate
1502 537 1662 598 atque
1691 527 1838 581 omni
1871 527 2152 579 honestate

557 642 747 696 puram
775 641 836 682 se
871 639 1084 695 semper
1117 624 1392 688 exhibuit;
1427 621 1624 692 praedia
1665 619 1932 685 ecclesiis,
1963 631 2150 671 mona-

557 721 760 784 steriis,
814 719 896 773 vel
946 717 1352 787 quibuscunque
1408 711 1538 769 locis
1591 710 1794 766 sanctis
1850 708 2152 764 necessaria

559 811 811 881 providit,
846 811 986 880 larga
1015 825 1077 864 ac
1105 823 1272 878 prona
1294 807 1574 861 voluntate
1597 802 1890 864 distribuit,
1916 813 1974 855 ut
1997 811 2151 870 puta-

558 917 706 958 re‘ur
726 918 790 956 eo
815 912 1052 970 tempore
1072 895 1176 955 nen
1207 899 1410 967 regina,
1439 897 1532 953 sed
1559 895 1770 967 propria
1800 894 1891 950 Dei
1915 894 2105 948 ancilla
2125 901 2152 931 ι

559 996 661 1064 ipsi
692 995 880 1050 sedulo
909 993 1204 1048 deservire.
1246 993 1404 1062 126
1432 991 1600 1058 Quam
1631 1005 1734 1043 non
1766 1003 1986 1059 regnum
2018 987 2155 1042 lilio-

560 1102 703 1152 rum,
737 1102 840 1138 non
870 1085 1091 1139 ambitio
1119 1086 1326 1146 saeculi,
1360 1098 1458 1137 nec
1489 1083 1708 1136 facultas
1735 1080 1930 1136 extulit
1957 1080 2022 1134 ad
2045 1080 2154 1134 rui-

560 1192 704 1241 nam,
737 1177 830 1230 sed
865 1174 1138 1228 humilitas
1167 1173 1345 1228 evexit
1373 1173 1438 1226 ad
1471 1173 1720 1242 gratiam.

628 1267 770 1321 XIX.
817 1267 942 1321 Erat
990 1268 1132 1321 enim
1179 1277 1303 1320 tunc
1352 1276 1405 1321 et
1447 1267 1632 1319 leatus
1681 1262 1970 1332 Gregorius
2013 1261 2153 1329 apud

557 1360 744 1412 urbem
775 1359 1157 1428 Lingenicam,
1191 1373 1412 1427 magnus
1444 1357 1536 1412 Dei
1578 1355 1855 1419 sacerdos,
1897 1354 2066 1426 signis
2097 1362 2153 1410 et

557 1453 843 1508 virtutibus
868 1452 1043 1506 clarus
1076 1452 1126 1506 δ.
1175 1451 1279 1507 Sed
1320 1452 1439 1521 quia
1473 1451 1631 1521 hujus
1661 1450 1929 1520 pontificis
1968 1449 2155 1503 memi-

557 1547 758 1611 nimus,
790 1555 997 1616 gratum
1029 1545 1316 1600 arbitratus
1346 1559 1484 1612 sum,
1515 1555 1572 1598 ut
1603 1546 1760 1599 situm
1809 1543 1910 1597 loci
1975 1542 2153 1596 Divin-

557 1640 769 1703 nensis,
805 1639 855 1691 in
890 1654 993 1706 quo
1040 1637 1275 1691 maxime
1314 1648 1428 1692 erat
1468 1637 1734 1700 assiduus,
1768 1637 1890 1690 huic
1920 1636 2151 1690 inseram

557 1728 799 1783 lectioni.
851 1729 944 1782 Est
987 1737 1162 1784 autem
1214 1737 1447 1783 castrum
1501 1729 1822 1781 litmissintis
1859 1729 2048 1790 muris,
2101 1725 2151 1778 in

2254 531 2465 574 montes
2503 529 2628 574 sunt
2669 517 2955 580 uberrimi,
2997 517 3276 591 vineisque
3322 517 3531 582 repleti,
3576 519 3704 587 quia
3755 529 3858 574 tam

2253 613 2432 667 nobile
2473 612 2660 667 incolis
2696 611 2978 666 Falernum
3023 611 3330 680 porrigunt,
3365 621 3420 665 ut
3470 624 3736 680 respuant
3761 614 3864 668 Ca-

2253 704 2514 758 billonum
2551 702 2570 741 (
2607 720 2621 758 :
2655 719 2778 758 nam
2819 715 3031 758 veteres
3073 700 3253 758 ferunt
3299 703 3368 759 ab
3411 703 3710 760 Aureliano
3760 705 3862 761 hoc

2253 798 2579 866 imperatore
2600 793 2766 850 fuisse
2795 794 3138 850 aediﬁcatum.

2325 891 2449 947 XX.
2489 890 2858 946 Theodericus
2903 899 3083 944 autem
3121 887 3232 944 lilio
3266 890 3419 960 127
3466 903 3565 943 suo
3605 888 3863 943 Theode-

2255 984 2408 1039 berto
2435 981 2806 1054 Uvisigardem
2855 981 3136 1051 cujusdam
3164 984 3312 1052 regis
3358 992 3382 1029 ε
3426 983 3590 1036 ﬁliam
3622 981 3863 1052 despexi-

2253 1086 2489 1132 saverat.

2329 1166 2467 1222 XXI.
2522 1166 2704 1222 Gotthi
2737 1180 2867 1222 vero
2906 1180 3026 1221 cum
3067 1175 3189 1236 post
3213 1163 3581 1222 Chlodovcchi
3628 1177 3860 1223 mortem

2256 1259 2420 1313 multa
2469 1260 2536 1314 de
2582 1259 2664 1314 his
2711 1275 2830 1329 qua:
2878 1259 2970 1314 ille
3011 1260 3335 1330 acquisierat
3364 1257 3414 1326 δ,
3464 1263 3858 1330 pervasissent,

2255 1350 2627 1406 Theodericus
2665 1350 3102 1404 Theudebertem
3130 1391 3146 1416 ,
3196 1351 3656 1407 Chlmhacharius
3733 1370 3862 1407 vero

2255 1443 2610 1514 Guntha‘riutn
2657 1445 2926 1499 seniorem
2974 1443 3143 1498 ﬁlium
3187 1459 3344 1500 suum
3390 1445 3456 1499 ad
3507 1445 3628 1499 haec
3678 1449 3858 1513 requ-

2255 1536 2420 1592 rcnda
2447 1537 2833 1592 transmittunt.
2881 1536 2987 1592 Sed
3013 1535 3343 1592 Guntharius
3373 1553 3544 1606 usque
3574 1536 3860 1593 Ruthenns

2255 1633 2548 1697 accedens,
2583 1635 2766 1688 nescio
2794 1648 2898 1703 qua
2937 1634 3169 1689 faciente
3197 1649 3380 1699 causa,
3421 1648 3709 1704 regressus
3742 1645 3854 1690 est:

2256 1724 2665 1780 Theudebertus
2698 1740 2826 1780 vero
2858 1741 3024 1795 usque
3067 1726 3132 1778 ad
3174 1725 3530 1780 Biterrensem
3576 1727 3855 1780 civium-ut

559 1819 732 1872 media
775 1818 993 1887 planitie
1029 1827 1083 1874 et
1123 1819 1255 1872 satis
1292 1818 1522 1887 jocuuda
1569 1818 1951 1886 compesitum,
1982 1824 2154 1870 terras
2188 1818 2231 1880 Β
2261 1817 2480 1883 abiens,
2515 1815 2651 1870 Deas
2680 1815 2692 1853 ί
2721 1825 2956 1870 castrum
2987 1816 3238 1881 obtinuit,
3270 1826 3430 1885 atque
3460 1817 3583 1872 hinc
3617 1820 3857 1886 pnedam

557 1913 710 1967 valde
742 1912 942 1966 fertiles
985 1911 1187 1966 habens
1229 1923 1388 1981 atque
1437 1909 1692 1965 fecundas
1729 1920 1773 1974 ε,
1819 1909 1889 1962 ita
1923 1916 1979 1960 ttt
2008 1907 2153 1961 arvis

556 2005 723 2058 semel
772 2003 955 2058 scissis
1005 2017 1255 2068 vomere,
1299 2003 1503 2057 semina
1545 2001 1829 2070 jaciantur,
1870 2011 1924 2056 et
1961 2013 2151 2067 magna

558 2096 823 2150 fructuum
872 2095 1143 2165 opulentia
1193 2093 1567 2162 subsequatur.
1628 2097 1668 2147 Α
1719 2094 1938 2150 Meridie
1991 2095 2156 2152 habet

557 2188 809 2241 Osearam
863 2185 1119 2253 ﬂuvium,
1172 2184 1406 2253 piscibus
1458 2185 1610 2239 valde
1662 2186 2031 2254 przcdivitem;
2085 2191 2154 2245 ab

557 2279 822 2349 Aquilone
852 2291 978 2332 vero
1009 2278 1142 2331 alius
1171 2275 1414 2330 lluviolus
1445 2272 1472 2313 ά
1507 2276 1667 2343 venit,
1703 2278 1790 2347 qui
1825 2294 1918 2348 per
1945 2291 2152 2348 portam

558 2371 867 2441 ingrediens
900 2385 962 2426 ac
993 2370 1092 2424 sub
1130 2380 1346 2439 pontem
1379 2367 1692 2434 decurrens,
1728 2384 1821 2439 per
1850 2371 2008 2426 aliam
2039 2388 2157 2426 rur-

556 2479 650 2518 sus
682 2473 890 2530 portam
923 2460 1214 2529 egreditur,
1251 2471 1418 2514 totum
1453 2461 1762 2514 munitionis
1788 2461 1961 2516 locum
1987 2464 2156 2533 placi-

557 2555 626 2609 da
656 2555 796 2610 umla
825 2553 1202 2608 circumﬂuens
1234 2569 1248 2606 :
1295 2565 1418 2608 ante
1449 2563 1654 2624 portam
1688 2567 1866 2609 autem
1896 2557 2156 2611 molendi-

559 2664 659 2702 nas
682 2649 816 2703 mira
843 2647 1136 2702 velocitate
1156 2645 1393 2700 divertit.
1419 2647 1656 2713 Quatuor
1681 2657 1846 2717 pottat
1874 2664 1900 2702 a
1930 2658 2159 2719 quatuor

559 2743 731 2813 plagis
764 2741 946 2796 mundi
977 2749 1104 2795 sunt
1136 2741 1320 2811 posita:
1360 2759 1371 2794 :
1407 2749 1684 2810 totumque
1724 2743 2010 2799 aedilicium
2062 2745 2156 2799 tri-

559 2836 703 2906 ginta
751 2843 862 2889 tres
908 2844 1080 2888 turres
1126 2840 1391 2888 exornant
1436 2850 1451 2888 :
1500 2847 1683 2888 murus
1729 2849 1858 2889 vero
1899 2835 2042 2890 illius
2090 2835 2158 2891 de

561 2928 783 2998 quadris
826 2927 1087 2997 lapidibus
1118 2941 1285 2997 usque
1330 2927 1383 2980 in
1423 2925 1610 2996 viginti
1645 2928 1828 2997 pedes,
1863 2927 2099 2997 desuper
2127 2943 2155 2982 a

559 3021 764 3076 minuto
803 3019 978 3090 lapide
1019 3018 1318 3074 :edilicatus
1364 3017 1610 3084 habetur,
1653 3019 1857 3074 habens
1901 3021 1952 3074 in
1991 3019 2155 3073 altum

557 3113 724 3184 pedes
779 3113 1028 3182 triginta,
1075 3113 1126 3166 in
1193 3111 1357 3166 latum
1415 3112 1579 3181 pedes
1634 3113 1988 3184 quindecim:
2035 3129 2156 3183 qua:

2255 1909 2498 1978 diripuit.
2539 1909 2740 1964 Deinde
2781 1909 2846 1963 ad
2891 1908 3036 1963 aliud
3082 1918 3340 1977 castrum,
3392 1910 3606 1963 nomine
3649 1907 3859 1978 Capra-

2256 1999 2389 2053 riam
2424 2000 2473 2065 t',
2521 1999 2726 2069 legatos
2767 1999 2950 2063 mittit,
2993 1999 3199 2064 dicens,
3247 2001 3346 2054 nisi
3391 2015 3449 2056 se
3493 2001 3568 2054 illi
3601 2002 3858 2060 subdant,

2255 2103 2469 2144 omnem
2498 2091 2670 2146 locum
2695 2091 2843 2144 illum
2869 2091 3118 2146 incendio
3143 2092 3624 2158 concremandum,
3651 2107 3859 2162 eosque

2256 2183 2344 2254 qui
2377 2183 2572 2238 ibidem
2600 2184 2836 2240 resident
2865 2185 3240 2252 captivandns.

2328 2275 2494 2330 XXII.
2541 2276 2668 2330 Erat
2699 2286 2876 2332 autem
2915 2277 3115 2332 ibidem
3146 2284 3272 2331 tunc
3301 2285 3566 2340 matrona,
3603 2275 3859 2331 Deutcria

2257 2365 2281 2403 ιι
2311 2367 2548 2429 nomine,
2582 2367 2726 2420 utilis
2751 2367 2906 2422 valde
2931 2377 3092 2436 atque
3125 2366 3342 2434 sapiens
3366 2410 3380 2434 ,
3419 2368 3571 2436 cujus
3605 2369 3689 2421 vir
3719 2372 3859 2436 apud

2260 2460 2482 2514 Dilerris
2517 2455 2535 2498 ι
2573 2459 2760 2514 urbem
2792 2469 3154 2514 concesserat.
3185 2460 3314 2525 Qua:
3345 2459 3489 2512 misit
3527 2460 3754 2514 nuntios
3797 2463 3858 2512 ad

2259 2569 2466 2621 regem,
2497 2552 2678 2608 dicens
2709 2569 2725 2606 :
2758 2551 2945 2607 Nullus
2982 2553 3098 2611 tibi.
3128 2551 3348 2608 domine
3405 2552 3669 2617 piissime,
3729 2554 3861 2607 resi-

2257 2653 2401 2698 stere
2432 2654 2632 2714 potest.
2664 2644 3053 2714 Cognosrimtts
3079 2645 3354 2700 dominum
3388 2654 3632 2699 nostrum
3664 2661 3678 2698 :
3713 2651 3860 2708 veni,

2257 2747 2306 2791 et
2359 2737 2498 2807 quod
2544 2737 2700 2791 fuerit
2742 2737 3131 2806 beneplacitttm
3187 2738 3239 2790 in
3286 2737 3458 2792 oculis
3515 2737 3620 2791 tuis
3668 2737 3861 2791 facito.

2259 2834 2673 2889 Theudebertus
2716 2842 2892 2887 autem
2939 2833 3005 2886 ad
3037 2842 3268 2886 castrum
3299 2832 3540 2898 veniens,
3569 2847 3694 2886 eum
3733 2848 3863 2901 pace

2261 2925 2532 2993 ingressus
2571 2935 2684 2990 est;
2733 2924 3112 2992 subditumqnc
3159 2925 3257 2978 sibi
3303 2939 3530 2978 cernens
3575 2928 3861 2994 populum.

2261 3018 2389 3070 nihil
2435 3018 2561 3072 inibi
2604 3017 2744 3071 male
2776 3018 2965 3086 gessit.
3019 3017 3266 3071 Deuteria
3308 3033 3436 3071 vero
3473 3017 3535 3071 ad
3570 3032 3861 3072 occursum

2258 3108 2376 3178 ejus
2416 3109 2586 3173 venit;
2628 3119 2682 3162 at
2723 3109 2835 3174 il’e,
2876 3109 3173 3175 sjeciOsam
3213 3123 3332 3162 eam
3376 3123 3624 3175 cernens,
3669 3126 3863 3166 amota

558 3222 657 3262 cur
703 3206 894 3262 civitas
936 3205 1076 3261 dicta
1125 3221 1229 3260 non
1274 3207 1365 3270 sit,
1398 3207 1586 3276 ignoro
1613 3215 1660 3260 θ.
1707 3207 1878 3262 liabet
1915 3208 2056 3261 i-uim
2101 3206 2154 3262 in
2185 3201 2230 3264 C
2263 3203 2381 3270 eius
2411 3203 2644 3270 capitur,
2676 3217 2881 3272 suoque
2916 3216 3032 3256 eam
3064 3201 3332 3271 copulavit
3355 3204 3560 3257 stratui.

557 3323 678 3376 vico
697 3321 1008 3376 Nevienlum
1031 3321 1194 3383 dicto,
1220 3319 1390 3374 tribus
1412 3319 1730 3373 milliarihus
1761 3320 1893 3372 infra
1922 3319 2154 3374 Parisios

557 3392 626 3445 ad
664 3392 985 3460 Sequanam,
1038 3393 1126 3459 qui
1157 3391 1316 3459 vulgo
1358 3391 1515 3443 hodie
1556 3390 1750 3444 dicitur
1782 3391 2150 3456 SeiuLCleud,

562 3461 655 3516 ubi
685 3461 913 3516 ecclesia
943 3462 1217 3528 collegiate
1237 3499 1253 3522 ,
1286 3461 1560 3515 destructo
1587 3462 1696 3524 jam
1729 3462 1933 3528 pridem
1965 3477 2156 3515 mena-

559 3533 751 3597 sterio,
774 3546 917 3585 nunc
942 3531 1148 3594 visitur,
1176 3533 1227 3584 in
1252 3545 1353 3600 qua
1375 3529 1493 3597 ejus
1515 3545 1727 3584 sacrum
1751 3546 1945 3599 corpus
1970 3546 2153 3586 assero

560 3612 738 3656 vatur.
787 3602 960 3656 Vitam
1007 3601 1122 3668 ejus
1152 3616 1214 3656 ex
1250 3615 1348 3654 ms.
1374 3600 1495 3654 cod.
1530 3600 1588 3655 S.
1617 3600 1867 3656 Germani
1919 3617 1947 3654 a
1983 3602 2153 3658 Pralis

562 3673 729 3727 habes
777 3672 831 3726 in
878 3672 1023 3724 Actis
1053 3671 1152 3726 SS.
1185 3671 1314 3726 0rd.
1348 3671 1676 3724 Benedictiui
1731 3672 1927 3725 szeculn
1971 3689 2012 3739 ι,
2064 3675 2153 3727 ubi

562 3745 791 3796 habitum
809 3757 968 3796 sacra:
989 3743 1249 3813 religionis
1270 3743 1570 3808 sttscepis~e
1598 3757 1627 3794 a
1660 3751 1844 3795 sancte
1867 3743 2151 3806 Severino,

561 3816 650 3880 qui
682 3815 818 3868 alius
849 3823 932 3868 est
955 3814 1023 3866 ab
1044 3813 1348 3883 Agaunensi
1379 3814 1513 3865 abba
1541 3827 1594 3876 e,
1620 3824 1969 3876 memoratur,
1998 3830 2146 3868 num.

561 3884 617 3938 8.
666 3885 901 3940 Joannes
951 3883 1116 3938 abbas
1163 3883 1230 3937 de
1259 3893 1444 3937 sancto
1495 3883 1787 3936 Flodoalilo
1835 3885 2156 3951 subscripsit

561 3956 846 4010 eonventui
876 3953 1225 4010 Attiniaeensi
1274 3954 1374 4007 sub
1406 3953 1626 4022 Pippine
1673 3967 1799 4022 rege
1845 3970 1986 4008 anno
2014 3954 2151 4021 765;

561 4042 720 4092 quem
749 4027 870 4080 huic
898 4028 1224 4080 monasterio
1251 4025 1528 4094 praefuisse
1559 4040 1662 4078 non
1695 4025 2021 4079 dubitamus.
2056 4027 2156 4080 Ve-

566 4106 709 4152 teres
735 4099 877 4151 enim
903 4099 963 4150 ch
995 4098 1046 4150 in
1080 4099 1306 4150 litteram
1340 4098 1761 4164 [nonnunquam
1791 4106 2152 4151 mutaverunt.

635 4176 662 4236 fl
707 4168 760 4220 Id
787 4177 869 4222 est
899 4165 1340 4220 sanctimmtialis.
1379 4167 1507 4221 Vide
1549 4167 1682 4218 infra
1720 4167 1810 4220 lib.
1847 4183 1917 4229 tv,
1950 4184 2067 4236 cap.
2105 4171 2150 4221 l.

632 4235 662 4275 ι)
704 4237 833 4305 Ejus
849 4237 1008 4289 vitam
1031 4238 1244 4304 scripsit
1269 4247 1450 4290 noster
1472 4237 1780 4306 Gregorius,
1805 4253 1961 4306 quam
1989 4235 2154 4294 habes

565 4306 702 4360 infra
739 4308 878 4360 inter
898 4306 1046 4360 Vitas
1069 4306 1308 4370 Patrum,
1343 4322 1462 4373 cap.
1493 4309 1546 4362 7.

639 4376 779 4447 cSic
802 4377 912 4429 Del.
942 4385 997 4430 et
1029 4376 1238 4443 Regio;
1279 4386 1332 4430 at
1360 4379 1540 4432 cazteri
1580 4391 1712 4431 mss.
1747 4385 1802 4432 et
1828 4377 1977 4447 editi,
2019 4390 2155 4434 terra

565 4446 711 4499 valde
735 4447 886 4509 fertili
921 4458 1066 4514 atque
1096 4447 1334 4515 feCtutdtt.

638 4515 665 4553 ἀ
698 4518 792 4570 llic
818 4516 972 4570 Susie
1003 4526 1242 4581 vocatur,
1273 4517 1360 4585 qui
1390 4532 1452 4572 ex
1478 4517 1614 4571 valle
1644 4519 1960 4588 cognomine
1985 4521 2154 4577 tribus

565 4587 883 4659 milliarihus
925 4603 1088 4656 supra
1109 4588 1389 4659 Ditionem
1429 4589 1685 4644 exoritur.
1722 4587 1804 4645 De
1833 4591 2031 4646 Oscara
2062 4609 2154 4647 su-
2185 4598 2239 4659 D

568 4674 662 4727 pra
695 4658 786 4711 lib.
822 4672 878 4722 ll,
911 4673 1032 4720 cap.
1064 4658 1152 4711 3.2.

643 4739 664 4765 ε
696 4728 802 4803 Nec
832 4729 988 4803 hodie
1018 4730 1245 4783 civitatis
1270 4729 1390 4796 jure
1426 4729 1621 4798 gaudet
1647 4732 1817 4795 Divio,
1853 4733 1901 4786 id
1936 4742 2018 4787 est
2043 4733 2156 4803 epi-

566 4797 770 4874 scopali
793 4799 1046 4874 cathedra
1078 4816 1180 4874 non
1211 4797 1544 4865 nobilitatur;
1582 4805 1704 4857 licet
1733 4806 1892 4858 fuerit
1918 4797 2154 4874 Burgun-

567 4868 788 4944 dionutn
821 4869 1014 4922 ducum
1044 4869 1216 4929 sedes.
1253 4878 1329 4923 tot
1352 4887 1516 4940 usque
1549 4875 1835 4941 provincia:
1862 4868 2048 4944 caput,
2070 4891 2158 4930 su-

567 4942 845 5009 premique
871 4953 1086 4993 senatus
1115 4944 1270 4995 scdes
1299 4945 1457 4995 etiam
1490 4959 1629 4997 nunc
1657 4946 1870 4999 existat.

647 5010 663 5048 ί
712 5011 799 5064 Sic
834 5011 993 5064 habet
1024 5011 1180 5083 Curh.
1221 5013 1272 5065 In
1309 5013 1507 5065 liellov.
1540 5024 1593 5068 et
1621 5016 1772 5070 Colb.
1806 5017 2000 5083 legitur
2025 5016 2160 5070 Sca-

567 5081 845 5156 lenonum;
878 5084 1058 5156 Itegtn.
1078 5082 1365 5156 Calenum;
1397 5085 1515 5139 Dee.
1542 5097 1594 5140 et
1623 5089 1803 5141 ewteri
1829 5081 1949 5141 cum
1974 5089 2150 5156 editis,

568 5151 869 5206 Scalumtm.
900 5153 1240 5225 tiorbeieusis
1287 5154 1569 5210 lectionem
1599 5159 1928 5225 praetulimus
1971 5175 1985 5212 :
2030 5151 2150 5211 naui

566 5237 754 5294 sensus
784 5234 862 5278 est
894 5223 1012 5276 vina
1046 5224 1114 5276 ita
1147 5238 1406 5291 generosa
1440 5229 1582 5280 nasci
1603 5223 1859 5294 ‘Divione,
1891 5237 1948 5280 ttt
1977 5228 2155 5282 Cabil-

569 5290 876 5348 lenensibus
894 5294 1028 5347 vinis
1045 5310 1148 5349 non
1170 5295 1443 5363 indigeant
1467 5298 1630 5363 ipsius
1660 5301 1824 5353 cives.
1849 5290 2150 5352 'Scalenum

567 5371 740 5415 tamen
762 5365 1205 5437 propAsﬁcalonum
1231 5366 1609 5434 interpretatur
1632 5369 1854 5437 Savaro,
1887 5371 1936 5422 id
1970 5381 2050 5422 est
2077 5371 2153 5423 vi-

567 5445 692 5484 num
722 5449 784 5485 ex
804 5436 930 5486 urbe
951 5436 1248 5490 Palaestina:
1276 5440 1534 5492 Ascalona
1556 5436 1871 5493 adt-cetum:
1895 5439 2151 5493 Ascalona

491 5555 500 5561 _
565 5502 761 5574 quippe
792 5504 978 5574 vicina
1029 5517 1141 5559 erat
1188 5507 1361 5574 (iam,
1411 5513 1552 5561 unde
1600 5511 1719 5561 vina
1773 5510 2036 5573 Gazitina,
2088 5515 2154 5564 de

565 5572 760 5644 quibus
788 5571 924 5644 infra
977 5576 1068 5626 lib.
1103 5593 1196 5638 vn,
1235 5571 1468 5644 cap."29.
1521 5579 1772 5632 Claudius
1800 5571 2059 5632 llobertus
2088 5582 2152 5634 ad

565 5642 775 5716 ealc_e_m_
813 5643 996 5716 Gallia;
1040 5642 1377 5712 Christiana},
1429 5665 1571 5701 anno
1604 5649 1738 5702 llitlli
1787 5650 1964 5708 editre.
2001 5651 2151 5716 plura

565 5711 634 5764 tle
665 5712 885 5789 Divj0ttc
913 5715 1098 5789 habet,
1123 5717 1297 5789 ibique
1321 5711 1423 5772 col.
1462 5721 1528 5774 539
1574 5721 1852 5787 legendum
1888 5711 2037 5789 putat
2069 5722 2152 5774 hie

566 5785 706 5839 aoud
735 5783 1044 5852 Gregorium
1075 5783 1462 5853 C/mlgbonium.
1497 5783 2031 5857 Natn'Chuliberiium,
2075 5794 2148 5845 uti

2256 3318 2440 3384 refert,
2468 3320 2876 3400 vinum,_ul‘quo
2918 3318 3027 3400 sele
3067 3317 3340 3371 Persarum
3381 3328 3864 3400 renuntiarentur,

2256 3392 2384 3442 sicut
2416 3407 2551 3459 aqua
2579 3391 2736 3443 sedas
2763 3389 2996 3458 Ceaspis,
3030 3392 3419 3443 commendatur
3457 3407 3488 3441 a
3523 3389 3699 3458 Syriis
3737 3397 3863 3443 urbe

2257 3459 2554 3514 C/tuliltone.

2331 3541 2354 3577 Β
2393 3532 2612 3586 Scilicet
2636 3531 2920 3588 Wacconis
2954 3529 3426 3601 Langobardorum
3479 3530 3642 3599 regis,
3676 3542 3741 3585 ut
3778 3549 3866 3584 re-

2257 3601 2362 3656 fert
2392 3602 2591 3657 Paulus
2622 3603 2765 3658 Diae.
2804 3603 2898 3656 lib.
2947 3617 2962 3654 ι
3006 3599 3275 3655 αρ’(ἰθδιὶε
3321 3603 3579 3670 Langob.,
3613 3617 3741 3670 cap.
3773 3604 3864 3655 2|.

2328 3671 2354 3709 ιι
2383 3673 2750 3727 Theodericus
2782 3673 2942 3726 Italia:
2969 3687 3059 3726 rex
3089 3672 3267 3724 audita
3291 3673 3580 3725 (Ihlodevei
3634 3676 3863 3727 vietoria

2255 3745 2396 3811 apud
2419 3745 2710 3813 Vogladutn
2737 3754 3026 3810 reportata,
3054 3743 3229 3795 Ibbatn
3253 3759 3347 3813 seu
3369 3744 3637 3796 hbbanem
3660 3744 3865 3799 ducent

2257 3830 2378 3868 cum
2409 3812 2578 3882 copiis
2621 3818 2670 3868 iit
2703 3815 2903 3869 Gallias
2935 3816 3098 3876 misit,
3129 3829 3218 3881 qui
3255 3812 3476 3868 Francis
3508 3813 3866 3883 Wisigottho-

2259 3900 2374 3940 rum
2427 3902 2645 3953 regnum
2701 3887 3074 3937 invadenttbus
3121 3887 3448 3940 re~islerent.
3517 3887 3648 3952 Quae
3692 3901 3862 3940 causa

2259 3955 2388 4020 fuit,
2441 3968 2496 4009 ut
2527 3957 2720 4010 Franci
2768 3959 2936 4028 so'uta
2985 3956 3288 4028 Arelatensi
3338 3955 3618 4028 obsidione
3658 3956 3863 4028 lugat',

2258 4028 2389 4081 nilnl
2440 4039 2636 4094 prazter
2685 4027 3021 4095 Aquitaniam
3070 4025 3436 4093 acquisierint.
3487 4025 3865 4082 Theodericus

2259 4113 2406 4162 vero,
2435 4100 2652 4152 dimissa
2681 4098 3020 4166 Wis‘tgotthis
3051 4099 3196 4163 regni
3223 4107 3399 4163 parte,
3441 4113 3688 4166 regiones
3719 4101 3861 4151 ultra

2261 4169 2581 4222 lthodanmn
2617 4172 2768 4231 sitas,
2810 4184 2942 4237 quas
2970 4167 3214 4222 Odoacer
3247 4168 3444 4220 Eurico
3477 4167 3674 4221 Alatici
3724 4174 3864 4237 patri

2257 4239 2557 4307 dimiserat,
2583 4247 2886 4308 occupavit.
2942 4238 3142 4292 Bellum
3173 4239 3366 4293 exinde
3394 4239 3504 4293 fere
3531 4252 3858 4292 conttnuutn

2260 4311 2358 4363 Init
2409 4312 2545 4364 inter
2590 4309 2951 4364 Chlodoveunt
3013 4317 3067 4362 et
3113 4309 3501 4362 Theodericum
3553 4322 3618 4361 ac
3666 4324 3860 4364 eorum

2258 4394 2622 4434 successores.
2673 4383 2784 4448 Qua
2837 4380 3049 4434 tandem
3103 4381 3386 4433 OClaSiOIIC
3428 4395 3489 4432 ea
3517 4379 3709 4433 Gallia:
3746 4397 3866 4448 pars

2262 4451 2436 4574 F‘li'illtc
2461 4467 2590 4578 manli:
2627 4451 2852 4521 imperio
2890 4452 3131 4520 subjecta
3170 4451 3363 4518 fuerit,
3393 4449 3604 4504 dicetur
3634 4452 3687 4505 in
3722 4457 3866 4505 noti;

2265 4539 2290 4573 a
2359 4538 2477 4578 can.
2577 4560 2589 4573 .

2265 4523 2329 4574 ad
2359 4523 2589 4588 cap.'5l.

2342 4592 2354 4629 ί
2395 4593 2547 4647 Ilunc
2575 4593 2750 4646 loctnn
2775 4593 3082 4647 Blondellus
3106 4603 3156 4646 et
3187 4592 3274 4646 alii
3305 4599 3490 4660 putant
3517 4604 3637 4645 esse
3658 4591 3862 4645 Meum-

2264 4661 2366 4717 die’.
2402 4665 2596 4718 Mavult
2631 4665 2874 4719 Valesius
2906 4667 3003 4718 hac
3033 4680 3162 4719 voic
3185 4665 3453 4731 designari
3487 4661 3646 4728 Dieu,
3681 4667 3740 4716 in

2263 4737 2543 4806 ptintania.

2335 4807 2350 4856 i
2419 4805 2668 4873 Capraria
2720 4807 2886 4861 etiam
2938 4820 3075 4861 nunc
3098 4803 3358 4869 subsistit,
3411 4803 3564 4872 vulgo
3596 4803 3861 4870 Cabrierc,

2263 4878 2452 4945 :equali
2497 4877 2608 4932 fere
2655 4879 2934 4931 intervilln
2977 4894 3003 4930 a
3039 4877 3290 4938 Leuleva,
3321 4879 3523 4943 Agatba
3556 4886 3605 4928 et
3639 4876 3861 4929 Ititerm

2264 4951 2490 5008 distans.
2539 4949 2632 5001 sed
2676 4951 2740 5002 ad
2781 4951 3139 5004 Biterreusem
3177 4948 3456 5002 dimcesint
3503 4949 3776 5012 attinens,
3813 4961 3860 4999 ut

2263 5021 2515 5073 observat
2553 5019 2809 5074 Valesius.

2338 5089 2363 5126 ¹ι
2405 5090 2533 5144 Mss.
2567 5091 2826 5154 nennulli,
2873 5101 2926 5145 et
2957 5090 3169 5158 quidem
3205 5088 3544 5158 vetustiores,
3579 5088 3861 5154 Deeteria;

2263 5160 2506 5215 Valesius
2548 5172 2722 5215 tamen
2773 5157 3051 5230 legendum
3091 5170 3276 5232 cenet
3305 5157 3583 5232 Denteriu;
3621 5163 3863 5232 indeque

2262 5233 2480 5301 conjicit
2508 5232 2645 5285 hanc
2678 5234 2954 5286 mulierem
2989 5246 3184 5300 genere
3221 5230 3424 5301 Gallatn
3447 5271 3462 5294 ,
3493 5248 3607 5298 seu,
3629 5230 3701 5284 ἰιι
3736 5245 3860 5286 tum:

2263 5299 2637 5372 loquebantm,
2671 5303 2960 5356 lietnanatn
2996 5299 3179 5356 luisse.
3239 5299 3465 5372 Inscitiae
3499 5317 3624 5356 vero
3658 5304 3862 5357 Frede-

2263 5389 2466 5440 gariutn
2499 5376 2690 5440 arguit,
2724 5377 2863 5442 quod
2911 5377 3186 5442 scripsem
3232 5371 3543 5436 Deeleriom,
3596 5391 3691 5427 seu
3727 5374 3860 5427 Teo-

2263 5446 2464 5496 leriam.
2505 5444 2609 5497 Sed
2649 5455 2774 5497 tunc
2806 5450 3097 5514 scr'ptotes
3149 5445 3215 5495 ita
3248 5444 3550 5509 promiscue
3586 5446 3798 5497 litteras
3830 5463 3859 5497 rt

2265 5525 2317 5566 et
2362 5532 2413 5579 ο,
2461 5515 2599 5568 sicut
2642 5527 2694 5569 et
2730 5517 2762 5567 tl
2805 5528 2856 5569 et
2893 5531 2930 5580 ι,
2969 5517 3314 5573 adhibebant,
3361 5522 3417 5563 ut
3450 5514 3532 5565 vix
3561 5517 3858 5582 quidquam

2262 5588 2392 5639 certi
2421 5602 2482 5637 ex
2512 5589 2696 5640 harum
2729 5587 3027 5640 litterarum
3062 5585 3443 5639 mutationibus
3469 5587 3628 5638 statui
3666 5588 3857 5652 pinsit.

2340 5654 2351 5690 ¹
2400 5658 2488 5710 Sic
2521 5673 2648 5712 mss.
2691 5674 2880 5714 omnes
2924 5675 3044 5712 cum
3075 5658 3301 5718 Chi-sn.;
3336 5653 3575 5725 plerique
3621 5659 3739 5725 ed.,
3777 5659 3857 5709 ηι-

2262 5734 2368 5779 lt‘l‘ll
2406 5745 2447 5780 ε.
