4028 6342
193 325 292 382 ΞΜ
1169 325 1484 380 HISTORIA
1530 318 1982 378 FRANCOlll'IM.
2024 322 2218 378 LIBER
2262 325 2559 379 TIllTlUS
3355 323 3464 376 9.62

262 438 451 494 XXIII.
478 437 533 492 In
571 437 673 492 illis
700 438 890 494 diebus
919 438 1280 493 Thcudericus
1309 451 1581 509 parentem
1613 454 1766 491 suum
1802 438 1846 494 Α
1879 439 2064 492 multis
2104 440 2358 494 benefit-ia
2392 440 2476 508 pia
2511 454 2571 492 ac
2594 438 2896 491 dulcissima
2925 439 3331 494 accommodans
3357 455 3456 494 vu-

189 529 521 600 Sigivaldum
552 529 750 582 occidit
786 530 986 600 gladio,
1019 531 1236 584 mittens
1265 530 1472 583 occulte
1499 530 1563 582 ad
1595 529 1769 582 Thcu-
1875 530 2104 585 lnntate.
2147 531 2316 585 Omne
2357 532 2632 599 tributum,
2668 531 2806 599 quod
2839 530 2967 584 fisco
2995 546 3092 585 suo
3118 533 3184 584 ab
3211 532 3456 589 ecclesiis

187 621 490 684 debertutn,
543 629 598 673 ut
647 629 702 675 et
746 620 833 674 ille
857 618 1138 673 Givaldum
1172 631 1222 686 κ,
1265 619 1428 674 filium
1475 619 1613 688 ejus,
1653 619 1767 673 neci

185 712 370 776 daret,
408 724 565 780 quem
605 721 730 780 tupc
767 726 948 766 secum
991 711 1213 766 habebat
1241 711 1371 766 :sed
1403 712 1521 780 quia
1550 726 1669 764 eum
1701 710 1769 762 do

186 816 343 856 sacro
375 802 517 856 fonte
547 810 855 870 exceperat,
893 803 1116 869 perdere
1154 802 1342 855 noluit.
1387 801 1613 855 Litteras
1643 815 1769 854 vero

186 909 323 960 quas
361 894 410 948 ei
453 898 602 962 pater
640 892 1026 956 transmiserat,
1061 892 1158 960 ipsi
1199 891 1264 945 ad
1302 892 1458 961 128
1487 890 1766 964 legendum

187 984 356 1049 dedit,
380 985 561 1039 dicens
587 1001 601 1038 :
629 985 773 1053 Fuge
801 983 943 1049 hinc,
972 984 1095 1054 quia
1127 985 1291 1052 patris
1314 987 1415 1038 mei
1445 993 1766 1053 praeceptum

184 1077 366 1144 accepi
390 1085 447 1130 ut
467 1087 518 1131 te
546 1076 898 1130 interficiam:
937 1075 984 1129 si
1009 1091 1134 1130 vero
1165 1077 1252 1130 ille
1279 1075 1559 1130 defunctus
1590 1076 1764 1138 fuerit,

185 1177 241 1221 et
272 1182 356 1222 me
387 1181 606 1236 regnare
632 1167 888 1231 audieris,
921 1175 1046 1220 tunc
1074 1181 1292 1221 securus
1316 1167 1378 1220 ad
1409 1181 1495 1219 me
1525 1177 1765 1220 reverte-

185 1257 281 1312 ris.
313 1258 462 1324 Quod
495 1257 950 1327 audiens,gratias
980 1273 1162 1328 agens.
1190 1269 1243 1313 et
1285 1259 1605 1322 valedicens,
1644 1259 1767 1312 abs-

185 1349 374 1402 cessit.
419 1350 784 1404 Arelatensem
833 1349 971 1403 enim
1003 1358 1125 1403 tunc
1152 1349 1336 1403 urbem
1366 1349 1543 1403 Gotthi
1577 1364 1766 1417 perva-

190 1448 397 1504 serant,
431 1439 496 1494 de
539 1455 640 1508 qua
667 1441 1073 1495 Theudi-bcrtus
1111 1441 1324 1496 obsides
1365 1442 1622 1496 retinebat
1657 1457 1668 1493 :
1700 1440 1764 1494 ad

185 1545 303 1584 eam
328 1529 572 1584 Givaldus
598 1531 854 1603 confugit.
895 1532 1003 1586 Sed
1030 1548 1212 1601 parum
1243 1547 1299 1586 se
1326 1532 1516 1586 ibidem
1542 1545 1766 1585 cernens

185 1633 308 1674 esse
339 1621 619 1686 munitum,
655 1621 858 1674 Latium
886 1620 1296 1691 bpetiit,ibique
1337 1634 1391 1677 et
1426 1623 1596 1676 latuit.
1631 1622 1763 1676 Dum
1799 1617 1808 1628 ’

187 1711 306 1764 ltzec
335 1723 636 1781 agerentur,
666 1713 938 1767 nuntiatur
968 1713 1338 1769 Theudeberto
1368 1725 1570 1783 patrem
1604 1729 1760 1769 suum

1875 620 1932 673 in
1963 620 2205 673 Arverno
2239 620 2355 673 sitis
2393 621 2732 684 reddebatur,
2758 620 3050 676 clementer
3080 620 3298 676 indulsit
3332 621 3379 678 τ.

1948 708 2138 764 XXVI.
2183 711 2425 766 Deuteria
2478 728 2603 766 Vero
2648 727 2873 767 cernens
2917 712 3076 766 ﬁliam
3103 728 3252 768 suam
3293 715 3451 770 adul-

1873 812 1983 857 tam
2033 801 2186 857 valile
2229 817 2380 872 esse,
2425 807 2612 857 timens
2667 820 2734 859 ne
2763 819 2879 859 eam
2927 807 3308 873 concupiscens
3349 823 3446 864 rex

1870 892 1975 950 sibi
2001 905 2320 961 assumeret,
2350 896 2402 949 in
2435 896 2679 950 basterna
2707 897 2952 965 positam,
2983 897 3254 953 indomitis
3281 901 3450 955 bobus

1869 988 2201 1056 conjunctis,
2232 1003 2350 1043 eam
2379 989 2448 1042 de
2486 999 2644 1055 ponte
2673 990 3036 1057 praecipitavit,
3076 1007 3195 1060 quae
3237 993 3291 1046 in
3333 993 3450 1060 ipso

1872 1080 2094 1134 flumine
2122 1081 2366 1150 spiritum
2397 1081 2645 1138 reddidit.
2675 1083 2786 1136 lloc
2813 1083 2952 1152 apud
2981 1083 3292 1139 Viridunum
3322 1086 3452 1139 civi-

1871 1181 2030 1227 tatem
2059 1185 2238 1226 .actutn
2269 1183 2370 1229 est.

1945 1263 2161 1318 XXVII.
2204 1264 2441 1334 Cumque
2467 1264 2576 1334 jam
2619 1263 2877 1334 septimus
2910 1279 3082 1320 annus
3108 1276 3270 1332 esset,
3305 1266 3446 1334 quod

1872 1353 2236 1426 Uvisigardem
2264 1354 2634 1426 desponsatam
2664 1355 2901 1421 haberet,
2950 1366 3006 1410 et
3059 1371 3174 1410 eam
3233 1368 3448 1426 promer

1870 1445 2171 1500 Deuteriam
2189 1445 2430 1513 accipere
2446 1446 2627 1507 nollet,
2645 1445 2912 1509 conuincti
2930 1445 3310 1500 Francicontra
3326 1461 3446 1500 eum

1868 1536 2022 1589 valde
2059 1535 2584 1603 scandalizabantur,
2617 1551 2780 1605 quare
2817 1550 3066 1602 sponsam
3105 1549 3256 1589 suam
3287 1536 3448 1588 relin-

1866 1635 2072 1695 queret.
2121 1627 2274 1681 Tunc
2314 1635 2641 1689 commotus,
2695 1625 2876 1680 relicta
2927 1625 3194 1692 Deuteria,
3235 1625 3300 1678 de
3343 1640 3445 1695 qua

1868 1719 2142 1786 parvulum
2185 1718 2355 1772 filium
2397 1719 2653 1784 habebat,
2683 1717 3116 1772 Theodobaldum
3150 1727 3175 1764 ε
3213 1717 3446 1783 nomine,

185 1801 419 1869 graviter
446 1813 724 1871 aegrotare,
751 1815 800 1856 et
836 1803 898 1856 ad
922 1819 1076 1872 quem
1111 1805 1211 1858 nisi
1244 1805 1477 1858 velocius
1509 1818 1763 1873 propera-
1800 1819 1839 1876 Β
1872 1810 2238 1880 Uvisigardem
2282 1809 2433 1863 duxit
2472 1825 2711 1866 uxorem.
2759 1810 2929 1872 Quam
2974 1821 3070 1862 nec
3113 1808 3282 1862 multo
3316 1818 3447 1862 tem-

103 1945 110 1953 .
186 1905 292 1959 ret,
326 1905 383 1950 ut
408 1913 527 1952 eum
560 1897 823 1953 inveniret
851 1899 1054 1966 vivum,
1092 1915 1121 1954 a
1153 1899 1350 1968 patruis
1379 1901 1490 1954 suis
1518 1898 1764 1954 exclude-

187 2000 354 2053 retur,
383 2001 436 2046 et
463 1991 598 2045 ultra
641 1991 762 2046 illuc
803 2005 906 2045 non
945 1993 1164 2047 red'ret.
1211 1994 1276 2046 At
1317 1993 1404 2047 ille
1435 1992 1517 2046 his
1548 1992 1762 2057 auditis,

186 2080 395 2133 cunctis
441 2081 744 2149 postpositis
793 2082 918 2135 illuc
963 2082 1178 2150 dirigit,
1213 2084 1458 2136 [lenti-ria
1491 2098 1612 2138 cum
1660 2083 1764 2136 filia

188 2183 289 2221 sua
322 2171 574 2224 Arvernis
605 2171 810 2226 relicta.
861 2171 1100 2240 Cumque
1128 2172 1368 2236 abiisset,
1401 2172 1766 2226 Theudoricus

190 2274 302 2313 neu
332 2271 450 2330 post
487 2261 680 2315 multos
709 2263 822 2315 dies
859 2262 994 2315 obiit
1027 2263 1280 2317 vice-imo
1313 2265 1469 2318 tertio
1510 2263 1654 2331 regni
1685 2262 1765 2316 sui

186 2367 356 2407 anno.
401 2355 801 2424 Consurgentes
829 2365 1006 2409 autem
1036 2356 1406 2410 Childebertus
1436 2367 1488 2411 et
1513 2355 1769 2410 Chlotha-

184 2443 409 2499 charius
436 2455 622 2499 contra
649 2440 1101 2512 ’fheudebertum,
1138 2463 1358 2517 regnum
1401 2449 1518 2518 ejus
1557 2449 1768 2507 auferre

185 2535 490 2590 voluerunt.
531 2535 636 2591 Sed
677 2538 764 2590 ille
792 2539 1100 2592 muneribus
1130 2539 1349 2607 placatis
1383 2550 1430 2603 ε,
1464 2555 1493 2593 a
1524 2539 1769 2596 Ieudibus

184 2629 305 2683 snis
333 2628 643 2683 defensatus
681 2637 790 2691 Cet,
829 2639 882 2684 et
925 2631 974 2684 in
1017 2645 1183 2700 regno
1219 2631 1504 2685 stabilitus.
1555 2631 1768 2688 Mittens

183 2730 379 2788 postea
403 2720 720 2785 Arvernum,
747 2721 1044 2776 Deuteriam
1068 2723 1260 2778 exinde
1287 2722 1588 2788 accersivit,
1623 2739 1768 2779 eam-

180 2827 302 2879 que
330 2812 430 2864 sibi
455 2813 800 2888 matrimonio.
821 2814 1063 2868 sociavit.

268 2903 458 2958 XXIV.
499 2903 696 2960 Videns
735 2914 912 2960 autem
944 2905 1346 2968 Childebertus,
1375 2906 1512 2974 quod
1551 2905 1598 2960 ei
1631 2920 1768 2975 prae-

183 2995 374 3048 valere
419 3008 525 3048 non
568 2994 844 3064 potuisset,
888 2995 1206 3063 legationem
1249 2995 1312 3048 ad
1351 3010 1474 3049 eum
1520 2995 1681 3061 misit,
1713 3003 1768 3048 et

182 3087 261 3140 ad
297 3101 356 3142 se
387 3087 568 3142 venire
600 3088 869 3156 prmcepit,
898 3088 1120 3143 dicens:
1154 3087 1320 3142 Filios
1360 3104 1463 3142 non
1490 3087 1682 3158 habeo,
1715 3095 1766 3142 te

1871 1917 1998 1970 pore
2030 1902 2250 1966 habens,
2283 1901 2527 1957 defuncta
2562 1902 2672 1965 illa,
2701 1901 2860 1954 aliam
2890 1900 3114 1969 accepit.
3167 1898 3447 1954 Verumta-

1868 2010 1989 2048 men
2017 1994 2318 2049 Deuteriam
2351 1994 2488 2047 ultra
2519 2009 2622 2048 non
2655 1993 2858 2050 habuit.

1938 2085 2175 2139 XXVIII.
2251 2083 2623 2140 Childebertus
2684 2092 2859 2137 autem
2925 2092 2980 2137 et
3041 2080 3446 2137 Theudebertus

1868 2187 2267 2234 commoventes
2303 2180 2624 2242 exercitum,
2655 2186 2841 2232 contra
2869 2175 3336 2230 Chlothacharium
3369 2176 3446 2230 ire

1868 2270 2176 2340 disponunt.
2215 2271 2311 2324 Ille
2349 2278 2524 2323 autem
2554 2269 2669 2324 haec
2696 2267 2936 2333 audiens,
2960 2269 3231 2322 astimans
3261 2282 3319 2322 se
3351 2269 3446 2321 ho-

1870 2378 1986 2416 rum
2019 2363 2308 2417 exercitum
2337 2361 2602 2415 sustinere
2625 2376 2728 2412 non
2756 2373 2930 2426 posse,
2963 2359 3016 2411 in
3047 2358 3230 2412 silvam
3259 2357 3445 2412 confu-

1867 2454 1942 2522 git
1976 2449 2026 2516 ιι,
2059 2461 2115 2506 et
2146 2451 2397 2506 concides
2435 2463 2651 2520 magnas
2689 2449 2740 2503 in
2771 2448 2922 2502 silvis
2951 2449 3054 2502 illis
3084 2448 3225 2512 fecit,
3256 2457 3444 2501 totam-

1868 2558 1972 2610 que
1998 2556 2145 2610 spem
2173 2555 2322 2596 suam
2350 2539 2402 2595 in
2432 2540 2524 2595 Dei
2551 2539 2800 2609 pietatem
2835 2537 3228 2593 transfundens.
3261 2536 3363 2592 Sed
3390 2545 3445 2590 et

1869 2634 2258 2690 Chrotechildis
2287 2634 2466 2704 regina
2499 2631 2613 2688 hinc
2642 2632 2860 2686 audiens
2881 2671 2896 2696 ,
2930 2631 3068 2685 beati
3102 2629 3314 2684 Martini
3359 2644 3444 2684 se.

1869 2729 2109 2796 pulcrum
2159 2727 2312 2793 adiit,
2362 2726 2543 2796 ibique
2600 2727 2652 2780 in
2703 2725 2944 2779 oratione
2993 2722 3364 2792 prosternitur,
3391 2730 3445 2777 et

1871 2829 1980 2872 tota
2025 2827 2182 2873 nocte
2229 2819 2432 2886 vigilat,
2475 2831 2633 2872 orans
2680 2833 2747 2871 ne
2782 2817 2936 2886 130
2965 2817 3102 2870 inter
3141 2815 3277 2869 ﬁlios
3320 2830 3446 2868 suos

1868 2911 2062 2965 bellum
2094 2909 2246 2963 civile
2273 2919 2636 2977 consurgeret.
2668 2909 2906 2977 Cumque
2937 2908 2988 2961 lti
3021 2908 3296 2962 venientes
3321 2921 3443 2960 cum

1867 3003 2186 3056 exercitibus
2213 3004 2322 3056 suis
2354 3017 2473 3056 cum
2503 3001 2830 3066 obsiderent,
2863 3010 3150 3056 tractantes
3181 3001 3326 3054 illum
3358 3001 3444 3054 dio

1867 3096 2107 3165 sequenti
2150 3078 2470 3158 interficere,
2512 3109 2668 3150 mane
2709 3095 2870 3160 facto,
2907 3096 2957 3148 in
3008 3095 3123 3148 loco
3149 3109 3254 3164 quo
3292 3103 3444 3148 erant

183 3188 444 3248 tanquam
517 3179 680 3234 lilium
729 3181 926 3235 habere
974 3180 1240 3236 desidero.
1311 3180 1429 3247 Quo
1494 3181 1764 3246 veniente,
1798 3185 1841 3246 C
1873 3186 2177 3256 congregati
2218 3197 2332 3240 orta
2365 3193 2652 3254 tempestas
2692 3186 2920 3238 tentoria
2955 3184 3173 3253 disjicit,
3204 3198 3290 3239 res
3318 3183 3444 3238 diri-

186 3274 354 3327 tantis
395 3288 516 3327 eum
554 3273 864 3327 muneribus
893 3273 1102 3339 ditavit,
1133 3283 1190 3328 ut
1229 3274 1295 3327 ab
1323 3273 1570 3326 omnibus
1599 3272 1762 3326 mira-

183 3373 360 3424 retur.
401 3365 531 3420 Nam
571 3366 638 3420 de
677 3366 835 3422 rebus
863 3367 1044 3433 bonis,
1080 3375 1185 3420 tam
1226 3366 1294 3421 de
1322 3367 1484 3420 armis
1511 3382 1668 3436 quam
1699 3367 1765 3420 de

183 3455 453 3520 vestibus,
477 3455 560 3509 vel
593 3458 811 3525 reliquis
839 3459 1186 3522 ornamentis,
1213 3472 1330 3526 qua:
1359 3472 1536 3526 regem
1571 3455 1765 3511 habere

182 3546 364 3611 decet,
410 3556 556 3600 terna
608 3547 656 3601 ei
703 3545 848 3615 paria
900 3547 1257 3610 condonavit;
1308 3546 1556 3600 similiter
1599 3555 1651 3600 ct
1698 3545 1766 3600 de

183 3637 452 3706 equitibus
498 3647 656 3705 atque
707 3637 896 3690 (atinis
935 3637 984 3689 ά.
1029 3637 1150 3690 llzec
1174 3636 1394 3690 audiens
1425 3634 1678 3689 Givaldus
1711 3642 1762 3699 ⁸,

182 3728 329 3798 quod
366 3728 566 3783 scilicet
592 3727 996 3783 'l‘heudebertus
1027 3726 1186 3798 [29
1216 3742 1437 3795 regnum
1481 3727 1645 3794 patris
1674 3725 1766 3780 ob-

185 3817 524 3883 tinuisset,ad
549 3833 668 3872 eum
685 3818 751 3873 de
774 3818 916 3871 Italia
937 3817 1108 3872 rediit.
1140 3817 1235 3870 Cui
1290 3816 1380 3871 ille
1425 3814 1768 3886 congaudens

184 3925 253 3963 ac
275 3910 613 3975 deosculans,
647 3910 853 3964 tertiam
887 3917 1086 3977 partem
1116 3907 1164 3961 ei
1204 3907 1270 3961 de
1306 3907 1618 3961 muneribus
1649 3920 1764 3974 qum

184 4019 215 4054 a
260 4013 448 4070 patruo
488 4010 786 4070 acceperat,
839 4011 921 4056 est
958 4001 1214 4069 largitus;
1257 4008 1309 4052 et
1353 3999 1528 4051 omnia
1568 4012 1685 4067 quae
1715 3997 1765 4050 in

185 4097 324 4150 lisco
359 4111 485 4150 suus
527 4106 676 4163 pater
715 4105 962 4162 posuerat
1003 4093 1070 4148 de
1114 4093 1272 4147 rebus
1309 4091 1561 4160 Sigivaldi
1605 4091 1768 4158 patris

186 4185 328 4254 ejus,
353 4187 451 4256 ipsi
477 4187 622 4241 reddi
649 4187 918 4254 praecepit.

262 4277 428 4333 XXV.
458 4280 524 4331 At
563 4279 651 4332 ille
681 4278 730 4331 in
765 4292 925 4345 regno
958 4276 1214 4340 firmatus,
1250 4289 1496 4348 magnum
1529 4287 1585 4326 se
1613 4280 1768 4341 atque

185 4382 240 4422 tn
293 4368 440 4422 omni
493 4367 727 4422 bonitate
773 4368 1096 4435 prazcipunin
1142 4363 1392 4419 reddidit.
1457 4363 1581 4416 Erat
1627 4365 1766 4416 enim

184 4475 409 4527 regnum
454 4474 572 4514 cum
617 4459 819 4527 justitia
868 4471 1078 4526 regens,
1130 4456 1438 4509 sacerdotes
1482 4468 1764 4520 venerans,

186 4548 446 4603 ecclesias
498 4559 823 4613 ‘munerans,
873 4561 1134 4616 pauperes
1187 4545 1452 4608 relevans,
1502 4554 1552 4597 et
1607 4545 1766 4598 multa
1799 4539 2080 4601 Dsiinitus
2145 4537 2363 4592 tonitrui
2410 4547 2492 4591 est
2539 4536 2747 4590 auditus
2795 4552 2808 4588 :

260 4710 289 4737 ⁸
327 4699 485 4755 Corb.
515 4711 566 4754 et
591 4699 814 4763 Bellov.,
842 4697 1180 4769 Sigivaldum.
1205 4696 1422 4765 Regum,
1447 4693 1767 4751 Cilvaldum.

267 4770 297 4809 δ
331 4769 460 4823 Cod.
491 4771 674 4832 Corl).,
713 4769 938 4832 Italiam,
969 4769 1107 4835 quod
1142 4769 1279 4820 idem
1312 4775 1414 4818 est.

271 4852 294 4878 ε
335 4841 542 4907 Ilegm.,
570 4841 671 4892 illis
695 4839 982 4891 muneribus
1009 4838 1219 4902 pacatis.
1255 4836 1353 4890 Ed.
1376 4846 1430 4889 et
1459 4849 1610 4898 mss.,
1636 4849 1769 4903 pra:-

188 4920 275 4965 ter
304 4911 463 4964 Corb.
495 4921 546 4963 et
571 4911 728 4974 llel|.,
763 4909 960 4960 habent
983 4907 1253 4961 Leodibns.

263 4978 293 5016 ἀ
325 4980 420 5032 Ms.
464 4981 515 5044 l,
550 4972 757 5032 catenis.
810 4978 929 5042 Ed.,
961 4979 1099 5044 equis
1127 4987 1173 5029 et
1201 4976 1407 5028 catenis.
1445 4972 1593 5027 Unde
1618 4973 1774 5027 Vale-

187 5052 306 5105 sius
337 5057 638 5103 catenarum
668 5051 880 5102 nomine
910 5048 1175 5117 designari
1206 5053 1624 5117 putattorques,
1657 5045 1771 5117 quis

189 5123 316 5183 bus,
345 5127 477 5172 teste
503 5119 658 5172 Floro
684 5120 884 5172 Annaeo
914 5117 1002 5169 lib.
1030 5113 1098 5182 iv,
1130 5113 1430 5170 Germanice
1458 5127 1641 5183 gentes
1671 5113 1771 5165 sibi

189 5182 330 5244 colla
357 5189 616 5243 adornare
641 5190 905 5243 solebant.
940 5189 1072 5241 Mer.
1121 5200 1169 5240 s.
1209 5184 1459 5253 explicat,
1490 5182 1688 5245 culinis,
1719 5183 1774 5234 id

190 5269 264 5315 est
297 5262 448 5312 vasis.

270 5339 292 5366 ο
337 5330 464 5383 llell.
493 5337 552 5381 ιιι
579 5343 759 5396 supra,
793 5326 1108 5396 Sigivaldus.

272 5398 291 5436 ί
339 5400 468 5452 Vide
506 5388 782 5466 epistulari!
814 5388 1084 5451 Aitreliani
1118 5395 1284 5466 episc.
1320 5390 1518 5446 Arelat.
1553 5388 1768 5466 adeum

191 5471 469 5538 scriptam.
503 5462 636 5521 infra
668 5471 720 5521 in
750 5468 1086 5533 Appendice,
1119 5477 1170 5517 et
1201 5464 1547 5538 Fortunatum
1589 5462 1765 5538 lib_.__tt,

191 5531 360 5593 carui.
397 5538 482 5592 l2.
518 5537 736 5606 Magnus
774 5531 998 5592 allario
1025 5534 1363 5590 Aventieensi
1410 5532 1576 5606 episc.
1623 5531 1768 5606 aliis:

193 5625 298 5677 que
328 5600 632 5662 auctoribus
661 5610 832 5661 dictus
858 5617 959 5660 est.
985 5608 1150 5659 'l‘anta
1181 5613 1354 5677 autem
1383 5611 1500 5677 erat
1527 5600 1767 5677 (τῇ.εηίιῷ

195 5669 617 5750 ιίιειδιιὶιιιιιυηιιι
645 5677 1088 5750 Ιιιειίιιίιιιιίγίιιιρ.
1119 5690 1238 5750 sese
1264 5675 1332 5750 _i_n
1363 5672 1528 5750 titulis
1555 5669 1770 5750 [franci-

195 5744 332 5812 cuni,
355 5749 506 5813 quasi
532 5749 762 5802 Francos
784 5747 1087 5805 devicisset.
1118 5744 1454 5799 inscribentis
1483 5744 1768 5794 vanitatem

1867 3277 1962 3345 pit,
2005 3286 2058 3330 et
2101 3284 2290 3330 cuncta
2340 3276 2634 3340 subvertit;
2681 3276 3028 3343 immixtaqne
3071 3275 3272 3344 fulgura
3322 3289 3443 3329 cum

1868 3368 2116 3420 tonitruis
2164 3381 2225 3421 ac
2274 3367 2536 3436 lapidibus
2584 3380 2744 3434 super
2790 3381 2884 3419 eos
2927 3366 3279 3421 descendunt.
3338 3365 3442 3436 lp~i

1865 3473 2074 3525 quoque
2120 3472 2280 3523 super
2321 3457 2566 3510 infectam
2607 3457 2867 3525 grandine
2910 3456 3124 3510 humum
3172 3457 3221 3509 in
3255 3456 3443 3510 faciem

1869 3553 2148 3612 proruunt,
2178 3554 2232 3599 et
2252 3559 2280 3597 a
2315 3543 2577 3612 lapidibus
2604 3544 3046 3598 descendentibus
3073 3545 3300 3613 graviter
3325 3559 3447 3597 ver-

1867 3637 2120 3690 berantur
2149 3653 2161 3688 :
2189 3635 2387 3688 nullum
2420 3633 2560 3688 enim
2584 3634 2662 3688 eis
2695 3643 2936 3702 tegumen
2967 3642 3318 3697 remanserat,
3345 3632 3445 3686 nisi

1867 3741 2066 3794 parma:
2109 3734 2334 3789 tantum,
2364 3725 2465 3778 hoc
2505 3725 2732 3778 maxime
2763 3733 3058 3778 metm-rites
3097 3739 3164 3777 ne
3193 3723 3260 3775 ab
3308 3723 3446 3792 igni-

1869 3816 1966 3869 bus
1985 3814 2292 3870 coelestibus
2318 3807 2700 3868 crenﬂrentur.
2739 3813 2841 3867 Sed
2863 3822 2921 3867 et
2944 3813 3147 3880 equites
3173 3810 3277 3881 [Αι.
3301 3808 3444 3879 equi]

1869 3922 2054 3960 eorum
2103 3905 2171 3958 ita
2201 3904 2428 3972 dispersi
2470 3913 2614 3967 sunt,
2652 3912 2708 3955 ut
2738 3903 2824 3955 vix
2867 3903 2919 3956 in
2963 3901 3214 3954 vicesimo
3241 3915 3449 3968 quoque

1870 3997 2229 4063 reperirentur
2270 3994 2474 4056 stadio;
2509 3992 2658 4045 multi
2697 3992 2838 4044 enim
2881 4004 3097 4058 prorsus
3127 4004 3192 4043 cx
3236 3991 3313 4042 eis
3344 4003 3448 4041 non

1872 4094 1998 4138 sunt
2027 4083 2248 4136 inventi.
2280 4081 2430 4135 Tunc
2459 4082 2557 4143 illi,
2591 4079 2918 4143 utdi.iu:us,
2952 4094 2980 4132 a
3013 4079 3273 4145 lapidibus
3301 4078 3449 4142 cmsi,

1873 4184 1928 4229 et
1971 4176 2132 4227 lnnno
2164 4173 2436 4241 prostrati,
2485 4170 2845 4238 penitentiam
2893 4171 3139 4239 agebant,
3168 4185 3231 4225 ac
3261 4184 3451 4237 preca-

1872 4264 2064 4317 bantur
2118 4263 2326 4315 veniam
2375 4277 2400 4312 a
2437 4261 2563 4324 Dm,
2592 4260 2733 4328 quod
2777 4261 2872 4312 ista
2905 4271 3088 4313 contra
3136 4260 3449 4327 sanguinem

1873 4373 2026 4412 suum
2060 4372 2217 4426 agere
2256 4355 2564 4409 voluissent.
2612 4354 2783 4421 Super
2805 4351 3273 4406 Chlothacharium
3323 4365 3450 4404 vero

1872 4465 2045 4519 neque
2089 4463 2193 4503 una
2221 4448 2434 4516 quidem
2466 4447 2654 4516 pluvias
2679 4455 2823 4514 gutta
2849 4444 3069 4508 decidit,
3119 4453 3208 4497 aut
3253 4443 3450 4512 aliquis

2867 4535 2958 4589 sed
3009 4547 3108 4588 nec
3154 4534 3445 4588 anhelitum

1880 4695 2020 4749 ferre
2048 4707 2155 4745 non
2185 4691 2388 4754 valens,
2428 4689 2820 4757 expeditionem
2859 4689 3125 4758 paraverit
3173 4689 3223 4742 in
3269 4689 3452 4743 Orien-

1882 4775 2011 4826 tem,
2043 4774 2096 4814 ιιι
2126 4761 2406 4828 subjugatn
2435 4761 2676 4828 imperio,
2727 4762 2885 4828 regia:
2915 4764 3056 4814 urbis
3083 4760 3453 4812 Constantino-

1875 4836 2007 4902 polis
2057 4834 2446 4900 expugnatione
2484 4832 2657 4898 gentis
2697 4831 3448 4902 sur:e_injuriamvindicaret.

1874 4899 1975 4958 Sed
2020 4899 2188 4954 morte
2220 4909 2537 4968 praeventus,
2590 4916 2701 4952 rem
2757 4899 3002 4952 infectam
3053 4899 3285 4965 reliquit.
3331 4900 3452 4950 Ila'c

1875 4973 2038 5026 refert
2066 4971 2317 5038 Agathias
2349 4970 2440 5024 lib.
2469 4985 2484 5024 ι
2509 4969 2775 5033 llistorize,
2806 4982 2986 5024 auctor
3008 4970 3149 5024 Grast
3163 4984 3222 5021 us
3245 4969 3451 5021 illorum

1877 5051 2194 5107 temporum.

1958 5120 1983 5156 ε
2025 5111 2110 5162 Sic
2139 5109 2269 5163 Bell.
2299 5117 2351 5162 et
2378 5108 2562 5169 Corh.,
2595 5109 2704 5172 alii,
2731 5107 3166 5162 'l‘Iwod-waldnm.

1959 5180 1982 5214 ¹¹
2027 5178 2182 5232 Silvas
2229 5196 2420 5231 nomen
2465 5181 2643 5231 retulit
2684 5193 2870 5232 auctor
2904 5181 2990 5246 qui
3035 5176 3193 5229 Gesta
3225 5174 3452 5246 Franco-

1880 5263 1996 5300 rum
2047 5247 2260 5315 scripsit
2307 5248 2408 5300 sub
2445 5249 2778 5302 TheodoriCo
2820 5244 3076 5316 principe,
3108 5247 3191 5298 his
3237 5244 3454 5316 verbis:

1879 5317 1944 5371 In
1990 5320 2172 5370 silvam
2209 5319 2434 5387 confugit
2483 5320 2534 5371 in
2569 5315 2859 5380 Arelauno,
2910 5317 3123 5383 fecitque
3187 5315 3453 5387 rombros:

1877 5388 1963 5439 ubi
2013 5389 2214 5455 aliquot
2261 5386 2386 5442 editi
2428 5398 2480 5442 et
2521 5389 2703 5456 scripti
2751 5403 2844 5452 pro
2876 5388 3152 5456 Arelauno,
3203 5386 3457 5456 mendose

1879 5458 2072 5510 habent
2104 5454 2395 5523 iluriliano,
2434 5460 2572 5526 quod
2623 5454 2672 5510 in
2712 5471 2946 5508 errorem
2993 5454 3218 5526 conjecit
3259 5454 3457 5508 Aimoi-

1877 5543 2027 5590 num,
2060 5531 2145 5595 qui
2175 5531 2423 5590 combros,
2453 5524 2506 5579 id
2539 5539 2616 5578 est
2646 5527 2892 5578 arborum
2925 5526 2974 5576 iii
3005 5524 3150 5576 silvis
3176 5526 3454 5579 concaides

1878 5599 2078 5659 putavit
2113 5612 2232 5650 esse
2273 5599 2368 5650 \ici
2415 5598 2638 5660 alicujus
2667 5611 2858 5648 nomen
2889 5596 3004 5664 pagi
3035 5595 3455 5648 Aurelianensis.

1879 5668 1950 5791 ge
1973 5667 2108 5789 ssiItu
2131 5669 2394 5745 ᾼιηῐειιιηο
2420 5669 2629 5719 dicetur
2659 5667 2811 5734 infra,
2838 5669 2903 5720 ad
2926 5675 3088 5734 caput
3112 5665 3182 5719 ‘24
3203 5665 3455 5719 Cbronici

1925 5753 1977 5790 re
2021 5751 2204 5791 ogarn.

1925 5751 2204 5803 reoogarn.
