4028 6342
543 313 654 368 2'33

1570 308 1629 364 S.
1671 300 1997 363 GREGORII
2038 296 2342 355 EPISCOPI
2382 293 2811 351 TURONENSIS

3713 282 3829 343 εει

543 431 704 487 ullius
732 427 878 484 venti
906 426 959 483 in
989 426 1082 482 illo
1107 426 1224 480 loco
1253 437 1490 480 sensere.
1522 422 1583 476 lli
1609 435 1822 491 quoque
1850 420 2123 475 mittentes
2150 419 2202 478 Α
2228 411 2471 466 stabilem
2516 408 2977 472 consuetudinem,
3025 413 3085 461 ιιι
3126 404 3169 460 si
3209 404 3328 475 quis
3366 404 3445 459 eis
3490 401 3561 458 de
3601 402 3826 470 regibus

542 522 759 579 nuntios
795 520 863 575 ad
909 534 1056 580 eum,
1090 531 1271 587 pacem
1323 524 1376 569 et
1422 512 1768 569 concordiam
1820 510 2125 579 petierunt:

544 630 646 685 qua
678 614 821 676 data,
851 611 916 666 ad
949 610 1158 680 propria
1187 617 1311 662 sunt
1338 606 1593 675 regressi.
1629 602 1783 671 Quod
1808 602 1985 656 nullus
2013 615 2130 654 am-

546 708 692 776 bigat
731 708 869 760 banc
902 718 996 774 per
1024 701 1302 757 obtentum
1334 699 1535 771 regina:
1558 696 1699 753 beati
1725 694 1934 751 Martini
1966 692 2130 749 fuisse

548 802 816 854 virtutem.

622 889 815 944 XXIX.
877 887 1123 942 Postlmc
1171 882 1545 940 Cliildebertus
1584 896 1680 939 rex
1719 881 1775 935 in
1820 875 2131 947 Hispaniam

549 981 709 1045 abiit;
747 995 906 1046 quam
937 978 1206 1046 ingressus
1233 990 1354 1031 cum
1385 972 1823 1038 Cblothacbario,
1857 969 2133 1024 Caesarau-

553 1081 829 1140 gustauam
862 1069 1131 1124 civitatem
1158 1081 1280 1122 cum
1310 1066 1547 1120 exercitu
1577 1064 1776 1118 vallant
1801 1073 1963 1132 atque
1988 1057 2136 1113 obsi-

553 1160 703 1215 dent.
745 1160 817 1214 At
853 1158 926 1212 illi
967 1158 1022 1211 in
1064 1164 1207 1210 tanta
1241 1155 1540 1209 humilitate
1582 1152 1649 1208 ad
1680 1153 1844 1206 Deum
1883 1147 2131 1204 conversi

549 1260 692 1317 sunt,
729 1260 785 1304 ut
809 1248 982 1304 induti
1007 1248 1216 1308 ciliciis,
1250 1246 1580 1300 abstinentes
1609 1258 1638 1296 a
1665 1242 1799 1298 cibis
1825 1250 1881 1296 et
1903 1238 2131 1309 poculis,

548 1358 668 1397 cum
702 1342 879 1396 tunica
921 1339 1062 1393 beati
1095 1336 1359 1391 Vincentii
1390 1334 1640 1405 martyris
1678 1347 1860 1387 muros
1906 1328 2136 1386 civitatis

548 1432 829 1504 psallendo
860 1430 1181 1485 circuirent:
1209 1427 1462 1482 mulieres
1488 1439 1697 1495 quoque
1723 1424 1929 1477 amictae
1971 1419 2137 1490 nigris

548 1518 747 1589 palliis,
776 1516 1033 1569 dissoluta
1066 1514 1308 1577 caesarie,
1354 1512 1692 1580 superposito
1724 1509 1925 1572 cinere,
1959 1516 2016 1561 ut
2043 1520 2137 1561 eas

550 1619 771 1678 putares
810 1608 1046 1660 virorum
1093 1604 1366 1658 funeribus
1396 1602 1689 1666 deservire,
1727 1597 2025 1668 plangendo
2052 1611 2140 1650 sc-

550 1700 869 1771 qucbantur.
895 1699 961 1753 Et
981 1698 1051 1753 ita
1084 1707 1247 1753 totam
1278 1710 1428 1764 Spem
1459 1710 1609 1749 suam
1642 1693 1792 1746 locus
1821 1691 1910 1745 ille
1940 1688 2005 1743 ad
2035 1688 2139 1743 Do-

2232 520 2337 559 non
2368 504 2674 571 placuisset,
2698 500 2877 571 gladio
2918 515 3040 556 eum
3070 507 3405 568 appeterent,
3429 506 3484 553 et
3511 497 3603 567 qui
3635 496 3827 552 libuis-

2229 606 2315 652 set
2332 596 2533 663 animo,
2563 595 2707 650 hunc
2730 594 2833 650 sibi
2856 602 3155 648 statuerent
3182 607 3385 663 regem.

2306 689 2500 745 XXXI.
2560 689 2628 744 Et
2655 689 2778 759 quia
2805 687 3181 743 Theodoricus
3208 702 3300 742 rex
3335 684 3501 769 Italia:
3527 682 3555 721 ά
3587 683 3828 739 Cblodo-

2234 784 2389 840 vechi
2418 780 2560 853 regis
2586 794 2829 836 sororem
2878 780 2931 833 in
2960 778 3301 833 matrimonio
3332 777 3539 840 habuit,
3575 786 3827 830 mortuus

2232 873 2504 944 parvulam
2536 871 2698 925 tiliam
2720 884 2842 924 cum
2867 884 3040 924 uxore
3070 868 3301 937 reliquit.
3338 869 3461 922 llaec
3491 876 3671 921 autem
3701 882 3827 920 euut

2233 944 2428 1019 adulta‘
2456 962 2597 1018 facta
2647 970 2815 1028 esset,
2868 976 2965 1030 per
3008 960 3280 1015 levitatem
3328 958 3603 1011 animisni
3637 960 3829 1012 relicto

2234 1055 2421 1111 matris
2447 1054 2704 1117 consilio,
2732 1067 2854 1123 qua:
2892 1052 2942 1107 ei
2975 1052 3116 1120 regis
3148 1051 3314 1105 lilium
3349 1050 3679 1119 providebat,
3712 1064 3832 1105 ser-

2235 1162 2357 1201 vum
2385 1161 2564 1208 suum,
2597 1143 2973 1214 Traguilanem
3008 1152 3030 1178 °
3075 1142 3317 1208 nomine,
3350 1141 3577 1207 accepit.
3609 1150 3665 1193 ct
3703 1156 3829 1196 cum

2235 1250 2302 1293 eo
2330 1235 2396 1289 ad
2422 1235 2715 1298 civitatem,
2746 1247 2849 1302 qua
2890 1230 3156 1287 defensari
3183 1232 3377 1299 possit.
3402 1232 3623 1298 aufugit.
3662 1230 3831 1283 Cum-

2235 1342 2339 1397 que
2373 1326 2528 1396 132
2556 1333 2726 1378 mater
2774 1324 2890 1392 ejus
2929 1331 3117 1377 contra
3160 1338 3276 1376 eam
3326 1322 3481 1377 valde
3532 1322 3830 1387 frenderct,

2237 1425 2553 1487 peteretque
2581 1413 2649 1468 ab
2674 1428 2737 1469 ea
2762 1429 2828 1468 ne
2860 1412 3168 1468 ltutniliaret
3204 1413 3407 1466 diutius
3435 1412 3609 1465 nobile
3637 1427 3704 1481 ge
3746 1428 3830 1477 us,

2236 1510 2332 1565 scd
2385 1509 2611 1564 dimisso
2657 1522 2817 1563 servo
2869 1506 3099 1560 similem
3148 1505 3249 1559 sibi
3298 1505 3365 1559 de
3410 1519 3606 1573 genere
3661 1504 3769 1573 regi
3798 1528 3829 1569 ~,

2224 1614 2396 1671 quem
2428 1608 2600 1655 mater
2628 1598 2960 1668 providerat,
2985 1597 3209 1651 deberet
3234 1597 3497 1665 accipere.
3520 1596 3832 1650 nu'latenua

2239 1693 2404 1748 voluit
2424 1692 2787 1761 acquiescere.
2811 1689 2962 1744 Tunc
2988 1699 3160 1743 mater
3185 1689 3301 1755 ejus
3325 1696 3510 1742 contra
3540 1702 3661 1743 eam
3689 1688 3831 1742 ires;-

553 1791 685 1847 mini
731 1788 1150 1845 misericordiam
1194 1786 1376 1841 retulit
1418 1793 1467 1851 ⁸,
1516 1794 1571 1838 ut
1619 1782 1889 1837 diceretur
1935 1777 2133 1833 ibidem
2167 1791 2215 1851 Β
2242 1786 2396 1853 deus,
2429 1785 2723 1840 exercitum
2769 1781 3081 1837 commovit.
3123 1786 3190 1836 At
3234 1782 3306 1836 illi
3356 1784 3638 1836 νςηῑριιιρε
3670 1798 3833 1851 super

552 1885 907 1941 Ninivitarum
947 1884 1205 1953 jejunium
1265 1878 1528 1937 celebrari
1573 1895 1585 1930 :
1638 1891 1738 1931 nec
1779 1874 2136 1929 aestimaretur

553 1976 693 2031 aliud
736 1991 891 2046 posse
940 1976 1076 2043 ﬁeri,
1114 1974 1266 2045 131
1302 1972 1406 2026 nisi
1439 1984 1624 2024 eorum
1667 1967 1913 2037 precibus
1959 1963 2137 2019 divina

558 2068 926 2125 misericordia
953 2068 1335 2124 inﬁceteretur.
1381 2063 1445 2118 lii
1476 2072 1652 2117 autem
1685 2060 1775 2131 qui
1804 2058 2138 2123 obsidebant,

555 2159 856 2216 nescientes
900 2158 1025 2229 quid
1067 2156 1275 2212 obsessi
1316 2163 1558 2225 agerent,
1607 2167 1728 2206 cum
1781 2150 2026 2204 viderent
2063 2148 2143 2205 sic

554 2266 768 2306 murum
797 2250 1032 2315 circuiri,
1055 2248 1315 2320 putabant
1343 2260 1437 2300 eos
1466 2245 1664 2313 aliquid
1685 2257 1842 2313 agere
1869 2240 2139 2297 maleﬁcii.

554 2349 704 2403 Tunc
738 2342 1129 2415 apprehensum
1175 2353 1338 2394 unum
1373 2337 1442 2393 de
1477 2336 1696 2391 civitate
1728 2335 2009 2402 rusticum,
2040 2334 2142 2403 ipsi

560 2441 913 2507 interrogant,
948 2435 1073 2504 quid
1105 2434 1207 2486 bne
1243 2438 1387 2485 esset
1430 2428 1572 2497 quod
1615 2435 1854 2499 agerent.
1901 2425 2000 2493 Qui
2028 2424 2142 2479 ait:

554 2533 813 2587 Tunicam
853 2528 993 2583 beati
1022 2524 1285 2581 Vincentii
1329 2522 1632 2591 deportant,
1663 2534 1716 2576 et
1754 2535 1874 2576 cum
1920 2520 2056 2588 ipsa,
2089 2525 2147 2572 ut

557 2620 637 2675 eis
659 2618 914 2673 Dominus
940 2617 1281 2678 misereatur,
1306 2619 1557 2668 exorant.
1590 2610 1743 2678 Quod
1770 2611 1846 2664 illi
1878 2610 2144 2673 timentes,

559 2728 620 2767 sc
660 2711 728 2765 ab
760 2723 824 2765 ea
854 2709 1070 2764 civitate
1110 2713 1454 2762 removerunt
1481 2719 1495 2756 :
1526 2712 1705 2757 tamen
1746 2702 2002 2770 acquisita
2034 2716 2149 2754 ma-

560 2803 700 2856 xima
734 2799 1001 2869 Hispania:
1050 2808 1220 2868 parte,
1254 2810 1376 2851 cum
1406 2793 1615 2864 magnis
1640 2791 1695 2846 lti
1725 2789 1914 2860 spoliis
1944 2792 1996 2845 in
2023 2789 2146 2845 Gal—

559 2893 657 2951 lias
686 2892 965 2947 redierunt
992 2889 1042 2949 δ.

631 2984 801 3040 XXX.
843 2983 970 3038 Post
1021 2981 1384 3038 Amalarieum
1441 2993 1594 3046 vero,
1645 2976 1867 3035 Tlteoda
1920 2991 2015 3031 rex
2038 2972 2145 3046 [ΑΙ.

560 3076 803 3150 Tlteuda]
832 3077 1111 3133 ordinatus
1140 3086 1223 3131 est
1270 3077 1323 3130 in
1356 3074 1648 3143 HiSpaniis.
1696 3072 1811 3139 Quo
1843 3069 2145 3130 interiecto,

2241 1893 2355 1943 cos,
2380 1878 2757 1949 Traguilanem
2787 1876 3169 1931 interfecerunt
3190 1876 3386 1945 gladio,
3418 1876 3587 1944 ipsam
3614 1892 3835 1944 quoque

2240 1971 2508 2026 exedentes
2535 1972 2585 2024 in
2608 1971 2826 2023 domum
2856 1968 3043 2022 matris
3074 1966 3418 2022 reduxerunt.
3452 1966 3620 2020 Erant
3652 1977 3834 2019 autem

2240 2062 2339 2115 sub
2357 2062 2551 2115 Ariana
2580 2071 2724 2115 secta
2757 2059 3015 2114 viventes.
3052 2058 3116 2112 Et
3137 2060 3261 2127 quia
3284 2058 3615 2112 consuetudo
3646 2073 3834 2111 eorum

2242 2163 2346 2215 est,
2380 2162 2439 2207 ut
2482 2153 2549 2206 ad
2587 2151 2838 2205 altarium
2888 2151 3185 2211 venientes.
3218 2150 3286 2204 de
3324 2149 3429 2204 alio
3471 2148 3640 2203 calice
3685 2162 3839 2216 reges

2243 2242 2673 2310 communicent,
2705 2250 2760 2296 et
2788 2241 2855 2295 de
2880 2241 2988 2295 alio
3022 2239 3040 2278 ί
3080 2240 3308 2309 populus
3338 2242 3533 2307 minor,
3568 2255 3840 2294 venenum

2244 2336 2297 2391 in
2319 2335 2486 2391 calice
2509 2335 2601 2389 illo
2625 2335 2801 2405 posuit
2822 2334 2888 2389 de
2903 2349 3008 2405 quo
3032 2343 3199 2389 mater
3221 2333 3681 2388 communicatum
3705 2345 3841 2389 erat.

2245 2432 2363 2498 Quo
2381 2430 2466 2484 illa
2484 2429 2694 2493 hausto,
2714 2429 2953 2497 protinus
2969 2438 3177 2483 mortua
3199 2436 3311 2492 est;
3332 2442 3436 2482 non
3453 2426 3597 2483 enim
3617 2427 3841 2481 dubium

2247 2533 2331 2579 est
2360 2522 2463 2578 tale
2489 2522 2809 2577 maleﬁcium
2829 2534 2949 2576 esse
2975 2521 3043 2576 de
3071 2529 3219 2589 parte
3240 2520 3457 2576 diaboli.
3493 2521 3630 2588 Quid
3654 2531 3840 2576 contra

2248 2615 2363 2669 haec
2380 2614 2560 2669 miseri
2575 2614 2814 2670 hrcretiei
2837 2613 3258 2684 respondebunt,
3274 2622 3330 2667 ut
3341 2614 3393 2667 in
3408 2614 3602 2668 Sancta
3617 2622 3643 2659 ξ
3656 2628 3842 2668 comm

2248 2706 2424 2761 locum
2459 2705 2653 2761 habeat
2683 2706 2977 2762 inimicus?
3023 2704 3132 2761 Nos
3158 2720 3288 2761 vero
3309 2704 3626 2760 Trinitatem
3658 2706 3710 2761 in
3742 2722 3841 2761 uua

2250 2798 2552 2866 mqualitate
2582 2798 2778 2866 pariter
2800 2806 2851 2853 et
2895 2796 3281 2866 omnipotentia
3318 2798 3660 2861 conﬁtentes,
3684 2800 3842 2853 etiam

2250 2888 2295 2942 si
2319 2890 2653 2945 mortiferum
2677 2890 2946 2957 bibamus,
2990 2889 3043 2943 in
3093 2890 3308 2944 nomine
3330 2888 3503 2944 Patris
3542 2898 3598 2943 et
3628 2890 3748 2945 Filii
3791 2902 3843 2947 et

2252 2983 2485 3051 Spiritus
2530 2986 2722 3049 sancti,
2751 2984 2862 3038 veli
2904 2993 3067 3053 atque
3115 2983 3538 3049 incorruptibilis
3566 2984 3684 3049 Dei,
3713 2985 3842 3039 nihil
3876 3018 3883 3023 τ

2253 3090 2352 3130 nos
2383 3074 2616 3131 nocebit.
2653 3076 2994 3144 Indignantes
3024 3091 3151 3145 ergo
3197 3075 3311 3131 l‘ali
3351 3085 3535 3132 contra
3562 3076 3703 3131 hanc
3727 3094 3843 3131 nia-

562 3170 998 3238 Tbeudeglsilum
1029 3167 1341 3224 levaverunt
1373 3181 1574 3237 regem.
1614 3165 1661 3224 ls
1686 3164 1812 3219 dum
1842 3163 1909 3216 ad
1939 3175 2147 3217 (cenam
2178 3161 2223 3221 C
2258 3167 2465 3231 Herem,
2492 3168 2842 3222 Theudadum
2887 3184 3065 3237 regem
3090 3169 3300 3223 Tuscula
3346 3168 3653 3234 invitantes,
3688 3184 3842 3238 super

561 3276 682 3316 cum
728 3260 913 3316 amicis
958 3260 1073 3316 suis
1121 3258 1447 3328 epularetur,
1495 3268 1548 3311 et
1576 3263 1720 3311 esset
1764 3254 1917 3308 valde
1966 3252 2147 3317 laetus,

563 3367 686 3406 cum
713 3352 913 3416 subito,
943 3352 1223 3405 exstinctis
1252 3351 1305 3403 in
1334 3348 1572 3402 recubitu
1606 3344 1955 3400 luminaribus
1990 3352 2038 3406 ο,
2084 3342 2154 3396 ab

564 3444 795 3500 inimicis
833 3444 1010 3513 gladio
1059 3456 1344 3511 percussus
1376 3441 1577 3494 interiit
1608 3456 1621 3492 :
1659 3448 1777 3507 post
1809 3452 1966 3505 quem
2001 3435 2151 3504 Agila

566 3551 787 3606 regnum
814 3536 1041 3605 accepit.
1069 3534 1420 3604 Snmpserant
1444 3532 1589 3587 enim
1619 3530 1802 3587 Gottbi
1836 3528 1973 3583 banc
1995 3528 2151 3583 dete-

650 3744 678 3773 ι
708 3732 840 3788 Cod.
882 3732 1021 3788 Bell.
1074 3741 1127 3787 et
1157 3732 1346 3802 Regm.
1390 3746 1510 3785 cum
1540 3731 1709 3802 _editis
1752 3730 2038 3802 plerisque,
2088 3730 2157 3783 ad

554 3805 845 3859 .Dominum
893 3798 1263 3859 misericordia
1304 3798 2157 3869 contulitPBocltfs”Dominum

569 3875 967 3931 misericordem.

642 3944 669 3983 δ
712 3947 1041 4015 Anonymus,
1093 3945 1181 4012 qui
1224 3942 1336 4015 sub
1370 3943 1722 4015 inendorico
1770 3960 1895 4012 rege
1942 3943 2156 4012 scripsit

571 4014 735 4070 Gesm
767 4012 1117 4078 Francorum,
1154 4012 1320 4067 refert
1352 4014 1746 4068 Cililtiellel'llllll
1780 4015 1923 4067 urbis
1949 4016 2158 4083 episco-

570 4101 693 4154 ptnn
735 4087 1106 4148 aceersivisse,
1149 4086 1217 4136 ab
1264 4102 1435 4154 eoque
1475 4086 1671 4153 aliquid
1703 4102 1766 4139 ex
1804 4086 1861 4139 Β.
1894 4085 2156 4139 Vim-etilli

570 4156 807 4226 r_eliquiis
836 4158 1148 4223 postulasse.
1180 4155 1316 4226 Qui.
1354 4157 1541 4224 inquit,
1570 4157 1708 4208 dedit
1739 4158 1784 4209 ei
1809 4158 1993 4209 sto'am
2022 4159 2153 4226 ejus.

570 4223 717 4279 Tunc
737 4227 1005 4295 acquisita,
1032 4235 1133 4279 etc.
1165 4223 1512 4295 Clitildcbcrtus
1540 4244 1653 4279 vero
1681 4226 1907 4279 Parisios
1934 4223 2156 4292 veniens,

570 4294 837 4367 ecclesiam
878 4297 931 4348 in
971 4297 1160 4367 honore
1300 4295 1551 4349 Vincentii
1578 4298 1833 4367 martyris
1863 4299 2155 4362 wdiﬁcavit.

574 4366 702 4419 Htrc
729 4367 824 4418 luit
852 4366 1063 4418 occasio
1088 4366 1451 4419 celeberrima!
1478 4366 1711 4419 basilica:
1734 4366 2157 4432 exardilicandm,

574 4449 719 4504 qum,
762 4436 1010 4507 enatus.
1034 4434 1218 4507 crucis
1262 4439 1476 4507 nomine
1523 4438 1773 4507 insignita
1802 4440 1938 4504 apud
1967 4436 2158 4491 Fortu-

2255 3276 2314 3315 se
2332 3274 2514 3328 regem
2535 3271 2792 3315 statuunt.
2821 3262 2915 3316 llic
2941 3276 3066 3315 vero
3091 3277 3210 3315 eum
3230 3262 3503 3319 didicisset
3526 3280 3646 3334 qua:
3672 3281 3840 3320 mere-

2255 3352 2359 3405 trix
2389 3354 2487 3406 ista
2515 3353 2883 3417 commiserat,
2907 3353 3133 3421 qualiter
3156 3366 3373 3424 prapter
3399 3371 3636 3419 servum,
3686 3373 3841 3425 quem

2254 3453 2554 3509 acceperat,
2586 3444 2638 3496 in
2672 3454 2896 3497 matrem
2930 3447 3208 3498 exstiterat
3250 3446 3533 3513 parricida,
3586 3462 3843 3502 succenso

2256 3534 2604 3589 vehementer
2648 3535 2862 3603 balneo,
2894 3551 3013 3591 eam
3058 3536 3108 3590 in
3150 3537 3339 3592 eodem
3382 3553 3503 3593 cum
3542 3554 3643 3593 una
3675 3541 3843 3610 puella

2260 3747 2439 3805 plores
2469 3736 2756 3796 celebrem,
2792 3752 2908 3801 quae
2940 3737 3118 3802 nupsit
3142 3734 3446 3803 Eutharico,
3474 3738 3592 3791 viro
3623 3739 3844 3807 principi

2258 3824 2322 3862 ex
2365 3810 2526 3862 nobili
2560 3812 2868 3861 Amalorunt
2912 3807 3099 3873 stirpe.
3146 3808 3273 3862 limc
3314 3820 3491 3862 autem
3534 3820 3658 3874 post
3689 3812 3845 3878 patris

2260 3879 2418 3931 simul
2459 3890 2512 3932 et
2548 3882 2646 3932 viri
2693 3879 2918 3940 obitum,
2954 3879 3287 3948 Alltanagildi
3322 3880 3412 3931 lilii
3454 3882 3560 3947 sui,
3593 3883 3681 3948 qui
3714 3896 3845 3932 non-

2260 3948 2385 4002 dntn
2411 3949 2831 4003 administrando
2864 3963 3027 4013 regno
3052 3965 3147 4015 par
3176 3960 3311 4012 erat,
3339 3950 3554 4003 tuti-Iam
3588 3950 3847 4018 snst'epit,

2264 4034 2434 4086 coque
2476 4021 2727 4074 defuncto
2750 4058 2765 4081 ς
2808 4019 2873 4071 ad
2905 4020 3232 4073 'l'ltettdatunt
3286 4034 3380 4071 seu
3408 4021 3847 4081 'l‘heodaltadutn,

2260 4092 2348 4157 qui
2378 4105 2443 4143 ex
2477 4092 2642 4156 stirpe
2674 4090 2813 4156 regia
2844 4102 2981 4150 crat,
3014 4105 3282 4155 sceptrum
3315 4094 3589 4145 transletri
3619 4096 3846 4146 curavit.

2260 4160 2367 4214 Sed
2412 4160 2499 4213 ille
2540 4161 2780 4213 beneﬁcii
2823 4160 3026 4227 accepti
3080 4162 3380 4224 ittttnentor,
3410 4163 3848 4216 Antalnsunlhiitu

2263 4232 2314 4283 in
2346 4231 2570 4284 insulam
2607 4233 2700 4283 laci
2730 4230 3079 4284 Volsiniensis
3111 4232 3355 4284 exsulare
3384 4232 3574 4299 coegit,
3603 4248 3667 4286 ac
3700 4234 3851 4296 paulo

2262 4312 2443 4368 postea
2472 4301 2792 4370 strangulari
2837 4301 3015 4369 jussit.
3081 4301 3243 4368 Cujus
3295 4305 3479 4355 mortis
3526 4304 3852 4357 ulciscenda:

2263 4372 2439 4443 specie
2488 4373 2820 4426 .lustinianus
2869 4372 3062 4424 bellum
3102 4374 3167 4443 Vin
3201 4372 3427 4426 Gottltos
3478 4376 3668 4437 movit,
3714 4374 3851 4443 quod

2266 4441 2554 4507 Procopius
2599 4453 2654 4495 et
2700 4443 2786 4495 alii
2817 4453 3061 4495 auctores
3093 4442 3259 4496 fusius
3286 4442 3622 4507 describunt,
3653 4455 3713 4500 et
3735 4441 3852 4497 tan-

574 4517 756 4559 natum
810 4510 861 4558 in
907 4505 1012 4584 lib.
1048 4506 1117 4585 de
1146 4505 1263 4558 Vita
1313 4505 1370 4585 S2
1397 4505 1647 4585 Germani
1669 4547 1682 4569 ,
1731 4520 2152 4585 postea__rcgnm
2187 4540 2229 4585 _-
2265 4512 2383 4585 dem
2410 4505 2617 4585 Cuttltis
2634 4513 2803 4585 fatale
2830 4512 3059 4585 luit.Er_t
3096 4514 3175 4566 liis
3204 4524 3345 4582 patet
3376 4505 3632 4584 quantum
3666 4531 3696 4569 a
3729 4531 3852 4569 vero

574 4587 877 4655 postrorum
900 4618 914 4642 ,
950 4577 1233 4655 stirpisque
1264 4578 1423 4655 regiae.
1456 4578 2152 4655 principiituneunditorium
2187 4577 2238 4637 ἰ)
2263 4582 2588 4655 aberraverit
2621 4582 2910 4655 Gregorius
2956 4584 3005 4635 in
3037 4582 3135 4636 hoc
3168 4577 3362 4654 rapite,
3392 4577 3532 4655 quod
3589 4598 3771 4640 tamen
3803 4590 3852 4641 in

570 4644 691 4717 fuit,
746 4655 800 4701 ut
847 4647 1042 4717 passim
1091 4646 1374 4717 Gregorius
1418 4644 1696 4701 memorat.
1752 4649 1902 4702 Nunc
1948 4652 2046 4701 sub
2090 4654 2147 4703 ὃ.

577 4715 887 4787 Germania
914 4717 1085 4769 Pratis
1110 4715 1322 4769 nomine
1354 4725 1474 4769 nota
1500 4727 1597 4777 est,
1631 4720 1696 4773 de
1720 4736 1821 4787 qua
1855 4736 1957 4771 non
1984 4720 2149 4773 semel

576 4785 794 4840 interius
833 4787 1119 4856 agendum.
1164 4787 1325 4841 Porro
1354 4788 1531 4841 Victor
1559 4785 1932 4843 'l‘unuoncnsis
1973 4789 2024 4841 in
2056 4804 2149 4843 ex-

576 4857 857 4924 peditionis
902 4857 1057 4925 hujus
1104 4861 1405 4912 narratione
1445 4875 1546 4911 non
1597 4860 1837 4914 dissentit
1890 4876 1916 4911 a
1949 4860 2147 4929 Grego-

574 4929 657 4981 rio
700 4944 712 4979 :
755 4938 807 4981 at
835 4931 920 4997 qui
948 4938 1136 4999 postea
1165 4929 1433 4983 subsecuti
1479 4942 1602 4984 Sunt
1631 4930 1847 4999 llispani
1881 4941 2144 4993 auctores,

575 5012 817 5068 mag-ant
846 4998 1048 5052 cladem
1091 5013 1153 5052 ea
1185 5001 1467 5053 occasione
1500 5000 1670 5053 Franc
1695 4998 1739 5054 si
1764 5017 1791 5053 a
1833 5000 2150 5054 ΤΙιευόιειειο

567 5068 701 5122 duce
719 5071 919 5123 illatam
949 5071 1111 5122 luisse
1132 5070 1536 5126 scribunt.\'ide
1551 5071 1817 5126 Coiutium
1836 5072 1899 5125 ad
1917 5089 2004 5126 an.
2022 5071 2148 5125 542.

645 5169 667 5198 ο
699 5159 786 5214 Sic
819 5161 950 5214 llell.
980 5170 1035 5215 et
1062 5160 1248 5227 Corb.;
1281 5163 1460 5217 caeteri
1491 5180 1609 5218 cum
1642 5165 1755 5228 ed.,
1803 5167 1960 5219 cereis
1986 5165 2150 5219 stibio

567 5230 826 5301 exstinctis
868 5232 920 5284 in
958 5233 1184 5285 recubitu
1225 5235 1317 5295 ab,
1351 5244 1457 5289 etc.
1508 5236 1654 5289 lianc
1686 5236 1971 5301 tessitnatn
2013 5237 2153 5290 occi-

567 5298 858 5378 dendorum
906 5317 1087 5378 regunt
1149 5298 1755 5378 licentiamexstirpare
1798 5318 1972 5361 ςυιιιιιι
2030 5315 2156 5360 sunt

574 5366 1219 5448 llispaniarum.episeopi
1240 5377 1398 5448 variis
1429 5374 1481 5428 in
1510 5366 1772 5447 conciliis,
1802 5390 1875 5431 nti
1903 5378 2153 5431 observa.

571 5441 648 5489 vit
674 5441 915 5492 Cointius
942 5442 1006 5493 ad
1032 5458 1119 5499 an.
1157 5441 1281 5498 584.

640 5502 668 5541 ἀ
699 5506 1089 5583 'l'lteoduricus.
1128 5525 1483 5583 cognomento
1515 5514 1752 5583 Magnus,
1782 5516 2153 5583 Ostrogottbo-

569 5587 828 5657 rum‘rex‘,
852 5580 1219 5657 obiitﬂQ/ybrid
1244 5603 1384 5639 cons.
1416 5602 1477 5638 ex
1503 5580 1687 5649 Mario,
1721 5587 1771 5639 id
1802 5598 1883 5641 est
1912 5580 1998 5638 an.
2025 5586 2150 5643 526.

574 5645 653 5726 Es
682 5646 934 5702 Attallctlc
964 5645 1249 5709 Cltluduvci
1294 5672 1499 5720 sorore,
1534 5672 1639 5709 non
1674 5645 1805 5719 lilia,
1841 5668 1898 5710 nt
1936 5657 2149 5726 quidam

575 5716 773 5777 'wlunt,
823 5726 1056 5787 suscepit
1090 5716 1544 5790 Annalamnlbatn,
1575 5728 1711 5792 apud
1745 5716 1860 5793 eius
1890 5716 1986 5782 aevi
2016 5730 2152 5783 scri-

2259 4652 2506 4705 otnnibus
2533 4667 2661 4706 mss.
2688 4666 2740 4708 et
2768 4653 2948 4718 editis,
2971 4662 3025 4707 et
3055 4652 3269 4723 quidem
3301 4652 3563 4725 integrum
3600 4658 3851 4712 lnbetur.

2332 4753 2355 4780 °
2396 4744 2557 4798 Coll);
2592 4754 2647 4799 et
2692 4746 2895 4814 aliquot
2943 4747 3057 4809 cd.,
3092 4746 3487 4800 Tranvillanem.
3530 4749 3694 4812 Bell.,
3732 4749 3854 4802 Tra-

2257 4814 2555 4938 Zgillanerrt.
2584 4816 2792 4885 Regna,
2819 4818 3222 4886 Straguilouem.
3255 4818 3383 4873 \‘ide
3412 4820 3703 4889 Fredegar.
3734 4837 3852 4888 cap.

2334 4954 2352 4992 ί
2388 4955 2500 5009 Mos
2539 4956 2712 5031 adhuc
2740 4960 2937 5011 saeculo
2962 4975 3055 5011 Vi"
3086 4958 3136 5011 it
3172 4959 3406 5013 Romana
3443 4960 3683 5014 Ecclesia
3717 4964 3851 5031 vige-

2260 5028 2370 5090 bat,
2396 5039 2456 5100 ut
2498 5041 2561 5080 ex
2598 5029 2754 5100 unico
2796 5031 2959 5081 calice
2999 5032 3247 5083 onndlius
3298 5035 3660 5100 porrigeretur
3703 5028 3850 5085 cuiu-

2260 5098 2464 5159 tnunio,
2498 5110 2553 5149 ut
2592 5099 2845 5166 colligere
2884 5101 3004 5153 licet
3030 5117 3096 5153 ex
3118 5103 3342 5169 episwla
3367 5104 3398 5153 9
3430 5098 3675 5167 Gregorii
3717 5105 3755 5154 li
3786 5104 3852 5156 ad

2261 5176 2502 5240 sanctum
2537 5169 2863 5224 Bonilacium
2905 5171 3292 5238 llloguntimnu.
3324 5172 3412 5225 ubi
3447 5172 3683 5240 pontifex
3718 5190 3853 5223 sm-

2266 5239 2339 5292 bit
2368 5254 2659 5306 congruum
2702 5256 2804 5291 non
2836 5256 2955 5294 esse
2981 5244 3107 5292 duos
3139 5242 3213 5295 μοι
3247 5254 3344 5294 (res
3372 5247 3556 5296 caiices
3588 5246 3638 5295 iu
3667 5244 3853 5297 altaria

2261 5326 2447 5379 ponere
2475 5326 2590 5361 cum
2620 5310 2670 5362 Μ
2680 5310 2897 5363 issarum
2919 5314 3164 5365 solemnia
3192 5313 3529 5366 celebrantur.

2337 5389 2364 5428 tt
2395 5379 2484 5434 Sic
2524 5395 2712 5434 ointtes
2755 5398 2882 5434 mss.
2936 5395 3129 5448 prater
3172 5385 3300 5437 llcll.
3337 5386 3425 5450 qui
3472 5386 3648 5452 prima
3694 5402 3853 5439 manu

2266 5449 2425 5504 liabet
2447 5452 2626 5517 Scam,
2668 5461 2722 5504 et
2758 5453 2856 5505 alia
2888 5469 3046 5505 manu
3077 5467 3263 5506 sectum
3295 5471 3312 5506 :
3340 5449 3498 5521 quam
3533 5471 3725 5510 vocem
3762 5468 3853 5508 tia-

2260 5520 2352 5573 bet
2381 5522 2510 5575 edit.
2542 5522 2593 5575 1.
2624 5523 2725 5577 Sed
2756 5524 3031 5576 retinentia
3063 5534 3145 5577 rst
3175 5542 3268 5577 tu;
3302 5520 3518 5583 sancta,
3550 5544 3653 5591 quo
3679 5528 3853 5579 notui—

2263 5606 2329 5643 tte
2369 5593 2682 5660 intelligitur
2730 5608 2879 5647 sacra
2916 5596 3245 5647 Ettrharistit
3284 5598 3581 5662 etquidem
3618 5595 3710 5651 hic
3754 5599 3854 5651 sub

2263 5661 2417 5733 ttuit'a
2466 5679 2664 5732 spuma.
2717 5665 2855 5729 Lege.
2881 5666 3166 5719 Maliilltmii
3210 5661 3665 5719 Cuntttie.~tarittttt
3721 5684 3853 5733 μεω-

2266 5732 2406 5786 ιὶιηιι
2444 5738 2491 5786 i-tt
2520 5734 2769 5790 U.‘dll!Cllt
2799 5736 3092 5791 liutttaunin
3122 5749 3264 5791 tntnu
3299 5738 3335 5789 ll
3364 5738 3527 5791 Musei
3564 5732 3755 5792 iluilt‘i.
