4028 6342
264 383 371 440 265

1194 386 1518 444 HISTORIA
1559 386 2012 448 FRANCOBUM.
2048 391 2255 452 LIBER
2290 397 2602 458 TERTIUS.

3417 409 3531 467 266

260 503 462 560 includi
495 502 767 572 praecepit.
798 500 926 570 Qua?
955 516 1051 558 nec
1077 517 1248 568 mora,
1280 505 1422 558 inter
1445 502 1641 557 arduos
1683 519 1847 572 vapo-
1872 506 1927 567 Α
1951 520 2081 576 gens
2102 553 2116 576 ,
2148 513 2257 579 regi
2289 515 2603 570 transmisit.
2636 514 2819 586 Magna
2848 514 2990 573 enim
3020 517 3069 573 ei
3099 517 3327 577 felicitas
3354 520 3408 579 in
3439 524 3524 583 bitI

260 611 352 653 res
399 597 661 665 ingressa,
711 598 759 650 iii
809 597 1113 665 pavimento
1147 599 1298 667 133
1331 612 1608 662 corruens,
1640 608 1846 653 mortua

259 695 424 756 atque
471 697 782 756 consumpta
822 699 922 742 est.
975 688 1126 754 Quod
1169 697 1555 754 cognoscentes
1600 688 1654 742 hi
1697 705 1849 758 reges

259 779 634 832 Cliitdebertus
661 787 711 832 et
737 777 1184 832 Clilothacharius
1229 779 1538 833 consobrini
1579 780 1718 849 ejus,
1749 797 1848 836 nec

256 885 367 927 non
405 879 459 923 et
489 869 910 934 'l‘lteudehertus,
942 870 1083 938 quod
1114 871 1321 925 scilicet
1353 880 1457 924 tam
1505 873 1640 938 turpi
1689 871 1847 926 fuerit

257 962 535 1017 interfecta
560 963 853 1030 supplicio,
902 962 967 1014 ad
1002 962 1340 1016 Theodadum
1373 963 1694 1032 legationem
1719 964 1847 1017 diri-

255 1068 410 1126 gunt,
439 1058 821 1125 exprobrantes
847 1057 915 1111 de
947 1065 1118 1111 morte
1146 1056 1285 1126 ejus,
1314 1067 1474 1124 atque
1501 1057 1844 1112 dicentes:Si

256 1149 376 1204 hinc
406 1165 521 1216 qute
553 1151 704 1218 egisti
739 1151 1016 1202 nobiscum
1057 1165 1164 1201 non
1206 1149 1592 1216 compos-ueris,
1623 1164 1842 1216 regnum

254 1247 405 1291 tuum
425 1238 750 1302 auferemus,
773 1250 824 1290 et
845 1239 1006 1292 simili
1031 1254 1183 1306 ptena
1206 1247 1254 1291 te
1278 1238 1669 1291 damnabimus.
1695 1240 1844 1295 Tunc

253 1331 345 1386 ille
372 1331 584 1393 timens,
614 1330 982 1398 quinquagena
1014 1331 1092 1382 eis
1125 1329 1286 1381 millia
1336 1343 1620 1382 aureorum
1665 1339 1841 1384 trans-

254 1423 405 1475 misit
428 1432 478 1474 υ,
511 1423 886 1476 Childeberttis
916 1431 1116 1486 autem,
1161 1431 1216 1474 ut
1247 1430 1360 1474 erat
1401 1436 1613 1489 semper
1656 1431 1840 1475 contra

252 1514 723 1568 Chlotltacharium
757 1530 935 1581 regem
987 1513 1199 1567 invidus
1230 1526 1388 1582 atque
1419 1523 1686 1579 versutus,
1720 1530 1840 1568 cum

252 1606 631 1661 Theudeberto
678 1617 869 1674 nepote
897 1621 995 1660 suo
1025 1604 1364 1675 conjunctns,
1397 1605 1568 1658 diviso
1614 1605 1754 1659 inter
1783 1620 1842 1660 se

251 1701 360 1755 hoc
388 1716 542 1765 auro,
587 1703 716 1754 nihil
752 1701 954 1754 exinde
999 1700 1126 1754 dare
1155 1701 1265 1768 regi
1298 1697 1720 1752 Clilothachario
1746 1715 1840 1752 vo-

251 1793 490 1848 luerunt.
537 1797 604 1849 At
653 1794 743 1847 ille
785 1808 948 1861 super
999 1793 1279 1847 thesauros
1323 1792 1695 1846 Chlodomeris
1741 1808 1832 1864 ag-

1952 601 2351 657 contlitionibus
2383 606 2499 660 fuit.

2024 691 2262 747 XXXIII.
2308 696 2604 752 Asteriolus
2639 698 2656 735 τ
2693 707 2820 753 tunc
2856 709 2911 754 et
2959 699 3297 758 Secundinus
3346 721 3524 776 magni

1951 797 2070 837 cum
2096 801 2218 853 rege
2244 787 2592 845 habebantur.
2617 791 2742 844 Erat
2765 803 2940 847 autem
2965 804 3188 862 uterque
3212 798 3446 865 sapiens,
3470 808 3527 856 et

1951 877 2236 934 rhetoricis
2267 879 2500 933 imbutus
2528 881 2740 936 litteris.
2781 883 2888 939 Sed
2921 886 3258 941 Secundinus
3288 889 3525 954 plerum-

1948 985 2053 1037 que
2093 970 2416 1039 legationem
2456 970 2765 1039 imperatori
2794 990 2823 1028 a
2851 991 2975 1044 rege
3005 977 3197 1031 missus
3221 977 3430 1047 intulit,
3469 989 3524 1036 et

1948 1060 2018 1114 ob
2059 1060 2160 1115 hoc
2194 1061 2507 1130 jactantiam
2548 1074 2890 1132 sumpserat,
2933 1083 2994 1121 ac
3033 1071 3294 1125 nonnulla
3332 1081 3522 1126 contra

1947 1151 2209 1206 rationem
2241 1155 2543 1208 exercebat.
2577 1155 2688 1220 Qua
2719 1157 2785 1210 de
2815 1175 2972 1212 causa
3004 1161 3200 1218 factum
3230 1174 3330 1230 est,
3361 1166 3523 1222 utin-

1950 1254 2032 1297 ter
2087 1245 2236 1297 illum
2277 1255 2436 1328 atque
2474 1246 2798 1301 Asteriolum
2843 1249 2907 1304 Iis
2944 1267 3085 1305 saeva
3124 1266 3522 1326 consurgeret:

1947 1349 2066 1403 quae
2119 1351 2286 1403 usque
2333 1339 2398 1390 ad
2450 1337 2551 1391 hoc
2603 1339 2870 1406 profecit,
2912 1349 2972 1394 ut
3011 1344 3190 1399 oblitis
3233 1348 3520 1403 verborum

1947 1428 2340 1497 objectionibus
2367 1433 2594 1500 propriis
2616 1449 2674 1486 se
2700 1435 2946 1488 manibus
2971 1436 3267 1494 lacerarent
3292 1451 3338 1495 Β.
3361 1441 3523 1497 Cum-

1945 1540 2048 1594 que
2091 1525 2205 1579 Itmc
2245 1542 2340 1596 per
2370 1543 2550 1596 regem
2581 1529 2854 1597 pacitieata
2885 1529 3148 1598 fuissent,
3182 1544 3231 1587 et
3257 1534 3522 1590 Secundi-

1943 1631 2044 1669 nus
2073 1615 2247 1671 adbuc
2276 1617 2344 1670 de
2373 1633 2466 1670 sua
2497 1620 2644 1674 caede
2672 1629 2905 1675 tumeret
2928 1619 2974 1688 ιι,
3008 1630 3128 1675 nata
3159 1631 3242 1676 est
3270 1627 3406 1679 inter
3429 1641 3522 1681 eos

1943 1721 2159 1761 rursum
2201 1709 2426 1764 intentio
2469 1710 2588 1782 [ΑΙ.
2615 1711 2944 1782 contentio].
2988 1714 3054 1767 Et
3093 1730 3187 1769 rex
3226 1717 3522 1784 suscipiens

1943 1799 2236 1855 Secundini
2278 1818 2497 1856 causam
2526 1845 2539 1868 ,
2580 1804 2906 1860 Asteriolum
2949 1808 3002 1860 in
3041 1809 3158 1877 ejus
3199 1817 3521 1876 potestatem

248 1901 489 1956 gressus,
525 1888 749 1942 multum
783 1887 890 1942 illis
917 1887 1148 1956 amplius
1176 1902 1332 1957 quam
1366 1887 1418 1941 hi
1444 1888 1841 1956 lraudaveraut,
1874 1885 1922 1945 Β
1951 1893 2176 1949 dedidit.
2211 1896 2312 1961 Qtti
2342 1896 2495 1950 valde
2527 1897 2836 1953 humiliatus
2865 1908 2947 1954 est
2970 1941 2986 1966 ,
3017 1910 3069 1955 et
3094 1902 3161 1956 ab
3193 1902 3396 1956 honore
3425 1904 3522 1959 de-

247 1976 499 2032 abstulit.

327 2068 536 2122 ΧΧΧΙΙ.
580 2068 992 2124 Tlieudebertus
1038 2085 1166 2123 vero
1207 2071 1258 2124 in
1299 2071 1502 2124 Italiam
1541 2071 1674 2126 abiit
1702 2070 1751 2136 δ,
1784 2082 1840 2126 et

249 2163 447 2218 exinde
476 2162 697 2216 multum
725 2164 1034 2231 acquisivit.
1067 2164 1169 2218 Sed
1199 2165 1322 2233 quia
1354 2167 1468 2219 loca
1503 2165 1616 2230 illa,
1649 2176 1704 2220 ut
1734 2167 1836 2220 ler-

253 2263 363 2318 Iur,
398 2255 637 2308 morbida
680 2264 842 2318 sunt,
888 2258 1161 2309 exercitus
1189 2257 1304 2325 ejus
1333 2256 1385 2309 in
1417 2257 1645 2312 diversis
1676 2257 1838 2312 {ebri-

249 2347 360 2401 lius
398 2361 694 2413 corruens,
731 2349 1050 2403 vexabatur.
1092 2350 1238 2403 Multi
1269 2353 1410 2404 enim
1444 2367 1510 2404 ex-
1543 2352 1624 2406 Itis
1650 2352 1701 2406 in
1732 2353 1837 2406 illis

247 2438 387 2492 locis
420 2440 615 2492 mortui
649 2450 794 2494 sunt.
827 2441 978 2506 Quod
1006 2442 1194 2495 videns
1224 2441 1648 2506 Theudebertus.
1679 2459 1743 2498 ex
1774 2460 1837 2499 ea

247 2544 506 2586 reversus
535 2541 648 2594 est,
679 2532 840 2586 multa
871 2547 1054 2588 secum
1085 2534 1250 2603 spolia
1285 2535 1434 2602 ipse,
1467 2536 1552 2589 vel
1583 2537 1662 2589 sui
1691 2537 1837 2591 dete-

243 2632 436 2678 rentes
465 2640 480 2688 ;
522 2624 718 2677 dicitur
751 2633 926 2677 tamen
959 2635 1085 2679 tunc
1116 2626 1368 2694 temporis
1401 2642 1567 2695 usque
1595 2627 1836 2681 Ticinum

239 2717 545 2770 accessisse
580 2717 874 2785 civitatem,
913 2718 966 2770 iit
1005 2734 1110 2784 qua
1147 2719 1514 2774 Buccellinum
1561 2731 1582 2758 ο
1625 2734 1836 2775 rursum

241 2807 476 2860 direxit.
519 2809 617 2874 Qui
647 2810 853 2862 minore
882 2809 968 2862 illa
1002 2809 1147 2862 Italia
1178 2807 1203 2846 ιι
1231 2823 1426 2879 capta,
1469 2822 1628 2882 atque
1666 2813 1722 2867 in
1759 2813 1838 2868 di-

247 2899 456 2954 tionem
501 2901 640 2969 regis
681 2900 936 2956 antedicti
967 2904 1184 2956 redacta
1211 2947 1224 2971 ,
1270 2907 1526 2973 majorem
1561 2908 1752 2974 petiit:
1783 2907 1854 2963 in‘

243 3006 357 3057 qua
397 3002 579 3044 eontra
624 2993 992 3047 Bellissarium
1029 3005 1052 3030 ε
1085 2996 1268 3049 multis
1308 2997 1512 3052 victbus
1552 3014 1793 3068 pugnans
1820 3042 1837 3068 ,

245 3081 523 3134 vit-torium
557 3084 805 3137 obtinuit.
831 3085 1069 3153 Cumque
1097 3087 1386 3154 imperator
1411 3090 1651 3155 vidisset,
1681 3092 1822 3158 quod

246 3174 594 3228 BullinSHI‘llIS
616 3178 860 3230 crebrius
884 3181 1214 3245 vinceretur,
1242 3193 1420 3233 amoto
1443 3197 1528 3246 eo,
1559 3183 1834 3237 Narsctem

1940 1988 2145 2054 positus
2179 2005 2191 2038 :
2236 1988 2330 2042 sed
2377 2004 2469 2056 per
2509 1989 2880 2058 Uvisigardem
2922 1993 3160 2061 reginam
3199 1994 3394 2049 iterum
3434 2003 3520 2050 est

1939 2079 2239 2135 restitutus.
2295 2082 2500 2135 Mortua
2556 2093 2731 2138 autem
2782 2085 2903 2151 illa,
2954 2101 3281 2155 consurgens
3328 2088 3521 2145 iterum

1940 2171 2305 2236 Secundinus,
2338 2189 2458 2227 eum
2490 2175 2776 2229 interfecit.
2813 2178 2941 2230 Nam
2979 2178 3064 2232 hic
3094 2182 3326 2234 moriens
3358 2181 3523 2238 ﬁlium

1938 2265 2256 2335 dereliquit,
2294 2271 2383 2335 qui
2415 2285 2534 2322 cum
2567 2272 2859 2337 crevisset,
2897 2283 2952 2327 et
2980 2285 3119 2330 esset
3147 2277 3379 2342 adultus,
3408 2292 3521 2333 ete-

1940 2356 2016 2424 pit
2058 2359 2219 2424 patris
2240 2359 2319 2412 sui
2360 2361 2500 2414 velle
2536 2360 2784 2429 injuriam
2817 2365 3107 2420 vindicare.
3140 2368 3289 2422 Tunc
3317 2368 3519 2424 Secun-

1938 2447 2095 2501 dinus
2130 2451 2320 2505 timore
2351 2453 2687 2518 pet-tertitns,
2711 2454 2836 2508 dum
2863 2456 2930 2510 de
2954 2458 3073 2511 villa
3107 2459 3158 2511 in
3189 2459 3366 2514 villam
3396 2471 3520 2518 ante

1940 2553 2060 2592 eum
2092 2539 2329 2609 fugeret,
2359 2558 2477 2597 eum
2509 2559 2568 2598 se
2594 2544 2707 2614 jam
2738 2546 2944 2601 videret
2976 2563 3041 2602 eo
3073 2551 3385 2607 imminente
3413 2569 3520 2608 non

1940 2647 2098 2700 posse
2127 2635 2376 2700 evadere,
2404 2650 2470 2690 uc
2499 2637 2552 2690 in
2588 2653 2774 2692 manus
2805 2637 3006 2695 inimici
3037 2654 3336 2713 corrueret,
3362 2645 3516 2716 135

1939 2740 2149 2781 veneno
2177 2745 2235 2781 se
2255 2767 2268 2792 ,
2307 2737 2362 2782 ut
2391 2729 2606 2798 dicitur,
2638 2730 2923 2786 interfecit.

2015 2817 2253 2874 XXXIV.
2299 2821 2642 2876 Desideratus
2682 2832 2860 2878 autem
2905 2824 3271 2883 Viridunensis
3311 2833 3520 2899 episco-

1941 2925 2037 2979 pus
2075 2909 2120 2975 ί,
2145 2913 2227 2965 cui
2258 2914 2624 2969 Tlteut‘lericus
2646 2931 2740 2970 rex
2771 2915 2964 2970 multas
2992 2918 3245 2987 irrogavit
3274 2920 3518 2991 injurias,

1941 3018 2060 3058 cum
2093 3014 2209 3073 post
2239 3008 2402 3060 multa
2435 3000 2618 3074 exitia,
2652 3018 2705 3063 et
2733 3010 2920 3064 damna
2950 3023 3107 3082 atque
3132 3030 3418 3085 :erumnas,
3451 3019 3517 3075 ad

1942 3096 2247 3149 libertatem
2285 3101 2557 3166 propriam
2585 3100 2695 3168 jam
2729 3101 2954 3154 Domino
2984 3105 3201 3170 jubente
3230 3108 3514 3180 rediisset,

1942 3197 1996 3241 et
2034 3190 2376 3256 episcopatu,
2417 3201 2475 3243 ut
2514 3191 2781 3256 diximus,
2823 3194 2959 3260 apud
2992 3195 3394 3255 Viridunensem
3429 3219 3518 3257 ur-

244 3267 302 3322 iti
332 3269 448 3335 ejus
475 3271 650 3322 locum
684 3271 887 3324 statuit.
918 3271 1278 3324 Bellissai-ium
1308 3289 1430 3326 vero
1453 3277 1700 3327 comitem
1732 3286 1838 3330 sta—
1866 3271 1912 3333 C
1944 3280 2064 3332 bem
2097 3284 2378 3359 potiretur,
2415 3283 2602 3338 videns
2636 3285 2966 3341 habitatores
2995 3289 3111 3357 ejus
3138 3291 3288 3347 valde
3319 3310 3516 3364 paupe-

243 3358 382 3422 buli,
416 3361 567 3426 quasi
597 3376 691 3428 pro
715 3361 1033 3424 humilitate,
1065 3364 1203 3429 quod
1234 3365 1380 3432 prius
1410 3363 1600 3430 fuerat,
1635 3369 1828 3432 posuit.

243 3451 590 3506 Bucccili.itis
630 3470 756 3507 vero
787 3464 970 3508 contra
1004 3455 1283 3508 Narsetettt
1322 3473 1508 3525 magna
1540 3463 1829 3514 certamina

251 3543 414 3613 134,
447 3546 648 3613 gessit;
685 3558 834 3614 capta
869 3547 1015 3599 omni
1060 3547 1238 3612 Italia,
1273 3565 1438 3615 usque
1468 3551 1518 3601 iii
1554 3568 1696 3604 mare
1728 3564 1833 3606 ter-

245 3637 452 3689 niitittin
489 3638 730 3691 dilatavit
762 3683 774 3702 ,
816 3640 1093 3693 thesauros
1124 3656 1252 3697 vero
1294 3658 1515 3709 magnos
1554 3645 1618 3695 ad
1661 3645 1831 3699 'I'ltcu-

248 3729 534 3783 deliertum
569 3733 634 3783 dc
671 3733 817 3784 Italia
851 3734 1063 3787 diri-xit.
1096 3733 1245 3798 Quod
1279 3751 1398 3792 t'UtlI
1431 3736 1623 3789 Narses
1660 3737 1831 3806 impe-

244 3827 417 3879 ratori
475 3830 740 3892 pt-suisset
788 3829 835 3879 iti
893 3830 1168 3894 notitiam,
1220 3832 1510 3898 imperator
1558 3833 1832 3888 conductis

242 3921 420 3986 pretio
449 3921 693 3988 gentibus
721 3963 735 3986 ,
784 3921 988 3975 Narseti
1023 3923 1266 3974 solatium
1303 3923 1480 3988 mittit,
1519 3925 1833 3994 conﬂigens-

242 4026 350 4079 que
381 4023 559 4078 postea
590 4015 758 4065 victus
789 4014 1068 4068 abscessit.
1117 4015 1377 4082 Deinceps
1409 4031 1533 4068 vt-ro
1566 4018 1832 4072 Buccelli-

240 4119 350 4161 nus
388 4106 623 4161 Siciliam
667 4110 985 4177 occupavit,
1028 4110 1095 4163 de
1135 4124 1235 4177 quo
1277 4114 1437 4163 etiam
1483 4113 1674 4164 tributa
1719 4113 1832 4166 exi-

323 4247 349 4275 “
388 4239 501 4292 Non
543 4255 602 4293 ea
646 4243 957 4304 occasione,
1005 4256 1122 4310 quae
1164 4241 1400 4292 fabulo<a
1443 4251 1554 4301 est,
1591 4243 1662 4294 uti
1696 4242 1834 4296 dixi-

239 4326 400 4374 mus,
437 4313 687 4376 pecunias
720 4314 1047 4366 Francorum
1081 4316 1296 4377 regtbus
1326 4313 1470 4364 dedit
1502 4313 1828 4367 'I‘heodatus:

239 4381 342 4438 sed
383 4383 650 4449 ingentem
697 4393 871 4436 tamen
915 4399 992 4436 ets
1032 4399 1292 4435 summam
1339 4383 1606 4449 pollicitus
1661 4384 1832 4438 luerat

239 4467 370 4507 cum
413 4453 693 4506 Pi-oviiicia
721 4470 781 4507 ac
813 4456 928 4506 aliis
965 4455 1304 4520 regionibus,
1337 4471 1466 4522 quas
1497 4456 1830 4522 Ustrogotthi

240 4523 302 4577 in
334 4524 515 4576 Galliis
545 4526 921 4591 possidebant,
947 4538 1000 4576 ut
1027 4542 1212 4578 eorum
1246 4541 1400 4591 opem
1432 4529 1688 4578 adversus
1711 4527 1832 4580 Jus-

243 4594 504 4648 linianuni
550 4596 876 4662 impl0raret.
937 4596 1040 4650 Sed
1083 4611 1137 4648 re
1173 4597 1350 4648 adhuc
1390 4594 1584 4665 infecta
1631 4596 1827 4665 Vitigcs

242 4665 526 4718 'l‘hcodato
556 4669 871 4720 substitutus
891 4709 905 4730 ,
942 4683 1046 4718 non
1079 4669 1252 4718 solum
1281 4663 1530 4735 pecunias
1562 4683 1622 4718 ac
1655 4663 1826 4736 regio-

240 4749 345 4790 nes
384 4739 646 4804 pollicitus
689 4738 909 4790 Francis
951 4739 1204 4798 tradidit;
1248 4738 1341 4789 sed
1383 4739 1542 4789 etiam
1573 4738 1823 4791 Alaman-

241 4821 378 4871 nos,
427 4811 510 4876 qui
557 4823 673 4876 post
705 4809 1055 4863 Tolliiacense
1095 4809 1334 4876 praelium
1376 4807 1424 4858 in
1461 4807 1661 4858 Italiam
1697 4824 1823 4876 pro-

242 4877 358 4942 fugi
387 4882 540 4933 sedes
570 4897 596 4933 a
625 4880 908 4933 Theodoro
928 4900 960 4931 o
990 4886 1343 4944 acceperant,
1377 4893 1560 4932 eorum
1589 4879 1826 4935 dominio

241 4949 512 5018 subjecit,
547 4965 596 5003 ut
632 4953 818 5003 scribit
849 4953 1118 5020 Agritliias.

321 5020 346 5057 δ
390 5025 476 5074 Sic
505 5032 558 5074 ct
589 5023 782 5074 Mill‘lHS
813 5024 874 5074 ad
904 5019 996 5073 an.
1030 5021 1154 5083 559,
1186 5034 1290 5085 quo
1318 5019 1521 5072 scilicet
1549 5021 1682 5086 Apio
1711 5028 1827 5074 erat

240 5094 458 5144 consul.
505 5096 656 5147 Plura
698 5094 765 5146 de
809 5101 906 5145 hoc
946 5094 990 5145 bi
1015 5093 1082 5142 llo
1119 5091 1440 5156 Procopius,
1474 5089 1561 5157 qui
1597 5092 1827 5146 FranCoS

240 5163 461 5214 violate
506 5167 622 5217 tidei
665 5175 916 5226 accusat,
959 5162 1098 5229 quod
1145 5169 1263 5227 post
1295 5172 1567 5226 susceptas
1594 5177 1621 5212 a
1651 5161 1823 5213 Justi—

242 5235 408 5287 ttiaiio
468 5235 761 5303 legatltiites
820 5249 880 5287 ac
911 5248 1187 5303 munera,_
1219 5246 1337 5283 sese
1389 5242 1562 5303 tamen
1606 5231 1825 5303 _Gotthis

242 5301 688 5369 coniunxissent;
720 5315 812 5357 aut
844 5308 1016 5371 potius
1050 5301 1349 5371 Guttltisac
1392 5301 1646 5353 Romanis
1690 5306 1826 5355 inter

241 5368 368 5428 sese
399 5377 728 5429 certantibus
755 5416 768 5438 ,
805 5368 901 5442 ipsi
936 5374 1172 5439 utrisque
1206 5368 1379 5424 infesti
1412 5372 1576 5423 Italia:
1623 5386 1825 5440 partem

244 5446 535 5499 maximam
567 5448 912 5514 diripuissent
943 5461 1004 5497 ac
1033 5442 1371 5514 invasissent.

322 5527 342 5552 ε
387 5518 514 5584 Iteg.
560 5526 612 5569 et
651 5512 836 5570 omnes
877 5520 1041 5569 tet-nte
1087 5516 1236 5576 editi,
1271 5512 1618 5566 Bitrcilcnnm.
1678 5513 1826 5569 llunc

241 5585 532 5640 Buiilinnin
574 5590 865 5654 Proc0pitts
903 5597 956 5640 et
995 5586 1248 5652 Agattiias
1289 5589 1579 5654 appellant.
1621 5584 1669 5636 Is
1707 5595 1826 5638 erat

244 5658 465 5712 natione
493 5661 819 5711 Alcmannus
847 5677 858 5708 :
889 5673 1115 5724 eumque
1145 5657 1193 5708 iii
1223 5656 1339 5725 cjus
1371 5657 1604 5708 exercitu
1635 5655 1825 5709 Franci

243 5729 408 5781 simul
441 5730 680 5797 permisti
712 5739 889 5780 essent
921 5745 1038 5781 cum
1075 5728 1413 5791 Alemannis,
1447 5742 1670 5794 quorum
1706 5727 1822 5797 ple-

243 5800 403 5867 rique
441 5796 679 5851 iioutlum
720 5799 1037 5863 Christiani,
1081 5806 1172 5850 aut
1212 5810 1356 5851 certe
1385 5799 1544 5851 variis
1570 5796 1827 5867 supersti-

247 5865 485 5926 tionibus
511 5869 683 5924 adhuc
711 5869 877 5922 dediti
905 5879 1056 5922 erant
1081 5911 1094 5934 ,
1128 5868 1415 5924 Procooius
1444 5877 1629 5923 contra
1659 5865 1827 5922 Fran-

529 5986 804 6048 PATHOL.
860 5984 1089 6045 LXXI.
1224 6032 1247 6049 .

1851 4639 1906 4702 D

1938 3391 2024 3430 res
2055 3387 2212 3442 atque
2243 3378 2550 3442 destitutos,
2585 3378 2803 3433 dolebat
2832 3395 2996 3448 super
3025 3383 3139 3446 eis;
3173 3392 3224 3438 et
3252 3400 3369 3440 cum
3404 3388 3518 3457 ipse

1939 3483 2032 3535 per
2072 3468 2466 3521 'l‘hcttderieum
2507 3472 2575 3522 de
2616 3470 2776 3524 rebus
2815 3472 2926 3524 suis
2957 3474 3299 3529 reman~isset
3331 3488 3512 3532 extra-

1938 3575 2067 3612 neas
2091 3602 2104 3622 ,
2150 3576 2246 3611 nec
2291 3561 2508 3615 haberet
2547 3561 2613 3614 de
2651 3563 2867 3629 proprio
2897 3565 3126 3632 qualiter
3150 3582 3242 3620 cos
3272 3569 3515 3624 consola-

1936 3658 2104 3714 retur,
2151 3650 2443 3703 bonitatem
2484 3660 2538 3704 et
2576 3652 2916 3706 clementiam
2949 3655 3086 3708 circa
3122 3671 3306 3712 omnes
3334 3659 3514 3716 Theu-

1936 3742 2145 3794 tlcberti
2188 3743 2327 3808 regis
2370 3757 2627 3809 cernens,
2682 3744 2824 3798 misit
2869 3746 2933 3798 ad
2977 3762 3095 3799 eum
3141 3749 3499 3816 legationem,

1937 3833 2155 3886 dicens:
2192 3835 2350 3886 Fama
2389 3825 2643 3887 bonitatis
2696 3845 2798 3888 tuae
2848 3837 2898 3887 in
2949 3838 3250 3891 universam
3303 3849 3503 3897 terram

1922 3925 2200 3997 vulgatur,
2244 3941 2363 3978 cum
2407 3936 2548 3978 tanta
2589 3928 2633 3979 si
2676 3936 2761 3979 tua
2803 3928 3045 3994 largitas,
3103 3939 3159 3982 ut
3199 3932 3358 3992 etiam
3399 3949 3507 3989 non

1938 4020 2237 4086 petentibus
2267 4034 2421 4085 opem
2454 4030 2691 4087 praestes.
2725 4020 2891 4087 litigo,
2947 4022 2990 4073 si
3035 4021 3197 4088 pietas
3231 4031 3315 4075 tia
3351 4025 3512 4080 habet

1936 4109 2134 4177 aliquid
2167 4111 2233 4163 de
2260 4111 2480 4177 pecunia
2507 4153 2520 4176 ,
2556 4111 2709 4163 nobis
2750 4111 3076 4178 commodes,
3110 4129 3212 4180 qua
3237 4114 3379 4168 cives
3408 4131 3507 4170 no-

1937 4255 2125 4313 cortnn
2161 4255 2338 4294 mores
2379 4241 2572 4308 passim
2613 4241 2818 4313 scribit.
2878 4242 2946 4294 At
2986 4243 3149 4296 multo
3188 4261 3390 4313 :cqutor
3429 4258 3512 4304 est

1936 4311 2208 4389 Agathias‘
2228 4313 2319 4389 lib.
2355 4328 2400 4376 I,
2431 4314 2518 4379 qui
2547 4313 2617 4365 ait
2644 4329 2658 4365 :
2693 4311 2813 4389 Non
2837 4314 3109 4389 enintfcri
3128 4311 3468 4373 sitntiFranci
3490 4361 3510 4389 ,

1936 4394 1990 4435 ut
2020 4384 2164 4435 multi
2195 4382 2522 4435 barbarorum
2543 4424 2555 4444 ,
2584 4395 2688 4436 etc.
2723 4382 3002 4436 Christiani
3029 4386 3160 4437 enim
3191 4397 3306 4440 sunt
3332 4382 3510 4443 rectis:

1934 4455 2179 4506 siinaritm
2207 4455 2570 4507 sententiarum
2589 4495 2604 4519 ,
2638 4465 2742 4506 etc.
3029 4467 3037 4476 '

2006 4521 2032 4560 ά
2076 4526 2334 4578 Minorem
2387 4526 2584 4579 Italiam
2634 4524 2863 4591 appellat
2909 4525 3192 4596 Gregorius
3243 4529 3508 4592 Liguriam

1936 4610 1999 4649 ac
2043 4596 2355 4664 Venetiam,
2399 4605 2457 4651 ut
2494 4597 2742 4650 observat
2786 4595 3034 4652 Valesius
3065 4599 3160 4652 lib.
3194 4602 3508 4656 vutltcrum

1931 4665 2325 4721 Fraiiciearum.

2008 4748 2030 4774 ο
2075 4739 2165 4791 Sic
2211 4739 2336 4791 editi
2365 4748 2418 4792 et
2462 4738 2583 4794 cod.
2633 4738 2818 4806 llcgm.
2863 4738 3070 4810 semel:
3093 4739 3196 4794 Sed
3241 4741 3506 4810 aliitnss.,

1934 4809 2097 4864 etiam
2134 4811 2517 4870 vetustissimi,
2551 4825 2763 4874 semper
2796 4810 2994 4863 habent
3034 4808 3381 4866 Bclsitarinm.
3415 4808 3512 4867 llic

1934 4888 2112 4951 autem
2146 4878 2384 4933 famosus
2423 4880 2517 4933 ille
2559 4879 2850 4934 Belisarius
2893 4880 3225 4948 designatur,
3268 4883 3334 4936 de
3369 4898 3510 4951 quo,

1938 4949 2074 5004 sicut
2103 4959 2156 5003 et
2186 4953 2251 5003 de
2281 4951 2505 5006 Narsete
2535 4951 2779 5005 eunucho
2798 4992 2812 5018 ,
2846 4951 2996 5021 plura
3036 4951 3215 5006 dicere
3257 4949 3514 5021 superva-

1932 5035 2156 5074 caneum
2186 5033 2345 5074 esset.

2005 5091 2025 5128 ί
2071 5094 2223 5161 Itcg.,
2257 5092 2531 5145 Eltert’oltis
2571 5092 2766 5156 semel,
2815 5101 2923 5146 tum
2968 5094 3265 5148 Atteriolus.
3309 5092 3512 5147 Secun-

1933 5163 2089 5217 diuus
2123 5179 2247 5215 vero
2280 5163 2321 5215 is
2351 5179 2469 5216 esse
2502 5163 2733 5224 videtur,
2760 5179 2916 5231 quem
2941 5167 3008 5216 ob
3031 5176 3265 5231 spretam
3290 5164 3512 5221 Joannis

1932 5233 2282 5289 Reomaensis
2317 5233 2526 5285 abbatis
2553 5235 2829 5299 epistolam
2860 5236 3111 5288 divinitus
3154 5234 3320 5287 fuisse
3357 5236 3514 5299 putti~

1933 5317 2042 5359 tum
2079 5313 2342 5356 memorat
2369 5305 2528 5357 Jonas
2561 5305 2613 5357 in
2649 5304 2761 5358 Vita
2805 5306 3042 5369 cjusde-u
3086 5305 3257 5358 Sancti
3297 5305 3391 5358 lib.
3437 5320 3508 5375 tt,

1935 5391 2054 5443 cap.
2091 5376 2110 5426 1
2141 5415 2154 5438 ,
2188 5376 2276 5427 ubi
2307 5376 2498 5428 dicitur
2533 5376 2856 5427 Secundinus
2886 5375 3154 5443 patricius.

2010 5457 2033 5494 ις
2076 5448 2165 5501 Sic
2194 5448 2352 5499 Corb.
2381 5459 2432 5500 et
2459 5447 2657 5499 Bcllov.
2689 5447 2789 5498 Alii
2823 5459 2938 5495 cum
2967 5445 3142 5504 editis.
3169 5446 3506 5502 verberarem.

2010 5515 2036 5553 ιι
2077 5519 2163 5570 Sic
2194 5517 2348 5570 iidem
2379 5520 2534 5569 codd.
2560 5534 2678 5569 cuiu
2709 5515 2857 5580 Dem,
2887 5514 3014 5586 Iteg.
3042 5530 3096 5572 et
3122 5519 3306 5587 llegtn.
3332 5517 3512 5587 Colb.,

1937 5599 2210 5643 ttimucrat.
2248 5589 2383 5640 Iiditi
2406 5629 2420 5650 ,
2455 5589 2664 5638 timeret.

2011 5661 2027 5696 1
2075 5663 2132 5711 S.
2175 5661 2362 5712 \iitono
2393 5662 2642 5710 successit
2664 5698 2679 5722 ,
2715 5655 3133 5727 subscripsitun
3155 5660 3382 5714 concilio
3414 5662 3511 5712 Ar-

1935 5731 2184 5786 verneiisi
2212 5743 2352 5781 anno
2379 5727 2482 5780 555
2508 5767 2521 5790 ,
2550 5738 2604 5781 et
2626 5729 2992 5783 Aurelianensi
3019 5747 3068 5793 ν,
3103 5746 3192 5785 an.
3229 5731 3354 5796 549;
3378 5729 3513 5784 obiit

1934 5817 2023 5858 an.
2058 5801 2182 5856 551).
2215 5799 2439 5858 Sanctus
2468 5797 2663 5856 dicitur
2689 5817 2718 5856 ει
2754 5799 3153 5872 Wasseburgie.

3074 5972 3113 6042 9
