4028 6342
544 386 645 440 ἱϐἸ

1180 382 1235 436 S.
1280 379 1602 439 GREGORH
1640 378 1942 438 EPISCOPI
1979 377 2404 439 TURONENSIS
2440 380 2617 439 HIST.
2656 382 2902 442 FRANC.
2944 385 3075 443 LIB.
3106 385 3194 442 lll.

3694 387 3809 447 268

548 513 661 559 tros
689 499 934 557 relevare
969 500 1263 556 valeamus.
1298 500 1536 570 Cumque
1576 499 1631 555 hi
1662 498 1933 570 negotium
1960 511 2116 553 exer-
2147 512 2201 576 Α
2225 499 2344 554 hem
2374 500 2710 555 Trevericam
2739 501 3065 556 deducentes
3086 544 3099 567 ,
3136 500 3312 571 populi
3354 501 3631 560 saevientis
3655 503 3808 561 sedi-

549 604 768 662 ceutes,
801 608 1121 664 responsum
1158 602 1185 631 α
1217 595 1271 648 in
1309 595 1521 649 civitate
1559 602 1739 648 nostra
1762 632 1776 658 ,
1819 591 1957 647 sicut
1994 592 2118 647 reli-

549 703 676 758 qua
704 687 934 753 habent,
966 685 1307 755 praestiterint
1324 726 1339 753 ,
1370 684 1649 756 pecuniam
1672 693 1815 739 tuam
1842 698 1963 740 cum
1991 700 2119 740 usu-

553 780 631 835 ris
659 778 911 849 legitimis
940 777 1248 834 reddemus.
1278 778 1426 835 Tunc
1457 777 1545 833 ille
1572 778 1771 848 pietate
1796 786 2116 845 commotus,

546 876 753 940 septem
781 870 833 925 ei
859 868 1027 925 millia
1055 883 1343 926 aureorum
1369 871 1640 940 praestitit.
1680 871 1810 938 Qua:
1848 870 1940 926 ille
1977 870 2116 926 acci-

545 961 702 1031 piens
722 1001 739 1029 ,
765 977 859 1032 per
887 962 1033 1019 cives
1064 976 1192 1019 suos
1220 963 1478 1033 erogavit.
1520 963 1587 1018 At
1616 964 1695 1019 illi
1724 964 1933 1035 negotia
1960 978 2115 1019 exer-

546 1062 765 1119 centes,
804 1053 998 1110 divites
1026 1069 1122 1125 per
1150 1054 1252 1109 hoc
1279 1054 1454 1110 cllecti
1483 1063 1640 1121 sunt,
1671 1063 1725 1109 et
1754 1071 1921 1124 usque
1959 1054 2118 1110 hodie

545 1147 723 1215 magni
764 1146 1045 1203 habentur.
1089 1147 1328 1217 Cumque
1367 1149 1663 1204 antedictus
1702 1150 1987 1218 episcopus
2026 1151 2118 1204 de-

546 1238 711 1299 bitam
741 1240 1020 1309 pecuniam
1052 1241 1337 1295 obtulisset
1364 1242 1509 1310 regi,
1539 1240 1812 1309 respondit
1840 1254 1931 1295 rex
1957 1256 1971 1292 :
2003 1240 2118 1293 Non

546 1329 723 1388 habeo
763 1335 1132 1389 necessarium
1177 1335 1277 1389 hoc
1315 1336 1589 1404 recipere;
1634 1335 1763 1389 illud
1804 1333 1931 1388 mihi
1972 1332 2121 1387 suffl-

544 1425 650 1492 cit,
682 1427 729 1480 si
757 1426 1157 1497 dispensatione
1199 1436 1284 1480 tua
1325 1440 1585 1496 pauperes
1624 1426 1714 1495 qui
1743 1424 2121 1496 opprimeban-

548 1525 637 1572 tur
675 1518 885 1587 inopia,
932 1533 1025 1588 per
1066 1528 1209 1573 tuam
1250 1521 1669 1589 suggestionem,
1700 1520 1783 1575 vel
1812 1534 1907 1589 per
1944 1533 2119 1574 meam

547 1608 849 1679 largitatem
874 1617 998 1665 sunt
1024 1600 1365 1667 relevati.Et
1389 1611 1517 1667 nihil
1545 1612 1798 1684 exigens,
1822 1611 2121 1668 antedictos

548 1698 693 1754 cives
722 1698 920 1754 divites
952 1700 1098 1756 fecit.

622 1809 839 1865 XXXV.
867 1812 1131 1867 Defuncto
1152 1822 1326 1868 autem
1367 1814 1505 1883 apud
1542 1813 1732 1869 urbem
1764 1813 2117 1885 supradictam

2223 596 2422 650 tionem
2446 608 2539 649 sua
2564 595 2947 663 praedicatione
2968 596 3402 663 comprimerent.
3429 596 3641 662 Quibus
3662 613 3805 654 eun-

2220 685 2394 754 tibus,
2425 694 2582 740 nocte
2621 685 2744 739 dum
2786 686 2837 739 in
2875 693 3049 740 strotu
3084 700 3183 741 suo
3213 686 3580 755 decumberet,
3623 690 3809 747 subito

2218 790 2317 849 per
2343 779 2611 835 somnium
2636 793 2825 835 vocem
2856 779 3324 848 magnam~emittit
3344 818 3357 844 ,
3385 780 3573 837 dicens
3603 800 3616 835 :
3647 782 3803 853 lleu,

2220 868 2363 925 heu!
2404 869 2710 927 Succurrite
2747 870 2837 939 qui
2872 870 3105 935 adestis,
3137 880 3191 926 et
3227 873 3483 927 auxilium
3514 872 3651 928 ferte
3679 890 3807 944 per-

2218 962 2404 1017 eunti!
2449 963 2493 1016 A
2530 978 2636 1032 quo
2692 962 2925 1016 clamore
2981 964 3347 1033 expergefacti
3392 966 3483 1034 qui
3534 965 3805 1034 aderant,

2222 1051 2559 1125 interregant
2585 1054 2711 1124 quid
2740 1052 2840 1107 hoc
2864 1062 3027 1110 esset.
3058 1055 3349 1123 ReSpondit
3373 1056 3463 1111 ille
3488 1073 3501 1111 :
3530 1058 3807 1112 Ausonius

2221 1143 2424 1199 amicus
2464 1157 2617 1199 meus
2656 1159 2775 1198 cum
2820 1144 3113 1211 Papianilla
3143 1155 3166 1183 ε
3196 1145 3461 1217 conjuge,
3494 1162 3630 1215 quos
3670 1148 3806 1207 olim

2221 1236 2499 1305 interfeci,
2557 1238 2624 1292 ad
2676 1237 2936 1306 judicium
2979 1253 3066 1294 me
3103 1242 3474 1306 arcessebant,
3517 1242 3797 1298 dicentes:

2224 1330 2358 1385 Veni
2386 1330 2450 1384 ad
2482 1332 2935 1403 reSpondcndum,
2959 1333 3079 1402 quia
3106 1342 3419 1389 causaturus
3442 1349 3499 1390 es
3522 1336 3807 1391 nobiscum

2221 1434 2401 1476 eorum
2428 1423 2675 1480 Domino.
2698 1425 2822 1481 Zelo
2845 1429 2987 1481 enim
3017 1428 3209 1482 ductus
3233 1434 3357 1482 ante
3382 1443 3552 1483 annos
3593 1428 3808 1499 aliquot

2221 1514 2507 1585 conjugem
2557 1516 2926 1587 innocentem,
2967 1519 3305 1591 amicumque
3337 1530 3659 1590 peremerat.
3704 1522 3808 1592 lgi-

2223 1612 2311 1661 tur
2370 1606 2748 1663 accedentibus
2812 1610 3077 1680 episcopis
3116 1611 3179 1664 ad
3215 1612 3533 1666 antedictam
3574 1612 3808 1678 urbem,

2224 1712 2345 1755 cum
2372 1698 2655 1768 strepentis
2686 1700 2864 1770 populi
2896 1702 3214 1757 seditionem
3245 1702 3386 1759 ferre
3414 1718 3517 1758 non
3550 1713 3794 1772 possent,

2233 1790 2385 1860 137
2416 1804 2539 1843 eum
2572 1790 2623 1844 in
2652 1790 2879 1846 ecclesia
2910 1792 3109 1847 abdere
3134 1792 3447 1857 voluerunt,
3476 1794 3686 1849 scilicet
3712 1809 3808 1863 po-

545 1912 845 1958 memorato
871 1905 1107 1961 antistite
1131 1948 1144 1973 ,
1180 1882 1426 1976 Agiricus
1455 1905 1670 1975 quidam
1698 1920 1728 1961 e
1747 1906 1951 1962 civibus
1974 1905 2025 1961 in
2047 1920 2124 1961 ca-

2237 1890 2423 1936 nentes
2464 1894 2585 1934 eum
2635 1882 2685 1933 iu
2732 1896 2885 1949 arca,
2927 1892 2981 1936 et
3027 1882 3259 1951 desuper
3300 1892 3601 1941 sternentes
3643 1887 3811 1942 vesti-

548 1993 795 2047 thcdram
820 1993 936 2063 ejus
957 1996 1299 2063 subrogatur.
1326 1995 1565 2066 Siagrius
1585 1994 1613 2035 δ
1640 2003 1816 2052 autem
1845 1996 1981 2051 filius
2010 1996 2125 2067 ejus

549 2084 899 2140 reminiscens
924 2087 1144 2156 injurias
1174 2088 1374 2156 patris,
1415 2089 1648 2159 qualiter
1686 2104 1715 2145 a
1754 2090 2021 2146 Sirivaldo
2059 2089 2125 2144 ad

551 2188 735 2244 regem
760 2176 1154 2233 Theudericum
1181 2178 1453 2233 incusatus
1472 2223 1485 2247 ,
1506 2195 1613 2235 non
1642 2182 1812 2236 solum
1845 2181 2123 2253 spoliatus,

558 2282 746 2322 verum
786 2270 948 2323 etiam
990 2269 1263 2337 suppliciis
1300 2270 1519 2327 allectus
1553 2271 1769 2343 fuisset,
1813 2286 2127 2342 oppressum

555 2373 678 2415 eum
729 2369 933 2416 armata
1002 2377 1164 2417 manu
1238 2362 1560 2420 Sirivaldum
1613 2366 1789 2421 taliter
1840 2365 2125 2422 interfecit.

551 2454 704 2512 Tunc
731 2471 888 2511 mane
915 2455 1074 2524 facto,
1100 2472 1219 2512 cum
1249 2460 1440 2515 nebula
1473 2470 1615 2516 esset
1638 2462 1909 2516 condensa
1930 2504 1945 2530 ,
1974 2463 2130 2533 136

553 2557 609 2604 et
644 2549 733 2603 vix
775 2549 949 2605 adhuc
979 2549 1434 2621 disrumpentihus
1476 2556 1707 2611 tenebris
1764 2554 1961 2625 aliquid
2008 2556 2128 2624 quis

554 2650 740 2713 posset
771 2643 1103 2709 discernere,
1136 2645 1280 2698 venit
1311 2644 1377 2699 ad
1403 2644 1577 2699 villam
1606 2646 1719 2715 ejus
1747 2646 1799 2701 in
1824 2644 2131 2702 Divionensi

554 2736 846 2803 territorio,
880 2737 964 2792 cui
1006 2751 1201 2792 nomen
1240 2748 1320 2793 est
1361 2737 1658 2795 Floriacum
1703 2752 1765 2793 τε
1809 2755 2131 2812 cgressoque

555 2830 773 2885 domum
834 2845 937 2885 uno
992 2831 1321 2895 amicorum,
1380 2838 1625 2901 putantes
1676 2832 1848 2902 ipsum
1906 2832 2129 2889 Sirival~

556 2924 843 2980 dumeesse
869 2965 883 2989 ,
925 2922 1311 2979 interfecerunt
1347 2938 1509 2991 eum;
1550 2933 1603 2980 et
1642 2924 2030 2981 revertentibus
2079 2920 2128 2993 ἀ,

557 3016 710 3086 quasi
739 3017 1021 3073 victoriam
1050 3017 1408 3074 obtinuissent
1436 3018 1500 3074 de
1545 3018 1783 3085 inimico,
1820 3018 2017 3074 indicat
2056 3018 2133 3073 eis

557 3124 697 3165 unus
726 3124 790 3165 ex
826 3109 1023 3165 familia
1043 3149 1058 3175 ,
1091 3126 1195 3166 non
1224 3124 1317 3165 eos
1344 3110 1619 3166 dominum
1652 3110 2005 3177 interfecisse,
2036 3109 2133 3165 sed

555 3205 852 3263 subditum.
895 3204 965 3259 At
1002 3204 1078 3259 illi
1108 3206 1371 3275 regressi,
1413 3203 1747 3275 requirentes
1773 3220 1926 3271 eum,
1960 3205 2129 3261 cellu-

2230 1985 2437 2041 menta,
2469 1988 2587 2044 qua:
2619 1982 2770 2029 erant
2798 1974 2863 2028 ad
2892 1988 3044 2029 usum
3074 1975 3337 2031 ecclesiae.
3366 1976 3597 2046 Populus
3626 1986 3806 2033 autem

2229 2069 2536 2137 ingressus,
2569 2076 3037 2138 perscrutatusque
3069 2068 3348 2125 universos
3374 2070 3598 2141 angulos
3630 2072 3811 2126 eccle-

2229 2161 2361 2227 siae,
2394 2173 2513 2214 cum
2556 2159 2689 2213 nihil
2733 2162 3058 2229 reperisset,
3106 2161 3363 2218 frendens
3401 2163 3810 2231 egrediebatur.

2230 2254 2377 2311 Tunc
2402 2268 2537 2309 unus
2566 2266 2631 2307 ex
2660 2254 2966 2323 suspicione
2995 2254 3203 2312 locutus
3224 2297 3238 2323 ,
3272 2257 3383 2310 ait:
3416 2256 3495 2311 En
3540 2271 3667 2312 arca
3695 2300 3709 2325 ,
3757 2258 3809 2312 iu

2229 2364 2331 2419 qua
2362 2362 2464 2402 non
2491 2355 2569 2401 cst
2596 2347 2880 2417 inquisitos
2902 2348 3242 2405 adversarius
3269 2358 3470 2405 noster.
3495 2350 3810 2405 Dicentibus

2231 2455 2359 2497 vero
2382 2440 2718 2507 custodibus,
2750 2440 2883 2495 nihil
2915 2442 2967 2496 in
2996 2456 3056 2497 ea
3088 2442 3231 2497 aliud
3260 2443 3359 2497 nisi
3382 2452 3696 2497 ornamenta
3722 2457 3811 2498 ee-

2230 2534 2414 2589 elesia:
2444 2533 2730 2601 contineri,
2760 2533 2833 2587 illi
2863 2534 3068 2589 clavem
3101 2535 3391 2604 postulant,
3427 2537 3635 2590 alentes
3663 2533 3813 2591 :Nisi

2232 2622 2602 2682 reseraveritis
2622 2624 2859 2680 velocius
2874 2667 2888 2691 ,
2922 2625 3023 2696 ipsi
3049 2640 3166 2681 eam
3192 2634 3383 2697 sponte
3403 2626 3813 2696 confringimus.

2234 2715 2475 2784 Denique
2500 2724 2737 2770 reserata
2768 2730 2888 2771 arca
2910 2756 2927 2783 ,
2959 2718 3153 2772 amotis
3181 2718 3603 2783 linteaminibus,
3638 2718 3817 2772 inven-

2236 2815 2347 2863 tum
2378 2808 2696 2874 extrahunt,
2727 2808 3041 2879 plaudentes
3070 2818 3229 2881 atque
3257 2810 3499 2866 dicentes
3525 2828 3538 2864 :
3570 2810 3813 2865 Tradidit

2234 2900 2374 2957 Deus
2400 2902 2671 2958 inimicum
2704 2912 2943 2959 nostrum
2973 2906 3025 2959 in
3055 2920 3242 2961 manus
3271 2914 3502 2962 nostras.
3529 2906 3679 2963 Tunc
3707 2920 3811 2961 ca:-

2237 2995 2426 3052 dentes
2456 3010 2579 3051 eum
2612 2998 2832 3067 pugnis,
2862 3000 3141 3068 sputisqne
3170 3009 3519 3070 perurgentes
3549 2999 3594 3067 ί,
3619 3000 3813 3055 vinctis

2235 3098 2357 3158 post
2388 3098 2593 3159 tergum
2626 3090 2872 3147 manibus
2901 3092 2965 3146 ad
2992 3093 3290 3147 columnam
3326 3094 3590 3163 lapidibus
3617 3094 3813 3149 obrue—

2234 3190 2378 3236 runt.
2421 3182 2545 3239 Fuit
2583 3193 2759 3238 autem
2801 3183 2853 3237 in
2894 3183 3028 3238 cibis
3071 3185 3232 3256 133
3270 3184 3425 3240 valde
3464 3199 3677 3241 vorax:
3718 3185 3813 3240 sed

562 3299 701 3366 lam,
734 3299 785 3352 in
813 3313 915 3368 qua
943 3297 1183 3352 dormire
1222 3296 1409 3352 solitus
1446 3304 1591 3363 erat,
1630 3303 1899 3366 repertam
1938 3311 2134 3368 ηενρ,
2164 3299 2209 3364 C
2239 3287 2358 3343 quae
2397 3276 2676 3341 sumebat,
2709 3290 2815 3346 quo
2843 3275 3071 3331 celerius
3100 3278 3165 3331 ad
3193 3276 3625 3332 manducandum
3667 3291 3813 3332 com-

555 3390 799 3446 diuntur.
831 3391 913 3445 Ad
942 3390 1094 3459 cujus
1121 3389 1315 3444 ostium
1346 3388 1642 3445 diutissime
1661 3396 1976 3460 pugnantes,
2002 3389 2131 3444 nihil

560 3482 610 3537 ei
641 3488 887 3550 poterant
924 3480 1238 3548 prmvalere.
1277 3478 1483 3533 Dehinc
1522 3488 1678 3534 cruto
1717 3480 1785 3535 ab
1822 3494 1929 3535 uno
1964 3479 2131 3535 latere

558 3569 766 3640 pariete
794 3570 1187 3637 ingredientes,
1221 3568 1396 3640 gladio
1426 3582 1549 3624 eum
1579 3568 1977 3625 interfecerunt.
2008 3569 2133 3624 Post

562 3668 789 3716 mortem
819 3662 961 3715 enim
989 3657 1309 3715 Theuderici
1341 3661 1428 3714 hic
1454 3660 1765 3716 interfectus
1793 3670 1892 3716 est.

632 3751 869 3808 XXXVI.
926 3754 1021 3810 llis
1077 3753 1308 3823 denique
1361 3753 1526 3824 gestis
1575 3752 1979 3809 Theudebertus
2035 3768 2131 3810 rex

552 3856 815 3917 aegrotare
843 3845 1029 3916 cmpit.
1062 3844 1140 3900 Ad
1180 3860 1339 3915 quem
1380 3844 1572 3901 medici
1617 3844 1783 3901 multa
1819 3845 1995 3901 studia
2036 3846 2131 3901 im-

554 3939 857 4009 penderunt
882 3955 901 3997 :
930 3938 1026 3993 sed
1058 3937 1191 3992 nihil
1212 3937 1413 4005 valuit,
1446 3938 1570 4007 quia
1596 3952 1716 3992 eum
1743 3938 1851 4007 jam
1875 3938 2131 3994 Dominus

552 4033 732 4085 vocari
760 4029 1005 4099 jubebat.
1041 4028 1180 4100 Ergo
1211 4043 1332 4084 cum
1362 4028 1663 4086 diutissime
1690 4038 2031 4100 aegrotasset,
2064 4029 2131 4085 ab

554 4121 670 4190 ipsa
708 4122 1019 4175 infirmitate
1059 4119 1311 4175 deﬁciens
1332 4161 1347 4187 ,
1379 4120 1609 4176 reddidit
1638 4122 1905 4192 spiritum.
1938 4120 2129 4179 Franci

555 4231 683 4272 vero
712 4231 831 4271 cum
862 4215 1209 4271 Parthenium
1240 4217 1293 4271 iu
1322 4216 1447 4271 odio
1488 4231 1684 4288 magno
1710 4217 1999 4285 haberent,
2031 4232 2129 4288 pro

553 4322 620 4365 eo
657 4308 799 4378 quod
838 4307 915 4363 eis
957 4307 1154 4361 tributa
1182 4308 1433 4363 antedicti
1460 4310 1605 4379 regis
1634 4317 1873 4380 tempore
1902 4311 2127 4366 inﬂixis-

551 4407 661 4465 set,
705 4413 827 4454 eum
868 4398 1121 4469 persequi
1157 4407 1457 4469 coeperunt.
1499 4399 1593 4455 Ille
1630 4414 1759 4455 vero
1797 4402 1850 4456 in
1889 4401 2129 4470 periculo

551 4489 788 4561 positum
831 4503 890 4545 se
928 4504 1186 4559 cernens,
1216 4488 1524 4561 confugium
1570 4489 1637 4545 ab
1672 4488 1807 4546 urbe
1833 4488 1990 4559 facit,
2017 4500 2070 4548 et
2098 4505 2127 4547 a

553 4578 762 4637 duobus
788 4578 1057 4651 episcOpis
1084 4580 1397 4651 suppliciter
1426 4590 1644 4649 exorat,
1687 4590 1744 4637 ut
1781 4596 1902 4638 eum
1942 4582 2011 4637 ad
2040 4597 2129 4639 ur-

678 4759 766 4820 Sic
794 4770 927 4816 mSS.
955 4757 1057 4815 Ed.
1085 4773 1213 4815 vero
1233 4798 1249 4824 ,
1281 4758 1625 4827 sponsionem.

634 4828 662 4869 ι
687 4830 843 4901 Reg.,
872 4830 1029 4901 Colb.
1056 4840 1111 4886 et
1140 4830 1293 4896 Bad.,
1312 4825 1573 4887 ’Siacrius.
1607 4825 1842 4901 Etjnfra
1865 4841 1961 4897 pro
1989 4826 2123 4883 Siri-

545 4902 699 4957 valdo
722 4897 928 4971 aliquot
949 4900 1079 4956 editi
1101 4912 1154 4957 et
1182 4915 1338 4967 mss.,
1364 4901 1645 4957 Sirit'uldo.
1673 4897 1913 4971 Siagrius
1940 4908 2119 4953 autem

544 4973 685 5028 illius
736 4968 836 5027 fuit
885 4971 1207 5038 Desiderati,
1240 4975 1331 5041 qui
1369 4970 1625 5041 injurias,
1668 4969 1735 5023 de
1763 4968 1965 5041 quibus
1994 4982 2116 5037 cap.

544 5043 906 5116 praecedenti,
938 5058 1070 5114 quas
1097 5036 1270 5116 pater:
1290 5036 1754 5116 subg'Theodorico
1797 5036 2119 5107 pertulerat,

544 5112 690 5171 ultus
714 5123 819 5171 est.
854 5112 935 5170 De
956 5112 1190 5184 ltgerico
1222 5114 1370 5182 plura
1403 5112 1649 5184 inferius.

570 5234 582 5245 .
617 5194 641 5224 ε
682 5183 846 5240 Vicus
888 5185 956 5239 ad
996 5179 1249 5240 Oscaram
1289 5185 1509 5238 ﬂuvium
1551 5182 1606 5237 in
1647 5180 1866 5235 dioecesi
1912 5179 2115 5252 Lingo-

541 5254 699 5314 neui
723 5298 739 5325 ,
770 5254 928 5326 vulgo
958 5254 1169 5326 Florey.
1204 5254 1443 5309 Pertinet
1478 5253 1546 5309 ad
1586 5251 1972 5308 monasterium
2017 5251 2116 5309 Ca-

542 5326 842 5383 billoneuse
867 5325 1038 5383 sancti
1062 5325 1317 5381 Marcelli.

612 5391 649 5440 ⁸
679 5394 893 5470 Begm.,
922 5396 1294 5456 exsultantibus
1321 5394 1413 5453 eis.

2243 3374 2566 3432 moveretur,
2596 3376 2810 3437 sumpto
2841 3368 2957 3424 aloe
2988 3369 3244 3425 velociter
3272 3369 3583 3439 digerebat,
3626 3370 3721 3426 sed
3761 3378 3814 3425 et

2238 3460 2497 3527 strepitus
2520 3460 2723 3515 ventris
2751 3449 2952 3531 absque
2973 3460 3077 3517 ulla
3098 3462 3396 3517 auditorum
3428 3464 3727 3519 reverentia
3759 3464 3813 3521 in

2236 3549 2447 3620 publico
2485 3552 2781 3608 emittebat.
2810 3553 2924 3609 Hoc
2960 3568 3088 3625 ergo
3124 3556 3275 3612 exitu
3303 3564 3705 3613 consummatus
3733 3557 3813 3611 in-

2237 3643 2399 3698 teriit.

2304 3752 2568 3811 XXXVII.
2611 3757 2836 3811 Gravem
2876 3771 2942 3814 eo
2978 3772 3151 3826 anno,
3192 3768 3247 3816 et
3283 3760 3443 3817 solito
3479 3763 3812 3833 asperiorem

2237 3844 2483 3917 hyemem
2522 3844 2647 3902 fecit
2676 3857 2726 3919 8,
2758 3850 2840 3927 dita
2879 3860 2937 3905 ut
2975 3859 3237 3908 torrentes
3276 3856 3611 3910 concatenati
3650 3856 3769 3926 gelu
3796 3897 3811 3924 ,

2233 3938 2479 4009 pervium
2510 3940 2719 4010 populis
2749 3942 2867 4005 iter,
2902 3951 3151 4015 tanquam
3184 3945 3387 4016 reliqua
3418 3947 3637 4016 humus,
3671 3964 3785 4017 prae

2234 4034 2445 4089 herent.
2468 4038 2606 4088 Aves
2631 4050 2843 4104 quoque
2869 4036 3047 4105 rigore
3072 4037 3277 4094 afTectae
3301 4040 3383 4094 vel
3414 4041 3573 4109 fame,
3604 4042 3811 4113 absque

2233 4125 2343 4180 ullo
2380 4125 2661 4181 hominum
2684 4113 2973 4193 dolofeum
3005 4144 3210 4200 magum
3239 4138 3418 4187 essent
3445 4133 3618 4199 nives,
3652 4148 3812 4190 manu

2232 4220 2606 4289 capiebantur.
2640 4224 2679 4275 A
2715 4221 2945 4276 transitu
2978 4222 3139 4292 igitur
3166 4223 3524 4281 Chlodoveebi
3556 4240 3729 4296 usque
3757 4228 3811 4283 in

2232 4309 2512 4365 transitum
2564 4311 2958 4380 Theudeberti,
2999 4323 3379 4383 computantur
3418 4318 3542 4372 anni
3592 4318 3809 4388 triginta

2230 4408 2436 4470 septem
2469 4398 2518 4456 δ.
2546 4401 2752 4458 Mortuo
2782 4418 2908 4475 ergo
2940 4403 3342 4476 Theudeberto,
3378 4418 3569 4478 quarto
3598 4409 3812 4467 decimo

2230 4492 2382 4563 regni
2408 4495 2489 4550 sui
2516 4509 2691 4563 anno,
2732 4500 2974 4569 regnavit
3012 4498 3424 4559 Theodobaldus
3459 4501 3475 4541 ί
3509 4501 3651 4559 filius
3691 4503 3810 4573 ejus

2228 4600 2327 4657 pro
2350 4600 2436 4643 eo.

2151 4762 2205 4825 D
2230 4761 2550 4849 1Colb.,
2594 4764 2766 4849 Papia
2802 4766 3647 4849 iléus.conjyge,§ed-mendosg;
3681 4788 3807 4832 nam

2228 4842 2459 4911 patetcrt
2481 4837 2821 4907 sequentibus
2843 4837 3188 4906 Papianillam
3212 4840 3477 4897 Parthenii
3493 4845 3657 4911 ipsius
3674 4861 3806 4902 uxo-

2229 4918 2345 4979 rem
2369 4906 2571 4979 fuisse,
2606 4923 2762 4976 quam
2796 4911 3055 4979 zelotypia
3088 4912 3333 4968 laborans
3360 4906 3653 4971 occiderat.

2305 4975 2325 5055 ξ
2364 4975 2451 5055 Sic
2480 4993 2608 5055 mss.
2627 4975 2645 5043 7;
2682 4987 2735 5033 at
2754 4975 3005 5055 Plerique
3035 4981 3205 5055 editi,
3226 4994 3586 5055 perungenles.

2303 5054 2329 5092 ε
2375 5046 2596 5119 Phrasis
2637 5058 2718 5103 est
2746 5046 2979 5119 Gallica,
3013 5046 3550 5118 quambabent'mss.
3582 5071 3806 5119 omnes,

2226 5126 2436 5257 praeter!
2465 5118 2586 5241 prec.
2622 5119 2712 5189 qui
2739 5135 2861 5176 cum
2890 5118 2973 5178 ed.
3008 5122 3202 5194 habet,
3232 5124 3413 5181 Gravis
3437 5167 3448 5181 .
3476 5164 3494 5183 .
3525 5165 3539 5182 .
3572 5118 3805 5199 asperior

2244 5202 2383 5241 uenis
2436 5206 2483 5241 ut
2516 5228 2530 5243 .

2244 5202 2383 5241 uenis
2412 5198 2530 5243 fuit.

2296 5256 2324 5331 1}
2362 5256 2475 5331 Gel.
2498 5298 2512 5325 ,
2540 5262 2747 5331 triginta
2770 5279 2877 5319 sex.

2300 5327 2318 5365 ί
2361 5329 2450 5386 Sic
2480 5327 2642 5399 BecJ;
2673 5334 2762 5392 alii
2790 5334 3198 5396 Theodovaldus.
3223 5337 3356 5399 Vide
3373 5353 3538 5413 supra
3560 5353 3681 5413 cap.
3705 5340 3797 5395 Ξῖσ
