4028 6342
498 386 600 441 271

1487 384 1546 442 S.
1590 381 1917 440 GREGORII
1962 379 2269 437 EPISCOPI
2309 381 2734 441 TURONENSIS

3660 390 3781 446 272

495 506 687 562 beatus
726 499 1020 572 lnjuriosus
1068 516 1324 572 respuens
1374 502 1712 579 subscribere
1757 502 2075 569 dedignatus
2103 498 2157 558 Α
2184 501 2365 565 cessit,
2424 501 2661 557 decimus
2690 511 2870 557 sextus
2924 511 3043 573 post
3093 505 3304 559 exitum
3340 504 3483 561 beati
3532 504 3781 562 Martini.

496 610 602 664 est,
631 598 814 652 dicens
839 613 853 651 :
877 595 933 651 Si
962 596 1196 648 volneris
1219 610 1305 647 res
1330 595 1423 648 Dei
1458 596 1646 647 tollere
1666 634 1681 657 ,
1704 594 1960 645 Dominus
1986 607 2072 646 re-

498 706 664 764 gnum
697 700 842 744 tuum
872 686 1130 742 velociter
1168 685 1375 740 auferet
1404 704 1415 737 :
1449 685 1569 754 quia
1604 686 1844 753 iniquum
1873 693 1987 747 est,
2020 693 2079 737 ut

499 796 764 854 pauperes
808 795 942 849 quos
990 788 1082 832 tuo
1131 778 1296 832 debes
1342 777 1491 832 alere
1540 777 1765 840 horreo,
1796 776 1863 829 ab
1891 790 2076 830 eorum

502 877 641 945 stipe
668 883 755 930 tua
792 872 946 944 142
980 873 1170 925 horrea
1204 870 1533 937 repleantur.
1580 868 1646 922 Et
1689 868 1855 922 iratus
1894 876 2077 921 contra

500 982 701 1036 regem,
753 979 851 1019 nec
898 963 1202 1017 valedicens
1250 961 1535 1015 abscessit.
1579 960 1730 1013 Tunc
1778 967 2079 1012 commotus

503 1074 622 1125 rex,
648 1059 841 1111 timens
867 1055 1027 1110 etiam
1060 1055 1307 1109 virtutem
1339 1053 1478 1107 beati
1506 1050 1713 1105 Martini
1735 1093 1750 1115 ,
1785 1052 1929 1104 misit
1959 1058 2080 1118 post

505 1161 630 1203 eum
670 1161 790 1202 cum
831 1144 1173 1207 muneribus,
1204 1143 1413 1197 veniam
1444 1156 1701 1211 precaris,
1733 1142 1912 1196 ethoc
1940 1139 2078 1210 quod

506 1237 703 1294 fecerat
729 1236 1313 1301 damnans,'simulque
1344 1250 1536 1305 rogans
1563 1275 1578 1300 ,
1611 1245 1668 1288 ttt
1696 1248 1791 1304 pro
1821 1248 1882 1289 se
1910 1234 2082 1287 virtu-

503 1336 611 1385 tem
643 1329 780 1383 beati
812 1326 1024 1382 Martini
1049 1324 1303 1379 antistitis
1333 1334 1601 1379 exoraret.

578 1418 666 1474 Ill.
713 1418 1166 1473 Clilothacbarins
1190 1416 1418 1486 denique
1459 1416 1574 1485 ipse
1613 1431 1708 1470 rex
1751 1414 1818 1470 de
1857 1414 2082 1470 diversis

508 1512 827 1569 mulieribus
854 1519 1058 1578 septem
1100 1510 1233 1563 filios
1264 1508 1476 1572 habuit.
1507 1508 1556 1562 id
1590 1516 1672 1563 est
1710 1508 1776 1562 de
1810 1506 2081 1577 lngunde,

506 1602 879 1667 Gunlharinm,
903 1601 1284 1665 Cbildericum,
1309 1600 1700 1663 Cbaribertum,
1730 1596 2084 1653 Guntcltrant-

509 1711 637 1752 num
664 1737 678 1760 ,
722 1694 1042 1765 Sigibertum
1066 1733 1077 1754 .
1114 1704 1168 1745 et
1198 1691 1566 1746 Cltlotsiudatn
1616 1691 1812 1755 filiam;
1852 1693 1917 1743 de
1951 1695 2082 1744 Are-

513 1787 691 1857 gunde
716 1802 843 1840 vero
871 1799 1056 1839 sorore
1085 1783 1356 1851 lngundis,
1383 1783 1774 1852 Cltilpericum;
1808 1782 1873 1835 de
1905 1779 2085 1834 Chun-

2258 594 2345 648 IV.
2371 595 2589 647 Cbanao
2618 611 2825 665 quoque
2844 596 3212 649 Britannorum
3235 612 3419 652 eomes
3442 607 3553 653 tres
3573 598 3780 654 fratres

2181 699 2305 738 suos
2334 684 2617 739 interfecit.
2636 686 2833 741 Volens
2859 699 3033 742 autem
3064 688 3236 741 adhuc
3257 689 3572 744 Maeliavum
3603 691 3783 747 inter-

2181 775 2371 841 licere,
2423 786 2869 843 comprehensum
2920 791 3081 849 atque
3126 783 3332 837 catenis
3381 793 3667 838 oneratum
3723 787 3781 840 in

2180 882 2397 922 carcere
2427 869 2709 933 retinebat,
2741 871 2829 939 qui
2864 886 2959 939 per
2992 872 3219 926 Felicem
3251 874 3623 929 Namneticum
3647 877 3778 944 epi-

2182 970 2402 1026 scopum
2431 974 2458 1009 a
2493 968 2664 1013 morte
2695 959 2952 1015 liberatus
2984 972 3084 1015 est.
3123 962 3365 1017 Postlnec
3387 964 3587 1033 juravit
3616 966 3778 1021 fratri

2182 1064 2300 1114 suo,
2332 1059 2390 1103 ut
2418 1052 2468 1103 ei
2512 1050 2682 1104 fidelis
2710 1060 2885 1115 esset;
2934 1054 3029 1107 sed
3079 1055 3261 1108 nescio
3290 1070 3395 1121 quo
3435 1071 3565 1110 casu
3592 1070 3782 1111 Sacra-

2161 1141 2418 1195 'memum
2469 1142 2765 1210 irrumpere
2793 1143 2962 1197 voluit
2993 1161 3009 1199 :
3041 1146 3182 1214 quod
3227 1147 3447 1201 Chanao
3489 1151 3779 1215 sentiens,

2183 1232 2374 1288 iterum
2401 1250 2522 1288 eum
2554 1236 2997 1305 persequebatur.
3033 1240 3100 1292 At
3132 1238 3223 1293 ille
3243 1280 3257 1302 ,
3289 1255 3411 1294 cum
3439 1254 3498 1294 se
3533 1242 3778 1296 evadere

2184 1338 2289 1377 non
2323 1339 2478 1391 posse
2497 1326 2723 1387 videret,
2751 1336 2871 1395 post
2894 1328 3055 1382 alium
3083 1328 3331 1384 comitem
3359 1331 3596 1399 regionis
3623 1330 3779 1386 illius

2126 1473 2130 1476 ,
2184 1412 2335 1483 fugit,
2366 1419 2582 1470 nomine
2615 1414 2772 1487 144
2797 1416 3195 1476 Cboitnmorem
3223 1430 3272 1473 ι.
3306 1420 3358 1476 Is
3386 1435 3509 1476 cum
3538 1422 3781 1478 sentiret

2185 1514 2556 1572 persecutores
2581 1506 2697 1574 ejus
2722 1508 3183 1575 appr0pinquare,
3230 1511 3330 1565 sub
3383 1523 3523 1567 terra
3563 1528 3691 1566 eum
3724 1514 3781 1570 in

2186 1594 2361 1648 loculo
2404 1596 2725 1665 abscondit,
2774 1614 3106 1667 componens
3135 1601 3365 1671 desuper
3400 1619 3464 1658 ex
3506 1619 3660 1659 more
3692 1612 3781 1658 tu-

2188 1686 2388 1738 mulum
2414 1725 2431 1751 ,
2464 1701 2791 1757 parvumque
2832 1691 2879 1744 ei
2909 1692 3231 1759 spiraculum
3274 1710 3583 1763 reservans,
3621 1698 3775 1753 unde

2189 1774 2411 1831 halitum
2445 1793 2716 1834 resumere
2750 1792 2950 1847 posset.
2975 1782 3395 1840 Advenientibus
3435 1799 3614 1841 autem
3646 1803 3781 1857 per-

507 1894 636 1936 sena
665 1876 847 1933 habuit
868 1876 1218 1931 Cltramuum.
1249 1877 1377 1941 Quae
1408 1885 1584 1927 autem
1614 1888 1777 1926 causa
1806 1872 1993 1934 fuerit,
2025 1879 2084 1925 ut
2114 1864 2160 1923 Β
2184 1869 2517 1923 secutoribus
2544 1870 2659 1939 ejus
2686 1870 2937 1926 dixerunt
2965 1890 2979 1927 :
3019 1875 3156 1929 Ecce
3185 1876 3269 1929 hic
3298 1877 3588 1933 Macliavns
3615 1895 3773 1933 tuor-

507 1972 693 2026 uxoris
741 1984 849 2023 suae
902 1982 1144 2021 sororem
1188 1966 1491 2031 acciperet,
1524 1964 1781 2018 dicamus.
1816 1963 1945 2017 Cum
1974 1961 2117 2041 jam.

514 2063 803 2133 lngundem
832 2063 883 2115 in
908 2061 1154 2130 conjugio
1177 2059 1486 2127 accepisset,
1509 2068 1560 2111 et
1584 2074 1698 2111 eam
1725 2057 1879 2110 unit-o
1907 2072 2088 2111 amore

512 2155 777 2222 diligeret,
809 2166 1201 2224 suggestionem
1225 2154 1291 2206 ab
1311 2168 1373 2207 ea
1400 2153 1625 2219 accepit,
1652 2152 1862 2205 dicente
1893 2167 1905 2202 :
1941 2149 2087 2203 Fecit

515 2247 762 2301 dominus
792 2260 942 2300 meus
970 2244 1036 2299 de
1063 2242 1251 2297 ancilla
1280 2257 1376 2297 sua
1407 2243 1547 2313 quod
1580 2241 1753 2307 libuit,
1786 2249 1841 2295 et
1868 2255 1965 2292 suo
1997 2254 2086 2293 me

510 2349 679 2394 strato
728 2340 916 2393 ascivit

510 2430 635 2499 quid
654 2429 845 2484 famula
879 2440 963 2482 tua
993 2440 1265 2499 suggerat,
1294 2427 1445 2498 143
1464 2425 1911 2481 audiatdotninus
1936 2442 2085 2481 meus

510 2537 626 2577 rex.
662 2522 856 2576 Precor
886 2531 941 2574 ιιι
964 2525 1132 2575 sorori
1167 2537 1319 2585 meae,
1352 2537 1521 2575 serva:
1552 2529 1765 2582 vestrae,
1792 2521 1973 2573 utilem
2006 2527 2085 2572 at-

514 2628 619 2683 que
672 2613 956 2667 habentem
991 2624 1017 2649 ⁸
1057 2614 1226 2664 virum
1282 2614 1530 2677 ordinare
1577 2610 1897 2679 dignemini,
1948 2611 2088 2663 unde

517 2720 622 2759 non
684 2706 950 2765 ltumilier,
1000 2702 1090 2756 sed
1141 2703 1314 2770 potius
1352 2703 1580 2757 exaltata
1631 2704 1831 2755 servire
1881 2701 2088 2756 fidelius

512 2794 735 2865 p03>itlh
768 2794 919 2861 Quod
947 2794 1033 2848 ille
1055 2795 1310 2858 audiens,
1347 2807 1467 2846 cum
1494 2800 1639 2846 esset
1670 2792 1892 2845 nimium
1932 2793 2086 2843 luxu-

515 2886 710 2945 riosus,
731 2887 782 2939 in
805 2901 1037 2938 amorem
1058 2884 1358 2952 Aregundis
1391 2884 1711 2948 incenditur,
1741 2894 1792 2936 et
1819 2883 1883 2936 ad
1913 2884 2086 2937 villam

511 2978 565 3032 in
597 2992 700 3046 qua
731 2976 842 3045 ipsa
875 2976 1139 3029 residebat
1166 2976 1341 3044 dirigit
1374 2972 1468 3046 [_It.
1501 2973 1683 3046 vadit],
1737 2989 1959 3042 eamque
1989 2974 2086 3027 sibi

511 3071 564 3125 in
595 3070 934 3125 matrimonio
983 3069 1226 3121 sociavit.
1256 3068 1369 3134 Qua
1412 3078 1660 3135 accepta,
1690 3065 1756 3119 ad
1799 3066 2086 3133 lugundetn

510 3165 755 3231 rediens,
806 3163 927 3217 ait:
970 3162 1219 3216 'l‘ractavi
1280 3162 1584 3214 lliEl'CCdt‘lﬂ
1640 3161 1780 3213 illam
1833 3161 2083 3227 imp'ere,

967 2356 980 2391 :
1022 2352 1163 2391 nunc
1212 2338 1275 2390 ad
1322 2337 1691 2406 complendam
1752 2324 2121 2400 mercedem,

2193 1968 2311 2014 tuus
2337 1962 2761 2045 atque'Sepultus
2786 1964 2948 2045 jacet.
2983 1965 3137 2033 Quod
3167 1966 3243 2022 illi
3271 1971 3581 2038 audientes,
3610 1982 3783 2042 atque

2190 2053 2504 2123 gaudentes,
2535 2065 2590 2109 et
2619 2071 2780 2124 super
2811 2058 3071 2112 tumulum
3104 2060 3253 2114 illum
3284 2061 3549 2128 bibentes,
3575 2081 3784 2123 renum

2190 2147 2458 2199 tiaverunt
2508 2147 2656 2200 fratri
2706 2163 2828 2202 cum
2877 2158 3145 2203 mortuum
3187 2166 3326 2205 esse.
3364 2153 3517 2220 Quod
3558 2154 3653 2210 ille
3680 2172 3785 2211 au-

2164 2236 2375 2303 diens,
2422 2253 2643 2306 regnum
2673 2238 2790 2308 ejus
2819 2242 3087 2311 integrum
3129 2244 3366 2311 accepit:
3400 2261 3524 2299 nam
3562 2262 3784 2317 semper

2192 2328 2430 2383 Britanni
2461 2333 2558 2384 sub
2586 2330 2917 2386 Francorum
2945 2343 3208 2402 potestate
3233 2346 3353 2405 post
3382 2337 3591 2393 obitum
3631 2349 3783 2412 regis

2189 2418 2547 2474 Cblodovccbi
2579 2423 2811 2485 fuerunt,
2842 2432 2896 2476 et
2923 2423 3144 2478 comites
3165 2466 3181 2489 ,
3215 2442 3321 2480 non
3352 2442 3505 2496 reges
3533 2425 3561 2465 ει
3593 2434 3783 2498 appel-

2188 2514 2280 2567 lati
2310 2524 2451 2566 sunt.
2486 2513 2772 2567 lilacliavus
2800 2524 2979 2568 autem
3009 2515 3076 2569 de
3106 2516 3206 2571 sub
3232 2526 3369 2572 terra
3404 2533 3778 2591 consurgens,

2195 2603 2495 2657 Veneticum
2571 2604 2753 2658 urbem
2801 2606 3060 2672 expetiit,
3115 2606 3291 2676 ibique
3336 2617 3683 2678 tonsuratus,
3728 2622 3783 2671 et

2187 2696 2468 2763 episcopus
2519 2695 2798 2749 ordinatus
2829 2708 2934 2750 est.
2975 2698 3180 2753 Mortuo
3222 2710 3400 2755 autem
3445 2702 3779 2772 Cbanaone,

2192 2787 2277 2840 ltic
2304 2787 2626 2855 apostatavit
2648 2829 2662 2853 ,
2695 2796 2747 2842 et
2775 2789 3020 2843 demissis
3046 2790 3253 2858 capillis
3274 2831 3290 2856 ,
3335 2808 3560 2849 uxorem
3617 2813 3779 2864 quam

2190 2892 2305 2949 post
2336 2884 2643 2935 clericatum
2675 2882 2990 2949 reliquerat,
3022 2899 3140 2937 cum
3175 2900 3339 2954 regno
3400 2888 3585 2944 fratris
3616 2890 3779 2947 simul

2190 2976 2392 3037 acce,:it
2419 2975 2555 3039 :sed
2601 2975 2667 3027 ab
2708 2974 2975 3043 episeopis
3006 2966 3496 3034 exi'mntuunicatus
3526 2990 3645 3046 est.
3687 2982 3777 3039 cui

2192 3065 2361 3133 qualis
2390 3065 2549 3117 fuerit
2580 3066 2830 3119 interitus
2854 3110 2868 3132 ,
2904 3081 3189 3137 sequenter
3220 3073 3517 3126 scribemus
3546 3075 3678 3142 (lib.
3713 3090 3772 3142 v,

2190 3171 2304 3223 cap.
2341 3156 2449 3221 16).
2480 3156 2623 3211 Obiit
2655 3168 2831 3211 autem
2857 3159 3124 3213 Bandinns
3144 3164 3426 3232 episcopus
3454 3180 3593 3220 anno
3617 3180 3778 3225 sexto

512 3272 668 3324 quam
698 3272 781 3310 me
813 3266 898 3309 tua
948 3254 1176 3308 dulcedo
1208 3251 1453 3321 expetiit.
1493 3253 1560 3305 Et
1599 3253 1876 3320 requirens
1914 3254 2085 3305 virum
2116 3240 2162 3303 C
2193 3248 2529 3313 epi~copatus
2570 3248 2647 3300 sui
2679 3265 2691 3300 :
2725 3248 2777 3301 in
2818 3250 2967 3317 Cujus
3013 3252 3189 3306 locum
3236 3252 3564 3311 Guttlharius
3612 3260 3778 3317 abba;

514 3350 733 3405 divitem
762 3359 917 3417 atque
948 3348 1266 3414 sapientem,
1297 3336 1455 3414 quem
1490 3354 1591 3397 tuo
1622 3343 1793 3397 sorori
1833 3345 2086 3398 deberem

514 3441 826 3509 adjnngere,
848 3439 975 3491 nilnil
998 3438 1187 3490 melius
1208 3451 1364 3503 quam
1396 3436 1654 3501 meipsum
1679 3434 1878 3487 inveni.
1908 3434 2088 3502 Itaque

516 3531 749 3591 noveris,
783 3530 903 3597 quia
926 3543 1041 3581 eam
1073 3540 1350 3594 conjugem
1378 3526 1583 3593 accepi,
1614 3524 1752 3594 quod
1783 3525 1872 3577 tibi
1904 3524 2089 3593 displi-

522 3638 646 3677 cere
676 3637 779 3676 non
811 3620 990 3674 credo.
1024 3620 1092 3672 At
1121 3620 1205 3672 illa
1233 3634 1247 3673 :
1273 3618 1422 3684 Quod
1455 3618 1646 3671 bonum
1668 3658 1682 3680 ,
1713 3619 1913 3688 inquit,
1944 3618 2088 3673 vide-

521 3724 607 3768 tur
639 3715 688 3767 in
718 3714 887 3767 oculis
918 3710 1115 3765 domini
1154 3711 1260 3764 mei
1292 3710 1489 3763 faciat:
1524 3719 1723 3763 tantum
1760 3711 1951 3763 ancilla
1999 3721 2087 3764 tua

518 3821 638 3861 cum
684 3807 849 3875 gratia
886 3806 1027 3874 regis
1060 3804 1217 3857 vivat.
1250 3803 1573 3858 Guntliarius
1609 3820 1758 3869 vero,
1790 3804 2088 3857 Cltramnus

519 3907 677 3967 atque
707 3897 1039 3952 Cbildericus
1063 3936 1078 3959 ,
1112 3898 1327 3949 vivente
1361 3908 1510 3964 patre
1548 3895 1742 3948 mortui
1773 3904 1918 3948 sunt.
1952 3895 2088 3948 Exi-

517 3996 627 4043 tum
672 4003 798 4042 vero
846 3986 1101 4041 Cliramni
1152 3987 1202 4040 in
1249 3994 1518 4055 posterum
1558 3987 1870 4040 scribemus.
1908 3987 2090 4041 Alboi-

514 4095 613 4134 nus
633 4078 661 4117 δ
691 4094 899 4150 quoque
923 4094 1012 4134 rex
1032 4078 1504 4149 Langobardorum
1530 4078 1896 4132 Cblotsindam
1924 4079 2085 4132 filiam

514 4173 653 4241 regis
681 4173 907 4243 accepit.
932 4173 1075 4226 Obiit
1100 4182 1274 4227 autem
1308 4172 1601 4241 lnjuriosus
1625 4173 1910 4240 episcoitus
1940 4173 2086 4228 urbis

515 4264 790 4320 Tumuicm
822 4265 1036 4319 decimo
1058 4274 1110 4317 et
1155 4265 1384 4333 septimo
1421 4265 1761 4331 episcopatus
1792 4265 1873 4318 sui
1905 4280 2045 4319 anno
2073 4282 2086 4319 :

517 4357 598 4410 cui
632 4356 921 4424 Baudinus,
952 4372 1013 4410 ex
1040 4355 1336 4411 domestico
1359 4355 1751 4410 Cltlotltacharii
1780 4358 1940 4427 regis,
1970 4375 2092 4414 suc-

526 4504 535 4511 ’
588 4518 613 4578 ξι
656 4509 708 4561 ltl
740 4517 822 4562 est
857 4508 1096 4563 divitem.
1124 4511 1253 4578 lleg.
1286 4520 1337 4563 et
1367 4510 1494 4563 editi
1525 4512 1579 4575 9.,
1616 4511 1862 4567 habitent.

586 4577 614 4615 δ
656 4579 839 4645 Curb.,
873 4579 1152 4643 Alburnus,
1182 4582 1334 4643 Bell.,
1377 4584 1651 4633 Alboemts.
1690 4582 1763 4636 De
1800 4587 1896 4637 hoc
1924 4585 2089 4639 fusius

516 4649 709 4703 Paulus
736 4650 827 4702 lib.
856 4660 944 4704 tet
968 4665 1001 4703 it
1027 4651 1093 4703 de
1112 4653 1274 4717 gesds
1294 4651 1778 4719 Langobardorum.
1806 4653 1885 4707 Atl
1906 4656 2089 4709 Cblot-

516 4720 721 4773 sindam
753 4735 879 4793 vero
906 4720 1121 4793 scripsit
1144 4721 1329 4775 beatus
1358 4724 1593 4775 Nicetius
1616 4723 1948 4777 'l‘revireusis
1975 4727 2091 4793 epi-

516 4806 728 4857 scopus,
763 4790 1214 4860 cujttshepistolam
1240 4793 1290 4845 in
1315 4792 1625 4858 Appendice
1659 4797 2009 4860 proferemus.

590 4860 864 4933 ﬁltegm”
895 4858 1267 4933 Clouomorem.
1317 4864 1387 4916 De
1429 4864 1526 4916 hoc
1565 4858 1674 4933 agit
1720 4876 1905 4919 auctor
1956 4866 2090 4920 Vitio

515 4931 573 4983 S.
606 4927 774 4983 Calda:
797 4971 813 4997 ,
847 4946 963 4997 quae
997 4931 1222 4984 habetur
1251 4935 1387 4998 apud
1412 4927 1625 4986 Suriuni
1646 4976 1660 4995 ,
1685 4946 1736 4987 et
1771 4936 2082 4991 [tollendum

515 5002 608 5071 die
634 5000 696 5052 lli
718 5002 971 5063 Januarii,
1004 5013 1054 5054 et
1088 5004 1134 5071 iu
1168 5004 1374 5055 Szteeulo
1398 5020 1412 5055 ι
1439 5004 1800 5059 Benedictino.
1932 5008 1935 5011 ’

584 5069 611 5107 ἀ
653 5071 897 5144 ριυιίϋιις
921 5069 1134 5126 disserit
1157 5071 1394 5125 Valesius
1420 5075 1578 5128 lib.vr
1599 5078 1792 5128 lterum
1814 5074 2081 5144 Francic.,

515 5156 634 5214 pag.
656 5140 761 5214 281
791 5154 842 5196 et
873 5158 1049 5211 seqq.,
1083 5152 1258 5195 utrum
1294 5145 1524 5196 Britanni
1552 5150 1650 5198 sub
1683 5160 1910 5212 propriis
1944 5140 2085 5214 regi;

514 5213 614 5266 bus
646 5211 871 5285 fuerint,
907 5223 959 5266 et
990 5230 1094 5282 quo
1128 5224 1365 5281 tempore
1384 5220 1404 5264 ’ξ
1436 5216 1536 5266 ldus
1580 5215 1633 5266 in
1682 5211 2043 5271 Aretnoricatn
2065 5258 2083 5285 ,

515 5298 609 5335 seu
642 5284 1046 5349 Lugdunensem
1081 5295 1288 5336 tertiam
1310 5327 1324 5348 ,
1365 5285 1461 5336 sub
1491 5285 1691 5337 Placidi
1726 5284 2083 5340 Vult-triniani

516 5352 646 5415 imp.
683 5356 974 5421 pttncipatu
998 5370 1059 5407 ex
1086 5357 1271 5419 iuajori
1306 5354 1565 5407 lirttannia
1598 5357 1873 5408 lransiisse
1899 5360 2080 5423 refert,

517 5424 607 5487 qui
639 5424 851 5475 domitis
882 5425 1069 5475 incolis
1105 5425 1311 5492 regioni
1342 5439 1465 5479 suas
1499 5429 1641 5494 leges
1678 5436 1730 5479 et
1762 5442 1953 5478 nmneu
1986 5427 2085 5479 im-

518 5505 839 5559 posuerunt;
869 5508 935 5544 an
962 5509 1087 5546 vero
1113 5493 1225 5547 inec
1253 5498 1393 5562 regio
1414 5493 1736 5549 FranCorum
1766 5498 1978 5557 regibus
2002 5514 2083 5563 pa.

515 5563 685 5616 ruerit
729 5563 922 5629 ambigi
977 5579 1131 5628 posse
1180 5576 1388 5628 t-enset,
1439 5582 1559 5620 cum
1601 5582 1716 5619 eam
1749 5578 1953 5618 constet
1985 5569 2081 5621 sub

517 5632 747 5701 propriis
760 5633 1088 5701 principibus
1106 5649 1316 5702 semper
1332 5637 1624 5697 exstitisse,
1648 5652 1781 5702 quos
1800 5636 2084 5702 aliquando

517 5702 761 5765 comites,
792 5703 1075 5770 aliquando
1103 5709 1283 5773 duces,
1322 5710 1485 5761 immo
1515 5717 1566 5759 et
1597 5724 1969 5773 nonnunquam
1999 5723 2082 5761 ie-

517 5786 610 5844 ges
641 5774 765 5824 varii
794 5780 1036 5827 auctores
1065 5781 1419 5844 uppeilartlnl.
1453 5778 1652 5829 Deinde.
1690 5779 1829 5841 reg/Ni
1873 5780 2085 5832 nomine

519 5840 814 5899 Uritionum
845 5840 1111 5916 regionem
1137 5840 1303 5915 script
1330 5866 1429 5902 mes
1463 5847 1676 5911 gmsizzi,
1706 5840 1761 5899 tri
1789 5850 1897 5914 ipre
1923 5850 2081 5902 etiam

2193 3338 2529 3406 subrogatur,
2561 3331 2801 3393 decimus
2830 3343 3091 3409 septimus
3121 3351 3244 3411 post
3274 3346 3559 3401 transitum
3604 3351 3777 3407 sancti

2195 3428 2430 3482 Martini.

2279 3522 2338 3575 V.
2376 3521 2609 3591 Denique
2642 3531 2665 3559 ο
2699 3538 2817 3577 cum
2850 3525 3037 3580 beatus
3060 3526 3408 3594 Quintianus,
3437 3533 3580 3587 sicut
3610 3551 3775 3606 supra

2194 3612 2447 3681 diximus,
2475 3619 2540 3669 ab
2573 3617 2672 3672 huc
2704 3620 2901 3673 mundo
2928 3622 3207 3690 migraSset
3227 3666 3241 3690 ,
3265 3636 3480 3682 sanctus
3503 3629 3693 3686 Gallus
3717 3635 3775 3688 in

2194 3708 2308 3777 ejus
2347 3712 2685 3774 cathedram.
2735 3730 2860 3783 rege
2905 3718 3201 3779 opitulante
3229 3760 3243 3783 ,
3291 3722 3612 3780 substitutus
3670 3739 3775 3784 est.

2196 3802 2362 3870 llujus
2395 3811 2633 3872 tempore
2663 3820 2784 3857 cum
2828 3806 2942 3861 lues
2976 3807 3062 3860 illa
3089 3851 3103 3871 ,
3138 3825 3295 3877 quam
3355 3813 3712 3884 inguinariam
3749 3819 3771 3859 τ

2196 3906 2410 3959 Vocant,
2442 3912 2534 3965 per
2563 3900 2801 3952 divvrsas
2827 3899 3068 3967 regiones
3098 3902 3417 3970 desazviret,
3451 3917 3506 3962 et
3534 3912 3772 3967 maxime

2195 3994 2318 4040 tunc
2342 3988 2706 4043 Arelatensem
2734 3992 3064 4058 provinciam
3087 3992 3526 4063 depopularetur,
3553 4012 3778 4059 sanctus

2195 4081 2378 4135 Gallus
2408 4097 2519 4135 non
2550 4092 2752 4138 tantum
2787 4100 2882 4151 pro
2912 4100 3002 4149 se,
3038 4098 3290 4155 quantum
3322 4105 3420 4158 pro
3447 4095 3642 4161 populo
3674 4111 3774 4151 suo

2196 4176 2434 4243 trepidus
2464 4162 2598 4228 erat.
2629 4175 2868 4242 Cumque
2909 4177 3000 4230 diu
3039 4189 3305 4248 noctuque
3347 4183 3631 4240 Dominum
3677 4189 3777 4242 de-

2195 4279 2527 4336 precaretur,
2562 4274 2617 4320 nt
2648 4269 2828 4321 vivens
2859 4268 3066 4336 plebem
3097 4287 3245 4324 suam
3278 4276 3480 4328 vastari
3515 4292 3618 4330 non
3651 4295 3777 4335 cer-

2195 4370 2365 4425 neiet,
2399 4376 2491 4427 per
2521 4363 2694 4412 visum
2719 4361 2889 4414 noctis
2916 4363 3161 4430 apparuit
3189 4364 3236 4417 ei
3263 4367 3488 4435 angelus
3526 4369 3772 4442 Domini,

2196 4522 2483 4589 Gregorius
2508 4521 2609 4585 hic,
2641 4528 2691 4573 et
2722 4519 2852 4571 alias
2881 4535 2983 4572 non
3008 4519 3195 4583 semel,
3228 4518 3672 4591 designaverunt.
3712 4530 3778 4582 lit

2195 4595 2408 4660 quidem
2437 4594 2735 4661 υνιιιυιιυιιι
2758 4591 3022 4658 principes
3045 4593 3239 4655 schius
3255 4591 3516 4648 adversus
3539 4597 3778 4653 Francos

2198 4665 2394 4718 bellum
2424 4662 2660 4729 'gessere
2680 4701 2694 4723 ,
2742 4663 2855 4714 sois
2899 4661 3100 4733 legibus
3126 4675 3352 4733 semper
3378 4665 3458 4716 usi
3488 4674 3641 4733 sunt,
3676 4670 3778 4723 sub

2158 4734 2532 4787 -bereditariis
2562 4736 2673 4786 suis
2720 4731 3049 4799 principibus
3087 4731 3357 4795 viventes,
3406 4749 3525 4786 cum
3567 4731 3775 4793 in'aliis

2193 4802 2497 4873 regionibus
2528 4803 2750 4855 comites
2780 4810 2872 4854 aut
2903 4801 3063 4854 duces
3088 4807 3390 4873 nostrorum
3426 4820 3609 4873 regum
3639 4820 3772 4863 num

2190 4872 2500 4941 frequenter
2543 4880 2894 4944 mutarentur.
2927 4875 3050 4944 llam
3083 4885 3178 4944 pro
3220 4872 3599 4944 tneutla'apnd
3637 4879 3775 4933 Brit-

2193 4955 2344 4998 tones
2369 4944 2507 5010 regia
2537 4943 2824 5015 dignitate;
2861 4941 3168 5015 quibushalii
3204 4941 3773 5015 opponunt'Grcgorii

2193 5016 2389 5077 locum,
2425 5028 2581 5082 quem
2616 5010 3346 5082 illustramtts,aliorumque
3371 5010 3607 5068 veterum
3634 5010 3776 5073 'scri-

2194 5080 2824 5153 piorumauctoritatem,
2851 5082 2940 5148 qui
2971 5080 3171 5133 diserte
3209 5093 3459 5153 asserunt
3505 5086 3772 5143 Brittones

2196 5150 2520 5208 Francorum
2570 5152 3088 5225 regibusparnisse;
3133 5150 3326 5217 quibus
3357 5154 3615 5222 aliisque,
3653 5173 3774 5225 qua

2186 5226 2358 5280 fusius
2387 5225 2609 5292 exponit
2644 5222 2879 5274 Valesius
2903 5260 2918 5283 ,
2950 5222 3289 5288 antiquorum
3318 5235 3598 5279 auctorum
3630 5222 3763 5282 locis

2184 5300 2453 5361 expensis,
2484 5293 2755 5348 concludit
2786 5293 3047 5345 Brittones
3067 5331 3081 5349 .
3109 5293 3206 5345 etsi
3235 5294 3433 5360 saepius
3479 5300 3642 5350 armis
3674 5300 3769 5351 do.

2190 5366 2368 5426 tuitos,‘
2398 5381 2665 5431 nunquam
2698 5373 2876 5415 tamen
2899 5373 2989 5414 aut
3014 5362 3387 5429 Merovingiem
3419 5365 3653 5429 familiai,
3678 5380 3770 5425 aut

2189 5437 2606 5503 Carolovingiete
2639 5431 2962 5487 Franborutn
2995 5432 3208 5503 regibus
3228 5444 3374 5488 certa
3397 5435 3768 5506 imperiicon-

2188 5507 2419 5561 fessione
2449 5522 2508 5571 pa
2518 5506 2707 5559 ruisse.
2801 5546 2804 5549 .
3756 5538 3761 5541 ι

2262 5578 2479 5652 ﬁlicem
2497 5579 2610 5652 _lioc
2632 5584 2791 5652 cappt
2817 5576 2867 5629 in
2889 5574 3261 5652 C_o_rb.,_Bell.,
3280 5577 3436 5632 Colb.
3468 5590 3526 5652 et
3553 5580 3680 5652 Reg.
3705 5580 3760 5635 S.

2190 5649 2322 5703 Galli
2354 5647 2465 5701 Vita
2496 5649 2726 5703 habetur
2745 5648 2882 5700 inter
2902 5647 3062 5717 ,Vitas
3090 5648 3328 5713 Patrum,
3353 5664 3475 5717 cap.
3500 5650 3555 5705 6.

2264 5718 2283 5756 ί
2326 5720 2414 5773 Sir.
2444 5716 2742 5780 tlirebatur,
2773 5716 2913 5784 quod
2949 5728 3200 5773 nascente
3229 5721 3281 5771 in
3312 5716 3523 5783 inguine
3549 5761 3561 5782 ,
3598 5722 3680 5777 vel
3714 5721 3763 5777 in

2195 5791 2352 5845 axilio
2384 5791 2581 5856 ulcctc,
2609 5788 2661 5842 in
2689 5788 2902 5842 modum
2934 5790 3198 5857 serpentis
3228 5788 3585 5861 interficeret.
