4028 6342
282 358 392 414 9.73

1194 355 1515 414 HISTORIA
1555 351 2000 411 FRANCORUM.
2043 355 2246 413 LIBER
2284 355 2625 427 QUARTUS.

3429 358 3536 418 επ

278 470 374 540 qui
407 463 535 525 tam'
559 465 866 533 caesariem,
907 478 1066 536 quam
1096 475 1301 522 vestem
1340 467 1493 539 145
1525 468 1574 520 in
1606 465 1853 520 similitu-
1879 466 1933 526 Α
1961 465 2145 534 viginti
2188 471 2342 524 annis
2389 472 2582 540 potior.
2615 469 2752 538 Quid
2786 471 2928 527 enim
2972 471 3106 529 mihi
3150 486 3292 530 nunc
3329 471 3534 546 restat,

277 564 406 618 dine
434 563 571 618 nivis
600 561 882 616 candidam
910 559 1198 624 eﬂcrebat;
1232 569 1288 614 et
1317 562 1388 613 ait
1415 561 1478 612 ad
1511 574 1633 613 eum
1661 575 1674 610 :
1710 557 1854 613 Bene

277 658 424 712 cnim
474 658 601 712 lacis
621 696 636 720 ,
665 655 978 710 o'sacerdos
1004 697 1018 720 ,
1047 657 1188 722 quod
1217 655 1297 709 sie
1325 654 1603 707 Dominum
1633 666 1726 721 pro
1756 666 1853 719 po-

277 750 409 818 pulo
441 759 530 802 tuo
556 749 823 816 supplicas
848 765 862 802 :
895 746 1145 802 exaudita
1168 755 1251 800 est
1280 746 1423 800 enim
1455 744 1624 798 oratio
1648 753 1733 797 tua
1759 761 1771 808 ;
1803 751 1854 796 ct

280 855 409 896 cccc
437 842 545 894 eris
572 855 691 893 cum
726 839 918 908 populo
949 850 1037 891 tuo
1067 839 1134 893 ab
1166 838 1266 891 hac
1307 838 1618 890 inﬁrmitate
1656 836 1854 888 libera-

278 943 386 996 tus,
419 934 696 1002 nullusque
721 943 770 988 te
800 933 1012 986 vivente
1034 932 1084 985 in
1108 931 1325 1000 regione
1349 929 1444 982 ista
1475 930 1542 982 ab
1563 927 1660 981 liae
1677 937 1856 994 strage

277 1023 539 1091 deperiet.
593 1024 742 1077 Nunc
790 1031 969 1076 autem
1022 1037 1087 1075 ne
1134 1022 1512 1088 timeas:post
1558 1026 1678 1070 octo
1726 1031 1854 1070 vero

277 1125 450 1166 annos
499 1114 641 1166 time.
692 1113 840 1167 Unde
889 1113 1224 1164 manifestum
1274 1110 1399 1174 fuit,
1447 1109 1728 1162 transactis
1775 1107 1856 1161 bis

277 1203 471 1266 annis,
521 1218 643 1256 eum
693 1218 721 1254 a
774 1203 970 1254 smeulo
1011 1201 1393 1260 discessurum.
1446 1198 1856 1264 Expergctactus

277 1303 460 1344 autem
487 1335 499 1355 ,
529 1300 584 1344 et
627 1293 738 1346 Deo
766 1294 964 1360 gratias
993 1307 1088 1360 pro
1119 1291 1217 1342 bac
1256 1289 1625 1343 consitlatione
1652 1301 1816 1355 agens
1837 1326 1852 1352 ,

276 1383 422 1450 quod
451 1397 572 1435 eum
606 1399 698 1448 per
725 1386 996 1437 caelestem
1047 1383 1291 1434 nuntium
1325 1378 1630 1433 confortare
1671 1378 1856 1445 digna.

283 1483 370 1528 tus
399 1485 508 1535 est,
536 1476 858 1540 ltogationes
886 1475 998 1528 illas
1027 1475 1291 1543 instituit,
1325 1481 1382 1526 ut
1414 1474 1585 1528 media
1613 1471 1849 1538 Quadra-

276 1565 481 1633 gesima
508 1566 802 1634 psallendo,
822 1567 888 1620 ad
915 1567 1186 1621 basilicam
1218 1567 1355 1641 beati
1383 1566 1578 1620 Juliani
1609 1561 1854 1632 martyris

274 1655 474 1710 itinere
501 1657 734 1724 pedestri
766 1659 1030 1712 venirent.
1064 1657 1199 1712 Sunt
1228 1667 1409 1712 autem
1440 1657 1490 1710 in
1523 1657 1624 1709 boc
1663 1655 1855 1708 itinere

278 1752 430 1818 quasi
458 1751 627 1802 stadia
658 1759 894 1804 trecenta
923 1752 1197 1819 sexaginta
1223 1759 1270 1803 δι.
1294 1749 1453 1819 Tunc
1481 1750 1641 1802 etiam
1676 1747 1727 1799 in
1765 1761 1854 1799 su-

1959 557 2059 611 nisi
2085 567 2144 612 ut
2169 561 2532 632 episcopatum
2555 604 2570 631 ,
2602 579 2756 633 quem
2798 565 2968 620 ﬁdelis
2993 567 3226 623 servitus
3252 583 3534 638 promere-

1957 658 2060 716 tur,
2102 655 2400 722 aceipiam?
2430 657 2534 710 Vos
2581 659 2744 724 igtur
2792 659 3122 715 revertimini
3173 661 3241 716 ad
3284 663 3535 718 civitates

1959 752 2192 810 vestras,
2228 755 2283 798 et
2311 747 2352 798 si
2383 748 2508 813 quid
2543 749 2756 803 utilitati
2797 764 2989 805 vestrae
3032 754 3327 822 competit,
3376 768 3535 809 exer-

1957 847 2104 901 cete;
2131 853 2249 889 nam
2268 852 2365 903 ego
2385 842 2638 894 canonice
2660 855 3026 910 aSsumpturus
3047 859 3163 899 sum
3193 845 3333 898 hunc
3358 845 3534 898 hono-

1955 942 2090 982 rem.
2111 928 2235 981 Htec
2252 931 2525 984 audientes
2543 934 2797 1000 episcopi,
2819 942 2873 988 et
2893 935 2944 990 in
2963 950 3082 990 eum
3102 951 3289 991 vanam
3313 938 3533 1006 gloriam

1959 1028 2328 1084 exsecrantes,
2361 1021 2751 1075 discesserunt.

1988 1136 1991 1140 -
2028 1111 2136 1164 VII.
2177 1111 2337 1178 Igitur
2364 1123 2387 1149 θ
2413 1128 2532 1168 cum
2562 1130 2826 1169 consensu
2858 1118 3176 1172 clericorum
3223 1120 3286 1172 ad
3324 1119 3534 1188 episco-

1959 1210 2133 1268 patum
2166 1205 2400 1268 electus,
2452 1220 2571 1258 cum
2624 1207 2799 1260 adhuc
2847 1223 2948 1259 non
3003 1211 3280 1264 ordinatus
3327 1212 3535 1264 cunctis

1959 1293 2070 1361 ipse
2099 1311 2346 1362 prteess-et
2366 1341 2379 1361 ,
2425 1300 2649 1352 Cautino
2687 1301 3062 1355 archidiacono
3091 1305 3332 1358 diversas
3362 1307 3536 1359 minas

1957 1385 2236 1442 intendere
2267 1392 2428 1458 coepit
2452 1431 2467 1456 ,
2510 1391 2692 1443 dicens
2725 1410 2737 1444 :
2766 1393 2875 1457 Ego
2907 1403 2956 1446 te
3001 1398 3313 1461 remorebo,
3355 1414 3454 1467 ego
3484 1407 3535 1452 te

1935 1474 2265 1538 .ltumiliabo.
2299 1495 2397 1547 ego
2430 1480 2520 1532 tibi
2546 1481 2734 1534 multas
2763 1496 2923 1536 neces
2951 1483 3183 1551 impendi
3205 1487 3534 1553 pratcipiam.

1957 1563 2049 1618 Cui
2085 1567 2209 1620 ille:
2243 1567 2476 1622 Gratiam
2500 1612 2514 1636 ,
2550 1571 2746 1639 inquit,
2792 1582 2964 1639 tuam,
2997 1575 3212 1629 domine
3255 1579 3526 1648 piissime,

1958 1654 2154 1710 habere
2183 1658 2449 1724 desidero,
2484 1676 2640 1729 quam
2691 1663 2735 1714 si
2767 1678 2996 1728 mereor,
3027 1680 3188 1718 unum
3241 1667 3334 1720 tibi
3370 1669 3535 1723 bene-

1959 1747 2133 1800 ﬁcium
2165 1751 2447 1813 praestabo.
2467 1751 2593 1805 Sine
2617 1752 2724 1806 ttllo
2750 1753 2889 1807 enim
2911 1755 3091 1810 labore
3120 1767 3227 1821 tuo,
3255 1768 3303 1812 et
3329 1758 3532 1828 absque

277 1839 390 1895 bita
416 1843 862 1910 contemplatione
891 1845 1120 1910 parietes
1151 1843 1234 1897 vel
1261 1844 1540 1897 domorum
1571 1841 1649 1893 vel
1679 1841 1852 1893 eecle-
1883 1845 1929 1903 B
1958 1840 2065 1893 ullo
2091 1841 2238 1905 dolo,
2271 1858 2370 1911 ego
2401 1843 2465 1896 ad
2493 1861 2668 1910 regem
2701 1863 2937 1916 pergam,
2967 1857 3020 1901 et
3048 1850 3412 1918 episcopatum
3441 1851 3534 1907 tibi

278 1930 478 1985 siarum
510 1934 706 2000 signari
737 1932 1072 1986 videbantur.
1107 1932 1255 1986 Unde
1283 1947 1311 1984 a
1345 1930 1554 1985 rusticis
1587 1929 1699 1982 lucc
1723 1931 1854 1983 scri-

282 2023 392 2091 ptio
422 2023 570 2075 Tbau
599 2024 903 2076 vocabatur.
933 2022 1062 2076 Cum
1105 2033 1282 2076 autem
1317 2022 1562 2090 regiones
1597 2021 1766 2076 alias.
1798 2029 1856 2074 ut

279 2113 543 2181 diximus,
573 2113 688 2166 lues
720 2114 801 2165 illa
834 2125 1208 2181 consumeret,
1243 2114 1306 2165 ad
1339 2113 1608 2166 civitatem
1654 2117 1854 2165 Arver-

278 2222 425 2273 nam,
460 2207 628 2260 sancti
662 2205 795 2259 Galli
823 2207 1183 2260 intercedente
1219 2207 1493 2282 oratione,
1521 2223 1623 2258 non
1657 2204 1852 2271 attigit.

279 2299 432 2356 Unde
459 2312 559 2368 ego
580 2296 606 2335 b
632 2315 733 2352 non
767 2314 982 2367 parvam
1012 2314 1206 2353 censeo
1229 2299 1474 2368 gratiam,
1503 2301 1589 2366 qui
1621 2299 1719 2349 hoc
1745 2311 1856 2350 me-

276 2390 406 2455 ruit,
439 2400 494 2444 ut
523 2399 702 2459 pastor
731 2392 936 2460 positus
957 2407 1084 2446 oves
1111 2406 1234 2444 suas
1264 2391 1508 2444 devorari
1539 2386 1855 2442 defendente

278 2483 508 2535 Domino
558 2498 662 2536 non
708 2482 936 2538 videret.
985 2481 1115 2536 Cum
1163 2491 1341 2535 autem
1391 2481 1457 2534 ab
1514 2484 1612 2532 hoc
1656 2477 1855 2532 mundo

276 2578 578 2646 migrasset.
613 2587 664 2630 et
693 2577 903 2630 ablutus
923 2577 974 2628 in
998 2576 1276 2630 ecclesiam
1305 2574 1614 2642 deportatus
1639 2571 1851 2639 fuisset,

275 2666 412 2720 Cato
445 2667 720 2735 pre~bytcr
746 2668 997 2720 cmitinuo
1025 2681 1054 2719 a
1076 2666 1284 2720 clericis
1313 2665 1378 2719 de
1408 2666 1716 2734 episc0patu
1743 2663 1856 2716 lau-

274 2757 380 2810 des
409 2759 632 2825 accepit,
656 2766 709 2811 et
732 2773 939 2810 omnem
975 2774 1084 2811 rem
1113 2758 1375 2822 ecclesia},
1402 2767 1649 2824 tanquam
1681 2757 1724 2808 si
1743 2755 1852 2822 jam

275 2855 428 2903 esset
455 2849 757 2916 episc0pus,
786 2850 836 2903 in
867 2864 1015 2903 suam
1055 2851 1262 2918 redegit
1310 2859 1627 2918 potestatem
1656 2869 1669 2905 :
1703 2847 1853 2900 ordi-

274 2949 497 2993 natotes
521 2949 543 2976 ⁸
569 2950 833 3006 removet,
870 2942 1142 2996 ministros
1173 2942 1412 3011 respuit,
1447 2951 1634 2996 cuncta
1675 2955 1768 3008 per
1795 2954 1854 2994 se

276 3028 508 3082 ordinat.
850 3073 851 3076 η

352 3119 437 3173 Vl.
469 3119 711 3188 Episcopi
742 3118 768 3157 ά
801 3130 977 3176 tamen
1008 3123 1096 3189 qui
1127 3123 1451 3177 advenerant
1499 3122 1568 3176 ad
1608 3129 1851 3175 Sanctum

1960 1934 2260 1996 obtinebo,
2291 1937 2422 1988 nihil
2472 1947 2688 2004 petens,
2725 1939 2822 1990 nisi
2871 1949 2928 1992 ut
2960 1956 3269 2007 promerear
3307 1945 3534 2011 gratiam

1960 2031 2122 2076 tuam.
2150 2026 2218 2078 At
2243 2026 2331 2079 ille
2360 2029 2640 2094 suspicans
2673 2045 2790 2082 eum
2823 2029 2926 2082 sibi
2957 2031 3092 2083 velle
3124 2032 3346 2086 illndere
3369 2077 3382 2098 ,
3418 2034 3534 2088 hzec

1959 2117 2110 2172 valde
2138 2119 2400 2186 despexit.
2441 2121 2533 2172 llic
2565 2137 2690 2173 vero
2718 2137 2839 2172 eum
2871 2135 2928 2173 se
2955 2134 3200 2176 cerneret
3230 2124 3531 2194 humiliari,

1958 2217 2115 2275 atque
2164 2208 2441 2260 calumnia:
2488 2209 2711 2277 subjici,
2760 2212 3014 2276 languore
3045 2214 3328 2275 simulato.
3360 2227 3413 2269 et
3445 2231 3534 2282 per

1960 2307 2168 2351 noctem
2220 2300 2488 2354 civitatem
2538 2301 2814 2368 egrediens
2840 2343 2854 2367 ,
2890 2304 3323 2358 Tito-odobaldum
3355 2323 3533 2374 regem

1957 2392 2140 2460 petiit,
2181 2393 2502 2445 annuntians
2541 2395 2822 2447 transitum
2867 2396 3036 2448 sancti
3067 2397 3222 2449 Galli.
3262 2399 3412 2464 Quod
3448 2399 3536 2455 ille

1957 2481 2209 2543 audiens,
2243 2483 2322 2533 vel
2358 2481 2446 2550 qui
2477 2496 2596 2535 cum
2625 2498 2688 2534 eo
2727 2493 2913 2546 erant,
2946 2488 3252 2540 convocatis
3286 2489 3538 2542 sacerdo-

1961 2571 2100 2623 tibus
2121 2572 2256 2639 ap‘ud
2278 2573 2586 2626 .ilettensem
2616 2575 2905 2641 civitatem,
2930 2577 3180 2631 (Iautinus
3203 2581 3538 2636 archidiaco-

1957 2679 2055 2716 nns
2085 2664 2362 2731 episcopus
2380 2665 2692 2722 ordinatur.
2720 2669 2850 2721 Cum
2877 2678 3050 2723 autem
3070 2672 3342 2725 venissent
3367 2673 3537 2729 nuntii

1957 2753 2170 2808 Catonis
2201 2757 2528 2826 presbyteri,
2564 2758 2647 2811 bic
2669 2759 2776 2826 jam
2807 2761 3090 2829 episcopus
3117 2771 3252 2816 erat.
3285 2763 3433 2818 Tunc
3465 2777 3535 2820 ex

1952 2847 2101 2915 jussu
2132 2849 2271 2916 regis
2299 2850 2452 2918 15,7
2490 2851 2692 2904 traditis
2721 2853 2767 2905 ei
2799 2853 3027 2918 clericis,
3063 2865 3114 2908 et
3143 2858 3388 2909 omnibus
3414 2854 3534 2924 qua:

1957 2938 2009 2991 hi
2044 2941 2109 2990 de
2136 2940 2293 2992 rebus
2324 2941 2565 2994 ecelesiae
2607 2943 3000 3008 exbibnerant,
3043 2947 3407 3016 ordinatisque
3444 2948 3535 3016 qui

1957 3044 2076 3082 cum
2112 3045 2177 3082 eo
2216 3045 2439 3097 pergere
2488 3031 2743 3085 deberent
2793 3035 3056 3102 epismpis
3104 3045 3158 3089 et
3195 3039 3534 3106 camerariis,

1958 3125 2225 3175 Arvernos
2254 3138 2375 3176 eum
2399 3123 2724 3177 direxcrunt.
2748 3125 2844 3190 Qui
2869 3141 2896 3178 a
2924 3128 3131 3182 clericis
3146 3137 3198 3182 et
3227 3128 3432 3184 civibus
3461 3129 3532 3183 li-

278 3209 487 3263 Gallum
533 3212 896 3277 sepeliendum
919 3255 933 3277 ,
993 3221 1274 3281 postquam
1331 3229 1452 3267 eum
1501 3214 1851 3281 sepelierant,
1881 3221 1928 3284 ο
1962 3213 2148 3266 benter
2175 3220 2447 3280 exceptus,
2478 3214 2756 3282 episcopus
2777 3217 3030 3271 Arvernis
3059 3229 3138 3271 est
3165 3220 3339 3273 datus.
3364 3220 3532 3276 Gran-

275 3300 522 3355 dixerunt
549 3301 737 3356 Catoni
770 3291 1082 3373 presbytero
1112 3322 1125 3356 :
1164 3305 1416 3358 Videmus
1450 3307 1568 3374 quia
1607 3314 1656 3359 te
1695 3305 1854 3374 elegit

276 3406 405 3461 pars
444 3395 668 3447 maxima
719 3395 1030 3463 p0pulnrum
1063 3414 1074 3448 :
1105 3396 1257 3463 veni,
1293 3398 1531 3450 censenti
1579 3397 1730 3451 nobis
1755 3438 1772 3464 ,
1803 3406 1855 3451 et

276 3481 658 3539 benedicentes
689 3501 1063 3541 consecremus
1111 3497 1162 3541 te
1205 3487 1268 3540 ad
1311 3489 1694 3556 episcopatum.
1735 3490 1852 3542 ltcx

278 3587 408 3631 Vero
437 3579 685 3645 parvulus
713 3587 814 3644 est,
843 3589 896 3633 et
917 3579 959 3632 si
988 3593 1090 3646 qua
1119 3579 1214 3634 tibi
1241 3580 1524 3632 ascribitur
1553 3581 1725 3646 culpa,
1755 3594 1852 3634 nos

239 3729 245 3734 _
280 3670 630 3737 suscipientes
657 3681 706 3724 te
731 3671 828 3723 sub
857 3670 1168 3724 defensione
1210 3685 1388 3723 nosra
1408 3710 1423 3735 ,
1459 3686 1578 3724 cum
1613 3671 1850 3737 proceri-

283 3762 381 3816 bus
411 3771 463 3814 et
492 3763 678 3826 primis
707 3762 853 3830 regni
886 3761 1261 3831 'Theodobaldi
1311 3763 1448 3828 regis
1496 3776 1713 3829 agemas
1738 3803 1751 3828 ,
1786 3775 1854 3814 ne

282 3856 378 3908 tibi
414 3857 516 3908 ulla
544 3859 808 3909 excitetur
837 3855 1062 3923 injuria;
1099 3871 1194 3908 nos
1227 3870 1436 3923 quoque
1467 3854 1752 3925 (intantum
1789 3854 1852 3906 ﬁ-

279 3946 476 3998 deliter
504 3947 662 4000 crede
685 3988 698 4010 ,
736 3955 790 3998 ut
822 3947 1179 4014 spondeamus
1223 3962 1317 4012 pro
1349 3944 1422 4013 te)
1454 3947 1659 4010 oumia,
1692 3947 1854 4000 etiam

280 4040 326 4091 si
349 4039 524 4092 damni
556 4039 752 4108 aliquid
784 4040 1184 4108 supervenerit,
1213 4039 1279 4092 de
1313 4039 1505 4092 nostris
1539 4039 1694 4108 146
1728 4054 1853 4106 pro-

281 4134 414 4202 priis
445 4135 779 4187 facultatibus
810 4133 858 4186 id
891 4134 1213 4187 reddituros.
1246 4135 1315 4184 At
1346 4131 1436 4186 ille
1467 4131 1732 4183 cetlmrno
1765 4147 1856 4183 va-

281 4242 367 4280 na}
389 4227 648 4282 conﬂatus
669 4227 869 4294 glorim,
897 4227 995 4279 ait:
1028 4224 1204 4277 Nostis
1244 4225 1384 4276 enim
1423 4224 1556 4274 fama
1584 4231 1853 4288 currente,

281 4332 372 4372 me
423 4317 488 4372 ab
525 4317 674 4370 initio
716 4318 887 4370 relatis
933 4331 1066 4369 meae
1101 4329 1312 4382 semper
1345 4314 1593 4380 religiose
1625 4313 1851 4380 vixisse,

283 4424 506 4463 vacasse
529 4409 766 4478 jejnniis,
786 4409 1138 4478 cleentosynis
1169 4408 1485 4463 delectatum
1519 4407 1700 4474 fuisse,
1726 4423 1855 4461 con-
1941 4459 1943 4462 .

283 4501 514 4554 tinuatas
548 4501 739 4567 saepius
780 4499 1086 4553 exercuisse
1125 4499 1363 4565 vigilias,
1400 4497 1677 4566 psallentio
1729 4514 1853 4551 vero

1958 3304 2052 3357 des
2097 3313 2279 3372 postea
2327 3304 2464 3358 inter
2518 3306 2688 3373 ipsum
2742 3315 2795 3360 et
2851 3309 3110 3362 Catonem
3164 3313 3536 3383 presbyterum

1958 3393 2246 3447 inimicitia:
2294 3406 2424 3448 ortre
2469 3404 2591 3448 sunt
2629 3411 2643 3448 :
2688 3396 2806 3464 quia
2858 3398 3034 3452 nullus
3081 3415 3310 3468 unquam
3365 3403 3536 3470 potuit

1958 3485 2177 3539 ﬂectere
2221 3484 2514 3550 Catonem,
2561 3496 2618 3539 ut
2666 3489 2918 3556 episcopo
2961 3503 3058 3543 suo
3095 3490 3340 3546 subditus
3367 3500 3534 3548 esset.

1956 3577 2087 3630 Nam
2120 3587 2172 3630 et
2201 3578 2394 3632 divisio
2419 3579 2737 3633 clericorum
2787 3582 2921 3636 facta
2952 3593 3068 3647 est,
3106 3592 3160 3638 et
3193 3585 3279 3638 alii
3305 3585 3536 3643 Cautino

1955 3670 2206 3740 episcopo
2234 3683 2382 3725 erant
2415 3673 2611 3726 subditi
2632 3713 2658 3733 ,,
2680 3674 2765 3727 alii
2798 3674 2982 3728 Catoni
3009 3677 3360 3748 presbytero:
3387 3679 3533 3748 quod

1956 3765 2032 3816 eis
2065 3764 2160 3815 luit
2187 3766 2472 3816 maximum
2501 3765 2896 3818 detrimentum.
2928 3765 3184 3821 Cautinus
3211 3781 3386 3824 autem
3411 3785 3532 3839 ept-

1954 3868 2148 3921 sc0pus
2177 3855 2357 3908 videns
2388 3871 2508 3908 eum
2537 3856 2678 3908 nulla
2709 3857 2917 3910 ratione
2949 3873 3106 3924 posse
3131 3859 3303 3926 ﬂecti,
3340 3869 3395 3914 ut
3425 3859 3532 3918 sibi

1923 3955 2098 4002 esset
2144 3933 2419 4011 subditus,
2456 3956 2560 3998 tam
2607 3946 2657 4000 ei
2706 3963 2862 4014 quam
2894 3947 3079 4000 amicis
3107 3949 3259 4013 ejus,
3293 3949 3377 4002 vel
3415 3949 3536 4017 quia

1956 4051 2164 4105 cunque
2187 4039 2231 4089 ci
2257 4035 2678 4099 consentiebant,
2702 4050 2886 4087 omnes
2910 4049 2995 4088 res
3011 4036 3250 4090 ecclesize
3291 4036 3531 4109 abstulit,

1933 4126 2272 4192 reliquitque
2301 4140 2393 4177 eos
2426 4126 2612 4177 inanes
2652 4139 2714 4177 ac
2760 4138 2976 4178 vacuos.
3010 4124 3322 4196 Quicunque
3356 4138 3536 4192 tamen

1958 4233 2018 4269 ex
2053 4217 2180 4282 ipsis
2211 4216 2273 4267 ad
2305 4232 2424 4268 cum
2456 4215 2923 4281 convertebantur,
2955 4217 3147 4271 iterum
3178 4219 3318 4287 quod
3352 4221 3538 4290 pcrdi-

1931 4301 2166 4373 4deranl,
2192 4308 2533 4375 recipiebant.

2030 4401 2161 4454 Vill.
2200 4401 2472 4469 Regnante
2496 4415 2622 4454 vero
2647 4399 2864 4468 Agilane
2891 4399 3030 4468 apud
3061 4399 3387 4469 Hispaniam,
3410 4417 3532 4460 cum

1957 4495 2206 4562 populum
2228 4492 2541 4562 gravissimo
2564 4492 2942 4545 dominationis
2964 4506 3075 4544 sute
3094 4492 3223 4561 iugo
3249 4501 3530 4562 attereret,

289 4590 391 4657 'ugi
425 4591 608 4643 crebra
639 4590 932 4659 perstitisse
955 4589 1182 4642 Statione
1212 4599 1487 4645 nocturna.
1518 4591 1622 4642 Nec
1642 4604 1724 4642 me
1756 4589 1857 4642 Do—
1885 4587 1936 4646 D
1960 4587 2227 4638 exm‘cilus
2278 4583 2613 4650 imperatoris
2664 4583 2945 4649 lliSpanias
2996 4592 3079 4636 est
3129 4583 3430 4651 ingressus,
3478 4592 3534 4644 ct

287 4681 460 4736 minus
505 4682 644 4735 Deus
683 4697 834 4735 meus
879 4683 1072 4750 patitur
1118 4683 1216 4734 bac
1260 4683 1596 4736 ordinatione
1623 4682 1852 4749 privari,

288 4770 369 4825 cui
404 4781 602 4823 tantum
639 4773 946 4825 famulatum
979 4772 1226 4836 exhibui;
1263 4787 1380 4825 nam
1423 4783 1476 4826 et
1523 4774 1666 4842 ipsos
1699 4774 1856 4827 cleri-

283 4868 436 4913 catus
466 4860 658 4928 gradus
685 4861 936 4914 canonica
969 4876 1084 4912 sum
1117 4875 1329 4927 semper
1350 4861 1679 4915 institutione
1701 4863 1860 4916 sorti-

287 4961 395 5003 tus.
429 4951 619 5006 Lector
645 4952 833 5006 decem
864 4953 1017 5005 annis
1043 4951 1134 5015 fui,
1165 4952 1215 5003 in
1239 4952 1652 5006 subdiaconatus
1680 4954 1858 5006 officio

283 5041 518 5110 quinque
541 5044 690 5097 annis
723 5044 1040 5106 ministravi,
1075 5045 1375 5098 diaeonatui
1401 5060 1525 5097 vero
1554 5046 1854 5114 quindecim

282 5135 441 5188 annis
472 5140 798 5206 mancipatus
823 5137 926 5202 fni,
962 5139 1274 5207 presbyterii
1303 5148 1476 5190 autem
1520 5137 1625 5206 iam
1656 5140 1855 5192 honore

359 5259 387 5287 ι·
430 5250 712 5305 Duodecim
753 5251 969 5334 circiter
1005 5251 1172 5304 lcucis
1219 5251 1406 5304 dissita
1456 5259 1538 5303 est
1585 5249 1798 5334 Brivate
1827 5265 1858 5306 a

237 5337 254 5347 '
289 5320 698 5374 Claromontana
733 5323 884 5375 urbe.

358 5390 384 5427 δ
425 5395 514 5444 Sic
540 5393 726 5461 ltegm.
751 5408 869 5445 cum
906 5391 1054 5455 Bad.;
1086 5391 1261 5444 caeteri
1284 5433 1296 5453 ,
1327 5391 1460 5444 unde
1490 5391 1596 5444 lure
1625 5407 1749 5447 non.

363 5472 384 5499 ε
422 5452 793 5515 Οτιιὶηςιῖοτιιιη
838 5452 1069 5515 ol'ticium
1103 5464 1180 5515 vel
1211 5452 1408 5515 exiboe
1443 5462 1561 5513 loco
1607 5463 1732 5513 licet
1773 5460 1857 5514 in-
1935 5452 1940 5458 ’

285 5533 542 5596 telligere.
579 5534 898 5586 Berteiridns
921 5535 1084 5599 epise.
1108 5534 1474 5585 Ambianensis
1499 5549 1547 5583 Ill
1577 5531 1856 5598 l’rivilcgio

286 5601 597 5655 Corbeiensi
632 5613 767 5655 vetat
794 5643 804 5660 ,
839 5619 904 5656 ne
933 5619 1048 5671 quas
1080 5605 1359 5670 episcotms
1402 5620 1464 5654 ex
1499 5603 1606 5656 suis
1638 5617 1856 5653 succes-

286 5673 499 5724 Soribus
521 5715 534 5733 ,
565 5685 652 5724 aut
681 5674 1085 5726 archidiacmtus
1106 5714 1118 5736 ,
1170 5689 1262 5726 seu
1302 5675 1542 5730 quislibet
1581 5674 1853 5724 ordinator

286 5744 530 5797 ecclesiae
551 5743 944 5805 Atnbiauensis,
969 5744 1032 5795 ad
1060 5743 1329 5811 przet‘atunt
1357 5745 1736 5795 monasterium
1760 5758 1851 5794 ac-

287 5813 514 5872 cedere.
563 5824 721 5869 aut...
765 5823 1073 5878 prtcsumat.
1136 5814 1234 5869 nisi
1289 5815 1354 5870 ab
1405 5814 1596 5869 abbate
1643 5821 1854 5884 rogatus

1963 4681 2203 4733 civitates
2233 4680 2436 4747 aliquas
2468 4679 2716 4745 pervasit.
2758 4676 3036 4731 Interfecto
3065 4687 3243 4733 autem
3274 4681 3535 4749 Agilane,

1963 4771 2344 4838 Athanagildus
2406 4768 2441 4824 τι
2479 4784 2697 4837 regnum
2750 4770 2976 4836 accepit.
3018 4769 3118 4834 Qui
3172 4771 3335 4824 multa
3389 4770 3534 4826 bella

1960 4875 2145 4919 contra
2178 4865 2348 4931 ipsum
2378 4862 2670 4917 exercitum
2704 4873 2882 4930 postea
2915 4864 3050 4932 egit,
3085 4871 3139 4918 et
3161 4879 3254 4918 eos
3295 4866 3533 4930 plerum-

1960 4973 2062 5026 que
2093 4955 2313 5017 devicit;
2347 4954 2716 5022 eivitatesque,
2742 4970 2872 5022 quas
2899 4955 3036 5010 male
3068 4964 3433 5024 pervaserant,
3459 4971 3528 5012 ex

1965 5059 2110 5116 parte
2139 5049 2386 5100 aul‘erens
2411 5045 2476 5098 de
2507 5054 2764 5113 potestate
2788 5062 2992 5100 eorum.

2037 5137 2126 5190 IX.
2159 5136 2567 5190 'l‘beodobaldus
2611 5152 2739 5191 vero
2782 5154 2898 5191 cum
2938 5138 3050 5206 jam
3094 5136 3304 5191 adultus
3353 5147 3533 5206 esset,

1961 5252 2143 5306 fuerit.
2651 5305 2654 5309 ,

2031 5323 2057 5359 d
2103 5325 2259 5376 Deest
2288 5323 2389 5377 hoc
2417 5329 2574 5390 caput
2604 5322 2656 5375 in
2685 5323 2840 5385 Belb,
2863 5320 3048 5395 Corb.,
3077 5319 3229 5395 Colb.
3262 5331 3318 5395 et
3344 5323 3483 5395 Reg.

2035 5403 2058 5431 ε
2104 5395 2164 5446 Ιηὶι
2197 5394 2295 5448 hoc
2320 5405 2477 5460 caput
2507 5397 2656 5447 deest
2687 5398 2738 5447 in
2771 5407 2896 5446 mss.
2930 5391 2964 5441 4
2987 5392 3324 5457 supradictis.

2039 5463 2055 5501 ί
2101 5465 2286 5526 Regni.
2337 5481 2453 5516 cum
2498 5465 2648 5526 Bad.,
2685 5463 2962 5527 Athanagel
2993 5460 3132 5526 dum,
3164 5464 3438 5520 mendose.
3477 5465 3534 5522 is

1959 5537 2253 5604 Agilanem.
2279 5537 2560 5604 adjuvante
2593 5535 2733 5586 Liber
2752 5536 2799 5584 io
2825 5532 3060 5604 patricio,
3086 5549 3242 5604 quem
3265 5533 3530 5588 Jnstinia-

1961 5602 2055 5658 nus
2105 5608 2152 5656 in
2199 5602 2393 5670 llispan
2422 5621 2503 5656 am
2549 5606 2802 5670 miserat,
2851 5602 3074 5665 devicit;
3115 5603 3210 5656 sed
3259 5617 3440 5673 postea
3471 5605 3530 5662 in

1963 5676 2217 5743 pellendis
2239 5675 2458 5738 Gra-cis,
2482 5678 2569 5742 qni
2595 5674 2752 5730 urbes
2778 5676 2978 5744 aliquot
3006 5685 3362 5744 occuparant,
3387 5674 3535 5732 tnui-

1959 5756 2068 5803 tutlt
2099 5744 2397 5802 desudavit.
