4028 6342
229 379 330 436 επ

1148 374 1470 435 HISTORIA
1505 370 1949 434 FRANCORUM.
1988 372 2194 431 LIBER
2230 371 2577 441 QUARTUS.

3364 374 3468 430 278

232 499 442 554 nuisset
466 516 479 553 :
510 503 567 554 et
593 509 624 553 a
644 494 936 567 majoribus
955 494 1170 567 quidem
1186 510 1309 553 cum
1333 496 1450 553 rixa
1464 504 1521 555 et
1548 494 1804 551 seandalo
1830 492 1885 556 Δ
1908 499 1993 546 tus
2020 490 2136 557 fuit,
2165 499 2224 546 ut
2252 491 2527 561 presbyter
2547 501 2706 562 caput
2734 492 2879 547 foras
2901 490 3177 557 educeret,
3209 492 3475 561 majorem

232 590 529 656 auferebat,
556 603 587 645 a
619 589 917 645 minoribus
962 597 1141 644 autem
1186 590 1451 645 violenter
1496 587 1802 657 diripiebat.

231 681 435 749 Quibus
463 689 519 736 et
546 695 575 736 ι
600 682 811 752 quibus,
844 690 903 737 ut
926 680 1124 738 Sollius
1151 690 1180 719 ι
1210 692 1393 738 noster
1413 682 1508 749 ait,
1543 699 1561 734 (
1584 695 1684 736 nec
1712 680 1808 735 da-

231 771 326 826 bat
361 771 534 840 pretia
576 781 945 838 contemnens,
978 788 1076 828 nec
1112 773 1407 842 accipiebat
1451 773 1807 827 instrumenta

231 862 594 930 desperans.)
648 864 775 918 Erat
826 868 971 919 enim
1023 861 1149 919 ttinc
1198 863 1452 933 temporis
1493 861 1807 917 Anastasius

235 954 535 1025 presbyter,
565 955 827 1024 ingenuus
851 970 1070 1024 genere,
1102 956 1188 1024 qui
1214 970 1306 1025 per
1331 954 1543 1011 chartas
1560 952 1808 1023 gloriosae

233 1045 509 1101 memoriae
537 1045 933 1102 Chrotechildis
964 1046 1159 1116 reginae
1178 1046 1558 1117 proprietatem
1576 1045 1809 1114 aliquam

234 1137 543 1205 possidebat
573 1154 586 1190 :
619 1153 777 1206 quem
812 1139 1126 1207 plerumque
1170 1146 1490 1193 conventum
1525 1137 1809 1207 episcopus

232 1229 458 1297 rogabat
484 1228 757 1285 humiliter
777 1245 840 1285 ac
867 1230 1199 1299 suppliciter,
1223 1239 1278 1284 ut
1302 1229 1351 1284 ei
1383 1231 1597 1284 chartas
1623 1243 1812 1299 supra-

232 1318 392 1373 dicta:
421 1320 620 1387 regina:
650 1320 821 1384 daret,
854 1320 1063 1389 sibique
1094 1320 1489 1389 possessionem
1521 1320 1658 1374 hanc
1686 1319 1813 1375 sub-

235 1407 411 1462 deret.
434 1408 537 1464 Sed
556 1409 645 1464 ille
659 1424 782 1464 cum
807 1411 1130 1465 voluntatem
1149 1410 1446 1465 sacerdotis
1468 1411 1549 1465 sui
1589 1412 1814 1479 implere

234 1496 492 1563 differret,
508 1515 736 1570 eumque
748 1501 927 1569 episco
932 1517 1027 1571 pus
1038 1517 1180 1557 nunc
1190 1502 1461 1558 blanditiis
1473 1518 1702 1575 provoca
1709 1513 1810 1574 ret,

234 1603 381 1645 nunc
408 1591 567 1648 minis
596 1601 844 1660 terreret,
872 1594 939 1648 ad
984 1594 1229 1650 ultimum
1260 1596 1482 1651 invitum
1515 1597 1632 1653 urbi
1658 1598 1812 1654 exhi-

236 1676 351 1734 beri
388 1684 666 1752 praecepit,
690 1683 869 1754 ibique
897 1686 1236 1755 impudenter
1265 1689 1462 1755 teneri;
1493 1697 1568 1757 et,
1595 1689 1696 1744 nisi
1727 1689 1815 1745 in-

235 1778 529 1827 strumenta
558 1774 730 1839 daret,
756 1775 963 1845 injuriis
992 1778 1130 1832 allici
1171 1789 1225 1834 et
1254 1779 1393 1834 fame
1421 1780 1599 1835 necari
1615 1780 1800 1849 jussit.

1908 600 2016 656 quo
2055 594 2197 641 totus
2223 587 2567 656 egrederetur
2600 587 2797 641 aditum
2829 586 3050 642 liberius
3083 586 3361 656 patefecit.
3390 586 3478 642 ln-

1908 684 2055 733 terea
2106 679 2472 748 operientibus
2525 680 2801 736 nocturnis
2863 680 3098 736 tenebris
3150 679 3329 748 diem,
3377 696 3480 737 nec

1909 769 2084 825 adhuc
2109 784 2491 841 usquequaque
2518 770 2903 840 diﬁ‘usis,aliud
2926 780 3128 842 cryptae
3156 773 3351 828 ostium
3383 787 3479 843 pe-

1910 864 1974 918 tit
2006 880 2022 920 :
2052 872 2167 919 erat
2194 864 2337 918 enim
2368 864 2502 918 seris
2525 863 2833 919 fortissimis
2861 863 3134 933 clavisque
3154 862 3482 919 firmissimis

1910 958 2244 1022 obaeratum;
2279 964 2649 1012 verumtamen
2676 971 2781 1012 non
2808 966 2924 1012 erat
2972 956 3046 1011 ita
3083 955 3393 1025 levigatum,
3425 965 3482 1011 ut

1911 1049 2051 1106 inter
2082 1050 2283 1105 tabulas
2314 1049 2552 1119 aspicere
2580 1050 2738 1104 homo
2766 1066 2874 1105 non
2902 1058 3101 1119 posset.
3131 1051 3211 1104 Ad
3240 1048 3337 1104 hos
3367 1049 3483 1105 adi-

1915 1153 1999 1201 tus
2046 1145 2325 1215 presbyter
2354 1152 2516 1213 caput
2550 1144 2797 1212 reclinat,
2832 1143 3168 1213 advertitque
3212 1142 3485 1200 hominem

1914 1236 2053 1289 viam
2093 1242 2522 1302 praetereuntem.
2557 1233 2730 1300 llunc,
2766 1232 2890 1288 licet
2932 1248 3064 1288 voce
3108 1232 3277 1298 tenui,
3310 1241 3483 1288 vocat.

1915 1326 2144 1381 Exaudit
2166 1325 2277 1393 ille,
2308 1340 2407 1381 nec
2441 1340 2610 1391 mora,
2638 1340 2881 1381 securem
2903 1339 3060 1378 manu
3090 1333 3296 1390 tenens,
3323 1324 3486 1380 sudes

1916 1419 2145 1488 ligneas,
2176 1419 2366 1489 quibus
2389 1433 2523 1475 sera:
2550 1417 2983 1482 continebantur,
3015 1414 3223 1481 incidit,
3253 1416 3485 1471 aditum-

1916 1525 2020 1581 que
2069 1511 2381 1581 presbytero
2426 1509 2696 1580 patefecit.
2728 1510 2797 1563 At
2840 1507 2931 1563 ille
2972 1506 3040 1561 de
3070 1513 3227 1561 nocte
3263 1520 3487 1563 censur-

1914 1616 2068 1673 gens,
2112 1602 2180 1657 ad
2208 1601 2424 1657 domum
2457 1601 2649 1672 pergit,
2691 1601 2821 1656 satis
2859 1599 3033 1654 virum
3082 1597 3394 1663 obsecrans,
3420 1612 3488 1653 ne

1916 1694 1984 1750 de
2012 1708 2078 1749 eo
2098 1697 2344 1764 cuiquam
2375 1694 2521 1749 aliud
2557 1701 2854 1749 enarraret.
2880 1692 3106 1747 Domum
3136 1689 3299 1761 igitur
3338 1703 3489 1744 suam

1916 1786 2210 1855 ingressus,
2240 1784 2506 1855 inquisitis
2546 1784 2768 1850 chartis,
2800 1797 2933 1854 quas
2974 1782 3025 1838 ei
3066 1791 3360 1835 memorata
3405 1792 3490 1836 re-

237 1861 346 1918 Sed
388 1864 477 1918 ille
502 1865 640 1919 virili
684 1882 986 1937 repugnans
1029 1870 1243 1939 spiritu,
1275 1885 1546 1941 nunquam
1580 1872 1810 1941 prmhuit
1839 1877 2032 1947 Bgina
2086 1877 2397 1945 tradiderat,
2431 1876 2497 1931 ad
2538 1874 3008 1931 Chlothacharium
3062 1888 3242 1943 regem
3295 1869 3489 1937 defert,

237 1956 625 2029 instrumenta,
672 1960 855 2017 dicens
898 1963 1127 2019 :Satius
1172 1965 1271 2020 sibi
1320 1980 1441 2021 esse
1487 1967 1553 2021 ad
1604 1977 1811 2037 tempus

234 2048 410 2105 inedia
442 2052 738 2121 tabescere,
770 2070 929 2125 quam
972 2056 1213 2111 sobolem
1242 2058 1298 2112 in
1340 2066 1613 2127 posterum
1645 2060 1811 2116 mise-

234 2152 350 2195 ram
387 2142 706 2214 derelinqui.
740 2146 890 2203 Tunc
927 2163 995 2203 ex
1020 2149 1171 2217 jussu
1200 2149 1441 2219 episcopi
1466 2152 1691 2206 traditur
1717 2167 1812 2207 cu-

235 2233 499 2300 stodibus,
526 2245 583 2290 ut
613 2236 717 2292 nisi
747 2237 843 2293 has
870 2238 1143 2295 chartulas
1181 2241 1451 2311 proderet,
1483 2242 1624 2299 fame
1654 2258 1813 2299 neca-

236 2335 405 2382 retur.
439 2329 567 2384 Erat
592 2333 732 2386 enim
754 2332 819 2386 ad
842 2332 1115 2391 basilicam
1142 2335 1313 2391 sancti
1334 2334 1544 2391 Cassii”
1564 2339 1812 2407 martyris

236 2430 420 2489 crypta
450 2420 819 2492 antiquissima
866 2425 1330 2497 abditissimaque,
1364 2426 1459 2483 ubi
1493 2438 1607 2483 erat
1636 2430 1815 2498 sepul-

235 2523 386 2564 crum
424 2526 673 2582 magnum
703 2529 767 2569 ex
793 2530 1061 2572 marmore
1102 2517 1279 2583 Pario,
1339 2518 1392 2572 in
1420 2533 1524 2587 quo
1544 2519 1829 2588 grandccvi'

237 2600 514 2670 cujusdam
538 2606 768 2661 hominis
795 2621 991 2677 corpus
1021 2609 1252 2677 positum
1279 2609 1582 2665 videbatur.
1617 2613 1632 2666 l
1644 2630 1670 2665 ιι
1713 2612 1813 2667 hoc

238 2696 489 2763 sepulcro
528 2712 689 2766 super
710 2700 974 2768 sepultum
1001 2704 1188 2758 vivens
1224 2704 1505 2775 presbyter
1535 2706 1811 2775 sepelitur,

238 2788 590 2871 operiturque
624 2789 818 2858 lapide,
849 2808 954 2863 quo
982 2794 1129 2863 prius
1176 2797 1562 2866 sareOphagum
1588 2798 1685 2851 fuit
1718 2798 1815 2851 ob-

239 2887 464 2946 tectum,
497 2881 635 2935 datis
663 2895 786 2938 ante
812 2888 1004 2941 ostium
1037 2887 1368 2944 custodibus.
1418 2889 1523 2945 Sed
1567 2893 1815 2945 custodes

239 2972 331 3025 lidi
356 2973 497 3040 quod
529 2973 703 3043 lapide
735 2988 1091 3046 premeretur,
1126 2994 1244 3034 cum
1269 2990 1415 3035 esset
1464 2988 1671 3051 nycms,
1721 2994 1814 3034 ac-

242 3076 406 3118 censo
433 3066 573 3134 igne,
597 3067 723 3122 vino
760 3070 915 3135 sepiti
948 3072 1121 3125 calido
1171 3072 1534 3125 obdormiunt.
1560 3073 1627 3126 At
1660 3087 1814 3140 pres-

243 3152 415 3226 byter,
445 3166 694 3227 tanquam
726 3173 894 3213 novus
923 3159 1108 3227 Jonas,
1144 3161 1288 3215 velut
1315 3162 1381 3216 de
1434 3164 1587 3233 151
1626 3170 1813 3218 ventre

1915 1968 2160 2025 indicans
2203 1968 2435 2037 qualiter
2474 1967 2626 2037 152
2656 1967 2723 2021 ab
2762 1967 3015 2035 episcopo
3063 1978 3160 2019 suo
3189 1963 3373 2018 vivens
3399 1976 3489 2017 se-

1913 2061 2143 2132 pulturae
2197 2058 2367 2113 fuerat
2420 2058 2769 2128 mancipatus.
2814 2055 3252 2124 Stupescentibus
3310 2060 3492 2107 autem

1913 2150 2181 2215 omnibus,
2212 2158 2266 2205 et
2294 2149 2617 2214 dicentibus,
2660 2163 2933 2217 nunquam
2968 2148 3051 2201 vel
3080 2147 3370 2213 Neronem,
3402 2144 3490 2199 vel

1914 2241 2181 2298 Herodem
2227 2241 2333 2297 tale
2372 2241 2576 2296 facinus
2607 2251 2963 2311 perpetrasse,
3000 2247 3055 2293 ut
3101 2239 3263 2292 homo
3303 2238 3491 2291 vivens

1914 2335 2163 2405 sepulcro
2213 2334 2616 2400 reconderetur,
2671 2331 2889 2387 advenit
2920 2327 3489 2386 adChlothacharium

1914 2441 2095 2497 regem
2126 2425 2385 2481 Cautinus
2429 2423 2711 2493 episcopus
2744 2442 2757 2478 :
2792 2422 2885 2478 sed
2935 2428 3223 2477 accusante
3260 2418 3490 2489 presby-

1915 2527 2053 2584 tero,
2083 2518 2254 2572 victus
2282 2516 2645 2585 confususque
2692 2515 2962 2571 discessit.
2997 2513 3285 2581 Presbyter
3312 2518 3492 2565 autem

1914 2611 2146 2679 acceptis
2190 2624 2218 2663 a
2251 2623 2375 2679 rege
2426 2606 2894 2677 praeceptionibus,
2940 2619 3028 2659 res
3074 2617 3198 2659 suas
3232 2610 3294 2657 ut
3336 2602 3493 2657 libuit

1916 2702 2215 2759 defensavit
2256 2701 2619 2771 posseditque,
2658 2714 2723 2756 ac
2749 2700 2861 2755 suis
2901 2696 3135 2767 posteris
3184 2693 3485 2763 dereliquit.

1917 2794 1975 2850 ln
2022 2794 2247 2850 Cautino
2289 2802 2468 2849 autem
2500 2792 2636 2847 nihil
2665 2793 2860 2857 sancti,
2894 2789 3030 2846 nihil
3077 2784 3229 2857 pensi
3258 2785 3395 2841 fuit:
3423 2783 3495 2841 de

1916 2887 2162 2944 omnibus
2210 2887 2355 2943 enim
2392 2886 2691 2954 scripturis,
2746 2892 2861 2964 tam.
2897 2881 3279 2964 ecclesiasticis
3329 2892 3497 2946 quam

1918 2977 2287 3044 saecularibus,
2333 2976 2561 3045 adplene
2612 2957 2863 3029 immunis
2897 2957 3027 3027 fuit.
3082 2970 3281 3027 Judaeis
3328 2970 3487 3027 valde

1921 3068 2116 3124 charus
2143 3082 2205 3121 ac
2232 3066 2476 3123 subditus
2510 3076 2643 3131 erat,
2667 3079 2773 3120 non
2807 3078 2903 3133 pro
2931 3062 3124 3128 salute,
3156 3072 3214 3117 ut
3262 3063 3493 3131 pastoris

1921 3174 2047 3215 cura
2077 3160 2236 3215 debet
2265 3174 2386 3214 esse
2416 3158 2665 3225 sollicita,
2696 3156 2791 3210 sed
2831 3154 3329 3224 pro-comparandis
3367 3168 3491 3222 spe-

239 3249 419 3319 )nferi,
444 3251 514 3304 ita
540 3252 607 3306 de
636 3252 985 3308 conclusione
1034 3254 1222 3308 tumuli
1252 3254 1465 3309 Domini
1510 3256 1813 3311 miscricor-
1839 3255 1887 3320 C
1919 3254 2122 3319 ciebus,
2149 3266 2280 3321 quas
2301 3266 2421 3307 eum
2451 3251 2537 3306 hic
2550 3250 2899 3316 blandiretur,
2923 3256 2978 3304 et
3001 3246 3077 3302 illi
3105 3260 3164 3304 se
3186 3246 3496 3302 adulatores

243 3340 387 3395 diam
432 3340 720 3412 ﬂagitabat.
753 3344 816 3398 Et
843 3345 966 3414 quia
996 3346 1287 3414 spatiosum
1318 3355 1452 3413 erat,
1483 3354 1536 3402 ut
1561 3348 1815 3419 diximus,

240 3432 652 3504 sarcophagum,
677 3436 776 3490 etsi
803 3449 862 3489 se
894 3437 1160 3507 integrum
1200 3447 1414 3494 vertere
1444 3453 1551 3494 non
1585 3449 1815 3511 poterat,

242 3538 433 3578 manus
460 3533 635 3581 tamen
669 3528 721 3582 in
755 3537 904 3596 parte
938 3544 1046 3600 qua
1073 3531 1329 3600 voluisset
1364 3532 1530 3588 libere
1560 3534 1821 3589 extende-

244 3612 357 3667 bat.
391 3614 637 3672 Manabat
672 3618 814 3673 enim
851 3636 913 3674 et
946 3622 1156 3677 ossibus
1199 3624 1445 3691 mortuis,
1478 3632 1537 3678 ut
1583 3625 1699 3693 ipse
1736 3640 1823 3681 re-

247 3706 393 3764 ferre
420 3718 533 3765 erat
561 3712 772 3780 solitus,
824 3715 962 3767 fetor
990 3714 1221 3781 lethalis,
1255 3717 1343 3783 qui
1368 3732 1478 3772 non
1517 3719 1689 3772 solum
1724 3734 1822 3772 ex-

250 3812 421 3869 terna,
437 3819 621 3858 verum
645 3806 803 3859 etiam
828 3808 1033 3861 interna
1064 3808 1326 3867 viscerum
1359 3810 1646 3877 quatiebat.
1665 3810 1823 3864 Cum-

247 3913 354 3966 que
398 3899 557 3965 pallio
604 3898 779 3954 aditus
808 3901 1016 3955 narium
1047 3902 1349 3968 obseraret,
1376 3902 1609 3976 quandiu
1641 3901 1823 3956 ﬂatum

245 3987 523 4045 continere
554 4000 784 4059 poterat,
817 3991 947 4046 nihil
977 3994 1263 4061 pessimum
1290 3994 1548 4049 sentiebat
1581 4011 1592 4045 :
1623 3994 1709 4047 ubi
1732 4008 1826 4047 au-

249 4089 359 4136 tem
388 4097 446 4138 se
484 4084 635 4153 quasi
665 4084 916 4140 suil‘ocari
947 4087 1187 4155 putabat,
1216 4096 1423 4141 remoto
1451 4086 1727 4155 paululum
1759 4086 1827 4141 ab

247 4188 346 4229 ore
394 4174 575 4242 pallio,
607 4189 711 4230 non
742 4175 903 4231 modo
943 4190 1041 4245 per
1069 4190 1133 4230 os
1159 4185 1251 4231 aut
1296 4189 1392 4244 ρει*
1433 4190 1610 4241 nares,
1642 4190 1827 4231 verum

247 4267 415 4321 etiam
445 4282 540 4335 per
563 4268 727 4336 ipsas,
768 4276 827 4322 nt
864 4268 934 4321 ita
964 4266 1160 4335 dicam,
1198 4280 1380 4335 aures,
1414 4265 1632 4321 odorem
1664 4266 1829 4335 pesti-

252 4362 424 4417 ferum
471 4362 767 4417 hauriebat.
802 4360 941 4427 Quid
986 4360 1170 4431 plura?
1201 4359 1425 4428 Quando
1452 4358 1741 4425 divinitati,
1774 4368 1831 4414 ut

253 4454 438 4523 credo,
469 4454 763 4521 condoluit,
789 4469 1006 4508 manum
1029 4454 1311 4510 dexteram
1333 4453 1399 4508 ad
1423 4452 1685 4523 spondam
1716 4465 1832 4507 sar-

255 4548 483 4617 cepliagi
522 4546 715 4613 tendit,
773 4547 1076 4616 reperitque
1126 4555 1354 4613 vectem,
1403 4545 1495 4615 qui
1540 4545 1833 4601 decedente

1923 3345 2358 3402 manifestissime
2378 3342 2732 3410 declararent,
2762 3341 3140 3412 majori-quam
3178 3340 3497 3397 constabant

1923 3438 2096 3507 pretio
2125 3435 2520 3492 venumdabant
2554 3444 2600 3489 ε.

1999 3528 2135 3584 Xlll.
2161 3530 2459 3583 Chramnus
2486 3526 2515 3565 ά
2549 3541 2680 3583 vero
2703 3524 2786 3582 his
2814 3526 3001 3583 diebus
3032 3526 3169 3599 apud
3195 3525 3496 3582 Arvernum

1924 3623 2211 3681 residebat.
2246 3624 2425 3678 Multae
2454 3622 2597 3678 enim
2626 3636 2802 3677 causze
2827 3631 2952 3677 tunc
2992 3636 3089 3691 per
3125 3636 3248 3677 eum
3276 3620 3492 3676 irratio-

1926 3715 2174 3771 nabiliter
2220 3714 2575 3784 gerebantur;
2606 3722 2660 3770 et
2688 3713 2757 3768 ob
2787 3715 2886 3769 hoc
2914 3714 3241 3769 acceleratus
3269 3722 3353 3768 est
3376 3722 3401 3750 ε
3426 3712 3497 3766 de

1928 3807 2128 3861 mundo
2160 3823 2174 3861 :
2205 3806 2431 3860 multum
2460 3807 2601 3860 enim
2631 3805 3052 3861 maledicebatur
3074 3821 3103 3859 a
3127 3804 3342 3875 populo.
3374 3803 3500 3860 Nul-

1926 3898 2036 3953 lum
2074 3906 2252 3954 autem
2295 3898 2569 3954 hominem
2602 3898 2873 3967 diligebat,
2904 3912 2932 3951 a
2958 3913 3063 3967 quo
3091 3897 3374 3952 consilium
3408 3896 3501 3951 bo-

1927 4006 2057 4046 num
2111 3991 2346 4060 utileque
2368 4002 2555 4059 posset
2585 3991 2857 4057 accipere;
2891 3992 2991 4044 nisi
3035 3990 3281 4045 collectis
3311 3989 3503 4046 vilibus

1928 4085 2175 4154 personis
2226 4092 2384 4137 aetate
2423 4084 2645 4152 juvenili
2694 4083 3094 4152 fluctuantibus,
3126 4084 3345 4140 eosdem
3388 4095 3505 4141 tan-

1932 4177 2206 4235 tummodo
2225 4177 2538 4248 diligebat‘,
2554 4194 2848 4249 eorumque
2866 4179 3148 4234 consilium
3162 4179 3407 4245 audiens,
3430 4179 3504 4237 ita

1931 4281 1990 4327 ut
2019 4271 2158 4325 ﬁlias
2184 4278 2492 4326 senatorum
2524 4270 2661 4326 datis
2694 4270 3164 4341 praeceptionibus,
3190 4270 3393 4325 eisdem
3421 4272 3504 4324 vi—

1932 4362 2181 4419 dentibus
2206 4363 2341 4417 trahi
2376 4372 2399 4409 8
2428 4362 2663 4433 juberet.
2696 4362 2989 4418 Firminum
3010 4377 3038 4415 a
3070 4361 3329 4417 comitatu
3359 4360 3508 4417 urbis

1933 4455 2168 4526 graviter
2192 4456 2501 4525 injuriatum
2530 4456 2728 4525 abegit,
2763 4464 2817 4511 et
2855 4455 3145 4511 Salustium
3176 4454 3367 4510 Evodii
3400 4454 3508 4527 [AL

1937 4542 2164 4616 Euvodi]
2194 4545 2356 4601 [ilium
2403 4546 2727 4614 subrogavit.
2757 4544 2864 4601 Sed
2896 4545 3165 4600 Firminus
3189 4559 3311 4601 cum
3344 4560 3505 4600 socru
3564 4550 3616 4622 ὦ

256 4638 551 4705 Operto'rio,
576 4637 715 4692 inter
742 4637 914 4707 ipsum
943 4652 1007 4691 ac
1048 4636 1245 4692 labium
1276 4636 1511 4707 sepulcri
1556 4651 1827 4693 remanse-
1861 4634 2035 4699 Dsua
2082 4636 2363 4692 ecclesiam
2418 4637 2589 4706 petiit.
2630 4635 2801 4690 Erant
2845 4644 3025 4691 autem
3074 4635 3509 4706 Quadragesinm
3559 4654 3564 4661 ’

258 4730 563 4800 ηιιηριιεω
601 4728 859 4799 paulatim
909 4744 1275 4795 commovens,
1304 4729 1477 4784 sensit
1512 4738 1837 4799 cooperante

262 4821 358 4877 Dei
388 4821 672 4892 adjutorio,
692 4823 921 4894 lapidem
952 4822 1425 4880 amoveri.Verum
1449 4822 1541 4879 ubi
1563 4822 1636 4879 ita
1658 4838 1839 4879 remo-

338 4962 366 4990 ι
398 4952 549 5019 Bad.,
592 4954 839 5020 Solinus;
891 4955 985 5010 sed
1041 4964 1224 5011 nostra
1278 4955 1438 5011 lectio
1484 4956 1694 5012 melior.
1742 4956 1839 5013 llic

264 5023 823 5098 guippe_A_pollinaris
852 5025 1105 5081 Sidonius
1133 5027 1457 5098 designatur,
1489 5028 1575 5098 qui
1612 5036 1666 5082 et
1688 5026 1838 5082 dice-

265 5093 427 5148 batur
460 5092 611 5149 Caius
642 5094 859 5150 Sollius.
893 5098 1065 5151 Locus
1092 5092 1273 5151 autern
1294 5112 1323 5149 a
1356 5092 1612 5165 Gregério
1639 5097 1829 5150 lauda-

263 5172 355 5236 tus
382 5164 602 5219 habetur
630 5165 685 5219 in
721 5166 943 5233 epistola
973 5168 1024 5231 l,
1055 5167 1147 5221 lib.
1184 5182 1247 5234 ιι,
1278 5181 1399 5236 qua:
1427 5164 1509 5223 est
1536 5167 1604 5221 ad
1635 5166 1829 5221 Hecdi-

262 5235 429 5301 cium,
463 5236 547 5289 ubi
571 5236 805 5302 loquitur
829 5236 896 5291 de
920 5237 1161 5292 Seronati
1189 5235 1350 5303 vitiis,
1375 5239 1462 5303 qui
1493 5251 1580 5291 res
1606 5236 1839 5291 aliorum.

266 5304 555 5361 invadebat
582 5308 729 5361 nullo
759 5308 884 5361 dato
911 5307 1105 5376 pretio,
1135 5307 1276 5377 quod
1306 5322 1399 5361 eos
1424 5315 1828 5373 contemneret;

266 5389 368 5446 nec
398 5377 690 5446 accipiebat
725 5378 1097 5445 instrumenta,
1127 5377 1181 5433 id
1210 5385 1293 5433 est
1318 5378 1522 5433 litteras
1558 5391 1655 5433 seu
1683 5378 1835 5433 tabu-

265 5444 346 5501 las
375 5444 715 5502 venditionis.

339 5516 368 5556 ιν
388 5518 461 5573 De
492 5518 588 5572 hac
610 5518 701 5572 lib.
733 5533 749 5572 ι
779 5518 848 5575 de
897 5520 1140 5577 ecclesiis
1165 5518 1497 5573 Claromont.
1524 5517 1713 5573 Exstat
1740 5518 1836 5573 ho-

267 5588 375 5660 die,
411 5598 468 5642 ut
496 5596 681 5643 menet
733 5590 953 5655 Savaro,
1002 5590 1296 5660 ,parochiali
1357 5589 1509 5643 titulo
1558 5589 1830 5657 insignita.

268 5657 406 5713 Vide
434 5675 592 5730 supra
628 5660 723 5730 lib.
760 5674 811 5730 t,
828 5660 893 5712 ad
916 5657 1034 5730 cap.
1060 5661 1145 5713 5i.
1183 5661 1259 5715 De
1290 5661 1349 5730 S.
1388 5660 1572 5715 Cassio
1597 5670 1651 5715 et
1680 5661 1838 5714 so’ciis

270 5739 433 5801 agunt
486 5728 817 5801 Bollandiani
870 5729 939 5786 ad
979 5728 1120 5787 diem
1170 5732 1236 5787 15
1287 5729 1445 5788 Febr.
1494 5745 1599 5801 quo
1647 5743 1837 5789 eorum

272 5798 466 5855 festum
498 5800 816 5855 celebratur.

350 5878 374 5911 ο
403 5870 601 5930 Chesn.
622 5878 678 5928 et
705 5867 890 5941 Frein,
914 5870 1270 5929 venumdabat.
1362 5953 1369 5957 .

1666 5932 1731 5945 ...π

1936 4730 2055 4785 dies
2083 4746 2098 4782 :
2128 4739 2183 4785 et
2201 4728 2459 4785 Cautinus
2479 4730 2763 4799 episcopus
2788 4730 2842 4783 in
2882 4728 3254 4785 Brivateusem
3304 4728 3509 4784 dimce-

1939 4820 2040 4879 sim
2061 4816 2092 4860 ι
2122 4820 2397 4891 psallendo
2426 4821 2571 4877 adire
2617 4820 2975 4890 disposuerat,
3017 4820 3171 4891 juxta
3214 4819 3510 4876 institutio-

2010 4955 2039 4994 ἀ
2070 4955 2182 5010 Hoc
2222 4965 2383 5025 caput
2426 4956 2580 5012 deest
2606 4955 2657 5010 in
2688 4969 2805 5025 reg.
2836 4962 2890 5009 et
2932 4953 3085 5011 Colb.
3131 4952 3334 5011 Confer
3379 4950 3512 5008 illud

1942 5040 2062 5082 cum
2089 5041 2207 5095 cap.
2240 5026 2309 5078 66
2336 5028 2456 5082 libri
2485 5043 2502 5082 ι
2529 5028 2599 5081 de
2626 5027 2808 5081 Gloria
2838 5026 2991 5081 Mart.

2015 5108 2039 5135 υ
2069 5096 2159 5150 Sic
2181 5111 2310 5151 mss.
2345 5097 2490 5151 Editi
2516 5111 2666 5161 vero,
2695 5099 2908 5152 celerius
2937 5096 3141 5150 ablatus
3170 5102 3265 5149 est.

2014 5164 2035 5204 ί
2066 5164 2155 5220 Sic
2184 5166 2344 5221 iidem
2388 5181 2516 5221 mss.
2550 5168 2618 5219 At
2656 5167 2785 5222 editi
2831 5168 3050 5233 habent,
3105 5164 3344 5220 collectas
3393 5163 3515 5220 viles

1939 5252 2184 5316 personas
2204 5246 2351 5290 atate
2360 5236 2579 5319 juvenili
2614 5239 2919 5319 ﬂuctuantes
2939 5236 3151 5357 [erant
3178 5244 3225 5289 et
3252 5235 3519 5305 diligebat.

2014 5316 2039 5357 ε
2072 5306 2163 5361 Sic
2198 5307 2392 5361 Corb.:
2423 5307 2512 5361 alti
2539 5323 2694 5361 mss..
2727 5325 2773 5361 vi
2795 5310 2935 5361 delra
2975 5324 2991 5359 ι
3026 5306 3239 5361 iuberet.
3264 5304 3392 5361 Ed..
3420 5307 3519 5359 cla-

1942 5306 1950 5308 ‘
2014 5316 2039 5357 ε
2072 5306 2163 5362 Sic
2198 5307 2392 5373 Corb.;
2423 5307 2512 5362 alii
2539 5306 2694 5375 mss.,
2727 5310 2773 5361 vi
2795 5306 2992 5361 detrahi
3015 5306 3239 5377 juberet.
3264 5306 3392 5372 Ed.,
3420 5307 3520 5359 cla-

1940 5379 2004 5458 tis
2046 5377 2479 5458 prtedationl'lrus,_
2513 5393 2627 5458 seu,
2651 5380 2788 5458 .da-ns
2829 5376 3182 5458 prwdonibtts,
3229 5376 3438 5458 051.545":
3445 5376 3521 5458 ,υἱ

1943 5444 2166 5516 detrahi,
2190 5458 2292 5505 etc.
2318 5448 2582 5505 Firminus
2609 5448 2695 5503 hic
2724 5447 2985 5510 laudatus,
3012 5455 3127 5500 erat
3150 5462 3184 5503 e
3207 5444 3374 5503 nobili
3398 5447 3519 5501 Fir-

1944 5522 2212 5576 minorum
2259 5520 2478 5585 familia,
2509 5519 2599 5587 qui
2642 5517 2878 5586 praefecti
2909 5519 3159 5584 praetorio
3206 5526 3261 5573 et
3312 5516 3525 5587 patricii

1946 5590 2182 5655 fuerunt,
2219 5594 2297 5645 uti
2325 5607 2391 5646 ex
2432 5586 2656 5643 novellis
2691 5586 3041 5642 Valentiniani
3081 5598 3136 5643 et
3165 5586 3415 5644 Marciani
3456 5588 3525 5641 li-

1944 5674 2092 5729 quct.
2123 5662 2227 5713 Eos
2258 5670 2433 5715 autem
2461 5675 2524 5713 ex
2559 5658 2809 5729 Arvernis
2850 5657 3105 5712 oriundos
3154 5658 3319 5714 fuisse
3364 5664 3521 5727 putat

1944 5728 2149 5802 Sayaro
2171 5732 2222 5783 in
2254 5732 2391 5784 notis
2420 5729 2485 5783 ad
2507 5729 2667 5799 epist.
2697 5728 2732 5781 2
2761 5729 2990 5796 Sidonii,
3036 5729 3127 5785 lib.
3162 5744 3236 5799 ιχ,
3272 5743 3390 5798 qua:
3434 5733 3521 5782 est

1944 5801 2011 5857 ad
2043 5800 2358 5855 Firminutn.

1944 5815 2011 5857 30
2043 5815 2072 5853 l‘
2089 5815 2358 5855 Il'lllllllllll.

1987 5951 1991 5957 ν
2017 5868 2049 5911 ιι
2075 5869 2315 5928 θὶωοεδὲι
2355 5871 2438 5928 hic
2462 5884 2651 5943 pagum
2693 5872 2970 5944 designat;
3018 5888 3140 5932 nam
3171 5869 3404 5938 llrivate,
3430 5867 3525 5926 ubi
