4028 6342
519 371 623 428 279

1556 366 1614 422 S.
1655 365 1980 423 GREGORII
2023 362 2330 422 EPISCOI’I
2368 360 2791 423 TURONENSIS

3678 361 3794 418 9.80

519 500 640 541 nem
689 483 857 541 saneti
895 484 1053 554 Galli,
1087 484 1222 539 sicut
1251 497 1409 552 supra
1457 483 1791 551 scripsimus.
1827 483 2088 552 Egressus
2117 487 2166 543 Α
2194 489 2597 536 contemnerent
2629 479 2874 534 reddere.
2921 475 3012 531 Itis
3052 477 3302 533 incitatus
3344 477 3544 543 verbis,
3574 476 3644 531 ad
3686 491 3794 532 eos

519 587 601 632 est
635 578 793 648 igitur
840 576 1119 643 episcopus
1148 575 1214 629 ab
1246 575 1372 628 urbe
1406 589 1528 628 cum
1577 589 1766 640 magno
1797 574 1940 639 tletu,
1975 590 2087 629 me-

519 676 675 721 tuens
710 681 775 720 ne
803 665 999 735 aliquid
1031 665 1082 718 in
1124 665 1311 718 itinere
1356 664 1562 717 adversi
1600 663 1750 736 153
1784 662 2045 731 perferret
2075 681 2086 715 :

519 759 827 814 intendebat
872 759 1013 812 enim
1039 765 1092 811 et
1124 757 1216 824 ipsi
1250 771 1340 810 rex
1377 765 1403 792 ι
1441 757 1736 809 Cliramnus
1769 756 1958 808 minas.
1993 755 2094 822 Qui

521 857 644 910 dum
670 858 768 910 iter
793 863 993 924 ageret,
1037 848 1176 906 misit
1199 868 1288 906 rex
1329 850 1715 904 Imnaebarium
1757 859 1806 904 et
1837 850 2095 915 Si-aptlia-

521 948 654 1002 rium
689 949 886 1016 primos
912 947 978 1000 de
1003 947 1167 998 latere
1196 960 1293 997 suo
1316 943 1366 1009 δ,
1387 945 1568 997 dicens
1601 962 1612 996 :
1647 944 1722 996 Ite
1746 953 1796 996 et
1820 945 1864 996 vi
1894 945 2098 995 abstra-

520 1039 631 1093 hite
666 1039 975 1100 It‘irminum,
1007 1035 1401 1103 Cresariamque
1431 1049 1638 1086 socrum
1672 1033 1787 1101 ejus
1831 1033 1896 1086 de
1925 1034 2092 1085 cccle-

523 1131 623 1185 sia.
658 1129 969 1183 Discedente
1004 1139 1024 1165 ε
1057 1143 1184 1182 vero
1215 1129 1464 1196 episcopo
1487 1142 1603 1180 cum
1637 1127 1934 1192 puilleiitio,
1960 1127 2096 1178 sicut

521 1237 675 1291 supra
712 1220 1210 1287 memoravimus,lii
1235 1219 1322 1288 qui
1355 1221 1498 1272 missi
1536 1220 2092 1285 fuerantaCbramno,

522 1312 894 1379 ingrediuntur
925 1311 1230 1376 ecclesiam,
1277 1325 1339 1364 ac
1381 1311 1674 1364 Firminuni
1710 1312 2098 1376 (Iaesariamque

524 1404 686 1459 variis
735 1403 1151 1458 collocutionum
1200 1403 1336 1457 dolis
1387 1404 1616 1456 mulcere
1651 1413 1872 1456 lentant.
1903 1403 2096 1455 Verum

521 1497 606 1550 ubi
638 1496 1058 1570 ditttissimealia
1086 1511 1151 1550 ex
1191 1495 1306 1550 aliis
1335 1495 1743 1550 dcainliulantes
1789 1511 1881 1562 per
1925 1498 2102 1548 eccle-

522 1588 656 1641 siam
686 1589 1083 1656 colloquuntur,
1129 1597 1181 1642 ct
1209 1590 1257 1642 in
1291 1590 1391 1642 hoc
1421 1590 1505 1657 qui
1541 1588 1884 1654 confugerant
1922 1589 2099 1641 inten-

525 1681 716 1735 derent
765 1695 831 1735 ex
875 1681 1053 1734 animo
1081 1699 1198 1750 quas
1245 1682 1578 1741 dicebantur,
1609 1683 1672 1733 ad
1704 1682 1875 1748 regias
1906 1678 1930 1714 ιι
1971 1681 2101 1733 τιιάὶς

530 1787 720 1839 sacrae,
765 1789 882 1840 quae
925 1784 1046 1828 tunc
1087 1785 1337 1828 reseratae
1383 1773 1616 1836 fuerant,
1649 1775 2100 1841 appropinquant.

2195 573 2394 640 dirigit.
2418 572 2656 639 Cumque
2695 571 2800 637 jam
2826 582 2992 638 pmpe
3022 569 3310 622 terminum
3351 569 3563 623 illorum
3614 577 3794 634 esset,

2196 667 2434 720 Saxones
2472 665 2672 730 legatos
2695 663 2758 714 ad
2780 678 2898 714 cum
2924 662 3161 726 mittunt,
3189 662 3427 715 dicentes
3455 679 3466 713 :
3501 661 3616 715 Non
3639 661 3793 715 enim

2195 770 2378 809 sumus
2401 763 2798 820 contemptores
2831 755 2923 814 tui,
2950 763 3002 806 et
3023 767 3085 806 ea
3119 769 3237 819 quae
3267 754 3520 807 fratribus
3550 750 3576 789 ιι
3606 768 3669 807 ac
3704 768 3797 806 ne-

2197 848 2411 916 potilms
2442 848 2546 897 tuis
2570 846 2794 897 reddere
2822 845 3220 908 consuevimus,
3259 859 3363 897 non
3415 859 3701 910 negamus,
3739 851 3798 896 et

2200 939 2400 1004 majora
2426 938 2620 998 adhuc,
2667 939 2709 988 si
2755 937 3055 1004 quaesieris,
3105 935 3412 988 reddemus.
3440 935 3615 989 Unum
3670 944 3799 986 tati-

2207 1038 2314 1080 tttm
2366 1031 2728 1094 exposcimus,
2766 1039 2819 1077 ut
2863 1028 2928 1079 sit
2988 1043 3102 1092 pax,
3134 1042 3201 1080 ne
3253 1037 3375 1078 tuus
3412 1027 3692 1080 exercitus
3742 1034 3799 1078 et

2202 1130 2386 1174 noster
2413 1122 2637 1185 pepnlus
2662 1119 2968 1170 t‘t‘)i»iti:llttl'.
3003 1119 3126 1170 llzcc
3178 1119 3400 1169 audiens
3429 1117 3799 1169 Chlothacha-

2201 1210 2312 1262 rius
2339 1225 2455 1272 rex,
2490 1212 2564 1260 ait
2590 1209 2699 1261 suis
2737 1225 2748 1258 :
2785 1208 2925 1260 Bene
2958 1209 3244 1272 loquuntur
3273 1207 3324 1259 hi
3352 1209 3597 1258 homines
3631 1224 3643 1256 :
3680 1221 3797 1257 non

2203 1303 2510 1355 incedamtts
2541 1317 2699 1365 super
2725 1316 2840 1360 eos,
2873 1301 3090 1352 neforle
3121 1314 3403 1362 peccemus
3427 1300 3475 1350 in
3512 1300 3703 1351 Deum.
3730 1298 3802 1350 At

2205 1397 2279 1449 illi
2309 1397 2558 1449 diverunt
2589 1413 2604 1447 ι
2635 1394 2842 1446 Scimus
2869 1394 3009 1445 enim
3058 1407 3151 1444 eos
3198 1391 3506 1453 mendaces,
3541 1406 3641 1442 nec
3667 1404 3797 1441 ont-

2205 1489 2330 1540 nino
2354 1491 2492 1552 quod
2529 1487 2873 1554 promiserint
2898 1485 3226 1552 impleturus.
3259 1484 3451 1535 Eamus
3480 1497 3646 1547 super
3673 1496 3800 1534 eos.

2208 1579 2441 1632 Rursum
2494 1581 2733 1630 Saxones
2769 1577 3072 1628 obtulerunt
3124 1576 3465 1628 medietatem
3523 1573 3802 1625 facultatis

2207 1687 2337 1734 sure,
2365 1686 2546 1736 pacem
2579 1679 2836 1735 petentes.
2863 1669 2926 1720 Et
2955 1665 3398 1719 Cblothacharins
3421 1680 3516 1716 rex
3543 1666 3618 1716 ait
3640 1665 3758 1716 suis
3783 1681 3799 1716 :

2214 1762 2483 1825 Desistite,
2531 1776 2731 1827 quaeso,
2761 1761 2826 1812 ab
2878 1760 2959 1811 his
3013 1758 3336 1819 hominibus,
3386 1771 3450 1808 ne
3479 1770 3642 1820 Super
3700 1771 3804 1810 nos

522 1862 670 1919 Tunc
691 1865 1051 1919 Itnnacharius
1066 1866 1384 1927 Firminum,
1408 1865 1752 1933 Scaptliarins
1772 1876 1793 1902 ί·
1819 1865 1983 1919 Οιῐξςθι
2001 1867 2100 1918 iant

2210 1853 2300 1905 Dei
2332 1853 2408 1904 ira
2441 1847 2759 1904 concitetur.
2790 1849 2938 1915 Quod
2972 1850 3041 1902 illi
3075 1865 3178 1901 non
3217 1848 3619 1912 acquieverunt.
3659 1845 3805 1898 Rur-

526 1957 895 2026 apprehenstis
930 1959 1067 2012 inter
1091 1959 1306 2012 brachia
1340 1960 1405 2011 ab
1432 1960 1653 2012 ecclesia
1687 1957 1924 2026 cjiciunt,
1957 1957 2108 2025 para?

529 2047 594 2099 tis
648 2048 822 2115 pueris
865 2049 952 2116 qui
1001 2051 1332 2118 susciperent
1361 2067 1373 2102 :
1408 2065 1539 2119 quos
1572 2053 1748 2103 statim
1783 2049 1833 2102 in
1864 2052 2104 2104 exsiliunt

526 2137 864 2192 direxerunt.
895 2138 998 2192 Sed
1044 2139 1130 2193 die
1176 2141 1337 2194 altera
1368 2141 1634 2208 depressis
1659 2157 1845 2194 somno
1876 2146 2108 2198 custodi-

528 2230 648 2294 bus,
681 2230 776 2297 ipsi
811 2245 870 2284 se
901 2232 1098 2284 liberos
1126 2231 1435 2294 sentientes,
1469 2233 1533 2285 ad
1566 2233 1700 2285 beati
1736 2235 1933 2288 Juliani
1968 2237 2107 2289 basi-

525 2326 679 2379 licam
724 2325 1060 2393 confugiunt,
1095 2333 1148 2379 et
1179 2326 1256 2377 sic
1302 2326 1369 2378 ab
1410 2327 1605 2381 exsilio
1651 2328 1987 2383 liberantur:
2021 2344 2106 2383 res

524 2426 701 2471 tamen
755 2432 942 2472 eorum
999 2418 1128 2470 fisco
1175 2417 1382 2470 collato
1435 2427 1578 2471 sunt.
1609 2419 1867 2472 Cautinus
1926 2432 2104 2475 autem

526 2511 830 2578 episcopus,
857 2527 976 2563 cum
1010 2520 1290 2578 suspectus
1313 2521 1456 2566 esset
1485 2513 1627 2580 quod
1657 2523 1710 2565 et
1739 2515 1856 2583 ipse
1888 2516 2107 2582 injuria-

527 2611 713 2666 retur,
763 2616 824 2655 ac
876 2613 1227 2655 memoratum
1282 2604 1381 2657 iter
1426 2613 1602 2659 terens
1647 2621 1836 2674 equum
1891 2607 2109 2662 haberet

529 2699 782 2758 stratum,
814 2692 948 2747 vidit
979 2703 1095 2762 post
1127 2703 1329 2764 tergum
1369 2696 1613 2751 homines
1662 2699 1938 2752 venientes
1987 2715 2106 2753 eum

529 2786 772 2851 caballis,
807 2787 897 2856 qui
926 2787 989 2840 ad
1020 2803 1297 2842 occursum
1332 2789 1448 2857 ejus
1473 2789 1774 2856 veniebant,
1800 2799 1852 2844 et
1882 2792 1984 2844 ait:
2017 2792 2107 2844 Vae

527 2877 677 2943 mihi,
711 2878 834 2946 quia
887 2877 939 2931 hi
989 2887 1112 2931 sunt
1163 2895 1297 2948 quos
1347 2881 1646 2934 Cltramnus
1691 2883 1883 2935 direxit
1923 2884 1986 2936 ad
2023 2900 2107 2937 me

524 2968 1109 3033 comprehendendum.
1137 2970 1204 3022 Et
1233 2983 1459 3024 ascenso
1484 2973 1657 3039 cqnite
1684 2973 1788 3044 [ΑΙ.
1817 2975 1995 3042 equo},
2022 2989 2106 3029 rc-

523 3056 648 3114 Iicto
681 3061 987 3130 psallentio,
1042 3061 1188 3115 solus
1246 3076 1412 3130 usque
1450 3062 1502 3116 in
1555 3064 1816 3131 porticum
1867 3065 2105 3121 basilicae

522 3154 695 3207 sancti
729 3153 950 3219 Juliani,
999 3152 1258 3206 ambobus
1309 3169 1503 3221 urgens
1555 3154 1820 3207 calcaneis
1852 3158 2102 3224 cornipe-

2209 1957 2324 1993 snm
2358 1941 2619 1993 Saxones
2674 1940 2979 1991 obtulerunt
3051 1940 3388 1999 vestimenta,
3446 1949 3664 2002 pecora,
3714 1934 3804 1988 vel

2209 2041 2370 2085 oinne
2410 2045 2602 2099 corpus
2640 2030 2900 2082 facultatis
2943 2044 3074 2092 sum,
3126 2028 3410 2081 dicentes:
3451 2026 3575 2078 Ilaec
3615 2026 3805 2079 omnia

2212 2125 2376 2176 tollite
2403 2140 2519 2177 eum
2568 2124 2854 2177 medietate
2907 2134 3060 2176 terra-
3093 2131 3287 2175 nostrae
3321 2140 3332 2172 :
3364 2131 3565 2174 tantum
3598 2135 3805 2175 uxores

2215 2227 2267 2270 et
2303 2219 2548 2284 parvulos
2579 2227 2789 2268 nostros
2825 2215 3107 2282 relinquite
3139 2215 3360 2277 liberos,
3383 2221 3437 2266 et
3483 2213 3682 2266 bellum
3721 2214 3804 2264 in-

2217 2321 2294 2364 ter
2325 2325 2421 2362 nos
2446 2325 2550 2362 non
2585 2309 2967 2362 committatur.
2993 2305 3181 2360 Franci
3222 2317 3396 2358 autent
3447 2320 3547 2357 nec
3578 2307 3682 2356 hoc
3713 2318 3801 2358 ac-

2210 2402 2814 2473 quiescerevoluerunt.
2842 2400 3043 2465 Quibus
3071 2400 3145 2450 ait
3174 2397 3622 2450 Cblotbaebarius
3655 2411 3752 2448 rex
3785 2412 3800 2446 :

2211 2498 2478 2559 Desistite,
2514 2511 2694 2560 qua-so
2726 2533 2741 2557 ,
2775 2491 3012 2544 desistite
3060 2491 3127 2542 ab
3168 2492 3264 2542 hac
3312 2489 3631 2541 intentione.
3670 2489 3801 2541 Ver-

2210 2590 2335 2640 bum
2371 2587 2512 2638 enim
2542 2587 2804 2637 directum
2837 2601 2939 2635 non
2985 2581 3270 2640 habemus;
3303 2580 3467 2632 nolite
3495 2579 3559 2632 ad
3593 2579 3800 2632 bellum

2213 2677 2309 2742 ire,
2339 2677 2389 2730 in
2416 2692 2522 2744 quo
2562 2674 2966 2742 disi-tertianiini.
2999 2672 3201 2724 Tamen
3233 2671 3276 2724 si
3305 2686 3369 2724 eo
3396 2672 3471 2723 ire
3509 2669 3527 2707 ί
3560 2671 3800 2723 Volueri-

2213 2771 2278 2823 tis
2319 2778 2612 2838 spontanea
2666 2768 2958 2827 voluntate,
2987 2778 3086 2827 ego
3143 2777 3244 2815 non
3300 2776 3512 2830 sequar.
3547 2761 3699 2814 Tunc
3725 2761 3800 2816 illi

2212 2860 2288 2914 ira
2328 2858 2585 2913 commoti
2626 2866 2807 2908 contra
2859 2853 3331 2907 Cblotbacharium
3389 2840 3592 2921 regem,
3636 2866 3798 2918 super

2213 2966 2334 3006 eum
2365 2952 2603 3013 irruunt,
2663 2956 2718 3001 et
2760 2947 3062 2999 scindentes
3109 2943 3392 2997 tentorium
3450 2943 3585 3012 ejus,
3621 2947 3800 3012 ip~um

2211 3057 2422 3112 quoque
2460 3040 2713 3094 conviciis
2760 3047 3176 3104 exasperantes,
3218 3051 3279 3090 ac
3322 3038 3372 3090 vi
3422 3037 3796 3103 detrahentes,

2212 3135 2511 3190 interlicrre
2539 3138 2840 3197 voluerunt,
2866 3132 2909 3184 si
2940 3147 3057 3184 cum
3083 3129 3187 3184 illis
3209 3128 3356 3182 abire
3378 3129 3635 3183 differret.
3672 3129 3800 3186 Ilaec

524 3246 666 3308 dem,
699 3259 839 3312 pene
867 3243 1129 3297 exanimis
1160 3220 1440 3311 percurrit,
1475 3244 1576 3296 sed
1619 3260 1712 3296 ηοε
1742 3245 1855 3298 tum
1885 3220 2105 3300 n,,,.,.',,,,_
2139 3239 2182 3300 ρ
2216 3226 2401 3280 videns
2454 3224 2931 3287 Cblotbaebarius,
2967 3224 3158 3276 invitus
3183 3223 3280 3275 fuit
3331 3235 3450 3274 cum
3490 3220 3588 3273 eis.
3620 3220 3685 3273 At
3717 3221 3799 3276 illi

526 3341 629 3398 tes,
659 3333 897 3387 Sallustii
928 3333 1270 3400 sententiam,
1304 3349 1458 3402 quam
1502 3334 1551 3386 in
1583 3334 1908 3388 detractores
1941 3335 2104 3390 histo-

526 3423 936 3493 riOgrapliorum
971 3425 1211 3492 protulit,
1241 3439 1630 3490 memoramus;
1656 3426 1727 3478 ait
1754 3425 1932 3480 enimf
1962 3446 1980 3478 ι
2008 3431 2107 3481 Ar-

528 3515 694 3570 dttttm
740 3515 956 3570 videtur
1004 3531 1091 3571 res
1143 3525 1319 3586 gestas
1368 3518 1602 3571 scribere
1636 3535 1648 3570 :
1682 3523 1931 3587 primum,
1967 3522 2106 3590 quod

529 3604 670 3658 facta
705 3607 864 3661 dictis
908 3609 1236 3677 exaequanda
1269 3619 1433 3674 sunt;
1469 3609 1662 3663 deinde
1703 3612 1821 3679 quia
1873 3612 2108 3681 plerique

530 3697 744 3763 delicta,
778 3715 894 3768 qua:
941 3700 1371 3767 reprehenderis,
1411 3702 1784 3756 malevolentia
1830 3714 1880 3758 et
1910 3705 2106 3759 invidia

529 3787 668 3842 dicta
700 3798 905 3857 putant.
933 3810 950 3842 ›
983 3791 1084 3845 Sed
1113 3801 1284 3859 coepta
1318 3808 1624 3859 sequamur.

598 3879 736 3935 XIV.
775 3882 936 3952 Igitur
965 3881 1406 3939 Clilotbacbarius
1447 3897 1565 3954 post
1593 3896 1818 3941 mortem
1859 3888 2107 3944 Theodo-

526 3975 666 4030 baldi
697 3993 816 4032 cum
878 3995 1096 4048 regnum
1135 3979 1291 4050 l5ﬁ.
1325 3980 1559 4034 Francia:
1585 3991 1609 4027 8
1655 3984 1997 4048 suscepisset,
2033 3991 2109 4037 at-

527 4085 630 4136 que
684 4069 814 4124 illud
855 4071 1188 4137 circumiret,
1215 4072 1417 4126 audivit
1460 4088 1487 4124 a
1530 4072 1852 4126 suisilerata
1902 4073 2104 4126 insania

529 4161 882 4217 effervescere
907 4163 1176 4227 Sationes,
1204 4163 1412 4233 sibique
1455 4180 1575 4219 esse
1601 4165 1854 4230 rebelles;
1884 4177 1935 4219 et
1965 4165 2106 4233 quod

531 4256 748 4323 tributa,
779 4272 896 4325 quae
927 4259 1082 4313 annis
1114 4258 1335 4326 singulis
1361 4268 1756 4315 consueverant
1778 4261 2102 4324 ministrare,

533 4429 763 4483 celebris
794 4430 1017 4484 ecclesia
1067 4432 1122 4485 S.
1157 4431 1368 4490 .Iuiiani.
1395 4449 1459 4487 ex
1506 4433 1723 4488 dioecesi
1755 4443 1870 4488 erat
1913 4435 2108 4492 Arver-

529 4501 704 4554 nensi.
725 4501 987 4572 (laetemur
1013 4501 1270 4572 haevoce
1303 4505 1587 4572 aliquando
1614 4507 1879 4570 provincia
1907 4519 2104 4561 metro-

530 4569 1136 4644 politanijurisdictioni
1183 4569 1416 4641 subjecta
1459 4569 1778 4642 designatur,
1813 4578 2099 4644 aliquando

529 4655 660 4693 vero
694 4643 898 4713 plures
951 4644 1234 4708 provincia:
1289 4646 1597 4709 patriarcha:
1627 4686 1640 4708 ,
1690 4643 1939 4713 primari,
1985 4649 2098 4704 sive

528 4711 760 4765 exarclto
790 4723 1058 4779 parentes.
1093 4716 1240 4778 Quod
1272 4725 1319 4767 et
1354 4716 1404 4766 in
1437 4716 1574 4768 civili
1597 4711 1897 4781 reipubliczc
1930 4720 2098 4773 admi-

528 4783 843 4856 nistratione
863 4783 1032 4856 locoin
1061 4785 1238 4838 habuit
1259 4785 1672 4848 ;Iiincdiu:eesis
1698 4788 1946 4851 Orientis,
1965 4801 2093 4856 ctc.,

529 4853 849 4923 quandoque
879 4855 1048 4906 vicum
1082 4863 1171 4907 aut
1205 4870 1393 4922 pagum
1418 4855 1678 4923 dessgnat,
1710 4868 1764 4909 ttt
1798 4857 1901 4921 hic,
1933 4871 1987 4912 et
2017 4853 2096 4912 in;

526 4920 727 4995 fralib.
765 4920 868 4987 ίγιι,
903 4939 1021 4990 cap.
1070 4926 1170 4988 58;
1206 4920 1357 4978 nunc
1408 4920 1562 4992 vulgo
1605 4942 1699 4994 pro
1745 4929 1976 4995 episcopi
2006 4933 2093 4995 ju-

485 4993 858 5064 irisdietione,
895 5011 1049 5063 quant
1102 4997 1258 5049 medii
1309 4996 1406 5048 :evi
1456 4993 1742 5063 scriptores
1789 4993 2095 5061 frequenter

525 5065 828 5130 parochiam
852 5065 1212 5133 appellabant,
1236 5070 1480 5120 sumitur.
1501 5069 1628 5120 Vide
1652 5068 1830 5121 (Samii
1857 5068 2091 5123 Glossar.

526 5142 580 5186 et
623 5136 892 5188 Sirmond.
927 5137 981 5188 in
1010 5135 1166 5203 epist.
1207 5135 1264 5188 IG
1295 5137 1494 5190 Sidonii
1531 5139 1617 5190 lib.
1656 5153 1724 5188 ιχ.
1760 5136 1926 5190 Porro
1959 5141 2096 5192 Lila-

527 5203 631 5256 nia:
660 5204 940 5278 institutio,
983 5207 1048 5259 de
1069 5222 1171 5278 qua
1215 5207 1302 5259 hic
1334 5207 1640 5274 Gregorius,
1683 5207 1908 5261 habetur
1936 5225 2094 5278 supra

526 5285 645 5340 cap.
675 5275 726 5338 5,
755 5276 894 5343 quod
929 5286 1103 5328 tamen
1130 5277 1281 5329 deest
1314 5279 1362 5328 in
1393 5280 1424 5328 4
1447 5291 1573 5329 mss.

603 5351 626 5377 α
656 5344 1000 5417 therva‘hic
1046 5345 1373 5417 Citrtllltlltlln
1425 5363 1589 5417 regem
1649 5347 1924 5412 appellari,
1958 5349 2097 5417 quod

527 5407 695 5485 fuerit
721 5414 1040 5485 regisifilins.
1067 5415 1183 5469 Alia
1220 5407 1500 5485 ejusmodi
1514 5407 1756 5484 exempla
1785 5407 1986 5485 passini
2013 5435 2094 5472 re-

529 5481 715 5553 peries
736 5481 874 5548 apud
907 5485 1241 5553 Gregorium.

603 5548 636 5625 1’_
661 5550 989 5625 Dir_e_ctos_tle
1017 5548 1178 5609 tutere
1207 5559 1345 5625 regis
1392 5557 1646 5610 habemus
1679 5573 1883 5623 quoque
1911 5558 1961 5610 in
1994 5557 2100 5612 for-

529 5619 672 5699 mula
700 5623 1041 5699 ultiina_lili.-t
1064 5626 1199 5691 apud
1225 5619 1558 5699 Marcellum.
1602 5619 1747 5699 Quoi
1795 5619 1987 5680 nomen
2023 5630 2099 5682 Ie-

529 5691 637 5813 gati
671 5691 922 5813 pontificii
952 5709 981 5746 e
1010 5693 1245 5750 Iioiuana
1268 5698 1412 5750 curia
1438 5701 1488 5750 in
1521 5698 1823 5765 provincias
1855 5699 2100 5755 tnzssire-

555 5774 674 5813 men
708 5800 720 5811 .

555 5771 720 5813 liteflt.

608 5840 630 5870 ε
657 5829 870 5904 Aliquot
895 5847 1020 5894 tuSS.
1052 5842 1104 5915 et
1135 5834 1246 5899 θα..
1280 5836 1627 5900 descendente.

2212 3319 2344 3370 inito
2369 3318 2688 3380 certamine,
2725 3315 2952 3367 maxima
2991 3314 3055 3367 ab
3077 3313 3400 3368 adversariis
3425 3312 3799 3368 internecione

2217 3407 2370 3478 155
2393 3408 2671 3461 caeduntur
2701 3423 2712 3457 :
2743 3414 2991 3472 tantaque
3019 3407 3084 3457 ab
3134 3414 3361 3469 utroque
3389 3405 3630 3456 exercitu
3664 3403 3798 3456 mul-

2212 3500 2378 3554 titudo
2410 3500 2622 3562 cecidit,
2649 3507 2706 3550 ttt
2735 3512 2832 3550 nec
2856 3497 3131 3559 :rstimari,
3166 3511 3264 3550 nec
3288 3495 3553 3548 numerari
3583 3499 3796 3562 penitus

2211 3591 2397 3658 possit.
2424 3589 2573 3641 'I‘unc
2609 3586 3056 3641 Chlotliaebarius
3111 3585 3267 3639 valde
3307 3585 3560 3638 confusus
3610 3600 3795 3651 pacem

2211 3682 2382 3748 petiit,
2411 3679 2593 3732 dicens
2617 3693 2675 3732 se
2707 3694 2811 3730 non
2843 3693 2938 3728 sua
2967 3678 3236 3730 voluntate
3259 3691 3418 3743 super
3438 3690 3532 3731 eos
3563 3677 3792 3730 venisse.

2212 3776 2325 3842 Qua
2354 3774 2598 3838 obtenta,
2630 3773 2694 3826 ad
2729 3771 2940 3840 propria
2971 3770 3151 3825 rediit.

2281 3886 2400 3940 XV.
2433 3885 2684 3960 'I‘uronicci
2718 3883 2731 3933 i
2773 3893 2947 3936 autem
2995 3883 3271 3937 audientes
3297 3897 3600 3948 regressum
3628 3882 3796 3937 fuisse

2212 3993 2390 4045 regem
2416 3977 2483 4030 de
2507 3976 2653 4029 crede
2679 3975 2973 4039 Saxonum,
3007 3973 3146 4028 facto
3175 3990 3436 4029 consensu
3469 3973 3491 4010 ¹ί
3529 3973 3582 4027 in
3606 3974 3796 4026 Eufra-

2211 4072 2357 4126 ninm
2394 4070 2785 4139 presbyterum,
2819 4068 2884 4121 ad
2913 4084 3034 4121 eum
3062 4076 3306 4136 pergunt,
3327 4068 3554 4136 dataque
3577 4082 3797 4135 sugges-

2213 4163 2383 4226 tione,
2441 4159 2714 4224 respondit
2761 4173 2852 4211 rex
2888 4156 3292 4223 :I’rarceperam
3331 4159 3494 4225 enim,
3549 4167 3607 4210 ut
3665 4159 3796 4211 Cato

2211 4256 2492 4324 presbyter
2519 4251 2626 4304 illic
2649 4249 2989 4305 ordinaretur
3022 4266 3035 4302 :
3065 4259 3120 4304 et
3172 4264 3267 4303 cur
3292 4258 3373 4304 est
3413 4263 3594 4319 spreta
3621 4249 3796 4318 jussio

2281 4427 2308 4465 ἀ
2357 4429 2408 4482 Id
2460 4437 2538 4482 est
2572 4437 2766 4494 portas.
2822 4425 3014 4490 Corh.,
3072 4428 3140 4479 ad
3180 4428 3332 4479 reiris.
3387 4427 3566 4495 Regia:
3623 4430 3788 4482 etiam

2210 4501 2548 4557 et'antvalva)
2580 4515 2672 4552 seu
2714 4499 2934 4549 cancelli
2976 4497 3166 4565 quibus
3227 4498 3612 4566 presbyterium
3644 4502 3794 4551 clau-

2212 4573 2450 4624 debatur.
2491 4571 2621 4622 Vide
2649 4567 2930 4621 MabiIIOnii
2958 4569 3410 4620 (joinincntarinin
3454 4571 3501 4620 in
3534 4571 3792 4621 Urilinent

2213 4643 2434 4695 liotnan.
2465 4657 2608 4693 num.
2635 4639 2720 4703 ’20,
2755 4649 2807 4692 et
2840 4645 2981 4706 ipsos
3012 4639 3410 4699 Ut'ditte~;[{tittt.
3446 4647 3575 4691 tom.
3602 4639 3644 4691 tt
3679 4641 3792 4692 Slu-

2206 4715 2283 4767 sei
2316 4712 2498 4764 Italici.

2281 4792 2304 4817 ο
2332 4785 2383 4834 In
2417 4783 2540 4835 ltec.
2566 4779 2732 4833 semel
2764 4779 2908 4848 prior
2933 4778 3244 4845 Inmacrius,
3275 4793 3486 4848 semper
3510 4794 3634 4833 vero
3661 4782 3795 4834 alter

2205 4853 2475 4915 Cnplarius
2503 4853 2770 4903 dicuntur.

2281 4924 2298 4960 τ
2331 4923 2481 4974 Initio
2513 4923 2626 4972 libri
2659 4922 2724 4974 de
2755 4921 2898 4972 Bello
2921 4920 3250 4973 Catilinario.

2201 5045 2204 5048 Α
2277 5003 2300 5037 ε
2326 4994 2466 5045 Nota.
2489 4992 2845 5043 'I‘heodebaldi
2871 4993 3162 5055 pltl'littllt‘lll
3198 4991 3280 5042 hic
3303 5006 3511 5058 regntun
3547 4987 3793 5042 Francia

2203 5065 2477 5129 appellari.
2514 5062 2642 5113 Vide
2663 5061 2926 5112 (lniutiun.
2956 5064 3017 5113 ad
3052 5079 3137 5114 an.
3164 5063 3286 5121 5.38,
3317 5066 3399 5112 uln
3433 5071 3547 5112 tusc
3569 5061 3790 5114 disserit

2203 5135 2269 5188 dc
2293 5134 2790 5193 l"ranciwuonnne;
2824 5132 2952 5197 ι›ι·‹·ι1ι
2972 5147 3114 5198 nque
3140 5130 3422 5198 cujuslibet
3443 5131 3604 5195 partis
3623 5131 3793 5183 Frau-

2204 5207 2302 5257 ci:e
2335 5204 2481 5269 regni
2507 5199 2691 5264 reges,
2715 5201 2890 5252 dictus
2931 5201 3090 5254 fuisse
3132 5215 3283 5267 τρέε,
3328 5200 3678 5253 Francorum.
3713 5201 3794 5256 De

2206 5291 2304 5342 qua
2338 5290 2394 5326 re
2429 5272 2679 5324 multaibi
2709 5272 2969 5336 congerit.

2277 5343 2302 5378 ιι
2328 5344 2567 5396 Valesius
2591 5342 2868 5406 legendum
2906 5349 3050 5404 putat
3075 5340 3258 5406 fratri,
3290 5339 3428 5405 quod
3463 5339 3562 5392 soli
3592 5340 3786 5392 Theo-

2204 5413 2458 5467 doricuac
2479 5414 2585 5464 lilio
2605 5411 2722 5478 ejus
2737 5411 3112 5463 Tlteotlelicrto
3130 5415 3369 5476 etnepoti
3387 5410 3790 5474 Tlieodchaldo,

2207 5485 2294 5551 qni
2324 5483 2580 5538 Clilotarii
2615 5490 2834 5547 nepotes
2865 5483 2949 5534 hic
2993 5481 3261 5544 dicuntur,
3292 5481 3534 5534 Saxones
3586 5483 3786 5532 tributa

2209 5557 2524 5622 ptfl'SUiVIr-SC
2558 5552 2656 5603 dici
2692 5560 2927 5617 possunt.

2286 5626 2299 5660 ἱ
2341 5629 2486 5688 liee.,
2529 5623 2676 5675 (Zoili.
2711 5633 2761 5672 et
2793 5622 2924 5687 lieg.
2955 5635 3074 5673 Cum
3107 5619 3266 5672 editis
3295 5620 3516 5688 aliquot.
3547 5621 3591 5672 si
3622 5620 3788 5671 abire.

2207 5698 2272 5752 Et
2304 5697 2435 5748 iulia
2470 5711 2560 5758 pro
2593 5693 2687 5760 fuit
2721 5709 2835 5742 rum
2867 5693 2954 5751 eis,
2989 5694 3146 5742 iidem
3176 5692 3366 5742 habent
3399 5691 3524 5742 abiit
3550 5708 3664 5743 cum
3692 5691 3786 5742 cfs.

2289 5769 2303 5815 ι
2343 5767 2494 5817 Deest
2524 5763 2623 5814 hoc
2647 5771 2801 5825 caput
2833 5761 2883 5812 in
2920 5762 3114 5814 IiCiiUV.
3145 5773 3198 5814 et
3229 5763 3385 5814 Cotli.

2289 5836 2314 5876 λι
2337 5837 2641 5892 Consensus
2672 5841 2785 5900 crat
2817 5831 3226 5887 illalt‘tlilldllum
3249 5833 3542 5902 publicum,
3570 5845 3676 5901 quo
3717 5827 3790 5891 de
