4028 6342
220 446 330 503 281

1152 439 1471 499 HISTORIA
1510 435 1952 495 FRANCORUM.
1993 434 2194 495 LIBER
2234 434 2578 507 QUARTUS.

3361 440 3470 500 282

215 558 449 615 nostra?
472 556 882 628 Responderunt
911 559 960 615 ei
1003 574 1017 613 :
1058 557 1354 615 Petivimus
1374 561 1514 616 enim
1537 576 1680 627 eum,
1707 560 1803 616 sed
1832 558 1878 618 Δ
1906 558 2032 626 egit,
2067 572 2279 628 semper
2305 562 2558 616 confusus
2586 560 2863 617 abscessit.
2891 560 3192 620 Chramnus
3223 578 3345 620 vero
3370 564 3472 622 hoc

216 652 399 707 noluit
426 652 632 706 venire.
674 650 927 706 l‘laeillis
964 651 1300 717 dicentibus,
1351 652 1575 706 advenit
1621 652 1799 706 subito

217 745 359 800 Cato
388 745 671 816 presbyter
693 744 991 814 deprecans
1032 761 1233 817 regem,
1260 754 1317 799 ut
1366 746 1539 812 ejecto
1574 744 1800 799 Cautino

217 835 397 918 ipsum
422 841 663 892 Arverno
685 838 896 906 juberet
924 837 1153 893 institui.
1185 838 1334 905 Quod
1362 852 1486 906 rege
1518 837 1796 901 irridente,

219 930 377 997 petiit
404 930 595 984 iterum
629 940 685 984 ut
716 930 946 985 Turonis
976 931 1335 996 ordinaretur,
1359 929 1499 1000 quod
1544 938 1668 983 ante
1707 929 1800 983 de-

217 1031 492 1087 spexerat.
528 1022 621 1074 Cui
656 1036 748 1075 rex
772 1022 848 1074 ait
883 1040 894 1074 ε
928 1022 1038 1089 Ego
1068 1020 1295 1089 primum
1330 1021 1579 1089 przecepi,
1610 1027 1666 1073 ut
1694 1020 1801 1073 Tu-

217 1112 371 1162 ronis
401 1118 451 1163 te
482 1110 547 1162 ad
577 1112 936 1178 episcopatum
970 1122 1347 1166 consecrareut
1378 1128 1391 1163 :
1423 1111 1519 1164 sed
1542 1120 1799 1179 quantum

219 1203 405 1267 audio,
437 1204 708 1272 despectui
753 1206 981 1260 habuisti
1026 1208 1304 1260 ecclesiam
1350 1207 1525 1270 illam;
1578 1206 1802 1273 ideoque

217 1294 554 1360 elongabeiis
578 1310 606 1347 a
637 1295 996 1351 dominatione
1038 1297 1175 1366 ejus.
1209 1298 1367 1351 Etsic
1389 1297 1634 1352 confufus
1666 1299 1803 1352 abs-

219 1390 405 1440 cessit.
449 1387 522 1439 De
563 1398 748 1440 sancto
797 1403 922 1441 vero
960 1388 1217 1441 Eufronio
1272 1376 1626 1455 interrogans,
1654 1391 1804 1443 dixe—

218 1486 350 1532 runt
379 1494 497 1530 eum
527 1489 772 1546 nepotem
795 1495 913 1533 esse
937 1479 1073 1533 beati
1106 1480 1350 1549 Gregorii
1389 1489 1436 1543 ⁸,
1463 1480 1614 1548 cujus
1645 1495 1802 1549 supra

220 1571 584 1623 meminimus.
618 1571 912 1639 Respondit
934 1586 1060 1624 rex:
1087 1571 1260 1625 Prima
1285 1571 1397 1625 ha-c
1430 1582 1509 1626 est
1539 1583 1592 1625 et
1616 1587 1804 1638 magna

220 1662 518 1728 generatio.
549 1660 665 1715 Fiat
687 1662 934 1715 voluntas
956 1662 1072 1727 Dei,
1119 1670 1175 1717 et
1219 1663 1360 1717 beati
1388 1664 1619 1717 Martini.
1657 1663 1805 1717 Elec—

225 1751 303 1801 tio
334 1752 682 1819 compleatur.
722 1754 786 1807 Et
816 1755 938 1806 data
967 1755 1326 1823 praeceptione
1354 1794 1368 1815 ,
1400 1765 1617 1807 octavus
1661 1754 1808 1807 deei-

222 1857 343 1895 ntus
370 1857 479 1909 post
508 1844 716 1897 beatum
768 1846 1052 1901 Martinam
1099 1857 1317 1901 sanctus
1350 1846 1637 1901 'Eufronius
1663 1847 1808 1901 ordi-

222 1947 381 1988 natur
414 1943 714 2005 episcnpus.

299 2027 439 2081 XVI.
482 2028 784 2085 Cliramnus
826 2046 954 2085 vero
995 2031 1133 2101 apud
1179 2031 1433 2086 Arvernis
1475 2033 1702 2096 diversa,
1748 2038 1807 2084 ut

222 2120 479 2185 diximus,
500 2125 781 2177 exercebat
806 2124 966 2189 mala,
1000 2138 1213 2191 semper
1236 2124 1495 2177 adversus
1521 2122 1802 2177 Cautiiium

221 2212 536 2279 epismpum
596 2213 844 2265 invidiam
893 2224 1100 2267 tenens.
1154 2215 1229 2266 Eo
1280 2222 1521 2282 tempore
1574 2217 1805 2281 graviter

224 2303 524 2370 mgrotavit,
554 2304 694 2357 itaut
723 2304 896 2377 capilli
919 2305 1035 2373 ejus
1065 2292 1272 2359 a’nimia
1307 2304 1455 2358 febre
1474 2304 1802 2360 dccidcrent.

226 2394 473 2448 Habebat
495 2405 672 2451 autem
704 2407 828 2450 tunc
858 2412 1037 2451 secum
1068 2401 1235 2451 virum
1280 2399 1638 2467 magnificum,
1672 2410 1718 2450 et
1752 2398 1803 2450 in

225 2488 370 2540 omni
405 2485 640 2540 bonitate
680 2488 1037 2556 perSpieuum,
1068 2490 1241 2543 civem
1293 2494 1610 2551 Arvernum,
1643 2492 1806 2541 Asco-

225 2577 444 2630 vindum
478 2562 511 2614 δ’
537 2583 770 2643 nomine,
802 2583 891 2648 qui
944 2596 1065 2633 eum
1096 2580 1144 2632 vi
1167 2580 1233 2633 ab
1258 2579 1566 2634 liacmalitia
1600 2594 1806 2648 quu‘re-

225 2666 316 2721 bat
346 2681 611 2737 avertere,
637 2674 733 2725 sed
760 2688 861 2725 nea
898 2685 1120 2741 poterat.
1156 2674 1393 2728 Habebat
1417 2678 1556 2728 enim
1581 2685 1635 2728 et
1666 2677 1803 2729 Leo-

224 2773 353 2813 nem
386 2760 772 2827 Pictavensem,
804 2766 869 2816 ad
906 2767 1081 2819 tnnuia
1122 2750 1253 2819 mala
1304 2769 1654 2835 perpetranda
1683 2783 1805 2837 gra-

225 2865 353 2902 vem
403 2851 712 2917 stimulum,
764 2856 917 2924 156
960 2857 1047 2923 qui
1094 2842 1385 2911 secundum
1437 2859 1665 2912 nominis
1722 2859 1802 2912 sui

225 2942 746 3011 interpretationem,
792 2956 1041 3014 tanquam
1075 2948 1157 3001 leo
1185 2958 1300 3003 erat
1347 2953 1399 3001 in
1428 2948 1572 3001 omni
1598 2948 1804 3016 cupidi-

226 3040 335 3087 tate
358 3036 709 3090 SERVISSIIIIUS.
739 3038 833 3092 llic
857 3040 1021 3092 fertur
1038 3041 1262 3106 quadam
1280 3042 1391 3095 vice
1422 3042 1641 3107 dixisse,
1661 3041 1803 3108 quod

227 3126 483 3179 Martinus
514 3139 563 3181 et
592 3128 843 3182 Martialis
880 3140 900 3164 ο
933 3131 1269 3197 conl'essores
1290 3132 1495 3184 Domini
1525 3131 1653 3184 nihil
1680 3131 1802 3186 fisci

226 3215 438 3287 juribus
469 3220 599 3275 utile
643 3221 1007 3290 reliquissent.
1058 3221 1161 3276 Sed
1210 3222 1389 3276 statim
1434 3238 1719 3291 percussus
1773 3238 1802 3277 a

1902 649 2106 704 [uadere
2138 650 2291 721 inito,
2324 651 2668 707 Lemovicino
2708 654 2886 720 rediit,
2918 663 2972 709 ct
3026 656 3175 723 illud,
3201 670 3298 726 per
3333 655 3474 725 quod

1901 731 2447 809 priusambulaverat
2470 744 2521 797 in
2554 760 2719 815 regno
2760 746 2923 815 patris
2963 747 3064 815 sui,
3098 748 3150 802 in
3181 764 3274 802 sua
3304 738 3480 804 domi-

1900 832 2118 886 natione
2147 833 2370 901 redegit.
2398 834 2546 889 Tunc
2583 839 2855 892 Arvernus
2882 839 3105 907 populus
3128 839 3263 893 infra
3294 853 3475 895 muros

1902 924 2181 978 tenebatur
2208 924 2467 988 inclusus,
2501 935 2555 979 et
2583 926 2808 981 diversis
2835 926 3229 983 infirmitatibus
3254 945 3475 1000 oppres-

1902 1032 1993 1070 sus
2024 1018 2254 1086 graviter
2285 1019 2551 1073 interibat.
2575 1022 2739 1074 Porro
2761 1022 3200 1077 Chlothaebarius
3223 1039 3314 1077 rex
3338 1024 3475 1078 duos

1903 1109 2045 1162 lilios
2074 1126 2221 1172 suos,
2258 1111 2305 1163 id
2338 1122 2416 1163 est
2466 1110 2837 1165 Cliaribcrtnm
2892 1123 2945 1166 et
2994 1113 3474 1179 Gttntcltramnum,

1904 1202 1968 1255 ad
1988 1219 2107 1255 cum
2140 1202 2336 1271 dirigit.
2370 1202 2468 1267 Qui
2499 1219 2591 1271 per
2620 1204 2915 1257 Arvernum
2943 1208 3234 1268 venientes,
3260 1206 3476 1259 audien-

1908 1302 2093 1363 tesque
2120 1297 2257 1363 quod
2289 1296 2342 1348 in
2384 1295 2720 1349 Lemovicino
2748 1307 2912 1360 esset,
2940 1313 3103 1366 usque
3128 1297 3191 1351 ad
3219 1308 3475 1363 montem,

1906 1400 2064 1454 quem
2097 1385 2312 1454 Nigrum
2343 1386 2559 1439 nomine
2585 1385 2788 1451 dicunt,
2814 1386 3106 1453 accedunt,
3132 1402 3363 1456 eumque
3392 1401 3478 1442 re-

1909 1477 2139 1546 periunt.
2174 1476 2527 1546 Figentesque
2562 1479 2812 1541 tentoria,
2837 1486 3023 1530 eontra
3055 1492 3113 1530 se
3141 1477 3476 1545 resederunt,

1909 1569 2178 1622 mittentes
2231 1571 2590 1637 legationem,
2633 1577 2689 1620 ut
2732 1581 2816 1620 res
2856 1577 3123 1634 paternas,
3165 1582 3299 1635 quas
3341 1566 3479 1621 male

1907 1668 2239 1729 pervaserat,
2266 1660 2489 1713 reddere
2518 1659 2737 1713 deberet
2763 1676 2776 1711 :
2801 1660 2880 1712 sin
2924 1668 3100 1713 autem
3131 1658 3305 1721 aliud,
3339 1672 3479 1711 eam-

1909 1769 2031 1821 ptnn
2067 1761 2388 1819 praepararet
2426 1755 2489 1804 ad
2520 1751 2740 1805 bellum.
2769 1752 3007 1818 (Iutnque
3055 1749 3144 1804 ille
3195 1748 3331 1818 patri
3356 1747 3480 1801 sub-

1910 1845 2078 1897 ditum
2113 1860 2170 1897 se
2212 1859 2331 1898 esse
2375 1844 2723 1912 contingeret,
2750 1843 3093 1910 diceretque:
3120 1844 3289 1895 Omne
3341 1840 3481 1910 quod

1836 1934 1881 1993 Β
1910 1939 2184 1992 circuniivi
2212 1938 2389 1990 laxare
2417 1937 2568 2006 157
2602 1952 2703 1989 non
2732 1947 2937 2003 potero,
2966 1936 3056 1989 sed
3102 1935 3201 1989 sub
3226 1949 3340 1988 mea
3382 1934 3483 1989 hoc

1910 2041 2169 2099 potestate
2191 2047 2309 2083 cum
2335 2031 2498 2096 gratia
2534 2030 2697 2098 patris
2722 2029 2823 2082 mei
2849 2028 3003 2097 cupio
3032 2029 3287 2082 retinere.
3321 2026 3394 2080 Illi
3425 2032 3483 2080 ut

1909 2122 2146 2191 praelium
2182 2122 2280 2174 hoc
2311 2117 2609 2188 interipsos
2639 2119 2974 2187 dijudicaret,
3006 2120 3293 2190 postulant.
3321 2116 3484 2173 Cunt-

1908 2232 2008 2283 que
2032 2225 2176 2268 moto
2205 2217 2414 2283 utrique
2444 2213 2679 2268 exercitu
2707 2227 2828 2267 cum
2876 2229 3065 2283 magno
3092 2227 3361 2266 armorum
3389 2226 3485 2279 ap-

1908 2317 2094 2376 paratu
2126 2306 2188 2358 ad
2236 2306 2432 2358 bellum
2476 2304 2870 2366 convenissent,
2901 2303 3080 2356 Subito
3128 2310 3314 2357 exorta
3345 2309 3483 2355 tem-

1910 2409 2084 2468 pestas
2110 2414 2228 2452 cum
2270 2399 2415 2465 gravi
2472 2396 2844 2450 coruscatione
2892 2403 3050 2463 atque
3101 2394 3357 2457 tonitruo,
3386 2406 3479 2448 eos

1909 2506 1975 2544 ne
2007 2499 2325 2558 pugnarent,
2355 2488 2602 2541 inhibuit.
2634 2487 2940 2539 Redeuntes
2986 2495 3161 2538 autem
3193 2484 3259 2537 ad
3284 2494 3480 2550 castra,

1909 2585 2208 2639 Chratnnus
2251 2581 2434 2634 dolose
2490 2595 2581 2645 per
2629 2588 2939 2632 extraneam
2988 2591 3268 2644 personam
3319 2574 3482 2639 patris

1908 2686 2132 2732 mortem
2148 2674 2398 2726 fratribus
2417 2669 2740 2738 pronuntiat.
2768 2668 2844 2722 Eo
2866 2667 3007 2722 enim
3025 2678 3263 2731 tempore
3282 2664 3480 2718 bellum

1906 2780 2087 2825 contra
2122 2771 2383 2832 Saxones,
2409 2765 2547 2835 quod
2574 2778 2732 2832 supra
2764 2762 2993 2816 diximus
3017 2759 3169 2830 (Cap.
3206 2759 3269 2814 If)
3293 2768 3337 2811 et
3375 2757 3479 2825 Id),

1910 2860 2208 2930 gerebatur.
2238 2857 2403 2909 Atilli
2453 2857 2724 2918 timentes,
2776 2868 2896 2907 cum
2938 2867 3146 2905 summa
3197 2848 3481 2904 velocitate

1908 2950 2265 3019 Burgundiam
2292 2948 2581 3000 redierunt.
2614 2946 2910 2998 Cbramnus
2933 2958 3059 2997 vero
3087 2957 3207 2996 cum
3238 2939 3476 2994 exercitu

1910 3056 2026 3112 poSt
2050 3058 2142 3095 eos
2165 3040 2420 3109 dirigens,
2448 3053 2613 3104 usque
2639 3037 2905 3089 civitatem
2934 3033 3358 3088 Cavillonensem
3383 3045 3474 3086 ve-

1910 3131 2007 3198 nit,
2038 3146 2259 3199 eatnquc
2287 3128 2535 3183 obsidens
2556 3126 2860 3195 acquisivit.
2886 3124 3090 3179 Exinde
3120 3137 3284 3193 usque
3308 3122 3483 3175 Divio~

1913 3237 2078 3276 nense
2116 3228 2346 3275 castrum
2406 3218 2687 3288 pertendit,
2714 3218 2889 3285 ibique
2915 3231 3035 3271 cum
3082 3215 3169 3269 die
3218 3214 3487 3269 dominica

229 3309 428 3362 virtute
455 3309 845 3376 conl'essorum,
876 3312 1133 3365 surduset
1154 3323 1331 3365 mutus
1354 3312 1591 3380 effectus,
1624 3328 1808 3369 amens
1837 3310 1882 3373 C
1915 3312 2240 3376 advenisset,
2287 3311 2412 3381 quid
2445 3318 2650 3380 gestuin
2685 3308 2842 3362 fuerit
2881 3308 3074 3363 dicant.
3109 3308 3234 3362 Erat
3273 3306 3344 3361 ibi
3369 3316 3489 3362 tunc

228 3412 313 3455 est
343 3412 604 3456 mortuus.
638 3402 793 3458 Venit
819 3405 963 3459 enim
1007 3405 1169 3458 miser
1194 3404 1259 3458 ad
1315 3405 1587 3460 basilicam
1634 3406 1805 3460 sancti

234 3495 453 3550 Martini
484 3497 733 3562 Turonis,
798 3497 1195 3567 celebravitque
1244 3499 1467 3567 vigilias,
1500 3499 1645 3553 dedit
1692 3515 1808 3553 mu-

228 3600 359 3641 nera
388 3602 400 3637 :
432 3586 525 3640 sed
550 3602 655 3641 non
685 3601 805 3640 eum
863 3587 1100 3655 respexit
1145 3588 1314 3647 virtus
1366 3599 1655 3655 censueta;
1686 3604 1807 3645 cum

232 3675 351 3746 ipsa
396 3678 540 3732 enim
592 3693 694 3747 qua
747 3689 965 3733 venerat
1014 3678 1339 3746 inﬁrmitate,
1376 3697 1649 3751 regressus
1705 3690 1806 3736 est.

229 3768 531 3824 Chramnus
559 3781 736 3826 autem
766 3771 833 3824 ab
859 3773 1103 3826 Arverno
1156 3788 1455 3842 regressus,
1488 3774 1552 3828 ad
1582 3775 1810 3828 Pictavis

237 3860 512 3916 civitatem
542 3864 711 3916 venit.
751 3861 847 3916 Ubi
872 3879 992 3917 cum
1015 3864 1067 3917 in
1098 3879 1287 3933 magna
1320 3867 1559 3933 potentia
1593 3865 1807 3921 reside-

206 3961 335 4017 ret,
367 3953 618 4007 seductus
644 3969 737 4021 per
767 3955 1025 4007 malorum
1058 3956 1359 4021 consilium,
1385 3956 1449 4008 ad
1480 3956 1798 4011 Childeber-

229 4055 347 4101 tum
378 4057 621 4115 patruum
653 4064 804 4102 suum
837 4050 1059 4103 transire
1089 4050 1272 4118 cupit,
1296 4050 1429 4117 patri
1460 4050 1676 4103 insidias
1711 4066 1804 4118 pa-

230 4155 358 4195 rare
386 4140 697 4209 disponens.
741 4142 831 4196 Ille
859 4156 986 4196 vero
1030 4142 1215 4196 dolose
1246 4143 1482 4209 quidem,
1525 4141 1616 4195 sed
1641 4141 1809 4209 susci-

229 4248 365 4302 pere
398 4235 548 4288 illum
580 4235 862 4302 promittit,
888 4249 1047 4302 quem
1100 4248 1318 4288 monere
1360 4232 1668 4300 spiritaliter
1720 4233 1813 4286 de-

231 4325 445 4392 buerat,
476 4342 541 4381 ne
571 4328 707 4395 patri
737 4327 994 4380 existeret
1023 4324 1291 4378 inimicus.
1323 4324 1473 4377 Tune
1497 4338 1589 4392 per
1624 4325 1808 4378 occul-

231 4401 321 4471 ios
350 4420 565 4473 nuntios
594 4422 729 4474 inter
753 4434 810 4473 se
828 4417 1111 4488 eonjurati,
1138 4425 1320 4472 contra
1344 4416 1812 4472 Chlothacharium

231 4514 557 4567 unanimiter
586 4514 913 4582 conspirant.
945 4512 1049 4567 Sed
1075 4527 1171 4566 nec
1203 4526 1409 4565 memor
1457 4510 1554 4563 fuit
1594 4509 1813 4566 Cbilde-

235 4603 439 4670 bertus,
464 4605 604 4674 quod
635 4604 1054 4674 quotiescunque
1103 4601 1359 4657 adversus
1400 4602 1621 4656 fratrem
1653 4617 1808 4657 suum

233 4768 472 4823 Ecclesia
499 4774 709 4837 pastore
730 4763 941 4837 viduata
971 4778 1065 4817 rex
1098 4760 1293 4815 certior
1322 4760 1499 4837 ﬁebat,
1527 4760 1593 4814 ab
1610 4775 1688 4837 co
1714 4748 1805 4824 po-
1836 4762 1887 4821 D

230 4833 583 4899 stillando,'ut
615 4852 734 4890 eum
764 4835 851 4898 qui
883 4836 932 4887 in
974 4847 1336 4887 successorem
1373 4833 1575 4884 elecnis
1607 4835 1796 4896 luerat,

230 4908 538 4964 censecrari
586 4905 936 4975 permitteret.
972 4903 1097 4975 Ejus
1137 4902 1418 4975 formulam
1451 4901 1611 4955 habes
1643 4903 1733 4975 lib.
1768 4917 1800 4954 x

230 4979 494 5043 Marculfi,
527 4972 644 5044 cap.
678 4976 728 5028 7.
782 4973 1074 5043 Prmceptio
1131 4983 1331 5035 autem,
1364 4973 1431 5025 de
1461 4988 1561 5039 qua
1596 4975 1644 5023 in
1699 4972 1802 5025 fine

232 5049 397 5116 Itujus
439 5050 645 5114 capitis,
701 5061 827 5110 seu,
858 5054 912 5097 ut
958 5044 1348 5116 alias__dicitttr,
1403 5052 1746 5116 praeceptum,
1774 5055 1802 5095 a

210 5113 361 5185 ,τρέε
392 5113 697 5172 mittebatur
749 5117 814 5168 ad
866 5113 1354 5180 metropolitanum,
1389 5122 1445 5185 ut
1487 5115 1656 5164 virum
1676 5126 1802 5185 asc

231 5181 515 5257 probatum
546 5197 599 5241 et
629 5189 856 5257 electum
897 5188 946 5236 in
994 5179 1301 5257 episcopum
1347 5181 1637 5257 ordinaret.
1676 5179 1805 5257 Ejus

233 5250 461 5312 I'ormula
486 5260 706 5312 habetur
734 5256 925 5309 ibidem
950 5269 1068 5319 cap.
1102 5253 1155 5308 5.
1192 5252 1455 5305 Indiculus
1475 5251 1633 5303 etiam
1660 5250 1804 5316 ejus-

234 5329 355 5382 dem
387 5329 462 5382 rei
493 5344 650 5383 causa
682 5342 711 5380 a
741 5342 865 5394 rege
892 5323 1221 5394 mittebatur,
1256 5334 1311 5374 tit
1336 5330 1477 5388 patet
1496 5337 1559 5373 ex
1584 5320 1807 5373 formula

208 5398 268 5455 ,6
305 5396 549 5466 ejusdem
577 5398 717 5453 libri.
768 5392 872 5451 Sed
903 5397 1037 5447 inter
1069 5392 1357 5466 indiculum
1392 5400 1446 5445 et
1487 5403 1808 5466 priet-cptum

233 5461 373 5522 hanc
415 5469 578 5522 fuisse
622 5466 1012 5521 distinctionem
1062 5474 1243 5518 censet
1295 5463 1610 5525 Ilignonius,
1666 5461 1806 5528 quod

232 5541 520 5609 przeceptio
555 5538 784 5606 diploma
817 5536 1033 5604 majoris
1062 5543 1206 5609 eSse‘t
1245 5531 1623 5609 attetoritatis,‘
1648 5546 1808 5609 manu

210 5601 440 5667 scilicet
470 5601 1028 5679 regissubscriptum,
1063 5620 1122 5657 ac
1174 5604 1307 5657 forte
1357 5603 1471 5679 ejus
1500 5601 1677 5679 annuli
1710 5602 1809 5651 im-

232 5680 512 5749 pressione
537 5675 852 5749 ἰιιυιιὶιιιιυλ
904 5676 1166 5749 indicatus
1204 5688 1338 5749 AVIII'O‘
1387 5675 1611 5749 simplex
1666 5680 1808 5725 esset

231 5743 457 5819 epistola
487 5750 690 5819 absch
719 5748 911 5819 sigillo.
959 5748 1026 5796 lie
1060 5746 1143 5819 his“
1171 5743 1695 5819 V'ItitB-Appl‘ﬂtllcelll.

212 5818 215 5821 ’
269 5810 281 5819 ’
305 5829 331 5857 ι
374 5810 724 5887 ιὶι›;;οιιθίιςῑε
761 5810 961 5887 scilicet
989 5817 1250 5881 episeopi,
1284 5814 1349 5866 de
1380 5828 1482 5887 quo
1528 5827 1683 5879 supra
1710 5810 1801 5867 lib.

233 5907 311 5960 tu,
346 5885 583 5960 capfw,
614 5897 667 5945 et
694 5887 831 5944 inter
865 5886 1006 5943 Vitas
1031 5887 1272 5953 I’atrum,
1300 5900 1417 5955 cap.
1447 5885 1500 5951 7,
1530 5892 1635 5940 etc.

1911 3415 2126 3460 sanctus
2155 3403 2399 3457 Tetricus
2429 3404 2727 3470 episcopus,
2751 3400 2901 3469 cujus
2929 3399 2980 3454 in
3009 3399 3268 3469 superiori
3307 3398 3490 3453 libello

1911 3497 2222 3553 memoriam
2254 3496 2474 3550 fecimus
2506 3490 2555 3547 ἀ.
2586 3494 2775 3547 Positis
2814 3492 2994 3547 clerici
3022 3492 3189 3546 tribus
3214 3490 3361 3544 libris
3390 3505 3484 3544 su-

1912 3608 2005 3662 per
2033 3590 2301 3657 altarium,
2333 3588 2485 3643 idest
2508 3586 2823 3655 Prophetiae,
2849 3585 3084 3656 Apostoli
3118 3597 3280 3653 atque
3304 3583 3478 3637 Evan-

1911 3686 2188 3756 geliorum,
2223 3691 2507 3737 oravcrunt
2537 3682 2603 3734 ad
2634 3680 2940 3743 Dominum,
2978 3690 3035 3734 ut
3059 3679 3327 3732 Chramno
3358 3675 3485 3743 quid

1912 3774 2481 3832 eveniretostenderet
2530 3780 2668 3827 :aut
2714 3772 2758 3825 si
2788 3772 2833 3825 ei
2878 3769 3100 3824 felicitas
3146 3766 3478 3832 succederet,

1913 3875 2005 3920 aut
2034 3878 2180 3921 certe
2202 3867 2243 3920 si
2269 3879 2488 3933 regnare
2515 3872 2713 3931 posset,
2742 3860 2919 3914 divlna
2962 3858 3194 3928 potentia
3241 3858 3483 3910 declara-

1911 3968 2027 4023 ret;
2075 3958 2337 4025 simulque
2386 3970 2543 4007 unam
2603 3953 2860 4006 habentes
2912 3947 3299 4004 connivenliatn
3333 3955 3382 4011 θ,
3421 3953 3481 3998 ut

1916 4050 2278 4117 unusquistpie
2301 4048 2350 4100 iu
2383 4046 2519 4100 libro
2550 4044 2688 4111 quod
2723 4043 2946 4109 primum
2969 4040 3256 4110 aperiebat,
3291 4037 3390 4107 hoc
3419 4036 3484 4092 ad

1916 4141 2105 4195 Missas
2145 4140 2302 4192 etiam
2355 4139 2577 4204 legeret.
2619 4137 2816 4202 Aperte
2856 4148 2983 4204 ergo
3037 4133 3205 4202 primo
3253 4131 3489 4188 omnium

1914 4231 2303 4301 Prophetarum
2333 4228 2488 4291 libro,
2534 4227 2808 4295 reperiunt
2863 4242 2877 4278 :
2924 4224 3167 4293 Auferam
3212 4223 3483 4275 maceriam

1914 4327 2043 4393 eius,
2076 4332 2122 4375 et
2149 4323 2244 4375 erit
2272 4321 2325 4373 in
2373 4318 2734 4372 desolationem
2764 4331 2783 4369 :
2820 4331 2912 4386 pro
2938 4330 2995 4369 eo
3023 4314 3159 4383 quod
3208 4312 3379 4366 debuit
3414 4311 3491 4381 fa-

1915 4432 2026 4469 cere
2051 4430 2216 4475 uram,
2244 4415 2359 4482 fecit
2385 4422 2551 4465 autem
2572 4410 2856 4462 labruacam
2873 4406 3025 4480 (Isai.
3050 4421 3098 4471 v,
3133 4405 3184 4469 5,
3211 4404 3292 4473 2).
3323 4404 3485 4458 Rese-

1916 4515 2135 4574 ratoque
2158 4503 2395 4571 Apostoli
2422 4503 2579 4565 libro,
2620 4498 2893 4553 inveniunt
2922 4513 2938 4550 :
2970 4495 3082 4565 Ipsi
3104 4496 3237 4549 enim
3263 4493 3488 4564 diligen-

1920 4611 1994 4654 ter
2023 4599 2183 4662 scitis,
2214 4600 2420 4664 fratres,
2450 4594 2571 4665 quia
2592 4593 2697 4646 dies
2739 4591 2945 4645 Domini
2978 4591 3106 4645 sicut
3150 4591 3232 4660 {ur
3260 4589 3313 4642 in
3352 4594 3493 4642 nocte

1986 4756 2014 4793 lt
2056 4754 2143 4809 Sic
2174 4765 2358 4807 omnes
2396 4765 2526 4804 mss.
2555 4757 2748 4818 prmter
2774 4747 2896 4801 Bec.
2930 4760 3052 4799 cum
3080 4743 3192 4811 ed.,
3230 4742 3320 4797 ubi
3350 4742 3488 4797 Ans-

2012 4827 2202 4876 indunu

2064 4842 2093 4875 α
2137 4842 2202 4876 ηι.

1913 4842 2258 4947 Γοῖωινέιιιιις
2293 4905 2628 4945 eemmncum
2673 4887 2954 4957 episcopus
2981 4896 3035 4942 et
3064 4885 3353 4950 apostolus.

1903 4966 1909 4970 ’
1980 4964 2006 5002 ἀ
2049 4966 2185 5018 Nihil
2229 4965 2294 5017 de
2331 4964 2388 5018 S.
2420 4962 2632 5014 Tetrica
2677 4952 2728 5012 in
2761 4952 3025 5029 superiori
3073 4952 3493 5029 lihro,__qualetn

1912 5052 2051 5090 nunc
2096 5036 2386 5096 habemus,
2420 5031 2682 5094 occurrit;
2737 5022 2842 5083 sed'
2875 5040 2928 5082 et
2957 5030 3010 5081 in
3039 5025 3212 5079 iudice
3240 5023 3375 5096 Aliht‘i
3397 5022 3494 5096 _de

1914 5106 2091 5159 Gloria
2116 5105 2266 5156 Conf.
2300 5090 2457 5165 caput
2488 5099 2587 5152 I05
2639 5090 2690 5152 in
2721 5114 2847 5153 mss.
2881 5098 3187 5152 inscribitur
3216 5094 3280 5145 de
3309 5091 3368 5165 S.
3395 5090 3493 5165 Τε-

1915 5178 2041 5229 trica
2070 5176 2224 5243 epist.
2261 5160 2602 5243 I.in§onen_si,
2650 5169 2714 5222 de
2763 5179 3073 5243 quotamen
3112 5167 3162 5216 in
3206 5165 3324 5243 ipso
3359 5160 3525 5243 libro.

1915 5256 2020 5299 tam
2051 5230 2109 5297 in,
2133 5244 2289 5296 editis
2334 5230 2488 5307 quam
2521 5230 2743 5293 in'tnss.
2778 5230 2907 5291 nihil
2953 5237 3195 5307 habetur.
3230 5230 3495 5307 'P_lur_a_tle

1892 5318 1980 5370 eo
2012 5319 2254 5379 leguntur
2284 5300 2372 5366 lib'.
2401 5326 2540 5378 seq.,
2599 5326 2715 5378 cap.
2763 5310 2831 5375 5,
2864 5316 2918 5361 et
2971 5307 3023 5358 in
3067 5304 3327 5379 Iibrode
3358 5300 3493 5379 \jitis

1916 5371 2161 5442 Patrum.
2196 5383 2288 5453 qui
2328 5381 2462 5434 forte
2481 5371 2577 5435 'liie
2621 5371 2892 5453 laudatur,
2914 5390 3041 5453 cap1
3067 5374 3121 5453 7,
3157 5374 3333 5453 ubi
3363 5371 3497 5453 Gre-

1913 5457 2049 5524 gorii
2083 5444 2604 5524 filius-etsuceessor
2630 5451 2839 5501 dicitur.
2876 5446 3114 5524 Interfuit
3150 5445 3344 5524 euinci].
3377 5444 3492 5524 ῥυ-

1914 5512 2092 5590 ῖίιειιν,
2126 5542 2214 5578 an.
2246 5522 2372 5585 Siti,
2424 5522 2591 5573 Paris.
2623 5535 2680 5582 tt,
2712 5530 2851 5590 anno
2882 5514 3094 5590 5_5.‘i,‘e_t
3141 5530 3235 5590 per
3282 5512 3487 5590 Ptolum

1914 5582 2278 5664 presbvierutn
2324 5582 2563 5664 Lngdun.
2600 5604 2671 5653 tl,
2702 5600 2789 5639 an.
2822 5587 2966 5664 5b7._
2995 5586 3330 5664 Epitaphium
3372 5582 3489 5650 ejus

1913 5655 2127 5734 scopa:
2158 5665 2476 5734 Fortunatus
2506 5660 2598 5734 lib.
2634 5673 2704 5723 tv,
2735 5671 2901 5734 carm.
2935 5659 2988 5714 5.
3014 5655 3376 5734 Festum-ejus
3406 5665 3495 5734 ce-

1913 5725 2142 5791 lebratur
2172 5735 2258 5786 die
2294 5734 2356 5782 IS
2407 5729 2608 5792 Martii,
2641 5732 2880 5795 sepultus
2922 5737 3004 5782 est
3052 5725 3272 5783 Divione
3312 5726 3370 5781 in
3405 5733 3495 5780 0°-

1913 5807 2069 5862 clesm
2098 5807 2153 5859 S.
2179 5802 2395 5856 Joannis
2435 5798 2591 5867 juxta
2625 5800 2682 5855 S.
2713 5800 3060 5868 Gregorium,

1900 5898 1901 5901 η
1990 5886 2013 5916 θ
2052 5877 2238 5942 Corb.,
2268 5872 2390 5928 Iicc.
2417 5879 2473 5927 et
2501 5870 2660 5937 Bcll.,
2691 5869 3069 5927 contubernium.
