4028 6342
539 386 640 440 283

1556 382 1615 438 S.
1659 379 1985 437 GREGORII
2027 376 2331 435 EPISCOPI
2370 372 2799 433 TURONENSIS

3690 365 3812 423 28L

538 499 697 553 ueniet
734 505 783 553 ι.
814 494 940 551 Cum
994 496 1238 563 dixerint,
1272 493 1385 549 Par
1402 503 1446 549 et
1494 497 1761 559 securitas,
1787 505 1907 547 tunc
1933 509 2112 561 repen-
2141 497 2189 556 Α
2218 502 2409 562 sponte
2439 506 2532 546 sua
2569 490 2635 545 de
2674 486 2888 543 basilica
2937 491 3119 543 saneta
3149 485 3420 555 periturus
3448 481 3624 539 exiret
3657 500 3669 533 :
3706 494 3810 536 ac-

541 593 679 646 tinus
719 591 822 645 illis
858 592 1170 660 superveniet
1209 590 1454 654 interitus,
1523 589 1681 659 158
1734 588 1860 641 sicut
1914 586 2113 642 dolores

544 684 887 750 parturientis,
944 691 988 735 et
1042 699 1144 734 non
1189 680 1427 751 e/[ugient
1468 678 1543 750 ἢ(
1576 677 1615 731 ι’
1634 678 1812 732 Thess.
1841 693 1894 745 ν,
1922 676 1977 741 ‘2,
2029 676 2110 742 3).

548 776 800 829 Dominus
826 782 998 828 autem
1032 790 1127 841 per
1169 774 1512 842 Evangelium
1542 772 1615 825 ait
1651 789 1661 822 :
1699 770 1799 836 Qui
1842 787 1942 821 non
1974 768 2115 821 audit

545 872 691 923 verba
720 886 850 935 utea,
873 867 1237 922 assimitabitur
1273 868 1378 921 viro
1402 866 1577 931 stulto,
1607 866 1693 934 qui
1724 863 1996 930 mdiﬁcavit
2021 862 2115 914 do-

545 976 682 1012 mum
713 976 855 1015 suam
896 975 1047 1029 super
1086 975 1290 1012 arenam
1317 957 1613 1010 :desceudit
1662 957 1850 1024 pluria,
1898 956 2112 1007 adverte-

544 1061 662 1105 runt
706 1052 937 1119 ﬂumina,
961 1054 1209 1121 [laverunt
1258 1050 1410 1113 uenti,
1443 1058 1487 1103 et
1534 1049 1789 1101 irruerunt
1817 1048 1869 1099 in
1908 1047 2115 1099 domum

547 1144 709 1209 illaut,
741 1152 787 1198 et
808 1144 1010 1209 cecidit,
1041 1153 1088 1196 et
1116 1144 1251 1213 facta
1281 1151 1349 1195 est
1372 1144 1519 1195 ruina
1555 1142 1663 1207 ejus
1696 1156 1879 1209 magna
1901 1136 2113 1209 (Matth.

546 1249 641 1301 vn,
675 1233 789 1303 27).
813 1232 1113 1288 Chramnns
1148 1247 1277 1288 vero
1323 1232 1386 1285 ad
1419 1231 1665 1285 basilicas
1696 1239 1717 1267 ο
1751 1230 1817 1283 ab
1844 1229 2113 1283 antedicto

546 1324 825 1379 sacerdote
848 1334 1129 1393 susceptus
1150 1330 1252 1387 est,
1280 1321 1457 1390 ibique
1485 1321 1769 1375 comedens
1801 1334 2013 1388 panem,
2046 1318 2112 1373 ad

544 1415 941 1473 Chlldebertum
977 1416 1264 1486 pertendit.
1304 1415 1441 1470 Infra
1495 1406 1671 1469 tamen
1708 1429 1889 1469 muros
1934 1414 2114 1467 Divio-

545 1525 737 1565 nenses
765 1526 871 1563 non
895 1518 977 1564 est
1018 1509 1309 1580 permissus
1350 1509 1563 1563 intrare.
1592 1508 1820 1563 Fortiter
1874 1516 1996 1560 tunc
2023 1522 2116 1561 rex

544 1600 986 1657 Clilothaeharius
1024 1612 1207 1657 contra
1240 1602 1476 1657 Saxones
1507 1601 1834 1655 dccertabat.
1871 1600 2116 1655 Saxones

546 1694 713 1759 enim,
752 1700 810 1747 ut
857 1694 1139 1759 audierunt
1167 1694 1229 1762 ἀ,
1262 1710 1358 1765 per
1397 1693 1793 1749 Childebertum
1842 1692 2113 1757 commoti,

544 1793 702 1854 atque
740 1784 1073 1855 indignantes
1129 1794 1313 1841 contra
1363 1784 1597 1839 Francos
1638 1783 1899 1853 superiori
1952 1797 2113 1849 anno,

2218 586 2415 641 cedens
2444 582 2658 653 quidam
2691 580 2960 636 vasculum
2996 577 3070 633 illi
3099 592 3217 633 cum
3248 592 3379 648 aqua
3410 576 3674 632 semivivo
3706 576 3814 631 de-

2216 677 2338 732 tulit
2366 677 2431 731 ad
2460 675 2773 746 potandum.
2805 675 2919 739 Quo
2946 680 3186 740 accepto,
3218 670 3471 725 velociter
3492 668 3657 738 judex
3696 668 3813 723 loci

2215 769 2525 833 advolavit,
2551 776 2898 837 ereptumque
2927 764 2992 820 de
3019 777 3176 818 manu
3201 762 3349 830 ejus,
3383 770 3540 817 terrae
3562 759 3807 815 diﬂudit.

2216 860 2369 928 Quod
2399 859 2551 915 velox
2584 858 2674 913 Dei
2723 856 2854 912 ultio
2876 897 2890 922 ,
2924 866 2977 912 et
3016 854 3157 909 beati
3208 855 3462 909 antistitis
3493 855 3667 909 virtus
3719 861 3813 909 est

2217 952 2527 1008 subsecuta.
2559 950 2631 1004 Ea
2659 963 2888 1019 namque
2919 948 3006 1003 die
3031 947 3196 1016 judex
3221 988 3235 1013 ,
3266 948 3356 1017 qui
3397 948 3494 1003 ista
3522 958 3810 1017 gesserat,

2217 1053 2495 1111 correptus
2520 1056 2550 1095 a
2582 1041 2754 1107 febre,
2783 1047 2941 1095 nocte
2981 1038 3153 1093 media
3186 1038 3507 1108 exspiravit;
3546 1055 3648 1095 nec
3673 1054 3808 1110 per-

2218 1137 2367 1191 venit
2394 1137 2443 1191 in
2487 1134 2778 1191 crastinum
2805 1134 2870 1189 ad
2901 1132 3045 1188 illam
3083 1132 3305 1199 horam,
3336 1147 3437 1204 qua
3482 1134 3535 1187 in
3580 1132 3810 1188 basilica

2218 1229 2387 1284 sancti
2420 1229 2667 1298 poculum
2716 1227 2784 1282 de
2832 1241 2993 1282 manu
3042 1235 3349 1281 excusserat
3400 1226 3627 1297 fugitivi.
3676 1228 3810 1282 Post

2218 1323 2347 1379 illud
2379 1322 2724 1384 miraculum,
2756 1334 2942 1375 omnes
2972 1319 3022 1375 ei
3065 1320 3469 1387 epulentissime
3496 1334 3621 1389 qua:
3652 1329 3810 1374 erant

2219 1416 2525 1472 necessaria
2556 1415 2881 1470 detulerunt.
2932 1411 3207 1467 Redeunte
3258 1422 3434 1467 autem
3477 1413 3529 1466 in
3577 1426 3807 1481 regnum

2218 1522 2373 1563 suum
2399 1522 2522 1575 rege
2560 1504 2994 1568 Chlothachario,
3034 1516 3254 1572 magnus
3278 1516 3397 1556 cum
3453 1516 3518 1555 eo
3568 1509 3656 1555 est
3711 1500 3810 1553 ha-

2218 1599 2382 1658 bitus.
2406 1598 2673 1665 Tempore
2701 1609 2829 1649 vero
2857 1594 3001 1664 ejus,
3059 1595 3123 1646 ad
3174 1592 3483 1648 clericatum
3538 1592 3809 1645 accedens

2220 1688 2359 1757 apud
2392 1687 2632 1742 Sellense
2669 1694 2902 1740 castrum
2932 1694 2977 1750 Β,
3030 1683 3169 1753 quod
3201 1684 3253 1738 in
3311 1683 3520 1736 Pictura
3575 1681 3809 1736 habetur

2220 1779 2438 1834 dimcesi
2462 1818 2475 1843 ,
2505 1776 2781 1833 ordinatur
2812 1793 2826 1829 :
2871 1774 3105 1828 futurum
3138 1783 3197 1828 ut
3242 1772 3542 1828 decedente
3592 1771 3808 1827 Pientio

546 1884 910 1946 exeuntesque
946 1877 1012 1932 de
1034 1878 1255 1945 regione
1296 1890 1390 1929 sua
1414 1876 1466 1929 in
1497 1874 1774 1929 Franci-am
1828 1880 2111 1936 venerunt,
2145 1877 2193 1937 Β
2220 1868 2485 1933 antistite,
2520 1867 2609 1936 qui
2643 1875 2765 1920 tunc
2796 1865 3063 1920 Pictavam
3090 1864 3308 1933 regebat
3331 1864 3658 1931 Ecclesiam,
3692 1863 3809 1931 ipse

544 1979 597 2024 et
624 1984 791 2039 usque
818 1970 884 2024 ad
941 1968 1187 2023 Divitiam
1236 1978 1260 2005 °
1303 1969 1570 2023 civitatem
1617 1966 1822 2037 praedas
1873 1973 2113 2035 egerunt,

544 2060 870 2131 nimiumque
891 2076 1053 2130 grave
1077 2060 1183 2133 [ΑΙ.
1210 2058 1431 2131 grande]
1452 2060 1628 2114 scelus
1657 2058 1945 2127 perpetrati
1972 2068 2113 2112 sunt.

618 2150 777 2205 XVII.
818 2149 966 2204 Tunc
994 2149 1293 2203 Chramnns
1319 2148 1425 2216 jam
1477 2158 1693 2217 accepta
1724 2146 2066 2202 Uviliacbarii
2094 2145 2113 2185 ι

544 2240 681 2310 lilia,
716 2242 948 2297 Parisios
976 2242 1265 2306 accedens,
1298 2254 1475 2295 secum
1507 2239 1905 2293 Childebertum
1936 2250 2115 2306 regem

544 2333 853 2405 constringit
895 2333 948 2388 in
988 2334 1089 2387 fide
1125 2342 1282 2401 atque
1327 2331 1615 2397 charitate,
1646 2333 1831 2400 jurans
1880 2346 1937 2386 se
1982 2332 2118 2399 patri

544 2438 658 2478 esse
683 2424 1034 2479 certissimum
1062 2423 1357 2479 inimicum.
1399 2423 1765 2478 Childebertus
1789 2432 1962 2479 autem
1993 2439 2116 2490 rex,

550 2515 672 2570 dum
731 2516 1173 2571 Chlothacharius
1203 2527 1385 2571 contra
1415 2516 1651 2571 Saxones
1674 2516 1999 2582 decertaret,
2064 2520 2117 2572 in

549 2605 889 2677 Campaniam
938 2607 1294 2664 Rhemensem
1328 2608 1561 2673 accedit,
1594 2618 1647 2661 et
1685 2624 1852 2678 usque
1899 2609 2119 2665 Rhemis

552 2698 818 2754 civitatem
861 2714 1177 2770 properans,
1223 2707 1411 2753 cuncta
1462 2698 1650 2766 praedis
1681 2709 1838 2769 atque
1874 2700 2119 2758 incendio

553 2789 867 2846 tlevastavit.
903 2790 1159 2847 Audierat
1199 2790 1343 2846 enim
1383 2790 1600 2845 fratrem
1645 2805 1798 2846 suum
1830 2806 1858 2845 a
1890 2794 2117 2849 Saxoni-

553 2884 649 2940 bus
680 2884 842 2941 fuisse
872 2896 1237 2956 peremptum,
1291 2895 1342 2939 et
1370 2900 1534 2954 regno
1563 2898 1661 2939 suo
1710 2895 1898 2940 cuncta
1930 2886 2121 2957 subjici

554 2976 849 3045 mstimans,
876 2992 995 3047 quae
1035 2977 1183 3032 adire
1215 2977 1387 3047 potuit
1414 2976 1663 3031 universa
1688 2978 1943 3047 pervasit.

618 3068 805 3124 XVIll.
844 3068 995 3125 Tunc
1028 3078 1093 3123 'et
1121 3068 1436 3137 Austrapius
1473 3068 1577 3122 dux
1627 3068 1951 3124 Gliramnum
2004 3083 2120 3124 mc-

555 3166 732 3229 luens,
763 3161 815 3215 in
844 3160 1115 3216 basilicam
1143 3161 1313 3216 sancti
1344 3160 1551 3215 Martini
1578 3162 1813 3230 confugit
1853 3179 1866 3215 :
1900 3162 1984 3217 cui
2030 3162 2122 3216 tali

2218 1960 2552 2015 succederet.
2585 1957 2688 2012 Sed
2718 1972 2811 2011 rex
2844 1956 3193 2011 Charibertus
3225 1957 3276 2009 in
3302 1955 3444 2010 aliud
3478 1955 3639 2009 vertit
3682 1967 3808 2008 sen-

2219 2053 2461 2107 tentiam.
2507 2051 2742 2118 Denique
2791 2064 2912 2103 cum
2959 2048 3195 2103 Pientius
3226 2049 3509 2116 episcopus
3538 2044 3565 2083 ιι
3596 2046 3669 2101 ab
3702 2046 3808 2101 hac

2219 2144 2335 2199 lucc
2366 2143 2675 2213 migrasset,
2708 2140 2847 2211 apud
2874 2140 3107 2195 Parisios
3137 2140 3409 2195 civitatem
3453 2140 3802 2204 Pascentius.

2220 2236 2311 2305 qui
2342 2244 2469 2288 tunc
2507 2233 2671 2288 abbas
2712 2241 2829 2287 erat
2853 2230 3089 2286 basilica:
3128 2231 3295 2285 sancti
3338 2230 3558 2299 Ililarii,
3591 2230 3643 2284 ei
3676 2243 3803 2283 suc-

2218 2328 2389 2391 cedit,
2418 2342 2480 2381 ex
2508 2327 2657 2395 jussu
2689 2327 2828 2395 regis
2854 2323 3151 2379 Chariberti
3170 2364 3185 2389 ,
3212 2324 3475 2377 clamante
3504 2322 3805 2390 Austrapio

2220 2420 2317 2474 sibi
2349 2419 2489 2473 hunc
2532 2404 2802 2473 redhiberi
2840 2415 2855 2453 ί
2890 2417 3066 2470 locum
3104 2432 3115 2468 :
3166 2413 3259 2469 sed
3308 2428 3490 2483 parum
3521 2415 3569 2468 ei
3608 2412 3805 2482 jactati

2220 2512 2468 2583 profuere
2516 2525 2812 2567 sermones.
2862 2509 2982 2577 Ipse
3011 2524 3223 2578 quoque
3262 2522 3537 2578 regressus
3575 2508 3643 2561 ad
3677 2522 3802 2561 cas-

2223 2619 2359 2664 trum
2389 2622 2574 2672 suum,
2607 2614 2747 2659 mota
2779 2619 2938 2675 super
2963 2618 3020 2659 se
3041 2603 3401 2658 Theifalorum
3440 2600 3453 2649 Ξ
3504 2600 3805 2665 seditione,

2224 2715 2361 2771 quos
2389 2714 2529 2768 smpe
2571 2705 2909 2767 gravaverat,
2963 2698 3143 2751 lancea
3196 2695 3464 2749 sauciatus
3499 2693 3659 2765 160
3684 2708 3806 2747 ραις

2222 2795 2415 2850 deliter
2452 2794 2612 2846 vitam
2658 2789 2841 2844 finivit.
2894 2788 3166 2845 Diteceses
3214 2800 3345 2842 vero
3391 2799 3513 2841 suas
3558 2785 3804 2841 Ecclesia

2223 2888 2439 2944 Pictava
2466 2888 2687 2954 recepit.

2298 2976 2438 3032 XIX.
2482 2975 2746 3044 Tempore
2768 2972 2795 3011 ιί
2811 2987 3021 3045 quoque
3044 2969 3440 3027 Chlothacharii
3468 2970 3639 3040 regis,
3658 2984 3805 3025 sanc-

2225 3080 2312 3127 tus
2345 3072 2437 3126 Dei
2471 3070 2753 3125 Medardus
2788 3069 3098 3138 cpiscopus,
3131 3074 3499 3123 consummato
3525 3063 3652 3120 boni
3679 3078 3804 3133 ope~

2228 3163 2302 3218 ris
2330 3176 2522 3226 Cllt‘sll,
2555 3170 2610 3216 et
2639 3162 2825 3230 plenus
2865 3158 3069 3214 dierum
3092 3200 3105 3223 ,
3164 3157 3445 3212 sanctitate
3470 3157 3806 3225 praecipuus,

549 3254 605 3309 in
644 3254 985 3311 tribulatione
1010 3256 1182 3325 posito
1212 3270 1318 3309 non
1362 3254 1528 3310 deluit
1576 3254 1813 3309 divinum
1845 3254 2118 3309 auxilium.
2151 3262 2197 3326 ς
2228 3252 2367 3307 diem
2400 3252 2553 3307 obiit.
2602 3255 2769 3319 Quem
2820 3249 3263 3305 Chlothacharius
3316 3264 3404 3303 rex
3437 3262 3557 3302 cum
3596 3260 3806 3302 summa

556 3342 687 3398 Nam
718 3359 840 3400 cum
870 3344 1169 3400 Chramnns
1200 3346 1271 3399 ita
1304 3360 1422 3400 eum
1453 3346 1740 3415 constringi
1765 3346 2040 3415 iussisset,
2075 3354 2133 3401 ut

558 3432 739 3489 nullus
780 3435 855 3488 illi
915 3437 1071 3507 159
1098 3435 1345 3490 alimenta
1377 3436 1613 3507 praebere
1660 3448 2030 3505 praesumeret,
2080 3448 2131 3494 et

558 3522 626 3578 ita
680 3524 877 3579 arctius
920 3525 1299 3591 custodiretur,
1357 3535 1415 3581 ut
1453 3540 1552 3579 nec
1598 3540 1785 3596 aquam
1825 3527 2039 3596 quidem
2082 3528 2132 3582 ei

559 3614 791 3691 haurire
824 3615 1027 3682 liceret,
1060 3630 1165 3685 quo
1205 3614 1409 3671 facilius
1438 3617 1745 3686 compulsus
1778 3616 1987 3684 inedia,
2019 3618 2133 3688 ipse

603 3800 660 3874 ᾖ
811 3793 973 3874 Corb.
998 3802 1057 3874 et
1085 3794 1238 3859 Bell.;
1267 3794 1356 3849 alii
1385 3810 1504 3874 eum
1534 3796 1723 3874 editis,
1756 3806 1897 3874 nocte
1916 3842 1933 3874 ,_
1954 3799 2024 3852 ita
2052 3815 2133 3853 ve-

560 3864 680 3937 niet.
703 3864 904 3937 Allegm.
938 3867 1099 3935 infra,
1134 3877 1252 3919 tunc
1280 3869 1568 3933 repentinus
1604 3871 1761 3920 veniet
1788 3870 2040 3923 interitus.

586 3933 1017 4015 ._h_ll_ic:desinit
1046 3933 1220 4015 codex
1244 3937 1751 4015 llegius,_quamv_is
1783 3939 1933 3992 initio
1976 3939 2133 4008 hujus

560 4005 686 4060 libri
727 4006 882 4062 index
915 4008 1151 4062 omnium
1182 4005 1347 4073 ipsius
1372 4005 1603 4075 capitum
1633 4008 1911 4072 habeatur,
1945 4018 1999 4063 et
2028 4005 2133 4066 non

559 4078 630 4149 sit
652 4076 877 4132 laceros.
902 4079 1035 4132 Tum
1052 4079 1292 4148 proxime
1307 4078 1640 4149 subjungitur
1658 4080 1941 4149 tleginonis
1962 4077 2135 4134 Chro-

559 4146 719 4228 nicon
746 4150 931 4205 eadem
957 4146 1176 4205 omnino
1201 4165 1357 4205 manu
1375 4146 1517 4221 {qua
1539 4146 1781 4220 Gregorii
1811 4148 1951 4217 libri,
2006 4165 2135 4205 con-

558 4228 833 4285 scriptum.

634 4299 656 4325 ο
696 4289 847 4361 Golb.
896 4289 1165 4361 etRegm.
1195 4291 1490 4355 basilicam,
1542 4291 1676 4345 forte
1706 4292 1875 4346 sancti
1918 4292 2134 4361 Benigni

560 4367 651 4430 aut
684 4358 742 4411 ὃ.
782 4359 1030 4427 Joannis,
1064 4358 1179 4430 quae
1224 4376 1361 4414 nunc
1416 4362 1549 4414 intra
1610 4375 1792 4415 muros
1827 4362 1973 4415 urbis
2000 4358 2133 4417 con-

561 4428 724 4499 clusa:
754 4436 896 4483 sunt.
931 4431 1010 4483 Ex
1042 4428 1142 4484 hoc
1170 4431 1286 4484 loco
1315 4439 1457 4499 patet
1487 4441 1609 4483 tunc
1631 4430 1681 4483 in
1711 4430 1877 4485 Gallia
1900 4440 2007 4486 tres
2029 4433 2134 4487 lec-

564 4498 737 4579 tiones
766 4499 825 4579 in.
845 4499 1002 4554 Missa
1026 4502 1124 4579 legi
1148 4502 1335 4553 solitas
1358 4500 1565 4579 fuisse,
1598 4516 1819 4579 quarum
1853 4504 1997 4579 prior
2019 4511 2135 4557 erat

561 4571 755 4622 veteris
784 4571 1139 4638 'l‘estainenti,
1172 4571 1402 4625 secunda
1431 4586 1501 4625 ex
1541 4573 1827 4637 Aposmlo,
1878 4573 2030 4627 tertia
2064 4588 2130 4629 ex

566 4638 878 4712 Evangelio.
915 4640 1043 4695 Vide
1072 4641 1360 4712 Liturgiam
1393 4642 1716 4695 Gallicanam
1747 4643 2057 4699 lllabillonii.

633 4708 657 4747 “
701 4708 789 4766 Sic
812 4710 971 4766 Corb.
998 4721 1050 4766 et
1080 4708 1353 4776 Bell.;valii
1384 4713 1641 4781 plerique,
1678 4724 1730 4766 ut
1768 4725 2019 4767 asserunt.

637 4789 661 4818 °
706 4783 793 4837 Sic
840 4781 999 4837 Corb.
1042 4792 1095 4837 et
1140 4782 1295 4848 Bell.;
1351 4783 1504 4852 vulgo
1572 4784 1761 4837 dicitur
1804 4799 1923 4839 esse
1968 4783 2131 4839 Deut:

605 4865 731 4922 rope
768 4853 1040 4909 Coloniam
1070 4855 1435 4922 Agrippinam.
1487 4854 1593 4910 Sed
1640 4856 1829 4908 mirum
1862 4864 1946 4909 est
1991 4855 2131 4911 hunc

583 4939 735 4978 ocum
768 4923 1034 4978 civitatem
1079 4927 1359 4994 appellari,
1408 4926 1497 4993 qui
1538 4925 1695 4980 hodie
1726 4924 1957 4980 Tuitium
1997 4926 2129 4981 dici-

562 5003 665 5065 tur,
706 4994 936 5051 celebris
967 4996 1035 5051 ob
1064 4996 1357 5060 abbatiam,
1384 4996 1468 5049 cui
1498 4995 1703 5064 prtefuit
1735 4996 1999 5065 Rupertus
2040 4997 2132 5050 ab-

560 5063 674 5120 bas.
709 5065 1040 5121 Divitensium
1065 5066 1306 5121 meminit
1333 5063 1644 5124 Ammianus
1668 5063 2007 5122 Marcellinus
2036 5068 2128 5122 lib.

561 5150 682 5189 xxvr
704 5148 766 5218 et
787 5154 957 5218 xxvn.
992 5137 1090 5192 llic
1117 5137 1428 5218 Gregorius,
1462 5140 1597 5192 sicut
1623 5146 1676 5217 et
1714 5152 1869 5218 supra
1900 5138 2131 5218 passim,

563 5209 793 5276 appellat
818 5209 1087 5279 regionem
1117 5210 1586 5279 Transrhenanam
1614 5206 1928 5276 simpliciter
1957 5206 2133 5279 Fran-

561 5280 717 5397 fiam.
747 5280 901 5335 Colb.
930 5280 1089 5336 habet
1114 5278 1382 5334 Mustiam.
1414 5278 1552 5336 Editi
1583 5289 1639 5335 ut
1670 5279 1953 5350 plurimum
1972 5319 1990 5348 ,
2020 5278 2140 5334 Nu-

584 5364 705 5397 mm.

584 5364 705 5401 tam.

638 5419 655 5455 τ
700 5418 957 5491 Aliicum
1001 5420 1180 5489 Colb.,
1220 5419 1532 5476 Wilicimrii.
1579 5438 1628 5477 .s
1667 5430 1784 5476 erat
1820 5420 1938 5491 dux
1977 5420 2141 5491 Aqui-

566 5492 755 5562 taniae;
798 5490 901 5562 filia
927 5492 1071 5561 ejus,
1119 5508 1237 5561 qua:
1267 5493 1535 5548 Chramno
1563 5492 1773 5561 nupsit,
1805 5489 2007 5547 Chalda
2042 5489 2141 5562 ap-

563 5561 793 5629 pellatur
817 5560 870 5614 in
894 5560 1030 5616 libro
1056 5565 1121 5615 de
1139 5560 1323 5617 ’Gestis
1353 5564 1702 5619 Francorum.

634 5640 678 5704 §_
702 5630 883 5704 Etiam
922 5647 1064 5704 nunc
1110 5634 1206 5688 sub
1232 5703 1235 5704 ν
1262 5635 1433 5701 prisco
1466 5634 1679 5689 nomine
1725 5643 1941 5704 notum,
1975 5634 2133 5704 vulgo

563 5700 1015 5775 SettekautCetle,
1045 5704 1134 5757 ubi
1157 5700 1365 5758 abbatia
1394 5710 1766 5761 canonicorum
1790 5700 2134 5775 regulariufn.

635 5770 661 5846 ξ’
695 5772 1016 5846 Si_I’ientius
1035 5814 1049 5839 ,
1077 5782 1134 5829 ut
1157 5774 1403 5846 observat
1424 5776 1652 5846 Deslius,
1677 5778 1814 5846 apud
1840 5770 2094 5833 Sietulum
2118 5816 2135 5843 ,

564 5843 720 5919 vulgo
750 5844 927 5917 Helle,
951 5845 1008 5906 in
1033 5860 1130 5905 sua
1157 5844 1374 5904 dioecesi
1400 5845 1549 5917 obiit,
1572 5848 1690 5907 haec
1715 5843 1905 5921 Gregot
1921 5850 1954 5905 ii
1978 5850 2138 5905 verba
2165 5919 2168 5923 ν

2231 3343 2434 3399 honore
2464 3344 2603 3413 apud
2660 3343 2975 3397 Suessionas
3015 3343 3280 3395 civitatem
3309 3340 3590 3411 sepelivit,
3620 3350 3675 3395 et
3718 3340 3786 3394 ba

2232 3438 2436 3493 silicam
2467 3452 2627 3507 super
2647 3452 2765 3492 eum
2798 3436 3058 3491 fabricare
3088 3436 3285 3504 coepit;
3316 3449 3473 3505 quam
3506 3444 3692 3504 postea
3724 3432 3806 3489 Si-

2231 3531 2470 3601 gibertus
2515 3529 2658 3585 filius
2688 3528 2803 3597 ejus
2832 3526 3103 3596 explevit,
3150 3536 3308 3595 atque
3353 3525 3675 3594 composuit.
3726 3524 3806 3579 Ad

2233 3622 2386 3693 eujus
2415 3623 2626 3677 beatum
2670 3620 2974 3691 sepulcrum
3004 3619 3233 3673 vidimus
3260 3619 3557 3673 vinctorum
3592 3631 3805 3687 compe-

2233 3801 2369 3869 apud
2403 3800 2631 3853 Parisios
2656 3838 2670 3861 ,
2724 3796 2789 3869 ad
2824 3794 3159 3869 Pascentium
3182 3834 3195 3857 ,
3240 3809 3343 3869 non
3373 3808 3505 3869 vero
3536 3794 3603 3848 ad
3651 3792 3809 3869 Pien-

2236 3865 2367 3925 tium
2397 3880 2519 3925 sunt
2548 3866 2847 3924 referenda.
2895 3866 3062 3920 Porro
3089 3865 3293 3919 Pientio
3332 3874 3389 3919 et
3412 3866 3701 3933 Austrapio
3729 3866 3812 3921 hic

2234 3943 2541 3997 memoratis
2571 3954 2697 3993 cura
2741 3937 3044 3993 exstruendi
3069 3935 3379 3990 monasterii
3408 3944 3608 3990 sancta:
3640 3936 3810 3991 Rade-

2235 4013 2427 4081 gundis
2459 4012 2629 4065 fuerat
2657 4008 2969 4081 commissa,
3003 4008 3141 4081 ipsa_
3156 4006 3479 4081 Baudonivia
3503 4015 3811 4081 attestante.

2234 4076 2514 4138 Pascentio
2544 4081 2864 4135 Fortunatus
2892 4076 3062 4131 Vitam
3110 4077 3168 4132 S.
3202 4077 3387 4146 Ililarii
3414 4092 3444 4130 a
3479 4090 3537 4130 se
3563 4079 3811 4146 scriptam

2236 4153 2579 4220 nuncupavit.
2628 4150 2820 4205 Pientii
2852 4163 2975 4205 vero
2998 4190 3012 4213 ,
3043 4150 3198 4219 vulgo
3227 4147 3291 4204 S.
3320 4144 3474 4214 Pieu,
3506 4144 3703 4203 festum
3728 4162 3811 4203 ce-

2236 4225 2471 4281 lebratur
2493 4224 2579 4278 die
2610 4223 2675 4277 l3
2706 4220 2893 4276 Martii.
3370 4266 3377 4274 .

2315 4298 2330 4333 ι
2378 4298 2565 4361 llegm.
2597 4293 2740 4347 reddi
2766 4290 2962 4346 debere.
2997 4290 3150 4359 Bec.,
3188 4290 3433 4344 redeberi.

2312 4365 2327 4417 i
2377 4360 2561 4419 Tei’fali
2611 4379 2703 4417 seu
2733 4362 2952 4426 Taifali,
2985 4378 3087 4416 una
3114 4378 3183 4416 ex
3219 4363 3298 4414 his
3338 4360 3588 4430 gentibus
3628 4360 3812 4416 barba-

2238 4438 2344 4504 ris,
2394 4451 2511 4504 qua:
2546 4435 2741 4487 saeculo
2772 4434 2957 4499 quinto
2988 4433 3205 4504 ineunte
3231 4432 3432 4504 Gallias
3464 4431 3813 4486 inundarunt.

2241 4502 2439 4561 llorutn
2470 4505 2673 4575 aliquot
2700 4504 2853 4558 sedes
2881 4504 3045 4575 fixere
3066 4502 3206 4575 apud
3229 4502 3474 4575 Pictones
3491 4541 3506 4565 ,
3533 4514 3595 4554 ac
3618 4518 3815 4557 nomen

2238 4579 2436 4633 dedere
2465 4573 2579 4629 vico
2612 4574 2834 4643 Teifatia
2863 4574 3025 4643 dicto,
3082 4573 3170 4643 qui
3196 4574 3353 4626 etiam
3383 4586 3526 4643 nunc
3570 4582 3820 4643 superest

2156 4652 2212 4715 ἶ)
2236 4650 2337 4703 sub
2368 4647 2582 4701 nomine
2612 4641 2865 4712 Tifaugize
2885 4683 2901 4709 ,
2935 4641 3091 4711 vulgo
3123 4642 3362 4715 Tifauge,
3395 4642 3534 4715 inter
3552 4642 3820 4715 pliccliio—

2238 4735 2359 4774 nem
2388 4725 2443 4772 et
2493 4710 2855 4781 Moritaniam,
2909 4710 3111 4782 posuus
3158 4710 3225 4767 ad
3278 4710 3496 4767 Iluvium
3548 4710 3815 4779 Separim.

2238 4790 2411 4845 Fuere
2436 4796 2489 4841 et
2519 4786 2705 4840 Taifali
2736 4784 2995 4856 gentiles,
3029 4798 3252 4856 quorum
3280 4798 3526 4856 unacum
3554 4783 3819 4856 Sarmatis

2236 4860 2375 4930 apud
2408 4858 2653 4930 Pictones
2677 4852 3155 4930 priesidiunrfuit,
3176 4870 3241 4930 ex
3282 4854 3477 4930 Notitia
3519 4852 3819 4930 provincia-

2237 4922 2354 4987 rum
2412 4929 2620 4998 imperii
2674 4927 2920 4998 Romani.
2960 4924 3085 4998 _A_d_i
3115 4923 3291 4979 Vales.
3350 4922 3444 4998 lib.
3490 4922 3818 4998 vulnerum

2240 4993 2505 5066 Francia,
2532 5008 2624 5055 aut
2652 4998 2704 5053 in
2726 4996 2924 5052 Notitia
2945 4995 3237 5053 Galliarum
3266 5009 3327 5052 ea
3354 4995 3419 5051 de
3455 5008 3517 5050 re
3548 4993 3818 5051 disseren-

2242 5082 2368 5129 tem.

2315 5145 2340 5180 κ
2382 5142 2539 5197 Deest
2586 5140 2687 5196 hoc
2717 5147 2874 5208 caput
2900 5138 2955 5193 in
3006 5136 3163 5193 Corb.
3198 5144 3255 5191 et
3301 5134 3459 5202 Bell.;
3509 5136 3737 5191 habetur
3764 5136 3819 5194 In

2245 5215 2485 5281 czrteris,
2531 5220 2587 5269 et
2638 5210 2905 5267 indicatur
2935 5211 3073 5281 inter
3120 5208 3295 5281 capita
3341 5208 3478 5281 libri
3508 5208 3658 5281 tv_in
3680 5208 3813 5281 cod.

2245 5283 2430 5355 Regio.
2472 5276 2554 5338 'De
2592 5283 2649 5340 S.
2684 5282 2933 5355 Medardo
2977 5278 3150 5355 agitur
3187 5276 3313 5355 item
3345 5279 3397 5332 in
3427 5276 3535 5355 lib.
3562 5278 3630 5355 de
3666 5277 3819 5333 Glor.

2246 5346 2401 5409 coar.
2435 5370 2552 5424 cap.
2593 5356 2683 5410 95.
2727 5351 2941 5424 Obitum
2968 5346 3083 5424 ejus
3121 5351 3399 5418 consignat
3443 5346 3691 5424 Cointius
3729 5363 3821 5424 an.

2250 5425 2381 5489 545;
2410 5418 2649 5481 Valesius
2687 5439 2775 5477 an.
2808 5423 2930 5477 560.
2966 5418 3136 5475 Etiam
3178 5434 3320 5474 nunc
3364 5434 3531 5489 prope
3577 5418 3822 5473 Suessio-

2250 5514 2347 5553 nas
2391 5506 2563 5552 exstat
2594 5495 2804 5549 basilica
2833 5507 2951 5547 cum
2977 5492 3167 5561 insigni
3201 5491 3526 5545 monasterio
3562 5489 3684 5561 ord.
3717 5489 3822 5561 Be-

2244 5568 2497 5624 uedictini
2525 5567 2624 5620 sub
2650 5565 2818 5619 sancti
2850 5563 3015 5617 Mauri
3046 5559 3489 5631 congregatione,
3523 5560 3611 5615 ubi
3640 5559 3821 5631 sequ

2243 5655 2390 5695 crum
2422 5640 2479 5691 Β.
2514 5635 2747 5691 Medardi
2780 5636 2964 5687 visitur
2991 5634 3043 5686 in
3076 5641 3257 5702 crypta
3290 5632 3655 5686 subterranea.
3688 5632 3821 5684 For-

2244 5718 2457 5764 tunatus
2486 5715 2677 5777 printer
2708 5705 2844 5777 ejus_
2864 5705 3057 5777 vitam,
3091 5704 3304 5777 scripsit
3336 5703 3404 5755 de
3433 5703 3619 5777 eodem
3648 5717 3816 5777 carm.

2247 5783 2309 5837 17
2342 5780 2463 5837 libri
2486 5772 2528 5836 it
2547 5818 2562 5848 ,
2594 5778 2683 5835 ubi
2736 5772 2802 5834 de
2831 5774 3051 5832 basilica
3082 5790 3111 5829 a
3137 5772 3402 5847 Sigiberto
3431 5775 3662 5845 perlecm
3691 5774 3816 5844 agit.
