4028 6342
210 388 324 448 285

1141 390 1456 448 HISTORIA
1498 386 1945 444 FRANCORUM.
1990 388 2190 444 LIBER
2230 386 2573 457 QUARTUS.

3359 391 3464 447 286

210 506 315 564 des
359 516 518 576 atque
564 514 781 564 catenas
832 505 1101 576 disruptas
1146 507 1549 575 confractasque
1576 506 1785 575 jacere,
1816 504 1996 564 Anon
2031 504 2289 570 permisit.
2324 504 2473 559 Mane
2515 510 2691 559 autem
2721 501 2891 571 facto,
2928 509 3155 575 uterque
3193 515 3463 561 commoto
3512 538 3515 541 λ

212 616 337 672 qua:
370 615 536 671 usque
564 599 723 657 hodie
780 599 833 654 in
879 599 1239 655 testimonium
1296 601 1506 655 virtutis
1534 598 1678 668 ejus,
1722 594 1788 650 ad

210 688 392 763 bsunt
430 692 570 746 beati
620 692 920 763 sepulcrum
966 700 1325 748 reservantur.
1371 691 1477 748 Sed
1517 689 1582 745 ad
1630 702 1788 759 supe-

213 785 359 841 riora
392 784 690 841 redeamus.

289 876 409 933 XX.
452 878 820 934 Childebertus
860 879 1020 949 igitur
1056 893 1152 934 rex
1193 888 1453 948 mgrotore
1482 876 1675 946 coepit,
1732 882 1789 931 et

215 982 340 1024 cum
380 970 677 1025 diutissime
724 971 863 1039 apud
910 970 1143 1025 Parisios
1192 970 1389 1025 lectulo
1436 967 1782 1030 decubasset,

216 1059 381 1125 obiit;
425 1070 480 1115 et
520 1062 586 1115 ad
619 1061 893 1116 basilicam
943 1060 1083 1115 beati
1115 1060 1376 1115 Vincentii
1406 1066 1453 1123 α,
1486 1072 1641 1127 quam
1680 1057 1793 1123 ipse

221 1161 621 1219 construxerat,
656 1162 738 1209 est
768 1153 1032 1223 sepultus.
1063 1148 1228 1221 Cujus
1256 1165 1473 1219 regnum
1497 1158 1549 1202 et
1578 1148 1793 1201 thesau-

218 1257 310 1297 ros
359 1243 803 1297 Cblothacharius
858 1258 952 1297 rex
1014 1242 1218 1310 accepit
1267 1238 1706 1309 :Ultrogouham
1766 1233 1794 1273 ι)

215 1347 349 1389 vero
378 1343 431 1389 et
470 1336 605 1389 ﬁlias
634 1338 751 1403 ejus
804 1336 933 1390 duas
973 1335 1025 1389 in
1054 1334 1300 1390 exsilium
1334 1333 1529 1402 posuit.
1574 1332 1796 1386 Cbram-

216 1438 323 1479 nus
372 1435 547 1482 autem
581 1428 718 1497 patri
750 1436 1181 1498 reprazsentatur,
1218 1425 1310 1481 sed
1344 1432 1521 1493 postea
1566 1422 1795 1477 inﬁdelis

218 1517 446 1573 exsﬁtit.
502 1518 740 1589 Cumque
788 1535 846 1575 sc
889 1528 1134 1575 cerneret
1183 1520 1411 1574 evadere
1462 1533 1567 1570 non
1610 1530 1795 1585 posse,

217 1607 547 1663 Britanniam
572 1610 723 1680 petiit
753 1628 765 1663 :
799 1609 980 1680 ibique
1007 1624 1128 1664 cum
1148 1608 1437 1663 Chonobro
1464 1618 1485 1645 ο
1519 1606 1799 1662 Britanno—

216 1711 340 1755 rum
377 1702 601 1767 comite,
634 1704 750 1771 ipse
786 1711 839 1758 et
885 1718 1021 1757 uxor
1058 1702 1202 1771 ejus,
1253 1716 1314 1754 ac
1355 1700 1473 1753 filice
1504 1698 1791 1753 latuerunt.

220 1794 595 1853 Wiliacharius
624 1808 801 1855 autem
845 1812 997 1854 socer
1023 1797 1139 1866 ejus
1179 1794 1206 1832 ἀ
1232 1795 1297 1849 ad
1330 1794 1601 1849 basilicam
1629 1792 1798 1848 sancti

1891 595 2129 648 exercitu
2173 596 2236 648 ad
2295 596 2493 649 bellum
2552 604 2733 650 contra
2781 609 2838 651 se
2888 604 3191 666 properant.
3252 598 3467 668 lbatque

1890 685 2337 743 Chlotltacharius
2358 704 2453 743 rex
2479 698 2727 756 tanquam
2758 704 2926 745 novus
2954 691 3116 746 David
3146 700 3328 748 contra
3354 692 3467 749 Ab-

1890 778 2127 833 salonem
2160 778 2324 833 ﬁlium
2353 791 2713 849 pugnaturus,
2748 781 3001 852 plangens
3048 793 3206 854 atque
3231 784 3416 839 dicens
3450 801 3466 839 :

1892 869 2137 941 Respice,
2172 873 2414 940 Domine,
2445 873 2509 926 de
2537 874 2706 943 coelo,
2736 881 2789 929 et
2811 874 2988 943 judica
3030 890 3243 932 causam
3269 893 3465 949 meam,

1892 963 2013 1034 quia
2045 964 2238 1033 injuste
2270 980 2296 1018 a
2332 965 2438 1018 filio
2462 965 2681 1033 injurias
2704 968 2891 1035 patior.
2924 968 3175 1039 Respice,
3209 980 3263 1025 et
3287 971 3466 1039 jndica

1893 1052 2059 1121 jnste;
2104 1055 2341 1125 illudque
2371 1056 2581 1125 impone
2607 1056 2859 1126 judicium
2880 1101 2893 1122 ,
2922 1061 3062 1129 quod
3090 1062 3351 1131 quondam
3387 1063 3467 1117 in-

1894 1154 1978 1201 ter
2000 1148 2317 1203 Absalonem
2362 1158 2415 1202 et
2454 1158 2656 1218 patrem
2689 1151 2805 1218 ejus
2846 1152 3010 1208 David
3050 1156 3288 1225 posuisti.
3324 1159 3461 1213 Con-

1897 1239 2195 1308 ﬁigentibus
2222 1242 2381 1309 igitur
2428 1242 2646 1309 pariter,
2691 1241 3061 1299 Britannorum
3103 1261 3281 1303 comes
3321 1258 3466 1319 terga

1868 1336 2083 1397 ivertit,
2118 1334 2293 1403 ibique
2324 1344 2376 1390 et
2422 1334 2632 1392 cecidit.
2682 1334 2921 1406 Denique
2966 1337 3265 1399 Chramnus
3294 1344 3467 1415 fugam

1897 1426 2042 1492 iniit,
2075 1442 2237 1482 naves
2267 1428 2318 1482 in
2349 1428 2481 1481 mari
2523 1436 2733 1495 paratas
2777 1428 2978 1484 habens
3012 1448 3025 1485 :
3059 1433 3152 1487 sed
3182 1435 3305 1489 dum
3336 1450 3468 1491 uxo-

1899 1531 2009 1571 rem
2043 1528 2096 1572 et
2127 1518 2260 1573 ﬁlias
2304 1532 2426 1572 suas
2458 1517 2686 1574 liberare
2713 1520 2904 1587 voluit,
2945 1521 3012 1576 ab
3041 1525 3275 1579 exercitu
3307 1527 3471 1596 patris

1899 1622 2213 1677 Oppressus,
2242 1618 2428 1678 captus
2453 1619 2611 1680 atque
2634 1611 2824 1681 ligatus
2854 1621 2955 1666 est.
2988 1614 3140 1678 Quod
3170 1628 3289 1669 cum
3312 1614 3471 1672 Chlo-

1902 1699 2177 1752 thachario
2216 1701 2325 1768 regi
2372 1704 2668 1755 nuntiatum
2719 1702 2935 1771 fuisset,
2974 1703 3136 1773 jussit
3177 1721 3298 1761 eum
3350 1722 3470 1763 cum

1902 1805 2067 1845 uxore
2097 1799 2151 1845 et
2184 1792 2391 1847 filiabus
2428 1795 2582 1865 162
2631 1794 2737 1865 igni
2768 1797 3007 1851 consumi
3038 1814 3051 1852 :
3094 1798 3390 1870 inclusique
3416 1800 3471 1857 in

220 1887 432 1943 Martini
457 1890 713 1959 confugit.
736 1890 886 1945 Tunc
917 1899 1099 1944 sancta
1128 1887 1344 1943 basilica
1375 1902 1405 1940 a
1444 1888 1673 1955 peccatis
1701 1899 1793 1955 po-
1823 1879 1871 1939 B
1899 1882 2107 1950 tugurio
2156 1881 2431 1950 cujusdam
2495 1885 2796 1952 pauperculi
2851 1883 2872 1921 τ
2897 1928 2911 1953 ,
2961 1886 3261 1944 Chramnus
3312 1905 3473 1961 super

220 1976 330 2047 puli
357 1993 418 2033 ac
451 1978 691 2034 ludibriis
712 2021 728 2046 ,
780 1995 899 2049 qua:
941 1979 995 2034 in
1025 1994 1086 2034 ea
1118 1979 1347 2047 ﬁebant,
1390 1992 1485 2047 per
1514 1976 1797 2032 Wiliaclta-

220 2067 360 2122 rium
386 2071 767 2141 conjugemque
786 2070 904 2140 ejus
924 2083 1181 2125 succensa
1207 2078 1319 2135 est,
1344 2070 1483 2139 quod
1508 2084 1610 2123 non
1647 2068 1797 2138 161

221 2160 339 2215 sine
367 2163 515 2230 gravi
544 2162 770 2231 suspirio
802 2176 1179 2217 memoramus.
1208 2160 1315 2216 Sed
1347 2169 1398 2214 et
1422 2160 1606 2215 civitas
1634 2159 1801 2211 Turo.

224 2249 341 2304 nica
373 2262 494 2307 ante
527 2267 727 2308 annum
754 2253 860 2321 jam
910 2254 1016 2323 igni
1047 2260 1361 2322 consumpta
1410 2251 1604 2317 fuerat,
1634 2262 1685 2306 et
1718 2261 1801 2305 to-

224 2348 294 2395 ta:
336 2345 574 2399 ecclesiae
604 2346 655 2399 in
707 2346 891 2400 eadem
930 2355 1277 2412 constructae,
1330 2346 1556 2401 desertae
1600 2344 1803 2399 relictae

224 2441 366 2489 sunt.
396 2435 643 2489 Protinus
666 2436 803 2491 beati
826 2436 1030 2491 Martini
1062 2437 1275 2492 basilica
1297 2478 1311 2503 ,
1343 2436 1622 2491 ordinante
1641 2435 1807 2490 Chlo-

225 2524 507 2579 thachario
538 2541 692 2597 rege,
748 2536 936 2583 Stanno
980 2537 1230 2596 coepcrta
1260 2536 1373 2590 est,
1409 2537 1459 2581 ct
1492 2528 1543 2581 in
1574 2527 1693 2594 illa,
1749 2535 1807 2582 ut

224 2616 375 2685 prius
419 2617 627 2687 fuerat,
660 2618 953 2687 elegantia,
1004 2630 1267 2687 reparata.
1321 2619 1468 2674 Tunc
1504 2619 1623 2673 duae
1662 2618 1806 2673 acies

228 2706 561 2761 locustarum
603 2716 996 2777 apparuerunt,
1030 2725 1146 2779 quae
1178 2724 1273 2778 per
1320 2710 1617 2765 Arvernum
1649 2718 1808 2779 atque

226 2795 630 2851 Lemovicinum
664 2807 686 2836 ⁸
720 2806 1080 2869 transeuntes,
1115 2808 1171 2855 ut
1194 2801 1397 2867 ferunt,
1424 2802 1805 2856 Romaniacum

225 2902 477 2958 campum
507 2898 797 2957 venerunt,
850 2892 902 2945 in
951 2909 1090 2961 quo,
1125 2894 1310 2963 praelio
1338 2910 1531 2963 magno
1584 2896 1723 2948 inter
1750 2908 1808 2949 se

228 2989 371 3047 acto,
428 2982 661 3037 maxime
713 2991 835 3037 sunt
877 2966 1097 3040 colliszc.
1149 2985 1592 3041 Chlothacharius
1630 2996 1806 3041 autem

226 3086 345 3139 rex,
374 3081 561 3128 contra
589 3072 911 3128 Chramnum
957 3075 1237 3142 frendens,
1289 3091 1407 3130 cum
1454 3077 1692 3131 exercitu
1715 3075 1809 3130 ad-

227 3178 417 3221 versus
447 3180 568 3221 eum
606 3165 659 3219 in
702 3164 1027 3220 Britanniam
1054 3166 1251 3236 dirigit.
1302 3166 1407 3221 Sed
1439 3181 1537 3222 nec
1564 3167 1652 3221 ille
1679 3181 1809 3221 con-

1900 1987 2172 2028 scamnum
2200 1982 2447 2029 extensus
2478 1976 2655 2031 orario
2686 1978 2993 2047 suggillatus
3022 1989 3129 2045 est;
3148 1988 3202 2036 et
3227 1981 3303 2035 sic
3323 1992 3473 2049 post-

1902 2079 1962 2119 ea
1992 2079 2151 2131 super
2178 2080 2269 2120 eos
2312 2067 2525 2122 incensa
2565 2068 2775 2139 casula,
2807 2086 2925 2125 cum
2956 2086 3121 2128 uxore
3169 2080 3223 2129 et
3265 2072 3475 2131 ﬁliabus

1902 2156 2120 2210 interiit.

1976 2248 2118 2303 XXI.
2140 2248 2250 2302 Rex
2269 2263 2395 2303 vero
2416 2248 2853 2306 Chlothacliarius
2876 2267 3015 2306 anno
3036 2255 3473 2325 quinquagesimo

1906 2338 2077 2407 primo
2107 2340 2255 2409 regni
2286 2341 2387 2407 sui,
2420 2355 2541 2395 cum
2575 2341 2754 2397 multis
2783 2345 3090 2399 muneribus
3120 2345 3303 2402 limina
3326 2348 3469 2404 beati

1908 2431 2115 2484 Martini
2162 2432 2386 2500 expetiit
2415 2440 2465 2495 Β,
2494 2439 2547 2487 et
2576 2432 2866 2487 adveniens
2910 2433 3138 2489 Turonis
3177 2437 3246 2491 ad
3297 2438 3474 2505 sepul-

1906 2535 2056 2574 crum
2087 2520 2337 2574 antedicti
2368 2520 2642 2590 antistitis,
2671 2529 2889 2575 cunctas
2937 2523 3173 2579 actiones
3205 2540 3337 2594 quas
3361 2526 3469 2580 for-

1909 2618 2049 2665 tasse
2099 2612 2425 2681 negligenter
2475 2619 2655 2681 egerat
2707 2612 3006 2681 replicans,
3056 2623 3107 2669 et
3153 2630 3311 2671 orans
3358 2631 3477 2676 cum

1908 2704 2093 2773 grandi
2124 2704 2324 2774 gemitu
2347 2745 2361 2771 ,
2395 2710 2451 2757 ut
2479 2718 2576 2773 pro
2625 2705 2737 2760 suis
2770 2704 2938 2774 culpis
2972 2705 3161 2762 beatus
3205 2706 3479 2764 confessor

1910 2799 2118 2853 Domini
2149 2797 2567 2853 misericordiam
2612 2806 2878 2863 exoraret,
2913 2807 2967 2853 et
2995 2813 3058 2854 ea
3107 2815 3224 2868 quae
3270 2800 3481 2855 irratio-

1910 2889 2156 2943 nabiliter
2187 2888 2547 2953 commiserat,
2582 2902 2679 2942 suo
2706 2888 2925 2943 obtentu
2958 2888 3202 2943 dilueret.
3239 2889 3374 2944 Exin
3401 2905 3482 2945 re-

1911 2997 2151 3053 gressus,
2188 2979 2628 3050 quinquagesimo
2658 2981 2829 3050 primo
2867 2981 3015 3052 regni
3048 2982 3129 3037 sui
3155 2996 3327 3050 anno,
3358 2982 3481 3039 dum

1911 3077 1962 3130 in
1987 3075 2136 3131 Cutia
2167 3074 2297 3128 silva
2324 3073 2353 3109 ιι
2383 3074 2719 3129 venationem
2752 3084 3045 3140 exerceret,
3072 3091 3100 3130 a
3131 3076 3281 3133 febre
3310 3079 3480 3134 corri-

1910 3166 2077 3235 pitur,
2111 3175 2159 3219 et
2199 3165 2393 3220 exinde
2422 3164 2811 3234 Compendium
2849 3167 3028 3221 villam
3058 3168 3217 3224 rediit
3245 3186 3260 3224 :
3292 3170 3346 3226 in
3375 3185 3479 3240 qua

228 3262 312 3311 Ira
363 3266 566 3326 patrem
619 3258 799 3328 egredi
851 3258 1046 3313 timuit.
1080 3258 1316 3327 Cumque
1364 3258 1417 3312 in
1468 3274 1573 3314 uno
1620 3273 1809 3327 campo
1837 3251 1882 3315 C
1916 3272 2033 3312 cum
2066 3258 2297 3327 graviter
2324 3266 2609 3312 vexaretur
2636 3272 2666 3311 a
2698 3257 2865 3326 febre,
2900 3260 3073 3315 aiebat
3104 3278 3119 3319 :
3159 3261 3308 3317 Vua!
3340 3262 3478 3330 Quid

226 3347 576 3417 conglobatus
606 3358 829 3418 uterque
874 3348 1134 3404 resideret
1174 3350 1470 3415 exercitus,
1499 3359 1553 3405 et
1586 3350 1808 3405 Cbram-

226 3455 331 3496 uus
358 3456 477 3497 cum
501 3441 768 3497 Britannis
791 3450 975 3497 contra
1018 3451 1221 3511 patrem
1246 3443 1414 3497 aciem
1446 3443 1804 3512 instruxisset,

228 3532 570 3589 incumbente
604 3542 761 3589 nocte
792 3548 820 3587 a
850 3534 988 3588 bello
1037 3544 1299 3589 cessatum
1331 3543 1434 3590 est.
1484 3535 1557 3590 Ea
1598 3550 1810 3605 quoque

226 3631 387 3681 nocte
416 3622 702 3679 Cbonober
730 3639 910 3680 comes
936 3625 1307 3682 Britannorum
1337 3627 1466 3682 dicit
1493 3626 1561 3681 ad
1588 3627 1810 3683 Cbram-

228 3732 357 3771 num
387 3734 398 3768 :
430 3718 690 3787 lnjustum
714 3733 905 3776 censeo
928 3728 981 3775 te
1002 3729 1187 3775 contra
1213 3728 1415 3789 patrem
1442 3729 1588 3773 tuum
1614 3720 1810 3777 debere

226 3806 435 3875 egredi.
484 3806 740 3865 Permitte
787 3825 872 3865 me
913 3809 1013 3865 hac
1068 3820 1257 3877 nocte,
1316 3820 1372 3866 ut
1401 3811 1597 3866 irruam
1650 3826 1811 3878 super

226 3912 381 3965 eum,
410 3897 688 3970 ipsumque
716 3914 838 3956 cum
865 3910 975 3956 toto
1003 3902 1240 3957 exercitu
1274 3912 1624 3972 prosternam.
1658 3902 1809 3969 Quod

226 3989 570 4059 Chramuus,
600 4002 661 4049 ut
703 3993 899 4059 credo,
946 3994 1139 4049 virtute
1176 3994 1273 4050 Dei
1325 4002 1655 4065 praeventus,
1695 3995 1811 4052 ﬁeri

305 4113 331 4141 “
368 4106 490 4161 Haec
539 4116 623 4163 est
664 4108 879 4164 basilica
910 4108 967 4164 S.
1008 4109 1254 4164 Germani
1284 4124 1312 4163 a
1344 4109 1517 4164 Pratis
1545 4109 1713 4176 dicta,
1743 4110 1811 4165 de

229 4191 337 4247 qua
366 4192 523 4245 supra
553 4178 617 4233 ad
657 4194 776 4248 cap.
816 4180 882 4231 29
908 4180 999 4233 lib.
1032 4195 1125 4244 ιιι,
1149 4180 1237 4233 ubi
1272 4180 1323 4233 in
1352 4181 1530 4234 medio
1556 4179 1704 4234 chori
1736 4182 1812 4235 vi-

230 4248 551 4319 situretiam
602 4265 741 4303 nunc
775 4249 1103 4303 Childeberti
1158 4249 1299 4319 regis
1345 4250 1684 4318 sepulcrum,
1734 4257 1812 4304 ta-

230 4317 393 4371 metsi
421 4334 523 4389 non
546 4327 713 4389 tanta:
745 4320 1091 4386 antiquitatis.
1146 4317 1273 4389 Ejus
1304 4317 1566 4388 depositio
1617 4321 1668 4374 in
1718 4335 1811 4373 au-

231 4388 499 4456 tographa
534 4388 761 4444 Usuardi
816 4389 1193 4458 Martyrologio
1245 4391 1331 4446 die
1382 4391 1452 4445 25
1502 4391 1810 4446 Decembris

232 4459 594 4530 consignatur,
640 4474 745 4529 quo
784 4460 871 4515 die
901 4460 1124 4529 singulis
1154 4462 1307 4516 annis
1354 4461 1469 4530 ejus
1497 4462 1809 4515 anniversa-

234 4529 378 4581 rium
408 4544 526 4583 cum
556 4529 785 4585 solemni
836 4544 1031 4599 pompa
1074 4534 1231 4585 etiam
1274 4529 1413 4586 nunc
1456 4534 1806 4587 celebramus.

240 4615 261 4649 ι
314 4600 423 4669 Non
456 4599 608 4655 facile
637 4601 902 4669 reperias,
944 4601 1114 4668 inquit
1141 4600 1413 4667 Valesius,
1458 4603 1551 4658 lib.
1584 4619 1675 4656 vnn
1704 4604 1810 4656 Rc-

234 4684 356 4740 rum
387 4668 653 4733 Francic.,
686 4668 837 4739 cujus
867 4671 1033 4740 pietas
1078 4679 1132 4726 et
1178 4673 1244 4727 de
1287 4674 1509 4726 summis
1561 4674 1812 4728 Ecclesia:

234 4738 401 4813 rebus
429 4740 728 4813 sollicitudo
754 4738 938 4813 multis
964 4750 1018 4813 et
1059 4743 1264 4813 magnis
1288 4743 1674 4812 experimentis
1709 4753 1813 4797 tes-

237 4810 405 4864 tatior
448 4808 577 4876 fuit,
613 4826 771 4879 quant
802 4808 1206 4867 Cbildebertif»
1240 4814 1294 4867 Id
1327 4808 1547 4881 probant
1579 4815 1692 4867 loca
1724 4828 1812 4867 sa-

235 4892 334 4933 cra
358 4918 372 4943 ,
404 4895 524 4949 qua:
546 4882 845 4953 exstruxit,
871 4882 1088 4949 dotavit,
1120 4885 1378 4949 protexit;
1424 4886 1667 4950 concilia,
1694 4900 1811 4953 qua:

237 4963 309 5023 eo
339 4958 561 5007 curante
610 4951 918 5021 frequenter
962 4954 1233 5007 celebrata
1292 4963 1447 5019 sunt,
1506 4951 1812 5023 pontificum

238 5018 603 5093 Romanorum
622 5063 635 5086 ,
661 5018 995 5093 aliorumque
1016 5024 1385 5093 episcoporum
1414 5018 1683 5093 epistolae,
1709 5041 1816 5080 om-

240 5089 603 5163 piuniferme
623 5092 739 5163 ejus
766 5094 864 5147 ιιινί
896 5089 1169 5149 auctorum
1201 5089 1523 5150 testimonia.
1556 5098 1633 5151 0b
1661 5089 1811 5149 Suam

239 5160 298 5235 in
326 5159 525 5215 cultum
578 5159 811 5218 divinum
865 5164 1144 5233 pietatem,
1192 5182 1281 5218 rea:
1310 5176 1461 5235 atque
1510 5166 1744 5221 sacerdos
1784 5180 1815 5219 a

242 5228 540 5304 fortunato
580 5228 897 5304 appellatur,
946 5235 1034 5304 qui
1076 5228 1140 5289 et'
1174 5251 1293 5291 eum
1326 5228 1551 5302 passim,
1608 5245 1715 5290 tum
1762 5236 1813 5289 in

244 5298 370 5376 _Vita_
395 5298 1040 5376 sancttGennani,igtum
1085 5306 1137 5359 in
1180 5298 1503 5361 carminibus
1529 5298 1815 5376 plurimum

244 5369 450 5427 laudat.
483 5372 617 5429 Vide
647 5376 823 5430 Vales.
863 5369 1009 5430 'Iibro
1040 5376 1282 5439 laudato,
1314 5385 1366 5429 et
1397 5369 1546 5432 alios'
1573 5387 1816 5432 auctores

242 5443 463 5517 passim.
525 5444 655 5517 Ejus
697 5445 1138 5502 Constitutionem
1192 5445 1444 5501 adversus
1491 5462 1815 5517 paganorum

242 5512 499 5587 reliquias
522 5512 763 5587 dabimus
792 5518 845 5571 in
875 5518 1199 5587 Appendice.

319 5582 348 5621 ι’
368 5582 617 5661 'Uxorem
643 5585 849 5642 scilicet
874 5582 1199 5661 Childeberti
1229 5588 1400 5661 regis,
1431 5603 1493 5644 ac
1524 5588 1653 5644 duas
1686 5589 1819 5645 filias

246 5653 400 5726 ejus,
434 5655 819 5726 Chrotbergam
850 5668 903 5713 et
929 5653 1357 5715 Chrotesittdau).

324 5736 350 5765 ο
390 5727 522 5794 Alii,
547 5728 835 5795 Coonobro;
860 5730 1013 5797 Bell.,
1043 5730 1271 5798 Chonoo,
1300 5739 1355 5785 et
1373 5729 1451 5785 sic
1472 5731 1627 5785 infra.
1656 5728 1815 5787 Corb.

250 5795 484 5871 Chartae.
538 5798 606 5853 Et
653 5800 731 5853 sic
782 5800 833 5853 in
879 5795 1415 5871 isto—capitelegitur
1446 5801 1546 5865 bis,
1589 5811 1694 5855 tam
1727 5816 1820 5869 pro

255 5866 546 5955 Choaofrer,
574 5883 737 5948 quam
762 5884 859 5945 pro
887 5866 1172 5955 (ilionobro.
1200 5866 1307 5935 Sed
1332 5882 1387 5934 et
1429 5888 1589 5949 supra
1618 5871 1673 5933 in
1698 5866 1820 5949 cap.
1848 5943 1852 5948 ,

1914 3350 2108 3419 putatis
2127 3392 2139 3413 ,
2167 3348 2338 3419 qualis
2364 3358 2445 3404 est
2475 3348 2564 3403 ille
2592 3348 2703 3404 Rex
2736 3349 2988 3418 caelestis,
3019 3351 3107 3422 qui
3137 3353 3213 3408 sic
3241 3362 3344 3409 tam
3371 3370 3484 3409 ma-

1909 3455 2042 3510 gnos
2068 3453 2221 3509 rcges
2247 3439 2530 3493 interﬁcit!
2553 3438 2607 3493 In
2638 3439 2738 3494 hoc
2766 3440 2907 3495 enim
2932 3440 3091 3497 tmdio
3122 3444 3344 3513 positus,
3373 3446 3484 3515 spi-

1910 3534 2069 3588 ritum
2113 3531 2398 3587 exhalavit.
2442 3531 2607 3597 Quem
2638 3538 2863 3602 qu'atuor
2905 3532 2997 3588 ﬁlii
3027 3536 3107 3590 sui
3136 3550 3255 3592 cum
3287 3552 3480 3607 magno

1913 3624 2115 3679 honore
2144 3623 2463 3679 Suessiones
2488 3623 2790 3681 deterentes
2810 3666 2823 3690 ,
2855 3626 2905 3681 in
2936 3626 3150 3684 basilica
3180 3628 3321 3685 beati
3368 3629 3485 3686 Me-

1911 3715 2061 3771 dardi
2092 3715 2435 3784 sepelierunt.
2481 3715 2627 3770 Obiit
2656 3723 2832 3771 autem
2862 3727 2982 3787 post
3011 3734 3169 3773 unum
3196 3719 3484 3785 decurren-

1914 3808 1979 3865 tis
2009 3810 2135 3863 anui
2166 3809 2325 3876 diem,
2361 3824 2465 3879 quo
2490 3808 2787 3864 Cbramnus
2812 3809 2981 3865 fuerat
3008 3810 3335 3867 interfectus.

1989 3901 2153 3957 XXII.
2182 3900 2515 3971 Chilpericus
2562 3916 2686 3959 vero
2718 3910 2839 3970 post
2891 3901 3059 3970 patris
3100 3902 3319 3965 funera,
3362 3901 3483 3957 the-

1913 4007 2101 4048 sauros
2126 3993 2212 4061 qui
2235 3994 2286 4047 in
2330 3993 2458 4046 villa
2480 3992 2741 4047 Brinnaco
2775 3994 2791 4029 ί
2826 3999 2982 4046 erant
3024 3993 3350 4062 congregati,
3394 4007 3485 4047 ac-

1912 4108 1945 4161 4
1971 4106 2208 4174 ejusdem
2266 4105 2387 4160 libri
2423 4120 2498 4176 tv,
2528 4104 2634 4176 col.
2668 4106 2793 4176 fit,
2828 4103 2920 4159 lin.
2950 4104 3049 4171 20,
3080 4121 3177 4176 pro
3207 4105 3485 4161 Chauaone

1913 4173 2104 4247 legitur
2135 4177 2184 4230 in
2216 4176 2405 4247 eodem
2432 4173 2615 4242 Corb.,
2652 4175 2926 4231 Chonoone
2949 4215 2965 4243 ,
3003 4173 3304 4247 quanquam
3333 4178 3476 4235 idem

1912 4246 2044 4302 alias
2068 4247 2261 4302 dicitur
2287 4245 2517 4299 Chanao.

1989 4314 2015 4353 ἀ
2054 4318 2217 4372 Corb.
2249 4325 2303 4372 et
2329 4317 2486 4381 Bcll.,
2521 4315 2908 4372 Williacharius
2935 4330 3101 4373 autem
3132 4320 3371 4376 sacerdos
3395 4322 3484 4378 ad.

1914 4388 2074 4443 Corb.
2112 4399 2165 4442 et
2192 4388 2393 4457 aliquot
2429 4388 2588 4453 editi,
2623 4387 3000 4453 Willicharius,
3038 4399 3095 4443 ut
3122 4404 3302 4455 supra.

1989 4472 2012 4531 αξ
2056 4460 2210 4524 Bell.,
2243 4459 2685 4531 Lemajecinum...
2718 4459 3057 4531 Ronteuicum
3085 4476 3339 4531 campum.

1990 4528 2009 4567 ί
2052 4530 2179 4598 Alii,
2208 4528 2940 4599 inclusitque...pauperculre.
2974 4531 3168 4585 Marius
3197 4528 3263 4586 ad
3290 4549 3485 4587 annum

1842 4631 1891 4692 ι)
1917 4600 2019 4692 569
2047 4600 2521 4692 ξ’ῗίενίἘυῘΡ-,Ὗέηὲ
2537 4611 2801 4692 ,ξέπῩἸῨᾸῗί
2825 4602 3482 4692 Q’f‘f..°f9."!"!i’."_‘.W559:

1988 4681 2013 4720 ις
2050 4672 2259 4725 Itineris
2287 4686 2465 4724 comes
2498 4670 2596 4724 fuit
2621 4671 2804 4725 beatus
2834 4672 3129 4727 Germanus
3160 4672 3484 4727 Parisiorum

1917 4743 2218 4810 episcopus,
2250 4742 2337 4809 qui
2369 4756 2430 4795 ea
2460 4744 2741 4795 occasione
2767 4742 3010 4797 Pictavos
3036 4744 3290 4809 perrexit,
3326 4744 3487 4798 Rade-

1916 4813 2077 4882 gundi
2110 4828 2202 4880 pro
2230 4827 2351 4881 rege
2384 4812 2594 4882 veniam
2625 4813 2903 4879 petiturus,
2935 4821 2992 4866 ut
3019 4824 3202 4867 narrat
3230 4815 3464 4867 Baudoni

1917 4881 2001 4936 via
2030 4884 2084 4937 in
2121 4884 2233 4954 Vita
2254 4883 2309 4937 S.
2345 4881 2702 4954 Radegundis.
2736 4883 2895 4954 Tunc
2909 4886 3087 4952 procul
3118 4884 3278 4938 dubio
3308 4886 3485 4954 Agne-

1918 4962 2024 5007 tem
2052 4952 2375 5009 abbatissam
2421 4952 2730 5018 benedixit,
2778 4963 2833 5008 ut
2869 4953 3061 5009 dicitur
3105 4954 3241 5009 infra
3284 4952 3378 5010 libi
3411 4968 3486 5021 ix,

1916 5038 2034 5083 cap.
2068 5024 2157 5083 4‘2.

1985 5041 2034 5132 [1);
2064 5041 2233 5147 Efiam
2263 5108 2402 5149 nunc
2447 5108 2636 5165 nomen
2666 5095 2898 5162 retinet,
2948 5097 2999 5149 la
3039 5094 3176 5165 forét
3212 5094 3293 5165 de:
3320 5092 3490 5165 Cariae,

1921 5164 2258 5231 Compendio
2281 5165 2541 5233 proxima.
2572 5164 2815 5221 Cointius
2844 5164 3080 5234 pluribus
3114 5164 3302 5233 probat
3334 5164 3492 5218 Chlo-

1923 5238 2114 5290 tarium
2143 5250 2285 5289 anno
2314 5236 2381 5289 50
2410 5236 2558 5305 regni
2603 5236 2684 5290 sui
2731 5233 2927 5291 obiiSse
2949 5276 2965 5299 ,
3000 5234 3239 5305 Valesius
3285 5233 3490 5303 aliquot

1922 5305 2108 5361 diebus
2141 5320 2335 5359 annum
2385 5304 2681 5361 excessisse
2732 5306 3004 5376 probabile
3051 5304 3356 5376 existimat:
3389 5320 3494 5375 quo

1924 5385 2079 5446 pacto
2105 5376 2380 5444 legendum
2404 5385 2548 5431 esset
2574 5375 2761 5431 saltem
2791 5375 2947 5443 hujus
2967 5375 3336 5446 capitisinitio
3358 5392 3494 5430 anno

1925 5445 2011 5503 50.
2046 5448 2409 5501 Henschenius
2437 5456 2618 5501 censet
2653 5448 2739 5501 hic
2782 5445 3121 5501 scribendum
3148 5445 3237 5500 52.
3275 5446 3495 5503 ChIota-

1925 5517 2034 5572 rius
2064 5520 2195 5573 obiit
2216 5534 2279 5573 ex
2312 5516 2475 5588 Mario
2503 5534 2638 5571 anno
2659 5517 2728 5570 2t)
2759 5526 2877 5588 post
2913 5515 3262 5573 Consulatum
3290 5517 3493 5585 Basilii,

1926 5588 1976 5642 id
2007 5598 2088 5644 est
2110 5604 2196 5642 an.
2229 5588 2353 5650 fitﬁt,
2386 5586 2501 5640 Ind.
2536 5603 2614 5641 ix.

2004 5660 2019 5695 ί
2064 5660 2165 5714 Alii
2190 5700 2203 5723 ,
2250 5656 2518 5729 Brannaco
2543 5698 2558 5721 ,
2586 5659 2743 5729 vulgo
2772 5657 2998 5729 Braiue,
3043 5659 3292 5729 oppidum
3323 5660 3496 5713 tribus

1923 5730 2135 5809 circiter
2167 5729 2332 5809 leucis
2357 5728 2424 5809 ab
2450 5728 3054 5809 Augustasuessionum
3076 5728 3282 5809 distans
3307 5742 3497 5785 versus

1926 5802 2156 5855 themos
2182 5839 2197 5864 ,
2232 5797 2320 5852 ubi
2361 5797 2582 5867 insignis
2612 5800 2817 5861 abbatia
2865 5802 3080 5862 Ordinis
3112 5802 3495 5860 Praemonstrr

1925 5873 2090 5935 tensis
2115 5872 2172 5946 b‘.
2205 5868 2406 5930 Evodio
2433 5868 2627 5934 dicata.
