4028 6342
621 342 726 400 287

1639 348 1699 404 S.
1740 345 2066 403 GREGORII
2108 344 2408 403 EPISCOPI
2449 348 2878 408 TURONENSIS

3785 361 3891 415 288

619 460 782 527 cepit,
813 463 869 513 et
895 457 960 513 ad
989 457 1222 514 Francos
1251 457 1489 514 utiliores
1521 458 1692 527 petiit,
1721 461 1972 532 ipsosque
2002 476 2186 516 mune-
2211 463 2267 523 Α
2291 471 2493 532 mento,
2530 480 2596 520 ne
2627 481 2862 535 unquam
2886 473 3071 522 contra
3101 479 3223 524 eum
3251 483 3407 540 agere
3433 471 3660 528 deberet
3697 489 3715 528 :
3742 477 3888 545 quod

619 549 771 604 ribus
801 551 1032 604 mollitus
1065 551 1165 604 sibi
1201 550 1456 604 subdidit.
1492 551 1555 605 Et
1587 568 1707 606 mox
1745 553 1980 608 Parisios
2013 555 2186 624 ingre-

555 665 568 671 -
621 643 782 707 ditur,
816 643 1101 707 sedemque
1123 643 1448 698 Chiideberti
1484 645 1626 714 regis
1670 656 1916 713 occupat,
1943 647 2033 700 sed
2079 662 2184 702 non
2247 711 2250 714 ,

619 733 708 786 diu
751 733 852 788 hoc
899 735 946 787 ei
990 735 1136 787 licuit
1179 735 1480 801 possidere;
1525 752 1643 788 nam
1694 737 1965 804 conjuncti
1997 739 2186 792 fratres

617 824 730 890 ejus
757 839 875 877 eum
901 825 1093 878 eximie
1118 826 1382 893 repulere,
1415 836 1467 878 et
1495 829 1572 881 sic
1596 827 1733 880 inter
1763 843 1820 879 se
1854 829 1902 882 bi
1934 838 2183 898 quatuor,

616 911 669 966 id
709 926 786 966 est
811 913 1176 980 Cbaribertus,
1210 917 1646 971 Guntchrantnus
1669 958 1683 981 ,
1716 918 2068 984 Chilpericus,
2101 930 2183 974 at-

615 1019 716 1072 que
748 1005 1062 1073 Sigibcrtus,
1087 1007 1398 1060 divisionem
1435 1009 1718 1078 legitimam
1753 1010 1970 1065 faciunt.
2003 1012 2183 1065 Dedit-

621 1111 721 1164 qne
753 1113 866 1150 Sors
898 1104 921 1132 °
955 1099 1266 1152 Charioerto
1317 1115 1533 1168 regnum
1566 1100 1887 1154 Childeheiti
1913 1142 1928 1167 ,
1977 1105 2184 1156 sedem-

616 1202 718 1254 que
774 1188 969 1242 habere
1026 1189 1288 1253 Parisios;
1324 1191 1760 1245 Gunthchramno
1792 1210 1915 1247 vero
1961 1210 2180 1264 regnum

613 1276 1017 1344 Chlodouieris,
1077 1296 1138 1334 ac
1190 1293 1367 1336 tenere
1415 1285 1595 1337 sedem
1648 1286 2177 1352 Aurelianensemb;

607 1367 908 1437 Chilperico
938 1387 1064 1423 vero
1110 1389 1326 1442 regnum
1376 1375 1772 1432 Chlothacharii
1826 1380 1990 1448 patris
2020 1384 2172 1449 ejus,

605 1461 1024 1529 cathedramque
1073 1466 1223 1533 163
1274 1467 1588 1521 Suessionas
1641 1470 1868 1535 habere;
1912 1473 2178 1539 Sigiberto

605 1567 814 1621 quoque
842 1569 1061 1624 regnum
1096 1556 1435 1625 Theudorici,
1468 1559 1755 1630 sedemque
1786 1563 1980 1617 habere
2031 1563 2176 1618 Rhe-

604 1660 842 1700 mensem
873 1658 894 1685 °
908 1689 922 1702 .

677 1733 860 1791 XXIII.
886 1738 1011 1793 Nam
1037 1741 1804 1808 postmorlemChlothacharii
1838 1747 1980 1813 regis
2003 1747 2170 1803 Chuni

2287 565 2474 625 postea
2505 559 2735 624 peccatis
2767 559 3078 614 facientibus
3106 570 3188 615 est
3213 562 3494 630 irruptum.

2356 644 2546 700 XXIV.
2575 647 2707 701 Cum
2741 657 2917 702 autem
2961 647 3390 706 Gnntchraumus
3426 669 3520 708 rex
3552 656 3717 724 regni
3762 671 3887 727 par-

2285 744 2413 802 tem,
2445 738 2583 791 sicut
2607 740 2795 794 fratres
2827 742 2930 806 sui,
2963 741 3298 810 obtinuisset,
3327 755 3507 799 amoto
3528 749 3834 816 Agrcecula
3859 759 3884 787 ο

2285 828 2534 895 patricio,
2563 829 2775 884 Celsum
2812 834 3121 900 patriciatus
3154 834 3355 890 honore
3401 838 3654 905 donavit,
3705 841 3885 896 virum

2286 933 2566 986 procerum
2597 933 2735 975 Statu
2773 921 2817 991 ί,
2848 923 2898 975 in
2931 925 3163 990 scapulis
3200 925 3354 996 164
3375 928 3630 992 validum,
3667 929 3885 984 lacerto

2286 1014 2587 1078 robustum,
2621 1015 2670 1068 in
2701 1018 2877 1069 verbis
2903 1018 3184 1081 tumidum,
3212 1021 3264 1071 iu
3299 1022 3568 1087 responsis
3601 1032 3879 1090 opportu-

2285 1123 2432 1172 num,
2465 1109 2600 1174 juris
2627 1108 2852 1163 lectione
2884 1112 3111 1177 peritum
3148 1127 3162 1163 :
3199 1113 3280 1163 cui
3316 1121 3456 1165 tanta
3487 1113 3757 1182 deinceps
3788 1114 3883 1168 ha-

2283 1196 2438 1249 bendi
2480 1199 2743 1265 cupiditas
2783 1201 3013 1262 exstitit,
3049 1209 3104 1252 ut
3134 1207 3326 1268 smpius
3369 1204 3735 1256 ecclesiarum
3791 1219 3876 1258 res

2285 1289 2534 1343 auferens
2558 1332 2572 1354 ,
2607 1292 2718 1343 suis
2761 1293 3052 1346 ditionibus
3096 1293 3409 1362 subjugarit.
3441 1295 3571 1348 Nam
3605 1311 3736 1349 cum
3785 1311 3877 1349 au-

2281 1378 2446 1432 disset
2480 1381 2708 1446 quadam
2747 1383 2863 1436 vice
2895 1384 3040 1438 Isaia:
3079 1385 3351 1453 propheta:
3380 1385 3668 1439 lectionem
3703 1387 3760 1442 it:
3782 1397 3875 1438 ec-

2283 1468 2439 1522 clesia
2475 1472 2572 1537 legi
2601 1513 2614 1536 ,
2646 1472 2696 1526 in
2729 1489 2830 1541 qua
2862 1476 2933 1528 ait
2962 1493 2972 1526 :
3020 1475 3109 1527 l’iv
3156 1477 3234 1527 liis
3277 1478 3362 1543 qui
3395 1478 3626 1546 jungunt
3655 1479 3872 1532 domum

2278 1559 2344 1611 at!
2384 1559 2629 1627 domum,
2677 1572 2722 1615 et
2764 1579 2946 1632 agrum
2993 1565 3060 1616 ad
3089 1581 3269 1634 agrum
3308 1568 3546 1633 copulant
3588 1584 3757 1632 usque
3803 1570 3870 1621 ad

2279 1651 2552 1704 terminum
2585 1652 2682 1706 loci
2708 1653 2862 1722 (lsai.
2891 1671 2939 1718 ν,
2973 1656 3050 1721 8),
3077 1657 3406 1712 exclamasse
3438 1658 3610 1712 fertur
3637 1677 3650 1710 :
3680 1659 3870 1714 Incon-

2276 1756 2405 1810 grue
2437 1744 2536 1797 hoc
2566 1744 2655 1797 Vae
2695 1747 2822 1798 mihi
2855 1756 2908 1800 et
2942 1747 3062 1800 filiis
3086 1749 3239 1802 meis.
3274 1749 3376 1802 Sed
3408 1750 3628 1818 reliquit
3665 1750 3864 1816 ﬁlium,

606 1826 711 1897 [ΑΙ.
749 1829 943 1899 llunui]
970 1832 1171 1886 Gallias
1201 1843 1477 1902 appetunt,
1512 1843 1692 1888 contra
1726 1853 1860 1905 quos
1884 1839 2176 1905 Sigibertus
2211 1831 2256 1889 Β
2285 1832 2372 1899 qui
2407 1834 2606 1903 absque
2639 1835 2822 1890 liberis
2862 1837 3096 1902 funClUS.
3130 1841 3413 1894 minimam
3455 1851 3659 1907 Panem
3695 1841 3866 1895 ἷειειιιο

605 1922 896 1973 exercitum
925 1923 1124 1991 dirigit,
1160 1934 1213 1977 et
1244 1934 1393 1994 gesto
1424 1934 1605 1980 contra
1637 1943 1728 1981 eos
1759 1929 1924 1993 bello,
1957 1931 2179 1985 vicitat-

605 2025 706 2077 que
737 2011 975 2080 fugavit:
1007 2019 1095 2068 sel
1142 2028 1323 2083 postea
1367 2034 1458 2071 rex
1514 2035 1696 2073 eorum
1746 2023 2005 2076 amicit'as
2056 2039 2175 2080 eum

604 2103 783 2157 codem
812 2121 904 2172 per
927 2107 1125 2174 legatos
1155 2110 1362 2160 meruit.
1393 2108 1522 2161 Dum
1548 2121 1722 2163 autem
1748 2128 1864 2164 cum
1891 2113 1968 2166 eis
1993 2116 2176 2166 turba-

603 2200 682 2246 tus
714 2205 851 2247 esset
887 2196 1181 2262 Sigihertus
1207 2238 1218 2259 ,
1254 2198 1588 2266 Chilpericus
1619 2199 1784 2254 frater
1810 2204 1926 2269 ejus
1957 2205 2175 2260 lthemis

601 2285 858 2352 pervadit,
892 2295 944 2338 et
974 2289 1104 2339 alias
1133 2288 1397 2353 civitates,
1424 2307 1543 2358 qua:
1569 2292 1633 2343 ad
1656 2307 1777 2346 cum
1810 2298 2172 2361 pertinebant,

599 2375 834 2428 abstulit.
875 2376 949 2429 Ex
988 2377 1086 2430 hoc
1116 2379 1256 2431 enim
1284 2380 1420 2433 inter
1444 2396 1558 2448 eos,
1583 2383 1722 2450 quod
1759 2383 1907 2452 pejus
1934 2396 2035 2451 est,
2063 2387 2175 2440 bel-

598 2473 697 2516 lum
729 2466 887 2518 civile
911 2470 1165 2521 surrexit.
1203 2470 1437 2524 liediens
1468 2484 1647 2525 autem
1681 2474 1980 2542 Sigibertus
2004 2478 2176 2531 victor

599 2566 622 2605 a
653 2554 850 2607 Chunis
873 2599 887 2624 ,
921 2557 1237 2610 Suessionas
1265 2561 1536 2614 civitatem
1568 2574 1828 2629 occupat,
1867 2565 2046 2634 ibique
2093 2567 2174 2621 iu-

599 2652 811 2696 ventum
837 2645 1296 2712 Theodobertunt,
1328 2649 1615 2717 Chilperiei
1658 2654 1798 2721 regis
1848 2654 2010 2708 lilium
2037 2697 2050 2719 ,
2080 2671 2176 2725 ap-

599 2735 912 2802 prehendit,
945 2739 1076 2793 etin
1110 2741 1354 2794 exsilium
1397 2744 1728 2799 transmittit.
1767 2748 2043 2802 Accedens
2073 2767 2172 2805 au-

599 2834 700 2880 tem
752 2839 932 2882 contra
985 2832 1385 2902 (Ihilperictnn,
1441 2837 1634 2891 bellum
1687 2840 2025 2896 commovit:
2067 2858 2172 2912 quo

597 2917 736 2970 victo
760 2929 918 2986 atque
954 2920 1150 2988 fugato,
1181 2926 1424 2979 civitates
1444 2942 1569 2980 suas
1599 2930 1648 2982 in
1681 2945 1828 2983 suam
1856 2931 2170 2988 dominatio-

597 3023 711 3061 nem
747 3013 992 3065 restituit.
1022 3015 1451 3069 'lhcodohertum
1483 3035 1609 3072 vero
1650 3021 1814 3074 lilium
1842 3022 2001 3090 illius,
2029 3029 2166 3092 apud

596 3094 936 3155 Ponticonem
969 3117 1002 3153 ν
1025 3103 1147 3156 llam
1181 3102 1206 3139 ἀ
1237 3107 1492 3160 ensmdiri
1521 3108 1680 3177 jussit
1728 3127 1822 3180 per
1860 3128 2054 3168 annum
2086 3117 2167 3169 iii-

2284 1926 2404 1978 tatis
2430 1926 2690 1989 ecclesiis,
2727 1943 2856 1997 quas
2888 1941 3036 1997 pater
3077 1932 3471 1998 exspoliaverat
3497 1973 3511 1997 ,
3549 1933 3865 2002 dereliquit.

2356 2016 2518 2072 XXV.
2553 2019 2983 2076 Guntchramnus
3006 2031 3184 2076 autem
3219 2038 3311 2077 rex
3352 2024 3537 2086 bonos,
3566 2025 3748 2092 primo
3773 2024 3867 2079 Ve-

2284 2109 2604 2174 neraudam,
2652 2111 2927 2180 cujusdam
2976 2128 3194 2166 suorum
3226 2113 3494 2178 ancillam,
3532 2130 3633 2182 pro
3662 2130 3864 2170 concu-

2280 2201 2400 2253 bina
2450 2202 2603 2254 thoro
2663 2203 2970 2271 subjunxit,
3005 2204 3071 2257 de
3122 2220 3222 2272 qua
3272 2204 3662 2259 Gundobadum
3698 2207 3863 2261 filium

2279 2293 2532 2359 suscepit.
2565 2291 2754 2346 Postea
2788 2308 2914 2346 vero
2944 2293 3332 2347 Marcatrudem
3369 2304 3416 2359 ε,
3450 2296 3617 2349 filiam
3644 2294 3863 2365 Magna-

2277 2384 2363 2446 rii,
2395 2385 2443 2436 in
2487 2385 2883 2438 matrimonium
2915 2387 3139 2453 accepit.
3175 2385 3561 2440 Gundobadum
3590 2385 3617 2423 ιι
3652 2404 3789 2442 vero
3808 2388 3858 2442 fi-

2278 2473 2410 2526 lium
2439 2491 2589 2528 suum
2617 2475 2917 2530 Aurelianis
2949 2478 3257 2531 transmisit.
3285 2477 3498 2532 Emula
3523 2489 3708 2534 autem
3727 2481 3858 2534 hlar-

2276 2566 2508 2620 catrudis
2539 2575 2657 2632 post
2687 2568 2923 2622 habitum
2955 2569 3140 2636 ﬁlium,
3169 2571 3218 2624 in
3253 2570 3410 2640 hujus
3440 2582 3671 2625 mortem
3707 2587 3858 2641 gras-

2275 2669 2422 2712 satur
2450 2658 2492 2725 ί,
2525 2669 2579 2714 et
2609 2661 3008 2727 transmissum,
3061 2672 3116 2716 ut
3150 2663 3327 2729 aiunt,
3371 2678 3642 2717 venenum
3675 2665 3733 2718 iu
3769 2680 3856 2734 po-

2278 2759 2411 2814 tum,
2441 2750 2635 2803 occidit
2668 2750 2713 2804 i.
2741 2751 2855 2816 Quo
2902 2761 3146 2818 mortuo,
3178 2753 3286 2822 ipsa
3327 2753 3526 2818 judicio
3559 2755 3656 2808 Dei
3688 2757 3853 2811 lilium

2273 2854 2426 2893 suum
2460 2856 2614 2908 quem
2649 2841 2879 2895 habebat
2903 2842 3154 2910 perdidit,
3185 2853 3238 2898 et
3266 2843 3444 2898 odium
3479 2845 3624 2914 regis
3675 2847 3855 2901 incur-

2275 2933 2367 2996 rit,
2397 2932 2722 3004 dimissaque
2763 2935 2829 2989 ab
2861 2935 3048 2989 eodem
3069 2975 3083 3001 ,
3119 2951 3221 2990 non
3250 2937 3416 2990 multo
3458 2947 3577 3006 post
3611 2949 3852 3007 tempore

2273 3037 2482 3080 mortua
2529 3035 2628 3082 est.
2706 3029 2990 3100 Postquam
3055 3047 3148 3085 rex
3209 3033 3636 3089 Austrechildem
3678 3035 3732 3102 ι,
3764 3054 3849 3094 co~

2271 3127 2555 3185 gnomento
2586 3119 2839 3187 Bobilam,
2871 3119 3094 3188 accepit.
3127 3120 3193 3175 de
3211 3138 3310 3190 qua
3335 3124 3521 3178 iterum
3552 3125 3690 3180 duos
3717 3128 3846 3183 ﬁlios

597 3196 825 3260 tegrum,
851 3209 1010 3262 quem
1059 3203 1239 3262 postea
1261 3239 1276 3264 ,
1310 3205 1370 3250 ut
1398 3208 1512 3251 erat
1563 3201 1818 3267 clemens,
1852 3206 2160 3260 muneribus
2189 3207 2231 3265 C
2268 3207 2472 3276 habuit,
2497 3227 2718 3278 quorum
2749 3211 2928 3268 senior
2953 3211 3293 3270 Chlotharius
3326 3255 3341 3282 ,
3386 3215 3566 3284 junior
3618 3217 3843 3275 Cblodo—

595 3279 812 3335 ditatum
845 3289 978 3351 patri
1013 3285 1240 3338 reddidit
1270 3301 1481 3354 sanum,
1507 3288 1630 3341 dato
1655 3298 1829 3345 tamen
1854 3295 1950 3346 sibi
1985 3309 2163 3349 sacra-

665 3422 689 3447 ⁸
729 3414 856 3467 Sors
884 3416 1105 3488 dicitur,
1138 3419 1276 3484 quod
1309 3421 1500 3472 sortito
1548 3424 1695 3487 regni
1744 3435 1919 3488 partes
1960 3427 2167 3483 divide-
2235 3485 2238 3488 _

596 3492 796 3553 rentur,
849 3495 903 3536 ttt
944 3486 1191 3538 observat
1239 3488 1477 3542 Valesius
1527 3486 1676 3545 initio
1729 3486 1819 3548 lib.
1855 3513 1922 3549 vn
1969 3501 2161 3553 lto-rom

597 3551 788 3637 Frpnc.
821 3554 1062 3637 Nonnttlii
1088 3567 1270 3637 tamen
1302 3562 1486 3612 Volunt
1509 3561 1645 3616 hanc
1672 3565 1984 3622 divisionem
2017 3551 2164 3637 patre

596 3621 768 3674 adhuc
795 3635 1005 3676 Vivente
1026 3624 1187 3680 fuisse
1217 3630 1426 3683 tactam.

559 3746 564 3750 _
666 3690 1116 3767 bUGuittramnum
1165 3714 1430 3767 nunquam
1462 3701 1765 3760 Aurelianis
1805 3707 2008 3764 sedisse
2037 3724 2164 3765 con-

596 3762 764 3816 leudit
800 3764 1052 3819 Valesius.

587 3889 590 3892 ,
671 3843 693 3914 f
734 3834 820 3917 Sic
847 3849 1031 3917 omnes
1062 3851 1190 3890 mss.
1216 3849 1268 3892 et
1291 3839 1436 3917 editi,
1470 3853 1690 3914 excepto
1722 3848 1876 3903 unico
1909 3849 2158 3917 Chcsnio,

595 3903 704 3982 qui
733 3903 885 3982 habet
942 3906 1259 3982 dlettensem.
1321 3903 1512 3965 Verum
1559 3903 1768 3982 quidem
1819 3931 1896 3971 est
1935 3903 2155 3977 inircod:

594 3974 771 4058 Potin,
795 3977 896 4058 qui
922 3977 1044 4058 Olli"
1089 3981 1184 4031 fuit
1227 3985 1536 4058 monasterii
1562 3974 1615 4037 S.
1644 3989 1843 4040 Arnnlli
1871 3974 2161 4058 Metti-usis,

595 4043 748 4123 hodie
799 4046 897 4112 legi
949 4047 1278 4113 Mellensem;
1325 4055 1416 4105 Sed
1473 4055 1519 4105 id
1561 4058 1627 4107 ab
1677 4058 1854 4123 aliquo
1898 4043 2163 4118 nebulone

594 4111 786 4189 factum
818 4111 923 4189 (εει,
954 4123 1038 4184 qui
1072 4111 1268 4174 detrito
1291 4123 1449 4188 priori
1481 4111 1926 4189 ῑνίιιοε11›111ι›,’ἰδιιιι1
1957 4135 2158 4186 Subdi-

597 4185 1200 4263 _tui_t._lteinde_eertum
1252 4185 1327 4242 est
1379 4195 1695 4249 Sieiburiuin
1740 4185 1875 4263 apud
1930 4185 2162 4256 libentes

594 4253 841 4326 habuisse
873 4259 1104 4325 regiam,
1138 4277 1291 4326 quatit
1323 4266 1506 4315 Urbem
1543 4253 1879 4322 Chlodov'eus
1918 4253 2162 4326 'I‘heotlo;

592 4322 703 4407 {iacti
728 4325 835 4407 lilio
864 4322 961 4379 Sno
991 4337 1114 4407 natu
1145 4322 1375 4407 maxime
1403 4337 1542 4407 rigui
1572 4349 1722 4401 caput
1743 4322 2163 4407 attribueratgt'n

594 4389 992 4449 'l'heodehertos
1053 4399 1372 4455 TheodOrici
1427 4389 1565 4456 filius
1611 4389 1727 4457 eum
1780 4389 2160 4467 Cah

594 4467 838 4537 morbum
895 4468 1194 4520 incurrisset
1226 4509 1242 4534 ,
1294 4473 1523 4524 Ithenios
1570 4488 1842 4531 revertens
1891 4482 1938 4530 in
1972 4484 2160 4537 itinere

593 4531 876 4606 defunctus
900 4545 982 4606 re~t
1007 4577 1020 4598 ,
1072 4548 1124 4589 ut
1155 4531 1373 4592 testatur
1405 4542 1726 4598 Fortunatus
1755 4549 1801 4599 in
1841 4549 1953 4603 Vita

593 4592 1030 4682 Gertt_iatii._lltttc
1073 4620 1222 4662 vetus
1269 4621 1452 4663 auctor
1495 4616 1582 4680 qui
1630 4592 1953 4682 S.Quinidii
2187 4592 2234 4648 D

593 4676 774 4754 nensis
802 4675 1033 4754 cpi-Copi
1065 4689 1209 4738 gesta
1241 4682 1475 4747 Scripsit,
1507 4675 1554 4734 ut
1585 4675 1853 4754 Cllln:(|Itl
1886 4694 1980 4742 sub
2002 4675 2157 4747 Chlo-

592 4742 903 4821 (lovei‘libis
943 4742 1291 4821 e_t_uepotibus
1320 4742 1470 4814 vix",
1497 4754 1686 4821 ubique
1709 4742 1969 4813 celebrent
1992 4742 2155 4818 fuisse

586 4823 682 4891 (.3in
707 4817 926 4891 nderet;
959 4816 1174 4870 Famam
1203 4823 1381 4891 ip~ius,
1417 4816 1614 4891 inquit,
1633 4826 1843 4880 Nonium
1869 4849 1966 4882 non
1985 4816 2152 4889 latuit,

588 4882 764 4958 Regna
808 4887 1072 4940 Gallorum
1098 4935 1110 4954 ,
1149 4882 1352 4945 ΙίΙιέηιιδ
1372 4882 1722 4958 ’τίιιηίψιεέιληι
1753 4906 1859 4950 suis
1887 4899 2156 4956 Germani-

583 4956 653 5026 cis
683 4959 882 5025 papnlis
1015 4977 1113 5010 non
1147 4972 1393 5015 lexeram.
1435 4956 1726 5017 Germanos
1759 4968 1973 5022 lllteinis
2005 4975 2154 5026 attri-

586 5025 701 5110 buit
727 5071 740 5093 ,
783 5030 923 5096 quod
975 5032 1045 5082 illi
1075 5034 1284 5098 regibus
1314 5037 1629 5110 Austrasizc,
1663 5040 1821 5110 ettius
1836 5045 1986 5110 regni
2023 5025 2149 5097 urbs

589 5094 911 5169 ilhemorum
941 5111 1054 5154 erat
1081 5094 1266 5169 caput,
1301 5106 1520 5169 subjecti
1552 5094 1750 5161 essent.
1810 5094 2151 5168 l-lisueonsen;
2200 5144 2207 5153 ι

587 5166 723 5220 tiuot
753 5182 901 5224 vetus
941 5166 1158 5236 auctor,
1187 5166 1274 5240 qui
1306 5166 1461 5228 Gesta
1498 5177 1820 5229 Francorum
1853 5184 1950 5233 sub
1983 5166 2148 5249 prima

586 5253 768 5322 regum
804 5253 1105 5322 nostrorum
1131 5249 1296 5311 stirpe
1321 5249 1636 5322 conscripsit
1663 5249 1925 5322 ,jltoriciv,
1955 5254 2151 5322 aliique

585 5309 840 5386 plerique,
870 5317 955 5378 qui
985 5309 1417 5368 Ithemossedein
1451 5320 1645 5386 regiam
1667 5309 1837 5371 fuisse
1871 5309 2149 5379 testantur.

591 5380 896 5446 Baronium,
932 5387 1196 5439 Petavintn
1219 5428 1232 5451 ,
1267 5380 1537 5439 (lointittni
1556 5391 1796 5454 aliosque
1828 5395 2152 5448 recentiores

585 5456 955 5516 praetermitto.
983 5459 1235 5524 Scaliger,
1273 5457 1407 5512 llad.
1441 5457 1682 5511 Valesius
1708 5469 1759 5510 et
1785 5461 1890 5522 alii,
1932 5460 2148 5517 (Mento:

548 5561 550 5564 ,
583 5531 692 5584 απτ,
726 5526 910 5595 είνθῗει
945 5526 1122 5577 Mena,-
1146 5571 1158 5592 ,
1190 5529 1336 5591 regni
1363 5529 1540 5579 sedi-tn
1576 5527 1740 5579 fuisse
1771 5533 2025 5595 scribunt,
2061 5550 2148 5586 rc-

584 5606 781 5661 gesque
804 5594 1133 5647 Mettensiuin
1167 5611 1219 5649 et
1260 5599 1578 5648 lihetnorutn
1613 5599 1916 5663 appellant;
1951 5612 2002 5652 et
2035 5605 2151 5664 qui-

545 5687 550 5692 -
585 5664 704 5715 deut
751 5680 907 5736 nemo
957 5669 1172 5720 inliciari
1207 5677 1413 5732 potest,
1461 5667 1738 5733 plerosque
1769 5685 1832 5721 ex
1868 5675 2150 5736 postremis

583 5734 870 5806 Au~trasi€o
917 5740 1126 5806 regibus
1170 5739 1308 5806 apud
1355 5736 1539 5790 Mettus
1587 5734 1922 5806 potissimum
1962 5757 2154 5800 conse-

579 5804 743 5864 disse.

2269 3301 2428 3354 meris
2455 3300 2749 3358 dicebatur.

2339 3432 2366 3470 ἀ
2393 3434 2542 3508 _Vi|la
2575 3436 2722 3508 regia
2737 3436 2812 3508 ad
2843 3435 3044 3490 Saltum
3076 3437 3288 3492 fluvium
3330 3439 3381 3492 in
3413 3436 3548 3508 pago
3577 3440 3843 3508 Pertensi,

2269 3503 2406 3581 haud
2437 3508 2612 3581 procul
2644 3503 2676 3558 a
2710 3507 3004 3581 Victoriaco
3028 3511 3246 3562 lncenso
3278 3511 3328 3562 in
3353 3503 3662 3581 Campania,
3684 3503 3841 3581 quam

2271 3573 2509 3639 Papirius
2558 3575 3156 3651 Massonusumalecum
3196 3573 3618 3651 _Po_nteflcaun:e
3648 3573 3840 3651 prope

2270 3645 2780 3719 Senonasconfudit.
2813 3647 2949 3719 7\"i_ile
2977 3647 3068 3700 lib.
3102 3663 3151 3700 Iv
3179 3649 3246 3702 de
3276 3647 3353 3703 Rc
3373 3645 3717 3719 diplomatica
3742 3645 3825 3708 ubi

2267 3714 2332 3765 dc
2365 3716 2596 3777 l’alatiis,
2624 3733 2768 3768 nunt.
2805 3716 2922 3769 H8.

2344 3797 2384 3861 ις’
2409 3786 2495 3861 Sic
2529 3785 2656 3861 Bell.
2684 3799 2741 3861 et
2769 3787 2912 3861 ilco:
2953 3803 3100 3861 cum
3122 3787 3285 3851 etlit.;
3337 3798 3391 3842 at
3431 3788 3618 3858 Corb.,
3653 3792 3838 3861 Regia.

2267 3854 2521 3920 etl‘.olb.,
2573 3857 2825 3922 Agricola.
2886 3857 2958 3910 De
3013 3858 3168 3911 Celso
3224 3874 3326 3912 non
3375 3861 3539 3912 semel
3599 3854 3839 3918 interius.

2266 3925 2410 3978 Obiit
2438 3925 2677 3998 ex_afarii
2709 3928 2974 3998 Chronico
3003 3944 3052 3980 ιν
3095 3929 3259 3982 Cons.
3294 3929 3480 3982 JuSIini
3505 3930 3760 3998 iunioris,
3793 3937 3838 3988 id

2265 4003 2345 4066 est
2395 4011 2480 4048 an.
2512 3993 2633 4046 570.
2685 3997 2864 4050 Silviae
2905 3998 3068 4065 ipsius
3110 4002 3293 4051 matris
3317 3993 3646 4066 epitaphium
3681 3993 3842 4059 refert

2265 4065 2526 4117 Cliesnius
2575 4075 2718 4117 tonio
2764 4067 2801 4128 Ι,
2836 4082 2954 4134 pag.
2987 4067 3109 4119 517.
3162 4068 3370 4124 Patricii
3399 4065 3573 4122 autem
3611 4075 3842 4137 dignitas

2266 4135 2316 4207 in
2347 4137 2660 4188 Guniramni
2695 4151 2902 4203 regnoa
2931 4138 3358 4204 Burgundionum
3390 4142 3602 4207 regibus
3636 4135 3845 4198 ileriva-

2266 4206 2374 4263 bat.
2410 4207 2493 4272 qui
2527 4221 2643 4259 cum
2675 4224 2790 4278 eam
2821 4212 2891 4261 ab
2917 4209 3324 4274 imperatoribus
3353 4206 3719 4278 accepissent,
3755 4231 3842 4268 eo-

2263 4291 2365 4342 que.
2397 4279 2608 4329 nomine
2637 4277 2855 4331 vocitari
2891 4282 3083 4344 saepius
3118 4277 3512 4334 deleCtarentur
3533 4324 3546 4345 ,
3577 4283 3647 4334 iis
3678 4287 3840 4338 etiam

2265 4347 2538 4421 exstinctis
2563 4389 2578 4411 ,
2609 4349 2695 4421 qui
2718 4358 2910 4421 postea
2939 4350 3037 4421 sub
3081 4351 3291 4417 regibus
3342 4353 3534 4404 nostris
3577 4353 3688 4405 illis
3724 4372 3845 4421 pro-

2261 4416 2447 4467 vinciis
2499 4417 2727 4480 νγωΐιιριὶ
2769 4430 2928 4485 sunt,
2981 4416 3191 4472 Patricii
3236 4435 3427 4473 nomen
3460 4432 3516 4472 ut
3551 4416 3839 4484 plttritnum

2265 4488 2448 4561 tulere.
2506 4485 2632 4561 Vide
2687 4489 2950 4542 Valesiuoi
3011 4489 3103 4561 lib.
3134 4505 3204 4561 χι
3239 4489 3434 4543 Iterum
3479 4491 3762 4561 Francic.,
3792 4506 3842 4550 et

2263 4555 2572 4623 Bignonium
2607 4557 2658 4610 itt
2692 4559 2781 4610 lib.
2814 4576 2826 4611 I
2855 4559 3085 4612 Marculfi
3129 4557 3390 4623 FormuI.,
3422 4577 3567 4612 nmn.

2339 4626 2355 4662 τ
2400 4631 2578 4679 Status
2604 4644 2698 4695 pro
2723 4637 2922 4682 statura
2955 4636 3116 4682 etiam
3165 4632 3303 4696 apud
3336 4644 3579 4685 auctores
3609 4650 3716 4687 non
3763 4635 3843 4688 itt-

2263 4695 2447 4759 limos,
2498 4712 2680 4750 sacros
2728 4710 2776 4751 et
2833 4703 3112 4765 profanos,
3154 4695 3408 4753 occurrit.
3441 4702 3567 4755 Vide
3597 4705 3840 4758 Glossar.

2261 4765 2426 4833 Cong.
2461 4777 2514 4819 et
2541 4780 2716 4821 notam
2747 4769 2852 4823 “275
2875 4774 2924 4822 in
2953 4787 3076 4822 nov.
3109 4773 3236 4823 edit.
3265 4771 3436 4824 sancti
3464 4773 3694 4825 Paulini.

2332 4847 2356 4882 ὅ
2396 4837 2567 4913 (3011ιῖ,
2605 4840 3000 4913 Mercatruilem.
3026 4841 3121 4913 ADe
3159 4841 3461 4909 Magnario,
3494 4859 3587 4896 seu
3629 4844 3840 4913 Magna-

2258 4905 2442 4959 chirio
2475 4911 2604 4959 infra
2631 4911 2721 4962 lib.
2750 4926 2801 4972 ν,
2834 4927 2952 4978 cap.
2991 4911 3076 4964 17.

2331 4985 2357 5020 h
2393 4988 2478 5039 Sic
2507 4988 2637 5042 Bell.
2672 4998 2724 5041 et
2757 4991 2916 5053 llec.;
2950 4990 3164 5057 [ti-gon,
3190 4990 3617 5046 Gundebaudum.
3652 4992 3832 5058 Colb.,

2261 5054 2652 5122 Gundebadum;
2680 5061 2788 5126 alii,
2823 5054 3238 5118 Gundebaldum.

2336 5147 2352 5184 ί
2396 5153 2526 5214 Quae
2556 5161 2849 5221 sequuntur
2879 5168 3042 5217 usque
3080 5152 3290 5206 ad-hmc
3320 5153 3486 5206 verba
3517 5154 3709 5221 capitis
3741 5169 3830 5209 se-

2258 5224 2495 5284 quentis,
2547 5219 2758 5274 Exactis
2789 5238 2820 5272 a
2848 5221 3058 5275 Leontio
3086 5224 3343 5291 episcopo,
3371 5219 3649 5277 desuut‘in
3683 5224 3833 5286 Bcc.,

2257 5291 2434 5356 L‘olh.,
2467 5291 2654 5358 Regni.
2683 5301 2736 5344 et
2763 5293 2888 5345 Bad.
2919 5296 3048 5358 Qua:
3071 5304 3246 5346 autem
3277 5294 3361 5345 hic
3389 5296 3654 5348 habentur
3675 5311 3836 5348 nemo

2258 5358 2451 5413 dixerit
2501 5363 2812 5425 interpolata
2835 5403 2850 5425 ,
2899 5380 3017 5415 cum
3048 5366 3128 5414 his
3172 5366 3384 5416 omissrs
3415 5373 3596 5418 textus
3625 5367 3693 5420 sit
3721 5369 3837 5421 evi-

2257 5429 2444 5483 denter
2469 5438 2687 5484 omnino
2717 5446 2934 5486 mancus
2962 5444 3015 5486 et
3036 5433 3386 5502 interruptus.

2328 5523 2342 5571 i
2389 5523 2473 5576 Sic
2500 5523 2659 5576 Corb.
2701 5541 2794 5590 pro
2844 5527 3229 5579 transmisso....
3276 5541 3487 5580 veneno.
3535 5526 3668 5582 Bell.
3707 5540 3833 5585 cum

2255 5589 2364 5657 od.,
2394 5593 2446 5645 in
2471 5605 2645 5656 potum
2665 5589 2708 5647 ei
2740 5595 2850 5647 duri
2881 5597 3091 5648 curavit.

2327 5678 2353 5756 ¹ξ
2393 5683 2479 5736 Sc
2506 5684 2661 5737 Corb.
2709 5687 2844 5753 Alii,
2897 5685 3281 5756 Austrigildem.
3335 5688 3486 5751 Apud
3517 5686 3718 5744 Chcsn.
3752 5687 3830 5745 al.

2256 5753 2445 5822 codex,
2478 5767 2806 5826 coyuomento
2829 5753 3147 5813 Bobilunam.
3181 5759 3340 5826 Bell.,
3372 5757 3647 5813 l-‘obillant.
