4028 6342
562 406 664 465 29!

1563 403 1621 462 S.
1659 400 1991 460 GREGORII
2032 398 2334 458 EPISCOPI
2376 403 2803 461 TERONENSIS

3743 400 3853 457 29⁸2

570 524 652 581 dis
680 538 783 579 uua
813 523 1115 595 reginarum
1148 524 1281 594 ejus,
1319 520 1531 576 nuntios
1573 521 1640 576 ad
1683 520 2143 577 Guntchramnmn
2176 518 2224 579 Α
2251 521 2368 589 guis
2400 523 2591 590 Opilius
2625 524 2931 578 destinavit.
2965 522 3098 579 Nam
3125 521 3439 579 Galsuintha
3466 530 3629 579 tetate
3661 523 3852 579 senior

566 633 749 688 regem
799 617 1021 689 dirigit,
1069 632 1129 671 se
1170 617 1308 671 ultro
1338 614 1569 670 offerens
1625 612 1967 669 matrimonio
2010 612 2145 681 ejus.

566 710 769 779 Quibus
800 726 890 765 rex
924 710 1021 763 hoc
1049 709 1279 764 reddidit
1320 710 1373 763 in
1424 708 1737 779 responsis:
1781 708 2054 762 Accedere
2083 707 2151 761 ad

566 815 653 855 me
682 802 727 855 ei
762 813 865 853 non
896 799 1073 869 pigeat
1098 812 1218 852 cum
1257 797 1525 852 thesauris
1574 798 1687 853 suis
1718 815 1732 852 :
1761 812 1858 865 ego
1884 798 2023 851 enim
2056 810 2148 850 ac-

566 893 760 960 cipiam
789 907 931 955 eam,
964 890 1261 960 faciamque
1289 905 1532 960 magnam
1564 891 1614 945 in
1647 890 1871 960 populis,
1920 898 1973 943 ut
2002 888 2150 943 scili-

566 990 651 1039 cet
678 984 879 1052 majore
910 998 1117 1038 mecum
1148 982 1353 1038 honore
1384 999 1545 1050 quam
1579 997 1699 1037 cum
1730 996 1984 1052 germano
2009 994 2147 1047 meo,

572 1074 661 1145 qui
690 1089 857 1144 nuper
878 1072 1165 1129 defunctus
1192 1082 1295 1140 est,
1324 1073 1577 1143 potiatur.
1604 1073 1673 1126 At
1703 1072 1788 1127 illa
1816 1072 2020 1140 gavisa,
2044 1071 2153 1124 col-

572 1167 726 1222 lectis
756 1166 1035 1234 omnibus,
1060 1166 1128 1221 ad
1170 1181 1298 1221 eum
1342 1165 1577 1234 profecta
1608 1173 1709 1219 est.
1754 1162 1905 1229 Quod
1928 1177 2153 1216 cernens

574 1275 668 1316 rex
700 1260 775 1314 ait
807 1278 819 1315 :
852 1260 1069 1315 Rectius
1099 1268 1183 1315 est
1221 1260 1389 1327 enim,
1422 1269 1475 1312 ut
1507 1257 1559 1311 hi
1613 1257 1851 1312 thesauri
1884 1271 2046 1325 penes
2069 1270 2154 1309 me

568 1350 886 1417 habeantur,
920 1367 1076 1421 quam
1106 1360 1223 1420 post
1255 1350 1382 1422 [ΕΛ.
1418 1348 1580 1421 apud]
1607 1351 1774 1415 hanc,
1798 1364 1916 1418 quae
1940 1347 2155 1415 indigne

565 1445 807 1515 germani
858 1443 962 1497 mei
1010 1444 1224 1497 tltorum
1272 1440 1460 1495 adivit.
1501 1439 1651 1494 Tunc
1701 1439 1893 1494 ablatis
1948 1438 2152 1507 multis,

571 1537 756 1605 paucis
787 1535 1011 1600 relictis,
1042 1534 1339 1589 Arelatensi
1364 1548 1480 1587 eam
1506 1531 1831 1587 monasterio
1854 1530 2152 1586 destinavit.

575 1626 702 1682 Ilaec
728 1640 857 1681 vero
880 1641 1023 1699 aegre
1064 1626 1409 1696 acquiesccns
1434 1624 1654 1694 jejuniis
1684 1638 1745 1678 ac
1772 1623 1969 1693 vigiliis
1992 1620 2131 1674 allici

573 1735 668 1789 per
698 1718 938 1775 occultos
967 1717 1179 1773 nuntios
1212 1717 1466 1771 Gotthum
1490 1713 1774 1785 quemdam
1805 1713 2027 1767 advocat
2048 1709 2157 1783 [Αι.

570 1809 780 1883 adivit],
809 1811 1127 1881 promittens
1148 1807 1289 1880 quod
1321 1808 1367 1862 si
1398 1821 1457 1862 se
1488 1807 1540 1861 in
1572 1805 1852 1875 IIiSpanias
1876 1804 2158 1859 deductam

2251 630 2409 684 quam
2453 615 2809 669 llruniehildss
2854 626 2986 671 erat.
3030 616 3159 683 Qua:
3205 630 3327 670 cum
3373 616 3436 669 ad
3463 615 3855 683 Cliilpericum

2252 721 2429 775 regem
2455 706 2709 767 venisset,
2738 722 2859 761 cum
2892 706 3075 775 grandi
3104 707 3309 762 honore
3330 708 3857 777 suscepta,ejusque

2251 806 2333 852 est
2365 798 2563 851 sociata
2593 798 2841 868 curnjugio
2872 817 2882 851 :
2916 813 2942 850 a
2975 813 3079 868 quo
3112 798 3271 852 etiam
3302 813 3498 868 magno
3528 813 3730 858 amore
3775 800 3859 853 di-

2255 891 2537 961 ligebatur.
2572 890 2849 945 Detulerat
2880 892 3024 946 enim
3057 906 3239 946 secum
3274 908 3496 962 magnos
3527 892 3854 949 thesauros.

2256 982 2361 1039 Sed
2393 998 2484 1051 per
2508 998 2743 1037 amorem
2770 982 3165 1053 Fredegundis,
3189 1000 3349 1054 quam
3385 986 3531 1055 prius
3563 984 3856 1047 habuerat,

2255 1086 2433 1130 ortum
2460 1084 2541 1130 est
2570 1076 2708 1130 inter
2732 1091 2823 1130 eos
2850 1076 3051 1144 grande
3076 1076 3406 1131 scandalum.
3441 1077 3556 1131 Jam
3603 1077 3761 1132 enim
3804 1079 3857 1132 in

2257 1167 2369 1235 lege
2392 1168 2656 1221 catholica
2685 1183 2943 1223 conversa
2973 1168 3165 1235 fuerat,
3195 1178 3249 1225 et
3282 1169 3572 1225 chrismata
3606 1180 3652 1224 ε.
3683 1168 3858 1225 Cum-

2257 1278 2361 1332 que
2381 1276 2438 1317 se
2461 1264 2573 1331 regi
2604 1271 2919 1332 quereretur
2950 1263 3167 1318 assidue
3213 1263 3435 1333 injurias
3464 1266 3743 1334 perferre,
3775 1265 3857 1320 di-

2259 1363 2513 1423 ceretque
2544 1354 2741 1409 nullam
2782 1370 2841 1409 se
2872 1354 3183 1423 dignitatem
3231 1369 3351 1410 cum
3401 1356 3589 1411 eodem
3624 1356 3855 1422 habere,

2262 1447 2413 1517 petiit
2453 1455 2509 1501 ut
2537 1446 2739 1501 relictis
2764 1446 3065 1512 thesauris,
3088 1461 3225 1516 quos
3247 1462 3431 1503 secum
3463 1448 3768 1513 detulerat,
3798 1450 3857 1502 li-

2261 1539 2445 1595 beram
2478 1539 2655 1594 redire
2695 1540 3029 1606 permitteret
3054 1540 3121 1593 ad
3148 1541 3400 1609 patriam.
3432 1540 3587 1607 Quod
3633 1541 3734 1595 ille
3767 1556 3857 1608 per

2265 1633 2473 1703 ingenia
2506 1632 2872 1699 dissimulans,
2899 1633 3085 1687 verbis
3110 1648 3226 1688 eam
3251 1632 3456 1687 lenibus
3482 1633 3766 1688 demulsit.
3786 1634 3860 1687 Ad

2267 1736 2568 1782 extremum
2596 1740 2716 1781 eam
2748 1726 3022 1796 suggillari
3062 1727 3217 1797 169
3236 1726 3396 1797 jussit
3422 1742 3451 1779 a
3482 1741 3653 1795 puero
3672 1770 3689 1793 ,
3717 1742 3862 1780 mor-

2271 1828 2521 1887 tuamque
2552 1818 2752 1885 reperit
2785 1818 2837 1870 in
2881 1826 3072 1872 strato.
3107 1818 3232 1872 Post
3276 1816 3429 1887 cujus
3464 1817 3672 1871 obitum
3728 1816 3864 1871 Dens

570 1905 819 1974 conjugio
848 1904 1142 1974 copularet,
1179 1917 1300 1958 cum
1341 1900 1610 1956 thesauris
1638 1900 1752 1953 suis
1781 1898 1847 1953 de
1891 1906 2160 1951 monaste-

2276 1911 2522 1967 virtutem
2574 1926 2823 1979 magnam
2865 1910 3123 1967 ostendit.
3153 1911 3407 1981 Lychnus
3433 1911 3577 1967 enim
3612 1912 3712 1966 ille
3732 1952 3750 1978 ,
3778 1913 3864 1981 qui

571 1999 653 2054 rio
692 1997 995 2068 egrediens,
1040 1994 1226 2050 libenti
1264 2008 1386 2048 eum
1415 1992 1594 2046 animo
1630 1999 1966 2061 sequeretur.
2010 1986 2163 2054 Quod

576 2091 690 2156 ille,
726 2090 855 2144 nihil
890 2088 1141 2143 dubitans
1170 2128 1185 2154 ,
1228 2086 1556 2155 repromisit.
1603 2082 1845 2152 Cumque
1898 2082 2013 2135 haec
2053 2079 2165 2133 col-

578 2179 732 2235 lectis
764 2179 923 2235 rebus
944 2218 960 2244 ,
993 2177 1257 2248 factisque
1284 2176 1510 2231 voluclis
1543 2173 1649 2246 [ΑΙ.
1692 2170 1946 2241 volucris]
1967 2213 1981 2235 ,
2007 2188 2034 2225 a
2062 2186 2167 2225 ete-

579 2274 740 2329 nobio
772 2282 988 2344 pararet
1034 2272 1257 2342 egredi,
1307 2266 1621 2338 anticipavit
1676 2266 2004 2321 voluntatem
2051 2264 2167 2333 ejus

579 2367 841 2424 industria
881 2366 1165 2421 abbatissa:
1188 2374 1213 2403 ε
1247 2382 1260 2419 :
1289 2362 1729 2434 deprchensaque
1783 2357 2004 2424 fraude,
2048 2371 2166 2413 eam

576 2461 812 2531 graviter
843 2473 1035 2515 caesam
1057 2456 1313 2513 custodia:
1337 2456 1646 2523 mancipare
1669 2451 1924 2521 praecepit
1942 2490 1955 2516 ,
1982 2450 2035 2503 in
2060 2464 2165 2519 qua

580 2565 749 2621 usque
776 2549 845 2605 ad
877 2550 1080 2604 exitum
1133 2548 1258 2602 vita:
1306 2546 1617 2614 praesentis,
1668 2558 1774 2599 non
1805 2542 2169 2599 mediocribus

582 2645 766 2701 attrita
794 2643 1149 2715 passionibus,
1180 2640 1506 2711 perduravit.

658 2754 873 2812 XXVII.
930 2754 1093 2808 Porro
1132 2752 1433 2822 Sigibertus
1460 2766 1587 2819 rex,
1624 2765 1745 2807 cum
1793 2750 1996 2807 videret
2025 2752 2169 2821 quod

584 2849 779 2906 fratres
820 2848 939 2918 ejus
984 2847 1227 2917 indignas
1273 2846 1491 2901 sibimet
1529 2860 1727 2901 uxores
1760 2845 2086 2914 acciperent,
2120 2853 2173 2901 et

583 2956 677 3017 per
724 2945 985 3000 vilitatem
1014 2957 1167 2998 suam
1209 2942 1372 2997 etiam
1422 2942 1646 2997 ancillas
1691 2942 1743 2996 in
1770 2944 2173 2997 matrimonium

587 3041 878 3104 sociarent,
915 3036 1234 3107 legationem
1284 3036 1338 3091 in
1386 3035 1697 3105 Ilispaniam
1737 3034 1937 3103 mittit,
1969 3043 2021 3089 et
2051 3048 2174 3088 cum

585 3131 764 3187 multis
786 3130 1097 3186 muneribus
1140 3127 1537 3183 Brunichildem
1562 3126 1905 3198 Athanagildi
1934 3126 2077 3197 regis
2106 3125 2171 3178 ii-

587 3223 709 3279 liam
738 3223 911 3293 petiit.
948 3223 1074 3276 Erat
1117 3221 1259 3275 enim
1304 3222 1478 3289 puella
1525 3220 1745 3290 elegans
1794 3233 1979 3288 opere,
2016 3219 2176 3289 168

2270 2005 2395 2060 fune
2423 2017 2719 2073 suspensus
2764 2018 2942 2058 coram
2987 2004 3236 2069 sepulcro
3276 2004 3393 2073 ejus
3422 2004 3685 2067 ardebat,
3719 2004 3864 2058 nullo

2271 2106 2541 2165 tangente,
2577 2096 2702 2150 fune
2732 2095 2977 2165 disrupto
3017 2098 3071 2150 in
3117 2096 3480 2165 pavimentum
3519 2095 3739 2151 corruit
3774 2115 3787 2148 :
3818 2106 3867 2150 et

2270 2186 2505 2259 fugiente
2532 2196 2657 2243 ante
2678 2203 2800 2243 eum
2829 2187 3027 2243 duritia
3056 2189 3370 2257 pavimenti,
3400 2197 3653 2260 tanquam
3690 2190 3749 2244 in
3777 2190 3869 2243 ali-

2274 2282 2416 2353 quod
2445 2282 2607 2338 molle
2638 2282 2965 2337 elementum
3017 2282 3314 2349 descendit,
3342 2293 3499 2353 atque
3545 2282 3771 2337 medius
3796 2292 3866 2337 est

2271 2374 2568 2438 sull‘ossus,
2630 2389 2729 2430 nec
2778 2376 2999 2431 omnino
3057 2378 3319 2430 contritus
3366 2375 3550 2444 :quod
3600 2391 3715 2430 non
3756 2376 3866 2430 sine

2272 2468 2463 2538 grandi
2497 2468 2517 2505 ί
2553 2468 2813 2524 miraculo
2862 2468 3169 2524 videntibus
3199 2469 3317 2524 fuit.
3348 2469 3461 2525 Rex
3504 2478 3692 2525 autem
3750 2484 3867 2525 cum

2274 2579 2391 2619 eam
2421 2572 2690 2619 mortuam
2719 2564 3006 2630 deflesset,
3031 2572 3152 2633 post
3177 2579 3376 2633 paucos
3409 2564 3526 2619 dies
3554 2565 3869 2635 Fredegari-

2275 2657 2393 2711 dem
2421 2658 2625 2728 recepit
2653 2660 2705 2712 in
2734 2658 3097 2714 matrimonio.
3130 2658 3257 2713 Post
3286 2656 3677 2728 quod‘factum,
3716 2674 3869 2727 repu-

2277 2760 2452 2807 tantes
2476 2752 2594 2821 ejus
2623 2751 2785 2824 [Βριι.
2810 2750 2881 2822 ei]
2909 2751 3123 2816 fratres,
3154 2750 3296 2821 quod
3328 2764 3421 2805 sua
3446 2740 3757 2806 emissione
3779 2766 3867 2805 an-

2277 2844 2474 2899 tedicta
2520 2844 2698 2911 regina
2735 2842 2897 2898 fuerit
2926 2842 3228 2908 interfecta,
3260 2858 3381 2899 eum
3427 2843 3494 2898 de
3537 2858 3715 2913 regno
3744 2844 3870 2913 deji-

2277 2940 2447 2992 ciunt.
2474 2937 2713 2991 Habebat
2736 2946 2914 2992 autem
2949 2945 3075 2991 tunc
3112 2936 3447 3006 Chilperieus
3490 2946 3601 2992 tres
3633 2937 3780 2992 ﬁlios
3808 2937 3872 2991 de

2278 3030 2565 3085 Audouera
2600 3030 2777 3099 priore
2801 3030 2982 3100 regina
3019 3046 3118 3085 sua
3154 3048 3166 3083 :
3200 3029 3251 3084 id
3284 3041 3365 3086 est
3404 3030 3866 3097 Theodobertum,

2279 3124 2432 3194 cujus
2462 3139 2623 3194 supra
2653 3123 2995 3178 meminimus
3037 3123 3185 3194 (Cap.
3220 3122 3333 3193 '23),
3374 3122 3761 3178 Merovechum
3801 3133 3871 3177 at-

2284 3234 2388 3289 que
2418 3218 2877 3274 Chlodovechum.
2902 3218 3008 3273 Sed
3037 3217 3104 3271 ad
3136 3226 3309 3285 coepta
3345 3216 3657 3273 redeamus.

588 3322 807 3370 venusta
832 3323 1071 3383 aspectu,
1100 3312 1322 3366 honesta
1345 3310 1584 3365 moribus
1607 3319 1768 3378 atque
1789 3308 2008 3371 decora,
2034 3323 2166 3377 pru-
2192 3303 2239 3367 C
2347 3310 2540 3365 XXIX.
2576 3310 2749 3365 Chuni
2784 3320 2809 3358 ις
2845 3326 2971 3365 vero
3000 3310 3191 3365 iterum
3222 3310 3274 3363 iu
3307 3309 3502 3364 Gallias
3555 3310 3753 3364 venire
3792 3324 3873 3364 co-

590 3405 722 3462 dens
750 3404 999 3469 consilio,
1026 3410 1080 3458 et
1110 3403 1304 3458 blanda
1350 3402 1639 3468 colloquio.
1674 3401 1845 3468 Quam
1878 3410 2029 3471 pater
2054 3401 2173 3470 ejus

591 3502 696 3552 non
720 3495 989 3566 denegans
1009 3534 1024 3558 ,
1053 3510 1175 3549 cum
1206 3493 1413 3563 magnis
1440 3492 1707 3547 thesauris
1747 3491 2020 3545 antedicto
2062 3491 2175 3560 regi

593 3591 909 3647 transmisit.
951 3588 1046 3644 lllc
1073 3603 1203 3643 vero
1229 3588 1566 3657 congregatis
1610 3585 1913 3641 senioribus
1954 3599 2173 3652 secum,

594 3683 908 3755 praeparatis
934 3681 1127 3751 epulis,
1160 3694 1281 3735 cum
1313 3679 1567 3733 immensa
1594 3676 1783 3732 lmtitia
1806 3684 1963 3745 atque
1985 3675 2177 3745 jocun-

594 3776 759 3832 ditate
789 3789 909 3831 eam
936 3773 1143 3843 accepit
1172 3786 1419 3827 uxorem.
1448 3772 1514 3824 Et
1543 3771 1664 3839 quia
1698 3770 1912 3824 Arianae
1940 3769 2042 3838 legi
2064 3770 2178 3825 sub-

593 3870 733 3943 jecta
764 3877 898 3937 erat,
931 3883 1026 3939 per
1054 3866 1484 3938 prmdicationem
1518 3864 1855 3920 sacerdotum
1876 3904 1891 3930 ,
1918 3872 2075 3933 atque
2101 3864 2179 3932 ip-

594 3963 705 4020 sius
752 3961 894 4032 regis
933 3959 1405 4017 commonitionem
1450 3956 1478 3995 δ
1522 3970 1813 4022 conversa,
1868 3955 2075 4011 beatam
2126 3956 2178 4010 in

593 4056 797 4111 unitate
818 4051 1063 4109 confessa
1087 4051 1401 4107 Trinitatem
1436 4049 1687 4115 credidit,
1715 4058 1873 4118 atque
1893 4047 2179 4104 chrismata

596 4156 699 4215 est,
730 4161 849 4214 qua:
873 4146 923 4201 in
954 4146 1173 4200 nomine
1201 4142 1410 4199 Christi
1438 4142 1697 4198 catholica
1726 4152 2032 4213 perseverat
2060 4151 2106 4196 ο.

669 4246 907 4303 XXVIII.
942 4246 1094 4314 Quod
1146 4244 1332 4300 videns
1381 4242 1720 4312 Cbilpericus
1752 4258 1874 4310 rex,
1918 4258 2037 4298 cum
2069 4244 2181 4312 jam

597 4340 778 4411 plures
802 4339 1026 4393 haberet
1054 4351 1281 4401 uxores,
1315 4349 1554 4391 sororem
1603 4334 1719 4403 ejus
1750 4334 2120 4391 Galsuintltam
2150 4337 2177 4374 ιι

598 4430 840 4499 expetiit,
871 4430 1191 4501 promittens
1222 4442 1314 4497 per
1346 4428 1548 4495 legatos
1585 4439 1643 4480 se
1672 4426 1803 4479 alias
1830 4426 2179 4483 relicturum:

598 4528 803 4581 tantum
833 4520 1153 4591 condignam
1201 4518 1327 4586 sibi,
1372 4518 1621 4589 regisque
1648 4516 1852 4585 prolem
1882 4528 2182 4575 mereretur

599 4613 862 4684 accipere.
879 4612 1038 4669 Pater
1067 4625 1195 4667 vero
1222 4610 1340 4681 ejus
1363 4610 1457 4664 has
1487 4609 1867 4679 promissiones
1888 4612 2179 4683 accipiens,

2276 3405 2558 3470 nabantur,
2587 3405 2847 3459 adversus
2876 3418 3011 3474 quos
3040 3402 3337 3469 Sigibertus
3365 3416 3485 3457 cum
3514 3403 3765 3458 exercitu
3794 3403 3869 3457 di-

2276 3499 2417 3567 rigit,
2463 3497 2664 3553 habens
2693 3512 2874 3551 secum
2921 3510 3166 3565 magnam
3208 3494 3605 3550 multitudinem
3637 3495 3871 3550 virorum

2281 3593 2514 3648 fortium.
2568 3590 2811 3661 Cumque
2859 3590 3149 3657 confligere
3198 3589 3473 3655 deberent,
3518 3588 3604 3641 isti
3656 3588 3875 3659 magicis

2279 3687 2481 3741 artibus
2504 3683 2766 3749 instructi,
2800 3682 3041 3737 diversas
3070 3681 3148 3737 eis
3182 3682 3436 3736 fantasias
3476 3682 3803 3747 ostendunt,
3828 3692 3878 3737 et

2279 3795 2377 3836 eos
2406 3780 2563 3835 valde
2604 3788 2880 3847 superant.
2934 3778 3196 3847 Fugiente
3238 3787 3413 3838 autem
3457 3780 3711 3834 exercitu
3742 3778 3878 3851 Sigi-

2283 3874 2441 3941 berti,
2467 3874 2579 3943 ipse
2607 3873 2842 3927 inclusus
2872 3886 2901 3924 a
2928 3870 3131 3925 Chtmis
3158 3870 3501 3936 retinebatur,
3534 3869 3639 3924 nisi
3667 3884 3879 3937 poszea,

2284 3977 2341 4022 ut
2361 3976 2476 4021 erat
2505 3966 2717 4035 elegans
2743 3974 2797 4019 et
2826 3973 3091 4032 versutus,
3124 3978 3260 4034 quos
3290 3978 3395 4018 non
3419 3963 3591 4032 potuit
3617 3978 3877 4033 superare

2284 4062 2478 4115 virtute
2499 4059 2689 4128 praelii,
2727 4056 2998 4125 superavit
3030 4067 3144 4111 arte
3170 4056 3421 4112 donandi.
3454 4055 3588 4111 Nam
3605 4056 3754 4112 datis
3776 4072 3881 4112 mu-

2284 4151 2505 4208 neribus
2537 4148 2709 4205 fmdus
2740 4162 2862 4203 cum
2908 4162 3036 4217 rege
3083 4147 3201 4225 iniit
3231 4144 3280 4213 ιι,
3313 4155 3370 4202 ut
3414 4147 3667 4204 omnibus
3694 4148 3885 4204 diebus

2284 4246 2408 4300 vitae
2443 4258 2553 4298 sua:
2591 4242 2736 4297 nulla
2775 4241 2913 4295 inter
2942 4254 3001 4296 se
3037 4241 3223 4309 praelia
3252 4250 3699 4297 eommoverent:
3734 4242 3885 4314 idque

2284 4340 2333 4394 ei
2356 4336 2523 4407 magis
2550 4335 2615 4389 ad
2646 4334 2878 4400 laudem,
2903 4348 3062 4403 quam
3103 4333 3169 4388 ad
3216 4333 3435 4404 aliquod
3483 4335 3769 4403 pertinere
3800 4348 3884 4403 op-

2285 4430 2559 4501 probrium
2579 4426 2722 4497 justa
2745 4426 2951 4481 ratione
2982 4434 3256 4496 pensatur.
3299 4425 3407 4482 Sed
3446 4434 3501 4480 et
3542 4442 3641 4480 rex
3672 4423 3885 4481 Chunoo

2288 4538 2407 4579 rum
2440 4522 2605 4579 multa
2636 4535 2859 4577 munera
2904 4522 3018 4591 regi
3065 4520 3336 4591 Sigiberto
3364 4520 3531 4575 dedit.
3577 4520 3888 4577 Vocabatur

2288 4626 2467 4675 autem
2499 4617 2747 4687 Gaganus
2782 4614 2798 4652 ί
2834 4632 2847 4680 ;
2896 4628 3084 4670 omnes
3123 4614 3267 4670 enim
3318 4627 3473 4685 reges
3514 4614 3696 4685 gentis
3749 4615 3887 4671 illius

596 4717 759 4775 tiliam
780 4731 953 4785 suam,
980 4717 1119 4774 sicut
1138 4714 1485 4782 anteriorem,
1516 4712 1763 4769 similiter
1791 4714 1890 4784 ipsi
1920 4730 2042 4783 cum
2070 4732 2187 4774 ma-
2215 4711 2269 4775 D
2295 4716 2395 4775 hoc
2418 4713 2755 4787 appellantur
2783 4710 3019 4767 nomine.

595 4856 759 4915 dovei
785 4870 851 4917 ex
874 4856 1038 4927 priori
1069 4870 1234 4927 uxore
1267 4854 1448 4919 tiliam,
1481 4867 1719 4927 sororem
1747 4853 2077 4927 Theudorici
2121 4864 2178 4912 et

595 4924 955 4986 Theodeberti
981 4926 1219 4982 amitam.
1246 4927 1321 4982 De
1347 4926 1647 4981 Chariberti
1674 4924 1821 4980 obitu
1843 4926 1961 4982 vide
1984 4926 2080 4982 lib.
2111 4928 2178 4985 de

594 5002 777 5060 Gloria
807 4997 1073 5062 Confess.,
1104 5012 1222 5067 cap.
1260 4998 1347 5052 19.

665 5082 693 5111 λ
713 5073 839 5129 Haec
863 5080 979 5125 erat
1000 5066 1208 5134 Liliola,
1236 5068 1392 5124 tertia
1416 5067 1518 5123 loci
1540 5066 1829 5133 abbatissa,
1855 5082 2012 5138 quam
2042 5084 2179 5140 prte-

592 5151 865 5201 eesserant
890 5141 1008 5196 dua:
1036 5140 1306 5193 Ctesariae.

664 5215 689 5253 δ
722 5216 812 5273 Sic
839 5212 993 5268 Colb.
1026 5211 1164 5266 Editi
1196 5211 1822 5267 habentcommotionem.
1857 5208 2014 5277 Bad.,
2039 5226 2175 5265 cam-

590 5287 897 5341 munionem.

665 5368 686 5395 ο
722 5358 809 5412 Sic
834 5356 1021 5423 Corb.,
1052 5355 1174 5409 Bec.
1206 5363 1258 5409 et
1287 5353 1444 5418 Bell.,
1474 5361 1527 5409 et
1572 5362 1719 5408 recte
1766 5350 2014 5421 quidem;
2050 5366 2173 5423 nam

590 5427 858 5481 scribente
886 5422 1142 5495 Gregorio
1165 5425 1336 5479 adhuc
1361 5426 1412 5478 in
1442 5425 1575 5478 vivis
1601 5433 1743 5495 erat,
1760 5438 1877 5491 qua:
1902 5436 2044 5476 anno
2069 5422 2173 5477 614

589 5496 852 5564 discerpta
884 5494 1168 5551 fuitIEtliti
1220 5497 1586 5563 perseveravit;
1632 5494 1812 5557 Colb.,
1869 5496 2171 5559 permansit.

592 5566 844 5637 Sigiherti
874 5576 928 5622 et
957 5567 1327 5622 Bruneehildis
1356 5567 1566 5636 nuptias
1594 5564 1881 5619 celebravit.
1913 5564 2174 5619 Fortuna-

591 5647 678 5692 tus
710 5637 845 5690 libro
878 5652 953 5700 vt,
987 5652 1152 5691 carm.
1188 5638 1242 5689 2.

659 5705 687 5747 ά
718 5708 902 5774 Corb.,
930 5707 1061 5763 Bell.
1092 5718 1143 5762 et
1173 5708 1331 5765 Freh.
1370 5726 1381 5763 :
1416 5709 1509 5775 al.,
1543 5706 1908 5775 Calsttaltdmlt,
1941 5715 1992 5761 et
2018 5705 2171 5776 infra,

587 5795 707 5835 nam
736 5778 1028 5833 Galsuenda
1062 5788 1209 5833 (etate
1244 5782 1437 5835 senior.)
1470 5800 1498 5833 [ι
1530 5779 1869 5834 Ιίίιωιιυὲιὲίςίσ
1899 5787 2029 5833 erat.

666 5860 688 5889 ε
724 5850 797 5906 De
822 5852 936 5920 ejus
983 5852 1212 5919 nuptiis,
1265 5852 1616 5909 conversione
1660 5860 1710 5908 et
1763 5859 1935 5906 morte
1980 5850 2173 5909 cecinit

589 5920 915 5982 Fortunatus
945 5936 1111 5981 carm.
1145 5924 1172 5975 Ἰ
1208 5921 1327 5979 libr.
1365 5937 1431 5976 vr.

2369 4855 2388 4896 ί
2433 4854 2539 4911 Alii
2570 4868 2689 4909 cum
2722 4852 2878 4921 edit.,
2904 4866 3110 4922 magno.

2359 4938 2385 4975 ε
2426 4926 2560 4982 Vide
2581 4940 2740 4995 supra
2772 4916 2891 4992 cap",
2921 4916 3013 4988 23',
3045 4929 3101 4977 et
3130 4920 3355 4995 Paulum
3396 4916 3546 4995 Diae.
3595 4918 3694 4995 lib.
3752 4934 3792 4975 tt
3822 4919 3887 4995 de

2286 5000 2460 5056 Gcstis
2488 4991 2746 5065 Langen,
2780 4991 2897 5062 cap.
2942 4995 3031 5061 It),
3066 4994 3153 5046 ubi
3182 4991 3367 5065 Chttni,
3389 4992 3484 5065 qui
3506 4998 3552 5044 et
3577 4992 3782 5065 (Icare:
3807 4993 3885 5046 di-

2284 5081 2496 5125 cuntur.
2531 5062 2775 5121 Valesius
2803 5066 2940 5119 libro
2974 5080 3026 5118 ιι
3072 5065 3268 5119 Iterum
3301 5063 3541 5118 Fraucic.
3575 5062 3755 5119 fusius
3784 5065 3890 5134 agit

2282 5142 2351 5197 de
2382 5139 2587 5195 Chnnis
2620 5138 2903 5201 Avaribus,
2941 5151 3101 5203 quem
3132 5136 3378 5190 consule.

2351 5215 2378 5249 h
2421 5213 2552 5266 Cod.
2581 5211 2795 5278 Regm.,
2832 5208 2997 5275 [terius
3024 5208 3158 5261 iniit.

2358 5284 2371 5320 ί
2419 5284 2505 5338 Sic
2536 5276 2696 5335 tiorb'.
2731 5289 2785 5332 rt
2818 5281 2938 5333 llee.
2988 5294 3108 5332 cttm
3156 5276 3311 5333 editis
3360 5276 3597 5347 aliquot;
3654 5277 3875 5348 Regm.,

2278 5354 2583 5427 Garganus;
2612 5351 2722 5415 alii,
2754 5349 3027 5473 Chayanus
3055 5358 3145 5403 aut
3168 5349 3425 5419 (laganus.
3459 5348 3568 5403 Mos
3600 5348 3689 5403 hic
3737 5350 3883 5404 Hun-

2278 5428 2361 5473 ιιίς
2396 5424 2679 5473 neculiaris
2707 5437 2813 5473 non
2886 5423 2979 5473 ttit.
3016 5430 3071 5473 ut
3100 5435 3285 5473 omnes
3333 5436 3444 5473 sua:
3488 5422 3665 5473 trentis
3723 5435 3883 5473 resres

2278 5428 2361 5481 nis
2388 5422 2679 5495 peculiaris
2707 5437 2813 5475 non
2864 5422 2991 5495 fuit,
3016 5430 3071 5474 ut
3097 5435 3297 5495 omne:
3333 5422 3665 5495 sutegentis
3723 5435 3884 5489 reges

2278 5489 2415 5551 idem
2449 5510 2642 5550 nomen
2679 5497 2900 5547 ferrent.
2941 5493 3028 5547 Sic
3058 5493 3185 5545 olim
3236 5489 3470 5561 {Egyptii
3500 5506 3656 5559 reges
3703 5496 3884 5560 primo

2284 5567 2610 5627 I’haraoncs,
2647 5575 2756 5618 tum
2802 5563 3071 5617 Ptolemmi
3100 5563 3273 5617 vocati
3315 5572 3460 5624 sunt,
3495 5563 3676 5616 Persa:
3720 5566 3884 5616 Arsa-

2284 5640 2433 5703 cidze,
2470 5638 2823 5691 Atheuienses
2871 5634 3199 5702 Cecropida,
3252 5631 3534 5699 :Ethiopes
3571 5632 3881 5697 Candaces.

2284 5708 2609 5778 langolm'di
2676 5708 2863 5771 Flavii,
2917 5718 3044 5767 ete.,
3084 5714 3155 5778 “ut
3200 5706 3439 5778 (laeseras
3484 5713 3537 5758 et
3606 5707 3884 5778 Augustos

2282 5776 2705 5849 pratia-mittam.
2753 5780 2838 5833 Sic
2892 5778 3047 5835 hodie
3082 5776 3367 5848 Presbyter
3398 5776 3635 5833 Joannes
3684 5777 3882 5834 dicitur

2281 5868 2373 5911 rex
2402 5852 2733 5921 .‘Ethiopmn,
2773 5860 2874 5904 etc.
