4028 6342
188 389 298 448 293

1162 383 1478 444 HISTORIA
1517 379 1963 441 FRANCORUM.
2003 369 2204 440 LIBER
2242 381 2584 452 QUARTUS.

3337 389 3442 448 3M

261 503 432 564 XXX.
473 501 766 577 Sigibertus
790 517 919 562 vero
945 516 1041 562 rex
1071 503 1437 559 Arelatensem
1465 502 1649 558 urbem
1669 504 1760 558 ca-
1787 501 1837 560 Α
1861 500 1965 558 sibi
1993 515 2310 572 propinquo,
2338 517 2457 558 cum
2485 501 2812 567 hominibus,
2846 503 3110 569 ecclesiis,
3143 507 3442 579 opibusque

189 610 319 670 pere
345 596 584 666 cupiens,
628 596 897 651 Arvernos
937 595 1265 651 commoveri
1301 596 1589 664 praecepit.
1640 595 1768 651 Erat

195 690 354 765 17o
382 688 524 744 enim
557 694 682 742 tunc
719 685 989 742 Firminus
1044 701 1226 742 comes
1273 684 1418 742 urbis
1464 686 1628 753 illius,
1679 685 1767 755 qul

192 798 315 838 cum
344 779 474 851 ipsis
502 780 554 833 in
585 777 756 848 capite
786 778 932 832 abiit.
965 777 1072 834 Sed
1102 786 1156 833 et
1203 777 1270 832 de
1320 777 1421 830 alia
1471 785 1622 840 parte
1658 774 1767 830 Au-

192 859 447 929 douarius
475 878 500 907 ει
527 883 648 925 cum
691 869 928 923 exercitu
954 867 1189 934 advenit,
1227 866 1556 938 ingressique
1584 866 1765 921 urbem

195 961 588 1024 Arelatensem,
637 967 968 1014 sacramenta
998 974 1092 1028 pro
1133 967 1286 1027 parte
1331 956 1580 1028 Sigiberti
1626 957 1766 1026 regis

191 1062 506 1126 exegerunt.
521 1051 672 1121 Quod
694 1051 1258 1107 cumGuntchramnus
1281 1066 1375 1105 rex
1394 1050 1763 1119 comperisset,

133 1197 145 1205 .
192 1145 407 1202 Celsum
423 1144 702 1214 patricium
715 1159 832 1198 cum
846 1143 1222 1212 exercituilluc
1242 1141 1452 1212 dirigit:
1481 1141 1768 1211 quiabieus

193 1235 550 1306 Avennicam[
578 1231 943 1305 Avenionem]
988 1233 1174 1288 urbem
1219 1233 1454 1288 abstulit.
1497 1233 1768 1287 Accedens

193 1334 374 1379 autem
404 1324 698 1390 Arelatem,
729 1333 784 1378 et
811 1322 1015 1377 vallans
1053 1338 1191 1390 eam,
1224 1324 1535 1395 impugnare
1563 1323 1768 1378 exerci-

192 1424 307 1470 tum
337 1415 611 1486 Sigiberti,
653 1414 744 1485 qui
770 1414 905 1470 infra
934 1429 1115 1469 muros
1154 1413 1549 1480 continebatur,
1581 1415 1765 1481 erepit.

193 1507 346 1562 Tunc
371 1507 651 1564 Sabaudus
677 1508 959 1577 episcopus
990 1507 1122 1562 dixit
1159 1505 1225 1560 ad
1263 1519 1357 1560 eos
1388 1523 1400 1558 :
1435 1505 1766 1574 Egredimini

193 1599 360 1668 foras,
385 1610 440 1656 et
477 1598 606 1654 inite
643 1609 934 1666 certamen,
966 1600 1086 1669 quia
1117 1613 1222 1653 non
1250 1597 1496 1667 poteritis
1523 1597 1624 1651 sub
1653 1612 1769 1653 mu-

193 1706 377 1747 rorum
407 1692 749 1748 conclusione
775 1693 1050 1762 degentes,
1082 1705 1257 1761 neque
1278 1705 1397 1757 nos,
1422 1705 1593 1760 neque
1623 1691 1768 1745 urbis

193 1783 353 1840 istius
378 1782 617 1852 subjecta
655 1783 962 1839 defendere.
994 1783 1146 1850 Quod
1176 1784 1221 1839 si
1248 1798 1342 1838 vos
1391 1783 1501 1837 Deo
1541 1783 1766 1852 propitio

1869 608 1931 648 ac
1950 592 2194 648 domibus
2230 593 2284 648 in
2313 593 2535 650 fluvium
2576 594 2701 660 ruit,
2735 595 3062 667 exclusaque
3100 599 3270 653 amnis
3299 599 3440 654 illius

1868 684 2066 753 littore,
2088 698 2224 754 aqua
2252 693 2546 741 retrorsum
2591 686 2759 755 petiit.
2796 687 2969 743 Locus
3015 689 3212 746 etenim
3261 688 3352 746 ille
3375 690 3446 745 ab

1868 786 2092 847 utraque
2124 785 2276 846 parte
2305 792 2336 832 a
2364 778 2634 834 montibus
2660 780 2942 836 conclusus
2983 791 3121 846 erat,
3152 780 3289 837 inter
3313 793 3447 851 quc.-

1867 883 1985 924 rum
2011 869 2290 940 anguetias
2330 879 2541 943 torrens
2578 870 2785 926 deﬂuit.
2837 872 3106 928 lnundans
3129 887 3257 942 ergo
3286 886 3443 942 supe-

1867 964 2063 1020 riorcm
2103 975 2328 1033 partem,
2355 979 2472 1033 quae
2499 964 2629 1032 ripae
2658 964 2917 1021 insidebat
2944 964 3004 1033 ιι,
3037 967 3244 1034 operuit
3286 975 3446 1034 atque

1867 1054 2083 1110 delevit.
2117 1055 2460 1109 Accumulata
2488 1054 2633 1108 enim
2678 1070 2814 1126 aqua
2862 1070 3146 1122 erumpens
3173 1056 3444 1121 deorsum,

1868 1145 2174 1214 inepinatos
2219 1146 2493 1214 reperiens
2544 1144 2806 1210 homines,
2851 1156 2908 1201 ut
2951 1147 3181 1216 desuper
3227 1147 3446 1214 fecerat,

1869 1239 2014 1308 ipsos
2058 1239 2321 1306 enecavit,
2366 1238 2555 1296 domos
2584 1239 2796 1305 evertit,
2843 1240 3082 1308 jumenta
3123 1241 3341 1307 delevit,
3394 1250 3448 1297 et

1868 1346 1987 1402 quae
2017 1339 2209 1386 cuncta
2251 1330 2521 1386 littoribus
2561 1331 2665 1386 illis
2694 1330 3026 1395 insidebant,
3070 1347 3239 1401 usque
3266 1333 3332 1388 ad
3358 1332 3448 1388 Je-

1873 1425 2066 1478 nubam
2107 1423 2121 1460 ί
2153 1424 2445 1490 civitatem,
2468 1423 2702 1479 violenta
2728 1431 2886 1495 atque
2906 1424 3078 1479 subita
3102 1423 3445 1480 inundatione

1870 1515 2095 1586 diripuit
2127 1524 2285 1585 atque
2330 1515 2609 1572 subvertit.
2653 1515 2900 1571 Traditur
2945 1531 2975 1570 a
3019 1516 3200 1572 multis
3247 1525 3442 1571 tantam

1869 1607 2172 1678 congeriem
2220 1607 2346 1662 inibi
2378 1622 2526 1677 aqua!
2567 1607 2762 1674 fuisse,
2796 1616 2854 1663 ut
2883 1608 2935 1663 in
2962 1609 3281 1664 antedictam
3319 1608 3446 1663 tiri-

1871 1706 2039 1753 tatem
2070 1713 2229 1768 super
2251 1713 2433 1754 muros
2470 1698 2851 1770 ingrederetur.
2900 1699 3050 1766 Quod
3088 1699 3306 1756 dubium
3340 1717 3443 1754 non

1867 1800 1970 1858 est,
1999 1792 2147 1862 quia,
2195 1800 2254 1847 ut
2282 1793 2530 1859 diximus,
2570 1793 2857 1850 Rhodanus
2905 1795 2957 1849 in
2989 1794 3118 1851 locis
3150 1795 3256 1852 illis
3307 1794 3446 1850 inter

196 1872 318 1928 illo‘s
353 1873 653 1939 devincitis,
693 1888 790 1929 nos
819 1873 978 1928 ﬁdem
1015 1888 1174 1943 quam
1213 1871 1552 1942 promisimus
1581 1881 1760 1928 custo-

1871 1884 2135 1953 angustias
2168 1884 2425 1938 montium
2456 1883 2658 1950 deﬂuit,
2689 1899 2786 1940 nec
2817 1884 2999 1940 habuit
3029 1887 3085 1940 in
3109 1887 3295 1954 latere,
3323 1901 3443 1942 cum

194 1967 402 2023 diemus
433 1983 448 2021 :
474 1967 518 2022 si
545 1981 673 2023 vero
701 1967 778 2022 iiii
816 1975 1000 2023 contra
1030 1982 1128 2022 vos
1159 1967 1498 2033 invalueriut,
1532 1981 1659 2023 ecce
1685 1981 1771 2024 re-

194 2069 397 2116 seratas
447 2060 723 2130 reperietis
767 2070 981 2131 portas;
1018 2061 1352 2130 ingredimini
1396 2077 1461 2116 ne
1515 2060 1765 2131 pereatis.

191 2150 308 2207 Hoc
329 2152 406 2207 illi
433 2153 556 2208 dolo
586 2151 778 2220 delusi,
805 2153 1006 2224 egressi
1034 2153 1176 2209 foras
1209 2152 1405 2210 bellum
1436 2162 1652 2223 parant;
1676 2153 1770 2208 sed

193 2250 428 2319 superati
458 2250 527 2304 ab
556 2259 792 2304 exercitu
822 2247 983 2314 Celsi,
1017 2247 1194 2317 fugam
1229 2249 1433 2314 ineunt,
1467 2248 1771 2303 venientes-

193 2357 297 2414 que
321 2341 388 2397 ad
416 2341 623 2407 urbem,
656 2340 846 2411 'portas
893 2342 1171 2410 reperiunt
1200 2340 1500 2397 obseratas.
1535 2338 1563 2379 ιι
1609 2340 1772 2394 Cum-

193 2448 298 2506 que
323 2435 589 2491 exercitus
627 2449 656 2488 a
688 2443 835 2504 tergo
856 2433 1049 2502 iaculis
1075 2433 1322 2489 feriretur
1354 2443 1410 2501 ο,
1442 2433 1769 2502 operiretur-

194 2541 299 2606 que
331 2525 592 2606 lapidibus
623 2525 688 2580 ab
711 2525 948 2590 urbanis,
978 2525 1044 2579 ad
1069 2540 1279 2580 amnem
1306 2524 1618 2580 Rhodanum
1644 2523 1771 2579 diri-

192 2605 550 2692 gunt,tbique
599 2627 798 2690 parmis
846 2619 1188 2689 superposrti,
1240 2619 1545 2673 ulteriorem
1597 2617 1765 2685 ripam

195 2720 477 2781 espetunt.
496 2710 604 2766 Sed
627 2710 821 2766 multos
847 2725 912 2766 ex
944 2709 1028 2765 his
1056 2708 1308 2764 violentia
1338 2709 1510 2763 amnis
1535 2708 1772 2776 direptos

186 2801 461 2871 enecavit,
493 2800 718 2872 fecitque
749 2801 1034 2856 Rhodanus
1055 2811 1177 2856 tunc
1221 2801 1496 2866 Arvernis,
1525 2799 1667 2870 quod
1694 2798 1772 2855 fe-

189 2893 333 2951 cisse
359 2891 626 2964 quondam
659 2891 852 2948 Simois
880 2889 907 2928 ά
943 2891 1136 2962 legitur
1166 2891 1232 2947 de
1254 2890 1499 2961 'l‘rojanis
1525 2906 1540 2944 :

972 3061 984 3080 .
1017 3064 1030 3078 .
1069 3065 1084 3079 .
1113 3064 1127 3080 .
1160 3062 1176 3078 .
1207 3023 1462 3093 Corrcpta
1491 3024 1591 3078 sub
1615 3025 1771 3078 undis

267 3094 424 3150 Scuta
459 3095 652 3160 virum,
682 3093 989 3165 galeasque,
1017 3104 1070 3150 et
1111 3094 1266 3148 fortia
1297 3109 1520 3164 corpora
1549 3094 1732 3148 volvit.

269 3167 540 3236 Appareut
573 3166 681 3221 rari
711 3175 900 3220 nantes
935 3166 986 3219 in
1013 3165 1218 3234 gurgite
1238 3175 1412 3236 lasto.

1010 3233 1181 3306 (Virg.
1213 3233 1429 3290 mitem.
1459 3234 1553 3290 lib.
1578 3233 1644 3303 ι.)

195 3347 294 3415 Qui
322 3347 408 3403 vix
436 3346 672 3410 natandi,
696 3355 756 3400 ut
791 3345 1044 3409 diximus,
1073 3345 1330 3415 impulsu,
1355 3359 1769 3416 parmarumque

193 3436 732 3510 sdjuti'adminiculo,
766 3437 958 3492 littoris
996 3435 1214 3491 alterius
1264 3439 1422 3506 plana
1461 3447 1771 3506 contingere

193 3528 610 3600 potucrunt.Qui
633 3527 814 3583 nudati
845 3527 1068 3594 arebus,
1091 3527 1157 3582 ab
1177 3527 1446 3597 equitibus
1469 3526 1573 3599 [ΑΙ.
1598 3529 1768 3600 equis]

191 3617 448 3684 destituti,
496 3633 602 3673 non
633 3618 747 3674 sine
795 3617 981 3688 grandi
1017 3617 1336 3672 contumelia
1367 3618 1552 3688 patriae
1614 3621 1770 3675 resti-

191 3709 444 3766 tutisunt.
468 3709 704 3765 Firmino
720 3717 894 3766 tamen
915 3719 937 3748 θ
963 3709 1334 3766 etAudouario
1354 3709 1661 3767 discedendi
1683 3713 1768 3768 via

191 3801 397 3856 indulta
429 3809 531 3857 est.
562 3801 710 3856 Multi
737 3802 813 3856 ibi
853 3811 979 3858 tunc
1005 3803 1108 3856 viri
1137 3817 1203 3858 ex
1230 3805 1508 3870 Arvernis,
1544 3819 1650 3860 non
1679 3819 1766 3861 so-

187 3896 304 3951 lum
345 3894 598 3950 torrentis
627 3895 826 3964 impetu
856 3894 1016 3962 rapti,
1056 3908 1241 3949 verum
1272 3894 1431 3949 etiam
1471 3896 1769 3965 gladiorum

187 3989 384 4047 ictibus
409 3996 535 4044 sunt
584 3987 856 4058 prostrati.
894 3988 1045 4058 171
1095 3987 1172 4042 Ac
1216 3987 1292 4042 sic
1337 3988 1770 4046 Guntchramnus

189 4098 295 4140 rex
327 4091 539 4154 recepta
567 4082 698 4138 urbe
725 4082 833 4147 illa,
858 4080 1014 4151 juxta
1045 4082 1485 4137 consuetudinem
1516 4085 1770 4139 bonitatis

189 4187 328 4240 suae,
362 4172 688 4229 Avennicam
719 4171 1010 4227 ditionibus
1041 4171 1220 4228 fratris
1249 4171 1268 4209 ί
1300 4174 1383 4228 sui
1414 4176 1662 4230 restituit.

267 4263 456 4320 XXXI.
496 4263 736 4336 lgituriu
783 4263 971 4320 Galliis
1003 4279 1252 4333 maguum
1309 4264 1604 4335 prodigium
1635 4275 1658 4315 ι
1704 4267 1772 4324 de

185 4356 514 4414 Taureduuo
543 4365 720 4413 castro
761 4357 1036 4426 apparuit,
1079 4355 1222 4427 quod
1265 4369 1426 4429 super
1451 4357 1771 4416 Rhodanum

186 4449 410 4507 ﬂuvium
441 4449 493 4505 in
519 4459 701 4506 monte
725 4451 1043 4506 collocatum
1069 4458 1201 4506 erat.
1235 4450 1339 4518 Qui
1369 4467 1490 4507 cum
1525 4467 1621 4523 per
1650 4455 1764 4511 dies

187 4542 424 4612 amplius
452 4544 725 4614 sexaginta
751 4543 932 4600 nescio
972 4558 1132 4614 quem
1161 4545 1420 4615 mugitum
1451 4547 1622 4616 daret,
1649 4555 1770 4604 tan-

1871 1973 1966 2028 fuit
1993 1975 2256 2039 exclusus,
2282 1981 2468 2045 quo’se
2492 1974 2782 2032 diverteret
2805 1992 2820 2032 :
2845 1985 3276 2048 commotumque
3299 1993 3451 2033 mon-

1869 2074 1977 2122 tem
2012 2067 2101 2136 qui
2134 2066 2483 2122 descenderat
2509 2067 2749 2123 adsemel
2793 2068 2990 2140 erupit,
3022 2078 3077 2124 et
3130 2071 3206 2126 sic
3255 2078 3448 2126 cuncta

1870 2156 2084 2212 delevit.
2119 2157 2270 2224 Quod
2295 2172 2414 2214 cum
2457 2157 2653 2214 factum
2681 2159 2888 2227 fuisset,
2921 2162 3137 2232 triginta
3180 2163 3450 2231 monachi,
3518 2149 3522 2152 ’

1869 2250 2011 2306 unde
2053 2260 2289 2305 castrum
2340 2260 2520 2306 ruerat
2564 2251 2916 2320 advenerunt,
2966 2261 3023 2307 et
3052 2261 3244 2308 terram
3276 2255 3452 2323 illam,

1870 2357 1989 2414 quae
2029 2351 2212 2398 monte
2239 2344 2485 2399 diruente
2516 2353 2874 2411 remanserat,
2907 2342 3188 2410 fodientes,
3225 2361 3301 2401 aes
3343 2347 3453 2402 sive

1871 2436 2072 2492 ferrum
2094 2438 2394 2508 reperiunt.
2424 2437 2575 2505 Quod
2598 2437 2727 2492 dum
2754 2446 2994 2506 agerent,
3020 2438 3276 2506 mugitum
3302 2453 3454 2493 mon-

1875 2526 1964 2593 tis,
1997 2535 2053 2581 ut
2082 2529 2230 2596 prius
2273 2527 2464 2593 fuerat,
2493 2527 2799 2582 audierunt.
2823 2527 2931 2584 Sed
2965 2527 3084 2582 'lum
3115 2543 3143 2582 a
3182 2541 3320 2584 saeva
3363 2544 3454 2584 cu-

1877 2620 2102 2690 piditate
2130 2620 2452 2687 retinentur,
2484 2636 2608 2690 pars
2666 2620 2754 2676 illa
2807 2634 2926 2690 quae
2967 2621 3200 2678 nondum
3257 2631 3453 2690 ruerat,

1880 2715 2032 2785 172
2079 2727 2242 2781 super
2270 2727 2363 2768 eos
2391 2712 2602 2778 cecidit,
2638 2725 2771 2782 quos
2809 2713 3019 2782 operuit
3047 2720 3205 2782 atque
3236 2712 3455 2769 interfe-

1871 2801 1967 2870 cit,
2001 2819 2098 2859 nec
2149 2803 2289 2858 ultra
2319 2804 2517 2858 inventi
2547 2811 2690 2858 sunt.
2740 2803 2995 2859 Similiter
3024 2813 3078 2860 et
3105 2811 3226 2861 ante
3251 2805 3453 2860 cladem

1872 2894 2189 2960 Arvernam,
2217 2907 2406 2962 magna
2437 2894 2714 2964 regionem
2759 2894 2902 2950 illam
2959 2893 3195 2964 prodigia
3245 2905 3451 2950 terrue-

1872 2993 2018 3040 runt.
2048 2985 2180 3039 Nam
2226 2986 2542 3054 plerumque
2589 2994 2700 3040 tres
2729 2993 2823 3040 aut
2869 2995 3097 3056 quatuor
3139 2986 3454 3056 splendores

1875 3076 2056 3147 magni
2097 3077 2242 3130 circa
2283 3077 2452 3130 solem
2499 3085 2886 3145 apparuerunt,
2919 3093 3052 3146 quos
3082 3078 3265 3132 rustici
3313 3078 3454 3133 soles

1875 3168 2161 3234 vocabant,
2191 3167 2432 3222 dicentes
2465 3184 2477 3220 :
2527 3167 2663 3222 Ecce
2697 3176 2804 3224 tres
2842 3169 2925 3223 vel
2979 3177 3204 3238 quatuor
3229 3170 3369 3225 soles
3398 3171 3451 3225 in

1797 3252 1844 3317 C
1873 3260 2033 3316 coelo.
2077 3259 2313 3326 Quadam
2345 3267 2522 3315 tamen
2561 3260 2679 3316 vice
2724 3261 2778 3314 in
2826 3259 3062 3316 kalendis
3110 3260 3450 3328 Octobribus,

1873 3353 1948 3407 ita
1976 3350 2057 3405 sol
2084 3352 2397 3406 obscuratus
2440 3351 2705 3422 apparuit,
2757 3359 2814 3406 ut
2853 3364 2953 3406 nec
2998 3358 3186 3420 quarta
3233 3349 3446 3420 quidem

1873 3455 1995 3512 pars
2018 3443 2071 3497 in
2107 3440 2294 3497 eodem
2319 3440 2502 3498 lucens
2528 3449 2848 3509 remaneret,
2876 3442 2972 3497 sed
2997 3450 3132 3497 teter
3159 3450 3319 3513 atque
3349 3441 3447 3498 dc-

1873 3537 2026 3591 eolor
2081 3550 2366 3606 apparens,
2427 3535 2580 3605 quasi
2631 3549 2821 3590 saccus
2868 3535 3162 3590 videbatur.
3212 3535 3343 3592 Nam
3399 3545 3454 3592 et

1872 3626 2049 3692 stella,
2099 3640 2258 3696 quam
2289 3623 2506 3695 quidam
2540 3633 2806 3680 cometem
2838 3633 3048 3695 vocant,
3081 3625 3286 3682 radium
3332 3636 3449 3683 tau-

1872 3733 2032 3789 quam
2056 3717 2287 3786 gladium
2330 3717 2548 3781 habens,
2578 3731 2741 3786 super
2764 3716 3035 3783 regionem
3064 3716 3205 3771 illam
3244 3733 3337 3787 per
3360 3732 3454 3772 an-

1874 3823 1998 3862 num
2025 3809 2286 3878 integrum
2313 3807 2580 3877 apparuit,
2624 3816 2677 3862 et
2703 3806 2899 3862 cmlum
2938 3807 3127 3863 ardere
3154 3807 3324 3863 visum
3349 3815 3450 3875 est,

1871 3909 1928 3956 et
1956 3901 2120 3956 multa
2161 3901 2266 3955 alia
2298 3900 2446 3970 signa
2496 3914 2814 3970 apparuere.
2849 3900 2907 3954 ln
2933 3900 3154 3955 ecclesia
3183 3915 3312 3956 vero
3351 3901 3452 3955 Ar-

1872 4009 2055 4064 verna,
2085 3994 2214 4048 dum
2263 3993 2540 4050 matutinae
2565 3993 2971 4048 celebrarentur
2997 3992 3190 4062 vigilias
3220 3993 3274 4048 in
3318 4008 3451 4062 qua-

1873 4085 1995 4139 dam
2053 4083 2364 4151 festivitate,
2410 4086 2523 4138 avis
2575 4083 2858 4154 corydalus
2893 4087 2941 4150 l,
3000 4098 3156 4153 quam
3208 4083 3451 4142 alaudam

1873 4191 2144 4241 vocamus,
2180 4179 2441 4248 ingressa,
2474 4177 2650 4232 omnia
2697 4177 2977 4231 luminaria
3019 4191 3139 4246 quae
3181 4177 3450 4249 lucebant,

1874 4269 1978 4324 alis
2005 4269 2373 4340 superpositis.
2394 4269 2447 4324 in
2479 4277 2623 4323 tanta
2654 4269 2934 4324 velocitate
2962 4269 3238 4338 exstinxit,
3267 4278 3325 4324 ut
3353 4286 3451 4342 pu-

1875 4368 2018 4417 tares
2049 4361 2190 4418 eain
2221 4361 2375 4416 unius
2405 4360 2637 4417 hominis
2665 4377 2824 4416 manu
2866 4361 3058 4431 posita,
3104 4375 3240 4431 aqua
3280 4361 3449 4421 fuisse

1874 4457 2148 4513 submersa
2181 4473 2196 4512 :
2229 4455 2284 4510 in
2310 4455 2544 4511 sacrario
2570 4464 2748 4510 autem
2775 4454 2873 4510 sub
2901 4455 3023 4511 velo
3051 4454 3342 4523 transiens,
3375 4456 3452 4512 ci-

1875 4547 2145 4603 cindelum
2175 4546 2198 4584 ¹ί
2229 4546 2568 4617 exstinguere
2593 4546 2781 4613 voluit,
2808 4547 2903 4604 sed
2930 4548 2998 4604 ab
3023 4551 3256 4607 ostiariis
3285 4548 3454 4620 probit

188 4633 321 4689 dem
349 4634 546 4691 scissus
575 4643 735 4704 atque
761 4643 1035 4704 separatus
1065 4648 1221 4690 mons
1247 4636 1338 4692 ille
1362 4635 1431 4691 ab
1454 4637 1560 4694 alio
1589 4648 1770 4696 monte
1799 4635 1851 4698 D
1873 4638 1982 4696 bita
2009 4647 2170 4710 atque
2197 4639 2371 4694 occisa
2403 4646 2503 4694 est.
2550 4637 2736 4696 Simile
2767 4646 2820 4696 et
2845 4639 2902 4696 in
2931 4640 3151 4699 basilica
3177 4643 3319 4700 beati
3342 4643 3452 4698 An-

273 4805 300 4836 ι
339 4791 427 4854 Sic
450 4804 557 4870 vet.
583 4810 750 4870 mssa;
774 4795 991 4870 Regm.,
1021 4773 1355 4868 Adovagrtus.
1386 4796 1547 4867 Editi,
1571 4797 1781 4855 Adoua—
1887 4815 2002 4854 cum
2025 4797 2080 4854 in
2107 4797 2424 4869 longitudine
2453 4796 2520 4853 60
2546 4798 2760 4853 millium
2779 4807 2826 4854 et
2854 4800 3122 4858 latitudine
3139 4802 3210 4857 20
3236 4803 3452 4861 millium

189 4869 330 4937 rius,
362 4877 452 4924 aut
479 4867 820 4922 Eudouarius.
864 4867 880 4870 ’
1201 4867 1209 4868 ί

191 4938 786 5063 ευέιὲιιιέθίοῐὲἶιυηωι·
812 4952 980 5009 usque
1012 4937 1125 4996 fere
1152 4938 1218 4993 ad
1249 4939 1407 4996 finem
1435 4953 1553 5011 cap.
1579 4941 1651 5062 ‘58
1679 4941 1776 4998 de-

191 5017 327 5068 sunt
346 5017 397 5064 in
429 5017 613 5080 Regm.
1579 5053 1582 5062 .

279 5091 302 5150 εξ
345 5080 554 5150 Aliquot
583 5094 711 5136 mss.
743 5095 863 5135 cum
891 5081 998 5146 ed.,
1033 5080 1311 5149 foderetur.
1356 5149 1361 5150 ί

1884 4871 1956 4925 ita
1981 4880 2140 4924 totum
2170 4870 2339 4942 movit,
2371 4876 2424 4921 ut
2450 4885 2689 4942 egressus
2733 4879 2943 4940 utraque
2980 4875 3096 4942 ripa
3135 4875 3271 4930 vicos
3318 4878 3453 4930 anti-

1881 4942 2150 5012 quissimos
2176 4956 2292 4994 cum
2319 4939 2608 4993 hominibus
2637 4949 2682 4994 et
2705 4939 2965 5010 pecoribus
3000 4939 3262 5010 vastasset,
3295 4946 3452 5002 etiam

1882 5011 2044 5066 multa
2071 5022 2394 5084 sacrosancta
2422 5011 2533 5063 loca
2561 5012 2766 5084 cumgeis
2792 5013 3120 5084 sentientibus
3139 5015 3448 5084 demolitur,

1881 5092 1931 5135 et
1962 5091 2166 5153 pontem
2195 5079 2534 5153 Genavacum,
2558 5081 2773 5153 melinus
2801 5091 2849 5136 et
2877 5082 3102 5137 homines
3125 5099 3214 5153 per
3234 5085 3332 5138 vim
3358 5079 3453 5140 de;

275 5147 303 5223 ξι
343 5147 667 5223 Ριυὺίμεγεει
697 5151 917 5223 '[roadis
937 5166 999 5206 ex
1023 5147 1117 5223 ina
1136 5161 1314 5206 monte
1335 5149 1590 5219 deﬂuens,
1615 5151 1774 5210 hodie
1867 5147 2014 5222 jecit,
2047 5160 2093 5206 et
2114 5150 2319 5205 Genava
2345 5152 2544 5205 civitate
2571 5151 2831 5220 ingressus
2857 5153 3029 5223 plures
3051 5147 3274 5208 homines
3296 5155 3453 5211 inter-

194 5237 234 5280 a
263 5222 452 5278 Turcis
479 5221 671 5277 dicitur
704 5220 948 5287 Chisime,
980 5223 1032 5275 in
1069 5221 1290 5291 Phrygia
1320 5223 1543 5276 minore.

279 5303 303 5332 ο
347 5293 483 5348 Editi
512 5293 746 5363 quidam,
783 5292 1078 5346 Firmino...
1111 5301 1327 5357 tantum,
1359 5302 1412 5346 et
1438 5293 1576 5348 infra
1611 5293 1775 5352 Corb.

195 5376 258 5425 et
286 5363 512 5429 Bellov.,
546 5363 725 5434 Magni
746 5364 814 5416 ibi
854 5372 971 5434 tunc
991 5363 1102 5434 viri.

280 5436 300 5475 ί
345 5435 433 5491 Sic
459 5447 590 5489 mss.
620 5433 852 5492 omnes:
902 5433 1140 5504 plerique
1186 5441 1360 5489 tamen
1407 5433 1532 5489 editi
1580 5435 1777 5493 habent

237 5509 387 5564 atris.

195 5527 444 5631 Paisniiic
490 5575 637 5630 locus
667 5573 883 5631 omnino
930 5576 1220 5631 illustratur
1263 5591 1324 5631 ex
1381 5575 1525 5631 Marii
1559 5577 1775 5632 Aventi-

199 5649 381 5704 censis
405 5647 676 5718 κριηοηίςο
700 5646 788 5700 ubi
817 5646 883 5718 de
907 5647 1092 5702 eadem
1134 5663 1192 5703 re
1222 5647 1297 5702 sic
1339 5647 1570 5718 loquitur
1601 5666 1615 5704 :
1659 5648 1774 5703 Hoc

201 5733 343 5774 anno
378 5717 530 5788 (565)
561 5733 703 5769 mons
747 5717 942 5771 validus
986 5718 1378 5772 Tilllrefttt‘lmlfiii
1416 5717 1476 5771 in
1523 5720 1772 5772 territorio

213 5790 439 5844 Vallensi
473 5789 546 5841 ita
572 5788 735 5850 subito
765 5789 884 5852 ruit,
925 5797 976 5841 ut
1002 5799 1221 5843 castrum
1245 5791 1325 5843 cui
1355 5791 1544 5843 vicinus
1575 5800 1700 5853 erat,
1726 5800 1773 5844 et

202 5862 342 5918 vicos
363 5876 476 5915 cum
511 5858 738 5916 omnibus
765 5857 834 5913 ibi
877 5859 1212 5918 habitantibus
1240 5862 1584 5933 Oppressissct,
1615 5871 1657 5918 et
1692 5863 1769 5922 ια-

1900 5224 2013 5277 'ect't.

1877 5224 2261 5363 fecitd’lcriqnc
2288 5291 2437 5357 editi,
2467 5291 2771 5363 insidebant.

1958 5363 1974 5401 ί
2019 5365 2107 5421 Sic
2134 5360 2295 5420 Corb.
2325 5371 2379 5417 et
2408 5363 2541 5416 Bell.
2574 5362 2712 5433 Εόριὶ
2741 5360 2977 5431 plerique
3020 5377 3138 5418 cum
3171 5365 3316 5433 Bec.,
3347 5367 3446 5423 Ja-

1881 5436 2262 5507 nobam.fColb.
2305 5443 2357 5507 et
2381 5433 2601 5507 Cltesn.,
2627 5431 2877 5507 Genuam.
2907 5433 3013 5488 Sed
3039 5433 3124 5490 hic
3153 5431 3445 5507 Genet/am,

1884 5506 2276 5600 Yl'!3°.§?.’1€”f’:
2308 5505 2571 5600 «terra
2614 5501 2951 5600 sentiam
3155 5515 3208 5562 ει
3233 5501 3445 5580 quidem

1880 5578 1930 5633 id
1955 5575 2007 5633 iit
2037 5578 2288 5640 Vallcnsi,
2321 5577 2366 5627 lc
2402 5575 2592 5636 Valais,
2618 5575 2855 5642 Contigit.

1858 5653 1866 5662 '
1952 5651 1963 5698 i
2014 5649 2170 5703 Corb.
2205 5656 2259 5701 et
2281 5648 2427 5710 llec.,
2463 5641 2780 5698 Corcdallus.
2807 5642 2982 5713 Coib.,
3019 5646 3343 5705 Coradallus.
3377 5650 3445 5708 V.

1876 5719 2223 5775 Allescrram.

1950 5789 1975 5827 ⁸(
2016 5790 2104 5845 Sic
2130 5786 2288 5842 Corb.
2323 5792 2376 5859 et
2408 5783 2673 5859 Bell.AAlii
2701 5793 2756 5841 ct
2780 5788 3018 5859 plerique
3044 5790 3194 5853 editi,
3222 5792 3444 5847 cicinde-

1876 5863 1997 5917 lem.
2023 5860 2208 5920 Nostra
2243 5855 2400 5914 lectio
2424 5855 2862 5920 contirmatur'ex
2895 5855 3008 5920 Vita
3048 5861 3105 5920 S.
3136 5862 3289 5934 Eligii
3324 5877 3354 5918 a
3384 5863 3451 5920 Si
