4028 6342
604 323 708 382 295

1602 315 1659 371 S.
1697 311 2030 371 GllEGOlill
2072 305 2374 365 EPISCOPl
2414 305 2844 364 TURONENSIS

3773 301 3874 359 296

600 441 783 496 dum.
803 438 870 494 de
898 436 1105 509 lychnis
1133 434 1452 500 lucentibus,
1484 431 1596 484 avis
1624 430 1726 483 alia
1748 429 1892 483 fecit.
1918 429 2034 482 Jam
2055 439 2185 478 vero
2213 424 2266 484 Α
2291 436 2383 489 per
2407 430 2700 473 orationem
2731 417 2964 472 remedia
2988 415 3317 472 conferebat.
3347 413 3448 509 Qui
3475 413 3576 470 sub
3600 412 3714 469 hoc
3743 422 3872 509 tem-

601 531 922 586 adveniente
964 532 1076 596 ipsa
1105 529 1275 593 clade,
1302 534 1444 580 tanta
1476 535 1679 593 strages
1724 523 1792 576 de
1846 521 2043 590 populo
2093 521 2183 573 illo

598 623 735 678 facta
767 633 850 677 est
875 637 966 687 per
990 630 1150 673 totam
1189 618 1458 685 regionem
1485 616 1655 678 illam,
1682 624 1740 666 ut
1768 627 1866 667 nec
1902 610 2180 666 numerari

621 822 705 860 am
736 805 994 874 sarcofagi
1023 813 1112 857 aut
1153 805 1342 856 tabulae
1371 801 1712 864 defecissent,
1749 801 1938 854 decem
1980 807 2074 852 aut
2113 811 2180 852 eo

597 899 820 966 amplius
851 897 902 951 in
948 912 1048 948 una
1078 895 1222 949 humi
1256 895 1396 948 fossa
1441 892 1857 961 sepeliebantur.
1893 891 2176 943 Numerata

595 1000 718 1043 sunt
739 999 909 1042 autem
947 986 1175 1054 quadam
1213 983 1482 1038 Dominica
1516 984 1566 1035 in
1595 997 1698 1036 una
1742 980 1881 1034 beati
1913 980 2052 1033 Petri
2085 978 2178 1033 ba-

599 1079 745 1132 silica
782 1076 810 1116 δ
863 1085 1094 1130 trecenta
1141 1076 1509 1129 defunctorum
1552 1088 1816 1139 corpora:
1869 1081 1985 1126 erat
2035 1073 2178 1126 enim

593 1177 643 1220 et
673 1167 783 1234 ipsa
815 1181 957 1219 mors
982 1166 1176 1218 subita.
1213 1164 1342 1217 Nam
1376 1172 1630 1217 nascente
1675 1164 1724 1215 in
1759 1163 1973 1230 inguine
2002 1173 2090 1213 aut
2122 1162 2175 1215 in

594 1260 787 1310 ascrlla
815 1258 1030 1311 vulnere
1081 1258 1132 1310 in
1165 1258 1384 1309 modum
1413 1256 1700 1323 serpentis,
1752 1255 1822 1308 ita
1869 1251 2178 1307 inlicieban-

590 1355 672 1401 tur
704 1348 944 1400 homines
977 1349 1049 1400 illi
1079 1358 1101 1386 ε
1140 1349 1291 1417 173
1341 1362 1370 1400 a
1403 1363 1627 1414 veneno,
1667 1356 1724 1400 ut
1752 1347 1836 1399 die
1866 1349 2032 1398 altera
2078 1353 2175 1399 aut

593 1440 747 1492 tertia
779 1438 1024 1506 spiritum
1074 1439 1403 1492 cxhalarent.
1457 1439 1561 1494 Sed
1620 1429 1678 1491 et
1723 1454 1939 1493 sensum
1972 1437 2052 1490 vis
2080 1437 2170 1491 illa

591 1527 782 1581 veneni
819 1528 1092 1582 auferebat
1128 1530 1194 1582 ab
1225 1531 1460 1583 nomine.
1513 1529 1660 1583 'l‘nnc
1691 1539 1745 1583 et
1783 1531 1916 1582 (lato
1949 1530 2170 1598 presby-

591 1630 672 1675 ter
697 1631 940 1676 mortuus
969 1632 1050 1676 est
1070 1620 1119 1675 ιι.
1167 1623 1296 1677 Nam
1327 1640 1446 1677 cum
1480 1624 1547 1678 de
1578 1624 1676 1678 hac
1705 1625 1789 1678 lue
1835 1624 1983 1677 multi
2014 1623 2175 1689 fugis-

591 1722 730 1775 sent,
760 1714 849 1768 ille
882 1724 1056 1768 tamen
1085 1716 1335 1784 populum
1364 1718 1652 1784 sepelieris,
1683 1726 1735 1768 et
1777 1716 1960 1768 Missas
1989 1715 2172 1767 dieens

2286 529 2413 583 pore
2465 515 2582 575 luis,
2631 513 2836 567 dierum
2887 518 3044 580 atque
3100 511 3352 564 virtutum
3400 507 3589 577 plenus
3640 522 3714 562 ex
3777 507 3869 563 hoc

2283 607 2482 660 mundo
2505 614 2586 660 est
2608 614 2908 673 assumptus
2939 604 2988 656 in
3016 604 3217 671 requie.

599 715 768 779 possit
813 678 1022 781 quanta:
1051 678 1566 765 ibidemveeciderint
1599 709 1857 777 legiones.
1904 705 2035 760 Nam
2059 719 2179 758 cum
2360 698 2516 769 17h.
2541 703 2558 721 '
2590 697 2824 751 XXXIII.
2871 696 3102 749 Transiit
3125 705 3250 748 tunc
3281 705 3335 748 et
3363 693 3526 749 abbas
3551 696 3866 749 monasterii

2284 790 2472 857 ipsius,
2488 790 2570 841 cui
2587 787 2897 844 Sunniulfus
2910 785 2934 822 ¹¹
2949 787 3224 850 successit,
3239 786 3319 839 vir
3332 787 3493 838 totius
3507 785 3866 851 simplicitatis

2280 891 2336 936 et
2361 881 2653 934 cltaritatis.
2698 879 2829 933 Nam
2875 881 3186 948 plerumque
3217 880 3486 948 hospitum
3538 881 3712 949 pedes
3765 880 3868 947 ipse

2279 975 2548 1039 abluebat,
2585 974 2930 1043 manibusque
2977 974 3090 1043 ipse
3133 974 3400 1040 tergebat;
3435 990 3601 1027 unmn
3639 983 3865 1040 tantum,

2280 1068 2418 1135 quod
2453 1085 2664 1138 gregem
2697 1069 3040 1121 commissura
3092 1083 3194 1120 non
3231 1069 3439 1124 timere.
3472 1065 3565 1120 sed
3601 1066 3866 1132 supplica-

2281 1160 2426 1214 tione
2458 1163 2696 1229 regebat.
2746 1162 2860 1229 Ipse
2906 1175 3114 1229 quoque
3146 1160 3347 1213 referre
3377 1168 3492 1212 erat
3529 1160 3753 1221 Solitos,
3783 1161 3866 1213 du-

2277 1260 2418 1304 etum
2465 1268 2522 1307 se
2574 1269 2666 1321 per
2716 1254 2884 1307 visum
2915 1253 2980 1305 ad
3012 1252 3273 1319 quoddam
3307 1251 3506 1305 flumen
3541 1253 3786 1320 igneum,
3817 1255 3860 1304 iu

2277 1359 2382 1414 quo
2412 1346 2478 1397 ab
2520 1362 2622 1398 una
2671 1357 2818 1413 parte
2869 1346 3061 1398 littoris
3105 1354 3492 1399 concurrentes
3539 1347 3729 1412 populi
3783 1363 3858 1398 seu

2276 1452 2403 1500 apes
2429 1438 2492 1488 ad
2523 1437 2753 1490 alvearia
2787 1438 3159 1506 mergebantur
3184 1456 3196 1490 :
3219 1446 3271 1490 et
3301 1447 3452 1491 erant
3483 1436 3575 1490 alii
3609 1452 3783 1504 u-que
3804 1439 3857 1488 ad

2275 1527 2567 1596 cingulum,
2592 1527 2680 1581 alii
2701 1543 2828 1582 vero
2853 1544 3019 1595 usque
3047 1528 3112 1581 ad
3144 1527 3391 1592 ascellas,
3423 1527 3677 1580 nonnulli
3708 1541 3860 1593 usque

2276 1631 2533 1685 mentum,
2561 1621 2851 1675 clamantes
2879 1636 2998 1673 cum
3047 1621 3172 1676 fletu
3200 1634 3259 1674 se
3301 1619 3663 1674 vehementer
3693 1619 3857 1672 aduri.
3903 1655 3911 1668 ..

2276 1711 2398 1764 Erat
2429 1716 2569 1766 enim
2593 1721 2646 1766 et
2672 1710 2790 1764 fons
2819 1727 2979 1780 super
3008 1711 3224 1765 fluvium
3255 1710 3455 1778 positus
3479 1710 3554 1765 ita
3588 1720 3858 1778 angustus,

592 1807 784 1861 Viritim
822 1815 877 1872 θ,
907 1823 1175 1876 nunquam
1207 1809 1272 1860 ab
1298 1823 1363 1861 eo
1395 1809 1511 1860 loco
1541 1808 1804 1861 discessit.
1853 1807 1948 1860 Ilie
1988 1815 2164 1860 autem
2201 1796 2243 1854 Β
2271 1814 2325 1856 ιιι
2354 1803 2436 1856 vit
2465 1803 2619 1856 unius
2652 1804 2854 1871 vestigii
2880 1804 3214 1856 latitudinem
3245 1804 3480 1868 recipere
3510 1812 3728 1870 posset.
3759 1804 3857 1865 Ap-

591 1899 867 1967 presbyter
893 1901 1070 1951 multa:
1105 1899 1468 1963 humanitatis,
1493 1906 1546 1951 et
1573 1900 1701 1950 satis
1723 1898 1949 1950 dilector
1974 1911 2173 1961 paupe-

592 2002 706 2045 rum
737 1990 830 2045 fuit
865 2010 878 2046 :
915 2003 970 2046 et
1008 1993 1168 2046 credo
1199 1991 1313 2044 lucc
1359 2005 1516 2044 causa
1557 1989 1626 2054 ei,
1663 1989 1710 2042 si
1739 1992 1862 2054 quid
1909 1987 2172 2056 superbia:

593 2088 794 2154 habuit,
826 2088 1274 2142 medicamentum
1319 2086 1438 2140 fuit.
1477 2086 1728 2138 Cautiuus
1755 2094 1929 2136 autem
1963 2084 2172 2150 episco-

592 2191 708 2244 pus,
762 2193 880 2231 cum
923 2179 1131 2232 diversa
1191 2179 1328 2244 loca,
1377 2177 1511 2230 hanc
1557 2176 1760 2230 cladem
1818 2175 2029 2246 timens,
2069 2174 2175 2226 cir-

590 2270 865 2334 cumisset,
897 2269 962 2322 ad
993 2270 1263 2322 civitatem
1296 2285 1572 2338 regressus
1619 2276 1722 2332 est,
1753 2274 1808 2320 et
1840 2268 1973 2319 hanc
2000 2265 2174 2318 incur-

591 2372 731 2421 rens,
764 2374 1050 2428 parasceve
1095 2359 1370 2413 Passionis
1410 2359 1688 2410 dominica:
1713 2356 1864 2412 obiit.
1897 2356 2027 2409 Nam
2061 2357 2171 2423 ipsa

591 2451 718 2501 hora
759 2461 811 2503 et
860 2450 1142 2504 'l‘etradius
1192 2451 1546 2502 consobrinus
1596 2448 1714 2516 ejus
1769 2457 2012 2501 mortuus
2065 2456 2169 2501 est.

592 2539 738 2594 Tunc
767 2551 820 2596 et
856 2542 1188 2609 Lugdunum,
1221 2543 1448 2604 Biturix,
1480 2541 1814 2594 Cavillonutn
1852 2539 1869 2576 ί
1897 2549 2055 2609 atque
2086 2540 2173 2594 Di-

592 2627 801 2682 vionum
832 2631 898 2682 ab
929 2632 1028 2683 hac
1059 2631 1367 2684 inlirmitate
1398 2630 1549 2685 valde
1579 2631 1901 2698 depopulata
1933 2639 2076 2683 sunt.

659 2722 676 2743 ‘
701 2718 919 2775 XXXII.
955 2723 1083 2775 Erat
1108 2730 1132 2767 8
1163 2733 1283 2776 tunc
1333 2723 1590 2790 tetnporis
1628 2722 1765 2788 apud
1817 2721 2170 2778 Itandanense

588 2810 968 2864 monasterium
995 2812 1230 2865 civitatis
1261 2812 1567 2867 Arvernicae
1599 2812 1876 2880 presbyter
1904 2813 2170 2879 praeclara:

586 2902 817 2965 virtutis,
854 2901 1101 2960 Julianus
1145 2903 1362 2957 nomine
1387 2945 1400 2967 ,
1432 2903 1514 2955 vir
1559 2917 1764 2969 magna:
1813 2902 2167 2970 abstinentiae,

585 2995 674 3064 qui
699 3010 873 3064 neque
903 2996 1083 3049 vinum
1131 3011 1304 3064 neque
1335 2996 1497 3047 ullum
1532 2997 1862 3062 pulmentum
1902 2996 2166 3062 utebatur,

583 3086 751 3140 cilicio
783 3088 924 3140 omni
955 3097 1193 3154 tempore
1221 3088 1321 3140 sub
1369 3088 1600 3140 tunicam
1635 3086 1854 3151 habens,
1886 3087 1936 3141 in
1976 3088 2167 3156 vigiliis

2277 1896 2496 1962 parebat
2521 1906 2698 1951 autem
2729 1907 2782 1949 et
2811 1895 2862 1948 in
2887 1896 2985 1949 alia
3032 1909 3178 1962 parte
3224 1896 3417 1950 littoris
3446 1896 3653 1948 domus
3683 1909 3861 1962 magna

2273 1989 2606 2041 extrinsecits
2652 1990 2916 2042 dealbata.
2967 1989 3111 2041 Tunc
3158 1989 3219 2043 iis
3267 1989 3353 2057 qui
3400 2004 3522 2040 eum
3577 2003 3650 2042 eo
3692 1999 3858 2053 erant,

2273 2081 2395 2148 quid
2426 2081 2526 2134 sibi
2572 2082 2684 2134 lucc
2711 2082 2875 2135 velint
2906 2082 3212 2148 interrogat.
3263 2081 3331 2132 At
3359 2081 3430 2133 illi
3463 2080 3770 2133 dixerunt:
3799 2081 3861 2134 De

2275 2171 2375 2224 hoc
2399 2172 2537 2225 enim
2565 2184 2723 2240 ponte
2749 2173 3185 2240 prmeipitabitur,
3216 2173 3303 2241 qui
3332 2174 3394 2224 ad
3428 2173 3859 2241 distringendum

2274 2268 2618 2318 Commissum
2643 2280 2858 2333 gregem
2887 2265 3047 2318 fuerit
3070 2271 3312 2332 repertus
3337 2264 3595 2332 ignavus;
3625 2267 3716 2332 qui
3748 2281 3859 2318 vero

2273 2367 2521 2412 strenuus
2563 2361 2740 2424 fuerit,
2790 2361 2903 2412 sine
2949 2359 3184 2428 periculo
3232 2357 3440 2422 transit,
3493 2367 3548 2410 et
3595 2357 3859 2411 inducitur

2272 2449 2425 2504 lrtus
2457 2451 2507 2501 iu
2537 2449 2754 2502 domum
2781 2465 2938 2518 quam
2978 2448 3244 2517 conspicis
3276 2448 3434 2501 ultra.
3479 2448 3611 2502 Haec
3644 2449 3858 2502 audiens

2273 2557 2302 2596 a
2327 2558 2515 2596 somno
2538 2545 2822 2610 excutitur,
2841 2542 3006 2596 multo
3029 2542 3282 2612 deinceps
3309 2543 3596 2598 monachis
3629 2549 3858 2598 severior

2271 2647 2556 2702 apparens.

2345 2729 2361 2746 '
2386 2722 2624 2778 XXXIV.
2656 2723 2790 2790 Quid
2812 2724 2970 2777 etiam
3001 2724 3136 2790 apud
3169 2723 3433 2791 quoddam
3466 2723 3854 2779 monasterium

2273 2827 2339 2868 eo
2381 2824 2618 2884 tempore
2668 2827 2843 2869 actum
2876 2815 2966 2879 sit,
3001 2816 3224 2882 pandam
3252 2831 3263 2866 :
3289 2830 3481 2867 nomen
3514 2824 3703 2868 autem
3749 2831 3853 2869 Ino-

2273 2905 2425 2958 nat-hi
2458 2906 2500 2972 ί,
2536 2908 2655 2974 quia
2688 2906 2950 2976 superest,
2986 2907 3245 2960 nominari
3294 2907 3439 2970 nolo,
3465 2924 3534 2961 ne
3577 2925 3702 2962 cum
3755 2911 3855 2964 haec

2272 2998 2466 3065 scripta
2494 2999 2556 3051 ad
2581 3016 2699 3052 cum
2729 3000 3083 3066 pervenerint,
3110 3014 3295 3053 vanam
3325 3002 3605 3055 incurrens
3640 3007 3851 3070 gforia

2272 3089 2556 3141 revilist-at.
2585 3091 2804 3155 Quidam
2831 3090 3044 3158 juvenis
3087 3092 3151 3143 ad
3197 3093 3581 3146 monasterium
3619 3097 3850 3162 veniens,

583 3178 804 3247 primus,
829 3179 881 3230 in
903 3180 1141 3232 oratione
1162 3178 1537 3232 assiduuszcui
1567 3181 1938 3245 inerguntenos
1961 3193 2168 3245 curare,
2199 3170 2245 3230 C
2277 3180 2451 3234 abbati
2483 3197 2540 3235 se
2579 3183 3002 3248 commendavit,
3037 3193 3091 3236 ιιι
3122 3185 3170 3236 in
3203 3184 3292 3236 Dei
3325 3187 3545 3238 servitio
3595 3189 3849 3257 degeret:

584 3282 756 3324 caecos
788 3270 1109 3335 illuminare,
1142 3271 1222 3323 vel
1253 3271 1486 3336 reliquas
1529 3269 1862 3322 infirmitates
1901 3269 2172 3337 depellere

585 3371 684 3426 per
732 3359 1120 3412 invocationem
1173 3360 1427 3413 dominici
1478 3359 1726 3424 nominis,
1761 3371 1812 3414 et
1843 3360 2168 3428 signaculum

581 3455 782 3500 sancta}
811 3448 982 3500 erucis
1013 3449 1166 3502 facile
1189 3459 1327 3502 erat.
1363 3450 1505 3501 Idem
1538 3465 1659 3502 eum
1691 3451 1880 3504 stando
1915 3451 2076 3518 pedes
2103 3452 2168 3507 ab

581 3536 805 3591 humore
836 3538 1058 3592 haberet
1091 3540 1337 3604 infectos,
1365 3551 1414 3592 et
1444 3542 1492 3594 ei
1528 3541 1817 3605 diceretur,
1850 3557 1945 3595 cur
1985 3554 2167 3597 contra

580 3629 982 3698 possibilitatem
1003 3632 1243 3698 corporis
1268 3646 1477 3698 semper
1503 3641 1688 3697 staret,
1707 3633 1886 3686 dicere
1908 3648 2024 3685 cum
2045 3633 2167 3701 joco

577 3726 835 3792 Spirituali
869 3735 984 3779 erat
1013 3727 1203 3781 solitus
1232 3744 1244 3778 :
1272 3728 1494 3780 Faciunt
1537 3742 1670 3795 opus
1718 3744 1924 3790 meum,
1959 3728 2081 3781 dum
2114 3739 2166 3784 et

576 3814 683 3867 vita
715 3830 896 3870 centes
949 3827 1049 3882 est,
1085 3833 1180 3871 nec
1231 3834 1316 3872 nte
1359 3834 1543 3872 eorum
1590 3822 1906 3874 sustentatio
1940 3821 2163 3877 Domino

577 3904 798 3973 jubente
826 3907 1101 3974 relinquit.
1133 3908 1264 3963 Nam
1296 3910 1528 3964 vidimus
1557 3927 1679 3964 ettm
1713 3912 1938 3978 quadarn
1973 3915 2085 3966 vice
2110 3913 2161 3967 in

581 3995 799 4051 basilica
833 3999 972 4052 beati
1028 4001 1223 4054 Juliani
1272 4004 1521 4072 martyris
1567 4003 1968 4071 inergurnenum
2002 4005 2162 4058 verbo

581 4095 783 4142 tantum
815 4106 1036 4146 curasse
1065 4109 1078 4144 :
1103 4095 1456 4161 quartanariis
1503 4105 1557 4150 ct
1601 4097 1719 4149 aliis
1755 4097 1989 4151 febribus
2019 4112 2162 4166 saepe

575 4222 833 4299 A_udoeno
855 4227 1016 4299 edita,
1045 4227 1285 4299 cap.7-l7,
1316 4230 1400 4281 ubi
1430 4233 1672 4284 vocabuli
1703 4232 1856 4299 hujus
1887 4232 2157 4298 significa-

576 4294 649 4365 tio
679 4297 964 4360 exponitur
1009 4294 1150 4348 toruo
1183 4297 1220 4347 ν
1271 4301 1514 4365 Spic‘leg.
1564 4302 1636 4352 De.
1690 4294 1822 4353 velis
1862 4294 2033 4355 autem
2067 4319 2155 4356 ec-

573 4363 854 4416 clesiarum
883 4367 1002 4418 vide
1036 4363 1595 4423 cardinalﬂBona'ltb.
1629 4387 1645 4424 ι
1676 4372 1742 4423 de
1768 4372 1950 4423 liebus
1985 4374 2157 4426 Litur-

573 4431 850 4553 ggcg,:ap.
885 4434 979 4499 25,
1010 4447 1063 4488 et
1091 4436 1362 4489 lllabtllon.
1393 4439 1488 4491 lib.
1532 4455 1548 4492 ι
1578 4443 1642 4494 de
1677 4440 1909 4512 Liturgta
1937 4442 2152 4508 Gallic.,

573 4515 692 4568 cap.
719 4515 771 4556 δ.

643 4580 667 4607 ἰ
709 4572 784 4652 lle
806 4575 910 4652 hac
940 4575 1248 4652 lihellustle
1273 4578 1512 4632 ecclesiis
1543 4579 1867 4652 Claromont.
1905 4598 2020 4652 cap.
2063 4583 2154 4638 5i.

573 4641 730 4694 Auno
762 4644 916 4710 llatl,
941 4663 966 4696 a
1003 4645 1272 4718 Willelmo
1294 4651 1493 4718 entnite
1521 4661 1573 4703 et
1598 4651 1860 4718 Delphino
1893 4641 2157 4709 Alvcrrtitc

573 4723 888 4791 reSIaurata,
926 4717 1115 4768 tradita
1162 4718 1256 4770 fuit
1288 4716 1910 4791 Prtetuonstratettsibus,
1946 4730 2018 4779 uti
2059 4727 2155 4779 ob.

570 4794 748 4834 servat
775 4787 906 4835 Sava
917 4802 995 4840 ro.

605 4921 616 4932 .
641 4849 669 4889 δ
712 4852 1172 4932 (ξοηριηυτθε-ρίίιη
1197 4858 1344 4932 fuere
1371 4860 1508 4927 apud
1535 4861 1986 4919 Clarummontem
2014 4869 2154 4922 Ι).ιεί-

583 4920 778 5001 lieres.
816 4920 974 5001 Petro
1004 4930 1214 4983 dieatw.
1249 4931 1342 4983 llic
1374 4920 1518 4984 locus
1546 4941 1611 4986 de
1644 4938 1926 5001 parueltiali
1957 4920 2153 4994 intelli—

574 4996 780 5070 gendus
809 5012 910 5070 est,
941 4999 1005 5050 de
1033 5015 1132 5066 qua
1165 5003 1404 5054 laudatus
1443 5004 1576 5055 liber
1609 4996 1726 5070 cap.
1758 5007 1811 5059 6.

573 5135 603 5146 __
645 5076 685 5146 ¢_
709 5067 990 5146 bella;
1021 5082 1073 5146 at
1099 5072 1256 5146 Corb.
1307 5086 1385 5146 et._
1415 5075 1533 5126 Bec.
1563 5067 1686 5127 cum
1734 5077 1948 5146 plerisq.
1983 5080 2134 5146 edin,

567 5138 637 5210 ita
669 5138 984 5210 inﬁciebutui'
1012 5143 1160 5192 homo
1193 5141 1297 5198 ille.
1333 5144 1450 5206 Alii,
1480 5148 1893 5210 mter/icieliatur.
1913 5138 2012 5203 IDe
2042 5138 2139 5205 hac

569 5207 719 5260 clade
763 5208 954 5261 Marius
987 5213 1036 5263 in
1068 5214 1329 5266 Chronico
1358 5216 1422 5266 ad
1453 5231 1538 5268 an.
1569 5207 1692 5271 57L
1726 5218 1784 5271 ν.
1831 5220 1922 5272 lib.
1954 5222 2018 5275 de
2045 5223 2140 5275 Mi-

569 5289 676 5348 rae.
707 5280 762 5329 ὃ.
797 5280 1038 5344 Jttliatti.,
1083 5299 1198 5348 cap.
1233 5284 1320 5336 «iii.

640 5344 666 5430 (ξ
700 5344 1244 5430 lienboc.presbytero
1288 5353 1405 5406 vide
1435 5370 1589 5430 supra
1617 5372 1730 5422 cap.
1769 5359 1800 5411 6
1829 5370 1879 5413 et
1911 5375 2061 5430 seqq.

612 5483 620 5492 _
645 5424 667 5450 θ
699 5415 852 5480 BelL,
881 5422 1031 5473 (Lolli.
1061 5415 1113 5476 ei.
1155 5427 1353 5491 aliquot
1385 5415 1536 5489 editi,
1574 5415 1802 5499 virilﬂer,
1832 5434 1972 5499 quod
1991 5415 2139 5488 'tllem

571 5482 655 5535 hic
685 5498 856 5540 Simul.
1242 5482 1256 5491 ”
1522 5482 1534 5489 ν
1677 5491 1722 5510 '

648 5553 788 5640 ἱείς.
813 5575 939 5640 tttss.
967 5575 1085 5614 Cum
1119 5564 1341 5630 Cltesn.;
1378 5566 1612 5635 plerique
1643 5569 1753 5635 ed.,
1784 5571 2138 5630 Curat/onum.

573 5624 949 5710 lfad.,ntjulzilo,
977 5646 1095 5710 rgum
1127 5650 1307 5710 revera
1331 5624 1540 5710 civitas
1567 5638 1650 5692 hic
1674 5624 2138 5710 tle'sigtizttur,_iloll

570 5694 806 5767 Cabellio
836 5694 1149 5767 I’rovittciae,
1185 5707 1336 5766 vulgo
1365 5707 1644 5763 Caecil/on.

642 5775 668 5814 Β
699 5766 811 5823 lloc
840 5783 999 5837 caput
1025 5782 1078 5826 et
1106 5766 1337 5841 quinque
1365 5782 1640 5844 sequentia
1683 5781 1873 5840 desunt
1902 5787 1951 5839 in
1984 5787 2139 5844 editis

2275 3272 2356 3324 cui
2390 3271 2476 3323 ille
2502 3288 2618 3324 cum
2658 3274 2818 3326 multa
2847 3273 3124 3342 objicerct,
3151 3276 3332 3329 dicens
3372 3277 3565 3330 durum
3598 3294 3725 3333 8:56
3753 3295 3851 3333 ser-

2273 3367 2456 3417 vitium
2486 3365 2624 3418 illius
2657 3366 2776 3430 loci,
2825 3382 2921 3420 nec
2962 3369 3178 3421 omnino
3224 3379 3364 3422 tanta
3411 3374 3586 3437 possit
3638 3373 3852 3439 implere

2273 3473 2465 3525 quaom
2515 3459 2560 3511 ei
2608 3460 3047 3529 iniungebantur,
3079 3477 3138 3516 se
3189 3462 3363 3515 omnia
3412 3463 3763 3529 impleturum
3809 3467 3851 3519 in

2272 3553 2487 3603 nomine
2537 3551 2741 3604 Domini
2792 3554 3097 3620 pollicetur;
3127 3554 3307 3623 sicque
3359 3555 3624 3608 collectus
3679 3569 3761 3610 est
3795 3558 3854 3610 ab

2269 3644 2477 3698 abbate.
2521 3646 2739 3697 Factum
2771 3654 2854 3698 est
2881 3655 3055 3698 autem
3090 3657 3207 3715 post
3250 3661 3446 3715 paucos
3475 3649 3620 3712 dies,
3652 3649 3780 3702 dum
3809 3652 3854 3704 in

2269 3733 2561 3788 humilitate
2591 3744 2748 3804 atque
2774 3738 3054 3791 sanctitate
3085 3753 3143 3791 se
3175 3739 3225 3790 in
3255 3739 3504 3804 oniu‘bus
3550 3741 3853 3798 exhiberet.

2268 3836 2325 3878 ut
2372 3827 2694 3893 expellentes
2742 3830 2985 3881 monachi
3036 3830 3188 3899 175
3236 3830 3301 3883 de
3351 3831 3540 3883 horrea
3586 3847 3854 3900 annonas,

2265 3917 2416 3984 quasi
2466 3932 2623 3970 CUIUS
2671 3927 2798 3984 tres,
2833 3921 2896 3970 ad
2950 3921 3117 3973 solem
3167 3921 3370 3974 siccare
3405 3934 3691 3990 ponerent,
3727 3941 3857 3993 quas

2266 4007 2390 4061 huic
2426 4018 2553 4061 cust~
2579 4009 2693 4062 dire
2737 4011 3070 4078 prtecipiunt.
3113 4013 3244 4065 Curti
3275 4025 3448 4067 autent
3483 4017 3856 4071 relieieitttbus

2263 4097 2401 4161 aliis,
2431 4097 2515 4151 hic
2547 4098 2610 4150 ad
2642 4101 2934 4170 custodiam
2978 4102 3237 4157 resideret
3265 4118 3513 4170 annonae,
3545 4106 3733 4160 subito
3768 4125 3856 4161 nu-

2261 4245 2312 4287 et
2343 4235 2400 4307 in,
2429 4252 2582 4299 mss.,
2617 4237 2856 4303 quamvis
2887 4238 2939 4291 in
2991 4239 3221 4307 capitum
3271 4239 3444 4296 iudice
3474 4242 3528 4294 in
3562 4259 3704 4299 mss.
3738 4246 3854 4298 Bee

2259 4306 2404 4380 censi
2434 4318 2485 4357 et
2519 4307 2951 4374 liegioutonteusi
3003 4306 3068 4362 et,
3106 4315 3156 4364 in
3202 4309 3433 4365 editione
3463 4328 3562 4380 per
3589 4315 3854 4368 Jutlocum

2261 4375 2480 4426 Badium
2517 4391 2795 4455 prpe-orata
2819 4380 3142 4455 iudicentur.
3173 4381 3226 4434 lit
3249 4375 3529 4455 vet.editis
3555 4396 3614 4437 et
3639 4389 3854 4455 scriptis

2260 4456 2377 4519 post
2425 4461 2541 4513 cap.
2574 4446 2634 4498 4i
2671 4459 2760 4502 aut
2805 4451 2893 4515 «5-9.,
2930 4451 3156 4505 habetur
3204 4466 3322 4519 cap.
3356 4454 3445 4507 47.
3500 4455 3631 4508 Ilico
3677 4446 3854 4510 aulem

2264 4517 2518 4592 habemus
2545 4533 2608 4570 ex
2641 4535 2739 4571 ms.
2768 4523 2888 4574 cod.
2914 4526 3053 4574 sacri
3089 4517 3393 4576 monasterii
3423 4524 3770 4592 Casinensis,
3795 4529 3856 4580 ab

2259 4603 2410 4638 annis
2433 4588 2532 4639 70U
2552 4601 2787 4642 exatatto.
2816 4593 2879 4644 Et
2899 4593 3110 4652 quidem
3134 4596 3304 4662 stylus
3323 4606 3373 4648 et
3399 4596 3543 4648 nmdi
3569 4588 3854 4662 laqueudi,

2257 4664 2846 4734 casuumtt‘tutationes,
2880 4662 3018 4715 sicut
3045 4675 3096 4734 et
3127 4680 3188 4717 ea
3220 4680 3339 4732 qum
3386 4666 3581 4732 complc
3607 4681 3853 4734 etuntur,

2255 4727 2498 4796 Gregorii
2535 4733 2699 4784 nostri
2730 4733 2938 4797 genium
2966 4733 3208 4801 sapiunt;
3238 4727 3419 4787 Vitam
3451 4727 3629 4791 salicti
3667 4727 3855 4794 Nion-lii

2253 4812 2281 4849 a
2310 4815 2368 4851 se
2401 4803 2514 4877 ipso
2545 4805 2793 4877 scriptam
2849 4805 3024 4856 laudat
3073 4821 3191 4872 cap.
3221 4804 3309 4858 56.
3344 4805 3717 4862 lianilaltense
3749 4827 3855 4863 mo-

2254 4874 2827 4946 nasterium_dirutnnt
2880 4884 2992 4946 ea;
3033 4885 3100 4946 fat
3149 4892 3331 4936 vicus,
3383 4878 3541 4946 vulgo
3597 4879 3853 4945 Raudan,

2253 4954 2444 5016 nomen
2474 4942 2685 5016 retinet,
2707 4944 2860 5008 paulo
2880 4944 3012 4998 iul't'a
3031 4945 3185 4999 Dom:
3205 4957 3258 5001 et
3277 4942 3516 5001 Elat'er‘is
3537 4942 3852 5006 conﬂuunt

2250 5013 2382 5062 situs
2413 5027 2460 5072 a;
2484 5013 2549 5063 ud
2581 5017 2869 5068 Arvernos.

2322 5078 2348 5116 ιι
2385 5081 2512 5133 Bad.
2550 5088 2598 5134 in
2633 5087 2817 5148 titulo,
2849 5083 2925 5136 De
2960 5086 3283 5154 Symnulplto
3330 5088 3534 5143 abbate.
3569 5090 3772 5152 Restm.
3805 5101 3854 5145 et

2247 5150 2395 5214 Bec.,
2415 5155 2475 5204 de
2499 5155 2794 5224 Samum/{0
2816 5150 3297 5222 abbaleflijnsitodt
3323 5160 3556 5214 visiones
3586 5150 3854 5217 habentur

2247 5224 2298 5276 in
2327 5230 2472 5275 Actis
2501 5228 2597 5276 SS.
2631 5226 2901 5291 Perpetua:
2931 5238 2983 5280 et
3015 5228 3319 5282 Felicitatis.

2325 5295 2433 5372 lin
2476 5298 2822 5372 capitulorum
2867 5299 3036 5372 indice
3063 5299 3113 5351 in
3155 5316 3281 5352 mss.
3309 5301 3436 5354 etin
3478 5301 3609 5354 Bad.
3662 5306 3857 5372 legitur

2256 5367 2315 5417 de
2354 5363 2729 5433 Burdcguleusi
2775 5369 3037 5422 monac/to.
3105 5373 3286 5423 Simile
3343 5374 3540 5425 factum
3584 5363 3776 5428 eaStat
3809 5391 3855 5426 in

2254 5436 2518 5513 l)i:tlo;,'01
2553 5439 2768 5504 Sulpicii
2816 5441 3018 5504 ὃνγριι,
3051 5455 3182 5513 cap.
3215 5442 3267 5502 .7),
3321 5445 3408 5494 ubi
3460 5449 3635 5499 abbas
3690 5447 3856 5513 tirgis

2251 5508 2382 5580 trttzili
2425 5513 2579 5571 plssit
2631 5514 2991 5580 pitet'tttti,qtti
3039 5512 3274 5576 aspidem
3328 5513 3379 5566 in
3436 5517 3597 5580 pallio
3653 5508 3856 5569 tulerat

2253 5578 2486 5642 illufsus;
2521 5590 2568 5627 ιιι
2602 5581 2831 5631 tliscitret
2881 5579 2986 5630 Deo
3013 5581 3062 5631 iu
3091 5584 3376 5634 lumtilimte
3416 5578 3630 5648 servire,
3661 5605 3772 5639 non
3804 5590 3854 5637 in

2249 5649 2405 5717 signis
2431 5659 2474 5700 et
2499 5649 2769 5725 riualibus
2796 5651 3028 5717 gloriari,
3053 5653 3169 5718 quia
3204 5655 3382 5707 melior
3409 5667 3534 5709 esset
3563 5659 3854 5725 inﬁrmita-

2250 5722 2313 5772 tis
2339 5721 2666 5782 conscientia,
2698 5723 2936 5776 virtutum
2965 5724 3197 5778 vanitate.
