4028 6342
162 389 269 450 297
1093 372 1419 435 HISTORIA
1457 364 1912 431 rnsnconuu.
1950 366 2157 426 LIBER
2193 348 2539 440 QUARTUS.
2582 398 2583 401 γ
3329 368 3457 428 εθθτ

166 508 392 563 bilatum
420 501 504 555 est
547 506 765 561 coelum,
793 497 849 549 et
890 502 1019 547 ecce
1057 488 1232 545 Imber
1274 486 1481 544 validus
1507 498 1631 541 cum
1659 497 1750 539 ru-
1775 482 1832 547 Α
1857 489 1915 538 ιιι
1959 483 2162 539 scilicet
2208 484 2351 553 quod
2382 480 2589 539 meritis
2632 470 2875 538 obtinere
2901 493 3011 539 non
3040 490 3271 552 poterat,
3300 498 3437 555 praed

168 610 323 655 more
348 590 493 647 venti
524 587 748 644 festinus
776 583 843 640 ad
873 596 1104 638 annona:
1131 580 1437 650 congeriem
1464 574 1751 647 appropin-
1858 574 1982 632 miis
2004 575 2291 632 obtineret.
2309 577 2439 631 Erat
2458 574 2671 646 quidem
2693 574 2909 647 elegans
2928 574 2982 629 in
3002 575 3437 645 conversatione,

168 686 367 759 quabat
389 699 405 738 :
428 680 839 753 quod‘cernens
882 672 1205 739 monachus,
1234 670 1361 741 quid
1395 682 1577 739 agere,
1618 667 1749 738 quid

1899 670 1952 727 ed
1981 684 2087 725 non
2115 677 2230 725 erat
2260 679 2438 725 castus
2478 669 2531 725 in
2561 683 2755 740 opere;
2787 676 2844 726 et
2872 668 3189 741 plerumque
3217 668 3444 725 inebria-

172 782 355 837 facere
400 775 693 834 nesciebat.
744 771 1000 828 Tractans
1048 778 1226 824 autem
1271 764 1412 837 quod
1446 764 1494 820 si
1533 770 1758 819 caeteros
1857 762 1952 818 bat
1994 760 2272 829 barbaros,
2304 761 2399 817 sed
2428 775 2552 819 raro
2592 760 2869 820 reﬁciebat
2894 776 3124 833 egenos;
3148 770 3223 829 et,
3255 763 3443 831 credo,

171 880 416 935 vocaret,
467 882 579 941 prae
629 862 969 921 multitudine
1012 862 1114 917 hoc
1161 858 1455 917 recondere
1482 855 1537 912 in
1566 854 1761 912 horrea

173 979 285 1020 non
313 961 569 1027 valerent,
599 962 792 1014 cuncta
838 952 1150 1025 postposita,
1180 950 1250 1006 ad
1297 949 1593 1006 orationem
1630 961 1765 1003 con-
1804 998 1813 1001 ς

1863 852 1978 909 haec
2020 866 2181 909 causa
2224 851 2453 919 obstitit,
2482 861 2542 909 ut
2579 867 2686 909 non
2730 853 3016 923 obtineret,
3048 852 3172 925 quia
3202 868 3309 909 non
3347 868 3450 924 per

1864 946 2032 1002 Deum
2062 946 2156 1002 sed
2182 960 2280 1017 per
2307 945 2552 1002 homines
2571 946 2797 1017 adipisci
2837 947 3006 1003 voluit
3043 947 3145 1002 hos
3185 946 3449 1004 honores.

174 1056 430 1123 vertitur,
486 1050 770 1107 Dominum
816 1046 1141 1117 deprecans,
1195 1055 1265 1099 ne
1321 1054 1481 1111 super
1530 1037 1767 1095 triticum

177 1145 313 1203 illud
358 1142 545 1201 imbris
591 1140 737 1196 illius
781 1146 928 1209 gutta
977 1133 1349 1193 descenderet.
1380 1130 1534 1199 Quod
1562 1142 1767 1186 cumse

179 1248 342 1296 terrae
387 1234 644 1308 dejiciens
683 1240 954 1299 exoraret,
981 1229 1155 1285 divisa
1198 1237 1282 1284 est
1320 1226 1512 1296 nubes,
1542 1236 1595 1282 et
1624 1225 1770 1279 circa

180 1344 448 1385 annonam
495 1327 673 1396 pluvia
719 1324 873 1380 valde
920 1321 1112 1377 dili'usa
1153 1328 1258 1388 est,
1291 1318 1495 1375 nullum
1545 1329 1772 1388 granum

182 1421 368 1489 tritici,
397 1420 441 1476 si
485 1418 590 1475 dici
634 1417 718 1473 fas
762 1422 881 1483 est,
913 1414 1250 1470 ltumectans.
1296 1413 1537 1483 Cumque
1581 1406 1775 1480 reliqui

180 1512 432 1570 monachi
458 1525 578 1567 cum
607 1508 801 1565 abbate
827 1506 943 1563 haec
972 1504 1393 1571 consentientes,
1421 1501 1679 1558 velociter
1713 1507 1772 1556 ut

188 1620 459 1679 annonam
489 1603 799 1676 colligerent
824 1602 1194 1666 advenissent,
1225 1596 1454 1655 cernunt
1482 1597 1589 1652 hoc
1615 1595 1777 1651 mira-

183 1699 385 1765 culum,
413 1696 851 1768 requirentesque
884 1692 1183 1759 custodem,
1213 1690 1595 1759 inveniuntque
1621 1688 1776 1761 [Leg.

188 1788 495 1861 inveniunt]
510 1788 648 1845 haud
666 1786 847 1858 procul
871 1800 1048 1841 arena:
1072 1783 1338 1855 dejectum
1351 1790 1612 1838 orantem.
1625 1780 1779 1847 Quod

1864 1037 1974 1095 Sed
2000 1053 2100 1095 nec
2126 1037 2259 1094 illud
2280 1036 2453 1108 potuit
2481 1036 2773 1103 immutari,
2805 1038 2949 1108 quod
2975 1036 3234 1094 Dominus
3261 1052 3358 1108 per
3385 1049 3451 1092 os

1866 1130 2039 1189 sancti
2083 1129 2355 1197 Quintiani
2406 1126 2614 1183 locutus
2641 1134 2725 1183 est
2755 1125 2782 1163 ά
2812 1146 2825 1180 :
2851 1129 2983 1196 Quia
3031 1142 3137 1184 non
3184 1127 3358 1198 surgit
3384 1126 3454 1183 de

1868 1225 2034 1294 Stirpe
2056 1221 2322 1290 Hortinzi,
2351 1219 2443 1291 qui
2466 1228 2617 1289 regat
2638 1218 2936 1275 Ecclesiam
2966 1219 3082 1276 Dei.
3111 1218 3458 1290 Congregatis

1871 1319 2030 1389 igitur
2059 1316 2249 1375 Avitus
2276 1313 2686 1371 archidiaconus
2730 1312 2943 1369 clericis
2997 1313 3054 1367 in
3100 1313 3327 1380 ecclesia
3357 1315 3461 1367 Ar-

1872 1426 2061 1478 verna,
2102 1410 2269 1467 multa
2311 1408 2374 1483 [ι.
2402 1404 2569 1479 nulla]
2598 1407 2814 1479 quidem
2846 1405 3111 1477 promisit,
3142 1407 3239 1462 sed
3280 1414 3463 1461 tamen

1876 1512 2097 1574 accepto
2124 1516 2390 1560 consensu
2418 1511 2442 1541 ο
2474 1500 2543 1558 ad
2573 1515 2754 1571 regem
2775 1499 2951 1571 petiit,
2969 1497 3241 1568 voluitque
3263 1500 3312 1554 ei
3336 1506 3465 1553 tunc

1876 1597 2146 1654 Firminus
2169 1636 2185 1664 ,
2216 1595 2306 1667 qui
2337 1595 2391 1651 in
2422 1594 2523 1651 hac
2562 1593 2781 1650 civitate
2818 1604 3002 1649 comes
3036 1589 3244 1660 positus
3266 1588 3465 1657 fuerat,

1880 1688 2145 1761 impedire
2170 1704 2183 1741 :
2208 1686 2303 1743 sed
2334 1687 2449 1757 ipse
2475 1700 2583 1742 non
2611 1684 2763 1742 abiit.
2804 1683 2974 1740 Amici
3001 1690 3181 1739 autem
3209 1680 3347 1752 ejus,
3375 1681 3473 1750 qui

1882 1783 1935 1838 in
1982 1782 2083 1838 hac
2130 1794 2291 1837 causa
2343 1779 2534 1835 directi
2575 1777 2810 1845 fuerant,
2856 1775 3119 1848 rogabant
3162 1788 3346 1844 regem
3370 1812 3386 1840 ,
3413 1780 3477 1829 ιιι
3566 1792 3578 1802 ·

190 1882 381 1938 videns
407 1882 594 1950 abbas,
613 1894 673 1937 se
692 1886 811 1949 post
830 1892 952 1934 eum
978 1876 1292 1946 prosternit,
1310 1885 1362 1933 et
1386 1883 1794 1946 pertranseunte
1820 1874 1874 1938 B
1894 1876 2085 1933 saltem
2131 1889 2237 1930 una
2282 1873 2550 1930 dominica
2575 1870 2595 1910 ί
2627 1870 2951 1943 praeteriret,
2978 1878 3039 1926 ut
3066 1869 3157 1926 hic
3182 1882 3291 1925 non
3318 1866 3478 1924 bene-

196 1972 778 2045 pluvia,consummata
797 1970 1036 2028 oratione
1058 1976 1211 2026 vocat
1235 1979 1293 2025 ut
1320 1978 1586 2042 surgeret.
1613 1970 1783 2038 Quem

189 2064 588 2136 apprehensum
602 2062 917 2121 verberibus
930 2061 1016 2133 agi
1037 2062 1309 2132 praecepit,
1325 2061 1507 2118 dicens
1525 2078 1538 2115 :
1558 2061 1783 2132 Oportet

188 2158 336 2214 enim
377 2165 447 2228 te,
479 2157 576 2224 ﬁli,
626 2156 683 2212 in
724 2156 914 2212 timore
962 2161 1017 2210 et
1070 2153 1292 2217 servitio
1348 2154 1445 2210 Dei
1489 2154 1781 2212 humiliter

189 2263 471 2317 crescere,
520 2262 629 2305 non
692 2245 956 2318 prodigiis
1002 2252 1163 2316 atque
1210 2243 1495 2303 virtutibus
1542 2246 1784 2316 gloriari.

191 2341 585 2413 Reclusumque
628 2339 689 2401 in
738 2338 990 2396 cellulam
1037 2345 1244 2407 septem
1289 2338 1427 2407 dies,
1476 2352 1602 2393 eum
1648 2338 1791 2394 sicut

193 2432 521 2502 culpabilem
542 2431 790 2501 jejunarc
818 2429 1094 2500 prmcepit,
1125 2442 1233 2499 quo
1258 2428 1326 2484 ab
1363 2442 1430 2484 eo
1451 2442 1643 2485 vanam
1673 2429 1790 2499 glo-

196 2525 358 2590 riam,
388 2538 459 2581 ne
483 2524 536 2580 ei
562 2523 779 2593 aliquod
823 2522 1266 2592 impedimentum
1304 2529 1609 2591 generaret,
1635 2536 1790 2579 aver-

202 2622 362 2671 teret.
394 2613 547 2671 Nunc
595 2623 777 2671 autem
815 2614 966 2669 idem
1006 2612 1301 2669 monachus
1325 2655 1342 2684 ,
1376 2621 1436 2670 ut
1474 2628 1505 2669 a
1545 2612 1791 2673 ﬁdelibus

199 2704 334 2761 viris
375 2706 757 2776 cognovimus,
787 2704 842 2759 in
869 2709 1015 2759 tanta
1040 2704 1365 2760 abstinentia
1405 2712 1489 2761 est
1536 2704 1788 2775 devotus,

198 2804 262 2851 ut
308 2794 495 2851 diebus
538 2793 972 2865 Quadragesimte
1019 2794 1224 2851 nullum
1276 2794 1589 2852 alimentum
1637 2798 1793 2866 panis

200 2885 458 2957 accipiat,
488 2885 592 2943 nisi
613 2894 816 2942 tantum
841 2884 928 2942 die
959 2885 1112 2943 tertia
1137 2886 1354 2956 plenum
1375 2886 1547 2945 calice
1577 2887 1793 2944 thisinae

204 2978 638 3048 hauriat:quem
684 2979 941 3036 Dominus
987 2979 1267 3036 orantibus
1312 2994 1481 3050 usque
1510 2980 1633 3036 vitae
1663 2994 1793 3038 con-

205 3073 641 3143 summationem,
674 3081 734 3130 ut
767 3072 869 3130 sibi
894 3072 1126 3143 placeat,
1150 3072 1426 3132 custodire
1449 3073 1721 3144 dignetur.

1889 1968 2158 2025 diceretur
2181 1965 2360 2036 :quod
2406 1965 2454 2019 si
2499 1963 2893 2035 propalaretur,
2925 1962 3073 2019 mille
3115 1976 3307 2018 aureos
3356 1961 3481 2033 regi

1889 2058 2108 2123 darent;
2139 2056 2234 2113 sed
2263 2070 2359 2112 rex
2384 2054 2469 2110 his
2498 2069 2605 2111 non
2644 2054 2849 2110 annuit.
2880 2053 3103 2117 Factum
3133 2063 3215 2109 est
3257 2067 3387 2124 ergo
3415 2059 3477 2107 ut

1890 2150 2223 2223 congregatis
2244 2151 2299 2205 in
2324 2164 2489 2205 unum
2516 2148 2724 2204 civibus
2746 2148 3023 2216 Arvernis,
3051 2148 3239 2204 beatus
3261 2145 3478 2214 Avitus,

1892 2244 1981 2314 qui
2011 2252 2136 2300 tunc
2163 2241 2440 2312 temporis,
2473 2248 2533 2296 ut
2559 2239 2814 2307 diximus,
2846 2250 2962 2296 erat
2988 2232 3417 2306 archidiaconus,
3445 2253 3481 2292 a

1892 2338 2041 2395 clero
2067 2346 2123 2393 et
2150 2336 2345 2407 populo
2373 2335 2575 2392 electus
2614 2332 2929 2391 cathedram
2974 2332 3315 2403 pontiﬁcatus
3344 2330 3480 2385 acci-

1892 2437 2065 2501 peret,
2088 2443 2247 2499 quem
2268 2443 2362 2484 rex
2389 2429 2442 2483 in
2471 2435 2619 2484 tanto
2646 2426 2852 2483 honore
2867 2425 3079 2492 dilexit,
3112 2434 3170 2481 ut
3190 2437 3480 2495 parumper

1893 2520 2128 2593 rigorem
2177 2521 2493 2577 canonicum
2532 2518 2844 2591 praeteriens
2875 2526 2923 2585 ι,
2950 2518 3005 2573 in
3048 2530 3144 2572 sua
3190 2530 3311 2572 eum
3340 2529 3483 2585 prae-

1896 2614 2070 2672 sentia
2118 2612 2360 2670 benedici
2406 2613 2663 2685 juberet,
2709 2612 3163 2669 dicenszhierear
3202 2609 3270 2666 de
3316 2623 3484 2665 manu

1894 2708 2015 2777 ejus
2043 2705 2253 2778 eulogia
2296 2707 2562 2777 accipere.
2608 2705 2739 2762 Haec
2775 2706 2920 2762 enim
2964 2706 3019 2761 in
3047 2703 3219 2776 gratia
3248 2702 3394 2769 fecit,
3424 2706 3487 2757 ut

1896 2798 2038 2869 apud
2065 2799 2382 2855 Mettensem
2408 2798 2595 2855 urbem
2626 2798 3052 2855 benediceretur.
3084 2797 3229 2851 Idem
3256 2801 3483 2865 accepto

1897 2890 2207 2960 episcopatu
2234 2903 2487 2960 magnum
2518 2902 2579 2945 se
2607 2888 2915 2944 hominibus
2939 2887 3187 2958 praebuit,
3215 2885 3485 2957 justitiam

1898 2980 2113 3051 populis
2145 2980 2406 3048 tribuens,
2436 2979 2758 3051 pauperibus
2786 2994 2975 3050 opem,
3007 2979 3182 3035 viduis
3209 2980 3487 3049 solatium,

1898 3070 2221 3142 pupillisque
2240 3072 2531 3127 maximum
2553 3071 2943 3140 adjumentum.
2960 3070 3076 3127 Jam
3103 3072 3145 3124 si
3169 3071 3487 3142 peregrinus

1900 3162 1969 3218 ad
1995 3177 2118 3219 eum
2148 3162 2442 3229 advenerit,
2470 3164 2543 3219 ita
2564 3162 2895 3234 diligitur,ut
2919 3163 2974 3219 in
2994 3163 3186 3221 eodem
3208 3178 3267 3219 se
3287 3163 3488 3222 habere

289 3245 304 3264 ‘
333 3242 526 3300 XXXV
557 3258 605 3297 ι.
639 3247 903 3305 Defuncto
950 3247 1149 3320 igitur,
1200 3256 1262 3305 ut
1301 3248 1534 3305 diximus
1557 3246 1611 3315 ιι,
1658 3248 1798 3320 apud
1824 3248 1874 3316 C
1901 3263 1958 3312 et
2003 3266 2210 3327 patrem
2253 3263 2601 3326 recognoscat
2628 3265 2682 3312 et
2710 3256 2960 3327 patriam,
2987 3257 3076 3327 qui
3120 3271 3245 3313 cum
3276 3260 3485 3329 magnis

212 3338 510 3393 Arvernum
552 3334 779 3391 Cautino
825 3334 1113 3405 episcopo,
1165 3334 1407 3404 plerique
1452 3339 1800 3393 intendebant

213 3438 431 3501 pr0pter
452 3428 843 3500 episcopatum,
861 3425 1147 3483 offerentes
1168 3426 1355 3496 multa,
1372 3428 1606 3499 plurima
1640 3430 1799 3502 176

213 3520 615 3590 promittentes.
644 3517 777 3574 Nam
828 3516 1104 3574 Eufrasius
1134 3519 1434 3591 presbyter,
1464 3520 1602 3577 ﬁlius
1633 3535 1802 3592 quon-

214 3611 341 3669 dam
387 3610 652 3667 senatoris
698 3608 907 3666 Ennodi
935 3620 983 3677 ο,
1012 3620 1284 3681 susceptas
1305 3625 1337 3667 a
1364 3612 1562 3669 Judaeis
1588 3614 1800 3685 species

1904 3346 2187 3403 virtutibus
2231 3347 2452 3416 ﬂoreat,
2479 3355 2535 3403 et
2562 3347 2741 3404 omnia
2789 3363 2909 3419 quas
2959 3349 3070 3405 Deo
3115 3357 3242 3406 sunt
3288 3351 3489 3419 placita

1910 3440 2065 3512 177
2092 3454 2159 3495 ex
2189 3448 2301 3495 toto
2331 3439 2496 3497 corde
2541 3439 2838 3510 custodiat,
2871 3440 3109 3511 iniquam
3152 3442 3207 3498 in
3237 3442 3489 3499 omnibus

1903 3533 2206 3602 exstirpans
2233 3532 2528 3601 luxuriam,
2555 3534 2755 3605 justam
2797 3534 2894 3591 Dei
2924 3535 3115 3592 inserit
3159 3538 3484 3594 castitatem.

1974 3626 2007 3661 ⁸
2036 3625 2276 3682 XXXVI.
2307 3626 2610 3684 Decedente
2649 3641 2781 3684 vero
2819 3628 2958 3698 apud
2986 3629 3217 3686 Parisios
3247 3640 3368 3699 post
3394 3645 3491 3702 sy-

217 3715 465 3773 :nagnas,
495 3701 609 3772 regi
636 3715 732 3773 per
755 3710 1037 3773 cognatum
1066 3716 1224 3760 suum
1250 3703 1611 3775 Beregesilum
1633 3706 1794 3775 misit,

1903 3717 2102 3776 nodum
2131 3718 2310 3787 illam,
2341 3732 2461 3789 quas
2508 3716 2839 3776 Sall'aracum
2866 3720 3073 3791 expulit
3097 3719 3128 3758 ιι
3192 3701 3487 3778 Sacerdote

1833 3790 1875 3819 Ἴ

1813 3802 1875 3860 ,ἓν

296 3898 326 3927 ιι
348 3887 518 3958 Caput
533 3881 676 3967 istud
700 3895 753 3943 et
772 3884 874 3967 alia
896 3883 988 3943 hic
1002 3903 1037 3967 ει
1058 3884 1211 3967 nobis
1232 3888 1626 3967 nuncprimum
1648 3850 1898 3967 edita?“
1978 3910 2003 3939 ο
2035 3898 2235 3954 Savaro
2262 3897 2391 3967 legit
2414 3897 2634 3952 Euuodi.
2659 3895 2750 3953 Sic
2775 3912 2871 3967 pro
2896 3894 3079 3951 Evodii
3100 3897 3357 3967 scriptum
3382 3898 3489 3953 hoc

219 3956 475 4033 tanquam
503 3956 1037 4033 sincerumGrcgorii
1069 3958 1234 4033 fetum
1280 3958 1529 4033 laudavit
1551 3963 1802 4033 antiquus

218 4027 359 4083 Vitae
386 4030 554 4103 sancti
586 4028 729 4103 Aviti
756 4029 1119 4103 Arvernorum
1149 4030 1387 4103 episcopi
1429 4027 1697 4101 scriptor;
1712 4036 1803 4103 qui

219 4113 375 4153 suam
423 4094 782 4154 narrationem
824 4098 890 4153 ab
920 4098 1023 4154 isto
1054 4094 1228 4167 capite
1274 4094 1564 4167 inchoavit,
1594 4094 1805 4158 et'non-

220 4167 370 4249 nulla
406 4169 682 4249 subiunxit
708 4184 789 4249 ex
814 4167 988 4238 capite
1007 4169 1281 4249 sequenti.
1312 4170 1591 4249 Lectiones
1623 4173 1802 4249 varias

1905 3984 2102 4026 nomen
2130 3966 2335 4040 passim
2360 3969 2416 4024 in
2444 3969 2713 4024 veteribus
2739 3966 2896 4022 codd.
2925 3969 3179 4023 occurrit.

1850 4072 1949 4156 *Α
1975 4084 2004 4123 τι
2032 4084 2091 4139 In
2136 4084 2275 4156 libro
2303 4083 2371 4139 de
2401 4082 2537 4139 Vitis
2586 4082 2804 4138 Patrum
2848 4096 2967 4154 cap.
3012 4081 3066 4150 4,
3098 4082 3186 4141 ubi
3237 4083 3390 4156 plura
3419 4084 3490 4141 de

1906 4153 2211 4211 Hortensio.

220 4236 1215 4332 ἷῗῖῗτῖῗὲῗἮῗῖἷηιἕέιῖθξὲηξῖἒὲἒίὲ
1247 4240 1656 4332 ίίῖῗέῗβαξξέξῖνῖ
1679 4243 1805 4332 ἀνί·
1842 4260 1894 4293 ³³
1980 4277 2003 4304 θ
2035 4265 2127 4322 Sic
2151 4265 2566 4321 instrumentum
2595 4266 2896 4329 electionis.
2918 4266 3147 4332 can-26.
3182 4278 3286 4319 non
3315 4268 3490 4323 semel

225 4316 333 4363 tate
372 4307 648 4377 secundum
686 4307 1206 4377 swculiUdignitatom
1249 4310 1423 4377 beatus
1472 4307 1675 4377 Auitus,
1700 4330 1802 4368 non

223 4376 420 4450 inﬁmis
446 4376 693 4429 nobilium
724 4375 981 4450 natalibus
1002 4384 1143 4450 ortus
1172 4386 1262 4443 est,
1287 4376 1375 4444 qui
1383 4384 1617 4450 tempore
1644 4375 1805 4450 pueri-

223 4448 314 4500 tiae
347 4460 453 4520 sua:
481 4462 637 4516 usque
665 4446 743 4520 μά
781 4444 1131 4520 archidiaconi
1163 4460 1336 4520 grcem
1374 4445 1480 4520 Deo
1511 4444 1805 4520 disponente

224 4517 500 4601 perductus
518 4514 623 4601 est.
655 4514 908 4601 Defuncto
948 4516 1115 4601 itaque
1152 4514 1369 4601 Cautin'o
1396 4514 1635 4601 episcopo
1658 4523 1805 4601 ρΙενξέ

225 4602 328 4654 que
354 4588 681 4661 intendebant
721 4585 796 4661 in
822 4587 1282 4661 episc0patum.....
1321 4585 1547 4661 Ennodii
1570 4585 1803 4661 suscepit

223 4634 459 4723 species"
491 4659 649 4710 multa
673 4634 877 4727 quidem
895 4634 1035 4710 'bonra
1063 4659 1341 4712 secundum
1368 4655 1535 4712 Deum
1564 4634 1805 4717 Ecclesia;
1827 4634 1885 4698 Β

226 4728 497 4803 promisit;
516 4736 805 4803 tanien..."
837 4728 995 4803 θεά,δὶ
1038 4730 1532 4803 praestolaretur..."
1576 4730 1806 4803 euIOgias

226 4797 477 4869 (recipere.
506 4797 636 4852 Hau:
660 4799 795 4852 enim
815 4799 1095 4869 (πρώτη...
1123 4799 1471 4857 adveniat.....
1497 4797 1803 4859 castitatem.

226 4866 429 4921 Eodem
457 4877 677 4942 tempore
703 4866 843 4942 apud
866 4868 1200 4938 Lugdunum,
1218 4869 1505 4942 Galliarum
1528 4872 1803 4942 civitatem,

226 4947 431 5015 sanctus
454 4936 687 4992 Nicetius
695 4941 897 5015 flectus
916 4936 1072 5015 estLet
1098 4948 1418 5015 consecratus
1432 4936 1806 5015 in__episcopuni

225 5009 351 5082 fuit.
379 5007 496 5061 Huc
514 5025 671 5078 usque
686 5006 961 5080 Gregorius
983 5010 1316 5071 Turonensis.
1340 5011 1464 5066 llaec
1486 5006 1575 5067 ille
1595 5006 1803 5082 auctor,

222 5080 322 5147 qui
370 5089 507 5151 ante
522 5093 687 5134 annos
714 5089 996 5135 sexcentos
1027 5082 1272 5151 scripsit,
1305 5090 1361 5137 ut
1385 5082 1652 5151 conjicere
1680 5080 1809 5142 licet

223 5164 293 5202 cx
342 5148 541 5203 codicis
583 5158 866 5220 vetustate,
899 5151 1036 5205 unde
1066 5148 1292 5220 primum
1343 5148 1607 5219 descripta
1658 5165 1805 5211 sunt.

224 5219 610 5291 Avilpswporro
654 5219 857 5291 smpius
881 5236 909 5273 a
940 5219 1198 5290 Gregorio
1226 5222 1495 5287 laudatur,
1524 5224 1805 5282 ecclesiam

224 5289 371 5361 apud
413 5289 746 5360 'l‘higernum
785 5289 1083 5352 construxit
1124 5306 1189 5345 ex
1240 5305 1357 5361 cap.
1405 5292 1473 5347 67
1522 5292 1642 5347 libri
1695 5297 1809 5353 Ide

224 5360 437 5431 Gloria”
463 5361 644 5431 illam,
686 5362 953 5431 reparavit
1000 5362 1279 5431 ecclesiam
1308 5360 1389 5417 ’S.
1436 5364 1706 5419 Antoliani
1735 5381 1807 5422 ex

222 5445 349 5506 cap.
374 5430 459 5485 65.
487 5430 639 5506 Obiit
656 5430 797 5486 anno
817 5430 1056 5506 {$94,_die
1080 5430 1149 5483 20
1178 5430 1673 5506 Septembristquo
1690 5437 1807 5506 ejus

223 5499 427 5554 festum
480 5501 753 5557 recolitur.
808 5504 1057 5570 Sepultus
1084 5510 1167 5557 est
1195 5499 1498 5559 in’ecclesia
1528 5499 1588 5557 SI
1630 5499 1807 5563 Marias

225 5571 298 5623 dc
353 5572 514 5627 Portu
556 5586 587 5626 a
626 5587 687 5628 se
731 5582 1055 5639 constructa,
1089 5588 1245 5642 quant
1302 5572 1632 5642 principalem
1685 5575 1808 5633 licet

227 5643 573 5709 appellatam,
606 5657 634 5696 a
662 5644 957 5699 catlIedrali
1010 5641 1186 5699 tamen
1234 5641 1661 5713 distinguendam
1689 5662 1810 5704 esse

230 5714 565 5767 Cuttlmdunt
606 5713 708 5767 viri
734 5713 948 5770 eruditi.
981 5714 1111 5768 Vide
1140 5713 1426 5772 Savaronis
1454 5724 1607 5773 notas
1629 5715 1685 5774 in
1711 5718 1806 5777 lib.

230 5782 571 5853 deAccclesiis
603 5783 953 5845 Claromont..
985 5799 1103 5853 cap.
1132 5783 1186 5837 2.

308 5849 336 5891 δ
362 5854 574 5909 Scilicet
601 5868 764 5923 supra
793 5868 910 5923 cap.
932 5849 1184 5925 El‘h'ujus
1211 5855 1352 5917 libri.

516 6008 796 6073 Parnox.
839 6005 1067 6073 LXXI.

1908 4337 2194 4407 Gregorius
2238 4336 2489 4407 appellat.
2527 4405 2537 4407 μ
2569 4335 2660 4407 D_e_
2701 4342 2885 4407 sancto
2935 4335 3094 4407 Avito
3141 4336 3339 4405 sacpius
3384 4338 3495 4407 agit

1905 4403 2195 4476 Gregorius
2234 4405 2394 4473 infra,
2423 4414 2478 4460 et
2524 4405 2577 4458 in
2607 4404 2758 4459 libris
2786 4403 3233 4476 gMiraculorum.‘
3258 4406 3388 4462 Vide
3419 4403 3495 4463 'et

1904 4474 2256 4548 Fortunatum
2291 4476 2383 4548 lib.
2417 4491 2503 4540 III,
2534 4474 2803 4548 carm.24
2830 4485 2884 4531 et
2907 4475 3115 4532 duobus
3145 4492 3298 4548 seqq.
3332 4478 3494 4547 Ejus-

1905 4548 2027 4602 dem
2062 4546 2250 4603 laudes
2275 4562 2304 4601 a
2333 4545 2593 4616 Gregorio
2620 4545 2873 4601 invitatus
2899 4548 3093 4601 cecinit
3113 4545 3281 4601 carIiI'.
3307 4550 3359 4611 4,
3376 4545 3491 4603 ιιι).

1908 4633 1963 4683 v,
1998 4618 2268 4684 praemissa
2299 4618 2366 4671 ad
2398 4620 2573 4685 ipsum
2599 4617 2911 4685 Gregorium
2944 4618 3193 4685 epistola.
3229 4618 3496 4672 Caeterum

1912 4688 2114 4744 Savaro
2137 4688 2204 4744 de
2247 4684 2555 4757 Originibus
2604 4684 3137 4758 Glaromonten’sibus
3167 4703 3287 4758 pag.
3318 4687 3416 4758 157
3442 4696 3498 4742 et

1910 4773 2063 4829 seqq.
2082 4758 2262 4813 laudat
2275 4756 2372 4812 hoc
2386 4758 2506 4813 libri
2531 4772 2582 4811 Iv
2613 4756 2857 4813 Historiae
2876 4757 3117 4827 Gregorii
3145 4756 3325 4829 caput,
3348 4757 3495 4829 ejus-

1910 4827 2016 4899 que
2029 4827 2310 4898 ‘epitomen
2339 4829 2571 4895 scripsit,
2606 4830 2747 4899 unde
2793 4836 2939 4899 patet
2967 4827 3231 4899 eaicapita
3261 4842 3379 4895 qua:
3406 4828 3494 4881 hic

1912 4896 2143 4969 primum
2191 4901 2380 4969 damus
2422 4912 2492 4959 ex
2530 4896 2653 4952 cod.
2698 4898 3001 4964 Casinensi,
3031 4898 3088 4969 in
3114 4898 3492 4969 aliishquoque

1911 4967 2186 5095 fodicibus
2215 4967 2487 5027 exstitisse
2508 5008 2525 5037 ,
2555 4983 2784 5037 quorum
2827 4984 2969 5026 unus
3015 4968 3206 5025 saltem
3235 4967 3494 5023 Savaroni

1935 5049 2076 5095 uerIt
2104 5050 2284 5095 notus.

1935 5049 2076 5096 'uerit
2104 5050 2284 5096 notus.

1988 5154 2009 5194 τ
2040 5154 2331 5209 Dominicis
2374 5152 2711 5209 solummodo
2756 5151 2946 5209 diebus
2990 5151 3185 5207 ﬁebant
3213 5164 3499 5220 epIscopo-

1911 5241 2028 5283 rum
2051 5225 2508 5281 consecrationes.
2534 5222 3138 5291 Videconcil.Cartbag.
3158 5236 3239 5287 III,
3255 5235 3375 5276 can.
3400 5221 3493 5277 39.

1984 5350 2009 5387 ε
2038 5340 2189 5406 Quod
2237 5339 2600 5396 ordinationes
2643 5356 2673 5396 a
2720 5338 3128 5406 metropolitano
3178 5340 3229 5393 in
3276 5340 3495 5409 propria

1910 5412 2201 5481 provincia,
2220 5410 2335 5466 ﬁeri
2360 5412 2673 5467 conveniret
2700 5409 2990 5481 secundum
3037 5422 3339 5481 canonum_
3356 5425 3496 5481 pra:-

1911 5477 2130 5551 scripta.
2184 5480 2275 5537 Sic
2316 5488 2371 5537 et
2416 5482 2531 5552 ipse
2578 5481 2867 5551 Gregorius
2914 5477 3135 5536 lihcmis
3180 5481 3246 5537 ab
3275 5477 3493 5553 Egidio

1913 5562 2258 5609 (εοιιδθειίιιιιε
2285 5560 2388 5608 est.

1983 5665 2374 5746 {Sanam-cus;
2416 5665 2696 5746 episcopus
2747 5663 3064 5722 Parisiensis
3113 5674 3493 5746 exauctoratus

1913 5747 1998 5796 est
2027 5738 2078 5793 in
2105 5737 2309 5808 synodo
2338 5734 2616 5808 Parisiensi
2646 5750 2706 5802 II,
2726 5751 2892 5808 quam
2941 5752 3081 5795 anno
3109 5737 3215 5793 555
3244 5738 3492 5795 Sirtnon-

1916 5811 2036 5880 dus,
2080 5806 2179 5879 an.)
2198 5806 2295 5865 551
2324 5806 2563 5865 Cointius
2588 5807 2919 5879 consignant.

3032 6009 3100 6083 10
