4028 6342
506 401 615 465 299

1534 390 1594 450 8.
1633 386 1965 449 GREGORII
2004 386 2308 447 EPlSCOPl
2346 388 2776 452 TURONENSIS

3698 401 3811 457 ’503

506 516 854 594 Lugdunensi
877 515 1153 585 episcopo,
1183 516 1397 568 sanctus
1424 507 1661 565 Nicetius
1697 507 1764 562 ab
1789 506 1925 576 ipso,
1958 503 2097 561 sicut
2127 508 2176 567 A
2202 520 2361 576 quem
2402 524 2546 580 smpe
2595 518 2811 581 propter
2851 510 3055 568 facinus
3101 510 3351 570 adulterii
3393 523 3618 573 sanctus
3662 517 3813 586 Dei,

508 619 565 675 in
605 617 742 673 libro
769 613 905 669 Vitae
932 609 1049 680 ejus
1073 605 1382 675 scripsimus
1404 611 1453 669 ιι,
1481 602 1681 659 electus
1719 600 1957 669 suscepit
1981 598 2090 670 epi-

507 719 817 781 scopatum,
847 705 926 759 vir
963 703 1127 758 totius
1156 696 1451 755 sanctitatis
1479 695 1747 766 egregius,
1780 702 1940 749 castae
1968 706 2095 747 con-

506 801 847 862 versationis.
873 794 1201 853 Charitatem
1224 804 1378 859 vero,
1410 803 1569 860 quam
1604 785 1891 856 Apostolus
1914 784 2093 856 (Rom.

505 914 606 965 ιιι,
652 896 741 966 I7)
767 908 888 952 cum
934 889 1205 958 omnibus,
1234 886 1279 942 si
1308 883 1563 955 possibile
1587 889 1764 948 esset,
1809 879 2097 935 observare

502 991 795 1067 praecepit,
826 987 912 1042 hic
944 982 1273 1056 possibiliter
1310 977 1383 1034 ita
1435 978 1488 1032 in
1519 975 1723 1031 cunctis
1751 974 2006 1067 exercuit,
2039 980 2100 1027 ut

504 1066 565 1143 in
596 1084 711 1155 ejus
742 1089 956 1151 pectore
982 1079 1097 1149 ipse
1126 1073 1416 1140 Dominus,
1447 1070 1535 1142 qui
1566 1079 1647 1125 est
1674 1082 1799 1124 vera
1842 1066 2095 1134 charitas,

504 1183 837 1234 cerneretur.
880 1171 1014 1227 Nam
1045 1168 1147 1225 etsi
1179 1172 1482 1222 commotus
1512 1172 1698 1219 contra
1741 1160 1974 1231 aliquem
2002 1174 2099 1230 pro

502 1269 829 1342 negligentia
880 1266 1011 1333 luit,
1057 1263 1125 1319 ita
1181 1260 1426 1331 protinus
1472 1256 1812 1313 emendatum
1855 1252 2095 1323 recepit,

446 1350 457 1395 ί
503 1371 755 1433 tanquam
784 1359 828 1415 si
858 1372 966 1413 non
992 1354 1181 1411 fuisset
1206 1351 1464 1408 oﬁ‘ensus.
1492 1348 1620 1403 Erat
1647 1346 1787 1403 enim
1812 1345 2101 1415 castigator

503 1451 969 1524 delinquentium,
1012 1443 1491 1518 ptenitentiumque
1541 1440 1823 1505 remissor,
1864 1438 2100 1493 eleemo-

500 1545 751 1618 synarius
776 1551 936 1613 atque
966 1549 1214 1596 strenuus
1247 1539 1298 1592 in
1329 1535 1513 1591 labore
1543 1550 1555 1586 :
1584 1531 1837 1589 ecclesias
1868 1529 2096 1599 erigere,

500 1640 696 1696 domos
725 1647 1070 1705 componere,
1096 1646 1274 1688 serere
1299 1643 1476 1701 agros,
1507 1628 1693 1681 vineas
1721 1625 1990 1695 pastinare
2020 1620 2102 1676 di-

498 1730 855 1803 ligentissime
891 1727 1157 1783 studebat.
1199 1722 1304 1781 Sed
1335 1736 1440 1777 non
1484 1734 1608 1775 eum
1639 1718 1723 1772 ba:
1753 1731 1841 1772 res
1871 1715 1938 1771 ab
1977 1729 2102 1771 ora-

504 1826 657 1881 tione
687 1818 995 1878 turbabant.
1024 1818 1121 1874 llic
1144 1815 1333 1889 viginti
1379 1812 1589 1869 duobus
1620 1808 1774 1865 annis
1800 1806 2101 1864 sacerdotio

2200 598 2325 654 dum
2358 610 2501 657 esset
2530 602 2583 658 in
2606 618 2854 673 corpore,
2898 620 3010 661 non
3037 606 3210 663 solum
3238 623 3268 662 a
3292 611 3676 667 communione
3712 625 3811 667 re-

2201 700 2460 759 moverat,
2493 691 2589 747 sed
2619 695 2779 747 etiam
2808 695 3003 765 saepius
3033 695 3165 751 caedi
3190 709 3539 769 praeceperat,
3572 710 3631 759 et
3658 717 3814 760 nun-

2202 798 2358 853 quam
2390 784 2439 841 ei
2478 785 2545 841 ad
2586 787 3017 845 emendationem
3041 789 3238 847 ducere
3264 795 3457 863 potuit,
3492 795 3581 851 hic
3606 810 3813 854 ascen-

2202 877 2333 935 dens
2363 894 2524 951 super
2568 889 2763 940 tectum
2795 883 2987 941 domus
3013 885 3191 956 illius,
3222 902 3345 944 cum
3386 889 3644 961 detegere
3681 905 3810 947 (ιω-

2204 974 2390 1045 pisset,
2420 976 2494 1032 ait
2523 997 2532 1030 :
2566 979 2775 1035 Gratias
2801 978 2895 1036 tibi
2924 994 3046 1053 ago,
3077 982 3208 1039 Jesu
3231 984 3463 1049 Christe.
3492 988 3635 1056 quod
3680 998 3813 1057 post

2204 1078 2430 1126 mortem
2459 1071 2782 1144 iniquissimi
2808 1073 2981 1131 Niceti
3002 1089 3164 1147 super
3194 1078 3337 1134 hunc
3358 1087 3556 1136 tectum
3586 1081 3813 1137 calcare

2203 1164 2497 1234 promerui.
2529 1165 2718 1223 Adhuc
2746 1166 2906 1223 verba
2938 1168 2994 1224 in
3031 1182 3127 1226 ore
3156 1171 3493 1240 pendebant,
3523 1184 3579 1229 et
3620 1178 3813 1231 stat'm

2204 1255 2501 1314 subductus
2529 1274 2559 1314 a
2588 1260 2815 1330 pedibus
2848 1262 2965 1332 ejus
3008 1264 3172 1320 robur
3200 1264 3253 1319 in
3281 1280 3387 1335 quo
3424 1267 3633 1331 stabat,
3662 1270 3813 1325 ceci-

2205 1346 2283 1404 dit
2303 1350 2367 1404 ad
2398 1361 2614 1417 terram,
2645 1354 2959 1425 crepuitque
2978 1364 3034 1412 et
3056 1366 3302 1413 mortuus
3329 1370 3433 1414 est.
3463 1359 3600 1414 Cum
3625 1368 3811 1416 autem

2206 1440 2488 1512 episcopus
2530 1446 2611 1498 vel
2669 1446 2863 1516 conjux
2910 1448 3027 1517 ejus
3075 1450 3241 1505 multa
3294 1461 3480 1507 contra
3529 1454 3812 1511 rationein

2204 1543 2456 1604 agerent,
2488 1538 2736 1607 apparuit
2776 1539 2988 1595 cuidam
3020 1550 3235 1597 sanctus
3277 1558 3373 1613 per
3399 1544 3693 1612 somoium,
3726 1546 3814 1602 die

2203 1640 2335 1683 cens
2367 1646 2379 1680 :
2415 1628 2582 1699 Vade,
2609 1642 2663 1688 et
2688 1633 2777 1689 dic
2805 1633 2987 1691 Prisco
3032 1646 3089 1691 ut
3116 1637 3429 1693 emendetur
3453 1640 3523 1694 ab
3549 1640 3816 1710 operibus

2206 1722 2402 1789 malis,
2453 1734 2507 1781 et
2553 1725 2683 1782 ﬁant
2730 1743 2893 1798 opera
2942 1731 3059 1799 ejus
3106 1732 3264 1787 bona.
3312 1732 3543 1790 Martiano
3592 1751 3815 1807 quoque

2208 1815 2525 1886 presbytero
2552 1818 2699 1875 dices
2725 1835 2737 1877 :
2763 1820 2896 1888 Quia
2918 1824 3191 1880 cmtseutis
3219 1826 3302 1881 Itis
3327 1828 3606 1895 operibus,
3645 1829 3817 1885 casti-

501 1918 812 1978 ministrato
858 1915 1105 1985 migravit
1130 1912 1195 1966 ad
1240 1908 1523 1965 Dominum
1546 1950 1560 1972 ,
1608 1905 1695 1975 qui
1730 1917 1871 1958 nunc
1908 1916 2101 1973 magna
2130 1899 2179 1965 Β
2206 1908 2413 1979 gandus
2436 1910 2589 1978 ,eris;
2617 1922 2671 1967 et
2698 1914 2745 1968 si
2782 1914 3071 1973 emendare
3102 1917 3507 1986 perversitatem
3537 1928 3689 1975 tuam
3716 1936 3817 1977 uo—

523 2012 783 2070 miracula
808 2010 874 2066 ad
887 2024 1041 2065 suum
1061 2005 1322 2063 tumulum
1346 2000 1689 2058 exorantibus
1703 2006 1936 2068 praestat.
1967 1995 2097 2050 Nam

499 2104 574 2162 de
613 2104 736 2161 oleo
765 2100 1043 2167 cicindeli,
1078 2098 1167 2169 qui
1197 2095 1263 2152 ad
1294 2096 1469 2165 ipsum
1509 2092 1814 2163 sepulcrum
1861 2087 2100 2159 quotitﬁe

498 2198 850 2266 accenditur,
882 2207 1149 2251 caecorum
1175 2190 1346 2247 oculis
1373 2189 1555 2244 lumen
1602 2185 1867 2251 reddidit,
1898 2184 2101 2239 daturo-

497 2310 601 2355 nes
626 2301 693 2354 de
717 2295 955 2355 obsessis
983 2294 1298 2365 corporibus
1324 2291 1492 2364 fugat,
1517 2290 1812 2347 contractis
1839 2287 2101 2345 membris

494 2396 737 2457 restituit
762 2397 1044 2455 sanitatem
1064 2438 1078 2464 ,
1125 2402 1181 2451 et
1210 2390 1474 2451 omnibus
1504 2392 1732 2450 inﬁrmis
1762 2405 2011 2461 magnum
2042 2390 2098 2446 in

498 2500 610 2557 hoc
639 2508 882 2569 tempore
916 2498 1144 2554 habetur
1172 2495 1508 2568 praesidium.
1538 2494 1702 2566 Igitur
1740 2492 1959 2551 Priscus
1988 2493 2102 2564 cpio

500 2615 721 2674 scopas,
744 2607 836 2671 qul
861 2602 913 2657 el
943 2610 1303 2666 successerat,
1332 2612 1453 2653 cum
1484 2596 1713 2667 conjuge
1735 2610 1830 2654 sua
1856 2597 2102 2655 Susanna

498 2704 667 2773 cmpit
706 2704 952 2774 persequi
1001 2716 1065 2759 ac
1109 2700 1414 2758 interﬁcere
1458 2700 1657 2757 multos
1694 2700 1762 2757 de
1807 2701 1922 2769 his,
1961 2715 2101 2772 quos

500 2807 588 2864 vir
619 2805 712 2862 Dei
755 2804 1044 2861 familiares
1068 2803 1348 2870 habuerat,
1379 2817 1486 2859 non
1513 2802 1673 2871 culpa
1700 2803 1878 2862 aliqua
1902 2804 2097 2871 victos,

498 2924 610 2966 non
638 2909 692 2963 in
718 2908 948 2964 crimine
967 2906 1371 2976 comprobatos,
1404 2919 1511 2961 non
1542 2908 1687 2959 turto
1711 2905 2098 2974 deprehensos,

498 3019 711 3068 tantum
760 3008 1132 3065 inﬂammante
1160 3008 1363 3065 malitia
1406 3009 1651 3075 invidus,
1694 3024 1791 3065 cur
1828 3012 1876 3065 ei
1914 3010 2101 3065 ﬁdeles

497 3112 751 3170 fuissent.
809 3111 1155 3169 Declamabat
1207 3112 1373 3169 multa
1427 3113 1759 3185 blasphemia
1815 3115 1930 3184 ipse
1979 3128 2099 3169 cum

498 3205 728 3274 conjuge
749 3204 818 3261 de
844 3213 1033 3260 sancto
1059 3204 1178 3271 Dei,
1208 3212 1265 3262 et
1290 3220 1412 3261 cum
1436 3205 1527 3261 diu
1556 3206 1832 3277 multoque
1857 3216 2103 3276 tempore

2206 2002 2394 2070 lueris,
2424 2006 2691 2061 morieris.
2720 2005 2790 2061 At
2807 2006 2900 2064 ille
2924 2008 3209 2081 evigilans,
3232 2011 3441 2067 locutus
3461 2021 3547 2068 est
3572 2012 3816 2069 diacono

2207 2098 2451 2167 cuidam,
2496 2100 2679 2158 dicens
2709 2121 2722 2157 :
2758 2101 2937 2172 Vade,
2988 2119 3206 2174 quaeso,
3234 2120 3299 2162 eo
3324 2106 3465 2176 quod
3496 2106 3572 2162 sis
3604 2108 3820 2163 amicus

2208 2189 2266 2245 in
2302 2188 2465 2247 domo
2492 2191 2751 2263 episcopi,
2781 2202 2837 2250 et
2864 2193 2978 2251 haec
3003 2194 3222 2266 loquere
3244 2196 3357 2252 sive
3381 2196 3665 2267 episcopo,
3696 2199 3821 2255 sive

2208 2280 2437 2338 Martino
2460 2284 2797 2356 presbytero.
2823 2284 3149 2342 Promisitse
3170 2288 3429 2344 diaconus
3448 2288 3816 2356 eiectatur-um,

2208 2376 2306 2433 sed
2335 2386 2655 2435 retractatus
2700 2379 2871 2437 noluit
2898 2396 2961 2437 ea
3010 2381 3132 2437 fari.
3174 2381 3343 2438 Nocte
3370 2388 3552 2437 autem
3584 2396 3715 2437 cum
3756 2395 3818 2437 se

2208 2469 2394 2539 sopori
2416 2469 2675 2539 dedisset,
2702 2472 2949 2543 apparuit
2972 2472 3024 2530 ei
3048 2484 3289 2541 sanctus,
3314 2474 3500 2529 dicens
3524 2489 3540 2526 :
3562 2472 3680 2529 Cur
3705 2487 3815 2529 non

2209 2562 2392 2620 dixisti
2421 2580 2541 2636 quae
2572 2566 2666 2624 tibi
2700 2567 2864 2624 abbas
2902 2568 3111 2625 locutus
3155 2578 3269 2633 est;
3302 2577 3357 2624 et
3384 2567 3585 2623 clausis
3617 2568 3818 2637 pugnis

2209 2658 2373 2729 erepit
2398 2668 2579 2730 guttur
2608 2661 2727 2731 ejus
2751 2660 2986 2718 cadere.
3016 2662 3172 2717 Mane
3191 2668 3371 2716 autem
3414 2661 3575 2724 tacto,
3606 2658 3816 2715 inﬂatis

2209 2750 2455 2807 faucibus
2492 2766 2614 2807 cum
2657 2767 2850 2822 magno
2894 2752 3115 2817 dolore,
3162 2752 3390 2808 accessit
3428 2750 3497 2806 ad
3540 2750 3735 2818 viros,
3764 2756 3819 2805 et

2210 2845 2392 2900 omnia
2423 2860 2543 2913 qua:
2571 2846 2819 2902 audierat
2844 2846 3130 2901 intimavit.
3163 2848 3233 2900 At
3258 2846 3333 2899 illi
3355 2845 3817 2915 parvipendentes

2210 2951 2275 2994 ea
2300 2952 2423 3007 qua:
2450 2937 2747 3004 audierant,
2779 2938 3114 3008 phantasiam
3144 2937 3475 2993 somniorum
3500 2950 3630 2993 esse
3654 2936 3817 2992 dixe-

2211 3037 2361 3084 runt.
2404 3029 2661 3085 Martinus
2713 3044 2841 3085 vero
2889 3032 3170 3099 presbyter
3208 3029 3387 3083 statim
3443 3028 3500 3083 in
3548 3027 3705 3084 febre
3761 3034 3818 3083 et

2212 3132 2479 3190 aegrotans
2525 3122 3054 3203 convaluitssecum
3094 3122 3252 3193 179
3288 3135 3501 3192 semper
3540 3118 3566 3159 δ
3612 3119 3814 3177 adora-

2212 3217 2355 3271 torio
2392 3217 2644 3286 episcopo
2667 3218 3005 3285 loqueretur,
3042 3224 3095 3271 et
3116 3215 3445 3271 consentiret
3470 3224 3525 3265 ct
3553 3216 3610 3265 in
3655 3211 3815 3269 malis

499 3298 849 3354 observatum
893 3295 1088 3353 fuisset
1125 3296 1192 3351 ab
1238 3297 1601 3353 anterioribus
1632 3297 2007 3381 pontiﬁcibus,
2046 3306 2102 3349 ut
2128 3295 2177 3357 C
2212 3308 2421 3360 acubus
2449 3322 2511 3358 ac
2552 3304 2900 3373 blasphemiis
2925 3318 3043 3373 quae
3075 3303 3129 3357 in
3173 3310 3417 3359 sanctum
3446 3304 3812 3374 evomebat,

499 3388 699 3446 mulier
729 3388 945 3443 domum
980 3402 1087 3443 non
1120 3386 1497 3458 ingrederetur
1527 3386 1805 3456 ecclesias,
1835 3387 1950 3442 haec
1979 3400 2102 3442 cum

498 3481 696 3554 puellis
724 3481 885 3537 etiam
917 3483 968 3536 in
997 3480 1215 3548 cellula,
1246 3480 1301 3535 in
1328 3495 1431 3552 qua
1459 3480 1561 3537 viri
1585 3481 1727 3536 beati
1757 3482 2099 3550 quieveram,

498 3573 777 3632 introibat.
808 3573 913 3630 Sed
961 3588 1058 3644 pro
1089 3574 1171 3629 his
1202 3584 1471 3630 commota
1510 3575 1723 3631 tandem
1768 3576 1944 3632 divina
1986 3592 2101 3633 ma-

499 3666 669 3735 iestas
691 3666 800 3721 ulta
826 3675 908 3722 est
937 3667 991 3721 in
1022 3665 1224 3722 familia
1256 3665 1421 3721 Prisci
1451 3666 1713 3737 episcopi.
1745 3666 1877 3721 Nam
1906 3667 2101 3736 conjux

502 3757 623 3828 ejus
663 3758 907 3813 dmmone
949 3767 1194 3828 arrepta,
1241 3757 1479 3813 dimissis
1508 3757 1746 3813 crinibus
1794 3773 1888 3827 per
1938 3768 2101 3813 totam

502 3866 693 3919 urbem
738 3864 925 3918 insana
963 3862 1302 3931 vexabatur,
1354 3870 1409 3917 et
1454 3870 1701 3917 sanctum
1756 3862 1915 3933 178
1968 3862 2103 3926 Dei,

502 3978 663 4036 quem
704 3980 834 4020 sana
875 3972 1198 4036 negaverat,
1230 3963 1461 4019 amicum
1492 3960 1694 4018 Christi
1723 3963 1969 4018 confessa
1991 4002 2007 4027 ,
2051 3970 2108 4015 ut

503 4058 610 4115 sibi
640 4068 884 4129 parceret
912 4058 1270 4115 declamabat.
1301 4056 1603 4126 Episcopus
1632 4055 1724 4110 ille
1745 4070 1776 4110 a
1799 4063 1926 4127 typo
1949 4067 2108 4124 quar-

506 4158 648 4204 tante
675 4161 952 4221 correptus
994 4159 1282 4207 tremorem
1324 4148 1577 4205 incurrit.
1608 4147 1741 4204 Nam
1784 4163 1905 4203 cum
1950 4155 2109 4217 typus

504 4238 600 4296 ille
647 4242 989 4302 recessisset,
1040 4240 1127 4297 hic
1166 4255 1378 4311 semper
1418 4251 1654 4296 tremens
1705 4239 2003 4295 habebatur
2044 4254 2108 4292 ac

507 4332 779 4401 stupidus.
837 4330 1003 4386 Filius
1033 4345 1278 4400 quoque,
1316 4336 1601 4400 omnisque
1644 4332 1840 4385 familia
1889 4331 2111 4385 decolor

508 4438 632 4480 esse
660 4423 941 4479 videbatur
982 4436 1046 4476 ac
1084 4420 1293 4490 stupida
1324 4438 1339 4476 :
1371 4430 1428 4476 ut
1468 4422 1597 4476 nulli
1629 4422 1697 4478 sit
1728 4422 1971 4486 dubium,
2016 4434 2111 4475 eos

510 4531 542 4571 a
571 4516 738 4571 sancti
772 4514 872 4569 viri
910 4512 1109 4569 virtute
1130 4527 1434 4583 percussos.
1466 4513 1690 4584 Semper
1729 4512 1873 4569 enim
1896 4513 2112 4567 PriSIllS

512 4607 819 4677 episeopus,
851 4605 1073 4677 ejusque
1118 4603 1317 4661 familia
1338 4647 1353 4671 ,
1396 4616 1582 4661 contra
1613 4617 1855 4662 sanctum
1892 4608 1981 4663 Dei
2012 4622 2110 4662 ne-

2210 3398 2406 3455 iterum
2434 3396 2489 3451 in
2519 3396 2664 3453 febre
2702 3395 2956 3451 redactus
2988 3394 3232 3466 spiritum
3264 3395 3554 3451 exhalavit.

2282 3574 2312 3607 “
2343 3572 2606 3628 XXXVII.
2637 3572 2859 3628 Sanctus
2887 3586 3013 3628 vero
3040 3571 3297 3627 Friardus
3329 3571 3430 3627 hoc
3454 3570 3811 3627 nihilominus

2210 3674 2475 3737 tempore,
2523 3681 2628 3735 quo
2656 3677 2874 3723 sanctus
2918 3665 3158 3722 Nicetius
3187 3666 3323 3721 obiit
3349 3666 3537 3735 plenus
3565 3664 3807 3733 dierum,

2210 3759 2495 3815 sanctitate
2536 3760 2815 3829 egregius,
2864 3759 3073 3814 actione
3116 3757 3387 3825 sublimis,
3437 3758 3543 3819 vita
3572 3756 3809 3823 nobilis;

2211 3852 2281 3906 de
2309 3852 2462 3920 cujus
2506 3851 2775 3907 miraculis
2802 3852 3046 3921 quaedam
3076 3851 3130 3906 in
3174 3852 3311 3907 libro
3332 3892 3346 3917 ,
3387 3865 3544 3921 quem
3570 3850 3644 3907 de
3686 3850 3814 3907 Vita

2212 3943 2329 4014 ejus
2377 3944 2688 4012 scripsimus
2728 3954 2749 3982 ο
2786 3943 3223 3999 memoravimus.
3275 3943 3331 3999 In
3385 3943 3538 4013 cujus
3578 3943 3811 3998 transitu

2214 4037 2530 4092 adveniente
2562 4038 2740 4092 Felice
2769 4040 3022 4108 episcopo
3042 4079 3056 4102 ,
3088 4037 3281 4092 cellula
3316 4046 3427 4092 tota
3453 4037 3812 4101 contremuit,

2213 4128 2359 4183 unde
2396 4143 2504 4183 non
2547 4128 2763 4198 ambigo
2794 4128 2993 4198 aliquid
3040 4128 3238 4184 ibidem
3273 4130 3437 4185 fuisse
3476 4130 3809 4199 angelicum,

2214 4222 2358 4291 quod
2389 4222 2467 4275 sic
2495 4221 2644 4276 locus
2674 4221 2763 4276 ille
2808 4222 2925 4290 ipso
2971 4230 3282 4277 transeunte
3317 4218 3617 4281 tremuerit,
3652 4235 3814 4287 quem

2216 4314 2501 4379 episcopus
2551 4313 2803 4373 abluens,
2847 4318 3008 4379 atque
3046 4308 3220 4380 dignis
3254 4312 3589 4367 vestimentis
3634 4315 3816 4369 invol-

2215 4418 2370 4471 vens,
2400 4402 2688 4472 sepultura
2731 4402 3019 4459 mandavit.

2289 4589 2554 4645 XXXVIII
2582 4589 2691 4663 [AL
2723 4588 2921 4661 xsxn].
2965 4590 3137 4661 Ergo,
3197 4602 3252 4645 ut
3296 4590 3361 4645 ad
3406 4590 3690 4647 h'storiam
3730 4607 3820 4647 re-

512 4702 663 4756 Iariis
718 4700 937 4757 vocibus
986 4700 1358 4767 oblatrabant,
1408 4700 1691 4771 ipsumque
1737 4701 1837 4757 sibi
1881 4702 2103 4756 amicum

2223 4700 2503 4742 curramus
2538 4682 2597 4751 ά,
2646 4694 2860 4739 mortuo
2900 4685 3037 4754 apud
3089 4685 3399 4751 Hispaniam
3454 4687 3820 4753 Athanagildo

513 4807 636 4850 esse
660 4792 924 4860 dicentes,
957 4794 1262 4864 quicunque
1290 4791 1357 4848 de
1382 4806 1447 4848 eo
1488 4794 1812 4864 itnpwperia
1842 4795 2112 4851 evomuis-

513 4894 615 4942 set.
640 4884 880 4942 Iusserat
907 4885 1049 4942 enim
1080 4887 1135 4941 in
1161 4884 1455 4956 primordio
1492 4889 1832 4958 episcopatus
1859 4890 1941 4944 sui
1982 4891 2111 4945 aedi-

516 4980 696 5036 licium
743 4978 936 5035 domus
990 4979 1371 5035 ecclesiastica:
1422 4978 1683 5045 exaltari;
1742 4989 1799 5035 et
1845 4980 2105 5037 diaconus

600 5231 626 5259 ι
667 5221 723 5277 In
755 5220 892 5295 libro
913 5220 982 5279 de
1014 5221 1147 5279 Vitis
1179 5222 1419 5293 Patrum,
1447 5237 1571 5294 cap.
1615 5222 1670 5294 8,
1702 5223 1845 5295 quod
1873 5239 1991 5281 cum
2017 5226 2121 5282 isto

520 5290 641 5349 loco
671 5293 877 5349 confer.

594 5402 622 5439 δ
664 5403 752 5458 Sic
781 5402 918 5476 forte
942 5405 1225 5475 legendum
1251 5449 1265 5474 ,
1298 5422 1351 5459 tn
1384 5410 1574 5476 febrem
1616 5408 1799 5459 incidit
1819 5446 1832 5471 ,
1861 5414 1907 5459 cl
1950 5422 2117 5476 (egro-

523 5483 637 5555 tans
666 5475 919 5555 convaluit
944 5492 962 5529 :
989 5478 1076 5532 sed
1118 5493 1233 5532 cum
1258 5475 1456 5547 semper
1485 5475 1854 5533 adulatoria...
1898 5475 2113 5532 consen-

524 5554 637 5598 tiret
669 5560 711 5598 ct
742 5554 817 5603 tu.
845 5556 949 5599 etc.

603 5666 628 5697 ο
670 5656 725 5710 In
760 5655 892 5711 libro
920 5656 985 5712 de
1019 5657 1146 5713 Vitis
1176 5660 1426 5729 Patrum,
1454 5676 1571 5731 cap.
1611 5662 1699 5717 I0.

598 5762 627 5802 ἀ
666 5764 913 5834 Capilum
944 5783 1164 5823 numero
1196 5771 1264 5823 ob
1293 5773 1470 5827 addita
1517 5788 1582 5828 ex
1610 5774 1730 5829 cod.
1774 5773 1985 5829 Cassin.
2026 5790 2118 5829 ac-

525 5844 676 5926 crcto
698 5878 713 5905 ,
753 5835 1084 5894 Chesnianos
1124 5856 1373 5899 numeros
1404 5860 1433 5900 e
1462 5847 1681 5914 regione
1711 5844 1777 5899 ad
1809 5847 2107 5916 marginem

2220 4795 2375 4851 rege,
2410 4779 2587 4834 Leuva
2628 4793 2754 4834 eum
2785 4779 3073 4834 Leuvieldo
3123 4780 3285 4833 fratre
3330 4794 3550 4848 regnum
3583 4780 3819 4849 accepit.

2222 4873 2486 4928 Defuncto
2514 4870 2675 4941 igitur
2704 4870 2982 4939 Leuvane,
3016 4870 3340 4925 Lcnvieldus
3371 4867 3538 4923 frater
3575 4870 3697 4939 ejus
3734 4880 3822 4924 tu-

2222 4973 2334 5020 tum
2382 4977 2602 5034 regnum
2646 4961 2944 5033 occupavit.
2985 4961 3087 5029 Qui
3118 4976 3283 5017 uxore
3314 4968 3556 5029 mortua,
3604 4961 3825 5017 Gunth-

2230 5220 2398 5276 usque
2419 5207 2482 5263 ad
2517 5207 2636 5264 libri
2668 5207 2828 5261 finem
2853 5222 3205 5277 apponemns,
3238 5208 3308 5263 ob
3332 5206 3825 5277 citationumcom-

2228 5282 2407 5333 moda.
2454 5280 2719 5333 Caeterum
2757 5276 2947 5333 omnes
3002 5294 3129 5332 mss.
3182 5288 3375 5348 praeter
3412 5277 3536 5332 Bec.
3581 5276 3823 5341 habent,

2228 5348 2370 5419 Ergo
2395 5360 2448 5403 ut
2470 5352 2535 5403 ad
2559 5351 2819 5405 historiam
2847 5366 3191 5415 recurremus,
3223 5361 3334 5417 aut,
3360 5349 3651 5403 redeamus.
3680 5348 3829 5403 Editi

2225 5433 2355 5489 vero
2379 5432 2435 5475 ut
2457 5421 2761 5487 plurimum,
2792 5419 2872 5474 Eo
2893 5433 3061 5474 autem
3085 5429 3306 5489 tempere
3328 5432 3549 5474 mortuo.
3583 5421 3653 5474 Et
3681 5419 3826 5473 infra

2224 5488 2412 5562 {Zorhq
2429 5492 2745 5545 Atltanieldo.
2758 5532 2795 5545 ..
2820 5491 3093 5545 Leuveldo.
3114 5488 3252 5546 Erliti
3266 5488 3823 5562 aliquot,.Atltanoldo.

2223 5558 2516 5632 Leuvigildi
2590 5565 2858 5618 sincerum
2914 5578 3126 5627 nomen,
3179 5572 3233 5617 et
3286 5558 3437 5633 regni
3487 5558 3827 5633 tenipusgdi-

2231 5631 2429 5704 scimus
2446 5649 2511 5687 ex
2536 5634 2747 5695 antiqua
2768 5636 3113 5704 inscriptione
3132 5631 3382 5704 sepulcro
3404 5632 3682 5704 cujusdam
3700 5631 3829 5687 Got-

2232 5702 2307 5756 thi
2347 5706 2617 5773 apposita,
2660 5721 2777 5773 quae
2813 5702 3079 5773 hodieque
3101 5706 3153 5759 in
3192 5702 3423 5759 ecclesia
3461 5704 3561 5757 vici
3586 5702 3827 5757 Truillas

2226 5773 2393 5839 dicti,
2425 5775 2633 5829 duabus
2662 5776 2826 5831 Ieueis
2856 5791 2887 5829 a
2914 5775 3246 5831 Narbonensi
3285 5780 3415 5831 urbe
3454 5773 3662 5841 dissiti,
3694 5774 3826 5827 visi-

2166 5925 2173 5930 .
2228 5853 2331 5899 tur.
2357 5846 2474 5914 Quo
2496 5846 2548 5901 in
2570 5848 2688 5901 loco
2708 5846 2924 5917 antiqua
2948 5848 3293 5904 aediﬁciorum
3313 5846 3527 5913 rudera,
3548 5854 3603 5899 et
3634 5858 3815 5917 aquas-
