  <div class='ocr_page' id='page_1' title='image "/cluster/home/n/w/nwhite01/storage/ocr_20150623/71/hvd.32044020096954/157.png"; bbox 0 0 4028 6342; ppageno 0'>
   <div class='ocr_carea' id='block_1_1' title="bbox 573 414 681 479">
    <p class='ocr_par' dir='ltr' id='par_1_1' title="bbox 573 414 681 479">
     <span class='ocr_line' id='line_1_1' title="bbox 573 414 681 479; baseline -0.056 0"><span class='ocrx_word' id='word_1_1' title='bbox 573 414 681 479; x_wconf 78' lang='lat'><strong>305</strong></span> 
     </span>
    </p>
   </div>
   <div class='ocr_carea' id='block_1_2' title="bbox 570 620 2159 694">
    <p class='ocr_par' dir='ltr' id='par_1_2' title="bbox 570 620 2159 694">
     <span class='ocr_line' id='line_1_2' title="bbox 570 620 2159 694; baseline -0.005 -11"><span class='ocrx_word' id='word_1_2' title='bbox 570 628 704 694; x_wconf 88' lang='lat' dir='ltr'><strong>lata,</strong></span> <span class='ocrx_word' id='word_1_3' title='bbox 729 625 907 681; x_wconf 86' lang='lat' dir='ltr'><strong>divina</strong></span> <span class='ocrx_word' id='word_1_4' title='bbox 940 622 1220 680; x_wconf 75' lang='lat' dir='ltr'><strong>confestim</strong></span> <span class='ocrx_word' id='word_1_5' title='bbox 1248 621 1380 677; x_wconf 91' lang='lat' dir='ltr'><strong>ultio</strong></span> <span class='ocrx_word' id='word_1_6' title='bbox 1398 622 1730 692; x_wconf 83' lang='lat' dir='ltr'><strong>subsequens</strong></span> <span class='ocrx_word' id='word_1_7' title='bbox 1746 621 1996 677; x_wconf 91' lang='lat' dir='ltr'><strong>abolevit.</strong></span> <span class='ocrx_word' id='word_1_8' title='bbox 2026 620 2159 676; x_wconf 90' lang='lat' dir='ltr'><strong>Nam</strong></span> 
     </span>
    </p>
   </div>
   <div class='ocr_carea' id='block_1_3' title="bbox 574 713 2155 785">
    <p class='ocr_par' dir='ltr' id='par_1_3' title="bbox 574 713 2155 785">
     <span class='ocr_line' id='line_1_3' title="bbox 574 713 2155 785; baseline -0.001 -13"><span class='ocrx_word' id='word_1_9' title='bbox 574 731 719 772; x_wconf 88' lang='lat' dir='ltr'><strong>anno</strong></span> <span class='ocrx_word' id='word_1_10' title='bbox 761 716 1002 785; x_wconf 76' lang='lat' dir='ltr'><strong>sequenti</strong></span> <span class='ocrx_word' id='word_1_11' title='bbox 1031 723 1268 769; x_wconf 90' lang='lat' dir='ltr'><strong>semotus</strong></span> <span class='ocrx_word' id='word_1_12' title='bbox 1294 728 1323 767; x_wconf 93' lang='lat' dir='ltr'><strong>a</strong></span> <span class='ocrx_word' id='word_1_13' title='bbox 1351 715 1606 769; x_wconf 89' lang='lat' dir='ltr'><strong>comitatu</strong></span> <span class='ocrx_word' id='word_1_14' title='bbox 1654 714 1919 768; x_wconf 87' lang='lat' dir='ltr'><strong>Palladius</strong></span> <span class='ocrx_word' id='word_1_15' title='bbox 1954 713 2155 770; x_wconf 86' lang='lat' dir='ltr'><strong>Arver-</strong></span> 
     </span>
    </p>
   </div>
   <div class='ocr_carea' id='block_1_4' title="bbox 568 804 2158 878">
    <p class='ocr_par' dir='ltr' id='par_1_4' title="bbox 568 804 2158 878">
     <span class='ocr_line' id='line_1_4' title="bbox 568 804 2158 878; baseline -0.003 -15"><span class='ocrx_word' id='word_1_16' title='bbox 568 824 699 863; x_wconf 87' lang='lat' dir='ltr'><strong>num</strong></span> <span class='ocrx_word' id='word_1_17' title='bbox 732 821 1004 878; x_wconf 74' lang='lat' dir='ltr'><strong>regressus</strong></span> <span class='ocrx_word' id='word_1_18' title='bbox 1032 814 1149 861; x_wconf 78' lang='lat' dir='ltr'><strong>est:</strong></span> <span class='ocrx_word' id='word_1_19' title='bbox 1182 805 1452 860; x_wconf 82' lang='lat' dir='ltr'><strong>Romanus</strong></span> <span class='ocrx_word' id='word_1_20' title='bbox 1480 820 1609 861; x_wconf 90' lang='lat' dir='ltr'><strong>vero</strong></span> <span class='ocrx_word' id='word_1_21' title='bbox 1641 806 1949 859; x_wconf 90' lang='lat' dir='ltr'><strong>comitatum</strong></span> <span class='ocrx_word' id='word_1_22' title='bbox 1991 804 2158 860; x_wconf 82' lang='lat' dir='ltr'><strong>ambi-</strong></span> 
     </span>
    </p>
   </div>
   <div class='ocr_carea' id='block_1_5' title="bbox 566 896 2158 965">
    <p class='ocr_par' dir='ltr' id='par_1_5' title="bbox 566 896 2158 965">
     <span class='ocr_line' id='line_1_5' title="bbox 566 896 2158 965; baseline -0.004 -10"><span class='ocrx_word' id='word_1_23' title='bbox 566 902 663 955; x_wconf 87' lang='lat' dir='ltr'><strong>vit.</strong></span> <span class='ocrx_word' id='word_1_24' title='bbox 703 898 925 954; x_wconf 88' lang='lat' dir='ltr'><strong>Factum</strong></span> <span class='ocrx_word' id='word_1_25' title='bbox 952 906 1275 963; x_wconf 71' lang='lat' dir='ltr'><strong>estautem,</strong></span> <span class='ocrx_word' id='word_1_26' title='bbox 1321 905 1379 951; x_wconf 91' lang='lat' dir='ltr'><strong>ut</strong></span> <span class='ocrx_word' id='word_1_27' title='bbox 1408 896 1633 965; x_wconf 89' lang='lat' dir='ltr'><strong>quadam</strong></span> <span class='ocrx_word' id='word_1_28' title='bbox 1674 896 1759 952; x_wconf 90' lang='lat' dir='ltr'><strong>die</strong></span> <span class='ocrx_word' id='word_1_29' title='bbox 1790 896 1841 950; x_wconf 90' lang='lat' dir='ltr'><strong>in</strong></span> <span class='ocrx_word' id='word_1_30' title='bbox 1883 896 2015 951; x_wconf 88' lang='lat' dir='ltr'><strong>urbe</strong></span> <span class='ocrx_word' id='word_1_31' title='bbox 2058 899 2158 950; x_wconf 84' lang='lat' dir='ltr'><strong>Ar-</strong></span> 
     </span>
    </p>
   </div>
   <div class='ocr_carea' id='block_1_6' title="bbox 565 987 2157 1058">
    <p class='ocr_par' dir='ltr' id='par_1_6' title="bbox 565 987 2157 1058">
     <span class='ocr_line' id='line_1_6' title="bbox 565 987 2157 1058; baseline -0.003 -12"><span class='ocrx_word' id='word_1_32' title='bbox 565 1003 735 1046; x_wconf 81' lang='lat' dir='ltr'><strong>verna</strong></span> <span class='ocrx_word' id='word_1_33' title='bbox 777 997 1001 1057; x_wconf 90' lang='lat' dir='ltr'><strong>uterque</strong></span> <span class='ocrx_word' id='word_1_34' title='bbox 1041 988 1488 1058; x_wconf 87' lang='lat' dir='ltr'><strong>conjungeretur,</strong></span> <span class='ocrx_word' id='word_1_35' title='bbox 1520 996 1573 1042; x_wconf 94' lang='lat' dir='ltr'><strong>et</strong></span> <span class='ocrx_word' id='word_1_36' title='bbox 1599 987 1979 1042; x_wconf 75' lang='lat' dir='ltr'><strong>altercantibus</strong></span> <span class='ocrx_word' id='word_1_37' title='bbox 2018 988 2157 1044; x_wconf 88' lang='lat' dir='ltr'><strong>inter</strong></span> 
     </span>
    </p>
   </div>
   <div class='ocr_carea' id='block_1_7' title="bbox 564 1077 2155 1151">
    <p class='ocr_par' dir='ltr' id='par_1_7' title="bbox 564 1077 2155 1151">
     <span class='ocr_line' id='line_1_7' title="bbox 564 1077 2155 1151; baseline -0.001 -14"><span class='ocrx_word' id='word_1_38' title='bbox 564 1095 629 1139; x_wconf 79' lang='lat' dir='ltr'><strong>se</strong></span> <span class='ocrx_word' id='word_1_39' title='bbox 660 1095 757 1151; x_wconf 89' lang='lat' dir='ltr'><strong>pro</strong></span> <span class='ocrx_word' id='word_1_40' title='bbox 787 1080 887 1133; x_wconf 90' lang='lat' dir='ltr'><strong>bac</strong></span> <span class='ocrx_word' id='word_1_41' title='bbox 913 1080 1124 1134; x_wconf 92' lang='lat' dir='ltr'><strong>actione</strong></span> <span class='ocrx_word' id='word_1_42' title='bbox 1154 1080 1468 1145; x_wconf 86' lang='lat' dir='ltr'><strong>comitatus,</strong></span> <span class='ocrx_word' id='word_1_43' title='bbox 1500 1077 1703 1133; x_wconf 81' lang='lat' dir='ltr'><strong>audivit</strong></span> <span class='ocrx_word' id='word_1_44' title='bbox 1736 1078 2005 1134; x_wconf 89' lang='lat' dir='ltr'><strong>Palladius</strong></span> <span class='ocrx_word' id='word_1_45' title='bbox 2041 1094 2101 1135; x_wconf 90' lang='lat' dir='ltr'><strong>se</strong></span> <span class='ocrx_word' id='word_1_46' title='bbox 2125 1094 2155 1134; x_wconf 89' lang='lat' dir='ltr'><strong>a</strong></span> 
     </span>
    </p>
   </div>
   <div class='ocr_carea' id='block_1_8' title="bbox 562 1170 2156 1244">
    <p class='ocr_par' dir='ltr' id='par_1_8' title="bbox 562 1170 2156 1244">
     <span class='ocr_line' id='line_1_8' title="bbox 562 1170 2156 1244; baseline -0.003 -14"><span class='ocrx_word' id='word_1_47' title='bbox 562 1173 832 1244; x_wconf 90' lang='lat' dir='ltr'><strong>Sigiberto</strong></span> <span class='ocrx_word' id='word_1_48' title='bbox 870 1186 997 1242; x_wconf 90' lang='lat' dir='ltr'><strong>rege</strong></span> <span class='ocrx_word' id='word_1_49' title='bbox 1045 1172 1244 1227; x_wconf 88' lang='lat' dir='ltr'><strong>debere</strong></span> <span class='ocrx_word' id='word_1_50' title='bbox 1289 1170 1519 1227; x_wconf 83' lang='lat' dir='ltr'><strong>interﬁci</strong></span> <span class='ocrx_word' id='word_1_51' title='bbox 1565 1188 1578 1223; x_wconf 91' lang='lat'><strong>:</strong></span> <span class='ocrx_word' id='word_1_52' title='bbox 1626 1171 1721 1226; x_wconf 83' lang='lat' dir='ltr'><strong>se‘d</strong></span> <span class='ocrx_word' id='word_1_53' title='bbox 1772 1171 1901 1225; x_wconf 85' lang='lat' dir='ltr'><strong>falsa</strong></span> <span class='ocrx_word' id='word_1_54' title='bbox 1951 1171 2065 1226; x_wconf 60' lang='lat' dir='ltr'><strong>huic</strong></span> <span class='ocrx_word' id='word_1_55' title='bbox 2103 1180 2156 1227; x_wconf 91' lang='lat' dir='ltr'><strong>et</strong></span> 
     </span>
    </p>
   </div>
   <div class='ocr_carea' id='block_1_9' title="bbox 562 1264 2154 1332">
    <p class='ocr_par' dir='ltr' id='par_1_9' title="bbox 562 1264 2154 1332">
     <span class='ocr_line' id='line_1_9' title="bbox 562 1264 2154 1332; baseline -0.002 -10"><span class='ocrx_word' id='word_1_56' title='bbox 562 1266 801 1323; x_wconf 81' lang='lat' dir='ltr'><strong>maxime</strong></span> <span class='ocrx_word' id='word_1_57' title='bbox 842 1280 873 1319; x_wconf 90' lang='lat' dir='ltr'><strong>a</strong></span> <span class='ocrx_word' id='word_1_58' title='bbox 921 1266 1163 1319; x_wconf 78' lang='lat' dir='ltr'><strong>Romano</strong></span> <span class='ocrx_word' id='word_1_59' title='bbox 1209 1264 1405 1319; x_wconf 86' lang='lat' dir='ltr'><strong>emissa</strong></span> <span class='ocrx_word' id='word_1_60' title='bbox 1453 1264 1785 1332; x_wconf 87' lang='lat' dir='ltr'><strong>deprehensa</strong></span> <span class='ocrx_word' id='word_1_61' title='bbox 1830 1273 1973 1319; x_wconf 91' lang='lat' dir='ltr'><strong>sunt.</strong></span> <span class='ocrx_word' id='word_1_62' title='bbox 2005 1264 2154 1319; x_wconf 90' lang='lat' dir='ltr'><strong>Tunc</strong></span> 
     </span>
    </p>
   </div>
   <div class='ocr_carea' id='block_1_10' title="bbox 558 1356 2152 1427">
    <p class='ocr_par' dir='ltr' id='par_1_10' title="bbox 558 1356 2152 1427">
     <span class='ocr_line' id='line_1_10' title="bbox 558 1356 2152 1427; baseline -0.001 -13"><span class='ocrx_word' id='word_1_63' title='bbox 558 1358 652 1415; x_wconf 90' lang='lat' dir='ltr'><strong>ille</strong></span> <span class='ocrx_word' id='word_1_64' title='bbox 683 1358 874 1413; x_wconf 86' lang='lat' dir='ltr'><strong>timore</strong></span> <span class='ocrx_word' id='word_1_65' title='bbox 915 1356 1253 1425; x_wconf 86' lang='lat' dir='ltr'><strong>perterritus,</strong></span> <span class='ocrx_word' id='word_1_66' title='bbox 1288 1357 1361 1410; x_wconf 88' lang='lat' dir='ltr'><strong>ita</strong></span> <span class='ocrx_word' id='word_1_67' title='bbox 1391 1356 1444 1410; x_wconf 91' lang='lat' dir='ltr'><strong>in</strong></span> <span class='ocrx_word' id='word_1_68' title='bbox 1475 1356 1773 1426; x_wconf 83' lang='lat' dir='ltr'><strong>angustiam</strong></span> <span class='ocrx_word' id='word_1_69' title='bbox 1799 1370 2019 1427; x_wconf 80' lang='lat' dir='ltr'><strong>gravem</strong></span> <span class='ocrx_word' id='word_1_70' title='bbox 2064 1372 2152 1413; x_wconf 89' lang='lat' dir='ltr'><strong>re-</strong></span> 
     </span>
    </p>
   </div>
   <div class='ocr_carea' id='block_1_11' title="bbox 562 1449 2148 1520">
    <p class='ocr_par' dir='ltr' id='par_1_11' title="bbox 562 1449 2148 1520">
     <span class='ocr_line' id='line_1_11' title="bbox 562 1449 2148 1520; baseline -0.002 -12"><span class='ocrx_word' id='word_1_71' title='bbox 562 1453 753 1509; x_wconf 90' lang='lat' dir='ltr'><strong>dactus</strong></span> <span class='ocrx_word' id='word_1_72' title='bbox 780 1460 883 1519; x_wconf 90' lang='lat' dir='ltr'><strong>est,</strong></span> <span class='ocrx_word' id='word_1_73' title='bbox 910 1461 966 1506; x_wconf 90' lang='lat' dir='ltr'><strong>ut</strong></span> <span class='ocrx_word' id='word_1_74' title='bbox 990 1450 1284 1506; x_wconf 84' lang='lat' dir='ltr'><strong>minaretur</strong></span> <span class='ocrx_word' id='word_1_75' title='bbox 1307 1464 1363 1504; x_wconf 90' lang='lat' dir='ltr'><strong>se</strong></span> <span class='ocrx_word' id='word_1_76' title='bbox 1390 1450 1600 1520; x_wconf 89' lang='lat' dir='ltr'><strong>propria</strong></span> <span class='ocrx_word' id='word_1_77' title='bbox 1622 1449 1840 1505; x_wconf 87' lang='lat' dir='ltr'><strong>dextera</strong></span> <span class='ocrx_word' id='word_1_78' title='bbox 1864 1450 2148 1520; x_wconf 85' lang='lat' dir='ltr'><strong>perimere;</strong></span> 
     </span>
    </p>
   </div>
   <div class='ocr_carea' id='block_1_12' title="bbox 566 1544 2153 1616">
    <p class='ocr_par' dir='ltr' id='par_1_12' title="bbox 566 1544 2153 1616">
     <span class='ocr_line' id='line_1_12' title="bbox 566 1544 2153 1616; baseline -0.002 -13"><span class='ocrx_word' id='word_1_79' title='bbox 566 1561 801 1616; x_wconf 90' lang='lat' dir='ltr'><strong>cumque</strong></span> <span class='ocrx_word' id='word_1_80' title='bbox 830 1561 860 1599; x_wconf 89' lang='lat' dir='ltr'><strong>a</strong></span> <span class='ocrx_word' id='word_1_81' title='bbox 890 1555 1058 1600; x_wconf 86' lang='lat' dir='ltr'><strong>matre</strong></span> <span class='ocrx_word' id='word_1_82' title='bbox 1102 1545 1187 1599; x_wconf 91' lang='lat' dir='ltr'><strong>vel</strong></span> <span class='ocrx_word' id='word_1_83' title='bbox 1217 1559 1245 1598; x_wconf 89' lang='lat' dir='ltr'><strong>a</strong></span> <span class='ocrx_word' id='word_1_84' title='bbox 1276 1554 1499 1613; x_wconf 87' lang='lat' dir='ltr'><strong>cognato</strong></span> <span class='ocrx_word' id='word_1_85' title='bbox 1538 1558 1636 1598; x_wconf 87' lang='lat' dir='ltr'><strong>suo</strong></span> <span class='ocrx_word' id='word_1_86' title='bbox 1676 1544 1913 1599; x_wconf 85' lang='lat' dir='ltr'><strong>Firmino</strong></span> <span class='ocrx_word' id='word_1_87' title='bbox 1950 1544 2153 1601; x_wconf 85' lang='lat' dir='ltr'><strong>intente</strong></span> 
     </span>
    </p>
   </div>
   <div class='ocr_carea' id='block_1_13' title="bbox 560 1636 2153 1707">
    <p class='ocr_par' dir='ltr' id='par_1_13' title="bbox 560 1636 2153 1707">
     <span class='ocr_line' id='line_1_13' title="bbox 560 1636 2153 1707; baseline -0.001 -13"><span class='ocrx_word' id='word_1_88' title='bbox 560 1638 961 1706; x_wconf 85' lang='lat' dir='ltr'><strong>attenderetur,</strong></span> <span class='ocrx_word' id='word_1_89' title='bbox 998 1652 1066 1694; x_wconf 90' lang='lat' dir='ltr'><strong>ne</strong></span> <span class='ocrx_word' id='word_1_90' title='bbox 1108 1638 1389 1707; x_wconf 86' lang='lat' dir='ltr'><strong>perliceret</strong></span> <span class='ocrx_word' id='word_1_91' title='bbox 1430 1638 1572 1707; x_wconf 92' lang='lat' dir='ltr'><strong>quod</strong></span> <span class='ocrx_word' id='word_1_92' title='bbox 1602 1647 1781 1693; x_wconf 91' lang='lat' dir='ltr'><strong>mente</strong></span> <span class='ocrx_word' id='word_1_93' title='bbox 1809 1652 1989 1693; x_wconf 88' lang='lat' dir='ltr'><strong>amara</strong></span> <span class='ocrx_word' id='word_1_94' title='bbox 2004 1636 2153 1694; x_wconf 78' lang='lat' dir='ltr'><strong>&#39;con-</strong></span> 
     </span>
    </p>
   </div>
   <div class='ocr_carea' id='block_1_14' title="bbox 558 1729 2153 1800">
    <p class='ocr_par' dir='ltr' id='par_1_14' title="bbox 558 1729 2153 1800">
     <span class='ocr_line' id='line_1_14' title="bbox 558 1729 2153 1800; baseline -0.001 -15"><span class='ocrx_word' id='word_1_95' title='bbox 558 1739 819 1800; x_wconf 87' lang='lat' dir='ltr'><strong>ceperat,</strong></span> <span class='ocrx_word' id='word_1_96' title='bbox 868 1744 963 1798; x_wconf 92' lang='lat' dir='ltr'><strong>per</strong></span> <span class='ocrx_word' id='word_1_97' title='bbox 1009 1730 1284 1784; x_wconf 86' lang='lat' dir='ltr'><strong>intervalla</strong></span> <span class='ocrx_word' id='word_1_98' title='bbox 1332 1729 1584 1784; x_wconf 85' lang='lat' dir='ltr'><strong>horarum</strong></span> <span class='ocrx_word' id='word_1_99' title='bbox 1633 1730 1845 1799; x_wconf 88' lang='lat' dir='ltr'><strong>elapsus</strong></span> <span class='ocrx_word' id='word_1_100' title='bbox 1883 1744 1915 1783; x_wconf 91' lang='lat' dir='ltr'><strong>a</strong></span> <span class='ocrx_word' id='word_1_101' title='bbox 1965 1729 2153 1784; x_wconf 81' lang='lat' dir='ltr'><strong>matris</strong></span> 
     </span>
    </p>
   </div>
   <div class='ocr_carea' id='block_1_15' title="bbox 557 1819 2154 1890">
    <p class='ocr_par' dir='ltr' id='par_1_15' title="bbox 557 1819 2154 1890">
     <span class='ocr_line' id='line_1_15' title="bbox 557 1819 2154 1890; baseline 0 -14"><span class='ocrx_word' id='word_1_102' title='bbox 557 1830 798 1889; x_wconf 90' lang='lat' dir='ltr'><strong>aspectu,</strong></span> <span class='ocrx_word' id='word_1_103' title='bbox 834 1820 1212 1890; x_wconf 80' lang='lat' dir='ltr'><strong>ingressusque</strong></span> <span class='ocrx_word' id='word_1_104' title='bbox 1239 1820 1543 1874; x_wconf 89' lang='lat' dir='ltr'><strong>cubiculum</strong></span> <span class='ocrx_word' id='word_1_105' title='bbox 1563 1861 1579 1887; x_wconf 97' lang='lat'><strong>,</strong></span> <span class='ocrx_word' id='word_1_106' title='bbox 1616 1829 1836 1889; x_wconf 90' lang='lat' dir='ltr'><strong>accepto</strong></span> <span class='ocrx_word' id='word_1_107' title='bbox 1865 1819 2036 1889; x_wconf 90' lang='lat' dir='ltr'><strong>spatio</strong></span> <span class='ocrx_word' id='word_1_108' title='bbox 2063 1834 2154 1876; x_wconf 85' lang='lat' dir='ltr'><strong>so-</strong></span> 
     </span>
    </p>
   </div>
   <div class='ocr_carea' id='block_1_16' title="bbox 1609 408 2858 471">
    <p class='ocr_par' dir='ltr' id='par_1_16' title="bbox 1609 408 2858 471">
     <span class='ocr_line' id='line_1_16' title="bbox 1609 408 2858 471; baseline -0.002 -1"><span class='ocrx_word' id='word_1_109' title='bbox 1609 411 1671 470; x_wconf 91' lang='lat' dir='ltr'><strong>S.</strong></span> <span class='ocrx_word' id='word_1_110' title='bbox 1712 410 2040 471; x_wconf 80' lang='lat' dir='ltr'><strong>GREGORII</strong></span> <span class='ocrx_word' id='word_1_111' title='bbox 2079 409 2384 470; x_wconf 85' lang='lat' dir='ltr'><strong>EPISCOPI</strong></span> <span class='ocrx_word' id='word_1_112' title='bbox 2426 408 2858 469; x_wconf 75' lang='lat' dir='ltr'><strong>TURONENSIS</strong></span> 
     </span>
    </p>
   </div>
   <div class='ocr_carea' id='block_1_17' title="bbox 575 522 3871 603">
    <p class='ocr_par' dir='ltr' id='par_1_17' title="bbox 575 522 3871 603">
     <span class='ocr_line' id='line_1_17' title="bbox 575 522 3871 603; baseline -0.002 -15"><span class='ocrx_word' id='word_1_113' title='bbox 575 548 642 590; x_wconf 83' lang='lat' dir='ltr'><strong>ac</strong></span> <span class='ocrx_word' id='word_1_114' title='bbox 673 532 899 603; x_wconf 88' lang='lat' dir='ltr'><strong>turpiter</strong></span> <span class='ocrx_word' id='word_1_115' title='bbox 922 530 1093 588; x_wconf 74' lang='lat' dir='ltr'><strong>vivis?</strong></span> <span class='ocrx_word' id='word_1_116' title='bbox 1131 528 1236 586; x_wconf 88' lang='lat' dir='ltr'><strong>Sed</strong></span> <span class='ocrx_word' id='word_1_117' title='bbox 1268 529 1381 584; x_wconf 71' lang='lat' dir='ltr'><strong>haec</strong></span> <span class='ocrx_word' id='word_1_118' title='bbox 1406 528 1459 583; x_wconf 93' lang='lat' dir='ltr'><strong>in</strong></span> <span class='ocrx_word' id='word_1_119' title='bbox 1489 528 1823 583; x_wconf 80' lang='lat' dir='ltr'><strong>sacerdotem</strong></span> <span class='ocrx_word' id='word_1_120' title='bbox 1849 527 2012 582; x_wconf 80' lang='lat' dir='ltr'><strong>verba</strong></span> <span class='ocrx_word' id='word_1_121' title='bbox 2039 541 2162 595; x_wconf 66' lang='grc' dir='ltr'><strong>πο·</strong></span> <span class='ocrx_word' id='word_1_122' title='bbox 2188 528 2238 588; x_wconf 83' lang='grc' dir='ltr'><strong>Δ</strong></span> <span class='ocrx_word' id='word_1_123' title='bbox 2267 536 2351 584; x_wconf 90' lang='lat' dir='ltr'><strong>set</strong></span> <span class='ocrx_word' id='word_1_124' title='bbox 2376 527 2597 598; x_wconf 89' lang='lat' dir='ltr'><strong>injurias</strong></span> <span class='ocrx_word' id='word_1_125' title='bbox 2623 528 2785 596; x_wconf 87' lang='lat' dir='ltr'><strong>patris</strong></span> <span class='ocrx_word' id='word_1_126' title='bbox 2818 524 3025 581; x_wconf 80' lang='lat' dir='ltr'><strong>ulcisci.</strong></span> <span class='ocrx_word' id='word_1_127' title='bbox 3054 522 3209 581; x_wconf 87' lang='lat' dir='ltr'><strong>Unde</strong></span> <span class='ocrx_word' id='word_1_128' title='bbox 3234 522 3433 579; x_wconf 87' lang='lat' dir='ltr'><strong>factum</strong></span> <span class='ocrx_word' id='word_1_129' title='bbox 3461 531 3562 591; x_wconf 88' lang='lat' dir='ltr'><strong>est,</strong></span> <span class='ocrx_word' id='word_1_130' title='bbox 3594 530 3653 580; x_wconf 90' lang='lat' dir='ltr'><strong>ut</strong></span> <span class='ocrx_word' id='word_1_131' title='bbox 3690 538 3871 583; x_wconf 87' lang='lat' dir='ltr'><strong>unum</strong></span> 
     </span>
    </p>
   </div>
   <div class='ocr_carea' id='block_1_18' title="bbox 2268 615 3857 687">
    <p class='ocr_par' dir='ltr' id='par_1_18' title="bbox 2268 615 3857 687">
     <span class='ocr_line' id='line_1_18' title="bbox 2268 615 3857 687; baseline -0.001 -11"><span class='ocrx_word' id='word_1_132' title='bbox 2268 634 2337 676; x_wconf 82' lang='lat' dir='ltr'><strong>ex</strong></span> <span class='ocrx_word' id='word_1_133' title='bbox 2371 620 2581 675; x_wconf 80' lang='lat' dir='ltr'><strong>famulis</strong></span> <span class='ocrx_word' id='word_1_134' title='bbox 2607 620 3011 687; x_wconf 86' lang='lat' dir='ltr'><strong>concupiscens,</strong></span> <span class='ocrx_word' id='word_1_135' title='bbox 3042 618 3216 673; x_wconf 86' lang='lat' dir='ltr'><strong>virum</strong></span> <span class='ocrx_word' id='word_1_136' title='bbox 3266 631 3477 674; x_wconf 90' lang='lat' dir='ltr'><strong>veneno</strong></span> <span class='ocrx_word' id='word_1_137' title='bbox 3505 625 3729 675; x_wconf 83' lang='lat' dir='ltr'><strong>necaret</strong></span> <span class='ocrx_word' id='word_1_138' title='bbox 3750 615 3786 659; x_wconf 73' lang='grc' dir='ltr'><strong>(ι</strong></span> <span class='ocrx_word' id='word_1_139' title='bbox 3842 638 3857 675; x_wconf 88' lang='lat'><strong>:</strong></span> 
     </span>
    </p>
   </div>
   <div class='ocr_carea' id='block_1_19' title="bbox 2263 709 3867 783">
    <p class='ocr_par' dir='ltr' id='par_1_19' title="bbox 2263 709 3867 783">
     <span class='ocr_line' id='line_1_19' title="bbox 2263 709 3867 783; baseline 0.001 -17"><span class='ocrx_word' id='word_1_140' title='bbox 2263 726 2370 781; x_wconf 91' lang='lat' dir='ltr'><strong>quo</strong></span> <span class='ocrx_word' id='word_1_141' title='bbox 2396 711 2666 779; x_wconf 86' lang='lat' dir='ltr'><strong>defuncto,</strong></span> <span class='ocrx_word' id='word_1_142' title='bbox 2699 726 2819 766; x_wconf 90' lang='lat' dir='ltr'><strong>cum</strong></span> <span class='ocrx_word' id='word_1_143' title='bbox 2843 709 3046 767; x_wconf 86' lang='lat' dir='ltr'><strong>famulo</strong></span> <span class='ocrx_word' id='word_1_144' title='bbox 3069 711 3233 776; x_wconf 74' lang='lat' dir='ltr'><strong>abiit”;</strong></span> <span class='ocrx_word' id='word_1_145' title='bbox 3262 710 3356 766; x_wconf 90' lang='lat' dir='ltr'><strong>sed</strong></span> <span class='ocrx_word' id='word_1_146' title='bbox 3383 711 3735 783; x_wconf 86' lang='lat' dir='ltr'><strong>apprehensi,</strong></span> <span class='ocrx_word' id='word_1_147' title='bbox 3758 727 3867 783; x_wconf 81' lang='lat' dir='ltr'><strong>pa-</strong></span> 
     </span>
    </p>
   </div>
   <div class='ocr_carea' id='block_1_20' title="bbox 2259 800 3860 873">
    <p class='ocr_par' dir='ltr' id='par_1_20' title="bbox 2259 800 3860 873">
     <span class='ocr_line' id='line_1_20' title="bbox 2259 800 3860 873; baseline 0.001 -15"><span class='ocrx_word' id='word_1_148' title='bbox 2259 804 2391 859; x_wconf 89' lang='lat' dir='ltr'><strong>riter</strong></span> <span class='ocrx_word' id='word_1_149' title='bbox 2421 802 2683 858; x_wconf 89' lang='lat' dir='ltr'><strong>interfecti</strong></span> <span class='ocrx_word' id='word_1_150' title='bbox 2719 810 2862 857; x_wconf 90' lang='lat' dir='ltr'><strong>sunt.</strong></span> <span class='ocrx_word' id='word_1_151' title='bbox 2896 801 3234 872; x_wconf 76' lang='lat' dir='ltr'><strong>Langobardi</strong></span> <span class='ocrx_word' id='word_1_152' title='bbox 3270 800 3530 873; x_wconf 86' lang='lat' dir='ltr'><strong>deinceps</strong></span> <span class='ocrx_word' id='word_1_153' title='bbox 3557 801 3723 859; x_wconf 89' lang='lat' dir='ltr'><strong>alium</strong></span> <span class='ocrx_word' id='word_1_154' title='bbox 3752 816 3860 859; x_wconf 82' lang='lat' dir='ltr'><strong>su-</strong></span> 
     </span>
    </p>
   </div>
   <div class='ocr_carea' id='block_1_21' title="bbox 2259 902 2969 965">
    <p class='ocr_par' dir='ltr' id='par_1_21' title="bbox 2259 902 2969 965">
     <span class='ocr_line' id='line_1_21' title="bbox 2259 902 2969 965; baseline 0 -15"><span class='ocrx_word' id='word_1_155' title='bbox 2259 910 2355 965; x_wconf 88' lang='lat' dir='ltr'><strong>per</strong></span> <span class='ocrx_word' id='word_1_156' title='bbox 2378 910 2439 951; x_wconf 90' lang='lat' dir='ltr'><strong>se</strong></span> <span class='ocrx_word' id='word_1_157' title='bbox 2470 909 2649 965; x_wconf 88' lang='lat' dir='ltr'><strong>regem</strong></span> <span class='ocrx_word' id='word_1_158' title='bbox 2673 902 2927 950; x_wconf 83' lang='lat' dir='ltr'><strong>statuunt.</strong></span> <span class='ocrx_word' id='word_1_159' title='bbox 2965 906 2969 910; x_wconf 85' lang='lat'><strong>&#39;</strong></span> 
     </span>
    </p>
   </div>
   <div class='ocr_carea' id='block_1_22' title="bbox 2330 986 3859 1059">
    <p class='ocr_par' dir='ltr' id='par_1_22' title="bbox 2330 986 3859 1059">
     <span class='ocr_line' id='line_1_22' title="bbox 2330 986 3859 1059; baseline 0.001 -16"><span class='ocrx_word' id='word_1_160' title='bbox 2330 988 2467 1043; x_wconf 76' lang='lat' dir='ltr'><strong>XLII</strong></span> <span class='ocrx_word' id='word_1_161' title='bbox 2517 988 2623 1059; x_wconf 81' lang='grc' dir='ltr'><strong>[Αι.</strong></span> <span class='ocrx_word' id='word_1_162' title='bbox 2654 987 2875 1058; x_wconf 74' lang='grc' dir='ltr'><strong>,ιιινι].</strong></span> <span class='ocrx_word' id='word_1_163' title='bbox 2934 986 3138 1043; x_wconf 87' lang='lat' dir='ltr'><strong>Eunius</strong></span> <span class='ocrx_word' id='word_1_164' title='bbox 3194 1001 3429 1059; x_wconf 87' lang='lat' dir='ltr'><strong>quoque,</strong></span> <span class='ocrx_word' id='word_1_165' title='bbox 3484 998 3859 1059; x_wconf 81' lang='lat' dir='ltr'><strong>cognomento</strong></span> 
     </span>
    </p>
   </div>
   <div class='ocr_carea' id='block_1_23' title="bbox 2260 1078 3867 1151">
    <p class='ocr_par' dir='ltr' id='par_1_23' title="bbox 2260 1078 3867 1151">
     <span class='ocr_line' id='line_1_23' title="bbox 2260 1078 3867 1151; baseline 0.001 -15"><span class='ocrx_word' id='word_1_166' title='bbox 2260 1079 2585 1136; x_wconf 77' lang='lat' dir='ltr'><strong>Mummolus</strong></span> <span class='ocrx_word' id='word_1_167' title='bbox 2609 1120 2625 1146; x_wconf 93' lang='lat'><strong>,</strong></span> <span class='ocrx_word' id='word_1_168' title='bbox 2669 1096 2701 1134; x_wconf 91' lang='lat' dir='ltr'><strong>a</strong></span> <span class='ocrx_word' id='word_1_169' title='bbox 2728 1081 2869 1151; x_wconf 69' lang='lat' dir='ltr'><strong>(rege</strong></span> <span class='ocrx_word' id='word_1_170' title='bbox 2900 1078 3302 1135; x_wconf 89' lang='lat' dir='ltr'><strong>Cuntchramno</strong></span> <span class='ocrx_word' id='word_1_171' title='bbox 3342 1080 3678 1151; x_wconf 84' lang='lat' dir='ltr'><strong>patriciatum</strong></span> <span class='ocrx_word' id='word_1_172' title='bbox 3730 1095 3867 1151; x_wconf 52' lang='lat' dir='ltr'><strong>pro.</strong></span> 
     </span>
    </p>
   </div>
   <div class='ocr_carea' id='block_1_24' title="bbox 2259 1171 3863 1243">
    <p class='ocr_par' dir='ltr' id='par_1_24' title="bbox 2259 1171 3863 1243">
     <span class='ocr_line' id='line_1_24' title="bbox 2259 1171 3863 1243; baseline 0 -14"><span class='ocrx_word' id='word_1_173' title='bbox 2259 1172 2452 1229; x_wconf 90' lang='lat' dir='ltr'><strong>meruit</strong></span> <span class='ocrx_word' id='word_1_174' title='bbox 2482 1188 2497 1227; x_wconf 90' lang='lat'><strong>:</strong></span> <span class='ocrx_word' id='word_1_175' title='bbox 2526 1172 2594 1227; x_wconf 90' lang='lat' dir='ltr'><strong>de</strong></span> <span class='ocrx_word' id='word_1_176' title='bbox 2629 1172 2781 1243; x_wconf 90' lang='lat' dir='ltr'><strong>cujus</strong></span> <span class='ocrx_word' id='word_1_177' title='bbox 2812 1171 3016 1228; x_wconf 69' lang='lat' dir='ltr'><strong>militia:</strong></span> <span class='ocrx_word' id='word_1_178' title='bbox 3044 1172 3271 1242; x_wconf 90' lang='lat' dir='ltr'><strong>origine,</strong></span> <span class='ocrx_word' id='word_1_179' title='bbox 3302 1172 3463 1228; x_wconf 87' lang='lat' dir='ltr'><strong>altius</strong></span> <span class='ocrx_word' id='word_1_180' title='bbox 3486 1172 3736 1243; x_wconf 59' lang='lat' dir='ltr'><strong>quasdam</strong></span> <span class='ocrx_word' id='word_1_181' title='bbox 3762 1188 3863 1229; x_wconf 58' lang='lat' dir='ltr'><strong>reo</strong></span> 
     </span>
    </p>
   </div>
   <div class='ocr_carea' id='block_1_25' title="bbox 2264 1262 3855 1337">
    <p class='ocr_par' dir='ltr' id='par_1_25' title="bbox 2264 1262 3855 1337">
     <span class='ocr_line' id='line_1_25' title="bbox 2264 1262 3855 1337; baseline 0.002 -19"><span class='ocrx_word' id='word_1_182' title='bbox 2264 1263 2494 1333; x_wconf 92' lang='lat' dir='ltr'><strong>petenda</strong></span> <span class='ocrx_word' id='word_1_183' title='bbox 2539 1263 2737 1333; x_wconf 88' lang='lat' dir='ltr'><strong>putavi.</strong></span> <span class='ocrx_word' id='word_1_184' title='bbox 2784 1262 2879 1319; x_wconf 92' lang='lat' dir='ltr'><strong>Ilic</strong></span> <span class='ocrx_word' id='word_1_185' title='bbox 2933 1264 3131 1319; x_wconf 90' lang='lat' dir='ltr'><strong>etenim</strong></span> <span class='ocrx_word' id='word_1_186' title='bbox 3182 1264 3425 1321; x_wconf 86' lang='lat' dir='ltr'><strong>Peonio&#39;</strong></span> <span class='ocrx_word' id='word_1_187' title='bbox 3464 1275 3616 1337; x_wconf 83' lang='lat' dir='ltr'><strong>patre</strong></span> <span class='ocrx_word' id='word_1_188' title='bbox 3660 1274 3855 1328; x_wconf 88' lang='lat' dir='ltr'><strong>ortus,</strong></span> 
     </span>
    </p>
   </div>
   <div class='ocr_carea' id='block_1_26' title="bbox 2255 1346 3861 1414">
    <p class='ocr_par' dir='ltr' id='par_1_26' title="bbox 2255 1346 3861 1414">
     <span class='ocr_line' id='line_1_26' title="bbox 2255 1346 3861 1414; baseline 0.003 -5"><span class='ocrx_word' id='word_1_189' title='bbox 2255 1353 2742 1409; x_wconf 83' lang='lat' dir='ltr'><strong>Autissiodurensis</strong></span> <span class='ocrx_word' id='word_1_190' title='bbox 2790 1353 2939 1410; x_wconf 88' lang='lat' dir='ltr'><strong>urbis</strong></span> <span class='ocrx_word' id='word_1_191' title='bbox 3004 1354 3180 1411; x_wconf 87' lang='lat' dir='ltr'><strong>incola</strong></span> <span class='ocrx_word' id='word_1_192' title='bbox 3223 1354 3342 1411; x_wconf 89' lang='lat' dir='ltr'><strong>fuit.</strong></span> <span class='ocrx_word' id='word_1_193' title='bbox 3390 1346 3658 1414; x_wconf 33' lang='lat' dir='ltr'><strong>‘Peonius</strong></span> <span class='ocrx_word' id='word_1_194' title='bbox 3725 1371 3861 1414; x_wconf 86' lang='lat' dir='ltr'><strong>vero</strong></span> 
     </span>
    </p>
   </div>
   <div class='ocr_carea' id='block_1_27' title="bbox 2256 1446 3861 1521">
    <p class='ocr_par' dir='ltr' id='par_1_27' title="bbox 2256 1446 3861 1521">
     <span class='ocr_line' id='line_1_27' title="bbox 2256 1446 3861 1521; baseline 0.002 -18"><span class='ocrx_word' id='word_1_195' title='bbox 2256 1447 2415 1517; x_wconf 88' lang='lat' dir='ltr'><strong>hujus</strong></span> <span class='ocrx_word' id='word_1_196' title='bbox 2484 1447 2762 1517; x_wconf 88' lang='lat' dir='ltr'><strong>municipii</strong></span> <span class='ocrx_word' id='word_1_197' title='bbox 2811 1447 3123 1503; x_wconf 90' lang='lat' dir='ltr'><strong>comitatum</strong></span> <span class='ocrx_word' id='word_1_198' title='bbox 3189 1446 3427 1517; x_wconf 85' lang='lat' dir='ltr'><strong>regebat.</strong></span> <span class='ocrx_word' id='word_1_199' title='bbox 3485 1447 3733 1521; x_wconf 86' lang='lat' dir='ltr'><strong>Cumque</strong></span> <span class='ocrx_word' id='word_1_200' title='bbox 3790 1450 3861 1505; x_wconf 71' lang='lat' dir='ltr'><strong>ad</strong></span> 
     </span>
    </p>
   </div>
   <div class='ocr_carea' id='block_1_28' title="bbox 2254 1535 3860 1610">
    <p class='ocr_par' dir='ltr' id='par_1_28' title="bbox 2254 1535 3860 1610">
     <span class='ocr_line' id='line_1_28' title="bbox 2254 1535 3860 1610; baseline 0.001 -16"><span class='ocrx_word' id='word_1_201' title='bbox 2254 1537 2616 1594; x_wconf 88' lang='lat' dir='ltr'><strong>renovandam</strong></span> <span class='ocrx_word' id='word_1_202' title='bbox 2663 1537 2928 1594; x_wconf 87' lang='lat' dir='ltr'><strong>actionem</strong></span> <span class='ocrx_word' id='word_1_203' title='bbox 2995 1535 3056 1605; x_wconf 71' lang='grc' dir='ltr'><strong>ί,</strong></span> <span class='ocrx_word' id='word_1_204' title='bbox 3107 1553 3329 1595; x_wconf 90' lang='lat' dir='ltr'><strong>munera</strong></span> <span class='ocrx_word' id='word_1_205' title='bbox 3375 1538 3487 1610; x_wconf 90' lang='lat' dir='ltr'><strong>regi</strong></span> <span class='ocrx_word' id='word_1_206' title='bbox 3534 1553 3634 1610; x_wconf 89' lang='lat' dir='ltr'><strong>per</strong></span> <span class='ocrx_word' id='word_1_207' title='bbox 3687 1539 3860 1597; x_wconf 81' lang='lat' dir='ltr'><strong>ﬁlium</strong></span> 
     </span>
    </p>
   </div>
   <div class='ocr_carea' id='block_1_29' title="bbox 2261 1622 3860 1702">
    <p class='ocr_par' dir='ltr' id='par_1_29' title="bbox 2261 1622 3860 1702">
     <span class='ocr_line' id='line_1_29' title="bbox 2261 1622 3860 1702; baseline 0.003 -18"><span class='ocrx_word' id='word_1_208' title='bbox 2261 1630 2418 1702; x_wconf 78' lang='lat'><strong>183</strong></span> <span class='ocrx_word' id='word_1_209' title='bbox 2454 1629 2771 1696; x_wconf 85' lang='lat' dir='ltr'><strong>transmisit,</strong></span> <span class='ocrx_word' id='word_1_210' title='bbox 2824 1630 2914 1686; x_wconf 91' lang='lat' dir='ltr'><strong>ille</strong></span> <span class='ocrx_word' id='word_1_211' title='bbox 2952 1622 3095 1686; x_wconf 85' lang='lat' dir='ltr'><strong>datis</strong></span> <span class='ocrx_word' id='word_1_212' title='bbox 3150 1629 3311 1686; x_wconf 84' lang='lat' dir='ltr'><strong>rebus</strong></span> <span class='ocrx_word' id='word_1_213' title='bbox 3365 1630 3635 1701; x_wconf 83' lang='lat' dir='ltr'><strong>paternis,</strong></span> <span class='ocrx_word' id='word_1_214' title='bbox 3690 1632 3860 1688; x_wconf 81' lang='lat' dir='ltr'><strong>comi-</strong></span> 
     </span>
    </p>
   </div>
   <div class='ocr_carea' id='block_1_30' title="bbox 2255 1720 3857 1794">
    <p class='ocr_par' dir='ltr' id='par_1_30' title="bbox 2255 1720 3857 1794">
     <span class='ocr_line' id='line_1_30' title="bbox 2255 1720 3857 1794; baseline 0.001 -17"><span class='ocrx_word' id='word_1_215' title='bbox 2255 1732 2423 1777; x_wconf 90' lang='lat' dir='ltr'><strong>tatum</strong></span> <span class='ocrx_word' id='word_1_216' title='bbox 2472 1720 2640 1792; x_wconf 88' lang='lat' dir='ltr'><strong>patris</strong></span> <span class='ocrx_word' id='word_1_217' title='bbox 2687 1721 2942 1790; x_wconf 85' lang='lat' dir='ltr'><strong>ambivit,</strong></span> <span class='ocrx_word' id='word_1_218' title='bbox 3006 1720 3473 1792; x_wconf 89' lang='lat' dir='ltr'><strong>supplantavitque</strong></span> <span class='ocrx_word' id='word_1_219' title='bbox 3518 1721 3857 1794; x_wconf 83' lang='lat' dir='ltr'><strong>genitorem,</strong></span> 
     </span>
    </p>
   </div>
   <div class='ocr_carea' id='block_1_31' title="bbox 2255 1813 3859 1887">
    <p class='ocr_par' dir='ltr' id='par_1_31' title="bbox 2255 1813 3859 1887">
     <span class='ocr_line' id='line_1_31' title="bbox 2255 1813 3859 1887; baseline 0 -16"><span class='ocrx_word' id='word_1_220' title='bbox 2255 1830 2414 1887; x_wconf 91' lang='lat' dir='ltr'><strong>quem</strong></span> <span class='ocrx_word' id='word_1_221' title='bbox 2466 1815 2747 1871; x_wconf 88' lang='lat' dir='ltr'><strong>sublevare</strong></span> <span class='ocrx_word' id='word_1_222' title='bbox 2796 1815 3075 1870; x_wconf 85' lang='lat' dir='ltr'><strong>debuerat.</strong></span> <span class='ocrx_word' id='word_1_223' title='bbox 3128 1813 3211 1870; x_wconf 86' lang='lat' dir='ltr'><strong>Ex</strong></span> <span class='ocrx_word' id='word_1_224' title='bbox 3261 1813 3365 1869; x_wconf 88' lang='lat' dir='ltr'><strong>hoc</strong></span> <span class='ocrx_word' id='word_1_225' title='bbox 3406 1827 3538 1870; x_wconf 83' lang='lat' dir='ltr'><strong>vero</strong></span> <span class='ocrx_word' id='word_1_226' title='bbox 3586 1815 3859 1886; x_wconf 78' lang='lat' dir='ltr'><strong>gradatim</strong></span> 
     </span>
    </p>
   </div>
   <div class='ocr_carea' id='block_1_32' title="bbox 556 1907 3859 1982">
    <p class='ocr_par' dir='ltr' id='par_1_32' title="bbox 556 1907 3859 1982">
     <span class='ocr_line' id='line_1_32' title="bbox 556 1907 3859 1982; baseline -0.001 -13"><span class='ocrx_word' id='word_1_227' title='bbox 556 1910 817 1982; x_wconf 89' lang='lat' dir='ltr'><strong>litudinis,</strong></span> <span class='ocrx_word' id='word_1_228' title='bbox 848 1911 1130 1980; x_wconf 89' lang='lat' dir='ltr'><strong>evaginato</strong></span> <span class='ocrx_word' id='word_1_229' title='bbox 1144 1910 1364 1980; x_wconf 86' lang='lat' dir='ltr'><strong>‘gladio,</strong></span> <span class='ocrx_word' id='word_1_230' title='bbox 1398 1924 1704 1980; x_wconf 89' lang='lat' dir='ltr'><strong>cornuaque</strong></span> <span class='ocrx_word' id='word_1_231' title='bbox 1748 1909 1891 1965; x_wconf 85' lang='lat' dir='ltr'><strong>ensis</strong></span> <span class='ocrx_word' id='word_1_232' title='bbox 1922 1910 2149 1979; x_wconf 88' lang='lat' dir='ltr'><strong>pedibus</strong></span> <span class='ocrx_word' id='word_1_233' title='bbox 2176 1911 2226 1976; x_wconf 83' lang='grc' dir='ltr'><strong>Β</strong></span> <span class='ocrx_word' id='word_1_234' title='bbox 2258 1911 2569 1982; x_wconf 85' lang='lat' dir='ltr'><strong>proﬁciens,</strong></span> <span class='ocrx_word' id='word_1_235' title='bbox 2595 1909 2663 1964; x_wconf 92' lang='lat' dir='ltr'><strong>ad</strong></span> <span class='ocrx_word' id='word_1_236' title='bbox 2691 1909 2864 1979; x_wconf 87' lang='lat' dir='ltr'><strong>majus</strong></span> <span class='ocrx_word' id='word_1_237' title='bbox 2887 1908 3099 1964; x_wconf 91' lang='lat' dir='ltr'><strong>culmen</strong></span> <span class='ocrx_word' id='word_1_238' title='bbox 3129 1916 3349 1965; x_wconf 88' lang='lat' dir='ltr'><strong>evectus</strong></span> <span class='ocrx_word' id='word_1_239' title='bbox 3384 1916 3488 1965; x_wconf 87' lang='lat' dir='ltr'><strong>est.</strong></span> <span class='ocrx_word' id='word_1_240' title='bbox 3517 1907 3693 1979; x_wconf 89' lang='lat' dir='ltr'><strong>Igitur</strong></span> <span class='ocrx_word' id='word_1_241' title='bbox 3730 1922 3859 1979; x_wconf 87' lang='lat' dir='ltr'><strong>pro-</strong></span> 
     </span>
    </p>
   </div>
   <div class='ocr_carea' id='block_1_33' title="bbox 557 2000 2148 2071">
    <p class='ocr_par' dir='ltr' id='par_1_33' title="bbox 557 2000 2148 2071">
     <span class='ocr_line' id='line_1_33' title="bbox 557 2000 2148 2071; baseline -0.002 -12"><span class='ocrx_word' id='word_1_242' title='bbox 557 2004 797 2071; x_wconf 89' lang='lat' dir='ltr'><strong>calcans,</strong></span> <span class='ocrx_word' id='word_1_243' title='bbox 828 2016 1052 2057; x_wconf 91' lang='lat' dir='ltr'><strong>acumen</strong></span> <span class='ocrx_word' id='word_1_244' title='bbox 1082 2001 1149 2055; x_wconf 89' lang='lat' dir='ltr'><strong>ad</strong></span> <span class='ocrx_word' id='word_1_245' title='bbox 1179 2010 1365 2070; x_wconf 88' lang='lat' dir='ltr'><strong>pectus</strong></span> <span class='ocrx_word' id='word_1_246' title='bbox 1406 2001 1596 2066; x_wconf 73' lang='lat' dir='ltr'><strong>erexit,</strong></span> <span class='ocrx_word' id='word_1_247' title='bbox 1631 2001 2026 2071; x_wconf 88' lang='lat' dir='ltr'><strong>impressusque</strong></span> <span class='ocrx_word' id='word_1_248' title='bbox 2054 2000 2148 2057; x_wconf 91' lang='lat' dir='ltr'><strong>de-</strong></span> 
     </span>
    </p>
   </div>
   <div class='ocr_carea' id='block_1_34' title="bbox 556 2096 2148 2169">
    <p class='ocr_par' dir='ltr' id='par_1_34' title="bbox 556 2096 2148 2169">
     <span class='ocr_line' id='line_1_34' title="bbox 556 2096 2148 2169; baseline 0 -16"><span class='ocrx_word' id='word_1_249' title='bbox 556 2114 743 2169; x_wconf 91' lang='lat' dir='ltr'><strong>super,</strong></span> <span class='ocrx_word' id='word_1_250' title='bbox 771 2098 979 2168; x_wconf 87' lang='lat' dir='ltr'><strong>gladius</strong></span> <span class='ocrx_word' id='word_1_251' title='bbox 1004 2096 1073 2152; x_wconf 91' lang='lat' dir='ltr'><strong>ab</strong></span> <span class='ocrx_word' id='word_1_252' title='bbox 1092 2112 1197 2153; x_wconf 91' lang='lat' dir='ltr'><strong>una</strong></span> <span class='ocrx_word' id='word_1_253' title='bbox 1225 2097 1497 2167; x_wconf 89' lang='lat' dir='ltr'><strong>ingressus</strong></span> <span class='ocrx_word' id='word_1_254' title='bbox 1527 2096 1761 2151; x_wconf 77' lang='lat' dir='ltr'><strong>mamilla</strong></span> <span class='ocrx_word' id='word_1_255' title='bbox 1802 2096 1857 2151; x_wconf 92' lang='lat' dir='ltr'><strong>in</strong></span> <span class='ocrx_word' id='word_1_256' title='bbox 1884 2097 2148 2165; x_wconf 87' lang='lat' dir='ltr'><strong>spatulam</strong></span> 
     </span>
    </p>
   </div>
   <div class='ocr_carea' id='block_1_35' title="bbox 555 2186 2149 2260">
    <p class='ocr_par' dir='ltr' id='par_1_35' title="bbox 555 2186 2149 2260">
     <span class='ocr_line' id='line_1_35' title="bbox 555 2186 2149 2260; baseline -0.003 -13"><span class='ocrx_word' id='word_1_257' title='bbox 555 2191 703 2247; x_wconf 90' lang='lat' dir='ltr'><strong>dorsi</strong></span> <span class='ocrx_word' id='word_1_258' title='bbox 728 2204 1002 2260; x_wconf 89' lang='lat' dir='ltr'><strong>regressus</strong></span> <span class='ocrx_word' id='word_1_259' title='bbox 1032 2195 1155 2244; x_wconf 89' lang='lat' dir='ltr'><strong>est:</strong></span> <span class='ocrx_word' id='word_1_260' title='bbox 1185 2197 1502 2256; x_wconf 89' lang='lat' dir='ltr'><strong>erectusque</strong></span> <span class='ocrx_word' id='word_1_261' title='bbox 1533 2186 1749 2252; x_wconf 88' lang='lat' dir='ltr'><strong>iterum,</strong></span> <span class='ocrx_word' id='word_1_262' title='bbox 1789 2186 2040 2242; x_wconf 89' lang='lat' dir='ltr'><strong>similiter</strong></span> <span class='ocrx_word' id='word_1_263' title='bbox 2070 2188 2149 2243; x_wconf 91' lang='lat' dir='ltr'><strong>aI-</strong></span> 
     </span>
    </p>
   </div>
   <div class='ocr_carea' id='block_1_36' title="bbox 554 2277 2148 2350">
    <p class='ocr_par' dir='ltr' id='par_1_36' title="bbox 554 2277 2148 2350">
     <span class='ocr_line' id='line_1_36' title="bbox 554 2277 2148 2350; baseline -0.002 -13"><span class='ocrx_word' id='word_1_264' title='bbox 554 2291 669 2339; x_wconf 87' lang='lat' dir='ltr'><strong>tera</strong></span> <span class='ocrx_word' id='word_1_265' title='bbox 696 2281 927 2337; x_wconf 88' lang='lat' dir='ltr'><strong>mamilla</strong></span> <span class='ocrx_word' id='word_1_266' title='bbox 960 2281 1231 2350; x_wconf 70' lang='lat' dir='ltr'><strong>perfossus</strong></span> <span class='ocrx_word' id='word_1_267' title='bbox 1257 2279 1468 2347; x_wconf 90' lang='lat' dir='ltr'><strong>cecidit,</strong></span> <span class='ocrx_word' id='word_1_268' title='bbox 1508 2287 1563 2334; x_wconf 92' lang='lat' dir='ltr'><strong>et</strong></span> <span class='ocrx_word' id='word_1_269' title='bbox 1590 2287 1833 2334; x_wconf 88' lang='lat' dir='ltr'><strong>mortuus</strong></span> <span class='ocrx_word' id='word_1_270' title='bbox 1858 2286 1943 2334; x_wconf 89' lang='lat' dir='ltr'><strong>est</strong></span> <span class='ocrx_word' id='word_1_271' title='bbox 1966 2292 1978 2335; x_wconf 87' lang='lat'><strong>:</strong></span> <span class='ocrx_word' id='word_1_272' title='bbox 2003 2277 2148 2349; x_wconf 89' lang='lat' dir='ltr'><strong>quod</strong></span> 
     </span>
    </p>
   </div>
   <div class='ocr_carea' id='block_1_37' title="bbox 552 2369 2145 2440">
    <p class='ocr_par' dir='ltr' id='par_1_37' title="bbox 552 2369 2145 2440">
     <span class='ocr_line' id='line_1_37' title="bbox 552 2369 2145 2440; baseline -0.005 -9"><span class='ocrx_word' id='word_1_273' title='bbox 552 2389 659 2431; x_wconf 81' lang='lat' dir='ltr'><strong>non</strong></span> <span class='ocrx_word' id='word_1_274' title='bbox 686 2374 803 2429; x_wconf 91' lang='lat' dir='ltr'><strong>sine</strong></span> <span class='ocrx_word' id='word_1_275' title='bbox 847 2372 1047 2427; x_wconf 91' lang='lat' dir='ltr'><strong>diaboli</strong></span> <span class='ocrx_word' id='word_1_276' title='bbox 1090 2385 1253 2440; x_wconf 88' lang='lat' dir='ltr'><strong>opere</strong></span> <span class='ocrx_word' id='word_1_277' title='bbox 1292 2370 1585 2439; x_wconf 83' lang='lat' dir='ltr'><strong>perfectum</strong></span> <span class='ocrx_word' id='word_1_278' title='bbox 1630 2369 1804 2425; x_wconf 89' lang='lat' dir='ltr'><strong>scelus</strong></span> <span class='ocrx_word' id='word_1_279' title='bbox 1842 2369 2019 2425; x_wconf 88' lang='lat' dir='ltr'><strong>mirati</strong></span> <span class='ocrx_word' id='word_1_280' title='bbox 2047 2384 2145 2425; x_wconf 91' lang='lat' dir='ltr'><strong>su-</strong></span> 
     </span>
    </p>
   </div>
   <div class='ocr_carea' id='block_1_38' title="bbox 552 2461 2144 2534">
    <p class='ocr_par' dir='ltr' id='par_1_38' title="bbox 552 2461 2144 2534">
     <span class='ocr_line' id='line_1_38' title="bbox 552 2461 2144 2534; baseline -0.003 -14"><span class='ocrx_word' id='word_1_281' title='bbox 552 2478 691 2521; x_wconf 89' lang='lat' dir='ltr'><strong>mus.</strong></span> <span class='ocrx_word' id='word_1_282' title='bbox 722 2464 855 2519; x_wconf 85' lang='lat' dir='ltr'><strong>Nam</strong></span> <span class='ocrx_word' id='word_1_283' title='bbox 900 2464 1067 2533; x_wconf 90' lang='lat' dir='ltr'><strong>prima</strong></span> <span class='ocrx_word' id='word_1_284' title='bbox 1104 2464 1262 2534; x_wconf 73' lang='lat'><strong>182</strong></span> <span class='ocrx_word' id='word_1_285' title='bbox 1288 2476 1409 2517; x_wconf 91' lang='lat' dir='ltr'><strong>eum</strong></span> <span class='ocrx_word' id='word_1_286' title='bbox 1442 2461 1593 2531; x_wconf 85' lang='lat' dir='ltr'><strong>plaga</strong></span> <span class='ocrx_word' id='word_1_287' title='bbox 1620 2461 1923 2517; x_wconf 89' lang='lat' dir='ltr'><strong>interlicere</strong></span> <span class='ocrx_word' id='word_1_288' title='bbox 1953 2462 2144 2531; x_wconf 93' lang='lat' dir='ltr'><strong>potuit,</strong></span> 
     </span>
    </p>
   </div>
   <div class='ocr_carea' id='block_1_39' title="bbox 552 2558 2147 2628">
    <p class='ocr_par' dir='ltr' id='par_1_39' title="bbox 552 2558 2147 2628">
     <span class='ocr_line' id='line_1_39' title="bbox 552 2558 2147 2628; baseline -0.001 -14"><span class='ocrx_word' id='word_1_289' title='bbox 552 2558 735 2614; x_wconf 80' lang='lat' dir='ltr'><strong>sinon</strong></span> <span class='ocrx_word' id='word_1_290' title='bbox 777 2558 1019 2613; x_wconf 83' lang='lat' dir='ltr'><strong>diabolus</strong></span> <span class='ocrx_word' id='word_1_291' title='bbox 1062 2558 1481 2614; x_wconf 84' lang='lat' dir='ltr'><strong>sustentaculum</strong></span> <span class='ocrx_word' id='word_1_292' title='bbox 1514 2558 1864 2628; x_wconf 81' lang='lat' dir='ltr'><strong>praebuisset,</strong></span> <span class='ocrx_word' id='word_1_293' title='bbox 1896 2572 2002 2627; x_wconf 90' lang='lat' dir='ltr'><strong>quo</strong></span> <span class='ocrx_word' id='word_1_294' title='bbox 2030 2559 2147 2613; x_wconf 61' lang='lat' dir='ltr'><strong>haec</strong></span> 
     </span>
    </p>
   </div>
   <div class='ocr_carea' id='block_1_40' title="bbox 552 2648 2142 2720">
    <p class='ocr_par' dir='ltr' id='par_1_40' title="bbox 552 2648 2142 2720">
     <span class='ocr_line' id='line_1_40' title="bbox 552 2648 2142 2720; baseline 0 -17"><span class='ocrx_word' id='word_1_295' title='bbox 552 2648 785 2705; x_wconf 81' lang='lat' dir='ltr'><strong>nefanda</strong></span> <span class='ocrx_word' id='word_1_296' title='bbox 800 2658 1096 2720; x_wconf 89' lang='lat' dir='ltr'><strong>perageret.</strong></span> <span class='ocrx_word' id='word_1_297' title='bbox 1113 2649 1291 2705; x_wconf 87' lang='lat' dir='ltr'><strong>Currit</strong></span> <span class='ocrx_word' id='word_1_298' title='bbox 1306 2657 1477 2705; x_wconf 89' lang='lat' dir='ltr'><strong>mater</strong></span> <span class='ocrx_word' id='word_1_299' title='bbox 1491 2649 1775 2715; x_wconf 82' lang='lat' dir='ltr'><strong>exanimis,</strong></span> <span class='ocrx_word' id='word_1_300' title='bbox 1791 2657 1845 2704; x_wconf 93' lang='lat' dir='ltr'><strong>et</strong></span> <span class='ocrx_word' id='word_1_301' title='bbox 1864 2662 2025 2718; x_wconf 88' lang='lat' dir='ltr'><strong>supra</strong></span> <span class='ocrx_word' id='word_1_302' title='bbox 2049 2648 2142 2703; x_wconf 91' lang='lat' dir='ltr'><strong>ﬁlii</strong></span> 
     </span>
    </p>
   </div>
   <div class='ocr_carea' id='block_1_41' title="bbox 554 2736 2146 2811">
    <p class='ocr_par' dir='ltr' id='par_1_41' title="bbox 554 2736 2146 2811">
     <span class='ocr_line' id='line_1_41' title="bbox 554 2736 2146 2811; baseline 0 -16"><span class='ocrx_word' id='word_1_303' title='bbox 554 2741 932 2811; x_wconf 87' lang='lat' dir='ltr'><strong>corpusculum</strong></span> <span class='ocrx_word' id='word_1_304' title='bbox 962 2740 1149 2796; x_wconf 90' lang='lat' dir='ltr'><strong>orbata</strong></span> <span class='ocrx_word' id='word_1_305' title='bbox 1179 2741 1497 2806; x_wconf 88' lang='lat' dir='ltr'><strong>collabitur,</strong></span> <span class='ocrx_word' id='word_1_306' title='bbox 1546 2749 1707 2810; x_wconf 89' lang='lat' dir='ltr'><strong>atque</strong></span> <span class='ocrx_word' id='word_1_307' title='bbox 1741 2740 1918 2795; x_wconf 90' lang='lat' dir='ltr'><strong>omnis</strong></span> <span class='ocrx_word' id='word_1_308' title='bbox 1946 2736 2146 2795; x_wconf 84' lang='lat' dir='ltr'><strong>familia</strong></span> 
     </span>
    </p>
   </div>
   <div class='ocr_carea' id='block_1_42' title="bbox 553 2833 2143 2903">
    <p class='ocr_par' dir='ltr' id='par_1_42' title="bbox 553 2833 2143 2903">
     <span class='ocr_line' id='line_1_42' title="bbox 553 2833 2143 2903; baseline 0.002 -16"><span class='ocrx_word' id='word_1_309' title='bbox 553 2848 717 2889; x_wconf 87' lang='lat' dir='ltr'><strong>voces</strong></span> <span class='ocrx_word' id='word_1_310' title='bbox 738 2833 981 2903; x_wconf 90' lang='lat' dir='ltr'><strong>planctus</strong></span> <span class='ocrx_word' id='word_1_311' title='bbox 1007 2834 1224 2889; x_wconf 89' lang='lat' dir='ltr'><strong>emittit.</strong></span> <span class='ocrx_word' id='word_1_312' title='bbox 1258 2833 1634 2889; x_wconf 86' lang='lat' dir='ltr'><strong>Verumtamen</strong></span> <span class='ocrx_word' id='word_1_313' title='bbox 1662 2834 1730 2889; x_wconf 91' lang='lat' dir='ltr'><strong>ad</strong></span> <span class='ocrx_word' id='word_1_314' title='bbox 1757 2835 2143 2890; x_wconf 81' lang='lat' dir='ltr'><strong>monasterium</strong></span> 
     </span>
    </p>
   </div>
   <div class='ocr_carea' id='block_1_43' title="bbox 559 2924 2138 2995">
    <p class='ocr_par' dir='ltr' id='par_1_43' title="bbox 559 2924 2138 2995">
     <span class='ocr_line' id='line_1_43' title="bbox 559 2924 2138 2995; baseline -0.001 -14"><span class='ocrx_word' id='word_1_315' title='bbox 559 2924 1003 2983; x_wconf 89' lang='lat' dir='ltr'><strong>Chrononensem</strong></span> <span class='ocrx_word' id='word_1_316' title='bbox 1029 2934 1056 2963; x_wconf 78' lang='grc' dir='ltr'>ι</span> <span class='ocrx_word' id='word_1_317' title='bbox 1070 2925 1278 2981; x_wconf 87' lang='lat' dir='ltr'><strong>delatus</strong></span> <span class='ocrx_word' id='word_1_318' title='bbox 1290 2925 1575 2995; x_wconf 76' lang='lat' dir='ltr'><strong>sepulturae</strong></span> <span class='ocrx_word' id='word_1_319' title='bbox 1593 2924 1895 2993; x_wconf 90' lang='lat' dir='ltr'><strong>mandatur,</strong></span> <span class='ocrx_word' id='word_1_320' title='bbox 1910 2924 2006 2981; x_wconf 89' lang='lat' dir='ltr'><strong>sed</strong></span> <span class='ocrx_word' id='word_1_321' title='bbox 2030 2940 2138 2980; x_wconf 89' lang='lat' dir='ltr'><strong>non</strong></span> 
     </span>
    </p>
   </div>
   <div class='ocr_carea' id='block_1_44' title="bbox 557 3017 2145 3088">
    <p class='ocr_par' dir='ltr' id='par_1_44' title="bbox 557 3017 2145 3088">
     <span class='ocr_line' id='line_1_44' title="bbox 557 3017 2145 3088; baseline -0.002 -14"><span class='ocrx_word' id='word_1_322' title='bbox 557 3018 712 3088; x_wconf 88' lang='lat' dir='ltr'><strong>juxta</strong></span> <span class='ocrx_word' id='word_1_323' title='bbox 748 3018 1175 3075; x_wconf 89' lang='lat' dir='ltr'><strong>Christianorum</strong></span> <span class='ocrx_word' id='word_1_324' title='bbox 1202 3018 1459 3074; x_wconf 87' lang='lat' dir='ltr'><strong>cadavera</strong></span> <span class='ocrx_word' id='word_1_325' title='bbox 1499 3018 1725 3086; x_wconf 90' lang='lat' dir='ltr'><strong>positus,</strong></span> <span class='ocrx_word' id='word_1_326' title='bbox 1751 3018 1850 3071; x_wconf 89' lang='lat' dir='ltr'><strong>sed</strong></span> <span class='ocrx_word' id='word_1_327' title='bbox 1892 3031 1991 3073; x_wconf 92' lang='lat' dir='ltr'><strong>nec</strong></span> <span class='ocrx_word' id='word_1_328' title='bbox 2022 3017 2145 3072; x_wconf 80' lang='lat' dir='ltr'><strong>Mis-</strong></span> 
     </span>
    </p>
   </div>
   <div class='ocr_carea' id='block_1_45' title="bbox 556 3097 2142 3179">
    <p class='ocr_par' dir='ltr' id='par_1_45' title="bbox 556 3097 2142 3179">
     <span class='ocr_line' id='line_1_45' title="bbox 556 3097 2142 3179; baseline -0.003 -11"><span class='ocrx_word' id='word_1_329' title='bbox 556 3126 741 3169; x_wconf 85' lang='lat' dir='ltr'><strong>sarum</strong></span> <span class='ocrx_word' id='word_1_330' title='bbox 759 3112 1018 3168; x_wconf 90' lang='lat' dir='ltr'><strong>solemnia</strong></span> <span class='ocrx_word' id='word_1_331' title='bbox 1037 3097 1232 3167; x_wconf 82' lang='lat' dir='ltr'><strong>meruit</strong></span> <span class='ocrx_word' id='word_1_332' title='bbox 1248 3110 1298 3167; x_wconf 71' lang='grc' dir='ltr'><strong>δ.</strong></span> <span class='ocrx_word' id='word_1_333' title='bbox 1329 3111 1481 3179; x_wconf 84' lang='lat' dir='ltr'><strong>Quod</strong></span> <span class='ocrx_word' id='word_1_334' title='bbox 1504 3126 1610 3167; x_wconf 92' lang='lat' dir='ltr'><strong>non</strong></span> <span class='ocrx_word' id='word_1_335' title='bbox 1647 3111 1716 3166; x_wconf 92' lang='lat' dir='ltr'><strong>ob</strong></span> <span class='ocrx_word' id='word_1_336' title='bbox 1738 3111 1897 3165; x_wconf 91' lang='lat' dir='ltr'><strong>aliam</strong></span> <span class='ocrx_word' id='word_1_337' title='bbox 1925 3124 2142 3165; x_wconf 91' lang='lat' dir='ltr'><strong>causam</strong></span> 
     </span>
    </p>
   </div>
   <div class='ocr_carea' id='block_1_46' title="bbox 547 3201 2140 3273">
    <p class='ocr_par' dir='ltr' id='par_1_46' title="bbox 547 3201 2140 3273">
     <span class='ocr_line' id='line_1_46' title="bbox 547 3201 2140 3273; baseline -0.003 -14"><span class='ocrx_word' id='word_1_338' title='bbox 547 3202 653 3259; x_wconf 85' lang='lat' dir='ltr'><strong>nisi</strong></span> <span class='ocrx_word' id='word_1_339' title='bbox 674 3204 744 3259; x_wconf 81' lang='lat' dir='ltr'><strong>ob</strong></span> <span class='ocrx_word' id='word_1_340' title='bbox 788 3203 1038 3272; x_wconf 90' lang='lat' dir='ltr'><strong>injuriam</strong></span> <span class='ocrx_word' id='word_1_341' title='bbox 1064 3203 1322 3273; x_wconf 88' lang='lat' dir='ltr'><strong>episcopi,</strong></span> <span class='ocrx_word' id='word_1_342' title='bbox 1363 3203 1478 3257; x_wconf 66' lang='lat' dir='ltr'><strong>haec</strong></span> <span class='ocrx_word' id='word_1_343' title='bbox 1497 3204 1546 3258; x_wconf 92' lang='lat' dir='ltr'><strong>ei</strong></span> <span class='ocrx_word' id='word_1_344' title='bbox 1578 3201 1823 3257; x_wconf 89' lang='lat' dir='ltr'><strong>evenisse</strong></span> <span class='ocrx_word' id='word_1_345' title='bbox 1863 3201 2140 3271; x_wconf 90' lang='lat' dir='ltr'><strong>probatur.</strong></span> 
     </span>
    </p>
   </div>
   <div class='ocr_carea' id='block_1_47' title="bbox 2254 2003 3857 2076">
    <p class='ocr_par' dir='ltr' id='par_1_47' title="bbox 2254 2003 3857 2076">
     <span class='ocr_line' id='line_1_47' title="bbox 2254 2003 3857 2076; baseline 0 -15"><span class='ocrx_word' id='word_1_346' title='bbox 2254 2005 2625 2075; x_wconf 86' lang='lat' dir='ltr'><strong>rumpentibus</strong></span> <span class='ocrx_word' id='word_1_347' title='bbox 2673 2004 3041 2075; x_wconf 90' lang='lat' dir='ltr'><strong>Langobardis</strong></span> <span class='ocrx_word' id='word_1_348' title='bbox 3069 2004 3124 2059; x_wconf 92' lang='lat' dir='ltr'><strong>in</strong></span> <span class='ocrx_word' id='word_1_349' title='bbox 3154 2003 3378 2073; x_wconf 89' lang='lat' dir='ltr'><strong>Gallias,</strong></span> <span class='ocrx_word' id='word_1_350' title='bbox 3422 2005 3650 2061; x_wconf 80' lang='lat' dir='ltr'><strong>Amatus</strong></span> <span class='ocrx_word' id='word_1_351' title='bbox 3681 2006 3857 2076; x_wconf 80' lang='lat' dir='ltr'><strong>patri-</strong></span> 
     </span>
    </p>
   </div>
   <div class='ocr_carea' id='block_1_48' title="bbox 2255 2098 3860 2169">
    <p class='ocr_par' dir='ltr' id='par_1_48' title="bbox 2255 2098 3860 2169">
     <span class='ocr_line' id='line_1_48' title="bbox 2255 2098 3860 2169; baseline 0 -14"><span class='ocrx_word' id='word_1_352' title='bbox 2255 2101 2400 2166; x_wconf 90' lang='lat' dir='ltr'><strong>cius,</strong></span> <span class='ocrx_word' id='word_1_353' title='bbox 2432 2098 2521 2169; x_wconf 89' lang='lat' dir='ltr'><strong>qui</strong></span> <span class='ocrx_word' id='word_1_354' title='bbox 2551 2112 2722 2167; x_wconf 89' lang='lat' dir='ltr'><strong>nuper</strong></span> <span class='ocrx_word' id='word_1_355' title='bbox 2743 2098 2882 2154; x_wconf 85' lang='lat' dir='ltr'><strong>Celsi</strong></span> <span class='ocrx_word' id='word_1_356' title='bbox 2907 2111 3189 2154; x_wconf 83' lang='lat' dir='ltr'><strong>successor</strong></span> <span class='ocrx_word' id='word_1_357' title='bbox 3212 2099 3520 2165; x_wconf 77' lang='lat' dir='ltr'><strong>exstiterat,</strong></span> <span class='ocrx_word' id='word_1_358' title='bbox 3545 2107 3741 2155; x_wconf 86' lang='lat' dir='ltr'><strong>contra</strong></span> <span class='ocrx_word' id='word_1_359' title='bbox 3764 2112 3860 2155; x_wconf 85' lang='lat' dir='ltr'><strong>eos</strong></span> 
     </span>
    </p>
   </div>
   <div class='ocr_carea' id='block_1_49' title="bbox 2255 2188 3858 2259">
    <p class='ocr_par' dir='ltr' id='par_1_49' title="bbox 2255 2188 3858 2259">
     <span class='ocr_line' id='line_1_49' title="bbox 2255 2188 3858 2259; baseline -0.004 -14"><span class='ocrx_word' id='word_1_360' title='bbox 2255 2190 2409 2257; x_wconf 90' lang='lat' dir='ltr'><strong>abiit,</strong></span> <span class='ocrx_word' id='word_1_361' title='bbox 2458 2189 2851 2258; x_wconf 86' lang='lat' dir='ltr'><strong>commissoque</strong></span> <span class='ocrx_word' id='word_1_362' title='bbox 2895 2188 3040 2244; x_wconf 88' lang='lat' dir='ltr'><strong>bello</strong></span> <span class='ocrx_word' id='word_1_363' title='bbox 3084 2196 3236 2259; x_wconf 90' lang='lat' dir='ltr'><strong>terga</strong></span> <span class='ocrx_word' id='word_1_364' title='bbox 3272 2188 3449 2259; x_wconf 74' lang='lat' dir='ltr'><strong>vertit,</strong></span> <span class='ocrx_word' id='word_1_365' title='bbox 3493 2188 3811 2259; x_wconf 84' lang='lat' dir='ltr'><strong>ceciditque</strong></span> <span class='ocrx_word' id='word_1_366' title='bbox 3833 2198 3858 2238; x_wconf 85' lang='lat' dir='ltr'><strong>s</strong></span> 
     </span>
    </p>
   </div>
   <div class='ocr_carea' id='block_1_50' title="bbox 2254 2278 3861 2352">
    <p class='ocr_par' dir='ltr' id='par_1_50' title="bbox 2254 2278 3861 2352">
     <span class='ocr_line' id='line_1_50' title="bbox 2254 2278 3861 2352; baseline -0.001 -15"><span class='ocrx_word' id='word_1_367' title='bbox 2254 2282 2348 2337; x_wconf 88' lang='lat' dir='ltr'><strong>ibi.</strong></span> <span class='ocrx_word' id='word_1_368' title='bbox 2376 2278 2711 2351; x_wconf 88' lang='lat' dir='ltr'><strong>Tantamque</strong></span> <span class='ocrx_word' id='word_1_369' title='bbox 2738 2292 2861 2335; x_wconf 90' lang='lat' dir='ltr'><strong>tunc</strong></span> <span class='ocrx_word' id='word_1_370' title='bbox 2891 2290 3127 2351; x_wconf 87' lang='lat' dir='ltr'><strong>stragem</strong></span> <span class='ocrx_word' id='word_1_371' title='bbox 3155 2278 3494 2352; x_wconf 85' lang='lat' dir='ltr'><strong>Langobardi</strong></span> <span class='ocrx_word' id='word_1_372' title='bbox 3517 2280 3771 2336; x_wconf 86' lang='lat' dir='ltr'><strong>feruntur</strong></span> <span class='ocrx_word' id='word_1_373' title='bbox 3792 2279 3861 2337; x_wconf 88' lang='lat' dir='ltr'><strong>fe.</strong></span> 
     </span>
    </p>
   </div>
   <div class='ocr_carea' id='block_1_51' title="bbox 2249 2371 3858 2443">
    <p class='ocr_par' dir='ltr' id='par_1_51' title="bbox 2249 2371 3858 2443">
     <span class='ocr_line' id='line_1_51' title="bbox 2249 2371 3858 2443; baseline -0.001 -14"><span class='ocrx_word' id='word_1_374' title='bbox 2249 2374 2388 2430; x_wconf 87' lang='lat' dir='ltr'><strong>cisse</strong></span> <span class='ocrx_word' id='word_1_375' title='bbox 2409 2374 2476 2428; x_wconf 91' lang='lat' dir='ltr'><strong>de</strong></span> <span class='ocrx_word' id='word_1_376' title='bbox 2504 2371 2989 2442; x_wconf 86' lang='lat' dir='ltr'><strong>Burgundionibus,</strong></span> <span class='ocrx_word' id='word_1_377' title='bbox 3015 2380 3075 2426; x_wconf 92' lang='lat' dir='ltr'><strong>ut</strong></span> <span class='ocrx_word' id='word_1_378' title='bbox 3114 2386 3223 2428; x_wconf 91' lang='lat' dir='ltr'><strong>non</strong></span> <span class='ocrx_word' id='word_1_379' title='bbox 3252 2372 3429 2441; x_wconf 88' lang='lat' dir='ltr'><strong>possit</strong></span> <span class='ocrx_word' id='word_1_380' title='bbox 3454 2371 3639 2443; x_wconf 86' lang='lat' dir='ltr'><strong>colligi</strong></span> <span class='ocrx_word' id='word_1_381' title='bbox 3669 2386 3858 2428; x_wconf 84' lang='lat' dir='ltr'><strong>nume-</strong></span> 
     </span>
    </p>
   </div>
   <div class='ocr_carea' id='block_1_52' title="bbox 2248 2462 3853 2534">
    <p class='ocr_par' dir='ltr' id='par_1_52' title="bbox 2248 2462 3853 2534">
     <span class='ocr_line' id='line_1_52' title="bbox 2248 2462 3853 2534; baseline 0 -13"><span class='ocrx_word' id='word_1_382' title='bbox 2248 2480 2341 2521; x_wconf 90' lang='lat' dir='ltr'><strong>rus</strong></span> <span class='ocrx_word' id='word_1_383' title='bbox 2382 2466 2725 2520; x_wconf 86' lang='lat' dir='ltr'><strong>occisorum:</strong></span> <span class='ocrx_word' id='word_1_384' title='bbox 2758 2463 3073 2534; x_wconf 91' lang='lat' dir='ltr'><strong>oneratique</strong></span> <span class='ocrx_word' id='word_1_385' title='bbox 3122 2462 3304 2532; x_wconf 72' lang='lat' dir='ltr'><strong>prreda</strong></span> <span class='ocrx_word' id='word_1_386' title='bbox 3350 2463 3727 2521; x_wconf 85' lang='lat' dir='ltr'><strong>discesserunt</strong></span> <span class='ocrx_word' id='word_1_387' title='bbox 3754 2465 3853 2521; x_wconf 89' lang='lat' dir='ltr'><strong>ite-</strong></span> 
     </span>
    </p>
   </div>
   <div class='ocr_carea' id='block_1_53' title="bbox 2250 2554 3852 2628">
    <p class='ocr_par' dir='ltr' id='par_1_53' title="bbox 2250 2554 3852 2628">
     <span class='ocr_line' id='line_1_53' title="bbox 2250 2554 3852 2628; baseline -0.001 -15"><span class='ocrx_word' id='word_1_388' title='bbox 2250 2572 2369 2613; x_wconf 90' lang='lat' dir='ltr'><strong>rum</strong></span> <span class='ocrx_word' id='word_1_389' title='bbox 2410 2558 2465 2613; x_wconf 93' lang='lat' dir='ltr'><strong>in</strong></span> <span class='ocrx_word' id='word_1_390' title='bbox 2494 2556 2719 2612; x_wconf 89' lang='lat' dir='ltr'><strong>Italiam.</strong></span> <span class='ocrx_word' id='word_1_391' title='bbox 2764 2555 2971 2623; x_wconf 85' lang='lat' dir='ltr'><strong>Quibus</strong></span> <span class='ocrx_word' id='word_1_392' title='bbox 3016 2554 3440 2626; x_wconf 87' lang='lat' dir='ltr'><strong>discedentibus,</strong></span> <span class='ocrx_word' id='word_1_393' title='bbox 3479 2556 3720 2628; x_wconf 87' lang='lat' dir='ltr'><strong>Eunius,</strong></span> <span class='ocrx_word' id='word_1_394' title='bbox 3762 2557 3852 2627; x_wconf 89' lang='lat' dir='ltr'><strong>qui</strong></span> 
     </span>
    </p>
   </div>
   <div class='ocr_carea' id='block_1_54' title="bbox 2248 2647 3850 2718">
    <p class='ocr_par' dir='ltr' id='par_1_54' title="bbox 2248 2647 3850 2718">
     <span class='ocr_line' id='line_1_54' title="bbox 2248 2647 3850 2718; baseline 0.001 -14"><span class='ocrx_word' id='word_1_395' title='bbox 2248 2657 2301 2705; x_wconf 92' lang='lat' dir='ltr'><strong>et</strong></span> <span class='ocrx_word' id='word_1_396' title='bbox 2330 2648 2671 2714; x_wconf 78' lang='lat' dir='ltr'><strong>Mummolus,</strong></span> <span class='ocrx_word' id='word_1_397' title='bbox 2696 2647 2989 2703; x_wconf 87' lang='lat' dir='ltr'><strong>arcessitus</strong></span> <span class='ocrx_word' id='word_1_398' title='bbox 3015 2660 3046 2703; x_wconf 89' lang='lat' dir='ltr'><strong>a</strong></span> <span class='ocrx_word' id='word_1_399' title='bbox 3076 2661 3227 2718; x_wconf 91' lang='lat' dir='ltr'><strong>rege,</strong></span> <span class='ocrx_word' id='word_1_400' title='bbox 3258 2647 3580 2718; x_wconf 88' lang='lat' dir='ltr'><strong>patriciatus</strong></span> <span class='ocrx_word' id='word_1_401' title='bbox 3630 2648 3850 2705; x_wconf 78' lang='lat' dir='ltr'><strong>culmen</strong></span> 
     </span>
    </p>
   </div>
   <div class='ocr_carea' id='block_1_55' title="bbox 2248 2742 3849 2817">
    <p class='ocr_par' dir='ltr' id='par_1_55' title="bbox 2248 2742 3849 2817">
     <span class='ocr_line' id='line_1_55' title="bbox 2248 2742 3849 2817; baseline 0.004 -19"><span class='ocrx_word' id='word_1_402' title='bbox 2248 2743 2482 2799; x_wconf 55' lang='lat' dir='ltr'><strong>meruit»</strong></span> <span class='ocrx_word' id='word_1_403' title='bbox 2510 2742 2840 2800; x_wconf 91' lang='lat' dir='ltr'><strong>lrruentibus</strong></span> <span class='ocrx_word' id='word_1_404' title='bbox 2880 2744 3074 2800; x_wconf 91' lang='lat' dir='ltr'><strong>iterum</strong></span> <span class='ocrx_word' id='word_1_405' title='bbox 3117 2744 3480 2817; x_wconf 86' lang='lat' dir='ltr'><strong>Langobardis</strong></span> <span class='ocrx_word' id='word_1_406' title='bbox 3605 2747 3849 2812; x_wconf 82' lang='lat' dir='ltr'><strong>Gallias,</strong></span> 
     </span>
    </p>
   </div>
   <div class='ocr_carea' id='block_1_56' title="bbox 2247 2836 3851 2912">
    <p class='ocr_par' dir='ltr' id='par_1_56' title="bbox 2247 2836 3851 2912">
     <span class='ocr_line' id='line_1_56' title="bbox 2247 2836 3851 2912; baseline 0.002 -19"><span class='ocrx_word' id='word_1_407' title='bbox 2247 2846 2302 2893; x_wconf 91' lang='lat' dir='ltr'><strong>et</strong></span> <span class='ocrx_word' id='word_1_408' title='bbox 2320 2851 2488 2907; x_wconf 90' lang='lat' dir='ltr'><strong>usque</strong></span> <span class='ocrx_word' id='word_1_409' title='bbox 2514 2836 2978 2893; x_wconf 79' lang='lat' dir='ltr'><strong>Mustias-Calmes</strong></span> <span class='ocrx_word' id='word_1_410' title='bbox 2994 2836 3025 2875; x_wconf 72' lang='grc' dir='ltr'><strong>ιι</strong></span> <span class='ocrx_word' id='word_1_411' title='bbox 3050 2838 3450 2907; x_wconf 85' lang='lat' dir='ltr'><strong>accedentibus,</strong></span> <span class='ocrx_word' id='word_1_412' title='bbox 3472 2839 3616 2912; x_wconf 89' lang='lat' dir='ltr'><strong>quod</strong></span> <span class='ocrx_word' id='word_1_413' title='bbox 3641 2840 3851 2911; x_wconf 83' lang='lat' dir='ltr'><strong>adjacet</strong></span> 
     </span>
    </p>
   </div>
   <div class='ocr_carea' id='block_1_57' title="bbox 2247 2927 3849 2997">
    <p class='ocr_par' dir='ltr' id='par_1_57' title="bbox 2247 2927 3849 2997">
     <span class='ocr_line' id='line_1_57' title="bbox 2247 2927 3849 2997; baseline 0.002 -13"><span class='ocrx_word' id='word_1_414' title='bbox 2247 2927 2448 2985; x_wconf 85' lang='lat' dir='ltr'><strong>civitati</strong></span> <span class='ocrx_word' id='word_1_415' title='bbox 2477 2928 2869 2997; x_wconf 87' lang='lat' dir='ltr'><strong>Ebredonensi,</strong></span> <span class='ocrx_word' id='word_1_416' title='bbox 2899 2929 3219 2987; x_wconf 82' lang='lat' dir='ltr'><strong>Mummolus</strong></span> <span class='ocrx_word' id='word_1_417' title='bbox 3239 2931 3537 2987; x_wconf 90' lang='lat' dir='ltr'><strong>exercitum</strong></span> <span class='ocrx_word' id='word_1_418' title='bbox 3566 2942 3774 2997; x_wconf 82' lang='lat' dir='ltr'><strong>movet,</strong></span> <span class='ocrx_word' id='word_1_419' title='bbox 3798 2942 3849 2988; x_wconf 88' lang='lat' dir='ltr'><strong>et</strong></span> 
     </span>
    </p>
   </div>
   <div class='ocr_carea' id='block_1_58' title="bbox 2246 3020 3848 3091">
    <p class='ocr_par' dir='ltr' id='par_1_58' title="bbox 2246 3020 3848 3091">
     <span class='ocr_line' id='line_1_58' title="bbox 2246 3020 3848 3091; baseline 0.002 -16"><span class='ocrx_word' id='word_1_420' title='bbox 2246 3034 2368 3076; x_wconf 91' lang='lat' dir='ltr'><strong>cum</strong></span> <span class='ocrx_word' id='word_1_421' title='bbox 2418 3020 2883 3090; x_wconf 82' lang='lat' dir='ltr'><strong>Burgundionibus</strong></span> <span class='ocrx_word' id='word_1_422' title='bbox 2932 3020 3059 3077; x_wconf 89' lang='lat' dir='ltr'><strong>illuc</strong></span> <span class='ocrx_word' id='word_1_423' title='bbox 3098 3021 3478 3091; x_wconf 89' lang='lat' dir='ltr'><strong>proﬁciscitur.</strong></span> <span class='ocrx_word' id='word_1_424' title='bbox 3528 3023 3848 3078; x_wconf 85' lang='lat' dir='ltr'><strong>Circumda-</strong></span> 
     </span>
    </p>
   </div>
   <div class='ocr_carea' id='block_1_59' title="bbox 2248 3110 3843 3182">
    <p class='ocr_par' dir='ltr' id='par_1_59' title="bbox 2248 3110 3843 3182">
     <span class='ocr_line' id='line_1_59' title="bbox 2248 3110 3843 3182; baseline 0.003 -17"><span class='ocrx_word' id='word_1_425' title='bbox 2248 3112 2420 3181; x_wconf 90' lang='lat' dir='ltr'><strong>tisque</strong></span> <span class='ocrx_word' id='word_1_426' title='bbox 2448 3110 2814 3181; x_wconf 89' lang='lat' dir='ltr'><strong>Langobardis</strong></span> <span class='ocrx_word' id='word_1_427' title='bbox 2835 3126 2957 3166; x_wconf 92' lang='lat' dir='ltr'><strong>cum</strong></span> <span class='ocrx_word' id='word_1_428' title='bbox 2982 3114 3242 3182; x_wconf 83' lang='lat' dir='ltr'><strong>exercitu,</strong></span> <span class='ocrx_word' id='word_1_429' title='bbox 3276 3112 3431 3169; x_wconf 89' lang='lat' dir='ltr'><strong>factis</strong></span> <span class='ocrx_word' id='word_1_430' title='bbox 3451 3114 3623 3169; x_wconf 81' lang='lat' dir='ltr'><strong>etiam</strong></span> <span class='ocrx_word' id='word_1_431' title='bbox 3653 3114 3843 3170; x_wconf 81' lang='lat' dir='ltr'><strong>conci-</strong></span> 
     </span>
    </p>
   </div>
   <div class='ocr_carea' id='block_1_60' title="bbox 2246 3202 3843 3276">
    <p class='ocr_par' dir='ltr' id='par_1_60' title="bbox 2246 3202 3843 3276">
     <span class='ocr_line' id='line_1_60' title="bbox 2246 3202 3843 3276; baseline 0.003 -18"><span class='ocrx_word' id='word_1_432' title='bbox 2246 3202 2422 3270; x_wconf 90' lang='lat' dir='ltr'><strong>dibus,</strong></span> <span class='ocrx_word' id='word_1_433' title='bbox 2452 3218 2549 3273; x_wconf 91' lang='lat' dir='ltr'><strong>per</strong></span> <span class='ocrx_word' id='word_1_434' title='bbox 2576 3204 2734 3259; x_wconf 88' lang='lat' dir='ltr'><strong>devia</strong></span> <span class='ocrx_word' id='word_1_435' title='bbox 2778 3204 3037 3260; x_wconf 87' lang='lat' dir='ltr'><strong>silvarum</strong></span> <span class='ocrx_word' id='word_1_436' title='bbox 3065 3206 3221 3261; x_wconf 89' lang='lat' dir='ltr'><strong>irruit</strong></span> <span class='ocrx_word' id='word_1_437' title='bbox 3250 3219 3413 3276; x_wconf 92' lang='lat' dir='ltr'><strong>super</strong></span> <span class='ocrx_word' id='word_1_438' title='bbox 3444 3221 3541 3262; x_wconf 90' lang='lat' dir='ltr'><strong>eos</strong></span> <span class='ocrx_word' id='word_1_439' title='bbox 3584 3224 3599 3258; x_wconf 93' lang='lat'>:</span> <span class='ocrx_word' id='word_1_440' title='bbox 3646 3207 3843 3262; x_wconf 83' lang='lat' dir='ltr'><strong>multos</strong></span> 
     </span>
    </p>
   </div>
   <div class='ocr_carea' id='block_1_61' title="bbox 618 3294 3843 3375">
    <p class='ocr_par' dir='ltr' id='par_1_61' title="bbox 618 3294 3843 3375">
     <span class='ocr_line' id='line_1_61' title="bbox 618 3294 3843 3375; baseline 0.001 -25"><span class='ocrx_word' id='word_1_441' title='bbox 618 3295 736 3350; x_wconf 80' lang='lat' dir='ltr'><strong>XLI</strong></span> <span class='ocrx_word' id='word_1_442' title='bbox 782 3295 890 3368; x_wconf 79' lang='lat' dir='ltr'><strong>[AL</strong></span> <span class='ocrx_word' id='word_1_443' title='bbox 946 3294 1131 3367; x_wconf 88' lang='lat' dir='ltr'><strong>xxxv].</strong></span> <span class='ocrx_word' id='word_1_444' title='bbox 1171 3296 1434 3352; x_wconf 81' lang='lat' dir='ltr'><strong>Alboinus</strong></span> <span class='ocrx_word' id='word_1_445' title='bbox 1478 3310 1608 3351; x_wconf 89' lang='lat' dir='ltr'><strong>vero</strong></span> <span class='ocrx_word' id='word_1_446' title='bbox 1659 3295 2137 3361; x_wconf 86' lang='lat' dir='ltr'><strong>Langobardorum</strong></span> <span class='ocrx_word' id='word_1_447' title='bbox 2166 3309 2215 3375; x_wconf 71' lang='grc' dir='ltr'><em>α</em></span> <span class='ocrx_word' id='word_1_448' title='bbox 2246 3294 2534 3361; x_wconf 85' lang='lat' dir='ltr'><strong>interfecit,</strong></span> <span class='ocrx_word' id='word_1_449' title='bbox 2565 3296 2855 3349; x_wconf 87' lang='lat' dir='ltr'><strong>nonnullos</strong></span> <span class='ocrx_word' id='word_1_450' title='bbox 2885 3296 3055 3363; x_wconf 90' lang='lat' dir='ltr'><strong>cepit,</strong></span> <span class='ocrx_word' id='word_1_451' title='bbox 3087 3305 3144 3350; x_wconf 91' lang='lat' dir='ltr'><strong>et</strong></span> <span class='ocrx_word' id='word_1_452' title='bbox 3170 3296 3284 3364; x_wconf 90' lang='lat' dir='ltr'><strong>regi</strong></span> <span class='ocrx_word' id='word_1_453' title='bbox 3311 3294 3529 3351; x_wconf 91' lang='lat' dir='ltr'><strong>direxit.</strong></span> <span class='ocrx_word' id='word_1_454' title='bbox 3578 3295 3735 3364; x_wconf 89' lang='lat' dir='ltr'><strong>Quos</strong></span> <span class='ocrx_word' id='word_1_455' title='bbox 3758 3297 3843 3353; x_wconf 86' lang='lat' dir='ltr'><strong>ille</strong></span> 
     </span>
    </p>
   </div>
   <div class='ocr_carea' id='block_1_62' title="bbox 551 3382 2141 3455">
    <p class='ocr_par' dir='ltr' id='par_1_62' title="bbox 551 3382 2141 3455">
     <span class='ocr_line' id='line_1_62' title="bbox 551 3382 2141 3455; baseline 0 -15"><span class='ocrx_word' id='word_1_456' title='bbox 551 3399 681 3451; x_wconf 85' lang='lat' dir='ltr'><strong>rex,</strong></span> <span class='ocrx_word' id='word_1_457' title='bbox 712 3386 802 3454; x_wconf 90' lang='lat' dir='ltr'><strong>qui</strong></span> <span class='ocrx_word' id='word_1_458' title='bbox 852 3382 1295 3440; x_wconf 84' lang='lat' dir='ltr'><strong>Chlothosindam</strong></span> <span class='ocrx_word' id='word_1_459' title='bbox 1341 3384 1486 3455; x_wconf 87' lang='lat' dir='ltr'><strong>regis</strong></span> <span class='ocrx_word' id='word_1_460' title='bbox 1529 3384 1933 3440; x_wconf 90' lang='lat' dir='ltr'><strong>Chlothacharii</strong></span> <span class='ocrx_word' id='word_1_461' title='bbox 1978 3386 2141 3440; x_wconf 91' lang='lat' dir='ltr'><strong>ﬁliam</strong></span> 
     </span>
    </p>
   </div>
   <div class='ocr_carea' id='block_1_63' title="bbox 550 3474 2142 3546">
    <p class='ocr_par' dir='ltr' id='par_1_63' title="bbox 550 3474 2142 3546">
     <span class='ocr_line' id='line_1_63' title="bbox 550 3474 2142 3546; baseline -0.001 -15"><span class='ocrx_word' id='word_1_462' title='bbox 550 3476 808 3541; x_wconf 85' lang='lat' dir='ltr'><strong>habebat,</strong></span> <span class='ocrx_word' id='word_1_463' title='bbox 841 3475 1028 3531; x_wconf 85' lang='lat' dir='ltr'><strong>relicta</strong></span> <span class='ocrx_word' id='word_1_464' title='bbox 1053 3474 1275 3546; x_wconf 86' lang='lat' dir='ltr'><strong>regione</strong></span> <span class='ocrx_word' id='word_1_465' title='bbox 1318 3490 1444 3543; x_wconf 89' lang='lat' dir='ltr'><strong>sua,</strong></span> <span class='ocrx_word' id='word_1_466' title='bbox 1478 3475 1683 3531; x_wconf 90' lang='lat' dir='ltr'><strong>Italiam</strong></span> <span class='ocrx_word' id='word_1_467' title='bbox 1710 3491 1830 3530; x_wconf 92' lang='lat' dir='ltr'><strong>cum</strong></span> <span class='ocrx_word' id='word_1_468' title='bbox 1861 3475 2008 3529; x_wconf 88' lang='lat' dir='ltr'><strong>omni</strong></span> <span class='ocrx_word' id='word_1_469' title='bbox 2052 3475 2142 3530; x_wconf 89' lang='lat' dir='ltr'><strong>illa</strong></span> 
     </span>
    </p>
   </div>
   <div class='ocr_carea' id='block_1_64' title="bbox 549 3566 2142 3640">
    <p class='ocr_par' dir='ltr' id='par_1_64' title="bbox 549 3566 2142 3640">
     <span class='ocr_line' id='line_1_64' title="bbox 549 3566 2142 3640; baseline -0.003 -13"><span class='ocrx_word' id='word_1_470' title='bbox 549 3566 1028 3639; x_wconf 84' lang='lat' dir='ltr'><strong>Langobardorum</strong></span> <span class='ocrx_word' id='word_1_471' title='bbox 1056 3578 1078 3606; x_wconf 73' lang='grc' dir='ltr'><strong><em>ο</em></strong></span> <span class='ocrx_word' id='word_1_472' title='bbox 1112 3577 1268 3639; x_wconf 86' lang='lat' dir='ltr'><strong>gente</strong></span> <span class='ocrx_word' id='word_1_473' title='bbox 1300 3570 1468 3638; x_wconf 87' lang='lat' dir='ltr'><strong>petiit.</strong></span> <span class='ocrx_word' id='word_1_474' title='bbox 1500 3568 1652 3640; x_wconf 80' lang='lat' dir='ltr'><strong>Nam</strong></span> <span class='ocrx_word' id='word_1_475' title='bbox 1674 3578 1946 3625; x_wconf 86' lang='lat' dir='ltr'><strong>commoto</strong></span> <span class='ocrx_word' id='word_1_476' title='bbox 1987 3582 2142 3623; x_wconf 91' lang='lat' dir='ltr'><strong>exer-</strong></span> 
     </span>
    </p>
   </div>
   <div class='ocr_carea' id='block_1_65' title="bbox 560 3660 2142 3729">
    <p class='ocr_par' dir='ltr' id='par_1_65' title="bbox 560 3660 2142 3729">
     <span class='ocr_line' id='line_1_65' title="bbox 560 3660 2142 3729; baseline -0.002 -13"><span class='ocrx_word' id='word_1_477' title='bbox 560 3661 695 3729; x_wconf 89' lang='lat' dir='ltr'><strong>citu,</strong></span> <span class='ocrx_word' id='word_1_478' title='bbox 746 3673 871 3716; x_wconf 89' lang='lat' dir='ltr'><strong>cum&#39;</strong></span> <span class='ocrx_word' id='word_1_479' title='bbox 895 3660 1150 3716; x_wconf 87' lang='lat' dir='ltr'><strong>uxoribus</strong></span> <span class='ocrx_word' id='word_1_480' title='bbox 1186 3669 1240 3716; x_wconf 91' lang='lat' dir='ltr'><strong>et</strong></span> <span class='ocrx_word' id='word_1_481' title='bbox 1268 3661 1451 3716; x_wconf 90' lang='lat' dir='ltr'><strong>liberis</strong></span> <span class='ocrx_word' id='word_1_482' title='bbox 1492 3661 1698 3729; x_wconf 88' lang='lat' dir='ltr'><strong>abiere,</strong></span> <span class='ocrx_word' id='word_1_483' title='bbox 1745 3661 1873 3715; x_wconf 90' lang='lat' dir='ltr'><strong>illuc</strong></span> <span class='ocrx_word' id='word_1_484' title='bbox 1908 3673 2142 3715; x_wconf 89' lang='lat' dir='ltr'><strong>comma-</strong></span> 
     </span>
    </p>
   </div>
   <div class='ocr_carea' id='block_1_66' title="bbox 553 3752 2141 3824">
    <p class='ocr_par' dir='ltr' id='par_1_66' title="bbox 553 3752 2141 3824">
     <span class='ocr_line' id='line_1_66' title="bbox 553 3752 2141 3824; baseline -0.001 -15"><span class='ocrx_word' id='word_1_485' title='bbox 553 3767 689 3809; x_wconf 88' lang='lat' dir='ltr'><strong>nere</strong></span> <span class='ocrx_word' id='word_1_486' title='bbox 717 3752 1095 3809; x_wconf 85' lang='lat' dir='ltr'><strong>deliberantes.</strong></span> <span class='ocrx_word' id='word_1_487' title='bbox 1120 3753 1290 3819; x_wconf 83' lang='lat' dir='ltr'><strong>Quam</strong></span> <span class='ocrx_word' id='word_1_488' title='bbox 1319 3753 1594 3824; x_wconf 87' lang='lat' dir='ltr'><strong>regionem</strong></span> <span class='ocrx_word' id='word_1_489' title='bbox 1626 3753 1876 3820; x_wconf 88' lang='lat' dir='ltr'><strong>ingressi,</strong></span> <span class='ocrx_word' id='word_1_490' title='bbox 1910 3752 2141 3807; x_wconf 89' lang='lat' dir='ltr'><strong>maxime</strong></span> 
     </span>
    </p>
   </div>
   <div class='ocr_carea' id='block_1_67' title="bbox 548 3841 2139 3916">
    <p class='ocr_par' dir='ltr' id='par_1_67' title="bbox 548 3841 2139 3916">
     <span class='ocr_line' id='line_1_67' title="bbox 548 3841 2139 3916; baseline -0.003 -15"><span class='ocrx_word' id='word_1_491' title='bbox 548 3858 648 3916; x_wconf 89' lang='lat' dir='ltr'><strong>per</strong></span> <span class='ocrx_word' id='word_1_492' title='bbox 695 3854 901 3915; x_wconf 84' lang='lat' dir='ltr'><strong>septem</strong></span> <span class='ocrx_word' id='word_1_493' title='bbox 944 3859 1112 3899; x_wconf 92' lang='lat' dir='ltr'><strong>annos</strong></span> <span class='ocrx_word' id='word_1_494' title='bbox 1158 3855 1530 3913; x_wconf 84' lang='lat' dir='ltr'><strong>pervagantes,</strong></span> <span class='ocrx_word' id='word_1_495' title='bbox 1584 3841 1825 3911; x_wconf 89' lang='lat' dir='ltr'><strong>spoliatis</strong></span> <span class='ocrx_word' id='word_1_496' title='bbox 1872 3841 2139 3906; x_wconf 90' lang='lat' dir='ltr'><strong>ecclesiis,</strong></span> 
     </span>
    </p>
   </div>
   <div class='ocr_carea' id='block_1_68' title="bbox 548 3934 2141 4005">
    <p class='ocr_par' dir='ltr' id='par_1_68' title="bbox 548 3934 2141 4005">
     <span class='ocr_line' id='line_1_68' title="bbox 548 3934 2141 4005; baseline -0.003 -11"><span class='ocrx_word' id='word_1_497' title='bbox 548 3937 925 3994; x_wconf 81' lang='lat' dir='ltr'><strong>sacerdotibus</strong></span> <span class='ocrx_word' id='word_1_498' title='bbox 957 3937 1283 4003; x_wconf 88' lang='lat' dir='ltr'><strong>interfectis,</strong></span> <span class='ocrx_word' id='word_1_499' title='bbox 1326 3936 1381 3990; x_wconf 93' lang='lat' dir='ltr'><strong>in</strong></span> <span class='ocrx_word' id='word_1_500' title='bbox 1410 3950 1584 3990; x_wconf 83' lang='lat' dir='ltr'><strong>suam</strong></span> <span class='ocrx_word' id='word_1_501' title='bbox 1616 3934 1863 4005; x_wconf 90' lang='lat' dir='ltr'><strong>redigunt</strong></span> <span class='ocrx_word' id='word_1_502' title='bbox 1903 3942 2141 4004; x_wconf 86' lang='lat' dir='ltr'><strong>potesta-</strong></span> 
     </span>
    </p>
   </div>
   <div class='ocr_carea' id='block_1_69' title="bbox 551 4026 2143 4092">
    <p class='ocr_par' dir='ltr' id='par_1_69' title="bbox 551 4026 2143 4092">
     <span class='ocr_line' id='line_1_69' title="bbox 551 4026 2143 4092; baseline 0 -10"><span class='ocrx_word' id='word_1_503' title='bbox 551 4036 685 4085; x_wconf 88' lang='lat' dir='ltr'><strong>tem.</strong></span> <span class='ocrx_word' id='word_1_504' title='bbox 715 4029 919 4084; x_wconf 83' lang='lat' dir='ltr'><strong>Mortua</strong></span> <span class='ocrx_word' id='word_1_505' title='bbox 949 4038 1126 4085; x_wconf 91' lang='lat' dir='ltr'><strong>autem</strong></span> <span class='ocrx_word' id='word_1_506' title='bbox 1143 4027 1530 4083; x_wconf 87' lang='lat' dir='ltr'><strong>Chlothosinda</strong></span> <span class='ocrx_word' id='word_1_507' title='bbox 1550 4041 1717 4082; x_wconf 78' lang='lat' dir='ltr'><strong>uxore</strong></span> <span class='ocrx_word' id='word_1_508' title='bbox 1734 4026 1967 4092; x_wconf 86' lang='lat' dir='ltr'><strong>Alboini,</strong></span> <span class='ocrx_word' id='word_1_509' title='bbox 1986 4027 2143 4082; x_wconf 91' lang='lat' dir='ltr'><strong>aliam</strong></span> 
     </span>
    </p>
   </div>
   <div class='ocr_carea' id='block_1_70' title="bbox 551 4119 2145 4191">
    <p class='ocr_par' dir='ltr' id='par_1_70' title="bbox 551 4119 2145 4191">
     <span class='ocr_line' id='line_1_70' title="bbox 551 4119 2145 4191; baseline 0.001 -17"><span class='ocrx_word' id='word_1_510' title='bbox 551 4119 705 4176; x_wconf 86' lang='lat' dir='ltr'><strong>duxit</strong></span> <span class='ocrx_word' id='word_1_511' title='bbox 750 4121 1071 4189; x_wconf 76' lang='lat' dir='ltr'><strong>coniugem,</strong></span> <span class='ocrx_word' id='word_1_512' title='bbox 1118 4122 1270 4189; x_wconf 92' lang='lat' dir='ltr'><strong>cujus</strong></span> <span class='ocrx_word' id='word_1_513' title='bbox 1324 4129 1528 4190; x_wconf 88' lang='lat' dir='ltr'><strong>patrem</strong></span> <span class='ocrx_word' id='word_1_514' title='bbox 1586 4129 1710 4176; x_wconf 90' lang='lat' dir='ltr'><strong>ante</strong></span> <span class='ocrx_word' id='word_1_515' title='bbox 1751 4134 1976 4191; x_wconf 90' lang='lat' dir='ltr'><strong>paucum</strong></span> <span class='ocrx_word' id='word_1_516' title='bbox 2008 4128 2145 4175; x_wconf 91' lang='lat' dir='ltr'><strong>tem-</strong></span> 
     </span>
    </p>
   </div>
   <div class='ocr_carea' id='block_1_71' title="bbox 547 4210 2143 4282">
    <p class='ocr_par' dir='ltr' id='par_1_71' title="bbox 547 4210 2143 4282">
     <span class='ocr_line' id='line_1_71' title="bbox 547 4210 2143 4282; baseline 0.003 -17"><span class='ocrx_word' id='word_1_517' title='bbox 547 4225 649 4282; x_wconf 80' lang='lat' dir='ltr'><strong>pus</strong></span> <span class='ocrx_word' id='word_1_518' title='bbox 683 4210 1043 4267; x_wconf 85' lang='lat' dir='ltr'><strong>interfecerat.</strong></span> <span class='ocrx_word' id='word_1_519' title='bbox 1076 4212 1192 4279; x_wconf 83' lang='lat' dir='ltr'><strong>Qua</strong></span> <span class='ocrx_word' id='word_1_520' title='bbox 1242 4211 1313 4267; x_wconf 89' lang='lat' dir='ltr'><strong>de</strong></span> <span class='ocrx_word' id='word_1_521' title='bbox 1346 4227 1507 4267; x_wconf 88' lang='lat' dir='ltr'><strong>causa</strong></span> <span class='ocrx_word' id='word_1_522' title='bbox 1549 4213 1738 4268; x_wconf 90' lang='lat' dir='ltr'><strong>mulier</strong></span> <span class='ocrx_word' id='word_1_523' title='bbox 1762 4213 1816 4268; x_wconf 93' lang='lat' dir='ltr'><strong>in</strong></span> <span class='ocrx_word' id='word_1_524' title='bbox 1849 4212 1972 4269; x_wconf 91' lang='lat' dir='ltr'><strong>odio</strong></span> <span class='ocrx_word' id='word_1_525' title='bbox 2002 4227 2143 4270; x_wconf 89' lang='lat' dir='ltr'><strong>sem-</strong></span> 
     </span>
    </p>
   </div>
   <div class='ocr_carea' id='block_1_72' title="bbox 554 4300 2146 4376">
    <p class='ocr_par' dir='ltr' id='par_1_72' title="bbox 554 4300 2146 4376">
     <span class='ocr_line' id='line_1_72' title="bbox 554 4300 2146 4376; baseline 0.001 -17"><span class='ocrx_word' id='word_1_526' title='bbox 554 4319 651 4373; x_wconf 83' lang='lat' dir='ltr'><strong>per</strong></span> <span class='ocrx_word' id='word_1_527' title='bbox 676 4304 848 4357; x_wconf 88' lang='lat' dir='ltr'><strong>virum</strong></span> <span class='ocrx_word' id='word_1_528' title='bbox 884 4300 1104 4368; x_wconf 89' lang='lat' dir='ltr'><strong>habens,</strong></span> <span class='ocrx_word' id='word_1_529' title='bbox 1138 4301 1315 4356; x_wconf 91' lang='lat' dir='ltr'><strong>locum</strong></span> <span class='ocrx_word' id='word_1_530' title='bbox 1348 4305 1749 4372; x_wconf 87' lang='lat' dir='ltr'><strong>opperiebatur,</strong></span> <span class='ocrx_word' id='word_1_531' title='bbox 1785 4306 1839 4359; x_wconf 92' lang='lat' dir='ltr'><strong>in</strong></span> <span class='ocrx_word' id='word_1_532' title='bbox 1867 4321 1974 4375; x_wconf 89' lang='lat' dir='ltr'><strong>quo</strong></span> <span class='ocrx_word' id='word_1_533' title='bbox 2022 4321 2146 4376; x_wconf 88' lang='lat' dir='ltr'><strong>pos-</strong></span> 
     </span>
    </p>
   </div>
   <div class='ocr_carea' id='block_1_73' title="bbox 624 4438 2146 4511">
    <p class='ocr_par' dir='ltr' id='par_1_73' title="bbox 624 4438 2146 4511">
     <span class='ocr_line' id='line_1_73' title="bbox 624 4438 2146 4511; baseline -0.002 -12"><span class='ocrx_word' id='word_1_534' title='bbox 624 4443 762 4499; x_wconf 78' lang='lat' dir='ltr'><strong>llSic</strong></span> <span class='ocrx_word' id='word_1_535' title='bbox 810 4442 1107 4511; x_wconf 87' lang='lat' dir='ltr'><strong>appellatur</strong></span> <span class='ocrx_word' id='word_1_536' title='bbox 1138 4440 1191 4493; x_wconf 90' lang='lat' dir='ltr'><strong>in</strong></span> <span class='ocrx_word' id='word_1_537' title='bbox 1243 4438 1541 4511; x_wconf 11' lang='lat' dir='ltr'><strong>Bellov.get</strong></span> <span class='ocrx_word' id='word_1_538' title='bbox 1569 4438 2046 4511; x_wconf 15' lang='lat' dir='ltr'><strong>Corb._ilndColb.</strong></span> <span class='ocrx_word' id='word_1_539' title='bbox 2088 4448 2146 4496; x_wconf 89' lang='lat' dir='ltr'><strong>et</strong></span> 
     </span>
    </p>
   </div>
   <div class='ocr_carea' id='block_1_74' title="bbox 550 4509 2146 4585">
    <p class='ocr_par' dir='ltr' id='par_1_74' title="bbox 550 4509 2146 4585">
     <span class='ocr_line' id='line_1_74' title="bbox 550 4509 2146 4585; baseline -0.006 -14"><span class='ocrx_word' id='word_1_540' title='bbox 550 4514 694 4585; x_wconf 82' lang='lat' dir='ltr'><strong>apud</strong></span> <span class='ocrx_word' id='word_1_541' title='bbox 721 4509 946 4585; x_wconf 69' lang='lat' dir='ltr'><strong>Chean</strong></span> <span class='ocrx_word' id='word_1_542' title='bbox 976 4511 1349 4585; x_wconf 61' lang='lat' dir='ltr'><strong>Chrmtcnsium</strong></span> <span class='ocrx_word' id='word_1_543' title='bbox 1373 4527 1388 4571; x_wconf 91' lang='lat'><em>;</em></span> <span class='ocrx_word' id='word_1_544' title='bbox 1416 4510 1655 4585; x_wconf 82' lang='lat' dir='ltr'><strong>plerique</strong></span> <span class='ocrx_word' id='word_1_545' title='bbox 1685 4509 1773 4562; x_wconf 89' lang='lat' dir='ltr'><strong>alii</strong></span> <span class='ocrx_word' id='word_1_546' title='bbox 1801 4509 1950 4585; x_wconf 79' lang='lat' dir='ltr'><strong>editi,</strong></span> <span class='ocrx_word' id='word_1_547' title='bbox 1986 4510 2146 4563; x_wconf 85' lang='lat' dir='ltr'><strong>Dira-</strong></span> 
     </span>
    </p>
   </div>
   <div class='ocr_carea' id='block_1_75' title="bbox 548 4580 2145 4649">
    <p class='ocr_par' dir='ltr' id='par_1_75' title="bbox 548 4580 2145 4649">
     <span class='ocr_line' id='line_1_75' title="bbox 548 4580 2145 4649; baseline -0.004 -9"><span class='ocrx_word' id='word_1_548' title='bbox 548 4580 805 4641; x_wconf 70' lang='lat' dir='ltr'><strong>nénsium.</strong></span> <span class='ocrx_word' id='word_1_549' title='bbox 842 4584 953 4638; x_wconf 83' lang='lat' dir='ltr'><strong>Huc</strong></span> <span class='ocrx_word' id='word_1_550' title='bbox 996 4584 1056 4637; x_wconf 90' lang='lat' dir='ltr'><strong>S.</strong></span> <span class='ocrx_word' id='word_1_551' title='bbox 1090 4580 1296 4644; x_wconf 87' lang='lat' dir='ltr'><strong>Gallus,</strong></span> <span class='ocrx_word' id='word_1_552' title='bbox 1350 4589 1532 4649; x_wconf 87' lang='lat' dir='ltr'><strong>postea</strong></span> <span class='ocrx_word' id='word_1_553' title='bbox 1565 4582 1793 4634; x_wconf 87' lang='lat' dir='ltr'><strong>Arvern.</strong></span> <span class='ocrx_word' id='word_1_554' title='bbox 1842 4580 2009 4649; x_wconf 87' lang='lat' dir='ltr'><strong>episc.</strong></span> <span class='ocrx_word' id='word_1_555' title='bbox 2062 4597 2145 4635; x_wconf 90' lang='lat' dir='ltr'><strong>se-</strong></span> 
     </span>
    </p>
   </div>
   <div class='ocr_carea' id='block_1_76' title="bbox 2246 3382 3842 3460">
    <p class='ocr_par' dir='ltr' id='par_1_76' title="bbox 2246 3382 3842 3460">
     <span class='ocr_line' id='line_1_76' title="bbox 2246 3382 3842 3460; baseline 0.002 -17"><span class='ocrx_word' id='word_1_556' title='bbox 2246 3403 2344 3458; x_wconf 88' lang='lat' dir='ltr'><strong>per</strong></span> <span class='ocrx_word' id='word_1_557' title='bbox 2374 3390 2491 3443; x_wconf 87' lang='lat' dir='ltr'><strong>loca</strong></span> <span class='ocrx_word' id='word_1_558' title='bbox 2540 3388 2815 3457; x_wconf 87' lang='lat' dir='ltr'><strong>dispersos</strong></span> <span class='ocrx_word' id='word_1_559' title='bbox 2854 3382 3126 3444; x_wconf 83' lang='lat' dir='ltr'><strong>custodire</strong></span> <span class='ocrx_word' id='word_1_560' title='bbox 3156 3393 3431 3459; x_wconf 56' lang='lat' dir='ltr'><strong>praecepit,</strong></span> <span class='ocrx_word' id='word_1_561' title='bbox 3477 3390 3670 3459; x_wconf 85' lang='lat' dir='ltr'><strong>paucis</strong></span> <span class='ocrx_word' id='word_1_562' title='bbox 3710 3406 3842 3460; x_wconf 83' lang='lat' dir='ltr'><strong>quo-</strong></span> 
     </span>
    </p>
   </div>
   <div class='ocr_carea' id='block_1_77' title="bbox 2247 3474 3849 3547">
    <p class='ocr_par' dir='ltr' id='par_1_77' title="bbox 2247 3474 3849 3547">
     <span class='ocr_line' id='line_1_77' title="bbox 2247 3474 3849 3547; baseline -0.001 -13"><span class='ocrx_word' id='word_1_563' title='bbox 2247 3478 2532 3535; x_wconf 79' lang='lat' dir='ltr'><strong>dummodo</strong></span> <span class='ocrx_word' id='word_1_564' title='bbox 2561 3492 2655 3547; x_wconf 89' lang='lat' dir='ltr'><strong>per</strong></span> <span class='ocrx_word' id='word_1_565' title='bbox 2684 3477 2863 3546; x_wconf 77' lang='lat' dir='ltr'><strong>fugam</strong></span> <span class='ocrx_word' id='word_1_566' title='bbox 2896 3474 3114 3547; x_wconf 89' lang='lat' dir='ltr'><strong>elapsis,</strong></span> <span class='ocrx_word' id='word_1_567' title='bbox 3147 3477 3239 3547; x_wconf 92' lang='lat' dir='ltr'><strong>qui</strong></span> <span class='ocrx_word' id='word_1_568' title='bbox 3287 3476 3473 3547; x_wconf 70' lang='lat' dir='ltr'><strong>patrias</strong></span> <span class='ocrx_word' id='word_1_569' title='bbox 3502 3479 3849 3535; x_wconf 85' lang='lat' dir='ltr'><strong>nuntiarent.</strong></span> 
     </span>
    </p>
   </div>
   <div class='ocr_carea' id='block_1_78' title="bbox 2318 3570 3850 3645">
    <p class='ocr_par' dir='ltr' id='par_1_78' title="bbox 2318 3570 3850 3645">
     <span class='ocr_line' id='line_1_78' title="bbox 2318 3570 3850 3645; baseline 0.001 -17"><span class='ocrx_word' id='word_1_570' title='bbox 2318 3572 2479 3629; x_wconf 78' lang='lat' dir='ltr'><strong>XLIII</strong></span> <span class='ocrx_word' id='word_1_571' title='bbox 2508 3572 2616 3645; x_wconf 73' lang='lat' dir='ltr'><strong>[AL</strong></span> <span class='ocrx_word' id='word_1_572' title='bbox 2648 3571 2874 3643; x_wconf 69' lang='lat' dir='ltr'><strong>xxxvn].</strong></span> <span class='ocrx_word' id='word_1_573' title='bbox 2903 3570 3245 3641; x_wconf 87' lang='lat' dir='ltr'><strong>Fueruntque</strong></span> <span class='ocrx_word' id='word_1_574' title='bbox 3273 3572 3328 3628; x_wconf 91' lang='lat' dir='ltr'><strong>in</strong></span> <span class='ocrx_word' id='word_1_575' title='bbox 3355 3572 3456 3629; x_wconf 89' lang='lat' dir='ltr'><strong>hoc</strong></span> <span class='ocrx_word' id='word_1_576' title='bbox 3475 3572 3667 3644; x_wconf 76' lang='lat' dir='ltr'><strong>praelia</strong></span> <span class='ocrx_word' id='word_1_577' title='bbox 3693 3573 3850 3630; x_wconf 88' lang='lat' dir='ltr'><strong>Salo-</strong></span> 
     </span>
    </p>
   </div>
   <div class='ocr_carea' id='block_1_79' title="bbox 2246 3662 3848 3734">
    <p class='ocr_par' dir='ltr' id='par_1_79' title="bbox 2246 3662 3848 3734">
     <span class='ocr_line' id='line_1_79' title="bbox 2246 3662 3848 3734; baseline 0 -13"><span class='ocrx_word' id='word_1_578' title='bbox 2246 3664 2366 3721; x_wconf 89' lang='lat' dir='ltr'><strong>nius</strong></span> <span class='ocrx_word' id='word_1_579' title='bbox 2394 3665 2411 3702; x_wconf 71' lang='grc' dir='ltr'>ι</span> <span class='ocrx_word' id='word_1_580' title='bbox 2461 3672 2515 3719; x_wconf 91' lang='lat' dir='ltr'><strong>et</strong></span> <span class='ocrx_word' id='word_1_581' title='bbox 2548 3663 2865 3733; x_wconf 84' lang='lat' dir='ltr'><strong>Sagittarius</strong></span> <span class='ocrx_word' id='word_1_582' title='bbox 2893 3662 3086 3719; x_wconf 87' lang='lat' dir='ltr'><strong>fratres</strong></span> <span class='ocrx_word' id='word_1_583' title='bbox 3114 3670 3275 3733; x_wconf 90' lang='lat' dir='ltr'><strong>atque</strong></span> <span class='ocrx_word' id='word_1_584' title='bbox 3318 3664 3582 3734; x_wconf 86' lang='lat' dir='ltr'><strong>episcopi,</strong></span> <span class='ocrx_word' id='word_1_585' title='bbox 3609 3664 3706 3734; x_wconf 91' lang='lat' dir='ltr'><strong>qui</strong></span> <span class='ocrx_word' id='word_1_586' title='bbox 3740 3680 3848 3722; x_wconf 73' lang='lat' dir='ltr'><strong>non</strong></span> 
     </span>
    </p>
   </div>
   <div class='ocr_carea' id='block_1_80' title="bbox 2246 3756 3848 3828">
    <p class='ocr_par' dir='ltr' id='par_1_80' title="bbox 2246 3756 3848 3828">
     <span class='ocr_line' id='line_1_80' title="bbox 2246 3756 3848 3828; baseline -0.001 -14"><span class='ocrx_word' id='word_1_587' title='bbox 2246 3773 2407 3815; x_wconf 92' lang='lat' dir='ltr'><strong>cruce</strong></span> <span class='ocrx_word' id='word_1_588' title='bbox 2448 3758 2655 3814; x_wconf 78' lang='lat' dir='ltr'><strong>ccelesti</strong></span> <span class='ocrx_word' id='word_1_589' title='bbox 2696 3757 2913 3824; x_wconf 92' lang='lat' dir='ltr'><strong>muniti,</strong></span> <span class='ocrx_word' id='word_1_590' title='bbox 2943 3758 3041 3813; x_wconf 89' lang='lat' dir='ltr'><strong>sed</strong></span> <span class='ocrx_word' id='word_1_591' title='bbox 3083 3756 3236 3828; x_wconf 84' lang='lat' dir='ltr'><strong>galea</strong></span> <span class='ocrx_word' id='word_1_592' title='bbox 3262 3765 3354 3811; x_wconf 91' lang='lat' dir='ltr'><strong>aut</strong></span> <span class='ocrx_word' id='word_1_593' title='bbox 3378 3756 3552 3813; x_wconf 90' lang='lat' dir='ltr'><strong>lorica</strong></span> <span class='ocrx_word' id='word_1_594' title='bbox 3594 3758 3848 3815; x_wconf 64' lang='lat' dir='ltr'><strong>saeculari</strong></span> 
     </span>
    </p>
   </div>
   <div class='ocr_carea' id='block_1_81' title="bbox 2246 3848 3850 3920">
    <p class='ocr_par' dir='ltr' id='par_1_81' title="bbox 2246 3848 3850 3920">
     <span class='ocr_line' id='line_1_81' title="bbox 2246 3848 3850 3920; baseline 0.001 -13"><span class='ocrx_word' id='word_1_595' title='bbox 2246 3851 2457 3917; x_wconf 92' lang='lat' dir='ltr'><strong>armati,</strong></span> <span class='ocrx_word' id='word_1_596' title='bbox 2504 3850 2703 3906; x_wconf 89' lang='lat' dir='ltr'><strong>multos</strong></span> <span class='ocrx_word' id='word_1_597' title='bbox 2749 3848 2997 3905; x_wconf 89' lang='lat' dir='ltr'><strong>manibus</strong></span> <span class='ocrx_word' id='word_1_598' title='bbox 3047 3848 3298 3919; x_wconf 89' lang='lat' dir='ltr'><strong>propriis,</strong></span> <span class='ocrx_word' id='word_1_599' title='bbox 3331 3849 3474 3919; x_wconf 85' lang='lat' dir='ltr'><strong>quod</strong></span> <span class='ocrx_word' id='word_1_600' title='bbox 3529 3850 3691 3920; x_wconf 88' lang='lat' dir='ltr'><strong>pejus</strong></span> <span class='ocrx_word' id='word_1_601' title='bbox 3740 3860 3850 3915; x_wconf 79' lang='lat' dir='ltr'><strong>est,</strong></span> 
     </span>
    </p>
   </div>
   <div class='ocr_carea' id='block_1_82' title="bbox 2247 3936 3850 4011">
    <p class='ocr_par' dir='ltr' id='par_1_82' title="bbox 2247 3936 3850 4011">
     <span class='ocr_line' id='line_1_82' title="bbox 2247 3936 3850 4011; baseline -0.001 -12"><span class='ocrx_word' id='word_1_602' title='bbox 2247 3944 2580 3999; x_wconf 81' lang='lat' dir='ltr'><strong>interfecisse</strong></span> <span class='ocrx_word' id='word_1_603' title='bbox 2605 3943 2927 3999; x_wconf 86' lang='lat' dir='ltr'><strong>referuntur.</strong></span> <span class='ocrx_word' id='word_1_604' title='bbox 2959 3936 3088 3997; x_wconf 55' lang='lat' dir='ltr'><strong>Ilaec</strong></span> <span class='ocrx_word' id='word_1_605' title='bbox 3114 3940 3289 4011; x_wconf 89' lang='lat' dir='ltr'><strong>prima</strong></span> <span class='ocrx_word' id='word_1_606' title='bbox 3323 3941 3598 3997; x_wconf 82' lang='lat' dir='ltr'><strong>Mummoli</strong></span> <span class='ocrx_word' id='word_1_607' title='bbox 3644 3943 3701 3998; x_wconf 89' lang='lat' dir='ltr'><strong>in</strong></span> <span class='ocrx_word' id='word_1_608' title='bbox 3732 3956 3850 3999; x_wconf 84' lang='lat' dir='ltr'><strong>cer-</strong></span> 
     </span>
    </p>
   </div>
   <div class='ocr_carea' id='block_1_83' title="bbox 2249 4030 3847 4101">
    <p class='ocr_par' dir='ltr' id='par_1_83' title="bbox 2249 4030 3847 4101">
     <span class='ocr_line' id='line_1_83' title="bbox 2249 4030 3847 4101; baseline 0 -13"><span class='ocrx_word' id='word_1_609' title='bbox 2249 4036 2448 4090; x_wconf 89' lang='lat' dir='ltr'><strong>tamine</strong></span> <span class='ocrx_word' id='word_1_610' title='bbox 2476 4034 2699 4089; x_wconf 87' lang='lat' dir='ltr'><strong>victoria</strong></span> <span class='ocrx_word' id='word_1_611' title='bbox 2728 4033 2842 4089; x_wconf 86' lang='lat' dir='ltr'><strong>fuit.</strong></span> <span class='ocrx_word' id='word_1_612' title='bbox 2876 4032 3123 4089; x_wconf 73' lang='lat' dir='ltr'><strong>Postbazc</strong></span> <span class='ocrx_word' id='word_1_613' title='bbox 3152 4030 3414 4099; x_wconf 89' lang='lat' dir='ltr'><strong>Saxones,</strong></span> <span class='ocrx_word' id='word_1_614' title='bbox 3450 4032 3694 4101; x_wconf 90' lang='lat' dir='ltr'><strong>quicum</strong></span> <span class='ocrx_word' id='word_1_615' title='bbox 3719 4032 3847 4088; x_wconf 52' lang='lat' dir='ltr'><strong>Lan.</strong></span> 
     </span>
    </p>
   </div>
   <div class='ocr_carea' id='block_1_84' title="bbox 2248 4126 3843 4196">
    <p class='ocr_par' dir='ltr' id='par_1_84' title="bbox 2248 4126 3843 4196">
     <span class='ocr_line' id='line_1_84' title="bbox 2248 4126 3843 4196; baseline -0.002 -14"><span class='ocrx_word' id='word_1_616' title='bbox 2248 4127 2497 4196; x_wconf 90' lang='lat' dir='ltr'><strong>gobardis</strong></span> <span class='ocrx_word' id='word_1_617' title='bbox 2536 4126 2591 4181; x_wconf 91' lang='lat' dir='ltr'><strong>in</strong></span> <span class='ocrx_word' id='word_1_618' title='bbox 2621 4126 2827 4181; x_wconf 87' lang='lat' dir='ltr'><strong>Italiam</strong></span> <span class='ocrx_word' id='word_1_619' title='bbox 2867 4134 3148 4194; x_wconf 88' lang='lat' dir='ltr'><strong>venerant,</strong></span> <span class='ocrx_word' id='word_1_620' title='bbox 3182 4126 3373 4181; x_wconf 90' lang='lat' dir='ltr'><strong>iterum</strong></span> <span class='ocrx_word' id='word_1_621' title='bbox 3404 4134 3766 4195; x_wconf 83' lang='lat' dir='ltr'><strong>prorumpunt</strong></span> <span class='ocrx_word' id='word_1_622' title='bbox 3793 4126 3843 4179; x_wconf 89' lang='lat' dir='ltr'><strong>in</strong></span> 
     </span>
    </p>
   </div>
   <div class='ocr_carea' id='block_1_85' title="bbox 2251 4212 3843 4285">
    <p class='ocr_par' dir='ltr' id='par_1_85' title="bbox 2251 4212 3843 4285">
     <span class='ocr_line' id='line_1_85' title="bbox 2251 4212 3843 4285; baseline -0.001 -14"><span class='ocrx_word' id='word_1_623' title='bbox 2251 4216 2469 4284; x_wconf 90' lang='lat' dir='ltr'><strong>Gallias,</strong></span> <span class='ocrx_word' id='word_1_624' title='bbox 2520 4225 2573 4272; x_wconf 92' lang='lat' dir='ltr'><strong>et</strong></span> <span class='ocrx_word' id='word_1_625' title='bbox 2619 4216 2756 4271; x_wconf 85' lang='lat' dir='ltr'><strong>infra</strong></span> <span class='ocrx_word' id='word_1_626' title='bbox 2809 4215 3135 4271; x_wconf 90' lang='lat' dir='ltr'><strong>territorium</strong></span> <span class='ocrx_word' id='word_1_627' title='bbox 3189 4216 3453 4285; x_wconf 76' lang='lat' dir='ltr'><strong>ltegense,</strong></span> <span class='ocrx_word' id='word_1_628' title='bbox 3502 4213 3557 4265; x_wconf 87' lang='lat' dir='ltr'><strong>id</strong></span> <span class='ocrx_word' id='word_1_629' title='bbox 3586 4222 3679 4267; x_wconf 86' lang='lat' dir='ltr'><strong>est</strong></span> <span class='ocrx_word' id='word_1_630' title='bbox 3706 4212 3843 4283; x_wconf 85' lang='lat' dir='ltr'><strong>apud</strong></span> 
     </span>
    </p>
   </div>
   <div class='ocr_carea' id='block_1_86' title="bbox 2248 4302 3844 4374">
    <p class='ocr_par' dir='ltr' id='par_1_86' title="bbox 2248 4302 3844 4374">
     <span class='ocr_line' id='line_1_86' title="bbox 2248 4302 3844 4374; baseline -0.003 -11"><span class='ocrx_word' id='word_1_631' title='bbox 2248 4308 2557 4363; x_wconf 88' lang='lat' dir='ltr'><strong>Stablonem</strong></span> <span class='ocrx_word' id='word_1_632' title='bbox 2597 4310 2611 4358; x_wconf 87' lang='lat' dir='ltr'><strong>l</strong></span> <span class='ocrx_word' id='word_1_633' title='bbox 2651 4306 2831 4359; x_wconf 83' lang='lat' dir='ltr'><strong>villam</strong></span> <span class='ocrx_word' id='word_1_634' title='bbox 2870 4313 3044 4357; x_wconf 83' lang='lat' dir='ltr'><strong>castra</strong></span> <span class='ocrx_word' id='word_1_635' title='bbox 3076 4309 3301 4371; x_wconf 87' lang='lat' dir='ltr'><strong>ponunt,</strong></span> <span class='ocrx_word' id='word_1_636' title='bbox 3352 4302 3724 4359; x_wconf 80' lang='lat' dir='ltr'><strong>discurrentes</strong></span> <span class='ocrx_word' id='word_1_637' title='bbox 3753 4317 3844 4374; x_wconf 80' lang='lat' dir='ltr'><strong>per</strong></span> 
     </span>
    </p>
   </div>
   <div class='ocr_carea' id='block_1_87' title="bbox 2252 4440 3841 4511">
    <p class='ocr_par' dir='ltr' id='par_1_87' title="bbox 2252 4440 3841 4511">
     <span class='ocr_line' id='line_1_87' title="bbox 2252 4440 3841 4511; baseline -0.003 -9"><span class='ocrx_word' id='word_1_638' title='bbox 2252 4447 2481 4502; x_wconf 89' lang='lat' dir='ltr'><strong>comites</strong></span> <span class='ocrx_word' id='word_1_639' title='bbox 2510 4443 2846 4508; x_wconf 89' lang='lat' dir='ltr'><strong>dicebantur,</strong></span> <span class='ocrx_word' id='word_1_640' title='bbox 2877 4442 3185 4498; x_wconf 89' lang='lat' dir='ltr'><strong>civitatibus</strong></span> <span class='ocrx_word' id='word_1_641' title='bbox 3207 4455 3300 4497; x_wconf 90' lang='lat' dir='ltr'><strong>seu</strong></span> <span class='ocrx_word' id='word_1_642' title='bbox 3330 4440 3541 4511; x_wconf 84' lang='lat' dir='ltr'><strong>oppidis</strong></span> <span class='ocrx_word' id='word_1_643' title='bbox 3563 4441 3618 4496; x_wconf 90' lang='lat' dir='ltr'><strong>in</strong></span> <span class='ocrx_word' id='word_1_644' title='bbox 3642 4452 3841 4498; x_wconf 81' lang='lat' dir='ltr'><strong>certum</strong></span> 
     </span>
    </p>
   </div>
   <div class='ocr_carea' id='block_1_88' title="bbox 2247 4513 3837 4586">
    <p class='ocr_par' dir='ltr' id='par_1_88' title="bbox 2247 4513 3837 4586">
     <span class='ocr_line' id='line_1_88' title="bbox 2247 4513 3837 4586; baseline -0.002 -15"><span class='ocrx_word' id='word_1_645' title='bbox 2247 4527 2461 4585; x_wconf 89' lang='lat' dir='ltr'><strong>tempus</strong></span> <span class='ocrx_word' id='word_1_646' title='bbox 2492 4529 2802 4586; x_wconf 66' lang='lat' dir='ltr'><strong>praeponere</strong></span> <span class='ocrx_word' id='word_1_647' title='bbox 2835 4530 2848 4568; x_wconf 90' lang='lat'><strong>:</strong></span> <span class='ocrx_word' id='word_1_648' title='bbox 2882 4513 3327 4586; x_wconf 71' lang='lat' dir='ltr'><strong>quibusmunera</strong></span> <span class='ocrx_word' id='word_1_649' title='bbox 3354 4513 3762 4586; x_wconf 70' lang='lat' dir='ltr'><strong>praestantibus,</strong></span> <span class='ocrx_word' id='word_1_650' title='bbox 3796 4513 3837 4568; x_wconf 88' lang='lat' dir='ltr'><strong>si</strong></span> 
     </span>
    </p>
   </div>
   <div class='ocr_carea' id='block_1_89' title="bbox 2249 4581 3838 4654">
    <p class='ocr_par' dir='ltr' id='par_1_89' title="bbox 2249 4581 3838 4654">
     <span class='ocr_line' id='line_1_89' title="bbox 2249 4581 3838 4654; baseline -0.001 -13"><span class='ocrx_word' id='word_1_651' title='bbox 2249 4588 2318 4642; x_wconf 91' lang='lat' dir='ltr'><strong>de</strong></span> <span class='ocrx_word' id='word_1_652' title='bbox 2342 4581 2407 4643; x_wconf 88' lang='lat' dir='ltr'><strong>iis</strong></span> <span class='ocrx_word' id='word_1_653' title='bbox 2436 4581 2963 4654; x_wconf 33' lang='lat' dir='ltr'><strong>ne&#39;tno’querebatur,</strong></span> <span class='ocrx_word' id='word_1_654' title='bbox 2998 4583 3157 4641; x_wconf 85' lang='lat' dir='ltr'><strong>facile</strong></span> <span class='ocrx_word' id='word_1_655' title='bbox 3187 4583 3241 4637; x_wconf 93' lang='lat' dir='ltr'><strong>in</strong></span> <span class='ocrx_word' id='word_1_656' title='bbox 3266 4581 3410 4654; x_wconf 85' lang='lat' dir='ltr'><strong>idem</strong></span> <span class='ocrx_word' id='word_1_657' title='bbox 3435 4585 3699 4654; x_wconf 88' lang='lat' dir='ltr'><strong>temporis</strong></span> <span class='ocrx_word' id='word_1_658' title='bbox 3720 4599 3838 4653; x_wconf 84' lang='lat' dir='ltr'><strong>spa-</strong></span> 
     </span>
    </p>
   </div>
   <div class='ocr_carea' id='block_1_90' title="bbox 549 4650 3840 4739">
    <p class='ocr_par' dir='ltr' id='par_1_90' title="bbox 549 4650 3840 4739">
     <span class='ocr_line' id='line_1_90' title="bbox 549 4650 3840 4739; baseline -0.001 -27"><span class='ocrx_word' id='word_1_659' title='bbox 549 4656 733 4739; x_wconf 54' lang='lat' dir='ltr'><strong>cessitn.</strong></span> <span class='ocrx_word' id='word_1_660' title='bbox 767 4663 827 4739; x_wconf 69' lang='lat' dir='ltr'><strong>ut</strong></span> <span class='ocrx_word' id='word_1_661' title='bbox 871 4655 925 4739; x_wconf 51' lang='lat' dir='ltr'><strong>i‘n</strong></span> <span class='ocrx_word' id='word_1_662' title='bbox 953 4653 1071 4739; x_wconf 74' lang='lat' dir='ltr'><strong>ejus</strong></span> <span class='ocrx_word' id='word_1_663' title='bbox 1103 4651 1221 4739; x_wconf 57' lang='lat' dir='ltr'><strong>Vita</strong></span> <span class='ocrx_word' id='word_1_664' title='bbox 1252 4651 1485 4739; x_wconf 76' lang='lat' dir='ltr'><strong>dicitur,</strong></span> <span class='ocrx_word' id='word_1_665' title='bbox 1517 4652 1657 4739; x_wconf 70' lang='lat' dir='ltr'><strong>inter</strong></span> <span class='ocrx_word' id='word_1_666' title='bbox 1706 4650 1851 4739; x_wconf 80' lang='lat' dir='ltr'><strong>Vitas</strong></span> <span class='ocrx_word' id='word_1_667' title='bbox 1897 4652 2133 4739; x_wconf 71' lang='lat' dir='ltr'><strong>Patrum,</strong></span> <span class='ocrx_word' id='word_1_668' title='bbox 2162 4678 2219 4739; x_wconf 79' lang='lat' dir='ltr'><strong><em>D</em></strong></span> <span class='ocrx_word' id='word_1_669' title='bbox 2248 4659 2379 4713; x_wconf 90' lang='lat' dir='ltr'><strong>tium</strong></span> <span class='ocrx_word' id='word_1_670' title='bbox 2409 4650 2774 4739; x_wconf 57' lang='lat' dir='ltr'><strong>_magistt:atus</strong></span> <span class='ocrx_word' id='word_1_671' title='bbox 2827 4655 3241 4739; x_wconf 73' lang='lat' dir='ltr'><strong>concedebatur.</strong></span> <span class='ocrx_word' id='word_1_672' title='bbox 3315 4653 3440 4739; x_wconf 56' lang='lat' dir='ltr'><strong>Haec</strong></span> <span class='ocrx_word' id='word_1_673' title='bbox 3497 4653 3665 4739; x_wconf 64' lang='lat' dir='ltr'><strong>etiam</strong></span> <span class='ocrx_word' id='word_1_674' title='bbox 3703 4650 3840 4739; x_wconf 38' lang='lat' dir='ltr'><strong>.e&#39;rat</strong></span> 
     </span>
    </p>
   </div>
   <div class='ocr_carea' id='block_1_91' title="bbox 549 4720 2134 4795">
    <p class='ocr_par' dir='ltr' id='par_1_91' title="bbox 549 4720 2134 4795">
     <span class='ocr_line' id='line_1_91' title="bbox 549 4720 2134 4795; baseline -0.003 -14"><span class='ocrx_word' id='word_1_675' title='bbox 549 4741 669 4795; x_wconf 88' lang='lat' dir='ltr'><strong>cap.</strong></span> <span class='ocrx_word' id='word_1_676' title='bbox 699 4724 754 4782; x_wconf 87' lang='lat'><strong>6.</strong></span> <span class='ocrx_word' id='word_1_677' title='bbox 784 4724 955 4780; x_wconf 84' lang='lat' dir='ltr'><strong>Hodie</strong></span> <span class='ocrx_word' id='word_1_678' title='bbox 983 4720 1141 4791; x_wconf 80' lang='lat' dir='ltr'><strong>vulgo</strong></span> <span class='ocrx_word' id='word_1_679' title='bbox 1162 4723 1385 4795; x_wconf 81' lang='lat' dir='ltr'><strong>Cornon,</strong></span> <span class='ocrx_word' id='word_1_680' title='bbox 1419 4720 1782 4795; x_wconf 35' lang='lat' dir='ltr'><strong>seuACqurnon</strong></span> <span class='ocrx_word' id='word_1_681' title='bbox 1805 4722 2134 4795; x_wconf 80' lang='lat' dir='ltr'><strong>appellatur,</strong></span> 
     </span>
    </p>
   </div>
   <div class='ocr_carea' id='block_1_92' title="bbox 548 4792 2017 4865">
    <p class='ocr_par' dir='ltr' id='par_1_92' title="bbox 548 4792 2017 4865">
     <span class='ocr_line' id='line_1_92' title="bbox 548 4792 2017 4865; baseline -0.006 -11"><span class='ocrx_word' id='word_1_682' title='bbox 548 4792 639 4855; x_wconf 84' lang='lat' dir='ltr'><strong>ubi</strong></span> <span class='ocrx_word' id='word_1_683' title='bbox 668 4795 959 4865; x_wconf 86' lang='lat' dir='ltr'><strong>Collegium</strong></span> <span class='ocrx_word' id='word_1_684' title='bbox 990 4794 1369 4865; x_wconf 86' lang='lat' dir='ltr'><strong>canonicorum</strong></span> <span class='ocrx_word' id='word_1_685' title='bbox 1392 4793 1491 4865; x_wconf 83' lang='lat' dir='ltr'><strong>sub</strong></span> <span class='ocrx_word' id='word_1_686' title='bbox 1515 4792 1569 4846; x_wconf 89' lang='lat' dir='ltr'><strong>S.</strong></span> <span class='ocrx_word' id='word_1_687' title='bbox 1605 4792 1818 4865; x_wconf 81' lang='lat' dir='ltr'><strong>Martini</strong></span> <span class='ocrx_word' id='word_1_688' title='bbox 1845 4793 2017 4865; x_wconf 83' lang='lat' dir='ltr'><strong>titulo.</strong></span> 
     </span>
    </p>
   </div>
   <div class='ocr_carea' id='block_1_93' title="bbox 623 4862 2139 4932">
    <p class='ocr_par' dir='ltr' id='par_1_93' title="bbox 623 4862 2139 4932">
     <span class='ocr_line' id='line_1_93' title="bbox 623 4862 2139 4932; baseline -0.006 -8"><span class='ocrx_word' id='word_1_689' title='bbox 623 4868 653 4907; x_wconf 67' lang='grc' dir='ltr'>δ</span> <span class='ocrx_word' id='word_1_690' title='bbox 684 4862 920 4923; x_wconf 76' lang='lat' dir='ltr'><strong>Observa</strong></span> <span class='ocrx_word' id='word_1_691' title='bbox 951 4866 1039 4918; x_wconf 90' lang='lat' dir='ltr'><strong>hic</strong></span> <span class='ocrx_word' id='word_1_692' title='bbox 1083 4864 1275 4917; x_wconf 84' lang='lat' dir='ltr'><strong>missas</strong></span> <span class='ocrx_word' id='word_1_693' title='bbox 1306 4878 1401 4932; x_wconf 93' lang='lat' dir='ltr'><strong>pro</strong></span> <span class='ocrx_word' id='word_1_694' title='bbox 1431 4864 1697 4917; x_wconf 81' lang='lat' dir='ltr'><strong>defunctis</strong></span> <span class='ocrx_word' id='word_1_695' title='bbox 1720 4862 1847 4916; x_wconf 91' lang='lat' dir='ltr'><strong>olim</strong></span> <span class='ocrx_word' id='word_1_696' title='bbox 1877 4863 1981 4916; x_wconf 87' lang='lat' dir='ltr'><strong>dici</strong></span> <span class='ocrx_word' id='word_1_697' title='bbox 2012 4862 2139 4917; x_wconf 53' lang='lat' dir='ltr'><strong>soli,</strong></span> 
     </span>
    </p>
   </div>
   <div class='ocr_carea' id='block_1_94' title="bbox 549 4932 2138 5009">
    <p class='ocr_par' dir='ltr' id='par_1_94' title="bbox 549 4932 2138 5009">
     <span class='ocr_line' id='line_1_94' title="bbox 549 4932 2138 5009; baseline -0.006 -13"><span class='ocrx_word' id='word_1_698' title='bbox 549 4949 654 5009; x_wconf 88' lang='lat' dir='ltr'><strong>tas,</strong></span> <span class='ocrx_word' id='word_1_699' title='bbox 685 4940 730 4995; x_wconf 90' lang='lat' dir='ltr'><strong>si</strong></span> <span class='ocrx_word' id='word_1_700' title='bbox 778 4938 829 4993; x_wconf 91' lang='lat' dir='ltr'><strong>id</strong></span> <span class='ocrx_word' id='word_1_701' title='bbox 878 4936 1008 5009; x_wconf 78' lang='lat' dir='ltr'><strong>ipsis</strong></span> <span class='ocrx_word' id='word_1_702' title='bbox 1039 4934 1168 5009; x_wconf 79' lang='lat' dir='ltr'><strong>utile</strong></span> <span class='ocrx_word' id='word_1_703' title='bbox 1202 4934 1323 5009; x_wconf 69' lang='lat' dir='ltr'><strong>[ore</strong></span> <span class='ocrx_word' id='word_1_704' title='bbox 1358 4943 1687 5009; x_wconf 54' lang='lat' dir='ltr'><strong>speraretur.</strong></span> <span class='ocrx_word' id='word_1_705' title='bbox 1735 4932 1865 4987; x_wconf 85' lang='lat' dir='ltr'><strong>Vide</strong></span> <span class='ocrx_word' id='word_1_706' title='bbox 1897 4933 2138 4988; x_wconf 81' lang='lat' dir='ltr'><strong>Mabillo-</strong></span> 
     </span>
    </p>
   </div>
   <div class='ocr_carea' id='block_1_95' title="bbox 546 5004 1708 5075">
    <p class='ocr_par' dir='ltr' id='par_1_95' title="bbox 546 5004 1708 5075">
     <span class='ocr_line' id='line_1_95' title="bbox 546 5004 1708 5075; baseline -0.009 -7"><span class='ocrx_word' id='word_1_707' title='bbox 546 5004 694 5067; x_wconf 82' lang='lat' dir='ltr'><strong>nium</strong></span> <span class='ocrx_word' id='word_1_708' title='bbox 728 5010 824 5065; x_wconf 87' lang='lat' dir='ltr'><strong>lib.</strong></span> <span class='ocrx_word' id='word_1_709' title='bbox 858 5004 1169 5075; x_wconf 69' lang='lat' dir='ltr'><strong>nLiturgiaz</strong></span> <span class='ocrx_word' id='word_1_710' title='bbox 1193 5004 1405 5069; x_wconf 85' lang='lat' dir='ltr'><strong>Gallic.,</strong></span> <span class='ocrx_word' id='word_1_711' title='bbox 1439 5020 1585 5059; x_wconf 89' lang='lat' dir='ltr'><strong>num.</strong></span> <span class='ocrx_word' id='word_1_712' title='bbox 1620 5004 1708 5058; x_wconf 81' lang='lat'><strong>70.</strong></span> 
     </span>
    </p>
   </div>
   <div class='ocr_carea' id='block_1_96' title="bbox 627 5073 2141 5147">
    <p class='ocr_par' dir='ltr' id='par_1_96' title="bbox 627 5073 2141 5147">
     <span class='ocr_line' id='line_1_96' title="bbox 627 5073 2141 5147; baseline -0.007 -11"><span class='ocrx_word' id='word_1_713' title='bbox 627 5094 648 5120; x_wconf 72' lang='grc' dir='ltr'><em>ε</em></span> <span class='ocrx_word' id='word_1_714' title='bbox 692 5081 831 5136; x_wconf 84' lang='lat' dir='ltr'><strong>Editi</strong></span> <span class='ocrx_word' id='word_1_715' title='bbox 863 5073 1189 5147; x_wconf 66' lang='lat' dir='ltr'><strong>complures,</strong></span> <span class='ocrx_word' id='word_1_716' title='bbox 1215 5092 1331 5129; x_wconf 87' lang='lat' dir='ltr'><strong>cum</strong></span> <span class='ocrx_word' id='word_1_717' title='bbox 1352 5087 1569 5145; x_wconf 83' lang='lat' dir='ltr'><strong>quatuor</strong></span> <span class='ocrx_word' id='word_1_718' title='bbox 1591 5074 1815 5147; x_wconf 71' lang='lat' dir='ltr'><strong>millium</strong></span> <span class='ocrx_word' id='word_1_719' title='bbox 1838 5073 2141 5145; x_wconf 85' lang='lat' dir='ltr'><strong>Langobar-</strong></span> 
     </span>
    </p>
   </div>
   <div class='ocr_carea' id='block_1_97' title="bbox 551 5145 2141 5214">
    <p class='ocr_par' dir='ltr' id='par_1_97' title="bbox 551 5145 2141 5214">
     <span class='ocr_line' id='line_1_97' title="bbox 551 5145 2141 5214; baseline -0.004 -9"><span class='ocrx_word' id='word_1_720' title='bbox 551 5153 760 5207; x_wconf 84' lang='lat' dir='ltr'><strong>dorum.</strong></span> <span class='ocrx_word' id='word_1_721' title='bbox 795 5145 1001 5206; x_wconf 83' lang='lat' dir='ltr'><strong>Marius</strong></span> <span class='ocrx_word' id='word_1_722' title='bbox 1020 5149 1071 5203; x_wconf 89' lang='lat' dir='ltr'><strong>in</strong></span> <span class='ocrx_word' id='word_1_723' title='bbox 1104 5147 1369 5202; x_wconf 88' lang='lat' dir='ltr'><strong>Chronico</strong></span> <span class='ocrx_word' id='word_1_724' title='bbox 1392 5146 1603 5201; x_wconf 88' lang='lat' dir='ltr'><strong>Alboini</strong></span> <span class='ocrx_word' id='word_1_725' title='bbox 1628 5148 1678 5200; x_wconf 92' lang='lat' dir='ltr'><strong>in</strong></span> <span class='ocrx_word' id='word_1_726' title='bbox 1711 5145 1911 5199; x_wconf 87' lang='lat' dir='ltr'><strong>Italiam</strong></span> <span class='ocrx_word' id='word_1_727' title='bbox 1946 5148 2141 5214; x_wconf 84' lang='lat' dir='ltr'><strong>migra-</strong></span> 
     </span>
    </p>
   </div>
   <div class='ocr_carea' id='block_1_98' title="bbox 548 5216 2137 5285">
    <p class='ocr_par' dir='ltr' id='par_1_98' title="bbox 548 5216 2137 5285">
     <span class='ocr_line' id='line_1_98' title="bbox 548 5216 2137 5285; baseline -0.005 -8"><span class='ocrx_word' id='word_1_728' title='bbox 548 5224 749 5280; x_wconf 90' lang='lat' dir='ltr'><strong>tionem</strong></span> <span class='ocrx_word' id='word_1_729' title='bbox 778 5220 1000 5277; x_wconf 78' lang='lat' dir='ltr'><strong>revocat</strong></span> <span class='ocrx_word' id='word_1_730' title='bbox 1030 5220 1097 5274; x_wconf 90' lang='lat' dir='ltr'><strong>ad</strong></span> <span class='ocrx_word' id='word_1_731' title='bbox 1127 5234 1215 5271; x_wconf 91' lang='lat' dir='ltr'><strong>an.</strong></span> <span class='ocrx_word' id='word_1_732' title='bbox 1246 5217 1370 5271; x_wconf 79' lang='lat'>569.</span> <span class='ocrx_word' id='word_1_733' title='bbox 1405 5217 1530 5285; x_wconf 86' lang='lat' dir='ltr'><strong>Ejus</strong></span> <span class='ocrx_word' id='word_1_734' title='bbox 1560 5232 1685 5272; x_wconf 89' lang='lat' dir='ltr'><strong>vero</strong></span> <span class='ocrx_word' id='word_1_735' title='bbox 1708 5232 1894 5271; x_wconf 75' lang='lat' dir='ltr'><strong>necem</strong></span> <span class='ocrx_word' id='word_1_736' title='bbox 1922 5217 1988 5269; x_wconf 92' lang='lat' dir='ltr'><strong>ad</strong></span> <span class='ocrx_word' id='word_1_737' title='bbox 2013 5216 2137 5269; x_wconf 65' lang='lat'><strong>5-372.</strong></span> 
     </span>
    </p>
   </div>
   <div class='ocr_carea' id='block_1_99' title="bbox 627 5287 2143 5353">
    <p class='ocr_par' dir='ltr' id='par_1_99' title="bbox 627 5287 2143 5353">
     <span class='ocr_line' id='line_1_99' title="bbox 627 5287 2143 5353; baseline -0.005 -5"><span class='ocrx_word' id='word_1_738' title='bbox 627 5290 656 5332; x_wconf 67' lang='grc' dir='ltr'><strong><em>ἀ</em></strong></span> <span class='ocrx_word' id='word_1_739' title='bbox 692 5294 815 5347; x_wconf 71' lang='lat' dir='ltr'><strong>Hmc</strong></span> <span class='ocrx_word' id='word_1_740' title='bbox 839 5301 955 5346; x_wconf 91' lang='lat' dir='ltr'><strong>erat</strong></span> <span class='ocrx_word' id='word_1_741' title='bbox 980 5288 1339 5351; x_wconf 81' lang='lat' dir='ltr'><strong>Rosemunda,</strong></span> <span class='ocrx_word' id='word_1_742' title='bbox 1365 5288 1687 5343; x_wconf 86' lang='lat' dir='ltr'><strong>Cunimundi</strong></span> <span class='ocrx_word' id='word_1_743' title='bbox 1712 5287 2036 5353; x_wconf 86' lang='lat' dir='ltr'><strong>Gepidarttm</strong></span> <span class='ocrx_word' id='word_1_744' title='bbox 2062 5302 2143 5341; x_wconf 86' lang='lat' dir='ltr'><strong>re-</strong></span> 
     </span>
    </p>
   </div>
   <div class='ocr_carea' id='block_1_100' title="bbox 548 5359 2142 5432">
    <p class='ocr_par' dir='ltr' id='par_1_100' title="bbox 548 5359 2142 5432">
     <span class='ocr_line' id='line_1_100' title="bbox 548 5359 2142 5432; baseline -0.006 -14"><span class='ocrx_word' id='word_1_745' title='bbox 548 5364 633 5432; x_wconf 87' lang='lat' dir='ltr'><strong>gis</strong></span> <span class='ocrx_word' id='word_1_746' title='bbox 664 5364 794 5427; x_wconf 86' lang='lat' dir='ltr'><strong>tilia,</strong></span> <span class='ocrx_word' id='word_1_747' title='bbox 824 5378 943 5432; x_wconf 71' lang='lat' dir='ltr'><strong>qure</strong></span> <span class='ocrx_word' id='word_1_748' title='bbox 974 5363 1147 5431; x_wconf 90' lang='lat' dir='ltr'><strong>primo</strong></span> <span class='ocrx_word' id='word_1_749' title='bbox 1181 5359 1466 5432; x_wconf 82' lang='lat' dir='ltr'><strong>Alboinum</strong></span> <span class='ocrx_word' id='word_1_750' title='bbox 1521 5359 1767 5412; x_wconf 86' lang='lat' dir='ltr'><strong>maritum</strong></span> <span class='ocrx_word' id='word_1_751' title='bbox 1798 5359 1978 5432; x_wconf 75' lang='lat' dir='ltr'><strong>necari</strong></span> <span class='ocrx_word' id='word_1_752' title='bbox 2018 5372 2142 5432; x_wconf 78' lang='lat' dir='ltr'><strong>pro-</strong></span> 
     </span>
    </p>
   </div>
   <div class='ocr_carea' id='block_1_101' title="bbox 556 5426 2142 5500">
    <p class='ocr_par' dir='ltr' id='par_1_101' title="bbox 556 5426 2142 5500">
     <span class='ocr_line' id='line_1_101' title="bbox 556 5426 2142 5500; baseline -0.005 -12"><span class='ocrx_word' id='word_1_753' title='bbox 556 5426 787 5497; x_wconf 62' lang='lat' dir='ltr'><strong>curavit,</strong></span> <span class='ocrx_word' id='word_1_754' title='bbox 818 5426 927 5486; x_wconf 80' lang='lat' dir='ltr'><strong>tum</strong></span> <span class='ocrx_word' id='word_1_755' title='bbox 957 5426 1305 5500; x_wconf 34' lang='lat' dir='ltr'><strong>l—leltnigisum</strong></span> <span class='ocrx_word' id='word_1_756' title='bbox 1348 5429 1647 5483; x_wconf 88' lang='lat' dir='ltr'><strong>adulterum</strong></span> <span class='ocrx_word' id='word_1_757' title='bbox 1697 5440 1905 5500; x_wconf 85' lang='lat' dir='ltr'><strong>veneno</strong></span> <span class='ocrx_word' id='word_1_758' title='bbox 1938 5426 2142 5500; x_wconf 72' lang='lat' dir='ltr'><strong>interﬁ-</strong></span> 
     </span>
    </p>
   </div>
   <div class='ocr_carea' id='block_1_102' title="bbox 557 5497 2140 5569">
    <p class='ocr_par' dir='ltr' id='par_1_102' title="bbox 557 5497 2140 5569">
     <span class='ocr_line' id='line_1_102' title="bbox 557 5497 2140 5569; baseline -0.006 -8"><span class='ocrx_word' id='word_1_759' title='bbox 557 5519 685 5560; x_wconf 90' lang='lat' dir='ltr'><strong>cere</strong></span> <span class='ocrx_word' id='word_1_760' title='bbox 738 5512 946 5569; x_wconf 90' lang='lat' dir='ltr'><strong>conata,</strong></span> <span class='ocrx_word' id='word_1_761' title='bbox 1002 5497 1264 5567; x_wconf 79' lang='lat' dir='ltr'><strong>reliquum</strong></span> <span class='ocrx_word' id='word_1_762' title='bbox 1318 5500 1507 5554; x_wconf 88' lang='lat' dir='ltr'><strong>veneni</strong></span> <span class='ocrx_word' id='word_1_763' title='bbox 1561 5501 1627 5551; x_wconf 86' lang='lat' dir='ltr'><strong>ab</strong></span> <span class='ocrx_word' id='word_1_764' title='bbox 1675 5500 1789 5566; x_wconf 87' lang='lat' dir='ltr'><strong>ipso</strong></span> <span class='ocrx_word' id='word_1_765' title='bbox 1813 5497 1919 5563; x_wconf 81' lang='lat' dir='ltr'><strong>jam</strong></span> <span class='ocrx_word' id='word_1_766' title='bbox 1966 5498 2140 5569; x_wconf 79' lang='lat' dir='ltr'><strong>media</strong></span> 
     </span>
    </p>
   </div>
   <div class='ocr_carea' id='block_1_103' title="bbox 551 5568 2141 5646">
    <p class='ocr_par' dir='ltr' id='par_1_103' title="bbox 551 5568 2141 5646">
     <span class='ocr_line' id='line_1_103' title="bbox 551 5568 2141 5646; baseline -0.004 -17"><span class='ocrx_word' id='word_1_767' title='bbox 551 5585 710 5646; x_wconf 84' lang='lat' dir='ltr'><strong>parte</strong></span> <span class='ocrx_word' id='word_1_768' title='bbox 738 5574 995 5646; x_wconf 86' lang='lat' dir='ltr'><strong>ebibitum</strong></span> <span class='ocrx_word' id='word_1_769' title='bbox 1043 5573 1225 5646; x_wconf 78' lang='lat' dir='ltr'><strong>bibere</strong></span> <span class='ocrx_word' id='word_1_770' title='bbox 1270 5580 1475 5646; x_wconf 77' lang='lat' dir='ltr'><strong>coacta,</strong></span> <span class='ocrx_word' id='word_1_771' title='bbox 1509 5568 2141 5646; x_wconf 71' lang='lat' dir='ltr'><strong>sitnul__periere._Vide</strong></span> 
     </span>
    </p>
   </div>
   <div class='ocr_carea' id='block_1_104' title="bbox 553 5638 2146 5713">
    <p class='ocr_par' dir='ltr' id='par_1_104' title="bbox 553 5638 2146 5713">
     <span class='ocr_line' id='line_1_104' title="bbox 553 5638 2146 5713; baseline -0.003 -13"><span class='ocrx_word' id='word_1_772' title='bbox 553 5638 707 5701; x_wconf 70' lang='lat' dir='ltr'><strong>i’auli</strong></span> <span class='ocrx_word' id='word_1_773' title='bbox 765 5645 1050 5699; x_wconf 87' lang='lat' dir='ltr'><strong>Historiam</strong></span> <span class='ocrx_word' id='word_1_774' title='bbox 1123 5641 1599 5713; x_wconf 84' lang='lat' dir='ltr'><strong>Langobardorum</strong></span> <span class='ocrx_word' id='word_1_775' title='bbox 1650 5638 1746 5693; x_wconf 93' lang='lat' dir='ltr'><strong>lib.</strong></span> <span class='ocrx_word' id='word_1_776' title='bbox 1800 5654 1839 5704; x_wconf 86' lang='lat' dir='ltr'><strong>I,</strong></span> <span class='ocrx_word' id='word_1_777' title='bbox 1870 5654 1921 5693; x_wconf 88' lang='lat' dir='ltr'><strong>c.</strong></span> <span class='ocrx_word' id='word_1_778' title='bbox 1955 5640 2046 5704; x_wconf 66' lang='lat'><strong>“27,</strong></span> <span class='ocrx_word' id='word_1_779' title='bbox 2092 5648 2146 5695; x_wconf 90' lang='lat' dir='ltr'><strong>ct</strong></span> 
     </span>
    </p>
   </div>
   <div class='ocr_carea' id='block_1_105' title="bbox 552 5715 1195 5783">
    <p class='ocr_par' dir='ltr' id='par_1_105' title="bbox 552 5715 1195 5783">
     <span class='ocr_line' id='line_1_105' title="bbox 552 5715 1195 5783; baseline -0.009 -11"><span class='ocrx_word' id='word_1_780' title='bbox 552 5717 649 5772; x_wconf 88' lang='lat' dir='ltr'><strong>lib.</strong></span> <span class='ocrx_word' id='word_1_781' title='bbox 680 5733 737 5779; x_wconf 90' lang='lat' dir='ltr'><strong>Il,</strong></span> <span class='ocrx_word' id='word_1_782' title='bbox 768 5731 889 5783; x_wconf 86' lang='lat' dir='ltr'><strong>cap.</strong></span> <span class='ocrx_word' id='word_1_783' title='bbox 923 5716 993 5769; x_wconf 72' lang='lat'><strong>28</strong></span> <span class='ocrx_word' id='word_1_784' title='bbox 1023 5725 1078 5771; x_wconf 90' lang='lat' dir='ltr'><strong>et</strong></span> <span class='ocrx_word' id='word_1_785' title='bbox 1104 5715 1195 5768; x_wconf 73' lang='lat'><strong>‘29.</strong></span> 
     </span>
    </p>
   </div>
   <div class='ocr_carea' id='block_1_106' title="bbox 630 5780 1758 5855">
    <p class='ocr_par' dir='ltr' id='par_1_106' title="bbox 630 5780 1758 5855">
     <span class='ocr_line' id='line_1_106' title="bbox 630 5780 1758 5855; baseline -0.006 -13"><span class='ocrx_word' id='word_1_786' title='bbox 630 5796 655 5824; x_wconf 77' lang='grc'><strong><em>⁸</em></strong></span> <span class='ocrx_word' id='word_1_787' title='bbox 691 5780 1083 5855; x_wconf 44' lang='lat' dir='ltr'><strong>Editi—aliquot,</strong></span> <span class='ocrx_word' id='word_1_788' title='bbox 1112 5783 1313 5839; x_wconf 68' lang='grc' dir='ltr'><strong>Ροεηίο.</strong></span> <span class='ocrx_word' id='word_1_789' title='bbox 1340 5780 1519 5855; x_wconf 80' lang='lat' dir='ltr'><strong>Colb.,</strong></span> <span class='ocrx_word' id='word_1_790' title='bbox 1558 5780 1758 5835; x_wconf 77' lang='lat' dir='ltr'><strong>Piom’o.</strong></span> 
     </span>
    </p>
   </div>
   <div class='ocr_carea' id='block_1_107' title="bbox 634 5852 2147 5920">
    <p class='ocr_par' dir='ltr' id='par_1_107' title="bbox 634 5852 2147 5920">
     <span class='ocr_line' id='line_1_107' title="bbox 634 5852 2147 5920; baseline -0.003 -9"><span class='ocrx_word' id='word_1_791' title='bbox 634 5855 653 5895; x_wconf 77' lang='grc' dir='ltr'>ί</span> <span class='ocrx_word' id='word_1_792' title='bbox 688 5857 746 5913; x_wconf 90' lang='lat' dir='ltr'><strong>ld</strong></span> <span class='ocrx_word' id='word_1_793' title='bbox 778 5866 863 5911; x_wconf 92' lang='lat' dir='ltr'><strong>cst</strong></span> <span class='ocrx_word' id='word_1_794' title='bbox 892 5852 966 5910; x_wconf 73' lang='grc' dir='ltr'><strong>ιη’</strong></span> <span class='ocrx_word' id='word_1_795' title='bbox 1007 5854 1257 5910; x_wconf 88' lang='lat' dir='ltr'><strong>comitiva</strong></span> <span class='ocrx_word' id='word_1_796' title='bbox 1309 5852 1410 5907; x_wconf 88' lang='lat' dir='ltr'><strong>sibi</strong></span> <span class='ocrx_word' id='word_1_797' title='bbox 1461 5863 1856 5920; x_wconf 81' lang='lat' dir='ltr'><strong>prorogaretur.</strong></span> <span class='ocrx_word' id='word_1_798' title='bbox 1888 5852 2147 5907; x_wconf 86' lang='lat' dir='ltr'><strong>Solebant</strong></span> 
     </span>
    </p>
   </div>
   <div class='ocr_carea' id='block_1_108' title="bbox 554 5921 2149 5992">
    <p class='ocr_par' dir='ltr' id='par_1_108' title="bbox 554 5921 2149 5992">
     <span class='ocr_line' id='line_1_108' title="bbox 554 5921 2149 5992; baseline -0.004 -6"><span class='ocrx_word' id='word_1_799' title='bbox 554 5928 700 5987; x_wconf 88' lang='lat' dir='ltr'><strong>enim</strong></span> <span class='ocrx_word' id='word_1_800' title='bbox 756 5936 881 5985; x_wconf 90' lang='lat' dir='ltr'><strong>tunc</strong></span> <span class='ocrx_word' id='word_1_801' title='bbox 926 5939 1079 5991; x_wconf 83' lang='lat' dir='ltr'><strong>reges</strong></span> <span class='ocrx_word' id='word_1_802' title='bbox 1106 5923 1279 5981; x_wconf 88' lang='lat' dir='ltr'><strong>nostri</strong></span> <span class='ocrx_word' id='word_1_803' title='bbox 1321 5921 1533 5989; x_wconf 77' lang='lat' dir='ltr'><strong>iudices</strong></span> <span class='ocrx_word' id='word_1_804' title='bbox 1564 5938 1661 5980; x_wconf 89' lang='lat' dir='ltr'><strong>seu</strong></span> <span class='ocrx_word' id='word_1_805' title='bbox 1702 5923 2009 5991; x_wconf 77' lang='lat' dir='ltr'><strong>praefectos,</strong></span> <span class='ocrx_word' id='word_1_806' title='bbox 2058 5922 2149 5992; x_wconf 91' lang='lat' dir='ltr'><strong>qui</strong></span> 
     </span>
    </p>
   </div>
   <div class='ocr_carea' id='block_1_109' title="bbox 2244 4721 3838 4798">
    <p class='ocr_par' dir='ltr' id='par_1_109' title="bbox 2244 4721 3838 4798">
     <span class='ocr_line' id='line_1_109' title="bbox 2244 4721 3838 4798; baseline -0.004 -15"><span class='ocrx_word' id='word_1_807' title='bbox 2244 4721 2566 4798; x_wconf 67' lang='lat' dir='ltr'><strong>quandoque</strong></span> <span class='ocrx_word' id='word_1_808' title='bbox 2581 4726 2645 4779; x_wconf 83' lang='lat' dir='ltr'><strong>ad</strong></span> <span class='ocrx_word' id='word_1_809' title='bbox 2668 4727 2971 4798; x_wconf 82' lang='lat' dir='ltr'><strong>superiores</strong></span> <span class='ocrx_word' id='word_1_810' title='bbox 2992 4725 3277 4795; x_wconf 86' lang='lat' dir='ltr'><strong>dignitates</strong></span> <span class='ocrx_word' id='word_1_811' title='bbox 3290 4721 3635 4798; x_wconf 78' lang='lat' dir='ltr'><strong>pertingendi</strong></span> <span class='ocrx_word' id='word_1_812' title='bbox 3663 4725 3775 4798; x_wconf 75' lang='lat' dir='ltr'><strong>via,</strong></span> <span class='ocrx_word' id='word_1_813' title='bbox 3787 4732 3838 4778; x_wconf 92' lang='lat' dir='ltr'><strong>ut</strong></span> 
     </span>
    </p>
   </div>
   <div class='ocr_carea' id='block_1_110' title="bbox 2244 4794 3842 4865">
    <p class='ocr_par' dir='ltr' id='par_1_110' title="bbox 2244 4794 3842 4865">
     <span class='ocr_line' id='line_1_110' title="bbox 2244 4794 3842 4865; baseline -0.004 -10"><span class='ocrx_word' id='word_1_814' title='bbox 2244 4794 2533 4855; x_wconf 79' lang='lat' dir='ltr'><strong>Mummolo</strong></span> <span class='ocrx_word' id='word_1_815' title='bbox 2573 4794 2813 4865; x_wconf 87' lang='lat' dir='ltr'><strong>contigit.</strong></span> <span class='ocrx_word' id='word_1_816' title='bbox 2847 4794 3071 4849; x_wconf 67' lang='lat' dir='ltr'><strong>Actionis</strong></span> <span class='ocrx_word' id='word_1_817' title='bbox 3124 4805 3301 4850; x_wconf 88' lang='lat' dir='ltr'><strong>autem</strong></span> <span class='ocrx_word' id='word_1_818' title='bbox 3369 4794 3604 4865; x_wconf 70' lang='lat' dir='ltr'><strong>nomine</strong></span> <span class='ocrx_word' id='word_1_819' title='bbox 3646 4796 3842 4863; x_wconf 65' lang='lat' dir='ltr'><strong>saepius</strong></span> 
     </span>
    </p>
   </div>
   <div class='ocr_carea' id='block_1_111' title="bbox 2248 4863 3837 4937">
    <p class='ocr_par' dir='ltr' id='par_1_111' title="bbox 2248 4863 3837 4937">
     <span class='ocr_line' id='line_1_111' title="bbox 2248 4863 3837 4937; baseline -0.003 -12"><span class='ocrx_word' id='word_1_820' title='bbox 2248 4870 2486 4926; x_wconf 78' lang='lat' dir='ltr'><strong>cilicium</strong></span> <span class='ocrx_word' id='word_1_821' title='bbox 2533 4863 2793 4937; x_wconf 83' lang='lat' dir='ltr'><strong>signatur.</strong></span> <span class='ocrx_word' id='word_1_822' title='bbox 2850 4866 2916 4919; x_wconf 87' lang='lat' dir='ltr'><strong>V.</strong></span> <span class='ocrx_word' id='word_1_823' title='bbox 2967 4865 3192 4935; x_wconf 85' lang='lat' dir='ltr'><strong>Bignon.</strong></span> <span class='ocrx_word' id='word_1_824' title='bbox 3242 4867 3297 4920; x_wconf 91' lang='lat' dir='ltr'><strong>in</strong></span> <span class='ocrx_word' id='word_1_825' title='bbox 3348 4864 3446 4920; x_wconf 91' lang='lat' dir='ltr'><strong>lib.</strong></span> <span class='ocrx_word' id='word_1_826' title='bbox 3494 4880 3510 4918; x_wconf 85' lang='grc' dir='ltr'>ι</span> <span class='ocrx_word' id='word_1_827' title='bbox 3558 4863 3837 4934; x_wconf 76' lang='lat' dir='ltr'><strong>Marculﬁ,</strong></span> 
     </span>
    </p>
   </div>
   <div class='ocr_carea' id='block_1_112' title="bbox 2246 4942 2529 4997">
    <p class='ocr_par' dir='ltr' id='par_1_112' title="bbox 2246 4942 2529 4997">
     <span class='ocr_line' id='line_1_112' title="bbox 2246 4942 2529 4997; baseline -0.014 -1"><span class='ocrx_word' id='word_1_828' title='bbox 2246 4942 2529 4997; x_wconf 75' lang='lat' dir='ltr'><strong>ferm.;II.</strong></span> 
     </span>
    </p>
   </div>
   <div class='ocr_carea' id='block_1_113' title="bbox 2328 5004 3838 5079">
    <p class='ocr_par' dir='ltr' id='par_1_113' title="bbox 2328 5004 3838 5079">
     <span class='ocr_line' id='line_1_113' title="bbox 2328 5004 3838 5079; baseline -0.002 -16"><span class='ocrx_word' id='word_1_829' title='bbox 2328 5021 2351 5057; x_wconf 77' lang='grc' dir='ltr'><strong>Β</strong></span> <span class='ocrx_word' id='word_1_830' title='bbox 2381 5011 2519 5064; x_wconf 82' lang='lat' dir='ltr'><strong>Editi</strong></span> <span class='ocrx_word' id='word_1_831' title='bbox 2544 5010 2802 5079; x_wconf 90' lang='lat' dir='ltr'><strong>plerique,</strong></span> <span class='ocrx_word' id='word_1_832' title='bbox 2836 5009 3075 5079; x_wconf 80' lang='lat' dir='ltr'><strong>Armatus</strong></span> <span class='ocrx_word' id='word_1_833' title='bbox 3108 5005 3359 5079; x_wconf 11' lang='lat' dir='ltr'><strong>chriicius,</strong></span> <span class='ocrx_word' id='word_1_834' title='bbox 3405 5007 3492 5079; x_wconf 57' lang='lat' dir='ltr'><strong>qui</strong></span> <span class='ocrx_word' id='word_1_835' title='bbox 3519 5022 3689 5079; x_wconf 68' lang='lat' dir='ltr'><strong>nuper</strong></span> <span class='ocrx_word' id='word_1_836' title='bbox 3709 5004 3838 5079; x_wconf 62' lang='lat' dir='ltr'><strong>Celsi</strong></span> 
     </span>
    </p>
   </div>
   <div class='ocr_carea' id='block_1_114' title="bbox 2248 5076 3931 5148">
    <p class='ocr_par' dir='ltr' id='par_1_114' title="bbox 2248 5076 3931 5148">
     <span class='ocr_line' id='line_1_114' title="bbox 2248 5076 3931 5148; baseline -0.007 -11"><span class='ocrx_word' id='word_1_837' title='bbox 2248 5076 2983 5148; x_wconf 36' lang='lat' dir='ltr'><strong>successor.’Concurruntquc</strong></span> <span class='ocrx_word' id='word_1_838' title='bbox 3027 5078 3117 5131; x_wconf 85' lang='lat' dir='ltr'><strong>ibi.</strong></span> <span class='ocrx_word' id='word_1_839' title='bbox 3141 5077 3246 5134; x_wconf 88' lang='lat' dir='ltr'><strong>Sed</strong></span> <span class='ocrx_word' id='word_1_840' title='bbox 3292 5076 3431 5144; x_wconf 88' lang='lat' dir='ltr'><strong>apud</strong></span> <span class='ocrx_word' id='word_1_841' title='bbox 3464 5077 3692 5148; x_wconf 76' lang='lat' dir='ltr'><strong>Paulum</strong></span> <span class='ocrx_word' id='word_1_842' title='bbox 3720 5076 3834 5133; x_wconf 83' lang='lat' dir='ltr'><strong>Dia-</strong></span> <span class='ocrx_word' id='word_1_843' title='bbox 3928 5078 3931 5148; x_wconf 50' lang='grc' dir='ltr'><em>ρ</em></span> 
     </span>
    </p>
   </div>
   <div class='ocr_carea' id='block_1_115' title="bbox 2252 5146 3833 5219">
    <p class='ocr_par' dir='ltr' id='par_1_115' title="bbox 2252 5146 3833 5219">
     <span class='ocr_line' id='line_1_115' title="bbox 2252 5146 3833 5219; baseline -0.004 -11"><span class='ocrx_word' id='word_1_844' title='bbox 2252 5168 2445 5208; x_wconf 84' lang='lat' dir='ltr'><strong>conum</strong></span> <span class='ocrx_word' id='word_1_845' title='bbox 2467 5152 2557 5206; x_wconf 91' lang='lat' dir='ltr'><strong>lib.</strong></span> <span class='ocrx_word' id='word_1_846' title='bbox 2577 5167 2654 5213; x_wconf 85' lang='grc' dir='ltr'>ιιι,</span> <span class='ocrx_word' id='word_1_847' title='bbox 2683 5165 2801 5218; x_wconf 87' lang='lat' dir='ltr'><strong>cap.</strong></span> <span class='ocrx_word' id='word_1_848' title='bbox 2822 5150 2874 5219; x_wconf 71' lang='grc' dir='ltr'><strong>ὅ,</strong></span> <span class='ocrx_word' id='word_1_849' title='bbox 2896 5146 3322 5219; x_wconf 69' lang='lat' dir='ltr'><strong>diciturqquue</strong></span> <span class='ocrx_word' id='word_1_850' title='bbox 3334 5156 3543 5205; x_wconf 71' lang='lat' dir='ltr'><strong>Amatur</strong></span> <span class='ocrx_word' id='word_1_851' title='bbox 3557 5146 3833 5219; x_wconf 67' lang='lat' dir='ltr'><strong>Patricius.</strong></span> 
     </span>
    </p>
   </div>
   <div class='ocr_carea' id='block_1_116' title="bbox 2327 5216 3838 5286">
    <p class='ocr_par' dir='ltr' id='par_1_116' title="bbox 2327 5216 3838 5286">
     <span class='ocr_line' id='line_1_116' title="bbox 2327 5216 3838 5286; baseline -0.007 -7"><span class='ocrx_word' id='word_1_852' title='bbox 2327 5221 2355 5261; x_wconf 66' lang='grc'><strong>1³</strong></span> <span class='ocrx_word' id='word_1_853' title='bbox 2384 5224 2473 5279; x_wconf 86' lang='lat' dir='ltr'><strong>Sic</strong></span> <span class='ocrx_word' id='word_1_854' title='bbox 2488 5221 2697 5277; x_wconf 85' lang='lat' dir='ltr'><strong>Bellov.</strong></span> <span class='ocrx_word' id='word_1_855' title='bbox 2731 5216 2800 5275; x_wconf 81' lang='grc' dir='ltr'><strong>Ᾱι</strong></span> <span class='ocrx_word' id='word_1_856' title='bbox 2824 5218 3013 5286; x_wconf 84' lang='lat' dir='ltr'><strong>Corb.,</strong></span> <span class='ocrx_word' id='word_1_857' title='bbox 3050 5216 3519 5284; x_wconf 66' lang='lat' dir='ltr'><strong>Musticltscalmes;</strong></span> <span class='ocrx_word' id='word_1_858' title='bbox 3546 5219 3697 5285; x_wconf 78' lang='lat' dir='ltr'><strong>Bec.,</strong></span> <span class='ocrx_word' id='word_1_859' title='bbox 3732 5216 3838 5270; x_wconf 67' lang='lat' dir='ltr'><strong>lle-</strong></span> 
     </span>
    </p>
   </div>
   <div class='ocr_carea' id='block_1_117' title="bbox 3754 410 3873 470">
    <p class='ocr_par' dir='ltr' id='par_1_117' title="bbox 3754 410 3873 470">
     <span class='ocr_line' id='line_1_117' title="bbox 3754 410 3873 470; baseline 0 0"><span class='ocrx_word' id='word_1_860' title='bbox 3754 410 3873 470; x_wconf 76' lang='grc'><strong>504</strong></span> 
     </span>
    </p>
   </div>
   <div class='ocr_carea' id='block_1_118' title="bbox 2253 5288 3925 5357">
    <p class='ocr_par' dir='ltr' id='par_1_118' title="bbox 2253 5288 3925 5357">
     <span class='ocr_line' id='line_1_118' title="bbox 2253 5288 3925 5357; baseline -0.002 -12"><span class='ocrx_word' id='word_1_861' title='bbox 2253 5294 2595 5347; x_wconf 83' lang='lat' dir='ltr'><strong>tias-calmes.</strong></span> <span class='ocrx_word' id='word_1_862' title='bbox 2632 5291 2772 5345; x_wconf 88' lang='lat' dir='ltr'><strong>Editi</strong></span> <span class='ocrx_word' id='word_1_863' title='bbox 2802 5289 3077 5357; x_wconf 67' lang='lat' dir='ltr'><strong>nonnullif,</strong></span> <span class='ocrx_word' id='word_1_864' title='bbox 3108 5290 3545 5343; x_wconf 83' lang='lat' dir='ltr'><strong>Musciascafmes.</strong></span> <span class='ocrx_word' id='word_1_865' title='bbox 3592 5288 3836 5357; x_wconf 79' lang='lat' dir='ltr'><strong>Nostram</strong></span> <span class='ocrx_word' id='word_1_866' title='bbox 3924 5322 3925 5327; x_wconf 60' lang='grc' dir='ltr'><strong>η</strong></span> 
     </span>
    </p>
   </div>
   <div class='ocr_carea' id='block_1_119' title="bbox 2253 5355 3923 5426">
    <p class='ocr_par' dir='ltr' id='par_1_119' title="bbox 2253 5355 3923 5426">
     <span class='ocr_line' id='line_1_119' title="bbox 2253 5355 3923 5426; baseline -0.004 -9"><span class='ocrx_word' id='word_1_867' title='bbox 2253 5365 2535 5418; x_wconf 88' lang='lat' dir='ltr'><strong>lectionem</strong></span> <span class='ocrx_word' id='word_1_868' title='bbox 2554 5362 2917 5417; x_wconf 85' lang='lat' dir='ltr'><strong>habetPaulus</strong></span> <span class='ocrx_word' id='word_1_869' title='bbox 2937 5360 3029 5415; x_wconf 89' lang='lat' dir='ltr'><strong>lib.</strong></span> <span class='ocrx_word' id='word_1_870' title='bbox 3047 5355 3101 5414; x_wconf 80' lang='lat' dir='ltr'><strong>in</strong></span> <span class='ocrx_word' id='word_1_871' title='bbox 3118 5359 3312 5414; x_wconf 84' lang='lat' dir='ltr'><strong>Histor.</strong></span> <span class='ocrx_word' id='word_1_872' title='bbox 3334 5358 3595 5426; x_wconf 88' lang='lat' dir='ltr'><strong>Langob.,</strong></span> <span class='ocrx_word' id='word_1_873' title='bbox 3613 5373 3667 5413; x_wconf 89' lang='lat' dir='ltr'><strong>c.</strong></span> <span class='ocrx_word' id='word_1_874' title='bbox 3682 5360 3737 5426; x_wconf 70' lang='grc'><strong>6,</strong></span> <span class='ocrx_word' id='word_1_875' title='bbox 3755 5355 3837 5413; x_wconf 86' lang='lat' dir='ltr'><strong>ubi</strong></span> <span class='ocrx_word' id='word_1_876' title='bbox 3922 5400 3923 5405; x_wconf 54' lang='grc' dir='ltr'><strong>η</strong></span> 
     </span>
    </p>
   </div>
   <div class='ocr_carea' id='block_1_120' title="bbox 2251 5428 3708 5502">
    <p class='ocr_par' dir='ltr' id='par_1_120' title="bbox 2251 5428 3708 5502">
     <span class='ocr_line' id='line_1_120' title="bbox 2251 5428 3708 5502; baseline -0.003 -14"><span class='ocrx_word' id='word_1_877' title='bbox 2251 5445 2307 5489; x_wconf 92' lang='lat' dir='ltr'><strong>et</strong></span> <span class='ocrx_word' id='word_1_878' title='bbox 2349 5435 2484 5488; x_wconf 88' lang='lat' dir='ltr'><strong>hanc</strong></span> <span class='ocrx_word' id='word_1_879' title='bbox 2533 5431 3019 5502; x_wconf 58' lang='lat' dir='ltr'><strong>Langobardorum.</strong></span> <span class='ocrx_word' id='word_1_880' title='bbox 3044 5431 3399 5502; x_wconf 87' lang='lat' dir='ltr'><strong>incursionem</strong></span> <span class='ocrx_word' id='word_1_881' title='bbox 3429 5428 3708 5502; x_wconf 83' lang='lat' dir='ltr'><strong>describit.</strong></span> 
     </span>
    </p>
   </div>
   <div class='ocr_carea' id='block_1_121' title="bbox 2336 5462 3921 5575">
    <p class='ocr_par' dir='ltr' id='par_1_121' title="bbox 2336 5462 3921 5575">
     <span class='ocr_line' id='line_1_121' title="bbox 2350 5462 3921 5502; baseline -0.004 -14"><span class='ocrx_word' id='word_1_882' title='bbox 2350 5462 2484 5488; x_wconf 72' lang='grc' dir='ltr'><strong>ΙΙὶΙΙΙυ</strong></span> <span class='ocrx_word' id='word_1_883' title='bbox 2534 5462 2899 5502; x_wconf 62' lang='grc' dir='ltr'><strong>ιλῧΙΙδυυιΙΙυυΙ</strong></span> <span class='ocrx_word' id='word_1_884' title='bbox 2917 5462 3019 5501; x_wconf 66' lang='grc' dir='ltr'>υιιιι</span> <span class='ocrx_word' id='word_1_885' title='bbox 3044 5462 3399 5485; x_wconf 68' lang='grc' dir='ltr'><strong>ιυιιυιοιυιιῦιιι</strong></span> <span class='ocrx_word' id='word_1_886' title='bbox 3429 5462 3708 5483; x_wconf 66' lang='grc' dir='ltr'><strong>υυδιιιιυιιο</strong></span> <span class='ocrx_word' id='word_1_887' title='bbox 3920 5462 3921 5485; x_wconf 79' lang='lat' dir='ltr'><strong>l</strong></span> 
     </span>
     <span class='ocr_line' id='line_1_122' title="bbox 2336 5499 3919 5575; baseline -0.005 -15"><span class='ocrx_word' id='word_1_888' title='bbox 2336 5505 2348 5541; x_wconf 76' lang='grc' dir='ltr'><strong>ί</strong></span> <span class='ocrx_word' id='word_1_889' title='bbox 2389 5504 2531 5560; x_wconf 89' lang='lat' dir='ltr'><strong>Editi</strong></span> <span class='ocrx_word' id='word_1_890' title='bbox 2579 5505 2819 5575; x_wconf 63' lang='lat' dir='ltr'><strong>aliqugt,</strong></span> <span class='ocrx_word' id='word_1_891' title='bbox 2864 5501 3127 5575; x_wconf 63' lang='lat' dir='ltr'><strong>Sutrinus,</strong></span> <span class='ocrx_word' id='word_1_892' title='bbox 3157 5500 3296 5575; x_wconf 73' lang='lat' dir='ltr'><strong>quod</strong></span> <span class='ocrx_word' id='word_1_893' title='bbox 3325 5500 3425 5575; x_wconf 84' lang='lat' dir='ltr'><strong>_sic</strong></span> <span class='ocrx_word' id='word_1_894' title='bbox 3469 5499 3838 5575; x_wconf 63' lang='lat' dir='ltr'><strong>legerentpro</strong></span> <span class='ocrx_word' id='word_1_895' title='bbox 3918 5552 3919 5565; x_wconf 19' lang='grc' dir='ltr'>χ</span> 
     </span>
    </p>
   </div>
   <div class='ocr_carea' id='block_1_122' title="bbox 2251 5570 3917 5645">
    <p class='ocr_par' dir='ltr' id='par_1_122' title="bbox 2251 5570 3917 5645">
     <span class='ocr_line' id='line_1_123' title="bbox 2251 5570 3917 5645; baseline -0.005 -14"><span class='ocrx_word' id='word_1_896' title='bbox 2251 5576 2521 5638; x_wconf 81' lang='lat' dir='ltr'><strong>Salunius,</strong></span> <span class='ocrx_word' id='word_1_897' title='bbox 2547 5585 2603 5630; x_wconf 90' lang='lat' dir='ltr'><strong>ut</strong></span> <span class='ocrx_word' id='word_1_898' title='bbox 2634 5570 2684 5630; x_wconf 72' lang='lat' dir='ltr'><strong>iti</strong></span> <span class='ocrx_word' id='word_1_899' title='bbox 2710 5571 3126 5645; x_wconf 76' lang='lat' dir='ltr'><strong>Colb.Salonius</strong></span> <span class='ocrx_word' id='word_1_900' title='bbox 3160 5570 3586 5635; x_wconf 86' lang='lat' dir='ltr'><strong>Ebrcdunensis,</strong></span> <span class='ocrx_word' id='word_1_901' title='bbox 3620 5570 3836 5640; x_wconf 86' lang='lat' dir='ltr'><strong>Sagitta-</strong></span> <span class='ocrx_word' id='word_1_902' title='bbox 3916 5630 3917 5645; x_wconf 15' lang='grc' dir='ltr'>χ</span> 
     </span>
    </p>
   </div>
   <div class='ocr_carea' id='block_1_123' title="bbox 2249 5640 3209 5715">
    <p class='ocr_par' dir='ltr' id='par_1_123' title="bbox 2249 5640 3209 5715">
     <span class='ocr_line' id='line_1_124' title="bbox 2249 5640 3209 5715; baseline -0.006 -12"><span class='ocrx_word' id='word_1_903' title='bbox 2249 5649 2360 5703; x_wconf 89' lang='lat' dir='ltr'><strong>rius</strong></span> <span class='ocrx_word' id='word_1_904' title='bbox 2394 5646 2740 5715; x_wconf 87' lang='lat' dir='ltr'><strong>Vapincensis</strong></span> <span class='ocrx_word' id='word_1_905' title='bbox 2770 5644 3009 5715; x_wconf 81' lang='lat' dir='ltr'><strong>episcopi</strong></span> <span class='ocrx_word' id='word_1_906' title='bbox 3040 5640 3209 5697; x_wconf 85' lang='lat' dir='ltr'><strong>fuere.</strong></span> 
     </span>
    </p>
   </div>
   <div class='ocr_carea' id='block_1_124' title="bbox 2334 5706 3915 5786">
    <p class='ocr_par' dir='ltr' id='par_1_124' title="bbox 2334 5706 3915 5786">
     <span class='ocr_line' id='line_1_125' title="bbox 2334 5706 3915 5786; baseline -0.006 -13"><span class='ocrx_word' id='word_1_907' title='bbox 2334 5719 2346 5767; x_wconf 71' lang='grc' dir='ltr'>ἱ</span> <span class='ocrx_word' id='word_1_908' title='bbox 2382 5706 2708 5784; x_wconf 51' lang='grc' dir='ltr'><strong>εἰεί-(διεξίω</strong></span> <span class='ocrx_word' id='word_1_909' title='bbox 2756 5706 2913 5786; x_wconf 66' lang='lat' dir='ltr'><strong>mss;</strong></span> <span class='ocrx_word' id='word_1_910' title='bbox 2945 5706 3671 5786; x_wconf 53' lang='lat' dir='ltr'><strong>Cltesn,,_Stapfonmt._Ilic_</strong></span> <span class='ocrx_word' id='word_1_911' title='bbox 3697 5711 3836 5786; x_wconf 63' lang='lat' dir='ltr'><strong>locns</strong></span> <span class='ocrx_word' id='word_1_912' title='bbox 3912 5706 3915 5786; x_wconf 47' lang='grc' dir='ltr'><em>ς</em></span> 
     </span>
    </p>
   </div>
   <div class='ocr_carea' id='block_1_125' title="bbox 2255 5781 3833 5855">
    <p class='ocr_par' dir='ltr' id='par_1_125' title="bbox 2255 5781 3833 5855">
     <span class='ocr_line' id='line_1_126' title="bbox 2255 5781 3833 5855; baseline -0.001 -14"><span class='ocrx_word' id='word_1_913' title='bbox 2255 5789 2417 5842; x_wconf 84' lang='lat' dir='ltr'><strong>hodie</strong></span> <span class='ocrx_word' id='word_1_914' title='bbox 2446 5781 2637 5841; x_wconf 81' lang='lat' dir='ltr'><strong>dicitur</strong></span> <span class='ocrx_word' id='word_1_915' title='bbox 2660 5786 2818 5855; x_wconf 89' lang='lat' dir='ltr'><strong>vulgo</strong></span> <span class='ocrx_word' id='word_1_916' title='bbox 2850 5784 3088 5855; x_wconf 2' lang='lat' dir='ltr'><strong>Sljoblon,</strong></span> <span class='ocrx_word' id='word_1_917' title='bbox 3118 5784 3202 5855; x_wconf 68' lang='lat' dir='ltr'><strong>vel</strong></span> <span class='ocrx_word' id='word_1_918' title='bbox 3229 5781 3506 5852; x_wconf 78' lang='lat' dir='ltr'><strong>Establou,</strong></span> <span class='ocrx_word' id='word_1_919' title='bbox 3537 5781 3596 5841; x_wconf 82' lang='lat' dir='ltr'><strong>in</strong></span> <span class='ocrx_word' id='word_1_920' title='bbox 3618 5781 3833 5840; x_wconf 68' lang='grc' dir='ltr'><strong>άῑωαεῑ</strong></span> 
     </span>
    </p>
   </div>
   <div class='ocr_carea' id='block_1_126' title="bbox 2252 5853 3209 5928">
    <p class='ocr_par' dir='ltr' id='par_1_126' title="bbox 2252 5853 3209 5928">
     <span class='ocr_line' id='line_1_127' title="bbox 2252 5853 3209 5928; baseline -0.006 -14"><span class='ocrx_word' id='word_1_921' title='bbox 2252 5858 2526 5928; x_wconf 71' lang='lat' dir='ltr'><strong>Iiegicnsi,</strong></span> <span class='ocrx_word' id='word_1_922' title='bbox 2556 5858 2617 5912; x_wconf 84' lang='lat' dir='ltr'><strong>de</strong></span> <span class='ocrx_word' id='word_1_923' title='bbox 2648 5853 2793 5925; x_wconf 72' lang='lat' dir='ltr'><strong>liici,</strong></span> <span class='ocrx_word' id='word_1_924' title='bbox 2819 5855 2874 5911; x_wconf 88' lang='lat' dir='ltr'><strong>in</strong></span> <span class='ocrx_word' id='word_1_925' title='bbox 2904 5853 3209 5913; x_wconf 84' lang='lat' dir='ltr'><strong>Provincia.</strong></span> 
     </span>
    </p>
   </div>
  </div>
