4028 6342
203 386 314 447 505

1136 375 1456 439 HISTORIA
1492 368 1936 431 FRANCORUM.
1979 366 2183 423 LIBER
2220 359 2560 434 QUARTUS.

3368 352 3476 411 506

204 506 369 562 villas
397 503 607 560 urbium
652 503 967 566 vicinarum,
1016 500 1330 571 diripientes
1361 495 1564 566 prmdas
1583 534 1596 559 ,
1626 490 1794 560 eapti-
1819 483 1875 547 Α
1898 486 2110 559 ingenio
2142 482 2323 540 nescio
2353 495 2457 551 quo
2485 476 2583 533 fuit
2612 492 2625 530 :
2657 476 2797 532 unde
2821 474 3061 571 nonnulli
3102 472 3207 527 hoc
3236 470 3360 527 dolo
3387 471 3480 571 se-

204 614 305 654 vos
336 598 682 662 abducentes,
723 596 806 651 vel
855 595 1017 650 etiam
1066 602 1254 649 cuncta
1302 597 1594 644 vastantes.
1641 582 1794 650 Quod

205 705 332 746 cum
362 688 680 744 Mummolus
707 686 1079 757 comperisset,
1134 684 1426 740 exercitum
1458 688 1658 744 movet,
1722 677 1797 731 ir-

206 798 479 851 ruensquc
515 798 677 852 super
704 795 819 845 eos,
858 780 1021 834 multa
1044 793 1111 834 ex
1140 780 1221 833 his
1246 777 1407 831 millia
1433 771 1718 839 interfecit,
1744 776 1797 823 et

207 888 383 943 usque
416 872 572 943 184
592 872 657 926 ad
688 885 966 940 vesperam
990 869 1201 924 cadere
1234 882 1338 922 non
1370 866 1592 928 destitit,
1624 862 1799 916 donec

213 979 322 1020 nox
355 965 513 1019 tinem
544 964 760 1019 iaceret.
792 962 1011 1032 Ignaros
1042 960 1184 1015 enim
1226 964 1498 1028 repererat
1527 953 1795 1018 homines,

214 1064 273 1112 et
297 1056 425 1111 nihil
463 1056 529 1111 de
574 1056 657 1109 his
684 1069 803 1124 quae
853 1059 1197 1109 accesserunt
1246 1054 1603 1104 autumantes.
1646 1044 1799 1097 Mane

214 1157 398 1203 autem
429 1148 564 1202 facto
593 1154 835 1201 statuunt
871 1146 1112 1203 Saxones
1136 1142 1459 1205 exercitum,
1494 1150 1798 1207 praeparan-

218 1246 302 1294 tes
328 1253 387 1295 se
416 1238 482 1293 ad
508 1238 727 1293 bellum.
757 1237 861 1293 Sed
895 1233 1370 1292 intercurrentibus
1396 1231 1594 1285 nuntiis
1614 1242 1800 1298 pacem

218 1330 483 1397 fecerunt,
517 1330 761 1400 datisque
782 1328 1094 1385 muneribus
1122 1323 1440 1387 Mummolo,
1469 1321 1655 1376 relicta
1678 1317 1801 1373 uni-

215 1438 375 1478 versa
418 1423 650 1493 regionis
694 1422 874 1491 praeda
910 1436 1031 1476 cum
1061 1420 1309 1490 captivis,
1342 1418 1706 1472 discesserunt
1728 1421 1753 1451 α
1784 1428 1799 1466 ;

215 1516 459 1585 iurantes
503 1515 651 1583 prius
681 1514 823 1583 quod
872 1513 937 1568 ad
996 1512 1378 1582 subiectionem
1408 1522 1615 1577 regum,
1663 1505 1805 1559 sola-

218 1608 456 1676 tiumque
482 1606 579 1731 iit.
611 1604 885 1675 auxilium]
906 1605 1235 1659 Francorum
1262 1602 1438 1656 redire
1467 1595 1796 1680 deberentin

232 1677 451 1731 Gallias.
504 1678 646 1731 uitur
674 1676 905 1731 regressi
933 1676 1168 1731 Saxones
1200 1674 1252 1727 in
1280 1671 1796 1731 Italiam,assumptts

232 1671 451 1732 Gallias.
484 1671 646 1747 Igitur
674 1671 905 1747 regressi
933 1676 1168 1731 Saxones
1200 1674 1252 1727 in
1280 1671 1805 1739 Italiam,assumptis

218 1781 403 1822 secum
433 1767 686 1822 uxoribus
711 1773 766 1821 et
794 1765 1052 1835 parvulis,
1079 1764 1167 1819 vel
1198 1762 1347 1817 omni
1376 1758 1713 1829 supellectile
1732 1757 1803 1811 fa-

1899 580 2066 643 ducti,
2096 591 2279 630 aurum
2303 575 2489 629 dantes
2516 581 2570 626 et
2598 584 2671 625 aes
2715 568 3058 636 accipientes,
3092 577 3355 637 pauperes
3397 560 3481 619 fa-

1900 672 1969 728 cti
1997 678 2138 725 sunt.
2172 669 2235 722 IIi
2266 682 2392 721 vero
2421 665 2486 719 ad
2516 664 2840 734 Sigibertum
2883 676 3062 732 regem
3107 666 3475 725 transeuntes,

1900 765 1953 819 in
1982 764 2154 817 locum
2185 760 2325 815 unde
2353 758 2500 827 prius
2526 757 2724 827 egressi
2750 755 2980 821 fuerant,
3011 753 3231 810 stahilili
3252 761 3399 809 sunt.

1972 854 2137 911 XLIV
2159 854 2267 927 [ΑΙ.
2300 850 2525 921 xxxvii].
2554 851 2610 904 ln
2642 848 2662 887 ί
2698 864 2861 920 regno
2898 858 3074 905 autem
3112 846 3362 917 Sigiberti
3390 857 3483 902 re-

1900 950 2003 1021 gis,
2034 956 2240 1005 remoto
2263 947 2330 1001 ab
2362 946 2563 1000 honore
2588 944 2778 999 Iovino
2804 952 3016 999 rectore
3035 941 3353 1005 Provinciae,
3384 939 3481 995 Al-

1900 1042 2058 1097 binus
2088 1041 2139 1094 in
2163 1039 2280 1093 loco
2303 1037 2421 1108 ejus
2454 1038 2791 1105 subrogatur.
2828 1037 3070 1107 Magnam
3102 1034 3240 1089 inter
3259 1046 3354 1088 eos
3386 1031 3486 1085 ini«

1902 1133 2155 1188 micitiam
2185 1131 2301 1185 haec
2343 1143 2503 1184 causa
2552 1130 2739 1199 gessit.
2771 1129 2932 1198 Igitur
2974 1126 3380 1184 advenientibus
3412 1123 3484 1179 ad

1901 1226 2169 1295 cataplum
2198 1222 2606 1278 Massiliensium
2652 1221 2875 1276 navibus
2921 1221 3290 1278 transmarinis
3313 1230 3360 1286 Β,
3386 1219 3485 1274 Vi-

1901 1314 2014 1384 gilii
2064 1312 2426 1369 archidiaconi
2474 1310 2722 1367 homines
2777 1312 3112 1381 septuaginta
3158 1324 3309 1377 vasa,
3363 1323 3484 1378 quae

1903 1409 2060 1476 vulgo
2088 1406 2518 1475 orcashvoeant,
2551 1405 2655 1460 olei
2704 1403 3118 1476 quuaminisque
3149 1402 3305 1458 iurati
3335 1407 3481 1467 sunt,

1904 1498 2175 1554 nesciente
2194 1497 2755 1568 domino.Negotiator
2780 1506 2959 1552 autem
2989 1511 3111 1552 eum
3140 1496 3481 1563 cognovisset

1904 1588 2007 1643 sibi
2033 1604 2149 1644 rem
2192 1588 2334 1644 furto
2380 1589 2611 1644 ablatam
2656 1588 2840 1655 fuisse,
2886 1588 3153 1658 inquirere
3201 1587 3485 1657 diligenter

1908 1682 2094 1749 coepit,
2125 1696 2229 1750 quo
2275 1681 2473 1736 furtum
2518 1682 2571 1735 in
2602 1681 2719 1736 loco
2756 1680 2946 1737 fuisset
2974 1679 3328 1735 reconditum.
3362 1678 3489 1733 Haec

1913 1774 2210 1845 inquirens,
2265 1775 2432 1829 audiit
2474 1790 2505 1829 a
2550 1776 2802 1845 quodam,
2830 1774 2975 1845 quod
3024 1775 3267 1831 homines
3317 1773 3491 1843 Vigilii

218 1855 457 1923 cultatis,
487 1855 662 1910 redire
691 1854 748 1909 in
790 1854 989 1909 Gallias
1035 1851 1390 1916 destinantes,
1439 1849 1643 1904 scilicet
1670 1856 1729 1901 ut
1772 1862 1802 1901 a
1833 1864 1881 1925 Β
1912 1866 2276 1921 archidiaconi
2323 1874 2742 1937 perpetrassent
2774 1867 3102 1922 perveniunt
3148 1867 3262 1920 hmo
3302 1864 3368 1920 ad
3397 1880 3489 1919 π,

218 1945 490 2015 Sigiberto
517 1961 645 2017 rege
668 1946 901 2011 collecti,
930 1945 983 1999 in
1013 1945 1137 2001 loco
1161 1944 1306 2000 unde
1332 1942 1536 2013 egressi
1566 1942 1800 2007 fuerant,

218 2038 607 2094 stabilirentur.
644 2038 1011 2107 Feceruntque
1039 2052 1104 2092 ex
1144 2050 1204 2091 se
1246 2036 1400 2098 duos,
1429 2042 1486 2088 ut
1512 2033 1681 2099 aiunt,
1712 2046 1805 2086 cu-

220 2144 358 2186 neos
384 2147 398 2184 :
425 2138 481 2185 et
509 2144 647 2186 unus
666 2130 883 2199 quidem
916 2143 1010 2198 per
1034 2128 1253 2184 Niceam
1286 2127 1496 2192 urbem,
1521 2125 1655 2180 alius
1674 2137 1806 2179 vero

216 2236 320 2293 per
342 2223 776 2280 Ebredunensem
802 2222 967 2286 venit,
995 2222 1137 2277 illam
1160 2236 1347 2277 revera
1381 2228 1625 2276 tenentes
1640 2219 1804 2283 viam,

217 2328 381 2385 quam
422 2330 563 2370 anno
592 2316 871 2385 superiore
912 2322 1192 2370 tenuerant
1221 2331 1234 2367 :
1270 2313 1653 2383 conjunctique
1683 2316 1809 2366 sunt

221 2405 283 2461 in
329 2406 647 2463 Avennicob
698 2408 991 2464 territorio.
1046 2406 1175 2462 Erat
1230 2408 1373 2461 enim
1426 2415 1547 2460 tunc
1597 2412 1809 2473 tempus

221 2498 518 2565 messium,
574 2507 629 2555 et
655 2500 813 2555 locus
838 2500 929 2554 ille
976 2500 1211 2554 maxime
1257 2498 1460 2552 fructus
1506 2505 1664 2552 terrae
1711 2496 1809 2551 sub

218 2589 350 2645 divo
388 2588 517 2661 [Ed.
546 2587 658 2659 dio]
704 2589 954 2655 habebat,
998 2602 1097 2644 nec
1125 2588 1411 2657 quidquam
1439 2602 1505 2641 ex
1549 2586 1632 2641 his
1664 2584 1809 2641 domi

223 2681 425 2739 incolae
471 2681 906 2738 recondiderant.
938 2681 1178 2751 Denique
1205 2680 1517 2735 accedentes
1548 2680 1598 2732 in
1632 2692 1807 2745 areas,

220 2781 439 2843 segetes
464 2774 605 2829 inter
633 2787 695 2829 se
723 2772 1000 2838 dividunt;
1029 2772 1447 2842 colligentesque
1474 2784 1537 2824 ac
1567 2770 1811 2823 trituran-

222 2870 333 2928 tes,
368 2862 637 2919 frumenta
662 2862 1032 2929 comedehant,
1065 2862 1196 2917 nihil
1221 2877 1287 2917 ex
1317 2861 1421 2927 his,
1445 2862 1522 2915 eis
1551 2862 1639 2931 qui
1665 2860 1813 2915 labo-

224 2962 501 3021 raverant,
550 2954 936 3024 relinquentes.
986 2954 1181 3009 Verum
1230 2961 1513 3023 postquam
1567 2951 1813 3021 expensis

226 3046 495 3103 fructibus
547 3046 613 3102 ad
647 3047 798 3103 littus
827 3046 1073 3103 Rhodani
1126 3047 1300 3101 amnis
1348 3050 1816 3111 accesserunt,ut

229 3136 501 3195 transacto
532 3146 793 3206 torrente,
824 3154 991 3209 regno
1019 3153 1078 3193 se
1124 3138 1266 3205 regis
1295 3136 1551 3207 Sigiberti
1603 3136 1815 3191 confer-

1904 1957 2299 2025 chidiaconem,
2324 1958 2412 2026 qui
2445 1959 2719 2028 inquirens
2752 1966 2807 2013 et
2828 1959 3129 2024 inveniens,
3152 1971 3491 2028 nequaquam

1904 2052 2198 2124 publicare,
2230 2052 2325 2106 sed
2375 2066 2642 2108 excusare
2686 2066 2813 2108 suos
2861 2054 3047 2122 capit,
3080 2052 3264 2108 dicens
3300 2069 3315 2106 :
3347 2051 3492 2105 Nun-

1906 2159 2063 2215 quam
2106 2145 2174 2201 de
2222 2145 2383 2201 domo
2433 2161 2548 2201 mea
2579 2160 2826 2216 egressus
2872 2154 2975 2213 est,
3000 2147 3089 2216 qui
3139 2146 3243 2201 tale
3272 2146 3496 2201 auderet

1904 2236 2208 2292 admittere.
2240 2235 2465 2303 Taliter,
2496 2236 2735 2306 inquam,
2768 2246 3061 2294 excusante
3090 2237 3492 2302 archidiacono,

1910 2332 2207 2401 negotiator
2249 2331 2315 2385 ad
2358 2330 2609 2387 Albinum
2655 2333 2829 2401 pergit
2864 2350 2876 2384 :
2910 2346 3128 2387 causam
3175 2330 3399 2393 exserit,
3439 2337 3496 2385 et

1909 2423 2336 2479 archidiaconem
2366 2422 2418 2477 in
2458 2423 2683 2477 crimine
2718 2424 2918 2479 fraudis
2947 2423 3109 2492 hujus
3138 2423 3359 2479 mistum
3406 2435 3497 2477 ac-

1910 2524 2081 2572 cusat.
2110 2515 2207 2570 Die
2234 2524 2410 2569 autem
2457 2521 2643 2570 sancto
2690 2513 2891 2569 Natalis
2939 2513 3210 2579 dominici,
3241 2513 3497 2583 episeopo

1912 2607 1966 2663 in
1999 2608 2226 2663 ecclesia
2277 2606 2621 2674 adveniente,
2666 2606 3077 2662 archidiaconus
3123 2605 3341 2661 indutus
3369 2605 3497 2661 alba

1912 2700 2085 2767 adest,
2116 2700 2447 2769 episcopum,
2486 2700 2642 2770 186
2684 2707 2741 2753 ut
2787 2713 2905 2754 mos
2947 2707 3027 2753 est
3066 2697 3110 2763 ί,
3143 2697 3379 2753 invitans
3424 2694 3497 2750 ad

1915 2794 2083 2848 altare
2105 2793 2307 2848 debere
2345 2791 2659 2862 procedere,
2685 2806 2747 2846 ac
2776 2791 3171 2847 solemnitatem
3197 2788 3300 2845 diei
3326 2788 3500 2845 sancti

1915 2894 2219 2954 opportuno
2249 2884 2449 2939 debere
2481 2892 2719 2953 tempore
2746 2886 3045 2939 celebrare.
3075 2883 3183 2939 Nec
3204 2898 3375 2948 mora,
3406 2881 3501 2935 Al-

1916 2974 2075 3030 binus
2092 2975 2159 3029 de
2181 2974 2310 3029 sede
2332 2974 2612 3037 exsiliens,
2644 2974 3040 3042 apprehensum
3066 2972 3502 3027 archidiaconem

1918 3068 2176 3133 detrahit,
2210 3067 2399 3136 pugnis
2431 3066 2772 3136 calcibusque
2800 3066 2986 3131 czedit,
3008 3075 3063 3122 et.
3102 3064 3344 3120 custodia
3387 3079 3503 3119 ear-

1919 3157 2081 3211 cerali
2117 3165 2348 3211 coarctat
2384 3156 2432 3208 i.
2468 3155 2570 3209 Pro
2598 3170 2703 3224 quo
2738 3154 3283 3225 nunquam'obtinere
3309 3162 3504 3222 potuc-

230 3236 375 3294 rent,
411 3230 646 3284 occurrit
671 3231 749 3284 eis
780 3229 1121 3295 Mummolus,
1151 3229 1335 3283 dicens
1365 3246 1379 3282 :
1420 3227 1533 3282 Non
1567 3226 1814 3282 transibi-
1841 3251 1889 3315 ρ
1927 3257 2071 3315 mni,
2092 3263 2192 3303 nec
2219 3247 2522 3317 episcopus,
2548 3260 2647 3301 nec
2670 3246 2836 3316 cives,
2866 3261 2965 3301 nec
2994 3246 3133 3301 unus
3160 3247 3330 3315 maior
3359 3255 3506 3309 nam,

234 3319 307 3375 tis
335 3327 628 3375 torrentem
657 3320 817 3375 hunc.
866 3319 1002 3374 Ecce
1030 3318 1275 3389 regiones
1306 3318 1506 3373 domini
1537 3318 1638 3372 mei
1667 3317 1807 3386 regis

232 3409 618 3481 dep0pulastis,
650 3410 934 3480 collegistis
964 3419 1189 3480 segetes,
1207 3423 1403 3480 pecora
1429 3409 1743 3463 devastastis
1763 3418 1812 3473 α,

236 3502 529 3557 tradidistis
559 3501 751 3557 domus
792 3502 1047 3557 incendiis
1067 3543 1081 3567 ,
1115 3501 1304 3555 oliveta
1334 3516 1395 3555 ac
1424 3500 1601 3555 vineta
1646 3502 1816 3556 succi-

234 3595 415 3651 distis.
463 3595 577 3651 Non
634 3595 957 3661 ascendetis,
1011 3596 1112 3650 nisi
1163 3595 1494 3650 satistaciatis
1545 3595 1689 3664 prius
1733 3594 1816 3651 his

234 3700 372 3755 quos
401 3686 618 3757 exiguos
648 3687 967 3757 reliquistis.
1000 3686 1249 3755 Alioquin
1281 3702 1384 3740 non
1411 3686 1675 3756 etTugietis
1702 3702 1815 3741 ma-

238 3790 342 3831 nus
368 3791 535 3843 meas,
572 3777 672 3831 nisi
702 3790 896 3847 ponam
947 3777 1179 3846 gladium
1209 3793 1368 3845 super
1392 3793 1509 3845 vos,
1543 3786 1597 3832 et
1623 3791 1818 3834 uxores

237 3875 295 3924 et
327 3868 574 3936 parvulos
602 3878 832 3935 vestros,
862 3878 916 3924 et
944 3869 1170 3925 ulciscar
1196 3870 1444 3939 injuriam
1469 3870 1674 3925 domini
1712 3871 1819 3926 mei

242 3957 635 4015 Guntchramni
678 3959 853 4029 regis.
876 3960 1026 4015 Tunc
1054 3960 1132 4015 illi
1172 3961 1423 4017 timentes
1451 3960 1625 4025 valde,
1664 3959 1818 4030 185

237 4055 434 4112 dantes
457 4059 621 4114 multa
669 4058 1005 4114 numismatis
1040 4055 1069 4096 ἀ
1117 4058 1266 4115 aurei
1294 4058 1579 4128 milliafpro
1611 4058 1820 4114 redem-

239 4148 429 4219 ptione
455 4155 547 4205 Sua
580 4152 808 4206 transire
858 4151 1104 4220 permissi
1136 4158 1259 4205 sunt
1300 4168 1311 4202 :
1346 4159 1399 4204 et
1441 4150 1519 4203 sic
1568 4150 1823 4204 Arvernis

241 4250 622 4311 pervenerunt.
652 4241 781 4296 Erat
810 4248 937 4297 tunc
964 4256 1190 4296 vernum
1232 4248 1458 4310 tempus,
1485 4239 1827 4308 proferebant

243 4329 320 4385 ibi
345 4330 561 4400 regulas
596 4340 619 4368 ο
649 4332 773 4384 aeris
804 4330 996 4384 incisas
1026 4343 1123 4397 pro
1149 4342 1300 4393 auro,
1326 4343 1456 4397 quas
1490 4329 1713 4397 quisque
1744 4330 1825 4381 vi-

244 4421 401 4487 dens,
454 4436 558 4475 non
589 4420 859 4476 dubitabat
888 4420 1053 4486 aliud,
1082 4420 1188 4474 nisi
1220 4419 1359 4489 quod
1408 4434 1593 4473 aurum
1623 4418 1824 4488 proba-

249 4520 367 4564 tum
414 4518 576 4580 atque
617 4510 973 4565 examinatum
1003 4516 1166 4563 esset.
1208 4506 1296 4562 Sic
1339 4508 1479 4560 enim
1529 4506 1824 4560 coloratum

323 4638 350 4665 ι
375 4627 513 4684 Editi
545 4630 617 4684 ita
646 4642 851 4683 comma
879 4636 1169 4697 apponunt,
1198 4635 1253 4681 ut
1284 4626 1522 4697 Saxones
1550 4641 1671 4681 eum
1696 4642 1809 4696 cap.

249 4698 375 4754 tivis
421 4700 740 4755 discessisse
789 4696 1106 4763 videantur;
1155 4706 1211 4751 at
1256 4712 1323 4751 ex
1375 4696 1540 4750 Paulo
1592 4697 1824 4753 Diacono

250 4769 346 4824 lib.
381 4785 463 4833 ill,
512 4785 629 4835 cap.
663 4769 716 4833 5,
764 4778 907 4836 patet
956 4769 1048 4822 has
1088 4782 1248 4823 voces
1293 4783 1407 4819 cum
1454 4767 1663 4836 captivis
1705 4781 1827 4822 esse

253 4839 681 4907 prmcedentibus
710 4839 1130 4909 conjungendas,
1160 4852 1285 4909 cum
1307 4839 1419 4909 ipse
1450 4838 1661 4900 habeat,
1710 4837 1828 4891 reti.

250 4905 344 4980 ctis
375 4911 582 4980 captivis
610 4920 655 4964 et
690 4905 937 4965 universi
964 4908 1137 4977 prwda
1163 4910 1215 4961 in
1232 4905 1466 4980 illaliam
1489 4917 1829 4964 revertuntur.

253 4979 390 5035 Vide
413 4979 469 5035 et
491 4981 729 5047 ejusdem
757 4980 904 5034 Pauli
929 4995 1045 5048 cap.
1078 4980 1109 5030 6
1139 4988 1193 5034 et
1222 4979 1276 5033 8.

332 5048 361 5087 1³
387 5050 477 5105 Sic
505 5046 636 5107 mss.
670 5051 810 5105 Editi
839 5064 967 5105 vero
995 5046 1115 5103 cum
1149 5049 1269 5104 Bec.
1318 5046 1512 5101 habent
1556 5048 1833 5102 Arvernico

253 5121 328 5175 At
375 5120 702 5190 praeferenda
729 5136 862 5176 mss.
897 5120 1091 5190 lectio;
1146 5132 1266 5190 nam
1317 5115 1451 5170 infra
1479 5118 1830 5190 a_MAumAmolo

256 5186 543 5260 intercepti
570 5200 697 5246 sunt
737 5192 789 5246 in
821 5186 1063 5244 Rhodani
1097 5189 1322 5260 transitu
1348 5186 1537 5260 :_quod
1574 5187 1689 5260 [leri
1725 5204 1831 5243 non

240 5256 541 5327 -potnisset,
596 5263 641 5316 si
681 5262 789 5327 jam
820 5261 875 5315 in
920 5259 1214 5314 Arvernico
1258 5256 1530 5327 territorio
1567 5257 1832 5327 fuissent,

278 5345 415 5401 onge
443 5347 469 5385 a
505 5326 744 5386 Rhodani
770 5330 902 5399 ripis
934 5328 1129 5401 posito.
1163 5327 1491 5401 Designatus
1516 5326 1692 5401 itaqu_e
1731 5326 1834 5401 hoc

255 5402 312 5456 in
346 5394 462 5458 Foco
490 5394 857 5457 Avenionense
884 5394 1231 5455 territorium.
1266 5396 1427 5451 Nobis
1468 5394 1610 5452 favet
1638 5398 1836 5455 Frede-

254 5475 457 5542 garius,
484 5488 534 5528 c.
562 5474 651 5529 68.

333 5553 356 5611 ἐ
389 5543 633 5611 Plerique
662 5542 789 5598 editi
820 5542 1018 5597 addunt
1047 5538 1359 5594 trucidastis.

328 5610 357 5649 (³
388 5613 519 5667 Cod.
550 5613 735 5681 Corb.,
770 5614 1099 5666 numismata.

338 5693 364 5753 (ξ
395 5684 500 5738 Alii
522 5684 741 5747 habent,
774 5685 990 5753 tegulas.

342 5752 361 5789 ί
400 5753 515 5807 Hoc
545 5764 704 5819 caput
735 5749 883 5807 deest
913 5754 964 5806 in
996 5751 1153 5807 Corb.
1179 5760 1234 5806 et
1258 5749 1461 5805 Bellov.

342 5832 365 5868 ε
400 5825 455 5877 In
490 5818 756 5892 plerisque
801 5822 978 5885 editis,
1020 5822 1405 5875 Advenientibus
1435 5818 1838 5892 transmarinis:

269 5890 476 5949 Cetera
496 5890 699 5949 omissa
732 5900 873 5950 sunt.
907 5892 1031 5948 Iltec
1050 5906 1211 5958 porro
1234 5893 1369 5960 apud
1403 5891 1681 5949 Massiliam
1712 5906 1839 5948 con-

1925 3354 2025 3394 nec
2053 3340 2168 3407 ipsa
2198 3352 2297 3393 vox
2327 3337 2501 3393 totius
2536 3336 2715 3406 pepuli
2743 3336 3107 3400 acclamantis,
3132 3348 3190 3391 ut
3216 3336 3355 3391 datis
3383 3334 3509 3390 ﬁde.

1919 3431 2240 3501 jussoribus,
2274 3430 2415 3486 diem
2467 3437 2709 3484 sanctum
2762 3428 3141 3484 archidiacono
3172 3428 3332 3484 liceat
3383 3440 3511 3483 cum

1925 3524 2142 3594 reliquis
2175 3524 2471 3589 celebrare,
2497 3532 2658 3591 atque
2693 3523 2967 3578 accusatio
3010 3521 3125 3592 ejus
3155 3523 3207 3576 in
3228 3528 3510 3591 posterum

1926 3614 2125 3669 debere
2167 3613 2342 3668 audiri
2375 3632 2387 3666 ε
2420 3614 2515 3668 sed
2546 3628 2646 3670 nec
2676 3614 2745 3667 ob
2780 3613 2894 3683 ipsa
2926 3622 3271 3670 sacrosancta
3314 3613 3539 3669 solem-,

1926 3707 2014 3761 nia
2058 3716 2259 3762 metum
2308 3705 2509 3771 habuit,
2564 3715 2622 3760 ut
2670 3706 2971 3761 ministrum
3023 3704 3279 3760 dominici
3329 3705 3513 3759 altaris

1930 3795 2021 3849 tali
2050 3796 2103 3850 in
2135 3796 2221 3851 die
2251 3812 2359 3851 non
2377 3797 2595 3851 auderet
2619 3796 2879 3865 arripere.
2898 3796 3034 3861 Quid
3067 3796 3252 3866 plura?
3273 3794 3514 3861 Quatuor

1929 3879 2170 3935 millibus
2202 3880 2494 3935 solidorum
2526 3880 2954 3935 archidiaconem
2980 3880 3357 3935 condemnavit
3382 3897 3395 3933 :
3422 3879 3516 3946 qui

1930 3973 1983 4027 in
2032 3974 2317 4041 praesentia
2362 3974 2504 4041 regis
2545 3973 2795 4041 Sigiberti
2832 3973 3077 4038 veniens,
3110 3972 3402 4041 quadrupla
3428 3986 3515 4026 sa-

1930 4064 2252 4128 tisfactione,
2282 4064 2595 4132 insequente
2619 4063 2829 4126 Jovino,
2857 4064 3176 4130 composuit.

2001 4154 2139 4209 XLV
2174 4155 2279 4224 [ΑΙ.
2320 4152 2529 4223 xxxix].
2585 4153 2832 4207 Posthaee
2883 4162 2991 4207 tres
3040 4152 3514 4223 Langobardorum

1930 4244 2091 4299 duces
2118 4242 2171 4309 ιε,
2204 4244 2254 4297 id
2282 4254 2365 4298 est
2396 4244 2551 4307 Amo,
2585 4242 2787 4307 Zaban,
2835 4257 2897 4297 ac
2950 4243 3258 4307 Rhodanus,
3317 4241 3516 4296 Gallias

1934 4333 2192 4403 irrupere.
2231 4334 2297 4388 Et
2342 4335 2477 4388 Amo
2523 4333 2736 4402 quidem
2796 4334 3233 4388 Ebredunensem
3287 4347 3517 4401 carpens

1934 4426 2072 4480 viam
2096 4440 2265 4495 usque
2292 4424 2659 4480 Machovillam
2697 4420 2715 4460 ι
2751 4423 3009 4479 Aveuuici
3037 4424 3315 4491 territorii,
3355 4438 3513 4493 quam

1938 4518 2254 4572 Mummolus
2281 4532 2505 4571 munere
2537 4524 2809 4571 meruerat
2837 4516 3007 4585 regio,
3039 4518 3265 4572 accessit
3291 4535 3303 4569 :
3338 4516 3518 4587 ibique

1936 4632 2116 4700 tigisse
2142 4638 2290 4701 patet
2328 4647 2392 4684 ex
2423 4630 2613 4699 capitis
2643 4630 2816 4701 titulo,
2844 4632 2987 4699 quod
3029 4631 3096 4685 de
3122 4630 3499 4701 archidiacono

1935 4699 2253 4756 Massiliensi
2276 4700 2867 4771 inserihitur.76ataplus
2887 4712 3063 4755 autem
3086 4716 3185 4770 pro
3214 4710 3369 4767 portu
3400 4699 3505 4771 fre-

1934 4772 2115 4841 quenti
2152 4772 2385 4825 sumitur
2408 4770 2547 4841 apud
2571 4770 2870 4826 Sidonium.
2908 4770 3037 4825 Vide
3066 4772 3383 4827 Amaltheou
3410 4770 3502 4826 Jo-

1934 4843 2083 4907 sephi
2114 4842 2402 4897 Laurentii.

2008 4912 2038 4949 ιλ
2071 4910 2252 4975 Colb.,
2283 4928 2463 4974 arcas;
2491 4909 2584 4966 sed
2632 4911 2908 4967 retinenda
2936 4921 3118 4969 nostra
3163 4913 3342 4968 lectio.
3372 4912 3509 4965 Orca

1939 4986 2136 5050 quippe
2159 4983 2301 5037 vasis
2330 4990 2414 5037 est
2437 4983 2643 5049 species
2671 4982 2883 5036 usitata.

1960 5106 1963 5107 ν
2015 5052 2031 5089 ί
2070 5052 2182 5105 Mos
2208 5061 2407 5107 eratut
2436 5053 2690 5119 episcopo
2737 5052 3070 5107 eelebraturo
3117 5052 3183 5105 ad
3227 5050 3511 5107 ecclesiam

1937 5122 2209 5176 accedenti
2245 5120 2651 5175 archidiaconus
2677 5135 2797 5182 eum
2843 5122 3047 5190 reliquo
3075 5122 3219 5175 clero
3245 5124 3297 5175 in
3340 5121 3496 5183 albis,

1938 5190 2221 5245 thurihulis
2280 5190 2661 5260 fumigantibus
2717 5204 3039 5247 occurreret.
3099 5190 3231 5245 Vide
3280 5190 3505 5245 Paulum

1940 5260 2355 5332 Emeritensem,
2387 5253 2516 5327 εἷα,
2553 5260 2692 5330 apud
2720 5262 2989 5317 Mabillon.
3020 5260 3112 5315 lib.
3134 5276 3150 5313 ι
3172 5261 3238 5316 de
3264 5260 3505 5332 Liturgia
3579 5253 3588 5331 ξ

1941 5330 2151 5395 Gallic.,
2178 5344 2295 5398 cap.
2326 5331 2377 5385 7.

2014 5402 2027 5449 i
2073 5400 2318 5469 Plerique
2362 5401 2510 5469 editi,
2542 5402 2962 5455 archidiaconum
3001 5408 3251 5471 coarctat,
3300 5398 3512 5459 caateris
3598 5458 3602 5462 _

1940 5486 2173 5525 0mISSlS.

2013 5541 2039 5577 ιι
2070 5540 2145 5595 Ex
2175 5542 2237 5613 iis
2264 5551 2413 5613 erant
2434 5541 2680 5613 ducibus,
2708 5539 2798 5611 qui
2826 5549 2946 5610 post
2962 5539 3111 5598 Clebi
3137 5544 3277 5613 regis
3304 5556 3514 5610 necem,

1940 5626 2081 5666 anno
2108 5612 2232 5677 57/»,
2267 5612 2627 5679 Langobardis
2654 5613 2998 5681 praefuerunt.

2029 5682 2044 5718 ι
2079 5682 2167 5735 Sic
2196 5684 2319 5751 duo
2337 5697 2472 5751 mss.
2508 5680 2719 5736 veteres
2761 5680 2919 5743 Corb.
2960 5691 3013 5737 et
3061 5684 3299 5751 Bcllov.;
3336 5685 3519 5740 eteteri

1944 5766 2066 5823 cum
2098 5751 2267 5823 editis
2294 5749 2735 5823 Martiae-villam,
2768 5762 2959 5822 prmter
2982 5752 3132 5811 Colb.
3167 5756 3219 5809 in
3267 5749 3373 5823 quo
3401 5768 3504 5807 vox

1945 5822 2119 5875 villam
2160 5820 2509 5875 desideratur.
2561 5820 2950 5880 Paulus‘Diae.
2983 5827 3019 5881 Ι.
3053 5840 3134 5892 III,
3168 5840 3216 5881 c.
3250 5820 3302 5890 8,
3353 5823 3513 5879 habet

1950 5894 2085 5949 sicut
2113 5899 2315 5947 veteres
2348 5906 2499 5959 mss,
2536 5892 2919 5949 Mat/(ovillam.

3575 5066 3599 5122 ἴ

3576 5129 3589 5167 ἱ

3580 5176 3592 5199 l

3579 5304 3596 5355 ‘2
