4028 6342
500 331 600 389 507

1518 324 1579 384 S.
1618 323 1949 386 GREGORH
1987 326 2293 391 EPISCOPI
2332 327 2763 393 TURONENSIS

3672 335 3783 397 308

500 448 614 505 ilxit
642 449 891 505 tentoria.
921 447 1104 505 Zaban
1132 458 1256 503 vero
1284 456 1382 515 per
1401 439 1652 499 Diensem
1677 451 1706 481 ι
1736 444 2075 503 descendens
2105 448 2160 511 Α
2182 448 2274 515 sit,
2307 448 2359 504 in
2383 449 2574 519 quibus
2597 452 2771 508 victor
2791 450 3019 508 exstitit.
3052 450 3185 509 Nam
3218 459 3339 523 post
3369 462 3610 512 mortem
3641 455 3783 514 Cha-

502 540 712 608 urbem,
742 554 911 612 usque
936 537 1232 596 Valentiam
1262 534 1431 603 venit,
1454 532 1636 605 ibique
1672 543 1847 591 castra
1873 538 2070 605 posuit.

499 628 791 687 Rhodanus
809 637 983 686 autem
1004 625 1551 697 Gratianopolitanam
1573 623 1761 680 urbem
1793 639 2077 697 aggressus

501 728 604 787 est,
630 722 805 792 ibique
833 720 1129 791 papiliones
1160 718 1418 775 extendit.
1438 718 1507 774 Et
1534 719 1671 775 Amo
1701 733 1913 789 quoque
1943 719 2080 774 Are-

499 810 754 867 latensem
809 811 1100 869 debellavit
1145 810 1500 881 provinciam,
1529 824 1651 865 cum
1699 807 1919 865 urbibus
1950 824 2071 880 qua:

515 904 834 960 circumsita:
882 912 1024 959 sunt.
1057 902 1129 959 Et
1167 918 1336 970 usque
1379 904 1552 972 ipsum
1591 902 1878 972 Lapideum
1928 916 2079 956 cam-

502 1009 631 1067 pum
652 994 705 1063 δ,
737 996 825 1066 qui
850 995 1058 1065 adiacet
1084 994 1203 1049 urbi
1234 993 1549 1051 Massiliensi
1597 992 1857 1049 accedens
1890 1003 1936 1060 α,
1970 1000 2078 1048 tam

505 1088 577 1145 de
598 1087 1073 1159 pecoribus,quam
1094 1086 1162 1142 de
1186 1084 1492 1142 horninibus
1512 1084 1833 1142 denudavit:
1866 1082 2082 1154 Aquen—

499 1176 651 1233 sibus
698 1186 877 1234 autem
924 1176 1261 1233 obsidionem
1310 1178 1538 1248 paravit,
1567 1177 1636 1231 de
1665 1176 1858 1247 quibus
1888 1175 2079 1247 viginti

497 1267 707 1323 duabus
737 1268 888 1324 libris
918 1266 1125 1339 argenti
1172 1268 1404 1339 acceptis
1444 1268 1598 1339 187
1627 1266 1909 1323 abscessit.
1956 1264 2077 1322 Sic-

497 1372 601 1430 que
628 1367 684 1415 et
711 1358 1007 1415 Rhodanus
1034 1372 1099 1413 ac
1126 1357 1307 1414 Zaban
1340 1360 1391 1413 in
1422 1358 1554 1415 locis
1598 1356 1791 1429 quibus
1837 1369 2082 1412 accesse-

503 1458 647 1515 rant,
682 1449 944 1507 iecerunt.
973 1451 1103 1519 Quae
1133 1464 1254 1507 cum
1284 1451 1571 1507 Mummolo
1609 1450 1812 1520 perlata
1830 1449 2077 1519 fuissent,

494 1541 793 1597 exercitum
815 1541 1005 1609 movit,
1030 1549 1085 1597 et
1101 1540 1381 1609 Rhodano,
1414 1542 1502 1612 qui
1527 1540 2082 1610 Gratianopolitanam

499 1631 687 1688 urbem
718 1631 1037 1702 debellabat,
1059 1633 1312 1688 occurrit.
1327 1632 1430 1689 Sed
1446 1646 1567 1688 cum
1584 1630 1782 1687 lseram
1809 1628 1837 1667 τι
1861 1630 2079 1684 ﬂuvium

499 1722 768 1779 exercitus
779 1722 1041 1780 laboriose
1067 1723 1489 1791 transiret,nutu
1507 1722 1601 1778 Dei
1624 1723 1711 1777 ani
1736 1721 1842 1777 mal
1866 1734 2081 1777 amnem

2183 542 2392 608 riberti,
2432 558 2554 599 cum
2584 543 2915 614 Cbilpericus
2946 546 3177 603 Turonis
3222 560 3284 601 ac
3313 545 3547 603 Pictavis
3575 563 3785 618 per“.

2184 632 2365 701 sisset,
2395 650 2515 704 quae
2544 635 2814 706 Sigiberto
2845 637 2955 708 regi
2990 652 3085 706 per
3116 647 3329 707 pactum
3362 639 3413 693 in
3441 649 3663 709 partem
3692 656 3785 699 ve-

2183 734 2397 793 nerant,
2434 726 2752 797 conjunctus
2772 742 2869 784 rex
2900 728 3187 800 188ipse
3215 744 3335 785 cum
3367 728 3785 789 Guntchramno

2184 816 2346 873 fratre
2393 834 2512 884 suo,
2548 820 2896 877 Mummolum
2941 821 3166 891 eligunt,
3207 822 3297 893 qui
3342 823 3438 878 has
3494 824 3665 879 urbes
3714 825 3784 881 ad

2184 924 2371 966 eorum
2393 911 2500 983 [At
2530 912 2740 985 verum]
2769 912 3041 968 dominum
3090 928 3347 971 revocare
3388 914 3645 970 deberet.
3682 916 3785 983 Qui

2184 1003 2415 1059 Turonis
2435 1006 2673 1069 veniens,
2709 1005 2888 1077 fugato
2913 1005 3109 1062 exinde
3136 1004 3523 1062 Cblodovecbo
3552 1006 3785 1075 Chilpe-

2186 1097 2281 1153 rici
2314 1098 2447 1169 lilio,
2480 1100 2687 1154 exactis
2716 1114 2748 1153 a
2776 1098 2978 1170 populo
3007 1098 3073 1154 ad
3104 1108 3311 1170 partem
3351 1099 3496 1169 regis
3521 1097 3783 1169 Sigiberti

2186 1192 2561 1259 sacramentis,
2591 1192 2839 1247 Pictavos
2883 1192 3131 1248 accessit.
3178 1192 3283 1249 Sed
3329 1192 3564 1247 Basilius
3597 1206 3668 1247 ac
3702 1192 3784 1247 Si-

2188 1282 2405 1350 gharius
2436 1279 2455 1319 ί
2492 1281 2701 1338 Pictavi
2754 1283 2922 1350 cives,
2975 1284 3200 1339 collecta
3255 1283 3631 1349 multitudine,
3684 1298 3783 1338 re-

2186 1372 2380 1429 sistere
2404 1374 2687 1430 voluerunt
2712 1392 2724 1429 :
2750 1389 2885 1446 quos
2914 1374 2979 1430 de
3004 1369 3233 1431 diversis
3257 1376 3497 1445 partibus
3540 1375 3784 1430 circum-

2187 1464 2342 1520 datos
2386 1468 2675 1535 oppressit,
2727 1466 2925 1533 obruit,
2967 1466 3273 1533 interemit;
3302 1476 3355 1522 et
3401 1467 3480 1521 sic
3526 1465 3785 1521 Pictaves

2187 1556 2472 1624 accedens,
2500 1566 2831 1613 sacramenta
2860 1558 3058 1630 exegit.
3089 1558 3215 1613 llaec
3256 1559 3470 1614 interim
3508 1558 3579 1614 de
3610 1558 3786 1612 Ilum-

2187 1649 2334 1705 molo
2380 1649 2519 1705 dicta
2565 1650 2877 1706 sufﬁciant!
2904 1666 2918 1705 :
2949 1650 3156 1720 reliqua
3209 1650 3263 1705 in
3311 1658 3593 1720 posterum
3637 1659 3766 1706 sunt

2189 1742 2490 1811 dirigenda.

497 1813 815 1885 ingreditur,
842 1815 1038 1872 vadum
1085 1816 1358 1872 ostendit:
1390 1824 1446 1872 et
1482 1815 1559 1871 sic
1603 1815 1829 1886 populus
1862 1816 1915 1869 in
1941 1814 2077 1869 ulte—
2113 1835 2162 1896 Β
2262 1834 2446 1891 XLV“
2478 1834 2583 1906 [AL
2616 1832 2747 1906 xu].
2778 1833 2858 1891 De
2902 1834 3193 1891 Αηαδηιιη
3216 1833 3245 1872 ιι
3273 1848 3403 1891 νοω
3447 1835 3681 1891 immo
3710 1835 3789 1891 ιο,

497 1907 703 1965 riorem
750 1909 920 1980 ripam
952 1910 1243 1980 egreditur.
1259 1910 1411 1977 Quod
1442 1908 1686 1965 videntes
1724 1907 2080 1979 Langobardi,

500 2013 603 2056 nec
638 2002 853 2071 morati,
884 2003 1177 2073 evaginatis
1223 2000 1413 2073 gladiis
1468 2000 1567 2058 hos
1622 2011 1901 2072 appetunt,
1933 2016 2082 2057 com-

498 2091 783 2163 missoque
830 2092 973 2151 bello
996 2094 1072 2163 ,in
1117 2103 1321 2149 tantum
1352 2094 1478 2149 caesi
1507 2102 1649 2162 sunt,
1678 2104 1735 2149 ut
1790 2093 2082 2149 Rhodanus

503 2185 773 2241 sauciatus
825 2185 1011 2242 lancea
1063 2186 1129 2241 ad
1181 2186 1439 2240 montium
1486 2184 1696 2240 excelsa
1748 2185 2078 2255 confugeret.

497 2277 711 2335 Exinde
737 2293 861 2336 cum
887 2278 1197 2351 quingentis
1211 2280 1344 2334 viris
1371 2279 1460 2349 qui
1486 2279 1534 2335 ei
1563 2286 1958 2343 remanserant,
1985 2293 2081 2347 per

495 2371 652 2430 devia
678 2372 932 2430 silvarum
981 2387 1356 2444 prorumpens,
1386 2372 1454 2427 ad
1485 2372 1755 2428 Zabanem
1805 2372 2077 2441 pervenit,

495 2462 591 2536 qui
609 2473 738 2522 tunc
764 2466 954 2523 urbem
983 2463 1282 2521 Valentiam
1314 2464 1626 2521 obsidebat:
1652 2464 2000 2533 narravitque
2029 2464 2080 2519 ei

492 2558 676 2613 omnia
700 2571 823 2627 qua
849 2566 969 2615 acta
998 2557 1230 2614 fuerant.
1271 2556 1422 2612 Tunc
1463 2556 1603 2613 datis
1632 2558 1835 2627 pariter
1874 2555 2079 2612 cunctis

495 2652 554 2709 il
582 2650 839 2720 pradam,
870 2650 938 2707 ad
968 2650 1406 2707 Ebredunensem
1439 2651 1628 2707 urbem
1660 2650 1893 2721 regressi
1916 2658 2074 2706 sunt:

494 2740 679 2813 ibique
711 2744 792 2800 eis
818 2756 941 2800 cum
966 2742 1250 2799 innumero
1292 2742 1533 2799 exercitu
1564 2741 1886 2797 Mummolus
1917 2741 1969 2796 in
1999 2740 2078 2795 ia-

495 2836 636 2893 ciem
681 2838 849 2903 venit,
903 2838 1300 2908 commissoque
1346 2834 1551 2907 praelia,
1604 2834 2075 2906 Langobardorum

494 2929 774 3002 phalanga:
803 2944 970 3001 usque
997 2930 1064 2987 ad
1087 2931 1509 2987 internecionem
1540 2943 1715 2995 caesae,
1740 2943 1863 2984 cum
1894 2927 2075 2999 paucis

492 3020 660 3077 duces
680 3021 734 3078 in
762 3021 967 3078 italiam
996 3030 1123 3080 sunt
1152 3020 1412 3092 regressi.
1442 3020 1685 3092 Cumque
1712 3034 1883 3091 usque
1911 3019 2073 3090 Sign-

493 3112 634 3169 sium
666 3113 905 3171 rurbem
957 3115 1147 3185 perlati
1199 3114 1445 3180 fuissent,
1494 3120 1549 3168 et
1589 3126 1684 3169 eos
1733 3112 1926 3169 incolae
1970 3111 2075 3168 loci

2187 1936 2429 1993 cuturus,
2473 1928 2621 1996 prius
2651 1942 2818 1997 genus
2852 1927 3017 1982 ordiri
3062 1928 3257 1996 placet,
3295 1936 3347 1982 et
3389 1928 3652 2000 patriam.
3690 1927 3785 1984 Hie

2186 2018 2371 2090 igitur,
2400 2027 2455 2073 ut
2495 2028 2744 2075 asserunt
2777 2016 2826 2085 ί,
2867 2018 3059 2075 Felicis
3102 2021 3367 2075 senatoris
3415 2034 3608 2075 servus
3660 2020 3782 2087 fuit,

2188 2114 2280 2183 qui
2307 2113 2372 2167 ad
2416 2114 2731 2183 obsequium
2757 2112 2962 2168 domini
2992 2112 3296 2181 deputatus,
3328 2112 3395 2168 ad
3424 2112 3599 2168 studia
3636 2113 3787 2169 litto-

2189 2220 2370 2260 rarum
2401 2220 2520 2260 cum
2548 2220 2612 2260 eo
2638 2205 2865 2274 positus,
2896 2204 3035 2259 bene
3060 2204 3338 2260 institutus
3366 2205 3606 2260 emicuit.
3642 2204 3785 2261 Nam

2186 2297 2253 2352 de
2286 2296 2538 2367 operibus
2572 2296 2797 2366 Virgilii,
2828 2296 2960 2367 legis
2986 2295 3376 2352 Theodosiana:
3417 2296 3593 2363 libris,
3632 2308 3786 2352 arte-

2184 2404 2287 2459 que
2318 2390 2505 2445 calculi
2548 2389 2775 2459 adplene
2802 2389 3047 2445 eruditus
3075 2398 3179 2445 est.
3215 2389 3325 2445 liae
3350 2391 3514 2461 igitur
3543 2389 3782 2447 scientia

2187 2490 2419 2547 tumens,
2444 2480 2723 2551 despicere
2748 2481 2997 2537 dominos
3027 2482 3192 2551 cmpit
3224 2500 3237 2536 :
3270 2490 3325 2537 et
3371 2495 3430 2537 se
3472 2482 3783 2551 patrocinio

2186 2572 2317 2643 Lupi
2347 2572 2502 2628 ducis
2529 2572 2577 2641 i,
2601 2587 2722 2629 cum
2752 2573 2818 2628 ad
2862 2574 3047 2628 urbem
3096 2571 3479 2629 Massiliensem
3524 2590 3589 2629 ex
3616 2573 3781 2644 jussu

2186 2666 2331 2733 regis
2372 2664 2621 2736 Sigiberti
2650 2665 2956 2734 accederet,
2989 2665 3406 2721 commendavit.
3433 2666 3507 2723 De
3539 2682 3649 2737 qua
3683 2682 3779 2723 re.

2181 2770 2396 2827 gressus
2426 2798 2441 2823 ,
2476 2758 2616 2813 hunc
2642 2770 2823 2814 secum
2850 2757 3000 2813 abire
3017 2759 3041 2794 κ
3068 2760 3344 2827 ρηοθρὶι,
3375 2757 3779 2829 insinuavith

2181 2864 2303 2906 eum
2331 2850 2614 2919 diligenter
2652 2851 2920 2921 Sigiberto
2956 2852 3093 2921 regi,
3125 2860 3285 2921 atque
3317 2851 3385 2908 ad
3421 2852 3778 2909 serviendum

2182 2942 2437 2998 tradidit:
2460 2959 2616 3014 quem
2649 2943 2742 2998 ille
2773 2957 2866 3013 per
2896 2943 3015 2999 loca
3042 2943 3257 2999 diversa
3283 2942 3546 3013 dirigens,
3580 2943 3775 2999 locum

2181 3035 2408 3104 praebuit
2438 3035 2723 3091 militandi.
2743 3034 2823 3091 Ex
2849 3036 2954 3090 hoc
2976 3035 3130 3104 quasi
3160 3035 3461 3090 Honoratus
3487 3033 3503 3072 ι
3529 3035 3776 3101 habitus,

2182 3125 2485 3181 Arvernum
2525 3126 2672 3181 venit
2701 3144 2714 3180 :
2748 3127 2929 3195 ibique
2975 3140 3097 3181 cum
3142 3124 3283 3182 Urse
3330 3127 3445 3182 cive
3470 3126 3621 3182 urbis
3652 3127 3779 3197 ejus

492 3206 626 3263 dure
653 3208 1008 3279 susciperent,
1040 3206 1341 3278 praesertim
1368 3221 1489 3262 cum
1519 3206 1787 3262 Sisinnius
1816 3206 2071 3275 magister

2187 3215 2441 3273 amicitias
2474 3216 2658 3287 illigat.
2694 3216 2934 3283 Interim,
2959 3226 3019 3271 ut
3049 3225 3163 3272 erat
3190 3216 3330 3272 acris
3351 3216 3571 3288 ingenii,
3599 3218 3776 3273 ﬁliam

492 3299 719 3355 militum
748 3314 780 3355 a
809 3306 962 3371 parte
1004 3298 1341 3369 imperatoris
1371 3300 1424 3352 in
1468 3298 1568 3353 hac
1599 3298 1731 3352 urbe
1775 3296 2070 3352 resideret:

493 3388 777 3445 simulatus
813 3390 1087 3446 Mummoli
1120 3405 1252 3459 puer
1282 3389 1335 3444 in
1365 3399 1658 3459 conspectu
1706 3388 1959 3451 Zabanis,
1988 3386 2075 3444 Si-

491 3478 675 3536 sinnio
702 3480 909 3536 litteras
936 3480 1177 3549 protulit,
1211 3480 1542 3550 salutemque
1572 3496 1637 3536 ex
1661 3481 1877 3535 nomine
1907 3480 2074 3534 Mum-

491 3571 620 3627 moli
643 3571 809 3638 dedit,
840 3571 1028 3627 dicens
1055 3589 1069 3625 :
1098 3572 1178 3628 En
1211 3571 1385 3642 ipsum
1416 3571 1468 3626 in
1501 3572 1765 3642 proximo.
1797 3570 1948 3639 Quod
1974 3585 2073 3625 au-

491 3662 645 3720 diens
694 3662 895 3731 Zaban,
929 3678 1090 3720 cursu
1116 3663 1290 3719 veloci
1338 3663 1405 3719 ab
1453 3662 1587 3719 urbe
1638 3662 1754 3732 ipsa
1802 3662 2073 3732 digressus

490 3756 774 3827 preteriit.
806 3754 899 3811 His
928 3754 1123 3811 auditis
1152 3754 1313 3823 Amo,
1344 3755 1570 3811 collecta
1617 3754 1761 3809 omni
1798 3753 1980 3825 praeda
2021 3752 2074 3807 in

488 3848 708 3917 itinere,
736 3849 1133 3920 proﬁciscitur:
1170 3846 1263 3904 sed
1294 3847 1669 3904 resistentibus
1714 3846 1944 3913 nivibus,
1985 3860 2073 3901 re-

487 3941 613 3999 licta
642 3944 845 4013 praeda,
870 3945 956 4000 vix
985 3956 1106 3999 cum
1148 3942 1331 4012 paucis
1372 3955 1656 4013 erumpere
1679 3940 2075 4012 potuit.Exter-

492 4030 591 4090 riti
617 4037 759 4091 enim
783 4043 935 4091 erant
955 4036 1151 4091 virtute
1180 4031 1468 4089 Mummoli.

558 4171 722 4228 XLVI
748 4171 860 4244 [AL
885 4170 1000 4243 xn].
1025 4170 1190 4227 Multa
1236 4172 1379 4227 enim
1429 4169 1751 4225 Mummolus
1779 4167 1917 4223 bella
1947 4181 2074 4237 ges-

568 4313 597 4344 ι
625 4306 730 4362 Alii
760 4304 911 4370 editi,
940 4303 1215 4367 Deensem,
1242 4302 1383 4371 quod
1408 4303 1629 4373 perinde
1652 4310 1756 4356 est.
1789 4300 1885 4355 Est
1914 4316 2071 4373 nam-

492 4391 597 4447 que
638 4376 735 4431 Dia
783 4390 879 4429 seu
912 4375 1018 4447 Dea
1062 4372 1681 4447 Vocgntiorum_civitas
1728 4372 2069 4447 episcopalis,

488 4442 651 4504 etiam
694 4460 836 4502 nunc
877 4443 1129 4500 celebris.
1162 4442 1364 4498 Tamen
1398 4443 1525 4497 Bell.
1566 4444 1723 4498 habet
1776 4442 2071 4496 Vardanen-

488 4534 616 4586 sem,
650 4526 707 4574 et
730 4516 893 4571 Corb.
927 4514 1318 4586 Virdunenssm,
1375 4528 1675 4586 quanquam
1708 4514 1881 4586 prima
1912 4528 2072 4586 manu

488 4582 747 4659 scriptum
780 4586 969 4659 fuisset
1001 4583 1393 4659 Vinsugensem.
1410 4582 1514 4638 Sed
1530 4586 1803 4659 correctio
1830 4584 2070 4659 ejusdem

489 4668 574 4715 est
601 4653 699 4714 aevi
728 4675 790 4712 ac
818 4658 985 4711 codex
1034 4669 1133 4709 ms.
1170 4653 1237 4709 Et
1264 4654 1477 4721 quidem
1530 4654 1795 4711 Freherus
1848 4653 1895 4708 in
1932 4670 2074 4708 mar-

489 4731 615 4800 gine
655 4728 940 4800 mon_et,_in
969 4741 1085 4800 _ms.
1110 4725 1625 4800 scilicet_Palalino,
1658 4726 1840 4800 haberi
1879 4724 2071 4800 Virdu-

486 4796 715 4855 irensem.
771 4798 920 4853 Unde
968 4797 1215 4851 Valesius
1265 4796 1533 4851 existimat
1573 4797 1678 4850 duo
1709 4797 1843 4850 hanc
1883 4797 2070 4850 urbem

486 4870 706 4928 nomina
739 4869 1010 4932 habuisse,
1038 4868 1285 4921 Latinum
1319 4882 1507 4927 unum.
1540 4866 1702 4920 Deam
1734 4867 1963 4931 scilicet,
2000 4867 2071 4920 al-

485 4950 659 4998 terum
708 4941 995 5006 Gallicum,
1029 4938 1170 5007 quod
1223 4948 1304 4992 est
1342 4936 1653 4990 Virdunum.
1687 4937 1833 4991 Idem
1885 4946 2070 4991 auctor

485 5013 591 5068 alio
619 5015 672 5067 in
702 5014 823 5067 loco
853 5012 1106 5065 observat
1138 5009 1191 5062 in
1238 5008 1514 5063 Provincia
1547 5008 1763 5063 ﬂuvium
1795 5022 1935 5073 esse,
1970 5022 2069 5061 no-

485 5084 632 5139 mine
662 5084 988 5145 Verdunum,
1024 5080 1183 5149 vulgo
1214 5078 1440 5145 Verdon,
1473 5095 1538 5134 ex
1584 5094 1689 5147 quo
1730 5078 1867 5133 forte
1888 5078 2067 5149 ilocus

486 5155 682 5224 aliquis
702 5154 789 5208 hic
816 5148 1131 5222 designatus
1161 5165 1352 5224 nomen
1369 5150 1653 5224 _hab_uerit.
1671 5149 1866 5224 Paulus
1886 5148 2063 5210 Diac..

485 5220 593 5295 qui
610 5225 705 5281 lib.
735 5239 792 5280 ιιι
826 5220 1164 5295 hasiomnes
1186 5220 1661 5295 Langobardorum
1688 5229 1751 5295 _et
1794 5222 2066 5295 Saxonum

483 5289 854 5366 expeditiones
899 5300 1087 5366 narrat
1132 5289 1321 5366 iisdem
1354 5291 1522 5366 ferme
1553 5291 1730 5366 verbis
1770 5304 1833 5366 ac
1863 5289 2067 5366 Grego-

484 5360 621 5430 rius,
679 5380 799 5433 cap.
833 5366 891 5431 8,
925 5365 1013 5419 ubi
1048 5364 1115 5418 de
1156 5362 1257 5418 hac
1304 5362 1418 5432 ipsa
1468 5362 1763 5431 irruptione
1808 5360 2059 5429 loquitur,

485 5434 648 5491 habet
678 5435 935 5489 Diensem.

555 5504 586 5546 1⁵
618 5504 810 5575 Vulgo,
841 5506 892 5559 la
918 5504 1074 5571 Crau,
1098 5513 1157 5557 ut
1177 5502 1419 5559 Cointius
1450 5511 1651 5559 monet.

564 5587 586 5646 ξ
626 5577 786 5646 Bell.,
804 5577 1054 5646 accipiens
1084 5585 1206 5646 lem.

555 5644 583 5685 “
614 5647 703 5703 Sic
726 5644 887 5701 Corb.
916 5641 970 5700 et
1008 5644 1246 5711 Bellum;
1278 5646 1386 5712 alii,
1440 5643 1652 5699 Eseram
1695 5653 1785 5698 aut
1828 5641 2054 5710 Isaram,

2182 3306 2297 3376 ejus
2348 3307 2676 3376 desponsare
2721 3306 3054 3370 desiderans,
3103 3305 3345 3373 loricam,
3378 3315 3435 3361 ut
3478 3306 3688 3373 ierunt,
3721 3308 3777 3363 in

2181 3399 2413 3455 libellari
2444 3414 2550 3473 quo
2579 3400 2779 3455 charta;
2808 3400 2933 3455 abdi
2984 3400 3157 3456 solitae
3212 3409 3357 3468 sunt,
3386 3400 3658 3468 recondit,
3692 3402 3779 3458 dic

2180 3505 2308 3547 cens
2338 3492 2575 3556 mulieri,
2616 3492 2831 3562 coniugi
2859 3491 3043 3561 utique
3090 3490 3212 3547 Ursi
3240 3508 3254 3546 :
3287 3492 3411 3561 quia
3457 3491 3779 3546 multitudi-

2179 3600 2303 3642 nem
2329 3599 2611 3641 aureorum
2641 3598 2882 3640 meorum
2910 3583 3139 3652 amplius
3159 3597 3320 3653 quam
3343 3581 3615 3638 sexdecim
3642 3582 3779 3637 mil-

2180 3676 2251 3731 lia
2279 3678 2330 3732 in
2361 3678 2462 3732 hoc
2491 3676 2720 3733 libellari
2748 3675 3079 3731 reconditam
3113 3676 3211 3732 tibi
3239 3673 3587 3740 commendo,
3619 3674 3775 3743 quod

2179 3777 2325 3826 tuum
2365 3785 2485 3826 esse
2529 3769 2744 3840 poterit,
2774 3770 2819 3826 si
2847 3768 2978 3824 mihi
3027 3768 3190 3824 iiiiam
3240 3778 3387 3823 tuam
3436 3766 3777 3839 praestiteris

2180 3861 2515 3933 desponsari.
2544 3862 2651 3919 Sed

2393 3976 2532 4044 Quid
2572 3990 2678 4031 non
2708 3976 2951 4030 mortalia
2985 3983 3200 4041 pectora
3223 3975 3398 4044 cogis,

2179 4050 2307 4107 Auri
2335 4063 2485 4104 sacra
2517 4047 2717 4103 fames?
2747 4046 2924 4119 (Virg.
2956 4045 3170 4101 Αῑηρὶά.
3213 4046 3304 4099 lib.
3330 4044 3435 4116 ut.)

2255 4163 2413 4234 189
2454 4159 2706 4217 Promisit
2748 4157 2944 4214 mulier
2990 4158 3103 4212 haec
3150 4155 3463 4225 simpliciter
3510 4152 3777 4223 credens,

2180 4295 2371 4350 baudia
2405 4301 2576 4358 ortus,
2613 4288 2875 4345 Rhodano
2920 4285 3077 4359 paulo
3116 4300 3276 4358 supra
3308 4285 3607 4342 Valentiam
3665 4290 3774 4342 ωι-

2178 4378 2432 4502 “eum,
2470 4432 2737 4497 Siasium;
2764 4430 3031 4500 hodieque
3054 4441 3251 4483 nomen
3286 4426 3499 4499 Segusii
3541 4427 3774 4497 retinet,

2178 4508 2341 4580 vulgo
2371 4506 2531 4580 Susa,
2563 4503 3186 4580 at_i_Duriam_amnem._
3511 4568 3566 4580 η,
3670 4570 3683 4578 .

2258 4568 2407 4634 ίνΕι1.
2452 4578 2543 4643 aL,
2593 4574 2853 4643 Siagrius.
2891 4571 3105 4641 Regm.,
3144 4568 3367 4643 Basilius
3398 4584 3458 4622 ac
3505 4568 3774 4643 Siggrists.

2102 4620 2156 4681 Β
2182 4620 3542 4711 Fortiiiiiif'éirﬁiéii'iis'iiiiiii'i';indignitates}
3578 4620 3775 4711 Basilii

2180 4722 2457 4789 cujusdam
2503 4708 3281 4789 illustris_viri_Pictaviensis,
3314 4712 3403 4781 qui
3434 4708 3574 4764 forte
3624 4710 3775 4763 idem

2180 4783 2263 4847 est
2289 4792 2355 4846 de
2377 4804 2481 4857 quo
2509 4789 2593 4841 hic
2615 4786 2848 4856 loquitur
2871 4783 3182 4857 Gregorius.

2254 4872 2278 4909 ε
2320 4849 2703 4930 Ιίεὶὶᾳιια,θιο.;
2722 4858 2787 4912 ad
2817 4849 3185 4922 linem'capitis
3211 4852 3407 4909 desunt
3428 4851 3483 4906 in
3512 4849 3772 4906 omnibus

2178 4934 2285 5040 fer:
2503 5011 2556 5055 et
2586 4999 2743 5063 Bell.,
2786 4994 3055 5062 Andarici,
3086 4994 3179 5051 sed
3220 5009 3344 5050 eum
3386 4990 3525 5048 infra
3552 4990 3766 5045 Andar-

2181 5074 2353 5130 Chium
2384 5073 2677 5144 appellant.
2706 5067 2882 5144 (Zelb.,
2915 5067 3195 5144 Anparclti;

2254 5145 2267 5182 ί
2308 5134 2472 5201 Coll):
2493 5158 2612 5199 cum
2647 5140 2914 5211 plerisque
2945 5134 3123 5203 editis,
3153 5134 3377 5211 Facilis.

2256 5216 2269 5265 i
2320 5217 2367 5271 Is
2394 5216 2494 5269 luit
2522 5204 2842 5281 Cam’panite
2873 5207 3195 5263 Rhemcnsis
3223 5207 3354 5272 dux,
3382 5205 3449 5261 de
3485 5221 3591 5281 quo
3622 5204 3764 5281 (ξτε-

2172 5288 2351 5359 gorius
2380 5286 2513 5359 inira
2541 5275 3016 5359 non'semel._l€jus
3040 5280 3225 5359 laudes
3255 5275 3599 5349 prosequitur
3626 5275 3766 5331 For-

2174 5350 2392 5413 funatus
2416 5357 2509 5411 lib.
2541 5370 2631 5417 vn,
2663 5366 2831 5408 carm.
2866 5350 2919 5419 7,
2955 5352 2988 5407 8
3018 5352 3143 5407 et9.

2242 5428 2268 5465 ιι
2301 5428 2459 5489 Bell.,
2492 5426 2694 5480 habere.
3019 5493 3047 5495 ἡ
3188 5490 3200 5495 -
3402 5490 3414 5495 -
3456 5490 3461 5495 ς

2248 5497 2266 5537 1
2308 5499 2362 5553 id
2390 5508 2490 5562 est,
2532 5497 2681 5567 quasi
2724 5507 2860 5567 unus
2907 5507 2977 5548 ex
3016 5493 3083 5567 iis
3112 5490 3202 5560 qui
3233 5490 3551 5567 res__civile_5
3578 5498 3634 5544 et
3660 5504 3734 5558 μυ

2166 5570 2338 5627 blicas
2368 5560 2585 5623 nomine
2634 5566 2893 5636 principis
2923 5563 3202 5636 gerebant,
3248 5562 3448 5636 quibus
3494 5560 3759 5636 ilonorati

2169 5643 2353 5697 titulus
2375 5629 2795 5696 concedebatur.
2813 5629 2894 5690 De
2917 5629 3019 5691 hoc
3052 5634 3206 5688 titulo
3236 5629 3391 5700 plura
3424 5632 3587 5686 babes
3612 5629 3757 5699 apud

484 5718 571 5774 vei
618 5702 739 5773 cum
770 5717 1094 5787 aSpiratione
1130 5702 1393 5777 Hes'eram',
1425 5716 1659 5769 Hiseram
1686 5733 1702 5768 :
1732 5730 1851 5784 qua:
1893 5702 2053 5787 varirc
2164 5712 2341 5787 Vales.
2377 5711 2432 5787 in
2466 5710 2607 5771 notis
2638 5708 2705 5765 ad
2731 5707 3001 5765 Ammian.
3034 5702 3298 5772 Marcell.,
3320 5713 3377 5762 et
3413 5704 3673 5773 Cangium
3699 5702 3755 5754 in

484 5789 743 5845 lectiones
772 5782 972 5841 in'aliis
1012 5799 1223 5854 quoque
1252 5787 1601 5853 scriptoribus
1624 5782 1932 5851 occurrunt,
1957 5786 2052 5839 sed
2163 5782 2450 5842 Glossario

484 5859 731 5920 eumdem
756 5856 976 5915 ﬂuvium
1004 5855 1308 5923 designant,
1339 5857 1495 5924 vulgo
1529 5855 1729 5922 l‘lsére,
1764 5854 1852 5922 qui
1879 5857 1931 5911 in
1956 5854 2057 5909 Sa.
