4028 6342
1498 227 1525 249 ο

296 404 412 460 509

1222 400 1543 459 HISTORIA
1578 398 2021 461 FBANCORUM.
2063 402 2266 464 LIBER
2304 407 2646 475 QUARTUS.

3449 417 3552 474 510

299 519 534 574 absente
560 516 693 585 viro,
716 516 843 575 huic
869 515 1179 586 desponsari
1201 517 1450 588 puellam.
1474 517 1543 574 At
1568 518 1655 574 ille
1683 532 1891 588 regres—
1916 517 1973 578 A
1995 528 2185 576 exusta
2233 522 2469 578 dirueret
2491 566 2504 590 ,
2539 523 2859 592 excitantur,
2890 524 3135 581 emittunt
3180 496 3339 583 voces
3362 536 3386 566 θ
3419 544 3432 582 :
3459 530 3555 586 sed

298 625 400 665 sus
422 610 486 664 ad
508 624 709 679 regem,
726 610 1135 679 praeceptionem
1151 609 1216 663 ad
1242 609 1475 679 judicem
1498 610 1599 665 loci
1622 608 1877 678 exhibuit,

300 712 370 757 ut
400 702 623 771 puellam
673 701 809 756 hanc
854 715 950 756 suo
980 701 1322 757 matrimonio
1369 702 1619 767 sociaret,
1659 702 1878 758 dicens:

299 793 447 860 Quia
475 791 597 848 dedi
622 791 837 848 arrham
860 791 912 846 in
938 792 1350 863 desponsatione
1378 792 1514 863 ejus.
1546 792 1765 864 Negavit
1789 808 1883 848 au-

299 894 419 939 tem
448 886 528 940 vir
556 884 669 951 ille,
696 884 1075 951 dicenszQuia
1124 900 1298 956 neque
1345 894 1398 941 te
1442 885 1565 940 novi
1611 885 1750 941 unde
1785 885 1877 954 sis,

300 990 482 1046 neque
527 975 725 1045 aliquid
768 975 836 1031 de
860 976 1019 1031 rebus
1060 975 1163 1032 tuis
1210 975 1403 1031 habeo.
1446 974 1558 1041 Qua
1590 975 1883 1031 intentione

298 1066 622 1137 pullulante,
648 1081 710 1122 ac
746 1067 1122 1123 vehementius
1150 1066 1502 1135 increscente,
1549 1067 1883 1125 Andarchius

297 1158 525 1228 expetiit
574 1158 768 1216 Ursum
824 1160 965 1230 regis
1002 1159 1282 1229 praesentia
1325 1158 1597 1214 arcessiri.
1642 1157 1885 1229 Cumque

298 1250 540 1308 venisset
562 1249 703 1320 apud
733 1250 912 1305 villam
938 1250 1267 1304 Brennacum
1290 1258 1340 1318 ει,
1363 1250 1588 1319 requirit
1608 1248 1881 1305 hominem

297 1344 493 1410 alium,
533 1345 729 1400 Ursum
781 1346 1016 1411 nomine,
1046 1359 1204 1414 quem
1236 1344 1301 1398 ad
1331 1344 1580 1399 altarium
1612 1345 1748 1399 clam
1791 1345 1885 1400 ad-

297 1437 522 1491 ductum
568 1436 753 1506 jurare
803 1437 946 1506 fecit,
996 1451 1059 1493 ac
1108 1437 1460 1493 dicerezper
1506 1437 1648 1493 hunc
1707 1438 1884 1494 locum

298 1536 547 1584 sanctum
589 1537 643 1583 ct
691 1529 942 1598 reliquias
988 1537 1279 1601 martyrum
1321 1529 1623 1595 beatorum,
1666 1528 1789 1599 quia
1839 1531 1885 1591 si

300 1617 474 1673 ﬁliam
508 1632 682 1674 meam
712 1619 806 1673 tibi
835 1620 887 1674 in
912 1618 1252 1675 matrimonio
1296 1633 1403 1675 non
1448 1619 1740 1685 tradidero,
1766 1636 1886 1677 sex-

296 1709 478 1765 decim
502 1709 671 1765 millia
693 1710 985 1765 solidorum
1017 1712 1113 1767 tibi
1136 1710 1442 1768 satisfacere
1470 1726 1574 1767 non
1600 1712 1872 1767 morabor.

298 1799 530 1857 Stabant
557 1801 700 1856 enim
734 1809 897 1857 testes
918 1800 972 1855 in
1000 1802 1258 1867 sacrario,
1287 1802 1649 1858 auscultantes
1676 1803 1888 1859 occulte

1985 630 2094 673 non
2126 613 2222 670 fuit
2245 613 2336 685 qui
2366 614 2660 683 exaudiret,
2681 615 2850 672 donec
2875 625 2982 673 tota
3009 618 3170 674 domo
3191 618 3377 675 adusta
3406 622 3552 692 ipsos

1984 706 2183 777 pariter
2212 705 2348 775 ignis
2378 706 2709 763 absorberet.
2753 707 2920 764 Ursus
2948 724 3077 766 vero
3108 718 3349 768 metuens
3370 755 3383 780 ,
3411 713 3557 770 basi-

1984 796 2140 853 licam
2167 797 2335 852 sancti
2357 795 2551 852 Juliani
2570 798 2811 867 expetiit,
2829 799 3069 873 datisque
3089 800 3203 874 regi
3222 804 3554 875 muneribus,

1986 902 2072 943 res
2101 902 2221 942 suas
2252 887 2303 941 in
2331 886 2555 941 solidum
2584 888 2809 957 recepit.

2059 977 2262 1033 XLVIII
2307 977 2412 1050 [Αι.
2446 977 2599 1050 XLII].
2649 977 3051 1040 Chlodovechus
3088 997 3217 1040 vero
3262 968 3550 1055 Chilperici

1986 1071 2148 1139 filius,
2163 1071 2230 1127 de
2250 1070 2516 1148 Turonico
2532 1072 2755 1148 ejectus,
2778 1073 3126 1148 Burdegalam
3147 1077 3297 1133 abiit.
3316 1077 3556 1148 Denique

1987 1157 2107 1198 cum
2154 1143 2292 1213 apud
2335 1140 2781 1212 Burdegalensem
2825 1140 3093 1203 civitatem
3140 1148 3285 1204 nullo
3337 1140 3555 1218 prorsus

1987 1235 2317 1305 inquietante
2347 1235 2627 1304 resideret,
2666 1237 2899 1309 Sigulfus
2941 1239 3155 1309 quidam
3181 1254 3211 1295 a
3239 1249 3392 1311 parte
3417 1242 3560 1313 Sigi-

1985 1327 2125 1384 berti
2178 1342 2236 1384 se
2289 1342 2447 1397 super
2479 1344 2599 1383 eum
2643 1329 2867 1401 objecit:
2915 1345 3073 1401 quem
3104 1332 3388 1402 fugientem
3438 1348 3561 1389 cum

1988 1418 2128 1476 tubis
2173 1428 2228 1475 et
2275 1420 2533 1490 buccinis,
2564 1422 2713 1492 quasi
2766 1424 3031 1480 labentem
3081 1437 3300 1481 cervum
3347 1426 3559 1499 fugans,

1988 1509 2387 1581 insequebatur,
2420 1512 2509 1581 qui
2538 1515 2625 1568 vix
2651 1512 2716 1569 ad
2738 1523 2945 1584 patrem
2970 1515 3307 1586 regrediendi
3336 1516 3561 1574 liberum

1988 1599 2171 1658 habuit
2199 1604 2420 1659 aditum.
2454 1605 2654 1662 Tamen
2702 1623 2797 1678 per
2840 1608 3146 1679 Andegavis
3173 1624 3465 1680 regressus,
3494 1612 3564 1668 ad

1989 1709 2110 1751 eum
2138 1699 2313 1756 rediit.
2354 1700 2485 1757 Cum
2531 1713 2705 1759 autem
2749 1703 2975 1760 intentio
3022 1704 3161 1761 inter
3212 1703 3566 1762 Guntchram-

1988 1802 2115 1844 num
2138 1788 2157 1827 τ
2176 1799 2231 1847 et
2265 1792 2581 1864 Sigibertum
2603 1812 2756 1870 reges
2783 1807 3102 1869 verteretur,
3130 1798 3563 1858 Guntchramnus

300 1890 468 1946 verba
497 1890 785 1961 loquentis,
817 1891 911 1946 sed
941 1905 1221 1961 personam
1249 1908 1368 1962 quae
1399 1892 1709 1962 loqueretur
1730 1893 1883 1962 peni-

1990 1894 2085 1936 rex
2118 1883 2254 1953 apud
2285 1882 2515 1942 Parisios
2544 1901 2729 1944 omnes
2756 1890 3035 1961 episcopos
3054 1892 3204 1962 regni
3230 1892 3311 1947 sui
3338 1906 3566 1963 congre-

298 1991 391 2039 ωε
418 1998 523 2038 non
555 1983 817 2039 videntes.
860 1983 1013 2038 Tunc
1054 1983 1393 2039 Andarchius
1420 1984 1674 2040 demulsit
1702 1985 1881 2041 verbis

297 2074 515 2129 lenibus
547 2073 759 2140 Ursum,
804 2073 1031 2143 fecitque
1072 2089 1194 2129 eum
1240 2075 1355 2130 sine
1405 2075 1548 2145 regis
1601 2078 1884 2144 praesentia

295 2165 501 2220 reverti
546 2164 613 2218 ad
662 2163 912 2233 patriam.
956 2164 1230 2236 Factoque
1278 2181 1344 2220 ex
1389 2166 1492 2221 hoc
1543 2166 1881 2237 juramento,

296 2257 466 2312 breve
504 2265 957 2313 sacramentorum
1005 2257 1116 2328 regi
1162 2257 1253 2312 illo
1300 2258 1521 2328 protulit
1550 2259 1882 2324 discedente,

299 2349 537 2405 dicensb
564 2366 578 2405 :
604 2350 730 2406 Haec
777 2359 829 2406 et
855 2349 971 2405 haec
1010 2350 1143 2405 mihi
1192 2350 1359 2406 Ursus
1399 2351 1645 2421 scripsit;
1674 2361 1727 2407 et
1766 2354 1887 2408 ideo

295 2442 491 2511 gloriae
517 2452 710 2497 vestrae
736 2443 1153 2513 praeceptionem
1180 2443 1439 2511 deposco.
1465 2451 1523 2498 ut
1548 2444 1710 2499 ﬁliam
1734 2444 1901 2501 suam‘

298 2531 438 2587 mihi
467 2533 640 2588 tradat
668 2533 722 2587 in
760 2532 1121 2587 matrimonio.
1169 2531 1415 2602 Alioquin
1446 2532 1577 2589 mihi
1602 2534 1760 2589 liceat
1799 2550 1887 2592 res

296 2621 423 2694 ejus
453 2623 747 2693 possidere,
777 2623 949 2679 donec
996 2622 1266 2679 sexdecim
1317 2624 1550 2679 millibus
1590 2626 1887 2683 solidorum

293 2715 565 2784 acceptis,
595 2728 681 2769 Ine
717 2715 781 2770 ab
812 2715 909 2769 hac
943 2728 1101 2769 causa
1130 2729 1453 2770 removeam.
1503 2713 1651 2770 Tunc
1677 2716 1886 2786 adeptis

300 2805 753 2874 prtereptionihus
777 2849 793 2871 ,
835 2806 1136 2860 Arvernum
1202 2805 1358 2859 rediit
1397 2820 1410 2859 :
1449 2805 1680 2860 ostendit
1719 2807 1888 2877 judici

297 2893 597 2964 iussionem
626 2895 788 2963 regis.
813 2894 976 2950 Ursus
1002 2903 1181 2950 autem
1208 2909 1266 2949 se
1295 2894 1345 2948 in
1368 2893 1640 2953 Vellavum
1674 2905 1697 2934 ο
1732 2896 1887 2952 terri-

302 2984 500 3039 torium
536 2984 778 3039 contulit.
823 2983 1064 3054 Cumque
1093 2998 1179 3038 res
1208 2982 1323 3053 ejus
1349 2984 1473 3038 huic
1504 2989 1888 3056 consignaren-

301 3086 409 3143 tur,
442 3087 494 3133 et
522 3079 609 3132 hic
632 3080 687 3133 in
716 3077 997 3133 Vellavum
1026 3076 1270 3132 accessit.
1314 3076 1694 3147 Ingressusque
1726 3092 1887 3134 unam

305 3170 428 3228 Ursi
453 3172 693 3241 domum,
720 3187 927 3229 coenam
974 3173 1072 3227 sibi
1109 3171 1359 3242 prmoepit
1388 3175 1694 3242 prmparari,
1726 3182 1885 3245 atque

1990 1981 2099 2042 gat,
2130 1981 2187 2028 ut
2214 1974 2353 2029 inter
2398 1985 2650 2048 utrosque
2696 1980 2822 2049 quid
2866 1981 3066 2037 veritas
3116 1981 3357 2050 haberet,
3390 1982 3568 2039 edice-

1988 2074 2128 2121 rent.
2158 2067 2261 2124 Sed
2292 2077 2345 2124 ut
2377 2070 2577 2127 bellum
2600 2073 2755 2129 civile
2777 2075 2833 2129 in
2853 2076 3058 2145 majore
3082 2078 3397 2147 pernicitate
3426 2093 3568 2134 cres-

1989 2170 2167 2227 ceret,
2197 2176 2289 2218 eos
2339 2164 2527 2221 audire
2575 2169 2804 2235 peccatis
2860 2169 3176 2227 facientibus
3221 2171 3566 2229 distulerunt.

1990 2248 2324 2318 Chilpericus
2354 2262 2531 2309 autem
2562 2270 2654 2311 rex
2676 2256 2729 2312 in
2759 2258 2837 2312 ira
2860 2270 3180 2329 commotus,
3206 2278 3301 2333 per
3321 2263 3569 2320 Theodo-

1989 2338 2201 2395 bertum
2256 2342 2421 2398 filium
2474 2358 2628 2401 suum
2673 2348 2963 2417 seniorem,
3008 2352 3156 2421 quia
3182 2353 3446 2424 Sigiberto
3473 2352 3544 2409 ali

1990 2434 2203 2501 quando
2250 2436 2614 2506 apprehensus
2654 2455 3049 2499 sacramentum
3098 2445 3317 2501 dederat
3360 2456 3386 2494 8
3415 2455 3473 2501 ut
3512 2447 3564 2503 ei

1990 2523 2164 2581 ﬁdelis
2211 2538 2375 2595 esset,
2404 2531 2645 2588 civitates
2693 2534 2809 2603 ejus
2854 2536 3118 2605 pervadit,
3151 2537 3204 2591 id
3232 2546 3313 2593 est
3340 2536 3571 2595 Turonis

1989 2627 2045 2674 et
2072 2617 2321 2688 Pictavis,
2347 2630 2403 2677 et
2428 2623 2660 2693 reliquas
2678 2624 2812 2680 citra
2836 2624 3067 2698 Ligerim
3091 2628 3243 2682 sitas.
3268 2628 3369 2697 Qui
3394 2628 3570 2685 Picta-

1988 2710 2070 2766 vis
2121 2713 2377 2781 veniens,
2430 2724 2613 2771 contra
2665 2716 3127 2775 Gundobaldumh
3167 2722 3319 2793 191
3382 2722 3569 2778 ducem

1989 2807 2260 2872 pugnavit.
2290 2803 2462 2875 Terga
2490 2818 2665 2863 autem
2697 2818 2942 2865 vertente
2967 2811 3211 2867 exercitu
3244 2814 3408 2879 partis
3434 2812 3571 2869 Gun.

1991 2890 2224 2959 dobaldi,
2256 2908 2500 2965 magnam
2546 2897 2617 2952 ibi
2666 2907 2897 2969 stragem
2938 2901 3006 2955 de
3049 2903 3245 2970 populo
3286 2902 3379 2957 illo
3419 2904 3567 2971 fecit;

1990 2982 2085 3036 sed
2114 2991 2167 3037 et
2204 2984 2271 3039 de
2297 2985 2559 3041 Turonica
2601 2990 2817 3058 regione
2866 2990 3151 3046 maximam
3192 3002 3396 3061 partem
3433 2992 3450 3031 ί
3486 2995 3571 3050 in-

1992 3071 2194 3133 cendit.
2226 3082 2277 3128 et
2323 3075 2423 3129 nisi
2472 3076 2538 3130 ad
2593 3086 2800 3148 tempus
2847 3094 3036 3135 manus
3081 3082 3373 3151 dedissent,
3405 3092 3567 3139 totam

1991 3163 2249 3219 continuo
2275 3164 2619 3225 debellasset.
2664 3169 2943 3226 Commoto
2979 3179 3155 3226 autem
3187 3174 3443 3240 exercitu,
3470 3173 3570 3229 Le-

303 3275 471 3332 aquas
492 3264 685 3332 quibus
700 3264 1007 3318 ablueretur
1026 3261 1257 3317 calefieri
1275 3262 1450 3333 jubet.
1468 3264 1572 3319 Sed
1597 3279 1715 3319 cum
1741 3268 1883 3322 servi

1991 3254 2335 3323 movicinum,
2361 3256 2734 3329 Cadurcinum,
2764 3263 2846 3316 vel
2866 3262 3100 3333 reliquas
3128 3264 3333 3318 illorum
3363 3266 3553 3334 provin

306 3355 497 3412 domus
522 3356 742 3412 minime
766 3355 883 3411 rudi
910 3354 1127 3410 domino
1157 3364 1435 3424 parerent,
1463 3356 1598 3412 alios
1627 3356 1881 3429 fustibus,

306 3447 442 3503 alios
488 3447 650 3518 virgis
692 3447 867 3511 caedit,
890 3446 1166 3503 nonnullis
1210 3446 1382 3516 capita
1427 3447 1726 3517 percutiens
1756 3465 1883 3506 san-

306 3539 521 3609 guinem
575 3540 775 3595 elicuit.
829 3538 1061 3594 Turbata
1110 3552 1239 3607 ergo
1284 3538 1504 3604 familia,
1558 3550 1887 3610 prteparatur

314 3632 470 3702 190
515 3647 689 3702 coena,
737 3633 970 3688 abluitur
1016 3631 1103 3688 hic
1152 3636 1301 3701 aquis
1350 3620 1560 3701 calidis,
1594 3634 1888 3692 inebriatur

306 3724 453 3789 vino,
480 3732 534 3779 et
558 3739 617 3781 se
645 3725 871 3779 collocat
898 3740 1061 3795 super
1099 3734 1346 3779 stratum.
1375 3725 1543 3780 Erant
1565 3734 1741 3781 autem
1765 3741 1885 3784 cum

307 3826 374 3869 eo
398 3823 603 3882 septem
634 3813 785 3884 pueri
814 3823 1036 3871 tantum.
1076 3815 1315 3886 Cumque
1360 3832 1467 3871 non
1498 3817 1670 3872 minus
1698 3832 1887 3875 somno

306 3921 468 3977 quam
513 3907 639 3962 vino
669 3908 865 3977 sepulti
894 3907 1056 3964 altius
1086 3908 1483 3964 obdormissent
1503 3953 1517 3979 ,
1553 3908 1720 3966 Ursus
1760 3925 1886 3965 con-

305 4007 521 4067 gregata
572 3998 795 4065 familia,
836 4000 972 4053 ostia
1020 3999 1229 4068 domus,
1258 4014 1377 4071 quae
1420 4006 1537 4054 erat
1584 4014 1649 4056 ex
1698 4001 1887 4071 ligneis

307 4088 564 4143 fabricata
586 4091 800 4156 tabulis,
816 4090 1015 4146 claudit
1041 4108 1053 4144 :
1079 4091 1418 4159 acceptisque
1436 4090 1693 4156 clavibus,
1714 4100 1886 4147 metas

304 4176 336 4217 ⁴
368 4194 594 4235 annuum
638 4196 757 4250 quae
800 4181 1043 4244 aderant,
1076 4181 1261 4245 elidit;
1297 4195 1361 4236 ac
1410 4181 1552 4235 circa
1591 4180 1808 4235 domum
1835 4191 1903 4237 et

305 4286 467 4342 supra
515 4273 731 4329 domum
782 4272 1080 4343 aggregatis
1114 4273 1196 4326 his
1234 4271 1439 4326 acervis
1479 4286 1739 4340 annonae,
1770 4287 1889 4342 quae

306 4373 435 4420 tunc
464 4366 517 4420 in
546 4364 831 4434 manipulis
878 4372 991 4420 erat
1011 4405 1026 4429 ,
1076 4363 1147 4418 ita
1176 4370 1235 4418 ut
1265 4370 1449 4433 operta
1480 4378 1543 4417 ex
1576 4362 1659 4418 his
1698 4363 1888 4420 domus

309 4465 620 4512 cerneretur
636 4458 873 4512 omnino.
894 4456 1041 4512 'I‘unc
1065 4455 1305 4510 immisso
1332 4469 1426 4525 per
1449 4464 1627 4526 partes
1651 4455 1888 4511 diversas

304 4544 452 4618 igne,
482 4561 605 4603 cum
645 4548 754 4618 jam
785 4562 946 4617 super
988 4548 1086 4604 hos
1129 4544 1364 4604 infelices
1406 4546 1627 4604 materia
1676 4548 1888 4605 aediﬁcii

382 4713 411 4743 ι
428 4702 610 4772 Colb.,
642 4703 855 4757 Brinna.

384 4770 523 4842 b‘Sic
547 4772 723 4840 Colb.,
744 4775 869 4829 Bec.
900 4781 951 4827 ct
975 4773 1158 4842 Regni.
1192 4772 1261 4833 Al
1284 4770 1504 4842 Clitaan
1528 4772 1608 4842 ξιιε
1638 4774 1887 4840 protulit:

307 4840 396 4903 alii
428 4844 577 4929 editi,
594 4846 695 4929 ¹ξιιο
712 4834 938 4914 protulit
975 4834 1270 4897 discedenti.
1305 4834 1508 4899 Bellov.
1536 4834 1771 4911 brevius,
1794 4834 1885 4900 ξιιὸ

306 4917 541 4988 protulit,
572 4917 764 4969 dicens.

388 4997 423 5065 ξ
444 4986 837 5065 E_diti__plerique
855 4999 973 5065 cum
990 4985 1181 5065 Bec._et
1196 4981 1374 5065 cura...
1395 4982 1676 5065 Yillavwn.
1696 4984 1883 5065 I'iegm2

310 5067 367 5112 et
387 5056 536 5121 Badz,
565 5053 862 5134 V'itlunurn;
883 5056 960 5110 sic
982 5054 1207 5134 ct_infra.
1231 5060 1299 5134 At
1322 5053 1594 5134 _Vella_vuIn
1618 5054 1883 5134 designari

310 5134 639 5208 certumnest,
673 5127 936 5196 hodieque
964 5126 1120 5193 vulgo
1148 5126 1194 5178 te
1244 5122 1421 5193 Velay.
1461 5124 1591 5178 Vide
1633 5122 1785 5179 notas
1814 5126 1880 5179 ad

310 5196 922 5347 c_ag.h?e5t’tral_|:oc§tbulum
943 5281 1042 5347 pro
1064 5266 1243 5346 iugum
1264 5278 1456 5347 acervo
1477 5238 1722 5347 usurpari
1739 5266 1873 5347 Inui.

312 5340 380 5401 tis
402 5338 1163 5421 exentplis'prohatnAlteserra
1188 5337 1239 5388 in
1264 5338 1402 5389 hunc
1424 5335 1619 5389 locum.
1646 5335 1709 5391 V.
1739 5336 1885 5391 Hinc—

312 5423 517 5465 marum
550 5412 601 5463 in
636 5407 750 5463 Vita
783 5409 841 5464 S.
876 5408 1120 5477 Remigii.

386 5491 409 5517 ε
439 5479 564 5545 Alii,
589 5482 874 5533 excitantur
898 5481 963 5531 ad
993 5479 1199 5533 emissas
1226 5493 1389 5531 voces.

386 5549 407 5587 ί
442 5550 635 5606 Censet
666 5550 926 5613 Valesius,
949 5560 1001 5606 et
1030 5560 1147 5612 onst
1176 5563 1296 5604 eum
1322 5548 1583 5614 CoiutIus,
1608 5546 1887 5613 legendum

313 5633 436 5675 esse
460 5620 827 5689 Chilpericum.
874 5621 1000 5675 Nam
1030 5620 1315 5688 Gregorius
1342 5619 1407 5673 ibi
1441 5626 1494 5673 et
1521 5618 1782 5686 capitibus
1803 5632 1887 5673 se-

311 5688 601 5760 quentibus
622 5690 691 5743 de
731 5690 868 5744 bello
913 5692 1051 5746 inter
1094 5691 1450 5760 Chilpericum
1481 5697 1534 5743 ct
1563 5688 1883 5760 Sigibertum

314 5758 462 5815 moto
515 5760 747 5829 loquitur
778 5777 791 5813 :
817 5760 882 5813 ad
925 5775 1059 5830 quos
1099 5762 1149 5815 in
1182 5758 1365 5830 pacem
1397 5758 1723 5817 revocandos
1743 5758 1887 5813 Gun-

320 5838 559 5886 tramnus
596 5829 877 5900 episcopos
923 5829 1033 5887 suae
1071 5829 1285 5888 ditionis
1326 5831 1561 5889 Parisios
1598 5831 1887 5887 convenire

1991 3346 2150 3401 ciasl
2193 3348 2456 3420 pervadit,
2496 3361 2693 3421 vastat,
2743 3354 2963 3420 evertit;
3013 3354 3266 3410 ecclesias
3312 3356 3566 3424 incendit,

1991 3441 2288 3499 ministeria
2336 3445 2590 3512 detrahit,
2650 3447 2874 3504 clericos
2918 3449 3193 3517 interﬁcit,
3254 3451 3572 3508 monasteria

1990 3534 2228 3591 virorum
2276 3534 2477 3607 dejicit,
2510 3539 2805 3607 puellarum
2853 3538 3055 3595 deludit
3086 3542 3131 3606 κ,
3166 3550 3221 3597 et
3259 3551 3449 3597 cuncta
3477 3544 3569 3598 de-

1990 3634 2164 3681 vastat
2202 3644 2216 3681 :
2262 3626 2463 3699 fuitque
2513 3628 2605 3684 illo
2655 3629 2707 3683 in
2755 3640 2993 3700 tempore
3035 3632 3185 3701 pejor
3231 3632 3283 3687 in
3333 3634 3575 3689 ecclesiis

1992 3721 2240 3791 gemitus,
2270 3736 2429 3790 quam
2473 3730 2713 3793 tempore
2743 3723 3133 3793 persecutionis
3164 3724 3499 3779 Diocletiani.

2063 3810 2230 3864 XLIX
2252 3810 2357 3881 [ΑΙ.
2384 3807 2555 3879 XLIII].
2588 3810 2651 3864 Et
2684 3808 2703 3846 1
2736 3811 2911 3865 adhuc
2941 3810 3372 3880 obstupescimus
3402 3822 3452 3867 et
3483 3813 3571 3867 ad-

1991 3890 2269 3951 miramur,
2304 3904 2398 3945 cur
2427 3900 2587 3944 tanta:
2616 3904 2774 3959 super
2801 3904 2895 3945 eos
2924 3890 3089 3959 plagae
3133 3891 3397 3947 irruerant
3426 3908 3439 3945 :
3474 3892 3568 3947 sed

1991 3997 2330 4038 recurremus
2358 3982 2423 4035 ad
2454 3982 2580 4036 illud
2610 3982 2751 4053 quod
2774 3989 3024 4050 parentes
3047 3995 3231 4037 eorum
3258 3993 3500 4051 egerunt,
3518 3992 3572 4040 et

1991 4075 2080 4131 isti
2112 4083 2440 4145 perpetrant.
2487 4074 2565 4129 illi
2592 4082 2713 4142 post
2750 4073 3182 4143 praedicationem
3212 4077 3571 4142 sacerdotum,

1992 4165 2061 4221 de
2089 4165 2227 4221 fanis
2269 4166 2335 4219 ad
2379 4166 2634 4220 ecclesias
2662 4174 2787 4221 sunt
2813 4167 3058 4221 conversi
3086 4183 3099 4232 ;
3132 4168 3219 4222 isti
3244 4168 3481 4237 quotidie
3508 4169 3576 4225 de

1993 4260 2235 4317 ecclesiis
2264 4258 2471 4326 praedas
2499 4257 2806 4313 detrahunt.
2831 4256 2911 4313 Illi
2939 4257 3245 4313 sacerdotes
3266 4258 3475 4314 Domini
3504 4273 3573 4315 ex

1995 4362 2109 4408 toto
2135 4352 2296 4408 corde
2317 4350 2552 4407 venerati
2577 4358 2724 4418 sunt,
2749 4358 2803 4407 et
2822 4350 3135 4417 audierunt;
3161 4351 3250 4407 isti
3270 4366 3377 4407 non
3398 4353 3573 4410 solum

1992 4458 2099 4499 non
2130 4442 2369 4507 audiunt,
2396 4440 2488 4497 sed
2516 4441 2676 4495 etiam
2701 4450 3111 4511 persequuntur.
3139 4440 3217 4496 Illi
3246 4444 3571 4500 monasteria

1993 4544 2050 4595 et
2091 4535 2352 4593 ecclesias
2393 4534 2734 4600 ditaverunt;
2764 4534 2855 4591 isti
2898 4546 2990 4589 eas
3017 4532 3323 4589 diruuntac
3364 4534 3578 4591 subver-

1992 4699 2315 4772 procuravit.
2352 4695 2557 4767 Religio
2586 4695 2895 4772 tamennfuit
2911 4695 2965 4751 id
2996 4704 3222 4772 mutare,
3252 4708 3371 4772 cum
3402 4696 3571 4772 Gunt-

1995 4765 2293 4826 chramnum
2342 4765 2526 4822 omnes
2568 4766 2695 4822 editi
2740 4765 2897 4821 simul
2927 4775 2981 4821 et
3010 4781 3141 4821 mss.
3181 4766 3432 4822 habeant.
3477 4767 3573 4823 Hic

1994 4843 2257 4921 synodum
2292 4838 2460 4921 Paris.
2490 4851 2540 4890 Iv
2571 4836 2774 4892 laudari
2803 4845 2985 4891 censet
3006 4834 3267 4904 Cointius,
3287 4852 3407 4907 quae
3431 4852 3573 4893 anno

1997 4909 2101 4967 5Ἶὸ
2123 4912 2299 4964 habita
2330 4909 2445 4963 fuit.

2070 4992 2095 5030 κ
2127 4982 2297 5051 Supra
2326 4995 2443 5047 cap.
2478 4976 2566 5034 25.
2598 4975 2860 5051 Caeterum
2894 4976 3134 5051 plerique
3173 4976 3299 5031 editi
3330 4990 3449 5031 cum
3475 4978 3575 5035 ali-

1996 5062 2125 5123 quot
2156 5047 2285 5105 is.
2318 5050 2513 5103 habent
2542 5048 2797 5117 quondam
2826 5047 3194 5118 apprehensus,
3224 5056 3325 5101 etc.

2069 5120 2092 5157 ιλ
2122 5123 2229 5176 Bel.
2264 5128 2318 5173 et
2345 5119 2532 5183 Corb.,
2567 5117 2963 5184 Gundoaldum;
3012 5117 3223 5185 Regm.,
3254 5115 3568 5175 Gundobau-

2069 5156 2089 5157 ί
2122 5156 2229 5176 νυ..
2264 5156 2318 5173 ...
2347 5156 2532 5183 ν.,.υ.,
2568 5156 2959 5184 “mutum...”
3012 5156 3223 5185 ...,,,....,

1996 5192 2262 5268 duIIt;_Al.
2285 5188 2674 5268 guntwnfdum.
2720 5260 2732 5268 _
3033 5256 3045 5268 ο

2068 5260 2084 5298 ί
2123 5262 2249 5327 Alii,
2284 5260 2594 5313 Turonicam
2624 5259 3131 5329 regionemrmaxima
3161 5271 3222 5309 ea:
3247 5266 3410 5325 parte.
3441 5259 3573 5329 ρυω

1989 5340 2283 5403 sequuntur
2310 5330 2391 5403 sic
2418 5331 2583 5385 refert
2616 5327 2824 5401 Regm.,
2856 5328 2924 5381 Et
2962 5327 3063 5381 nisi
3086 5342 3139 5380 se
3165 5328 3234 5380 ad
3258 5327 3578 5399 tempusue-
3657 5357 3663 5364 ν

1990 5402 2200 5459 distent.
2213 5444 2249 5458 ..
2281 5402 2610 5456 devastasset.
2868 5461 2870 5463 ν

2075 5477 2088 5525 i
2128 5474 2288 5529 Corb.
2318 5484 2373 5529 et
2395 5472 2550 5540 Bell.,
2575 5472 2781 5526 illarum
2812 5468 3145 5543 propinquas.
3171 5468 3325 5543 Bad.,
3353 5472 3577 5543 reliquas

1995 5546 2302 5614 provincias.
2335 5539 2549 5612 Regm.,
2580 5544 2797 5614 reliquas
2820 5539 3028 5614 illarum
3065 5542 3289 5609 partium
3326 5539 3575 5600 civitates.

1993 5611 2144 5680 Bec.,
2178 5616 2385 5670 illarum
2405 5614 2604 5667 urbium
2632 5611 2938 5680 provincias.

2061 5686 2087 5723 ¹ί
2119 5687 2208 5741 Sic
2251 5699 2425 5753 mss.._
2449 5691 2504 5736 at
2543 5682 2689 5753 editi,
2718 5681 2989 5753 plerique,
3022 5683 3249 5751 puellas'
3279 5684 3464 5751 Frch.,
3496 5683 3569 5739 al.

1994 5757 2236 5821 euellam,
2266 5764 2318 5807 et
2346 5751 2483 5807 infra
2514 5768 2633 5807 cum
2679 5751 2827 5817 Bec.,
2855 5751 3191 5822 persecutoris

2074 5825 2092 5864 ι
2128 5826 2237 5881 Hoc
2267 5831 2425 5894 caput
2452 5822 2601 5880 deest
2631 5823 2685 5881 in
2716 5823 2849 5881 Bell.
2880 5831 2934 5879 et
2961 5823 3123 5880 Corb.
