4028 6342
540 352 644 411 3H

1567 356 1629 414 S.
1672 350 2000 411 GREGORII
2038 348 2351 413 EPISCOPI
2383 349 2812 413 TURONENSIS

3698 354 3816 415 312

532 474 680 526 tunt.
730 468 867 538 Quid
910 468 980 527 de
1016 468 1170 527 Latta
1200 478 1230 512 ι
1256 470 1583 527 monasterio
1627 471 1891 537 referam,
1921 472 1977 526 in
2006 486 2112 541 quo
2136 470 2190 530 A
2215 467 2432 533 timens,
2482 480 2549 523 ne
2595 466 2780 523 colliso
2832 461 2986 536 193
3038 468 3264 533 utroque
3310 463 3552 521 exercitu
3577 508 3593 534 ,
3625 466 3805 523 etiam

536 560 685 620 beati
713 561 924 618 Martini
972 561 1237 619 habentur
1262 561 1537 632 reliquiae?
1564 563 1699 619 Cum
1727 564 1794 619 ad
1822 577 1943 618 eum
1971 576 2110 618 unus

530 668 739 712 cuneus
784 653 1015 710 hostium
1040 654 1369 719 adventaret,
1398 662 1454 709 et
1496 652 1737 720 ﬂuvium,
1764 654 1855 725 qui
1903 653 2112 724 propin-

532 760 672 817 quus
699 754 801 810 est,
829 747 1052 801 transire
1082 746 1387 815 disponeret
1412 754 1474 803 ut
1500 749 1886 804 monasterium
1912 762 2110 819 exspo-

529 833 709 905 liaret,
759 839 1122 893 clamaverunt
1170 839 1454 905 monachi;
1508 839 1748 895 dicentes
1794 857 1809 895 :
1852 841 2045 910 Nolite,
2076 856 2112 898 ο

527 925 767 993 barbari,
792 929 955 983 nolite
976 927 1079 983 huc
1104 930 1370 984 transire:
1396 929 1539 986 beati
1561 931 1703 986 enim
1731 930 1941 987 Martini
1969 931 2111 987 istud

525 1027 609 1074 est
639 1020 1040 1074 monasterium.
1090 1020 1215 1075 Haec
1244 1019 1547 1090 audientes,
1577 1036 1762 1077 eorum
1791 1022 1947 1078 multi
1972 1038 2112 1079 com-

528 1111 712 1176 puncti
736 1126 767 1165 a
797 1110 891 1165 Del
923 1112 1114 1167 timore
1141 1112 1375 1183 regressi
1419 1120 1564 1169 sunt.
1609 1113 1805 1183 Viginti
1836 1122 2011 1171 tamen
2042 1129 2110 1171 ex

528 1203 683 1274 ipsis,
712 1205 801 1272 qui
833 1218 941 1258 non
968 1205 1278 1259 metuebant
1309 1204 1499 1272 Deum,
1529 1218 1701 1274 neque
1726 1205 1940 1261 beatum
1983 1221 2113 1261 con-

520 1293 790 1349 .fessorem
815 1293 1170 1359 honorabant,
1201 1294 1556 1351 ascendentes
1583 1308 1772 1350 navem
1802 1294 1927 1351 illuc
1948 1302 2113 1352 trans

526 1384 861 1455 gradiuntur,
878 1393 934 1439 et
958 1384 1176 1440 inimico
1195 1383 1527 1451 stimulante,
1552 1384 1848 1441 monachos
1874 1386 2108 1454 caedunt,

524 1477 912 1533 monasterium
960 1488 1238 1543 evertunt,
1274 1494 1467 1549 resque
1515 1480 1791 1547 diripiunt,
1822 1481 1891 1536 de
1918 1481 2111 1550 quibus

536 1570 700 1641 192
729 1570 988 1625 facientes
1013 1571 1273 1637 sarcinas,
1296 1571 1419 1627 navi
1449 1572 1748 1641 imponunt.
1775 1572 2113 1643 lngressique

522 1660 773 1728 ﬂuvium,
804 1663 1045 1730 protinus
1072 1661 1316 1719 vibrante
1344 1665 1524 1720 carina
1547 1665 1650 1720 huc
1682 1664 1916 1735 illucque
1945 1665 2115 1720 ferun-

526 1762 640 1809 tur.
694 1753 931 1824 Cumque
973 1756 1173 1809 amisso
1219 1754 1415 1810 solatio
1458 1770 1733 1811 remorum
1762 1797 1777 1821 ,
1830 1755 2111 1812 hastilibus

2211 573 2434 629 regnum
2460 574 2643 615 eorum
2670 565 2965 625 corruEreT,
3006 572 3194 628 pacem
3239 559 3411 627 petiit,
3442 560 3813 631 civitatesque

2209 651 2349 721 ejus,
2378 666 2511 721 quas
2536 651 2939 708 Theodobertus
2967 651 3106 706 male
3153 662 3483 721 pervaserat,
3514 653 3811 723 reddidit;

2211 742 2542 813 deprecans,
2566 753 2624 800 ut
2652 744 2799 799 nullo
2828 758 2959 799 casu
2997 743 3343 812 culparentur
3371 758 3555 799 earum
3590 745 3815 801 habita-

2210 840 2377 900 tores,
2421 848 2555 903 quos
2584 834 2674 889 ille
2704 834 2902 904 injuste
2943 834 3055 904 igni
3087 834 3337 904 ferroque
3365 834 3684 906 opprimens
3711 851 3811 893 ae-

2212 928 2486 997 quisierat.
2521 927 2677 982 Vicos
2724 942 2973 998 quoque,
3004 928 3094 998 qui
3138 928 3281 983 circa
3310 926 3569 984 'Parisios
3621 937 3810 995 erant,

2212 1020 2445 1074 maxime
2496 1025 2621 1074 tunc
2665 1019 2879 1074 ﬂamma
2931 1020 3295 1087 consumpsit;
3344 1026 3399 1074 et
3446 1027 3555 1074 tam
3606 1018 3812 1076 domus

2212 1123 2371 1180 quam
2410 1124 2499 1167 res
2546 1111 2765 1181 reliquae
2804 1111 2872 1167 ab
2912 1111 3066 1166 hoste
3111 1109 3334 1180 direpta:
3364 1119 3511 1169 sunt.
3540 1119 3606 1165 ut
3637 1111 3811 1166 etiam

2211 1210 2267 1256 et
2314 1203 2510 1271 captivi
2558 1203 2915 1259 ducerentur.
2965 1201 3346 1262 Obtestabatur
3395 1202 3537 1256 enim
3588 1216 3711 1269 rex,
3742 1216 3814 1257 ne

2214 1290 2335 1347 haec
2364 1292 2551 1349 ﬁerent
2574 1311 2587 1347 :
2613 1294 2708 1349 sed
2737 1294 2974 1349 furorem
3002 1293 3264 1363 gentium,
3294 1306 3412 1362 qua:
3441 1291 3510 1347 de
3539 1291 3812 1348 ulteriore

2213 1382 2390 1438 Rheni
2428 1384 2600 1441 amnis
2629 1391 2780 1454 parte
2808 1392 3087 1451 venerant,
3116 1397 3372 1454 superare
3395 1396 3502 1439 non
3538 1391 3807 1453 poterat;

2214 1475 2310 1531 sed
2340 1475 2520 1531 omnia
2548 1475 2811 1546 patienter
2837 1475 3080 1544 ferebat,
3115 1476 3287 1531 donec
3315 1474 3496 1530 redire
3520 1484 3715 1545 posset
3742 1476 3811 1531 ad

2216 1565 2457 1635 patriam.
2492 1565 2642 1622 Tunc
2666 1580 2733 1622 ex
2757 1567 3043 1637 gentilibus
3071 1566 3182 1621 illis
3211 1574 3397 1621 contra
3428 1580 3551 1621 eum
3582 1565 3810 1635 quidam

2218 1664 2711 1723 murmuraverunt,
2741 1670 2835 1712 cur
2883 1670 2943 1712 se
2992 1671 3023 1712 a
3074 1656 3370 1713 certamine
3416 1656 3810 1713 subtraxisset.

2217 1743 2325 1800 Sed
2372 1745 2483 1815 ille,
2511 1754 2569 1801 ut
2614 1754 2731 1801 erat
2780 1746 3078 1816 intrepidus
3100 1784 3116 1812 ,
3147 1760 3373 1802 ascenso
3417 1761 3582 1815 equo,
3612 1748 3679 1802 ad
3715 1760 3811 1804 eos

524 1842 833 1899 lancearum
860 1845 914 1898 in
946 1844 1163 1899 fundum
1200 1845 1335 1900 alvei
1366 1844 1556 1899 deﬁxis
1585 1860 1828 1901 remeare
1852 1860 2109 1901 conaren-

2218 1836 2416 1906 dirigit,
2461 1849 2661 1906 eosque
2705 1836 2884 1891 verbis
2929 1836 3137 1892 lenibus
3185 1836 3473 1901 demuisit,
3505 1837 3713 1894 multos
3744 1853 3811 1893 ex

525 1942 651 2000 tur,
682 1934 834 1989 navis
864 1935 963 1990 sub
994 1936 1215 2005 pedibus
1264 1951 1452 1992 eorum
1502 1936 1748 2001 dehiscit,
1775 1946 1829 1992 et
1856 1940 2110 1994 uniuscu-

522 2025 720 2097 jusque
776 2029 996 2095 ferrum,
1057 2034 1195 2098 quod
1263 2038 1446 2085 contra
1499 2044 1558 2085 se
1612 2031 1860 2095 tenebat,
1912 2032 2113 2100 pectori

525 2120 798 2191 deﬁgitur,
831 2121 1357 2192 transverberatique
1387 2122 1565 2178 cuncti
1594 2138 1623 2177 a
1650 2122 1883 2192 pr0priis
1918 2123 2110 2193 iaculis

523 2209 926 2267 interimuntur.
979 2211 1129 2267 Unus
1179 2220 1383 2269 tantum
1414 2229 1478 2269 ex
1511 2214 1662 2283 ipsis,
1694 2215 1782 2283 qui
1813 2228 1904 2269 cos
1935 2214 2114 2269 incre-

522 2300 709 2371 pabat,
735 2318 802 2357 ne
832 2304 928 2357 ista
961 2305 1380 2383 committerent,
1410 2306 1666 2360 remansit
1711 2306 1931 2363 illaesus.
1961 2306 2113 2374 Quod

524 2391 576 2448 si
603 2391 706 2447 hoc
731 2393 851 2462 quis
900 2394 1120 2450 fortuitu
1170 2397 1417 2453 evenisse
1458 2397 1682 2466 iudicat,
1714 2406 1903 2453 cernat
1946 2413 2114 2455 unum

526 2483 800 2539 insontem
828 2485 1072 2554 plurimis
1107 2490 1342 2543 evasisse
1368 2488 1437 2544 de
1465 2490 1658 2545 noxiis.
1706 2490 1911 2557 Quibus
1948 2491 2111 2547 inter-

525 2573 707 2642 fectis,
739 2577 983 2632 monachi
1015 2578 1160 2647 ipsos
1190 2588 1247 2635 et
1276 2595 1363 2635 res
1386 2595 1511 2637 suas
1538 2597 1602 2637 ex
1648 2582 1801 2637 alveo
1826 2582 2113 2641 detrahen-

528 2671 635 2731 tes,
667 2664 789 2722 illos
818 2668 1165 2736 scpelicntcs,
1196 2684 1284 2726 res
1313 2684 1436 2726 suas
1464 2671 1645 2727 domui
1675 2675 1985 2729 restituunt.

598 2744 641 2800 L
672 2745 779 2819 [ΑΙ.
813 2745 986 2817 xux].
1032 2748 1163 2804 Dum
1195 2749 1309 2806 hmo
1337 2760 1622 2822 agerentur
1642 2795 1656 2819 ,
1689 2753 1987 2823 Sigibertus
2018 2768 2114 2812 rex

522 2846 717 2905 gentes
762 2838 881 2892 illas
912 2839 959 2905 δ,
990 2856 1110 2910 qua:
1156 2842 1293 2897 ultra
1338 2842 1584 2899 Rhenum
1634 2845 1929 2912 habentur,
1961 2862 2112 2903 com-

521 2938 729 2989 movet.
753 2939 807 2985 et
828 2930 1023 2986 bellum
1047 2933 1207 2989 civile
1229 2935 1467 3003 ordiens,
1491 2944 1676 2991 contra
1709 2936 1924 2993 fratrem
1954 2953 2111 2995 suum

524 3019 888 3092 Chilpericum
920 3024 998 3078 ire
1026 3024 1276 3080 destinat.
1324 3028 1478 3094 Quod
1504 3029 1725 3086 audiens
1753 3030 2109 3102 Chilpericus,

526 3113 595 3170 ad
624 3114 842 3171 fratrem
870 3131 1023 3172 suum
1058 3117 1519 3176 Guntchramnum
1554 3122 1763 3191 legatos
1788 3124 1975 3178 mittit.
2008 3125 2110 3190 Qui

2220 1926 2302 1982 eis
2331 1934 2511 1996 postea
2563 1927 2828 1996 lapidibus
2858 1928 3014 1982 obrui
3059 1928 3393 1997 praecipiens.
3426 1926 3532 1984 Sed
3563 1944 3671 1985 nec
3704 1930 3813 1987 hoc

2217 2017 2332 2073 sine
2360 2017 2502 2073 beati
2528 2017 2739 2073 Martini
2771 2018 2937 2075 fuisse
2962 2017 3155 2073 virtute
3181 2018 3485 2090 ambigitur,
3510 2029 3570 2075 ut
3600 2020 3654 2074 hi
3686 2020 3813 2076 sine

2216 2110 2359 2165 bello
2402 2110 2825 2181 paciﬁearentur.
2874 2110 3007 2165 Nam
3036 2112 3091 2166 in
3122 2110 3239 2180 ipsa
3281 2112 3368 2165 die
3396 2125 3500 2181 qua
3525 2112 3580 2167 hi
3612 2127 3808 2181 pacem

2218 2199 2493 2267 fecerunt,
2545 2211 2653 2259 tres
2702 2202 2982 2274 paralytici
3030 2202 3097 2258 ad
3150 2203 3292 2258 beati
3348 2202 3622 2258 basilicam
3678 2214 3813 2261 sunt

2220 2293 2410 2349 directi
2428 2291 2631 2364 Lquod
2662 2293 2715 2349 in
2742 2293 3090 2365 sequentibus
3112 2291 3533 2359 libris,Domino
3551 2293 3812 2365 iuvante,

2218 2386 2555 2445 disserimus;
3687 2391 3692 2394 ’

2286 2480 2350 2536 LI
2385 2479 2492 2553 [AL
2524 2478 2671 2552 xnv].
2713 2480 2962 2537 Dolorem
3009 2479 3153 2538 enim
3208 2480 3401 2552 ingerit
3462 2481 3643 2537 animo
3694 2480 3807 2538 ista

2215 2578 2389 2634 civilia
2418 2578 2559 2635 bella
2606 2580 2826 2637 referre.
2870 2579 3001 2635 Nam
3027 2589 3149 2650 post
3181 2594 3378 2636 annum
3422 2580 3617 2636 iterum
3642 2578 3809 2635 Chil-

2177 2662 2189 2680 ⁵
2216 2670 2426 2738 pericus
2452 2672 2517 2726 ad
2545 2671 2999 2728 Guntchramnutn
3028 2672 3245 2727 fratrem
3274 2687 3429 2727 suum
3449 2673 3650 2742 legatos
3667 2673 3808 2728 mit-

2216 2761 2317 2827 tit,
2349 2760 2571 2817 dicens:
2620 2762 2811 2818 Veniat
2858 2762 3025 2819 frater
3070 2777 3278 2819 mecum
3324 2762 3432 2835 [ΑΙ.
3481 2762 3698 2833 meus],
3752 2772 3812 2818 et

2214 2852 2493 2907 videamus
2521 2865 2618 2909 nos
2637 2894 2654 2921 ,
2698 2862 2753 2909 et
2778 2853 3037 2924 pacificati
3064 2867 3444 2924 persequamur
3467 2853 3807 2924 Sigibertum

2216 2941 2490 2998 inimicum
2515 2952 2780 2999 nostrum.
2810 2944 2964 3010 Quod
3001 2959 3124 2999 eum
3156 2944 3342 3000 fuisset
3369 2943 3596 3009 factum,
3625 2960 3808 3015 seque

2217 3034 2498 3103 vidissent,
2529 3050 2590 3091 ac
2612 3036 2925 3091 muneribus
2952 3036 3328 3103 honorassent,
3351 3045 3620 3092 commoto
3645 3034 3809 3092 Chil-

2218 3125 2433 3193 pericus
2474 3126 2715 3182 exercitu
2762 3140 2932 3197 usque
2969 3126 3189 3182 Rhemis
3220 3128 3465 3193 accessit,
3494 3135 3687 3183 cuncta
3717 3130 3807 3184 in-

526 3205 798 3275 conjuncti
847 3210 1049 3276 pariter
1092 3209 1264 3265 fmdus
1314 3212 1523 3275 ineunt,
1568 3222 1627 3266 ut
1676 3215 1850 3268 nullus
1892 3214 2109 3269 fratrem
2136 3223 2183 3288 ο
2217 3216 2453 3272 cendeus
2481 3226 2638 3286 atque
2677 3217 2975 3273 debellans.
3027 3218 3179 3284 Quod
3211 3217 3431 3273 audiens
3471 3217 3805 3287 Sigibertns,

525 3304 683 3344 suum
715 3291 895 3359 perire
923 3290 1142 3347 sineret.
1173 3291 1278 3346 Sed
1310 3308 1431 3348 cum
1456 3294 1748 3364 Sigibertus
1779 3306 1963 3365 gentes
1992 3295 2111 3350 illas

530 3380 801 3436 adducens
830 3384 1095 3447 venisset,
1128 3391 1182 3437 et
1226 3382 1558 3452 Chilpericus
1590 3385 1655 3439 de
1682 3385 1785 3439 alia
1817 3374 1966 3453 parte
1991 3400 2113 3441 cum

531 3486 631 3527 suo
660 3473 905 3527 exercitu
953 3473 1238 3541 resideret,
1263 3487 1366 3529 nec
1412 3474 1633 3529 haberet
1676 3490 1769 3531 rex
1816 3476 2114 3545 Sigibertus

528 3576 695 3632 super
724 3564 943 3620 fratrem
976 3580 1128 3620 suum
1161 3566 1355 3633 iturus,
1379 3566 1469 3621 ubi
1500 3566 1803 3636 Sequanam
1839 3576 1863 3606 ο
1896 3568 2113 3623 fluvium

530 3660 928 3721 transmearet,
972 3655 1124 3710 fratri
1186 3671 1285 3711 suo
1339 3655 1745 3713 Guutchramno
1804 3658 2111 3714 mandatum

527 3746 723 3812 mittit,
753 3746 937 3803 dicens
964 3763 979 3803 :
1002 3747 1113 3803 Nisi
1146 3762 1233 3804 me
1270 3750 1582 3819 permiseris
1610 3763 1707 3820 per
1735 3758 1877 3804 tuam
1910 3760 2112 3807 sortem

528 3836 673 3893 hunc
697 3839 915 3896 ﬂuvium
944 3842 1197 3911 transire,
1225 3857 1344 3898 cum
1367 3843 1514 3898 omni
1539 3844 1778 3899 exercitu
1810 3859 1932 3899 meo
1954 3859 2115 3914 super

527 3934 583 3985 te
614 3944 850 4002 pergam.
876 3931 1028 3999 Quod
1060 3933 1150 3989 ille
1180 3934 1393 4001 timens,
1414 3935 1589 3991 foedus
1609 3951 1728 3993 cum
1751 3937 1943 3993 eodem
1971 3937 2110 4008 iniit,

527 4034 761 4093 eumque
790 4027 1018 4083 transire
1048 4028 1315 4097 permisit.
1344 4028 1583 4098 Denique
1629 4032 1869 4087 sentiens
1898 4030 2114 4101 Chilpe-

524 4110 692 4178 ricus,
726 4114 867 4183 quod
920 4116 1377 4187 Guntchramnus,
1424 4119 1633 4175 scilicet
1683 4120 1872 4175 relicto
1925 4136 1992 4177 eo
2043 4121 2112 4176 ad

523 4202 854 4275 Sigibertum
884 4210 1183 4277 transisset,
1207 4221 1383 4267 castra
1410 4212 1597 4282 movit,
1621 4220 1677 4267 et
1704 4228 1874 4283 usque
1895 4213 2112 4270 Avallo—

528 4296 671 4351 cium
701 4294 729 4334 ιι
755 4297 1142 4355 Carnotensem
1191 4304 1368 4356 vicum
1419 4302 1570 4356 abiit.
1611 4302 1784 4365 Quem
1814 4302 2109 4368 Sigibertus

524 4386 821 4457 insecutus,
851 4405 1097 4463 campum
1146 4394 1247 4449 sibi
1279 4393 1566 4465 praeparari
1602 4394 1752 4462 petiit
1782 4404 1829 4448 ε.
1860 4395 1957 4450 ille
1980 4410 2108 4452 vero

599 4511 627 4540 ι
655 4502 831 4571 Colb.,
864 4506 1012 4563 Lata.
1036 4507 1185 4573 Bec.,
1203 4507 1266 4562 de
1292 4508 1484 4561 Leuat.
1515 4506 1641 4560 Erat
1670 4507 1896 4563 fortasse
1920 4524 2105 4564 mona-

2218 3304 2412 3361 iterum
2435 3307 2741 3362 convocatis
2768 3306 3017 3377 gentibus
3046 3307 3152 3363 illis
3172 3348 3188 3373 ,
3228 3322 3449 3377 quarum
3492 3321 3651 3377 supra
3682 3322 3807 3364 me-

2214 3397 2440 3451 moriam
2470 3396 2691 3452 fecimus
2717 3436 2731 3463 ,
2776 3396 3009 3452 Parisios
3052 3396 3241 3468 venit,
3286 3406 3341 3453 et
3365 3406 3546 3452 contra
3570 3394 3805 3454 fratrem

2216 3500 2368 3542 suum
2398 3488 2475 3542 ire
2514 3487 2789 3557 disponit,
2822 3488 3038 3543 mittens
3082 3488 3301 3543 nuntios
3350 3486 3693 3543 Dunensibus
3747 3495 3805 3543 et

2214 3577 2541 3647 Turonicis,
2593 3588 2652 3634 ut
2700 3586 2885 3635 contra
2916 3579 3348 3635 Theodobertum
3384 3580 3461 3635 ire
3506 3578 3802 3635 deberent.

2215 3671 2372 3739 Quod
2422 3672 2498 3726 illi
2548 3672 2986 3739 dissimulantes,
3014 3687 3111 3727 rex
3138 3670 3509 3741 Godegiselum
3536 3678 3594 3725 et
3619 3670 3803 3726 Guntc

2214 3762 2528 3819 ehramnum
2582 3764 2740 3836 194
2783 3763 2946 3821 duces
2983 3763 3037 3818 in
3074 3762 3249 3833 capite
3276 3762 3477 3833 dirigit.
3519 3761 3622 3831 Qui
3650 3777 3803 3817 com.

2214 3866 2491 3910 moventes
2521 3856 2811 3911 exercitum
2830 3894 2848 3922 ,
2895 3854 3152 3910 adversus
3176 3868 3299 3908 eum
3322 3861 3567 3923 pergunt.
3610 3854 3683 3907 At
3708 3852 3803 3910 ille

2215 3944 2505 4002 derelictus
2531 3960 2562 4000 a
2592 3944 2707 4000 suis
2727 3988 2742 4014 ,
2774 3959 2896 4000 cum
2938 3944 3121 4015 paucis
3160 3943 3457 3999 remansit:
3488 3942 3583 3998 sed
3612 3951 3801 3999 tamen

2214 4034 2282 4090 ad
2308 4035 2507 4091 bellum
2556 4035 2705 4091 exire
2755 4050 2862 4091 non
2905 4034 3133 4091 dubitat.
3172 4034 3420 4089 ineuntes
3444 4042 3625 4088 autem
3654 4048 3803 4103 pra-

2213 4121 2368 4191 lium,
2399 4123 2811 4179 Theodobertus
2856 4123 3159 4197 evictusgin
3194 4137 3384 4192 campo
3410 4124 3799 4191 prosternitur,

2213 4221 2269 4269 et
2296 4213 2363 4268 ab
2390 4213 2633 4269 hostibus
2663 4213 2907 4269 exanime
2935 4226 3132 4282 corpus
3153 4254 3169 4281 ,
3203 4212 3345 4282 quod
3370 4211 3475 4267 dici
3500 4212 3655 4269 dolor
3683 4222 3795 4279 est,

2213 4306 2494 4373 spoliatur.
2535 4305 2686 4359 Tunc
2714 4304 2780 4359 ab
2809 4302 3030 4359 Arnulfo
3064 4313 3088 4349 ε
3119 4303 3349 4373 quodam
3370 4302 3659 4371 collectus,
3692 4307 3795 4360 ab.

2216 4397 2471 4465 lutusque
2494 4434 2509 4461 ,
2554 4408 2615 4450 ac
2644 4394 2818 4463 dignis
2837 4392 3075 4475 vestibus
3100 4401 3183 4447 est
3210 4392 3424 4448 indutus
3447 4432 3462 4459 ,
3492 4401 3549 4451 et
3571 4393 3640 4447 ad
3664 4392 3801 4450 Eoo-

2212 4509 2470 4581 Superest
2499 4508 2612 4581 haec
2634 4508 2859 4581 epistola
2883 4515 3030 4563 tanto
3059 4507 3310 4581 pontifice
3335 4508 3402 4564 ad
3428 4521 3618 4581 pacem
3640 4510 3798 4579 prin-

527 4575 879 4653 sterium_hic
908 4586 1259 4653 memoratum
1303 4580 1355 4632 in
1381 4575 1521 4653 vico,
1547 4576 1636 4644 qui
1665 4579 1835 4653 etiam
1857 4594 1995 4639 nunc
2020 4581 2108 4653 Si—
2136 4592 2187 4653 ι)
2212 4575 2356 4653 (ξίρὶιε
2384 4575 2711 4653 Christianos
2740 4575 3269 4648 adhortante'digna,
3303 4575 3462 4651 quam
3491 4579 3547 4634 in
3574 4575 3798 4650 Appen-

520 4658 621 4717 {an
661 4646 711 4698 la
752 4646 899 4708 Late.
924 4662 1015 4711 seu
1064 4649 1116 4701 ια
1162 4649 1309 4703 Latte
1350 4648 1666 4717 appellatur,
1700 4648 1837 4702 haud
1870 4651 2109 4715 procula
2136 4646 2176 4653 '
2212 4646 2329 4706 dice
2360 4650 2673 4705 referemus.

520 4712 832 4785 Severiaco,
867 4717 1038 4785 _Sivré,
1065 4718 1318 4773 Bcllismo
1342 4712 1399 4772 et
1418 4712 1709 4785 Noviliaeo,
1736 4712 1954 4785 Neui'lli,
1982 4720 2107 4776 sito.

595 4784 623 4823 δ
654 4777 830 4859 Ghol.,
861 4777 1144 4859 Sigibértus
1171 4797 1271 4843 tres
1292 4797 1483 4859 gentes,
1506 4797 1611 4859 etc.

598 4865 621 4893 ε
656 4856 744 4911 Sic
788 4856 1154 4923 mssfomnes,
1188 4856 1382 4926 praeter
1405 4858 1560 4914 Colb.
1586 4868 1638 4912 et
1665 4857 1865 4917 Chesn.
1898 4858 1984 4925 qui
2014 4859 2109 4913 ha-

519 4925 652 4999 bent
683 4928 964 4999 Segouam,
999 4931 1149 4997 quasi
1185 4925 1270 4983 hic
1301 4931 1510 4999 Sagona
1536 4929 1650 4999 sive
1680 4928 1836 4993 Arar,
1869 4930 2027 4998 vulgo
2056 4930 2108 4984 la

519 4996 712 5064 Satine,
752 4996 1148 5068 designaretur.
1186 4999 1334 5053 Editi
1373 4996 1483 5054 vet.
1533 4997 1730 5053 habent
1772 4996 1983 5067 quoque
2013 5001 2104 5055 Se-

517 5081 758 5139 quanam.
807 5069 880 5123 Et
926 5070 1139 5139 quidem
1168 5084 1233 5123 ex
1285 5070 1529 5139 Gregorii
1578 5068 1672 5122 lib.
1722 5083 1760 5122 ιι
1811 5069 1875 5124 de
1914 5069 2097 5139 hlirac.

515 5136 577 5192 S.
605 5139 837 5203 Martini,
871 5136 990 5208 cap.
1027 5138 1081 5205 7,
1120 5147 1267 5208 patet
1295 5140 1379 5194 hic
1398 5136 1694 5208 legendum
1736 5152 1857 5194 esse
1900 5137 2106 5208 Sequa-

518 5210 759 5281 namaDe
790 5213 889 5265 hac
914 5224 975 5266 re
1002 5210 1126 5266 vide
1151 5209 1313 5267 etiam
1360 5212 1455 5266 lib.
1490 5226 1507 5265 ι
1533 5209 1601 5264 de
1628 5208 1812 5263 Gloria
1849 5218 2097 5281 martyr.,

792 5351 1052 5429 vicusest
1078 5350 1144 5429 ad
1176 5350 1370 5429 ﬂumen
1415 5348 1748 5429 Lidericum,
1781 5349 1866 5417 qui
1914 5357 2100 5429 postea

516 5418 778 5490 Allocium
811 5435 904 5473 seu
938 5422 1185 5489 Alogium
1215 5461 1229 5486 ,
1269 5423 1424 5490 vulgo
1454 5420 1657 5490 Alluye,
1686 5418 1867 5490 dictus
1912 5427 2012 5473 est.
2042 5420 2099 5473 In

815 5504 947 5545 mss.
981 5488 1234 5547 ct’editis
1266 5488 1516 5547 scribitur
1551 5488 1801 5542 Alocium.
1848 5488 1998 5553 Bcc.,
2031 5491 2098 5543 ad

571 5575 813 5611 αιοαηηι.

590 5639 613 5665 ο
647 5629 792 5683 Tunc
810 5632 1062 5699 temporis
1082 5634 1293 5700 scripsit
1318 5632 1382 5685 ad
1410 5627 1817 5685 Bruneehildem
1842 5628 2091 5699 Sigiherti

514 5710 737 5755 uxorem
791 5700 976 5756 beatus
1021 5704 1319 5759 Germanus
1363 5700 1683 5754 Parisiorum
1726 5700 1985 5764 antistes,
2036 5712 2092 5755 ut

512 5772 775 5829 excidium
807 5812 820 5840 ,
856 5771 995 5841 quod
1042 5775 1138 5830 toti
1186 5773 1389 5840 regioni
1437 5770 1763 5840 imminebat,
1798 5780 2083 5829 averteret.

2288 4720 2309 4759 ί
2352 4721 2550 4775 [lorum
2596 4719 2753 4790 trium
2800 4718 3209 4790 paralyticorum
3249 4719 3580 4790 curationem
3612 4719 3800 4777 'refert

2211 4790 2444 4860 Gregor.
2478 4790 2574 4844 lib.
2607 4805 2643 4844 ιι
2679 4788 2861 4845 Mirac.
2886 4788 3201 4860 SIblartini,
3232 4803 3353 4858 cap.
3384 4790 3439 4855 5,
3473 4788 3507 4843 6
3535 4798 3590 4860 et
3615 4790 3669 4842 7.

2282 4871 2306 4908 ε
2332 4854 2500 4915 Ἐοιι).
2528 4868 2585 4914 et
2622 4860 2746 4913 Bec.
2797 4874 2915 4914 cum
2961 4854 3162 4913 Chesu.
3187 4854 3203 4925 ,
3232 4854 3480 4929 Adnulfo.
3533 4859 3607 4929 De
3638 4874 3795 4916 more

2209 4930 2602 4987 abluendorum
2631 4930 3001 4984 defunctorum
3028 4929 3167 4997 apud
3195 4928 3417 4997 gentiles
3442 4938 3498 4985 et
3521 4928 3792 4984 Christia-

2210 5016 2308 5056 nos
2337 5000 2487 5070 plura
2534 5000 2693 5070 habet
2739 4998 2811 5070 V.
2854 4998 2937 5054 Cl.
2986 5001 3112 5053 Ant.
3168 4999 3403 5054 Dadinus
3433 4999 3707 5070 Alteserra
3734 5000 3788 5054 in

2206 5069 2393 5140 capys
2415 5070 2507 5124 lib.
2538 5084 2574 5123 ιι
2617 5069 2751 5140 Hist.
2783 5069 3024 5140 Gregorii
3055 5070 3223 5140 nostri
3247 5110 3263 5136 ,
3318 5071 3405 5140 ubi
3436 5084 3502 5124 ex
3529 5069 3787 5124 Aimoino

2207 5140 2260 5195 in
2277 5138 2404 5196 ‘V'ita
2427 5140 2484 5196 S.
2510 5139 2770 5205 Abbonis,
2802 5138 2919 5208 cap.
2943 5139 3031 5204 20,
3058 5138 3307 5209 observat
3339 5139 3791 5209 interemptorum

2205 5224 2429 5279 corpora
2459 5210 2606 5265 illota
2636 5210 2848 5276 sepeliri
2872 5207 3026 5263 Solita
3058 5207 3246 5263 fuisse.
3279 5209 3432 5264 Abbo
3456 5207 3792 5277 quippecum

2204 5281 2329 5349 ipsis
2355 5281 2533 5350 quibus
2560 5280 2770 5333 indutus
2799 5288 2905 5333 erat
2935 5279 3235 5350 vestimentis
3253 5321 3267 5345 ,
3300 5281 3375 5333 uti
3401 5294 3512 5350 me:
3540 5288 3616 5333 est
3640 5294 3789 5347 sepe-

2205 5348 2290 5405 liri
2320 5348 2665 5419 interemptos,
2698 5350 2870 5407 illotus
2910 5349 3061 5401 etiam
3086 5349 3289 5419 lapideo
3309 5348 3591 5419 tumulatus
3610 5365 3790 5419 sarco-

2207 5423 2326 5502 fugo
2358 5418 2665 5502 fuit..Forte
2689 5419 3096 5502 ‘Theodcbertus
3122 5417 3265 5502 lotus
3307 5419 3408 5473 fuit
3435 5434 3505 5502 _ac
3542 5417 3661 5502 aliis
3690 5434 3787 5474 ve-

2207 5488 2379 5545 SLibus
2408 5490 2626 5544 indutus
2654 5489 2723 5542 ob
2772 5491 2968 5557 regiam
2992 5489 3302 5557 dignitatem
3320 5531 3334 5553 ,
3362 5490 3448 5545 vel
3476 5488 3619 5558 quod
3647 5504 3756 5543 non
3774 5521 3788 5531 -

2205 5560 2331 5614 dum
2364 5575 2479 5615 mos
2502 5559 2591 5613 ille
2618 5559 2942 5615 inolevisset.
2998 5559 3165 5627 Reges
3192 5567 3386 5622 autem,
3417 5559 3701 5627 episcopos
3731 5572 3787 5615 et

2203 5631 2421 5684 abbates
2447 5671 2461 5697 ,
2510 5631 2703 5698 dignis,
2737 5630 2788 5684 id
2817 5636 2931 5695 est,
2959 5639 3017 5689 ut
3046 5638 3194 5698 puto,
3226 5642 3338 5684 suae
3364 5628 3609 5698 dignitati
3622 5642 3787 5698 geom-

2200 5696 2509 5770 petentibhs
2554 5696 2766 5755 indutos
2802 5696 3086 5770 vestibus,
3138 5699 3355 5769 sepeliri
3377 5696 3577 5769 solitos
3609 5696 3780 5758 fuisse

2202 5768 2428 5842 probant
2455 5770 2755 5839 complures
2786 5768 3028 5839 Gregorii
3053 5769 3176 5827 loci.
