4028 6342
208 370 320 428 315

1130 370 1451 440 HISTORIA
1488 374 1935 437 FRANCORUM.
1973 375 2179 435 LIBER
2215 378 2557 450 QUARTUS.

3361 399 3472 462 5M

207 488 521 547 lismensem
569 499 597 529 ι
640 492 906 550 civitatem
950 495 1211 566 sepultus.
1286 496 1613 569 Chilpericus
1660 512 1788 555 vero
1811 499 1865 560 Α
1891 508 2045 565 gens,
2076 511 2296 568 magnus
2321 512 2417 569 per
2444 475 2776 561 adulationes
2800 517 2924 565 cum
2949 519 3074 579 rege
3099 510 3322 571 effectus
3350 526 3455 585 est;

207 596 541 652 cognoscens
580 585 721 655 quod
750 587 943 641 iterum
991 602 1051 644 se
1098 589 1525 647 Guntchramnus
1550 605 1671 647 cum
1702 591 1787 647 Si-

208 671 418 742 giberto
443 674 792 743 paciﬁcasset,
817 692 875 732 se
905 677 1042 733 infra
1065 678 1429 737 Tornacenses
1458 683 1640 737 muros
1663 696 1787 738 cum

208 780 379 820 uxore
403 776 457 820 et
479 766 601 821 filiis
627 770 735 825 suis
766 773 1133 829 communivit.

281 834 370 891 Lll
397 835 508 909 [ΑΙ.
541 839 706 911 κινῇ.
752 841 807 896 ln
852 856 916 897 eo
957 857 1097 898 anno
1127 843 1299 916 fulgor
1326 859 1421 916 per
1447 846 1642 902 caelum
1668 847 1783 904 dis-
1810 912 1813 913 ν

206 930 442 985 eurrisse
476 932 621 987 visus
669 942 751 989 est
792 932 842 1001 δ,
892 935 1031 991 sicut
1086 938 1351 1007 quondam
1392 948 1516 994 ante
1557 950 1783 995 mortem

206 1020 611 1079 Chlothacharii
660 1026 858 1083 factum
905 1030 1156 1086 vidimus.
1206 1032 1500 1103 Sigibertus
1537 1048 1665 1090 vero
1692 1034 1787 1090 ob-

208 1114 375 1168 tentis
397 1115 701 1173 civitatibus
730 1119 831 1176 illis
850 1162 866 1188 ,
909 1137 1029 1192 quae
1074 1124 1202 1179 citra
1234 1124 1463 1181 Parisios
1492 1134 1616 1181 sunt
1641 1126 1787 1195 posi-

209 1212 278 1259 ta:
300 1246 316 1273 ,
365 1220 535 1276 usque
566 1208 1047 1281 Rothomagensem
1075 1214 1257 1271 urbem
1285 1217 1510 1271 accessit
1534 1257 1549 1280 ,
1601 1216 1785 1274 volens

205 1296 425 1352 easdem
470 1298 629 1355 urbes
679 1300 921 1357 hostibus
956 1305 1164 1361 cedere.
1212 1306 1362 1374 Quod
1410 1322 1477 1363 ne
1503 1310 1720 1377 faceret,
1753 1324 1785 1365 a

207 1391 322 1447 suis
347 1392 645 1461 prohibitus
676 1405 777 1451 est.
821 1395 1112 1467 Regressus
1146 1400 1298 1465 inde,
1332 1401 1564 1457 Parisios
1591 1411 1675 1457 est
1704 1402 1785 1457 in-

206 1496 464 1552 gressus:
498 1484 675 1555 ibique
698 1489 766 1542 ad
787 1502 907 1543 eum
938 1490 1298 1546 Brunichildis
1317 1506 1438 1547 cum
1470 1492 1592 1548 filiis
1616 1494 1781 1548 venit.

203 1572 359 1629 Tunc
389 1573 617 1643 Franci,
650 1578 739 1646 qui
780 1580 1046 1648 quondam
1093 1582 1156 1635 ad
1206 1581 1603 1639 Childebertum
1632 1598 1785 1653 aspe-

205 1673 397 1719 xerant
417 1667 683 1723 seniorem
704 1710 718 1736 ,
751 1670 817 1724 ad
848 1670 1173 1741 Sigibertum
1200 1674 1520 1744 legationem
1543 1674 1781 1744 mittunt,

204 1765 265 1812 ut
294 1758 358 1812 ad
387 1772 478 1815 eos
506 1761 728 1817 veniens
752 1807 765 1832 ,
800 1763 1061 1821 derelicto
1089 1766 1415 1837 Chilperico,
1448 1782 1608 1837 super
1637 1770 1782 1839 seip-

1888 588 2207 657 competitor
2250 606 2430 647 rerum
2461 595 2776 665 alienarum,
2806 607 3353 677 testamentorumque
3379 608 3459 667 ef-

1887 677 2112 746 fractor;
2158 682 2244 736 cui
2266 683 2384 739 talis
2413 684 2507 741 fuit
2535 689 2659 744 vitae
2699 691 2872 746 exitus
2896 732 2912 760 ,
2945 701 3002 748 ut
3027 710 3133 751 non
3161 706 3464 757 mereretur

1887 772 2217 828 voluntatem
2264 776 2531 845 propriam
2578 790 2752 839 morte
2806 784 3117 843 imminente
3165 791 3458 860 complere,

1889 864 1981 934 qui
2027 864 2253 919 aliorum
2296 866 2596 927 voluntates
2627 887 2766 943 saepe
2797 876 3155 933 destruxerat.
3201 880 3461 951 Chilperi-

1887 966 1985 1010 cus
2012 963 2186 1010 autem
2209 956 2263 1011 in
2285 959 2499 1029 ancipiti
2526 975 2650 1018 casu
2677 964 2884 1023 deﬁxus
2908 1007 2924 1031 .
2970 968 3025 1024 in
3048 970 3262 1027 dubium
3296 973 3463 1030 hahe-

1887 1046 1980 1103 bat
2006 1088 2020 1113 ,
2053 1062 2119 1103 an
2162 1048 2414 1109 evaderet
2436 1093 2453 1123 ,
2500 1068 2566 1109 an
2598 1059 2831 1125 periret,
2863 1061 3033 1117 donec
3060 1065 3126 1117 ad
3155 1079 3277 1119 eum
3309 1066 3462 1122 missi

1888 1138 2111 1194 veniunt
2133 1139 2199 1195 de
2228 1139 2412 1199 fratris
2440 1143 2587 1201 obitu
2617 1149 2941 1207 nuntiantes.
2970 1152 3121 1207 Tunc
3150 1168 3398 1223 egressus
3422 1171 3453 1210 a

1888 1230 2132 1289 Tornaco
2182 1248 2303 1290 cum
2348 1251 2515 1294 uxore
2558 1248 2611 1294 et
2661 1240 2816 1310 filiis,
2869 1256 2988 1297 eum
3030 1245 3280 1300 vestitum
3318 1247 3458 1314 apud

1889 1324 2145 1381 Lambros
2169 1323 2195 1362 ιι
2224 1327 2402 1382 vicum
2433 1330 2693 1400 sepelivit.
2753 1332 2903 1389 Unde
2929 1343 3113 1404 postea
3137 1339 3457 1393 Suessionas

1886 1413 1943 1471 in
1969 1415 2185 1471 basilica
2234 1419 2406 1474 sancti
2448 1420 2680 1476 Medardi
2706 1464 2719 1487 ,
2748 1439 2906 1492 quam
2933 1425 3051 1494 ipse
3079 1427 3459 1498 aedificaverat,

1887 1507 2173 1563 translatus
2201 1550 2215 1570 ,
2267 1524 2421 1566 secus
2465 1509 2933 1569 Chlothacharium
2959 1522 3166 1584 patrem
3194 1530 3347 1571 suum
3373 1532 3463 1575 se~

1886 1599 2066 1667 pultus
2086 1607 2187 1655 est.
2220 1602 2359 1656 Obiit
2377 1612 2552 1659 autem
2575 1615 2765 1675 quarto
2786 1606 2993 1661 decimo
3018 1608 3166 1675 regni
3190 1608 3271 1661 sui
3297 1623 3460 1676 anno,

1886 1694 2045 1742 aetate
2073 1688 2510 1759 quadragenaria.
2547 1696 2703 1765 196
2729 1696 2771 1751 A
2804 1697 3029 1752 transitu
3068 1711 3194 1766 ergo
3215 1696 3461 1753 Theude—

1886 1778 2024 1834 berti
2054 1782 2281 1838 senioris
2313 1799 2480 1854 usque
2527 1788 2592 1840 ad
2624 1788 2826 1843 exitum
2859 1789 3139 1859 Sigiberti,
3169 1798 3465 1858 supputan-

204 1861 326 1902 sum
355 1864 531 1920 regem
563 1851 883 1909 stabilirent.
930 1854 1023 1910 Ille
1053 1870 1181 1912 vero
1211 1857 1325 1913 haec
1350 1856 1569 1914 audiens
1591 1901 1607 1927 ,
1640 1858 1778 1913 misit

1890 1878 1974 1924 tur
1998 1873 2122 1926 anni
2159 1874 2349 1944 viginti
2370 1891 2563 1933 novem
2598 1877 2639 1931 ί.
2667 1878 2807 1935 lntcr
2836 1882 3034 1935 exitum
3064 1894 3194 1935 vero
3214 1881 3461 1951 Sigiberti

202 1942 296 2011 qui
323 1940 539 1999 fratrem
568 1959 722 2000 suum
752 1946 805 2001 in
834 1960 996 2017 supra
1023 1958 1316 2003 memorata
1345 1950 1559 2006 civitate
1589 1960 1611 1989 ο
1639 1950 1782 2007 obsi-

203 2030 427 2102 darent,
457 2033 571 2105 ipse
599 2034 723 2091 illuc
751 2051 1037 2108 properare
1066 2038 1391 2096 deliberans.
1436 2039 1535 2096 Cui
1567 2050 1782 2100 sanctus

205 2121 506 2179 Germanus
534 2125 815 2196 episcopus
858 2126 1034 2182 dixit:
1082 2127 1142 2184 Si
1184 2129 1383 2187 abieris
1409 2171 1425 2199 ,
1475 2139 1529 2186 et
1565 2130 1779 2188 fratrem

204 2220 351 2268 tuum
380 2214 684 2271 interficere
706 2217 959 2285 nolueris,
984 2219 1135 2273 vivus
1155 2228 1209 2275 et
1234 2219 1405 2275 victor
1432 2222 1634 2276 redibis
1659 2238 1674 2276 :
1697 2222 1782 2278 sia

200 2311 379 2377 autem
406 2305 552 2361 aliud
575 2308 915 2378 cogitaveris,
945 2309 1209 2365 morieris.
1239 2309 1329 2367 Sic
1352 2312 1494 2367 enim
1524 2313 1783 2369 Dominus

200 2409 300 2466 per
326 2398 663 2457 SalomOnem
692 2401 827 2457 dixit
852 2419 867 2458 :
902 2401 1127 2459 Foveam
1154 2422 1305 2474 quam
1334 2407 1484 2476 fratri
1511 2414 1595 2461 tuo
1628 2424 1781 2475 para.

199 2486 298 2554 bis,
325 2490 379 2545 in
406 2508 516 2547 eam
538 2510 743 2549 corrues
767 2494 949 2565 (Prov.
975 2513 1121 2567 xxvr,
1154 2496 1269 2569 27).
1323 2498 1475 2566 Quod
1499 2498 1590 2556 ille
1609 2542 1624 2568 ,
1656 2515 1782 2571 pec-

199 2581 337 2636 catis
364 2581 684 2640 facientibus
708 2624 722 2651 ,
762 2587 950 2643 audire
994 2589 1247 2658 neglexit.
1305 2590 1560 2647 Veniente
1601 2601 1780 2649 autem

198 2668 293 2726 illo
317 2672 385 2728 ad
412 2674 587 2729 villam
606 2716 620 2741 ,
649 2675 735 2731 cui
765 2692 959 2733 nomen
1001 2688 1083 2735 est
1117 2680 1468 2737 Victoriacum
1495 2680 1550 2749 ά,
1581 2684 1777 2740 collec-

198 2767 291 2815 tus
318 2770 404 2816 est
428 2763 496 2817 ad
526 2777 647 2818 eum
674 2766 850 2820 omnis
876 2769 1163 2836 exercitus,
1191 2771 1601 2844 impositumque
1620 2789 1781 2843 super

194 2851 389 2922 clypeo
425 2854 527 2909 sibi
575 2869 754 2926 regem
796 2866 1054 2913 statuunt.
1119 2859 1268 2916 Tunc
1315 2862 1421 2918 duo
1464 2865 1615 2933 pueri
1654 2879 1778 2920 cum

196 2944 383 2999 cultris
409 2944 627 3012 validis,
662 2961 795 3017 quos
827 2950 984 3021 vulgo
1024 2965 1396 3010 scramasaxos
1426 2965 1449 2995 ε
1486 2957 1640 3028 195
1680 2973 1778 3013 vo-

195 3044 357 3104 cant,
391 3039 599 3096 infectis
629 3055 836 3098 veneno
858 3082 874 3108 ,
922 3046 1212 3102 maleﬁcati
1256 3064 1286 3101 a
1315 3047 1664 3118 Fredegunde
1693 3064 1781 3105 re-

196 3127 317 3198 gina
346 3144 463 3184 cum
494 3129 653 3186 aliam
679 3147 892 3188 causam
922 3148 982 3189 se
1002 3149 1192 3204 gerere
1220 3133 1241 3174 τ
1266 3137 1604 3203 simularent,
1635 3147 1782 3193 utra-

1887 1970 1941 2016 et
1967 1964 2174 2031 nepotis
2201 1965 2282 2019 sui
2312 1965 2691 2035 Theudoberti,
2724 1969 2874 2025 fuere
2896 1970 3009 2026 dies
3035 1971 3219 2026 decem
3244 1979 3298 2026 et
3316 1980 3460 2026 octo.

1885 2051 2091 2109 Mortuo
2120 2065 2298 2112 autem
2327 2058 2623 2130 Sigiberto,
2655 2062 2892 2131 regnavit
2919 2061 3297 2118 Childebertus
3318 2060 3463 2118 illius

1886 2157 2001 2213 eius
2032 2160 2127 2214 pro
2150 2160 2233 2204 eo.

1957 2256 2003 2312 A
2030 2260 2297 2330 principio
2327 2277 2493 2332 usque
2522 2262 2587 2319 ad
2616 2263 2894 2331 diluvium,
2923 2265 3049 2320 anni
3090 2266 3170 2321 bis
3199 2266 3341 2321 mille
3364 2266 3463 2322 du-

1884 2349 2029 2404 centi
2078 2350 2426 2421 quadraginta
2466 2352 2593 2408 duo.
2648 2352 2695 2410 A
2742 2355 2940 2410 diluvio
2991 2362 3166 2410 autem
3197 2369 3365 2424 usque
3394 2352 3464 2410 ad

1887 2439 2155 2499 Abraham
2182 2480 2198 2507 ,
2255 2442 2381 2497 anni
2444 2444 2697 2514 nongenti
2761 2444 3109 2515 quadraginta
3169 2444 3299 2499 duo.
3378 2444 3464 2500 Ab

1885 2528 2157 2587 Abraham
2184 2544 2310 2586 vero
2340 2546 2508 2602 usque
2534 2533 2601 2587 ad
2629 2549 2900 2603 egressum
2943 2534 3173 2588 filiorum
3199 2533 3364 2589 Israel
3392 2547 3463 2588 ex

1882 2620 2151 2692 Egypto,
2216 2623 2340 2677 anui
2389 2624 2757 2695 quadringenti
2786 2625 3057 2696 sexaginta
3109 2624 3215 2680 duo
3265 2624 3313 2678 i.
3361 2625 3445 2680 Ab

1883 2724 2100 2781 egressu
2132 2713 2359 2768 filiorum
2387 2714 2550 2770 Israel
2584 2731 2650 2771 ex
2682 2716 2916 2787 Egypto
2939 2730 3108 2785 usque
3137 2715 3203 2770 ad
3231 2714 3464 2770 aedifica-

1884 2804 2085 2858 tionem
2129 2805 2309 2873 templi
2356 2805 2698 2875 Salomonis,
2746 2808 2873 2863 anni
2911 2806 3285 2877 quadringenti
3314 2814 3464 2862 octo-

1881 2894 2050 2964 ginta.
2092 2893 2175 2948 Ah
2219 2894 2576 2952 aediﬁcatione
2621 2912 2748 2967 ergo
2798 2900 2980 2969 templi
3015 2915 3179 2967 usque
3218 2897 3284 2952 ad
3314 2897 3465 2952 deso-

1884 2983 2137 3038 lationem
2169 2985 2285 3053 ejus
2307 3024 2324 3051 ,
2354 2993 2408 3039 et
2438 2988 2955 3057 transmigrationem
3003 2989 3057 3043 in
3088 2986 3462 3057 Babyloniam,

1883 3076 2010 3131 anni
2053 3077 2277 3132 trecenti
2325 3080 2609 3148 nonaginta
2641 3080 2688 3133 ιε.
2734 3081 2779 3135 A
2808 3080 3271 3150 transmigratione
3300 3078 3458 3148 igitur

1884 3182 2055 3238 usque
2084 3169 2148 3224 ad
2181 3168 2483 3239 passionem
2513 3170 2747 3236 Domini,
2771 3175 2895 3227 anni
2925 3173 3164 3229 sexcenti
3186 3169 3460 3239 sexaginta

196 3232 301 3288 que
328 3219 381 3275 ei
408 3220 573 3277 me”
604 3220 822 3332 feria"?
882 3224 951 3278 At
978 3223 1068 3326 me
1097 3224 1428 3328 νθξδίῗθηἾδ]
1470 3235 1629 3332 Μίληῗ
1654 3242 1774 3329 For'
1801 3235 1848 3300 α
1877 3219 2152 3312 δέῐῖῐ.ᾞ
2175 3219 2672 3327 ἑξέέίδιῖέπυοωίηἰ
2704 3219 2869 3332 usque
2887 3263 2955 3317 ad
2977 3261 3256 3317 transitum
3284 3219 3456 3315 sancti

197 3322 381 3378 ruens,
406 3325 512 3367 non
546 3322 668 3381 post
692 3314 862 3368 multo
885 3314 1057 3383 spatio
1083 3314 1261 3370 emisit
1278 3316 1524 3385 spiritum
1550 3334 1564 3371 ε
1595 3317 1776 3387 ibique

193 3410 251 3457 et
290 3400 652 3474 Charegisilus
682 3406 1040 3462 cubicularius
1084 3406 1202 3478 ejus
1243 3410 1475 3476 corruit;
1509 3410 1580 3465 ibi
1608 3418 1664 3467 et
1693 3410 1777 3466 Si-

196 3492 325 3565 gila,
359 3493 450 3564 qui
475 3494 746 3565 quondam
793 3511 860 3553 ex
899 3497 1117 3553 Gotthia
1150 3509 1413 3567 venerat,
1444 3503 1665 3558 multum
1698 3504 1775 3557 la-

193 3592 409 3641 ceratus
438 3594 548 3654 est,
573 3594 627 3642 et
655 3594 838 3657 postea
868 3588 937 3645 ab
967 3590 1265 3661 Chilperico
1285 3606 1411 3662 rege
1432 3594 1772 3665 comprehen-

193 3688 330 3744 sus,
380 3678 613 3734 incensis
658 3695 779 3735 cum
830 3682 1083 3738 cauteriis
1129 3685 1480 3741 candentibus
1524 3688 1772 3743 omnibus

192 3765 479 3839 iuncturis,
519 3786 583 3828 ac
613 3773 948 3830 membratim
978 3785 1256 3847 separatus
1285 3788 1335 3846 ε,
1380 3780 1668 3837 crudeliter
1693 3784 1771 3839 vi-

190 3868 302 3917 tam
327 3862 517 3921 ﬁnivit.
567 3864 692 3921 Fuit
730 3875 908 3923 autem
954 3867 1316 3939 Charegisilus
1362 3871 1455 3927 ille
1500 3880 1607 3927 tam
1636 3874 1773 3946 levis

189 3972 357 4031 opere
378 4003 395 4032 ,
442 3976 597 4033 quam
623 3964 802 4035 gravis
830 3965 1146 4035 cupiditate;
1179 3967 1247 4022 de
1284 3967 1521 4023 minimis
1549 3982 1774 4025 consur-

267 4101 296 4130 ι
334 4091 669 4160 Corb.,Bell.
701 4107 756 4153 et
784 4096 969 4163 Freh.,
1002 4096 1399 4156 Catosinensem.
1432 4098 1584 4156 Colb.
1604 4138 1619 4166 ,
1647 4100 1781 4156 Eco-

154 4190 161 4197 ~
192 4164 621 4236 lunensemLBec.
649 4177 703 4224 et
730 4168 864 4223 Mor.
898 4166 976 4236 5.,
1010 4167 1383 4223 Ecolinemem.

262 4232 290 4272 δ
332 4235 423 4309 S_ic
450 4232 647 4303 Corb.;
681 4238 770 4293 alii
799 4252 919 4294 cum
948 4232 1105 4293 editis
1132 4278 1146 4303 ,
1193 4239 1461 4309 fulgur....
1490 4240 1651 4294 visum
1681 4250 1776 4294 est.

271 4315 294 4378 ἢ
337 4305 664 4378 Iornacensi
690 4309 918 4375 scilicet,
945 4323 1010 4364 ex
1042 4322 1160 4378 cap.
1194 4305 1540 4378 praecedenti.

268 4373 297 4413 ἀ
338 4375 497 4432 Vicus
520 4386 641 4441 est,
690 4388 747 4433 ut
773 4373 956 4434 monet
996 4373 1208 4435 Miraeus'
1229 4421 1242 4445 ,
1292 4380 1430 4436 inter
1459 4381 1692 4437 Duacum
1724 4390 1778 4438 et

190 4445 479 4522 Atrebatas
502 4447 571 4503 ad
617 4448 873 4522 Scarpam
898 4448 1123 4522 fluvium
1144 4490 1158 4513 ,
1179 4449 1374 4522 _vulgo
1410 4450 1558 4522 Vilry
1590 4452 1774 4522 hodie-

1883 3357 2114 3425 Martini,
2160 3363 2287 3415 anni
2313 3362 2690 3432 quadringenti
2719 3372 2773 3420 et
2797 3364 3103 3420 duodecim.
3157 3361 3451 3418 Atransitu

1883 3460 2054 3516 sancti
2077 3461 2290 3517 Martini
2315 3477 2482 3533 usque
2508 3463 2575 3518 ad
2602 3464 2883 3520 transitum
2901 3462 3263 3520 Chlodovechi
3291 3462 3460 3531 regis,

1882 3569 2008 3616 anni
2037 3574 2253 3617 centum
2275 3566 2581 3620 duodecim:
2628 3566 2674 3620 A
2718 3567 2943 3620 transitu
2987 3564 3466 3620 Chlodovechire-

1879 3660 1962 3732 gis
1988 3676 2156 3731 usque
2204 3661 2269 3717 ad
2302 3664 2582 3720 transitum
2624 3663 3019 3731 'I‘heudeberti,
3068 3666 3195 3721 anni
3240 3666 3454 3735 triginta

1878 3769 2083 3834 septem
2110 3770 2169 3813 ηπ.
2221 3767 2265 3816 Δ
2309 3764 2535 3818 transitu
2576 3762 2938 3821 Theudebertt
2963 3780 3132 3835 usque
3169 3768 3235 3819 ad
3262 3766 3465 3821 exitum

1881 3859 2133 3931 Sigiberti
2158 3905 2173 3928 ,
2216 3867 2343 3917 anni
2382 3865 2570 3933 viginti
2610 3880 2823 3923 novem.
2879 3865 2981 3933 Qui
3006 3868 3307 3922 suntsimul
3334 3866 3462 3921 anni

1882 3964 2165 4035 quinquies
2196 3966 2345 4023 mille
2376 3970 2693 4039 septingenti
2717 3973 3051 4039 septuaginta
3076 3976 3301 4038 quatuor
3323 3976 3373 4020 η.

1960 4113 1983 4174 ξ
2024 4104 2183 4174 garb.
2196 4145 2211 4169 ,
2241 4107 2509 4174 separatis.

1958 4169 1995 4255 ιι.
2028 4173 2190 4255 Vicus
2220 4169 2397 4255 estad
2419 4177 2673 4255 Scarpam
2700 4174 2929 4255 ﬂuvium.
2949 4175 3090 4255 inter
3114 4175 3463 4255 (Zamaracuni

1884 4252 1939 4315 et
1967 4243 2438 4315 Atrebatasisitus.
2482 4247 2751 4315 Cognatus
2781 4246 2835 4299 in
2867 4245 3102 4315 Historia
3131 4244 3466 4299 Tornacensi

1884 4312 2027 4395 hunc
2060 4314 2518 4395 prope‘Duacum,
2552 4312 2655 4395 qua
2686 4316 2789 4370 iter
2812 4324 2894 4395 est
2921 4314 3269 4395 Atrebatum,
3302 4315 3462 4395 locat.

1883 4384 1959 4439 De
1988 4384 2088 4439 hac
2134 4384 2424 4506 Cliilperici
2473 4384 2634 4442 sortis
2672 4386 2970 4442 mutatione
3018 4386 3343 4443 Fortunatus
3370 4385 3465 4442 lib.

1883 4470 1965 4506 IX.
1998 4470 2164 4506 carm.
2233 4494 2246 4506 .

1883 4470 1965 4522 Ix,
1998 4470 2164 4510 carm.
2196 4470 2246 4509 1.

189 4531 299 4593 que
328 4517 500 4593 dictus
518 4558 549 4593 ,_
584 4515 767 4593 quem
786 4518 1054 4593 Har-iullus
1079 4520 1133 4574 in
1166 4515 1433 4593 Chronico
1460 4515 1771 4593 Centulensi
1801 4517 1855 4578 D
1951 4515 1975 4564 ’ί
2019 4525 2183 4580 Corb.
2216 4533 2271 4581 et
2296 4526 2449 4584 Colb.
2482 4541 2602 4583 cum
2632 4527 2786 4593 Bad.,
2810 4526 2900 4582 28.

189 4586 375 4641 villam
407 4586 674 4657 publicam
715 4590 769 4645 in
798 4590 1104 4646 suburbano
1134 4592 1500 4647 Atrebateusis
1532 4594 1677 4648 urbis
1704 4594 1776 4648 si-

190 4664 305 4713 tam
325 4659 575 4728 appellat.

234 4795 247 4801 _
272 4740 297 4765 ο
339 4728 532 4793 Corb.,
563 4746 942 4786 scrumasaxos.
995 4730 1217 4801 Regm.,
1249 4747 1564 4787 scramaxos.
1597 4732 1777 4801 Colb.,

194 4795 580 4873 chromasagos.
621 4801 739 4856 Vox
778 4810 860 4873 est
890 4795 1112 4873 barbara
1145 4795 1263 4872 qua:
1296 4804 1560 4873 significat
1586 4795 1775 4859 cultell

193 4867 278 4940 los
299 4869 590 4926 vulnelicos
613 4912 629 4939 ,
658 4886 751 4927 seu
789 4871 1053 4940 gladiolus
1083 4867 1293 4940 breves,
1328 4867 1370 4927 εἴ
1386 4873 1650 4930 Saxonico
1676 4891 1773 4930 sua:

194 4938 284 4993 vel
301 4940 472 5061 sagis.
512 4940 611 4996 Adi
644 4938 888 4998 Vossium
919 4942 986 4997 de
1016 4942 1122 4997 Vit.
1156 4938 1333 4999 Latin.
1361 4959 1597 5000 sermon.
1640 4946 1676 5000 1.
1709 4960 1769 5012 ll,

194 5022 321 5061 can.
424 5046 441 5061 .

194 5011 496 5155 caIfhglltilln
525 5080 658 5155 Mor.
689 5096 762 5147 s.,
803 5091 937 5155 etc.,
972 5100 1260 5155 suggerere.
1314 5084 1564 5155 Sigiberti
1589 5098 1773 5140 necem

192 5161 293 5233 an:
343 5147 450 5231 576
484 5147 769 5233 consignat
812 5147 1235 5233 Mariugi’quaqi
1267 5147 1442 5233 tamén
1469 5169 1611 5211 anno
1640 5169 1776 5225 prae;

191 5220 409 5276 cedenti
438 5220 730 5293 contigisse
756 5225 941 5279 volunt
962 5220 1061 5279 viri
1086 5220 1300 5280 eruditi.

1957 4600 1975 4678 ε
2021 4596 2201 4678 ρριιιλ,
2230 4594 2694 4678 uerae-.34?-
3241 4666 3274 4678 .-
3422 4664 3433 4677 .

1955 4664 1981 4703 ¹ί
2021 4666 2111 4721 Sic
2135 4665 2268 4721 Cod.
2297 4668 2427 4723 Bell.
2461 4679 2512 4724 et
2535 4667 2719 4735 Corb.,
2744 4683 2901 4735 quem
2931 4680 3210 4723 numerum
3241 4666 3312 4721 ita
3329 4664 3465 4735 scri-

1883 4735 2017 4792 bunt
2041 4752 2267 4793 accuc.
2301 4737 2656 4807 chm,,Bec.
2686 4747 2741 4793 et
2762 4734 2902 4794 ’Bad.
2933 4739 3131 4794 habent
3161 4735 3288 4791 540.
3310 4734 3464 4791 Colb.

1883 4814 1939 4863 et
1962 4807 2186 4875 Chesn.,
2216 4807 2340 4863 561.
2372 4809 2477 4864 Alii
2504 4810 2656 4872 editi,
2681 4808 2808 4863 560.

1963 4876 1979 4914 ι
2022 4876 2199 4945 Colb.,
2228 4878 2425 4933 Chesn.
2460 4888 2514 4935 et
2545 4880 2673 4935 Bad.
2692 4920 2707 4945 ,
2733 4878 2856 4933 648.
2887 4879 3074 4936 Nullus
3102 4883 3185 4934 est
3214 4890 3467 4932 numerus

1886 4946 1942 5002 in
1970 4949 2089 5002 cod.
2124 4949 2311 5016 Regm.

1958 5028 1997 5097 fl
2024 5019 2172 5097 god.
2200 5021 2378 5086 Colb.,
2403 5021 2490 5097 δέ.
2539 5090 2551 5097 _
2709 5092 2719 5097 _
3285 5084 3319 5097 ,Δ
3384 5083 3397 5094 _

1956 5095 1990 5166 ft
2024 5089 2110 5143 Sic
2138 5103 2269 5166 mss.
2301 5104 2421 5166 cum
2448 5090 2600 5166 Bad.,
2635 5092 2723 5166 qui
2764 5098 3044 5157 computus
3078 5089 3326 5166 congruit
3352 5089 3466 5166 sin-

1886 5158 2023 5227 gulis
2052 5158 2374 5223 articulis,ut
2402 5158 2665 5215 habentur
2695 5163 2747 5215 in
2772 5170 2956 5217 nostro
2971 5169 3141 5216 textu.
3173 5158 3366 5211 Cteteri
3389 5161 3468 5208 ta-

1887 5243 2011 5283 men
2038 5228 2164 5283 editi
2198 5229 2393 5284 habent
2413 5230 2758 5301 quadraginta
2780 5242 3017 5300 quatuor.

199 5360 3464 5396 Μ

558 5489 903 5562 197-198
951 5478 1557 5564 INCIPIUNT
1610 5477 2569 5565 CAPITULA’LIBRI
2650 5477 3118 5586 QUINTI.

193 5615 261 5688 ζ.
286 5616 363 5670 De
393 5616 701 5688 Chiltteberti
716 5618 943 5688 junioris
970 5633 1145 5685 regno,
1172 5627 1215 5671 et
1245 5618 1305 5671 de
1336 5624 1495 5670 matre
1520 5617 1649 5685 ejus.

194 5685 286 5742 ΙΙ.
325 5688 473 5752 Quod
497 5685 827 5743 Maronea/tus
854 5685 1231 5741 Bruttia/limem
1262 5688 1450 5753 accepit
1479 5701 1708 5739 uxorem.

197 5756 324 5827 111.
340 5757 542 5811 Bellum
558 5769 735 5811 contra
753 5756 1114 5822 Chilpericum,
1129 5766 1175 5810 ct
1189 5758 1249 5811 de
1264 5758 1458 5813 malitia
1474 5757 1779 5827 lianc/tingi.

198 5826 228 5886 1
247 5828 310 5882 γ.
346 5829 495 5896 Quod
523 5828 833 5885 Raccelenus
860 5826 1078 5883 Turonis
1105 5830 1250 5883 venit.

1899 5614 1977 5685 Υ.
1996 5614 2068 5685 De
2097 5617 2344 5685 episcopis
2374 5612 2686 5685 Lingonicis,
2719 5621 2764 5663 et
2789 5610 3102 5685 zyamuetico.

1899 5683 2000 5740 VI.
2029 5684 2105 5739 De
2129 5681 2381 5740 Leonnate
2403 5682 2763 5735 archidiacouo
2793 5681 3039 5753 Biturigo.

1899 5754 2033 5806 VII.
2072 5756 2145 5808 De
2176 5757 2376 5810 Senoclt
2400 5755 2649 5805 reclauso.

1898 5824 1975 5879 γι
1986 5825 2011 5878 1
2022 5823 2046 5877 Ι
2055 5862 2069 5879 .
2100 5825 2175 5880 De
2206 5836 2381 5880 sancto
2407 5822 2660 5877 Germano
2690 5823 3007 5881 Parisiorum
3036 5824 3287 5894 episcopo.
