4028 6342
1536 339 1597 399 S.
1636 335 1966 399 GREGORII
2008 336 2318 398 EPISGOPI
2360 338 2794 397 TURONENSIS

2192 450 2403 523 XXIX.
2421 450 2513 523 _De
2541 449 2964 523 descriptionibus
2989 467 3020 506 a
3045 449 3331 522 Chilperico
3355 450 3629 523 impositis.

2189 521 2371 578 XXX.
2403 521 2481 575 De
2503 525 2780 576 vastatione
2809 521 3174 580 Britannorum

2189 591 2415 662 XXXI.
2435 592 2508 647 De
2534 594 2745 662 imperio
2776 591 2980 647 Tiberii.

2190 661 2438 717 XXXII.
2476 663 2550 717 De
2577 661 2776 718 insidiis
2804 663 3182 717 Britannorum.

514 347 625 409 315

513 434 1319 523 immo-summo.

514 538 602 611 XL
614 536 691 611 De
719 536 962 611 Patroclo
989 536 1239 611 reclauso.
1380 600 1393 611 _
1440 601 1472 611 ,Δ
1659 595 1673 611 ,

515 606 621 663 XI.
652 606 729 664 De
753 610 947 663 Judceis
975 606 1223 661 conversis
1246 600 1562 671 perAuitum
1591 600 1901 667 episcopum.

519 677 658 734 XII.
688 680 765 735 De
788 679 1070 733 Brachione
1090 676 1285 730 abbate.

3673 336 3789 397 516

518 731 1199 816 Ϊῖηίρκ-οᾶηηαᾶηήιοιυε
1229 744 1519 799 Lentovicas
1540 739 1797 819 vastavit.“
2062 806 2091 819 Δ.
2195 731 2295 790 XX
2300 733 2449 819 XIII
2460 773 2473 787 .
2524 733 2601 789 De
2648 734 2871 789 Basilica
2910 736 3073 790 sancti
3119 732 3355 805 Dionysii
3398 734 3651 806 injuriata
3696 749 3794 805 per

520 819 679 875 XIV.
716 808 865 887 Quod
892 818 1221 875 Merouechus
1242 824 1532 873 tonsoratus
1559 812 1622 867 ab
1651 808 1913 865 basilicam
1930 808 2093 862 sancti
2203 877 2245 887 ﬁ
2258 808 2543 887 infitiareris.
2708 877 2737 887 η
2784 876 2811 887 η

588 875 797 964 yart-ini
821 892 1094 964 confugit._
1396 956 1427 964 _
2192 875 2859 964 hac.”

514 960 637 1019 XV.
670 959 871 1015 Bellum
897 956 1027 1016 intEr
1056 961 1287 1015 Saxones
1314 966 1360 1013 et
1388 956 1599 1012 Suevos.

515 1031 565 1103 Χ
580 1032 689 1103 VI._
708 1031 783 1085 De
802 1035 1006 1087 interitu
1045 1030 1308 1086 Maeliani.
1747 1089 1797 1103 η
1971 1092 1983 1103 ,
2064 1091 2095 1103 ,,

517 1101 917 1176 XVII._Quod
956 1103 1370 1176 Guntchrarnnus
1407 1112 1518 1176 rex.
1557 1095 1697 1176 ﬁlios
1736 1089 2097 1176 βαθείαοήψί

587 1161 857 1242 interfecit,
884 1189 1099 1245 suosque
1100 1171 1459 1297 (perdiditpet
1486 1161 1827 1223 deidubietate
1856 1161 2093 1217 Paschre.

516 1241 743 1297 XVIII.
780 1244 852 1297 De
872 1246 1084 1297 ecclesia
1142 1246 1431 1297 ainonenst:
1460 1249 1504 1294 et
1532 1240 1664 1297 quod
1681 1233 2097 1290 Guntchramnus

588 1243 743 1300 VIII.
780 1244 852 1297 De
872 1243 1084 1298 ecclesia
1100 1243 1399 1297 Cainonensi
1412 1258 1431 1306 ;
1460 1249 1504 1294 et
1532 1243 1664 1308 quod
1681 1243 2005 1290 Guntchram:

588 1331 679 1388 rex
700 1315 1157 1388 eum_Childeberto
1184 1318 1482 1388 conjunctus
1501 1318 1605 1388 est.
1628 1382 1639 1388 _
1729 1376 1776 1388 η
1959 1374 1971 1388 ⁸
1993 1375 2005 1388 ⁸

516 1384 676 1440 XIX.
702 1386 776 1438 De
799 1385 1108 1441 Ρτωιεειαιο
1129 1374 1395 1451 episcopo;
1424 1391 1468 1436 et
1494 1382 1698 1435 interitu
1719 1374 2024 1433 Herooeehi.

518 1455 622 1527 XX
633 1497 651 1527 ἶ
670 1455 746 1510 De
775 1458 1101 1527 eleemosynis
1123 1455 1333 1527 Tiberii.

517 1525 677 1597 XXI.-
701 1528 779 1597 De
803 1524 1019 1582 Salonio
1046 1535 1091 1582 et
1117 1526 1401 1597 Sagittario
1421 1524 1688 1595 episc0pis.

519 1596 712 1650 XXII.
748 1596 824 1649 De
855 1598 1106 1652 Winnoco
1134 1596 1385 1651 Brittone.

2192 945 2353 1017 XXX
2369 946 2527 1017 V._De
2542 945 2836 1017 dysenteria:
2860 947 3031 1002 morbo
3048 956 3093 1003 et
3114 946 3235 1017 filiis
3257 945 3532 1017 Chilperici
3547 949 3793 1001 mortuis-

2196 1015 2353 1091 XX
2366 1014 2471 1091 ._
2490 1014 2942 1091 De'Austrechilde
2970 1014 3166 1091 regina.

2195 1088 2352 1144 XXX
2369 1087 2471 1140 VII
2485 1127 2510 1158 ,ί
2529 1088 2600 1140 De
2626 1088 2870 1142 Heraclio
2896 1087 3151 1158 episcopo,
3180 1098 3229 1143 et
3254 1088 3483 1143 Nantino
3508 1092 3710 1143 comite.

2197 1158 2353 1229 XXX
2374 1157 2534 1229 VIII.
2569 1159 2643 1212 De
2672 1158 2897 1215 Martino
2926 1157 3223 1214 Galliciensi
3243 1161 3495 1229 episcOpo.

2196 1229 2247 1301 Χ
2253 1228 2354 1283 XX
2352 1228 2463 1301 _IX.
2494 1228 2593 1301 De
2618 1232 2959 1301 persecutione
2981 1228 3387 1287 Christianorum
3414 1228 3467 1285 in
3492 1230 3794 1301 Hispaniis.

2197 1300 2314 1356 XL.
2341 1298 2418 1355 De
2450 1300 2653 1354 interitu
2679 1300 3035 1356 Chlodovechi.

2198 1373 2248 1427 X
2260 1368 2364 1443 LI.
2381 1370 2457 1443 De
2478 1370 2645 1438 Elaﬁo
2676 1381 2721 1423 et
2743 1365 2915 1443 Ennio
2936 1373 3205 1443 episcopis.

2200 1440 2393 1513 XLII.
2418 1441 2496 1513 De
2525 1443 2703 1513 legatis
2727 1440 3134 1507 Galliciensibus,
3159 1460 3219 1497 ac
3243 1443 3511 1513 prodigiis.

2199 1512 2420 1585 XLIII.
2447 1512 2525 1585 pe
2547 1512 2861 1585 Maurilione
2888 1516 3237 1569 Cadurcorum
3267 1512 3521 1585 episcopo.

2200 1583 2330 1640 XLI
2348 1584 2408 1638 l'.
2437 1582 2514 1639 De
2538 1584 2861 1638 altercatione
2886 1602 3001 1638 cum
3028 1586 3279 1640 heretico.

519 1665 746 1735 XXIII.
774 1667 850 1722 De
877 1668 1014 1722 obitu
1046 1668 1311 1725 Samsonis
1340 1666 1436 1735 ﬁlii
1462 1664 1759 1735 Chilperici.

521 1734 733 1811 XXIV.
752 1737 842 1811 ρο
868 1741 1113 1811 prodigiis
1133 1734 1369 1811 ostensis1
1829 1804 1838 1811 _
1900 1801 1909 1811 Δ

523 1805 701 1862 XXV.
736 1800 884 1883 Quod
905 1800 1312 1883 Guntchramnus
1334 1808 1467 1883 Iioso
1496 1807 1627 1883 ﬁlias
1656 1821 1777 1883 sitas
1805 1804 1867 1883 de
1894 1800 2101 1883 basilica

593 1880 755 1933 sancti
776 1879 993 1934 Martini
1020 1882 1249 1946 abstulit,
1266 1889 1309 1933 et
1330 1874 1642 1945 Chilperi‘cus
1657 1874 1879 1946 Pictavis
1900 1874 2097 1946 invasit.

525 1947 625 2003 XX
640 1947 737 2003 VI.
772 1949 847 2003 De
876 1952 1081 2004 interitu
1102 1941 1324 2004 Daconis
1345 1959 1393 2003 et
1426 1941 1699 2002 Dracoleni
1727 1943 1881 2016 (Cod.
1914 1941 2100 2007 Corb.,

599 2019 844 2093 paeoleni
862 2031 908 2076 et
935 2021 1201 2093 Dratgleni
1230 2022 1420 2093 ducis).

529 2088 629 2145 XX
643 2089 773 2146 VII.
809 2092 957 2159 Quod
982 2088 1229 2146 exercitus
1256 2094 1307 2146 in
1328 2090 1621 2145 Britannias
1642 2088 1782 2159 abiit.

532 2159 807 2216 XXVIII.
835 2158 913 2217 De
932 2164 1171 2235 ejectione
1201 2162 1401 2217 Sblonii
1424 2174 1469 2215 et
1500 2158 1788 2232 Sagittarii.

2202 1654 2484 1726 XLV._De
2504 1656 2580 1708 his
2608 1671 2719 1719 qum
2746 1654 3063 1726 Chilpericus
3087 1659 3310 1724 scripsit.

2207 1726 2304 1781 XL
2319 1724 2393 1797 VI
2401 1765 2426 1797 ._
2447 1723 2525 1797 De
2562 1726 2704 1779 obitu
2725 1723 3007 1796 Agroeculte
3034 1723 3273 1797 episcopi.

2207 1795 2461 1869 XLVII._
2479 1796 2556 1869 De
2583 1797 2719 1849 obitu
2748 1795 2991 1869 Dalmatii
3018 1795 3261 1869 episcopi.

2209 1866 2481 1923 XLVIII.
2516 1866 2589 1921 De
2610 1869 2847 1923 comitatu
2876 1866 3138 1927 Eunomii.

2210 1937 2416 1992 XLIX.
2448 1937 2523 1991 De
2551 1939 2747 1990 malitia
2769 1938 3055 1992 Lcudastis.

2212 2010 2272 2064 L.
2303 2008 2378 2062 De
2410 2008 2611 2063 insidiis
2637 2024 2763 2077 quas
2789 2011 2931 2063 nobis
2959 2010 3095 2080 fecit,
3123 2018 3168 2063 et
3194 2009 3411 2079 qualiter
3429 2024 3536 2080 ipse
3554 2010 3804 2064 humilia-

2282 2090 2362 2134 tus
2391 2088 2485 2134 est.

2213 2148 2286 2204 LI
2298 2192 2310 2204 .
2344 2150 2471 2216 Qum
2490 2150 2663 2206 beatus
2689 2149 2895 2207 Salvius
2917 2150 2981 2206 de
3005 2150 3293 2222 Chilperico
3316 2152 3575 2223 praedixit.

535 2290 3803 2322 Μ

1498 2414 1979 2527 LIBER
2068 2406 2823 2536 QUINTUS.

1941 2602 2404 2717 protegas.

616 2798 773 2872 199
822 2794 1011 2851 Taedet
1056 2805 1144 2849 me
1194 2790 1456 2848 bellorum
1509 2786 1746 2845 civilium
1787 2771 2559 2872 diversitatesAScrutamini
2589 2778 2873 2872 diligenter
2902 2787 3143 2837 veterum
3183 2780 3420 2851 scripta,
3464 2788 3521 2837 et
3548 2780 3820 2872 videbitis

552 2905 669 2962 qua:
693 2890 1014 2943 Francorum
1037 2892 1247 2957 gentem
1280 2892 1335 2940 et
1362 2896 1585 2954 regnum
1615 2877 1770 2933 valde
1798 2876 2077 2946 proterunt
2105 2909 2122 2937 ,

551 2991 845 3035 memorare
872 2995 883 3029 :
936 2978 1005 3032 in'
1032 2990 1135 3047 quo
1157 3019 1170 3041 ,
1220 2974 1361 3046 quod
1394 2973 1545 3043 pejus
1574 2979 1656 3027 est
1679 3009 1693 3035 ,
1732 2978 1941 3036 tempus
1973 2962 2125 3029 illud,

551 3070 689 3144 quod
715 3070 969 3125 Dominus
993 3068 1059 3123 de
1088 3067 1329 3123 dolorum
1369 3062 1612 3135 praedixit
1642 3058 1827 3125 initio,
1855 3056 1964 3127 jam
1995 3051 2132 3107 vide-

550 3178 689 3222 mus.
720 3158 1002 3228 Consurgit
1028 3168 1171 3229 pater
1194 3158 1249 3211 in
1279 3156 1463 3226 ﬁlium,
1489 3154 1628 3222 ﬁlius
1667 3153 1721 3205 in
1752 3158 1946 3220 patrem
1976 3186 1990 3210 ,
2020 3144 2131 3214 fra-

552 3263 625 3308 ter
665 3254 717 3307 in
759 3256 1006 3323 fratrem,
1048 3248 1309 3316 proximus
1353 3246 1408 3299 in
1447 3244 1788 3314 propinquum
1828 3235 2041 3308 (Matth.
2072 3249 2129 3299 κ,

556 3345 670 3414 εΗ).
726 3343 1003 3398 Debebunt
1030 3340 1171 3394 enim
1201 3353 1292 3393 eos
1318 3336 1561 3405 exempla
1590 3332 1915 3387 anteriorum
1944 3341 2131 3398 regum

555 3446 784 3501 terrere,
812 3435 902 3505 qui
923 3442 981 3488 ut
1009 3431 1195 3495 divisi,
1246 3427 1510 3484 statimab
1548 3425 1779 3481 inimicis
1806 3430 1931 3477 sunt
1962 3422 2134 3475 inter-

556 3526 743 3598 empti.
774 3524 992 3592 Quoties
1045 3531 1098 3577 et
1120 3520 1231 3591 ipsa
1255 3519 1390 3575 Urbs
1420 3518 1650 3581 urbium,
1684 3523 1739 3571 et
1768 3515 1929 3569 totius
1950 3510 2134 3566 mundi

556 3629 735 3691 caput,
763 3618 935 3673 iniens
977 3614 1116 3673 bella
1162 3612 1337 3668 civilia
1358 3652 1373 3679 ,
1407 3612 1513 3667 ruit
1546 3614 1559 3666 l
1593 3624 1701 3680 quo
1722 3615 1987 3673 cessante,
2018 3618 2135 3659 rurc

558 3726 677 3769 sum
700 3709 851 3781 quasi
870 3722 935 3765 ex
965 3707 1127 3763 humo
1150 3704 1403 3763 surrexit.
1430 3703 1639 3759 Utinam
1668 3710 1721 3757 et
1747 3716 1841 3755 vos
1860 3740 1877 3767 ,
1908 3714 1939 3754 ο
1961 3712 2136 3768 reges,

562 3801 621 3858 in
649 3801 732 3857 his
752 3798 949 3872 proeliis
971 3840 986 3865 ,
1040 3799 1092 3854 in
1144 3797 1338 3868 quibus
1367 3802 1619 3866 parentes
1650 3792 1814 3848 vestri
1836 3790 2139 3847 desudave-

566 3902 709 3961 runt,
732 3889 1138 3956 exerceremiui,
1174 3899 1225 3946 ut
1253 3896 1441 3962 gentes
1464 3896 1639 3943 vestra
1662 3900 1790 3957 pace
1814 3884 2137 3947 conterritce,

563 3970 757 4045 vestris
801 3988 1005 4044 viribus
1053 3994 1447 4057 premerentur.
1498 3980 1871 4039 Recordamini
1902 3976 2024 4049 quid
2050 3991 2141 4030 ca-

2232 2869 2357 2940 qnid
2387 2870 2564 2926 civilia
2586 2870 2725 2928 bella
2758 2872 3075 2942 parturiant.
3117 2873 3391 2945 Requirite
3430 2871 3558 2943 quid
3588 2873 3657 2929 de
3686 2874 3820 2930 Car-

2233 2962 2632 3032 thaginensibus
2662 2966 2863 3022 scribat
2908 2966 3170 3023 ()rosius'3
3201 2985 3213 3019 :
3248 2966 3339 3039 qui
3382 2982 3505 3022 cum
3550 2975 3673 3039 post
3700 2982 3822 3038 sep-

2233 3056 2503 3122 tingentos
2529 3072 2700 3113 annos
2728 3058 3038 3115 subversam
3079 3060 3218 3116 dicat
3258 3060 3531 3115 civitatem
3562 3068 3616 3115 et
3646 3061 3825 3131 regio-

2235 3161 2355 3201 nem
2386 3149 2843 3216 eornm,addidit:
2873 3169 2892 3203 ί
2917 3150 3050 3218 Qua:
3079 3166 3167 3208 res
3195 3164 3316 3208 eam
3344 3150 3527 3207 tandiu
3552 3150 3823 3207 servavit!

2235 3241 2544 3299 concordia.
2586 3241 2716 3308 Quae
2763 3258 2853 3298 res
2902 3258 3021 3297 eam
3062 3252 3184 3313 post
3223 3251 3369 3299 tanta
3398 3242 3667 3298 destruxit
3694 3250 3826 3297 tem-

2237 3334 2408 3404 pora?
2440 3333 2728 3391 discordia.
2759 3352 2778 3387 »
2829 3334 3027 3391 Cavete
3056 3335 3378 3391 discordiam
3404 3377 3418 3403 ,
3460 3343 3645 3391 cavete
3687 3334 3828 3389 bella

2238 3425 2413 3480 civilia
2440 3469 2456 3493 ,
2487 3442 2606 3497 quae
2654 3442 2749 3482 vos
2797 3429 3160 3499 p0pulumque
3190 3430 3347 3501 201
3394 3436 3632 3484 vestrum
3661 3442 3832 3497 expu-

2238 3526 2421 3588 gnant.
2465 3518 2602 3584 Quid
2633 3519 2776 3574 aliud
2806 3520 3131 3591 sperandum
3152 3522 3254 3576 erit
3280 3564 3296 3589 ,
3353 3522 3456 3576 nisi
3477 3536 3598 3575 cum
3629 3521 3833 3591 exerci-

2242 3618 2327 3665 tus
2352 3620 2525 3665 vester
2568 3611 2864 3679 ceciderit,
2912 3628 3006 3670 vos
3055 3615 3171 3670 sine
3224 3613 3417 3670 solatio
3438 3614 3639 3682 relicti,
3671 3622 3834 3685 atque

2243 3718 2269 3756 a
2294 3703 2541 3773 gentibus
2583 3704 2825 3760 adversis
2864 3705 3107 3776 Oppressi
3150 3707 3391 3775 protinus
3435 3705 3741 3761 corruatis?
3778 3706 3838 3762 Si

2245 3803 2317 3859 te,
2348 3811 2379 3847 ο
2412 3810 2527 3861 rex,
2559 3796 2758 3850 bellum
2781 3796 2938 3853 civile
2961 3797 3194 3852 delectat
3216 3836 3233 3862 ,
3274 3796 3404 3852 illud
3438 3797 3581 3867 quod
3611 3798 3837 3866 Aposto~

2245 3887 2327 3942 lus
2362 3886 2504 3958 (Gal.
2530 3904 2580 3956 v,
2619 3889 2706 3960 17)
2741 3891 2794 3945 in
2825 3890 3091 3947 hominem
3140 3891 3224 3961 agi
3279 3889 3559 3954 meminit,
3616 3903 3836 3954 exerce,

2246 3989 2305 4034 ut
2357 3980 2575 4049 spiritus
2624 3982 2969 4053 concupiscat
3017 3983 3274 4037 adversus
3318 3996 3577 4050 carnem,
3625 3990 3681 4035 et
3708 3980 3840 4035 vitia

565 4090 659 4153 put
687 4082 1026 4138 victoriarum
1050 4088 1347 4135 vestrarum
1376 4074 1779 4133 Chlodovecbus
1799 4071 1986 4129 fecerit
2007 4112 2022 4137 ,
2053 4066 2141 4139 qui
2247 4074 2532 4130 virtutibus
2561 4076 2783 4139 cedant,
2836 4084 2888 4129 et
2914 4084 2970 4129 tu
2999 4075 3132 4131 liber
3161 4074 3321 4146 capiti
3352 4083 3470 4140 tuo,
3498 4072 3549 4128 id
3581 4081 3666 4128 est
3688 4070 3842 4127 Cbri~

570 4172 826 4229 adversos
856 4181 883 4211 ιι
910 4185 1066 4243 reges
1090 4170 1385 4235 interfecit,
1418 4169 1610 4225 noxias
1641 4177 1823 4238 gentes
1854 4165 2013 4229 elisit,
2049 4178 2140 4231 pa-
2170 4153 2221 4216 B
2249 4175 2352 4231 sto,
2383 4166 2623 4231 servias,
2652 4166 2743 4239 qui
2770 4167 3040 4238 quondam
3075 4167 3244 4224 radici
3274 4167 3539 4223 malorum
3568 4167 3840 4223 servieras

569 4262 701 4316 trias
750 4269 937 4330 gentes
989 4258 1344 4329 subjugavit:
1398 4271 1623 4327 quarum
1690 4269 1912 4323 regnum
1994 4251 2145 4307 vobis

574 4357 737 4427 200
762 4356 1026 4424 integrum
1060 4354 1392 4422 “laesumque
1420 4348 1650 4418 reliquit.
1688 4348 1750 4405 Et
1776 4361 1895 4401 cum
1928 4345 2029 4400 hoc
2065 4342 2145 4397 fu-

571 4454 741 4513 ceret,
773 4456 944 4521 neque
963 4442 1203 4509 aurum”,
1232 4456 1405 4511 neque
1432 4440 1731 4509 argentum,
1756 4435 2047 4491 sicutnunc
2068 4440 2149 4489 est

574 4538 629 4593 in
661 4536 926 4593 thesauris
940 4533 1404 4601 vestris,babebat.
1425 4530 1563 4599 Quid
1595 4527 1786 4598 agitis?
1816 4526 1939 4597 quid
1969 4526 2150 4594 quani-

574 4631 686 4686 tis?
708 4628 836 4699 quid
866 4642 972 4683 non
997 4624 1316 4682 abundatis?
1337 4623 1395 4679 In
1419 4621 1666 4677 domibus
1688 4619 1896 4675 deliciae
1915 4628 1937 4656 ο
1965 4631 2151 4685 super-

573 4728 849 4785 crescunt;
900 4718 952 4774 in
981 4715 1357 4789 promptuariis
1386 4714 1567 4767 vinum
1593 4752 1608 4778 ,
1643 4710 1873 4765 triticum
1900 4750 1917 4778 ,
1948 4708 2152 4764 oleum-

574 4826 678 4882 que
725 4809 1023 4875 redundat;
1067 4809 1118 4863 in
1165 4806 1430 4863 thesauris
1476 4818 1663 4859 aurum
1695 4813 1851 4872 atque
1880 4811 2154 4872 argentum

577 4909 941 4958 coacervatur.
988 4903 1163 4957 Unum
1204 4900 1355 4954 vobis
1402 4900 1595 4963 deest,
1632 4896 1773 4967 quod
1817 4909 2000 4966 pacem
2050 4912 2155 4952 non

577 4996 834 5052 habentes
861 5040 875 5065 ,
907 4994 1002 5050 Dei
1026 4996 1193 5065 gratia
1225 4993 1495 5064 indigetis.
1526 4993 1635 5047 Cur
1662 5006 1799 5047 unus
1826 4990 1968 5046 tollit
2003 4991 2158 5049 alteri

582 5090 770 5146 suum?
840 5104 937 5146 cur
996 5088 1129 5145 alter
1170 5086 1197 5126 ά
1242 5087 1574 5157 concupiscit
1642 5087 1914 5143 alienum?
1962 5087 2155 5145 Cavete

580 5180 728 5248 illud,
753 5195 956 5251 quaeso,
991 5180 1234 5250 Apostoli
1262 5196 1275 5234 :
1322 5180 1383 5236 Si
1411 5178 1623 5234 invicem
1652 5179 1897 5233 mordetis
1925 5186 1969 5232 et
1996 5194 2159 5232 come-

580 5272 721 5341 ditis,
746 5267 906 5327 videte
944 5287 1006 5326 ne
1050 5271 1114 5325 ab
1160 5270 1369 5325 invicem
1398 5271 1771 5325 consumamini
1798 5268 1937 5339 (Gal.
1960 5284 2011 5336 ν,
2048 5269 2153 5339 15).

655 5394 681 5420 ’ί
720 5385 844 5451 Alii,
875 5378 1117 5440 diversos.

654 5452 683 5491 ιι
727 5455 856 5509 llinc
888 5464 1031 5522 patet
1068 5455 1427 5512 Chlodoveum
1474 5455 1717 5524 filiosque
1744 5455 1858 5523 ejus
1890 5468 1993 5507 non
2022 5456 2153 5509 mul-

586 5533 694 5593 tum
722 5526 927 5591 argenti
957 5540 1323 5590 coacervasse.
1355 5526 1509 5581 Unde
1538 5540 1695 5593 supra
1727 5527 1817 5580 lib.
1851 5541 1935 5587 m,
1956 5540 2074 5592 cap.
2103 5528 2153 5591 7,

585 5592 948 5675 Theudoricus
990 5596 1125 5651 adeo
1156 5612 1295 5667 aegre
1329 5596 1532 5651 ferebat
1561 5592 1690 5652 disci
1720 5598 1953 5668 argentei
1985 5598 2159 5668 priva-

588 5676 803 5718 tionem.

662 5746 682 5774 ε
728 5734 893 5793 Corb.
925 5744 977 5793 et
1005 5734 1157 5795 Bell..
1194 5733 1259 5789 In
1290 5737 1523 5792 domibus
1554 5738 1766 5792 militia’.

2252 4258 2605 4326 compeditos.

2322 4346 2361 4401 l.
2392 4346 2553 4415 igitur
2580 4347 2904 4419 interempto
2929 4348 3199 4420 Sigiberto
3225 4363 3352 4419 rege
3392 4349 3537 4419 apud
3565 4348 3840 4406 Victoria-

2250 4452 2370 4494 cum
2404 4440 2619 4507 villam,
2654 4439 3010 4496 Brunicliildis
3039 4441 3222 4511 regina
3254 4454 3374 4496 cum
3434 4440 3561 4496 filiis
3605 4440 3843 4497 Parisios

2251 4531 2544 4587 residebat.
2568 4532 2721 4601 Quod
2744 4531 2941 4588 factum
2968 4547 3090 4588 cum
3117 4530 3183 4586 ad
3206 4545 3322 4587 eam
3343 4530 3605 4601 perlatum
3627 4531 3844 4597 fuisset,

2254 4636 2309 4681 et
2336 4628 2649 4682 conturbata
2673 4626 2858 4682 dolore
2886 4641 2947 4681 ac
2976 4626 3142 4691 luctu,
3173 4625 3299 4695 quid
3331 4634 3515 4696 ageret
3545 4624 3843 4696 ignoraret,

2256 4716 2637 4773 Gundobaldus
2660 4715 2679 4754 ί
2709 4717 2817 4771 dux
2842 4718 3231 4788 apprehensum
3252 4704 3654 4774 Cbildebertum
3675 4718 3842 4772 ﬁlium

2258 4810 2372 4879 ejus
2404 4809 2677 4878 parvulum
2709 4809 2886 4865 furtim
2916 4810 3152 4875 abstulit,
3182 4820 3536 4881 ereptumque
3563 4809 3632 4865 ab
3662 4810 3845 4865 itumi-

2260 4903 2405 4957 nenti
2435 4912 2624 4968 morte,
2658 4902 3007 4972 collectisQue
3037 4902 3285 4972 gentibus
3314 4916 3479 4972 super
3508 4917 3644 4972 quas
3694 4910 3847 4972 pater

2260 5000 2374 5067 ejus
2395 5012 2615 5067 regnum
2641 5004 2904 5063 tenuerat,
2930 5011 3109 5065 regem
3136 4996 3384 5065 instituit,
3410 4998 3501 5052 vix
3526 4996 3695 5051 lustro
3716 5005 3847 5051 arta-

2262 5090 2325 5144 tis
2348 5104 2452 5144 uno
2470 5088 2579 5159 jam
2606 5098 2822 5158 peracto
2849 5105 2860 5141 :
2888 5087 2978 5158 qui
3004 5087 3091 5142 die
3119 5087 3371 5142 dominici
3397 5087 3599 5144 Natalis
3625 5102 3850 5157 regnare

2262 5183 2443 5251 coepit.
2480 5184 2633 5236 Anno
2664 5180 2825 5250 igitur
2849 5179 3022 5249 primo
3051 5181 3200 5250 regni
3221 5180 3359 5249 ejus,
3387 5179 3726 5249 Cbilpericus
3754 5193 3851 5233 rex

2264 5272 2499 5330 Parisios
2527 5275 2695 5341 venit,
2728 5273 3227 5344 apprehensamque
3275 5272 3677 5329 Brunicbildem
3707 5270 3852 5342 apud

2339 5387 2365 5426 d
2407 5387 2530 5453 Alii,
2562 5388 2708 5441 alteri
2738 5404 2914 5453 suum,
2966 5402 3079 5439 cum
3103 5386 3231 5441 alter
3263 5386 3573 5453 concupiscit
3600 5385 3850 5439 alienum.

2339 5469 2362 5495 ε
2406 5459 2564 5514 Liber
2592 5469 2832 5527 quartus,
2860 5458 3195 5529 potissimum
3225 5473 3252 5511 a
3276 5473 3392 5529 cap.
3424 5454 3481 5525 Β,
3508 5470 3645 5528 pene
3671 5454 3855 5523 otnnis

2270 5537 2349 5585 est
2372 5530 2437 5582 de
2461 5527 2986 5596 Cartltnginensibus.

2345 5599 2363 5637 τ
2396 5601 2483 5675 sic
2510 5595 2778 5675 editicuni
2822 5597 3034 5675 Regm.;
3068 5613 3196 5655 mss.
3231 5599 3493 5675 plerique,
3544 5595 3857 5655 διακάουσι-

2272 5673 2381 5727 dus.
2418 5670 2599 5735 Corb.,
2629 5668 2992 5724 Gundovaldus
3024 5685 3126 5725 rex.
