4028 6342
325 372 422 428 317

1248 370 1573 428 HISTORIA
1612 362 2064 425 FRANCORUM.
2107 366 2315 423 LIBER
2354 366 2667 437 QUINTUS.
2718 402 2725 403 κ

3464 364 3567 427 318

325 485 799 557 Rothomagensem‘
826 458 1096 542 civitatem
1124 484 1181 541 in
1207 483 1453 541 exsilium
1484 482 1657 548 trusit,
1682 480 1895 535 thesau-
1921 477 1973 540 Α
1997 488 2196 548 autem,
2223 480 2311 551 qui
2342 497 2373 537 a
2401 491 2544 539 sorte
2571 480 2820 553 Sigiberti
2848 496 2904 539 se
2921 481 2986 537 ad
3009 480 3359 551 Chilpericum
3391 489 3568 538 trans-

322 593 518 649 resque
546 577 661 649 ejus
690 591 823 648 quos
867 575 1101 633 Parisios
1128 576 1416 641 detulerat,
1462 572 1680 629 abstulit
1711 589 1725 626 :
1758 570 1893 626 tilias

320 688 449 732 vero
476 676 593 744 ejus
621 671 809 729 Meldis
832 681 858 711 ει
887 672 1019 728 urbe
1050 670 1221 727 teneri
1253 653 1528 742 prmcepit.
1559 667 1711 722 Tunc
1758 665 1896 720 Roc-

320 765 542 823 colenus
570 764 598 805 δ
628 779 749 821 cum
778 762 1187 820 Cenomannicis
1213 762 1441 819 Turonis
1471 761 1635 830 venit,
1664 767 1719 815 et
1760 772 1898 829 prae-

319 854 418 911 das
443 854 579 926 egit,
609 864 665 910 et
702 853 866 909 multa
913 852 1117 909 scelera
1163 851 1289 908 fecit
1319 870 1331 905 :
1364 849 1505 922 quod
1556 850 1609 906 in
1656 846 1898 919 sequenti

319 944 550 1017 qualiter
577 958 609 999 a
634 945 829 1001 virtute
855 943 995 1000 beati
1022 942 1230 999 Martini
1264 956 1361 1013 pro
1388 943 1550 997 tantis
1580 940 1735 997 malis
1779 953 1897 1011 quas

319 1036 506 1106 gessit,
536 1048 819 1105 percussus
844 1035 1088 1104 iinteriit,
1115 1034 1529 1091 memorabimus
1563 1042 1611 1086 ο.

392 1126 460 1183 ll.
486 1125 821 1196 Chilpericus
849 1140 975 1183 vero
1001 1127 1169 1182 tilium
1195 1141 1350 1182 suum
1378 1122 1753 1181 Merovechum
1777 1136 1896 1179 cum

322 1222 565 1276 exemita
591 1217 827 1275 Pictavis
855 1218 1053 1290 dirigit.
1084 1220 1154 1274 At
1194 1218 1283 1274 ille
1327 1218 1510 1274 relicta
1558 1216 1899 1273 ordinatione

322 1311 512 1381 patris,
542 1308 775 1366 Turonis
803 1311 965 1378 venit,
1000 1311 1179 1381 ibique
1218 1318 1271 1366 et
1300 1310 1413 1366 dies
1440 1318 1653 1365 sanctos
1681 1308 1900 1364 Pascha:

323 1404 516 1460 tenuit.
548 1403 768 1460 Multum
797 1406 942 1460 enim
971 1405 1243 1475 regionem
1273 1402 1422 1458 illam
1470 1403 1738 1458 exercitus
1782 1401 1901 1473 ejus

1996 574 2221 637 tulerat,
2253 584 2312 628 et
2338 575 2519 631 multis
2557 576 2625 631 ab
2654 590 2719 632 eo
2746 575 3055 630 muneribus
3083 575 3438 644 locupletatus
3460 581 3566 641 est,

1996 675 2153 735 caput
2183 666 2305 720 belli
2335 666 2485 723 istius
2515 669 2611 724 fuit
2636 685 2651 737 ;
2698 668 2793 725 sed
2823 670 2873 723 in
2904 682 3092 739 campo
3121 668 3307 733 victus,
3363 668 3567 736 primus

1997 758 2117 828 fuga
2135 757 2416 814 dilabitur:
2442 760 2595 825 villas
2626 776 2752 817 vero
2773 775 2903 832 quas
2927 760 2975 817 ei
3001 776 3095 817 rex
3116 776 3148 815 a
3168 760 3295 815 fisco
3324 758 3483 831 303
3511 759 3566 814 in

1998 848 2266 905 territorio
2293 848 2634 907 Suessionico
2661 851 2971 919 indulserat,
2996 851 3230 921 abstulit,
3258 858 3313 907 et
3334 850 3566 906 basilica:

1997 941 2219 998 contulit
2283 942 2423 998 beati
2473 941 2727 999 Medardi.
2762 943 2878 1014 ipse
2922 958 3132 1015 quoque
3172 942 3412 999 Godinus
3458 953 3565 995 non

1997 1043 2119 1106 post
2166 1036 2389 1091 multum
2439 1047 2645 1104 tempus
2694 1038 2972 1108 repe'ntina
3024 1044 3195 1093 morte
3241 1039 3566 1104 praeventus,

1998 1132 2218 1188 interiit.
2269 1133 2432 1203 Cujus
2458 1124 2740 1204 coniugem
2786 1131 3127 1201 Rauchingus
3160 1130 3177 1166 ί
3213 1127 3438 1198 accepit,
3491 1126 3570 1181 vir

1998 1222 2146 1279 omni
2175 1224 2407 1280 vanitate
2436 1225 2694 1295 repletus,
2741 1224 2988 1293 superbia
3033 1220 3290 1286 tumidus,
3341 1216 3572 1275 elatione

2001 1324 2315 1386 protervus;
2344 1320 2430 1388 qui
2463 1331 2521 1372 se
2560 1318 2632 1373 ita
2662 1332 2783 1373 cum
2813 1314 3069 1384 subjectis
3113 1312 3326 1384 agebat,
3367 1318 3426 1366 ut
3466 1324 3571 1365 non

2000 1418 2349 1480 cognosceret
2394 1412 2446 1465 in
2499 1425 2557 1465 se
2586 1409 2783 1481 aliquid
2829 1404 3176 1463 humanitatis
3226 1403 3445 1470 habere,
3476 1398 3572 1457 sed

321 1495 571 1550 vastavit.
594 1494 713 1565 ipse
734 1509 863 1551 vero
882 1496 1141 1552 simulans
1160 1495 1465 1551 admatrem
1481 1494 1899 1565 suamirevelle,
2003 1501 2140 1556 ultra
2189 1502 2403 1557 modum
2453 1504 2702 1558 humanam,
2751 1499 2973 1556 malitiae
2994 1505 3152 1567 atque
3197 1488 3479 1565 stultitiaei
3518 1489 3575 1545 in

320 1584 713 1658 Rotbomagum
747 1589 920 1657 petiit,
952 1596 1007 1645 et
1050 1587 1123 1643 ibi
1153 1588 1486 1644 Brunichildi
1528 1586 1728 1657 reginae
1769 1602 1903 1644 con-

2006 1607 2129 1649 suos
2158 1593 2485 1663 desaeviens,
2516 1593 2741 1650 nefanda
2770 1593 2908 1647 mala
2935 1589 3173 1661 gerebat.
3197 1585 3330 1641 Nam
3378 1581 3425 1637 si
3454 1587 3575 1635 ante

316 1680 558 1750 jungitur
579 1722 595 1747 ,
627 1696 849 1752 eamque
878 1680 979 1738 sibi
1027 1682 1081 1737 in
1112 1683 1453 1738 matrimonio
1500 1682 1743 1738 sociavit.
1779 1682 1905 1738 llaec
2005 1698 2148 1748 eum,
2178 1692 2233 1740 ut
2263 1684 2459 1740 assolet
2488 1682 2537 1755 ιι,
2570 1684 2814 1740 convivio
2837 1690 3077 1738 urentem
3104 1692 3233 1749 puer
3253 1686 3465 1730 cereum
3494 1679 3577 1725 te-

318 1772 484 1844 202
513 1770 734 1828 audiens
762 1769 1129 1842 Chilpericus,
1163 1773 1305 1843 quod
1353 1773 1555 1828 scilicet
1606 1782 1788 1828 contra
1820 1772 1901 1829 fas
2008 1776 2231 1840 nuisset,
2257 1775 2446 1830 nudari
2476 1776 2590 1845 ejus
2630 1775 2786 1831 tibias
2815 1772 3064 1838 faciebat,
3094 1777 3254 1839 atque
3300 1762 3481 1820 tandiu
3524 1759 3578 1815 in

320 1861 606 1932 legemque
625 1864 940 1920 canonicam
966 1878 1187 1919 uxorem
1211 1866 1384 1935 patrui
1407 1864 1722 1934 accepisset,
1749 1863 1901 1920 valde
1929 1850 1978 1912 Β
2006 1866 2087 1922 his
2115 1881 2327 1922 cereum
2358 1866 2656 1934 comprimi,
2684 1865 2856 1921 donec
2883 1862 3081 1919 lumine
3114 1858 3448 1929 privaretur;
3478 1851 3579 1906 ile-

315 1966 560 2021 amarus,
591 1952 734 2009 dicto
778 1954 935 2010 citius
967 1954 1033 2010 ad
1062 1969 1222 2025 supra
1250 1964 1602 2011 memoratum
1648 1955 1901 2026 oppidum
2001 1977 2119 2017 rum
2144 1976 2264 2017 cum
2290 1960 2618 2017 illuminatus
2639 1960 2845 2029 fuisset,
2874 1958 3120 2014 similiter
3140 1950 3385 2021 faciebat,
3411 1959 3580 2016 usque

314 2043 522 2114 dirigit.
551 2045 621 2100 At
644 2045 719 2100 illi
743 2060 862 2101 cum
893 2045 1005 2101 haec
1046 2046 1445 2117 cognovissent,
1495 2046 1632 2117 quod
1683 2048 1900 2103 eosdem

322 2150 576 2206 separare
620 2138 957 2207 decerneret,
1010 2139 1077 2194 ad
1125 2139 1399 2195 basilicam
1449 2140 1616 2195 sancti
1664 2139 1898 2210 Martini,

312 2241 441 2297 qua:
463 2242 621 2299 super
642 2243 823 2285 muros
843 2229 1071 2285 civitatis
1093 2230 1282 2302 ligneis
1304 2231 1498 2287 tabulis
1519 2230 1772 2286 fabricata
1792 2239 1897 2301 est,

318 2316 626 2389 confugium
656 2318 875 2374 faciunt.
898 2318 1014 2374 Rex
1038 2334 1167 2376 vero
1190 2321 1504 2387 adveniens,
1532 2337 1653 2377 cum
1682 2323 1734 2377 in
1766 2322 1905 2379 mul-

320 2407 395 2462 tis
422 2407 645 2477 ingeniis
665 2422 759 2464 eos
779 2408 970 2465 exinde
987 2410 1201 2467 auferre
1225 2412 1509 2481 niteretur,
1544 2420 1598 2467 et
1619 2412 1697 2467 illi
1718 2412 1904 2469 dolose

318 2513 447 2557 eum
474 2508 723 2570 putantes
749 2498 949 2567 facere,
985 2518 1093 2557 non
1121 2502 1424 2567 crederent,
1453 2503 1651 2572 juravit
1699 2503 1777 2561 eis
1823 2504 1904 2561 di-

317 2598 450 2649 cens
473 2609 487 2647 :
514 2591 597 2661 Si,
625 2594 817 2663 inquit,
841 2594 1086 2650 voluntas
1116 2595 1213 2651 Dei
1233 2596 1393 2651 fuerit
1415 2593 1463 2665 ἀ,
1497 2598 1611 2666 ipse
1635 2597 1732 2654 hos
1754 2613 1905 2669 sepa-

317 2697 445 2740 rare
475 2699 585 2739 non
614 2695 921 2740 conaretur.
948 2685 1071 2740 Haec
1091 2685 1166 2741 illi
1186 2696 1515 2743 sacramenta
1541 2688 1819 2747 audientes
1854 2703 1902 2760 ο,

316 2772 393 2829 de
424 2772 645 2829 basilica
675 2777 877 2845 egressi
905 2784 1048 2845 sunt,
1090 2777 1522 2849 exosculatisque
1548 2788 1603 2835 et
1628 2779 1906 2850 dignanter

317 2863 584 2932 acceptis,
618 2865 852 2934 epulavit
880 2879 999 2920 cum
1027 2865 1125 2922 eis.
1161 2867 1285 2922 Post
1330 2869 1444 2925 dies
1500 2885 1629 2927 vero
1680 2886 1901 2943 paucos,

314 2954 606 3026 adsumpto
631 2968 811 3011 secum
835 2972 928 3013 rex
957 2957 1296 3030 Merovecbo,
1319 2961 1638 3019 Suessionas
1672 2966 1691 3003 ί
1726 2966 1903 3023 rediit.

391 3048 486 3104 Ill.
518 3048 651 3104 Cum
680 3057 856 3106 autem
913 3050 1112 3107 ibidem
1158 3065 1640 3122 commorarentur,
1695 3059 1907 3114 collecti

316 3141 485 3213 aliqui
513 3142 581 3198 de
608 3142 916 3214 Campania,
947 3143 1265 3202 Suessiones
1291 3147 1477 3202 urbem
1507 3149 1904 3219 aggrediuntur,

2002 2045 2129 2101 dum
2162 2055 2286 2101 totae
2317 2047 2460 2102 tibiae
2491 2046 2676 2101 famuli
2720 2044 2952 2101 tenentis
2993 2046 3375 2099 exurerentur.
3428 2031 3579 2103 Quod

2004 2137 2049 2193 si
2079 2152 2262 2192 vocem
2291 2138 2567 2204 emittere,
2600 2146 2690 2191 aut
2718 2151 2778 2192 se
2809 2136 2874 2191 de
2912 2135 3029 2189 loco
3059 2132 3148 2191 illo
3191 2130 3294 2184 alia
3338 2128 3391 2182 in
3429 2131 3581 2196 parte

2005 2243 2219 2284 movere
2247 2236 2469 2284 conatus
2500 2226 2710 2293 fuisset,
2741 2226 2912 2281 nudus
2939 2224 3081 2279 illico
3100 2221 3306 2291 gladius
3331 2216 3580 2273 immine-

2004 2320 2094 2375 bat
2120 2338 2134 2386 ;
2174 2321 2437 2392 fiebatque
2465 2329 2524 2375 ut
2556 2322 2656 2375 hoc
2686 2319 2844 2374 ﬂente
2864 2357 2881 2386 ,
2913 2318 3012 2373 iste
3042 2327 3228 2384 magna
3259 2308 3441 2366 laetitia
3482 2320 3577 2362 cx-

2004 2414 2247 2469 sultaret.
2280 2412 2505 2468 Aiebant
2532 2413 2676 2469 enim
2704 2412 2943 2482 quidam,
2972 2424 3037 2465 eo
3084 2418 3321 2478 tempore
3350 2402 3484 2458 duos
3512 2399 3583 2455 de

2004 2502 2217 2559 famulis
2244 2502 2380 2575 ejus,
2407 2511 2467 2559 ut
2494 2517 2637 2573 saepe
2664 2503 2941 2572 contingit,
2971 2507 3155 2555 mutuo
3184 2512 3242 2553 se
3292 2505 3475 2550 amore
3497 2489 3577 2546 di-

2008 2594 2223 2660 lexisse,
2254 2594 2426 2650 virum
2475 2594 2680 2651 scilicet
2704 2601 2759 2650 et
2788 2593 3042 2664 puellam.
3073 2590 3314 2660 Cumque
3343 2584 3459 2640 hate
3501 2581 3580 2637 di-

2007 2686 2165 2744 lec1io
2191 2703 2285 2758 per
2313 2689 2537 2745 duorum
2568 2702 2832 2744 annorum
2882 2696 2973 2741 aut
3026 2699 3093 2741 eo
3140 2680 3367 2752 amplius
3411 2675 3581 2748 spatia

2008 2777 2345 2846 traheretur,
2401 2779 2670 2849 conjuncti
2723 2777 2922 2849 pariter
2960 2774 3240 2832 ecclesiam
3291 2769 3578 2839 petierunt.

2008 2870 2159 2939 Quod
2181 2888 2300 2928 cum
2330 2871 2669 2941 Rauchingus
2695 2869 3067 2941 comperisset,
3092 2863 3299 2921 accedit
3318 2861 3387 2917 ad
3406 2872 3581 2913 sacer-

2009 2965 2187 3020 dotem
2216 2964 2357 3031 loci;
2389 2973 2542 3035 rogat
2569 2964 2671 3020 sibi
2703 2964 2943 3033 protinus
2985 2959 3139 3017 reddi
3182 2970 3306 3014 suos
3355 2952 3582 3010 famulos

2009 3064 2315 3112 excusatos.
2364 3056 2512 3114 Tunc
2557 3057 2806 3111 sacerdos
2833 3054 2908 3109 ait
2944 3053 3013 3108 ad
3060 3066 3183 3108 eum
3217 3068 3230 3105 :
3263 3045 3413 3103 Nosti
3438 3046 3582 3101 enim

2012 3163 2131 3219 qua:
2151 3148 2423 3203 veneratio
2444 3148 2634 3204 debeat
2655 3146 2891 3218 impendi
2909 3142 3150 3201 ecclesiis
3171 3141 3286 3198 Dei.
3310 3138 3424 3195 Non
3442 3136 3582 3193 enim

314 3228 607 3304 fugataque
635 3248 701 3287 ex
728 3246 793 3289 ea
823 3230 1174 3304 Fredegunde
1222 3237 1407 3308 regina
1430 3278 1447 3306 ,
1481 3250 1639 3309 atque
1679 3238 1908 3297 Cblodo-
1939 3227 1985 3293 C
2016 3241 2215 3313 poteris
2246 3254 2339 3296 eos
2366 3242 2640 3309 accipere,
2670 3240 2772 3295 nisi
2798 3246 2855 3295 ut
2898 3236 3057 3292 fidem
3084 3234 3248 3290 facias
3276 3232 3343 3288 de
3372 3241 3584 3302 perma-

318 3325 495 3381 vecbo
517 3324 626 3381 tilio
645 3324 955 3396 Chilperici,
971 3326 1225 3383 volebant
1244 3328 1345 3385 sibi
1369 3329 1597 3388 subdere
1613 3332 1903 3392 civitatem.

314 3417 479 3486 Quod
507 3427 568 3474 ut
594 3418 925 3491 Chilpericus
966 3436 1059 3477 rex
1112 3424 1376 3493 comperit
1403 3434 1428 3473 ε
1451 3469 1465 3493 ,
1501 3440 1620 3482 cum
1668 3430 1905 3487 exercitu

320 3511 453 3568 illuc
478 3510 692 3579 direxit,
745 3512 963 3569 mittens
999 3514 1214 3570 nuntios
1243 3531 1310 3571 ne
1338 3518 1436 3572 sibi
1470 3518 1716 3590 injuriatn
1760 3510 1923 3580 face:

322 3608 485 3669 rent,
516 3609 570 3658 et
594 3601 860 3658 excidium
890 3603 957 3659 de
980 3612 1203 3677 utroque
1247 3610 1487 3665 eveniret
1515 3613 1772 3667 exercitu.
1825 3613 1906 3669 illi

318 3703 506 3750 autem
564 3695 680 3751 haec
734 3697 1084 3768 negligentes,
1141 3712 1505 3771 praeparantur
1557 3705 1621 3760 ad
1668 3706 1902 3763 bellum:

317 3786 718 3859 commissaque
746 3789 930 3857 praelio
960 3789 1183 3846 invaluit
1229 3807 1351 3864 pars
1381 3792 1695 3865 Chilperici,
1748 3810 1908 3871 atque

316 3877 529 3949 fugavit
555 3889 759 3952 partem
787 3880 885 3937 sibi
916 3882 1218 3953 adversam,
1248 3888 1446 3943 multos
1475 3902 1541 3944 ex
1569 3903 1631 3945 ea
1661 3898 1908 3949 strenuos

319 3979 489 4040 atque
530 3971 688 4028 utiles
738 3972 883 4029 viros
921 3982 1290 4045 prosternens,
1343 3979 1642 4051 fugatisque
1692 3984 1911 4053 reliquis

318 4060 650 4119 Suessiones
678 4066 997 4136 ingreditur.
1026 4067 1156 4135 Quae
1186 4080 1465 4142 postquam
1493 4083 1611 4129 acta
1638 4085 1783 4143 sunt,
1814 4092 1909 4135 rex

322 4164 545 4223 propter
574 4155 1004 4227 conjugationem
1050 4159 1439 4231 Brunicbildis,
1473 4174 1779 4235 suspectum
1810 4169 1906 4225 ha-

321 4245 458 4303 bere
486 4247 651 4318 coepit
695 4248 1067 4306 Merovechum
1124 4251 1296 4308 ﬁlium
1342 4268 1517 4320 suum,
1551 4258 1755 4327 dicens,
1807 4263 1909 4318 ltoc

325 4339 571 4408 praelium
600 4339 716 4409 ejus
748 4341 985 4411 nequitia
1043 4344 1347 4401 surrexisse
1379 4363 1392 4399 :
1422 4347 1812 4422 spoliatumque
1841 4355 1909 4410 ab

324 4431 514 4521 armis,
545 4431 684 4487 datis
712 4434 1023 4491 custodibus
1073 4435 1246 4493 libere
1271 4433 1303 4475 ³³
1330 4439 1587 4496 custodiri
1637 4446 1908 4515 praecepit,

327 4526 566 4579 tractans
593 4522 722 4594 quid
747 4523 817 4581 de
841 4537 909 4581 eo
936 4525 990 4582 in
1018 4534 1292 4597 posterum
1336 4530 1626 4591 ordinaret.
1673 4534 1910 4602 Godinus

400 4680 545 4740 'Sic
570 4680 761 4755 Regm.
806 4694 863 4741 et
908 4683 1076 4753 Bad.;
1126 4686 1276 4752 Bec.,
1326 4687 1603 4744 Metedum.
1646 4690 1749 4748 Alii
1800 4701 1908 4750 tres

324 4766 489 4832 mss,
508 4751 760 4832 yetegus.
803 4756 945 4812 Editi
984 4755 1243 4832 plerique,
1258 4756 1497 4832 Meledis,
1521 4762 1678 4832 vulgo
1695 4762 1908 4822 Meaux.

394 4821 430 4897 ξ
461 4824 585 4888 Alii,
622 4821 1205 4897 Ruccutenusfﬂegmq
1228 4821 1541 4885 'Rotolenu's.
1574 4821 1723 4897 Bac”
1773 4821 1911 4889 (tuo;

210 4958 221 4963 _
324 4895 561 4963 calanus,
594 4905 646 4950 et
674 4895 830 4961 infra,
859 4912 975 4965 cap.
1008 4895 1423 4963 4,'Ruccolinus,
1458 4915 1550 4955 seu
1600 4895 1904 4961 Rutulenus.

404 4975 427 5004 ο
460 4965 597 5018 Infra
625 4979 741 5037 cap.
773 4968 829 5035 4,
854 4977 909 5024 et
928 4970 983 5022 in
1008 4969 1101 5023 lib.
1133 4985 1171 5024 ll
1192 4970 1257 5024 de
1279 4971 1544 5026 Miraculis
1568 4978 1737 5029 sancti
1768 4977 1907 5031 Mar-

327 5033 455 5090 tini.
484 5048 603 5090 can.
625 5034 714 5089 27.

377 5048 714 5175 ni’riiiiqié'
732 5105 859 5162 editi
895 5122 1014 5163 cum
1046 5109 1197 5176 Bec.,
1226 5110 1375 5181 foret.
1419 5111 1568 5184 Bad.,
1605 5118 1756 5183 foret,
1799 5117 1908 5187 ipse

328 5190 418 5231 1³08
446 5191 682 5245 separare
710 5194 815 5232 non
840 5194 1070 5234 conarer.

328 5254 433 5370 ei:
463 5245 591 5313 A‘Iii,
616 5248 939 5319 accipientes.
972 5253 1035 5307 Et
1060 5249 1193 5306 infra
1221 5250 1402 5317 Colb.,
1428 5253 1665 5321 epulatus
1694 5265 1767 5310 est
1794 5273 1909 5312 cum

326 5453 374 5513 S
408 5384 431 5424 ί
460 5385 573 5470 ᾼι..⁸
604 5386 900 5462 Sessiones,
943 5401 998 5447 et
1026 5392 1265 5465 inferius.
1296 5391 1485 5463 Regm.
1517 5408 1647 5451 vero
1673 5405 1729 5452 et
1757 5398 1903 5468 Bec.,

379 5473 603 5512 988101118.

379 5473 603 5512 988101118.

403 5528 632 5603 s_Monet
654 5527 899 5603 Valesius
928 5532 1013 5589 hic
1040 5533 1140 5589 sibi
1161 5534 1258 5603 ipsi
1283 5533 1606 5590 contrarium
1632 5550 1750 5595 esse
1772 5539 1906 5597 Gre—

324 5599 563 5721 gprium,
590 5601 676 5668 qui
707 5598 1062 5675 Chilpericum
1084 5598 1460 5662 Suessionibus
1487 5620 1901 5667 commorantem

368 5677 462 5721 ml.
486 5685 499 5721 ζ
528 5678 584 5721 et
613 5679 791 5721 tanien
818 5674 885 5721 de
915 5688 979 5721 ett
1008 5674 1084 5721 sin
1111 5675 1354 5721 Inmtitnr-
1392 5677 1540 5721 ntrasi
1573 5678 1639 5721 ihi
1673 5695 1775 5721 nnn
1812 5684 1901 5721 ml-

323 5667 584 5794 e;‘et
608 5667 792 5727 tamen
814 5667 890 5727 de
915 5688 979 5728 eo
1008 5674 1084 5730 sic
1111 5675 1356 5746 loquitur,
1392 5677 1541 5737 quasi
1572 5678 1642 5733 ibi
1673 5695 1775 5734 non
1810 5684 1904 5737 ad-

400 5806 430 5845 h
460 5809 570 5869 Viri
598 5810 832 5870 illustres
860 5813 1204 5881 honestorum
1247 5831 1461 5889 semper
1490 5816 1761 5877 hominum
1808 5837 1900 5881 cu-

1934 4618 1990 4682 D

653 4699 761 4766 3""
804 4683 1039 4766 91.1.3“:
1062 4702 1076 4753 ἓ
1101 4686 1606 4766 ,Βθοηηδῗεέβάυηιε
1646 4690 1752 4766 Alii
1800 4701 1909 4750 "es
2011 4708 2197 4764 stodite
2225 4706 2714 4766 committebantur,
2747 4708 2802 4755 ut
2833 4708 2980 4753 notat
3011 4697 3364 4766 Hieronymus
3406 4690 3457 4766 in
3491 4688 3586 4743 lib.

2010 3343 2173 3390 nente
2202 3348 2389 3390 eorum
2418 3332 2828 3404 conjunctione;
2866 3328 3112 3386 similiter
3140 3334 3195 3383 et
3221 3333 3280 3381 ut
3323 3323 3393 3379 de
3438 3320 3584 3377 omni

2011 3443 2166 3499 poena
2194 3426 2457 3497 corporali
2486 3426 2636 3482 liberi
2662 3432 2930 3489 maneant,
2953 3420 3291 3492 repromittas
3320 3415 3365 3471 ³.
3389 3413 3582 3482 Atille,

2011 3535 2129 3577 cum
2160 3520 2253 3576 diu
2282 3520 2558 3591 ambiguus
2587 3518 2908 3590 cogitatione
2936 3512 3190 3580 siluisset,
3218 3509 3435 3568 tandem
3461 3520 3587 3562 con-

2012 3627 2198 3670 versus
2221 3613 2287 3668 ad
2314 3612 2669 3677 sacerdotem,
2702 3610 2881 3681 posuit
2908 3621 3096 3664 manus
3124 3619 3249 3662 suas
3291 3617 3452 3673 super
3503 3600 3585 3655 al-

2013 3706 2111 3761 tari
2140 3721 2259 3761 cum
2287 3705 2610 3777 juramento,
2642 3704 2826 3759 dicens
2852 3719 2865 3755 :
2894 3701 3025 3769 Quia
3053 3711 3322 3768 nunquam
3353 3701 3514 3752 erunt
3553 3707 3586 3749 a

2010 3813 2098 3854 nte
2126 3798 2433 3869 separandi,
2463 3797 2557 3852 sed
2587 3795 2764 3866 potius
2793 3807 2892 3864 ego
2920 3791 3136 3857 faciam,
3166 3795 3223 3844 ut
3249 3788 3303 3842 in
3332 3787 3430 3841 hac
3456 3798 3587 3840 con-

2004 3892 2283 3962 junctione
2311 3897 2659 3962 permaneant
2690 3904 2705 3942 :
2734 3887 2856 3957 quia
2898 3896 3201 3956 quanquam
3231 3877 3361 3933 mihi
3393 3875 3586 3931 moles-

2012 3994 2124 4040 tum
2169 3984 2362 4051 fuerit,
2393 3982 2536 4054 quod
2559 3983 2759 4051 absque
2787 3979 2892 4034 mei
2920 3975 3135 4034 consilii
3180 3969 3515 4030 eonniventia
3544 3977 3585 4007 ω

2011 4077 2136 4133 talia
2188 4075 2349 4149 204
2386 4076 2494 4131 sint
2518 4081 2687 4145 gesta,
2713 4070 2843 4128 illud
2880 4077 3057 4125 tamen
3080 4068 3252 4123 libens
3271 4063 3587 4134 amplector,

2012 4171 2155 4243 quod
2183 4185 2281 4227 nec
2311 4171 2396 4225 hic
2444 4168 2693 4226 ancillam
2723 4166 2968 4233 alterius,
3003 4178 3174 4235 neque
3204 4161 3320 4217 haec
3348 4156 3587 4217 extranei

2015 4277 2227 4320 servum
2253 4262 2537 4332 acceperit.
2570 4258 2810 4316 Credidit
2839 4256 3088 4313 sacerdos
3140 4256 3229 4311 ille
3274 4249 3588 4321 simpliciter

2012 4354 2354 4428 promissioni
2384 4352 2616 4409 hominis
2642 4350 2843 4417 callidi,
2868 4349 3201 4417 reddiditque
3231 4345 3475 4399 homines
3494 4344 3589 4396 ex-

2013 4458 2248 4508 cusatos.
2280 4446 2481 4516 Quibus
2508 4445 2596 4501 ille
2624 4442 2884 4515 acceptis,
2917 4450 2969 4497 et
3014 4439 3209 4512 gratias
3236 4449 3399 4509 agens
3419 4475 3433 4502 ,
3463 4433 3588 4495 a.bs-

2013 4548 2179 4607 cessit
2208 4544 2275 4601 ad
2330 4543 2548 4600 domum
2572 4554 2721 4599 suam
2746 4556 2763 4606 ;
2793 4548 2847 4594 et
2890 4536 3069 4592 statim
3090 4532 3252 4605 jussit
3277 4529 3401 4586 elidi
3430 4526 3587 4582 arbo-

2010 4760 2305 4836 Hadr—crs.
2341 4760 2711 4847 Vigilantium.
2742 4770 2873 4847 \iide
2901 4769 2993 4823 lib.
3028 4760 3356 4847 indenGloria
3399 4760 3586 4847 hiat},

2011 4829 2139 4919 ibi.“
2154 4829 2563 4919 ibi—Detiaitam
2590 4843 2876 4919 custodiam
2899 4839 3129 4910 appellat
3150 4834 3368 4891 Pontius
3398 4832 3449 4886 in
3468 4829 3588 4883 Vita

2010 4914 2176 4977 sancti
2204 4918 2472 4991 Cypriani,
2505 4931 2651 4971 num.
2682 4914 2770 4969 15.

2088 5013 2101 5050 ¹
2144 5012 2265 5077 Alii,
2293 5008 2671 5063 Rauchinchus.

2086 5101 2100 5154 i
2139 5099 2299 5158 Corb.
2327 5109 2381 5155 et
2408 5100 2565 5165 Bell.,
2595 5099 2732 5151 ultra
2753 5095 2961 5148 modum
2982 5099 3134 5161 atque
3155 5083 3441 5141 stultitiam.

2084 5195 2111 5235 ¹ί
2143 5195 2232 5252 Sic
2259 5195 2313 5250 in
2344 5194 2477 5247 libro
2504 5207 2542 5245 ll
2584 5189 2785 5258 Dialog.
2820 5186 2878 5243 S.
2908 5180 3172 5258 Gregorii,
3200 5191 3320 5246 cap.
3353 5170 3589 5258 20,_mo-

2012 5243 2230 5322 nachit-s'
2243 5243 2542 5335 (inibitis.
2573 5243 2635 5317 β.
2665 5243 2955 5314 Benedicto
3000 5243 3065 5307 avd
3097 5243 3335 5305 mensam
3382 5243 3588 5301 sedenti

2011 5339 2281 5395 lucernam
2315 5335 2547 5392 tenebat.

2089 5428 2109 5469 1
2139 5430 2326 5486 Exstat
2371 5442 2431 5483 ea
2460 5427 2527 5482 de
2556 5440 2613 5482 re
2644 5419 2869 5479 formula
2908 5413 3048 5490 apud
3070 5409 3411 5490 iiignonium,
3446 5407 3586 5490 inter

2016 5478 2439 5558 veteres-metari
2466 5478 2700 5554 aucturis
2745 5507 2888 5548 num.
2941 5478 3032 5543 9‘2.
3070 5478 3205 5540 Vide
3254 5491 3306 5538 et
3347 5478 3585 5551 ejusdem

2018 5575 2114 5629 viri
2144 5575 2213 5627 cl.
2246 5581 2418 5629 notas.

2015 5676 2123 5791 rb!“
2152 5665 2301 5721 Colb.
2331 5678 2450 5721 cum
2480 5655 2867 5730 aliquoteditis,
2892 5652 3257 5714 convenientia.
3288 5631 3435 5715 Bec.,
3461 5658 3586 5698 con-

2032 5754 2064 5791 tt
2098 5739 2252 5791 entia.

2032 5739 2252 5792 tibeutt'a.
