4028 6342
510 359 620 420 319

1564 345 1629 405 S.
1664 337 1995 403 GREGORII
2028 336 2343 399 EPISCOPI
2378 335 2816 401 TURONENSIS

3674 338 3793 400 ἶ)Ξο

514 490 654 541 rem,
688 472 1091 542 truncatamque
1116 467 1419 525 columnam
1451 464 1567 536 ejus
1597 478 1694 534 per
1722 461 1897 531 capita
1926 469 2097 515 cuneo
2122 453 2180 515 Δ
2200 467 2411 525 quoque
2432 454 2612 513 clavos
2637 453 3042 527 Cenomannici,
3068 455 3160 528 qui
3178 458 3306 513 tunc
3330 462 3455 513 cum
3473 454 3669 518 eodem
3694 455 3791 511 ad-

519 572 744 626 scissam
774 577 801 605 α
826 566 1078 638 praecepit
1102 561 1379 627 excavari,
1410 558 1711 628 effossaque
1742 557 1793 609 in
1821 552 2101 610 altitudine

522 661 687 715 trium
718 666 809 713 aut
832 663 1056 726 quatuor
1085 651 1274 723 pc‘dum
1305 649 1491 715 humo,
1523 647 1720 718 deponi
1749 661 1843 701 vas
1866 646 2021 715 jubet
2048 645 2099 699 in

523 750 757 806 foveam.
786 747 968 816 Ibique
990 745 1214 814 puellam
1235 746 1295 796 ut
1315 747 1579 797 mortuam
1602 752 1951 807 componens,
1975 751 2104 807 pue-

519 855 641 897 rum
672 840 898 907 desuper
927 838 1111 906 jactari
1153 834 1403 906 praecepit
1434 848 1452 890 :
1482 832 1762 903 positoque
1810 830 2100 899 opertorio,

522 931 719 987 fossam
749 930 913 984 humo
939 928 1182 997 replevit,
1213 924 1567 996 sepelivitque
1595 936 1689 978 eos
1733 922 1994 989 viventes,
2024 921 2105 976 di-

521 1035 652 1076 cens
685 1040 698 1073 :
730 1019 861 1086 Quia
891 1033 995 1073 non
1027 1017 1272 1072 frustrari
1296 1015 1659 1087 juramentum
1688 1025 1887 1082 meum,
1918 1020 1975 1065 ut
1997 1025 2105 1067 non

523 1122 901 1182 separarentur
933 1112 985 1166 hi
1017 1112 1069 1166 in
1102 1109 1503 1178 sempiternum.
1535 1107 1663 1175 Quae
1689 1120 1810 1161 cum
1839 1104 2103 1161 sacerdoti

522 1204 766 1257 nuntiata
795 1202 1045 1271 fuissent,
1093 1201 1219 1256 illuc
1249 1200 1486 1255 cucurrit
1514 1199 1791 1265 velociter,
1825 1206 1879 1253 et
1931 1198 2105 1253 incre-

523 1312 659 1366 pans
682 1298 977 1363 hominem,
1009 1296 1096 1352 vix
1127 1295 1356 1351 obtinuit
1379 1301 1437 1349 ut
1462 1293 1857 1363 detegerentur.
1880 1291 2104 1347 Verum-

523 1400 707 1447 tamen
735 1404 960 1460 puerum
992 1389 1174 1443 vivum
1204 1388 1455 1455 extraxit,
1487 1384 1723 1456 puellam
1747 1397 1876 1439 vero
1910 1383 2108 1453 reperit

525 1480 863 1537 suffocatam.
892 1480 949 1534 in
977 1479 1173 1535 talibus
1200 1479 1341 1533 enim
1389 1478 1637 1547 operibus
1662 1476 1817 1531 valde
1845 1476 2108 1546 nequissi-

523 1587 647 1628 mus
677 1580 814 1635 erat,
861 1572 1061 1627 nullam
1092 1570 1246 1625 aliam
1290 1570 1493 1625 habens
1540 1569 1715 1637 potius
1739 1567 1768 1607 δ
1794 1567 2107 1634 utilitatem,

525 1662 633 1717 nisi
661 1663 715 1717 in
743 1662 1014 1718 cachinnis
1043 1676 1105 1715 ac
1132 1660 1290 1725 dolis,
1320 1659 1674 1729 omnibusque
1717 1658 1989 1729 perversis
2016 1672 2105 1712 re-

525 1753 649 1811 bus.
684 1754 835 1810 Unde
862 1768 968 1808 non
996 1753 1266 1808 immerito
1295 1752 1473 1807 taliter
1500 1752 1729 1807 excessit
1772 1767 1802 1807 a
1844 1751 1973 1818 vita,
2016 1751 2105 1820 qui

2203 555 2484 616 venerant,
2513 547 2748 617 impletis
2792 547 3007 605 follibus
3034 547 3063 586 ιι
3092 555 3329 620 portant,
3358 562 3599 605 annonas
3621 564 3783 606 ever-

2203 648 2341 709 tunt,
2372 649 2427 697 et
2453 649 2645 697 cuncta
2675 640 2971 698 devastant.
3004 640 3113 699 Sed
3149 642 3276 698 dum
3304 628 3420 698 haec
3446 641 3788 699 Roccolenus

2203 731 2332 802 agit,
2365 746 2393 787 a
2434 732 2547 788 Deo
2578 733 2891 803 percutitur,
2938 732 3230 804 morboque
3256 733 3404 802 regio
3432 746 3658 789 croceus
3703 730 3787 788 ef-

2202 820 2395 889 fectus,
2426 822 2890 893 mandata‘aspera
2914 824 3157 890 remittit,
3206 824 3390 880 dicens
3419 840 3434 879 :
3466 823 3579 879 Nisi
3623 824 3791 880 hodie

2204 914 2539 984 projeceritis
2584 915 3046 975 Guntchramnum
3091 916 3282 972 ducem
3314 915 3383 972 de
3424 917 3660 983 basilica,
3711 913 3791 971 ita

2204 1014 2394 1061 cuncta
2423 1006 2649 1062 virentia
2680 1021 2799 1077 quae
2826 1015 2951 1062 sunt
2976 1006 3119 1062 circa
3152 1009 3341 1065 urbem
3391 1016 3617 1064 atteram
3649 1016 3700 1077 ι,
3731 1016 3795 1063 ut

2204 1101 2396 1172 dignus
2425 1103 2515 1157 fiat
2540 1111 2719 1158 aratro
2744 1103 2893 1159 locus
2913 1102 3022 1158 ille.
3054 1101 3268 1157 Interim
3294 1099 3511 1157 advenit
3530 1099 3646 1155 dies
3666 1113 3793 1154 san-

2206 1200 2325 1249 ctus
2356 1192 2669 1262 Epiphaniae
2686 1234 2701 1259 ,
2729 1201 2785 1248 et
2812 1193 2900 1249 hic
2926 1193 3097 1264 magis
3124 1206 3188 1248 ac
3213 1192 3386 1263 magis
3414 1191 3651 1260 torqueri
3680 1204 3794 1246 cce-

2206 1286 2300 1355 pit.
2334 1284 2483 1340 Tunc
2510 1292 2733 1354 accepto
2759 1299 2789 1339 a
2819 1285 2931 1340 suis
2959 1284 3204 1350 consilio,
3232 1297 3391 1337 amne
3412 1290 3707 1348 transacto,
3724 1281 3795 1337 ad

2207 1377 2480 1432 civitatem
2514 1375 2742 1431 accedit.
2776 1374 3015 1446 Denique
3041 1388 3165 1434 cum
3211 1372 3499 1442 psallentes
3524 1372 3595 1426 de
3620 1370 3797 1428 eccle-

2210 1466 2291 1522 sia
2321 1467 2335 1517 l
2377 1466 2577 1535 egressi
2614 1465 2681 1520 ad
2706 1474 2948 1521 sanctam
2979 1464 3251 1520 basilicam
3272 1470 3655 1533 properarent,
3706 1461 3796 1517 hic

2210 1568 2331 1630 post
2355 1572 2569 1613 crucem
2596 1554 3232 1628 praecedentibussignis,
3262 1553 3795 1625 equosuperpositns

2211 1648 2499 1705 ferebatur.
2530 1648 2729 1705 Verum
2785 1648 2876 1704 ubi
2932 1647 3206 1703 basilicam
3266 1655 3507 1701 sanctam
3562 1645 3791 1713 introiit,

2216 1758 2339 1799 mox
2369 1743 2511 1799 furor
2550 1744 2802 1799 minantis
2842 1744 3069 1813 intepuit
3098 1740 3125 1780 ¹ι
3156 1760 3171 1797 :
3205 1755 3584 1813 regressusque
3612 1741 3683 1797 ab
3710 1754 3797 1797 ec-

526 1847 652 1901 talia
681 1847 845 1917 gessit
872 1861 990 1900 cum
1020 1845 1285 1900 frueretur
1315 1844 1414 1899 hac
1460 1844 1588 1909 vita,
1645 1842 1787 1912 quod
1836 1843 1891 1897 in
1934 1852 2111 1912 poste-
2137 1822 2189 1887 Β
2214 1835 2400 1904 clesia,
2432 1834 2565 1891 nihil
2592 1835 2698 1891 cibi
2728 1849 2789 1893 ea
2818 1835 2915 1892 die‘
2932 1836 3177 1907 accipere
3205 1834 3395 1917 potuit.
3433 1834 3641 1889 Exinde
3671 1847 3793 1889 eum

528 1952 648 1992 rum
682 1938 938 2008 digesturi
966 1952 1150 1993 sumus
1179 1937 1293 2007 (lib.
1326 1951 1403 2001 ιχ,
1447 1952 1563 2003 cap.
1594 1935 1672 2005 9).
1706 1935 1865 2005 Siggo
1905 1950 2113 2007 quoque

524 2027 938 2091 .referendarius
967 2038 1013 2095 ο,
1033 2029 1122 2098 qui
1154 2027 1409 2082 annulum
1434 2027 1576 2097 regis
1595 2026 1851 2097 Sigiberti
1872 2036 2115 2084 tenuerat

529 2125 585 2171 et
614 2116 680 2171 ab
707 2116 1008 2186 Chilperico
1040 2132 1165 2189 rege
1195 2128 1515 2188 provocatus
1541 2126 1687 2184 erat,
1739 2125 1795 2172 ut
1837 2118 2114 2176 servitium

529 2204 672 2274 quod
723 2214 964 2275 tempore
1008 2207 1188 2264 fratris
1236 2211 1321 2264 sui
1370 2209 1659 2276 habuerat,
1710 2210 1995 2279 obtineret,
2046 2212 2115 2268 ad

529 2294 930 2353 Childebertum
959 2313 1138 2369 regem
1167 2298 1419 2369 Sigiberti
1464 2300 1633 2355 filium
1678 2299 1869 2357 relicto
1899 2302 2115 2372 Chilpe-

528 2388 645 2445 rico
667 2390 934 2457 transivit,
960 2405 1152 2460 resque
1175 2390 1292 2461 ejus
1308 2405 1440 2462 quas
1463 2391 1518 2446 in
1546 2390 1890 2447 Suessionico
1919 2392 2118 2450 habue-

529 2492 636 2549 rat,
681 2484 984 2538 Ansoaldus
1011 2481 1038 2520 τι
1068 2483 1320 2539 obtinuit.
1352 2482 1503 2538 Multi
1533 2490 1711 2539 autem
1737 2492 1792 2540 et
1809 2485 1902 2539 alii
1929 2485 1996 2539 de
2034 2486 2118 2543 his

532 2573 622 2643 qui
651 2586 710 2627 se
730 2573 798 2626 de
818 2587 985 2643 regno
1006 2572 1259 2642 Sigiberti
1287 2572 1353 2627 ad
1378 2571 1739 2642 Cbilpericum
1764 2574 2113 2643 tradiderant,

532 2672 894 2719 recesserunt.
928 2664 1074 2720 Uxor
1099 2678 1311 2734 quoque
1359 2664 1609 2735 Siggonis
1638 2678 1746 2720 non
1778 2675 1901 2735 post
1948 2667 2117 2724 multo

532 2754 795 2822 temporis
815 2754 988 2823 spatio
1012 2764 1037 2791 ο
1059 2754 1195 2810 obiit
1219 2771 1232 2808 :
1255 2754 1352 2811 sed
1376 2754 1467 2811 ille
1491 2755 1651 2815 aliam
1675 2771 1865 2813 rursus
1889 2760 2117 2827 accepit.

608 2842 699 2899 IV.
730 2842 826 2899 His
856 2845 1044 2901 diebus
1074 2846 1414 2903 Roccolenus
1439 2848 1507 2904 ab
1534 2847 1839 2919 Chilperico
1887 2850 2115 2919 missus,

535 2931 765 2988 Turonis
794 2933 1010 2991 advenit
1038 2950 1162 2990 cum
1187 2950 1381 3007 magna
1405 2937 1682 3007 jactantia,
1715 2948 1771 2995 et
1799 2938 1936 2996 ultra
1964 2939 2121 3012 Lige-

534 3024 635 3079 rim
660 3035 833 3081 castra
863 3040 1090 3098 ponens,
1118 3030 1335 3086 nuntios
1364 3030 1430 3084 ad
1456 3043 1555 3086 nos
1578 3030 1795 3097 direxit,
1826 3040 1884 3087 ut
1913 3032 2121 3090 scilicet

535 3113 1019 3185 Guntchramnum,
1051 3118 1138 3189 qui
1168 3122 1328 3193 295
1373 3129 1496 3176 tunc
1540 3121 1608 3177 de
1659 3130 1833 3178 morte
1874 3122 2118 3179 Theodo-

2214 1926 2370 1983 valde
2395 1926 2619 1982 anhelus
2648 1934 2828 1993 esset,
2860 1925 3093 1982 Pictavis
3122 1925 3272 1982 abiit.
3292 1912 3463 1980 Erant
3505 1923 3652 1978 enim
3682 1922 3797 1979 dies

2215 2025 2412 2074 sancta:
2436 2014 2888 2087 Quadragesimaz,
2911 2014 2964 2070 in
2977 2029 3080 2085 qua
3102 2015 3241 2071 fetus
3266 2012 3634 2069 cuniculorum
3653 2027 3801 2083 sape

2216 2106 2470 2162 comedit.
2500 2105 2779 2175 Dispositis
2808 2119 2937 2160 vero
2958 2104 3275 2171 actionibus,
3304 2103 3497 2172 quibus
3529 2103 3583 2157 in
3613 2102 3797 2159 kalen-

2216 2197 2301 2253 dis
2323 2196 2524 2253 Martiis
2545 2199 2690 2253 cives
2714 2196 2959 2253 Pictavos
2979 2196 3064 2252 vel
3089 2194 3367 2265 affligeret,
3392 2194 3476 2250 vel
3494 2193 3795 2260 damnaret,

2217 2289 2381 2361 206
2410 2286 2580 2361 pridie
2606 2288 2840 2343 animam
2888 2286 3118 2345 reddidit
3145 2304 3158 2342 :
3190 2297 3249 2344 et
3291 2285 3371 2346 sic
3410 2286 3683 2357 superbia,
3715 2295 3798 2343 tu-

2219 2393 2442 2450 morque
2469 2378 2687 2448 quievit.

2291 2469 2355 2524 ν.
2386 2470 2463 2524 Eo
2498 2468 2513 2508 1
2542 2477 2780 2539 tempore
2802 2469 2955 2526 Felix
2976 2468 3302 2527 Namnetica:
3324 2471 3471 2528 urbis
3493 2472 3800 2543 episcopus,

2220 2563 2425 2619 litteras
2476 2563 2606 2618 mihi
2660 2562 2878 2632 scripsit
2926 2563 3109 2633 plenas
3164 2564 3506 2634 opprobriis,
3558 2564 3801 2621 scribens

2219 2654 2381 2714 etiam
2418 2654 2634 2708 fratrem
2682 2667 2861 2709 meum
2888 2654 2956 2709 ob
2987 2653 3090 2711 hoc
3139 2654 3497 2723 interfectum,
3543 2669 3611 2711 eo
3658 2655 3798 2726 quod

2220 2750 2337 2819 ipse
2382 2747 2604 2817 cupidus
2649 2747 2989 2816 episcopatus
3012 2792 3027 2815 ,
3076 2747 3383 2818 episcopum
3423 2747 3798 2804 interfecisset.

2221 2840 2332 2899 Sed
2359 2848 2419 2897 ut
2447 2840 2563 2896 haec
2591 2842 2883 2907 scriberet,
2944 2841 3123 2897 villam
3174 2842 3418 2899 ecclesiae
3468 2842 3799 2913 concupivit.

2223 2932 2391 3001 Quam
2414 2945 2537 2987 cum
2565 2932 2692 2987 dare
2722 2931 2940 3002 nollem,
2970 2932 3206 2989 evomuit
3228 2934 3283 2987 in
3311 2947 3417 2999 me,
3451 2942 3507 2989 ut
3526 2932 3658 3001 dixi,
3686 2933 3802 3004 ple-

2224 3038 2322 3080 nus
2351 3023 2563 3090 furore,
2594 3024 2878 3093 opprobria
2908 3024 3076 3081 mille.
3107 3024 3205 3079 Cui
3250 3024 3534 3095 aliquando
3561 3038 3663 3094 ego
3711 3038 3799 3081 re-

2223 3118 2414 3187 spondi
2449 3136 2461 3170 :
2501 3136 2518 3169 ι
2547 3116 2811 3173 Memento
2832 3117 2961 3172 dicti
2987 3115 3285 3187 prophetici
3314 3133 3328 3172 :
3363 3115 3453 3171 Va:
3472 3116 3551 3172 Itis
3574 3117 3801 3188 quijun-

532 3206 670 3265 berti
692 3188 1082 3281 impetebatur,
1108 3228 1140 3268 a
1163 3188 1384 3269 Etsil'ica
1424 3223 1609 3269 sancta
1653 3214 1974 3270 deberemus
2023 3230 2119 3271 ex-
2148 3188 2197 3254 (ἶ
2226 3218 2350 3281 gum
2377 3210 2584 3263 domum
2607 3209 2675 3261 ad
2703 3210 2927 3271 domum.
2958 3217 3007 3264 et
3027 3224 3211 3279 agrum
3238 3208 3307 3262 ad
3333 3224 3515 3279 agrum
3534 3208 3795 3278 copulam.

533 3300 768 3357 trahere.
798 3301 951 3367 Quod
977 3303 1021 3357 si
1045 3319 1153 3358 non
1179 3304 1498 3370 faceremus,
1525 3314 1580 3360 et
1603 3305 1895 3373 civitatem,
1925 3313 1979 3362 et
1998 3320 2116 3363 om-

534 3394 623 3450 nia
649 3395 952 3452 suburbana
973 3398 1091 3468 ejus
1114 3398 1328 3468 juberet
1354 3398 1603 3455 incendio
1622 3401 1977 3457 concremari.
2001 3402 2119 3468 Quo

537 3486 719 3543 audito
748 3487 1009 3544 mittimus
1050 3489 1116 3545 ad
1147 3505 1271 3545 eum
1308 3490 1651 3561 legationem,
1679 3491 1921 3548 dicentes
1949 3509 1963 3546 :
1993 3493 2119 3551 Haec

538 3578 610 3633 ab
639 3580 856 3649 antiquo
880 3578 1023 3635 facta
1052 3596 1158 3636 non
1189 3580 1377 3649 fuisse,
1404 3597 1522 3651 qua:
1568 3582 1655 3638 hic
1702 3582 1817 3638 ﬁeri
1864 3583 2121 3655 deposce-

542 3668 668 3735 bat;
700 3669 794 3724 sed
822 3683 923 3726 nec
948 3670 1106 3727 modo
1139 3671 1374 3741 permitti
1406 3686 1585 3740 posse,
1612 3680 1670 3726 ut
1696 3674 1913 3729 basilica
1936 3684 2121 3731 sancta

540 3759 855 3815 violaretur.
886 3761 1040 3829 Quod
1071 3762 1118 3818 si
1148 3762 1321 3831 ﬁeret,
1353 3778 1451 3818 nec
1471 3763 1575 3819 sibi
1620 3764 1734 3819 fore
1780 3779 2119 3835 prosperum,

535 3865 640 3908 nec
668 3852 780 3923 regi
809 3853 897 3923 qui
930 3852 1046 3909 haec
1065 3854 1217 3924 jussa
1246 3854 1582 3920 mandasset;
1614 3863 1982 3926 metueretque
2009 3872 2122 3913 ma-

539 3947 621 4016 gis
649 3947 988 4002 sanctitatem
1019 3946 1305 4016 antistitis,
1335 3947 1487 4017 cujus
1538 3947 1708 4002 virtus
1754 3947 2005 4004 hesterna
2034 3949 2122 4008 die

538 4040 885 4111 paralyticam
922 4039 939 4078 τ
971 4040 1273 4097 direxisset.
1307 4040 1446 4096 Nihil
1472 4054 1537 4096 ex
1569 4042 1652 4097 bis
1681 4040 1773 4097 ille
1803 4041 2119 4112 formidans,

541 4144 662 4186 cum
694 4131 747 4187 in
776 4131 935 4188 domo
964 4133 1207 4189 ecclesiae
1234 4134 1373 4189 ultra
1400 4132 1630 4204 Ligerim
1686 4134 1969 4203 resideret,
2019 4135 2119 4191 do-

541 4236 686 4279 mum
711 4225 899 4294 ipsam,
934 4240 1051 4295 quae
1074 4225 1235 4281 clavis
1275 4224 1438 4279 affixa
1485 4234 1618 4291 erat,
1672 4224 1946 4282 disfixits.
1972 4226 2120 4295 Ipsos

615 4388 676 4463 an
695 4379 882 4445 Corb.,
908 4380 1039 4463 Eius
1068 4397 1157 4450 per
1184 4380 1355 4463 capita
1387 4379 1847 4463 cuneosLGhean
1871 4384 1981 4453 ejus
2032 4400 2123 4454 pro

541 4450 709 4517 capite
733 4466 911 4505 cuneo.
945 4449 1102 4515 Bec.,
1134 4451 1511 4518 columpfam...
1539 4449 1905 4521 effossamque,
1943 4449 2047 4509 etc.

615 4520 642 4559 ι)
675 4519 886 4590 Regm.,
909 4519 1104 4574 nullam
1134 4536 1342 4587 prorsus
1364 4520 1523 4573 aliam
1552 4520 1757 4575 habens.
1784 4526 1851 4576 At
1880 4523 1931 4577 in
1958 4524 2120 4580 Cori).

544 4598 608 4665 et_
627 4591 761 4647 Bell.
790 4591 983 4665 desunt
1010 4590 1125 4645 haec
1145 4630 1159 4656 ,
1184 4590 1331 4645 valde
1360 4590 1721 4661 nequissimus,
1772 4601 1899 4660 ete.,
1954 4608 2123 4665 usque

542 4662 611 4717 ad
641 4662 884 4729 perversis
906 4660 1071 4715 rebus.

620 4742 642 4769 ο
674 4732 1087 4789 Referendarius
1117 4738 1241 4786 tunc
1270 4730 1566 4798 dicebatur,
1602 4731 1694 4800 qui
1725 4731 1882 4789 hodie
1908 4735 2121 4791 cancel-

544 4800 729 4859 larius.
766 4803 841 4857 De
882 4802 997 4871 ejus
1028 4801 1209 4861 ofﬁcio
1236 4811 1289 4857 et
1318 4801 1679 4871 prairogativis
1697 4802 1819 4859 vide
1847 4804 2119 4863 Mabillon.

544 4873 614 4929 de'
643 4873 722 4930 Re
751 4872 1036 4943 Diplomat.
1070 4872 1165 4943 lib.
1208 4888 1267 4938 ιι,
1296 4888 1441 4943 capt
1465 4873 1553 4940 ll,
1604 4881 1659 4927 et
1707 4873 2019 4942 Bignonium
2068 4877 2122 4931 in

544 4942 827 4999 formulam
854 4942 925 4997 25
954 4942 1048 4999 lib.
1080 4958 1097 4997 ι
1122 4942 1377 4998 Marculfi.
1424 4942 1562 4998 Infra
1587 4955 1924 5013 provocatus,
1960 4944 2010 5000 id
2041 4954 2123 5002 est

580 5023 835 5070 remotus.

544 5029 835 5083 promptus.

614 5084 641 5121 ά
671 5086 762 5141 Sic
790 5098 954 5151 mss.;
987 5092 1039 5139 at
1086 5084 1331 5155 plerique
1378 5083 1527 5150 editi,
1575 5084 1917 5140 Ansovaldus.
1971 5087 2119 5155 Bec.,

542 5155 899 5210 Amolualdus.

618 5238 641 5297 ἓ
673 5226 884 5297 Begm.,
918 5242 1021 5280 non
1046 5233 1159 5291 post
1188 5224 1401 5297 multum
1431 5226 1671 5297 temporis
1700 5227 1943 5295 spatium.

617 5293 638 5334 ί
661 5293 815 5352 Colb.
843 5293 962 5351 cum
981 5297 1205 5360 Chesn.,
1230 5296 1511 5367 paralytica
1532 5293 1753 5349 membra
1772 5312 1787 5361 ;
1812 5297 1904 5351 sed
1924 5295 2124 5367 mulier

552 5366 844 5436 paralytica
875 5368 1070 5421 dicitur
1099 5368 1151 5422 in
1185 5366 1275 5421 lib.
1304 5381 1340 5420 ιι
1391 5368 1456 5420 de
1506 5368 1779 5421 Miraculis
1808 5368 1866 5422 S.
1893 5366 2120 5435 Martini,

543 5450 664 5505 cap.
695 5437 784 5501 27,
814 5436 901 5491 ubi
932 5438 1047 5492 haec
1076 5440 1263 5493 eadem
1288 5436 1511 5491 historia
1538 5444 1806 5491 narratur.

614 5516 639 5553 ε
669 5505 757 5561 Sic
784 5506 976 5573 Corb.;
1005 5510 1115 5573 alii,
1149 5510 1384 5565 dissecat.

616 5576 640 5612 ι’
674 5576 845 5632 r‘olles
879 5587 1004 5645 sunt
1033 5580 1233 5635 saeculi
1261 5576 1471 5643 scortei,
1500 5592 1594 5633 seu
1625 5592 1689 5633 ex
1709 5577 1855 5632 corio
1881 5576 2023 5631 facti.
2053 5577 2119 5630 V.

542 5645 784 5704 Juvenal.
813 5656 915 5703 sat.
947 5649 1032 5702 15.

544 5715 966 5842 ωὺίοξῖεεϐοιϋε,
998 5719 1130 5778 Bell.
1164 5729 1215 5777 et
1244 5719 1364 5776 Bec.
1390 5734 1404 5784 ;
1437 5719 1524 5775 alii
1547 5732 1670 5777 eum
1690 5718 1915 5788 Ghesn.,
1947 5719 2119 5775 devas-

2147 4557 2203 4618 D

2223 3300 2475 3367 Nunquid
2501 3300 2598 3353 soli
2625 3298 2975 3353 inhabitabant
3004 3310 3194 3354 terram
3223 3298 3376 3370 (Isai.
3409 3315 3463 3368 ν,
3494 3300 3587 3370 8)?
3608 3299 3655 3355 0
3674 3300 3721 3355 si
3752 3310 3798 3356 te

2223 3393 2497 3449 habuisset
2508 3391 2739 3447 Massilia
2751 3392 3083 3448 sacerdotem
3100 3392 3112 3446 !
3139 3406 3410 3463 nunquam
3424 3406 3590 3449 naves
3602 3393 3797 3461 oleum,

2221 3489 2316 3540 aut
2327 3482 2557 3554 reliquas
2569 3482 2777 3552 species
2788 3482 3122 3551 detulissent,
3137 3483 3239 3540 nisi
3261 3490 3465 3540 tantum
3482 3485 3723 3540 chartam
3738 3494 3794 3551 ω,

2223 3589 2330 3646 quo
2370 3574 2628 3645 majorem
2683 3575 3130 3647 opportunitatem
3187 3574 3457 3633 scribendi
3512 3576 3579 3632 ad
3634 3576 3799 3634 bonos

2224 3668 2559 3725 infamandos
2608 3668 2858 3726 haberes.
2906 3668 3012 3726 Sed
3059 3678 3345 3739 paupertas
3390 3669 3589 3725 chartae
3638 3669 3797 3726 finem

2218 3760 2447 3831 imponit
2474 3761 2802 3818 verbositati.
2832 3780 2850 3814 ι
2874 3760 3155 3818 Immensae
3182 3761 3325 3816 enim
3361 3769 3475 3818 erat
3502 3759 3799 3831 cupiditatis

2224 3863 2382 3925 atque
2408 3854 2694 3924 iactantia.
2736 3854 2843 3911 Sed
2874 3869 2972 3924 ego
3016 3853 3117 3911 ista
3145 3862 3490 3925 postponens,
3518 3868 3585 3909 ne
3610 3853 3690 3909 illi
3728 3842 3799 3907 sl-

2224 3946 2367 4003 milis
2408 3960 2718 4017 appaream,
2747 3945 2877 4003 illud
2918 3946 3200 4013 explicabo
3236 3946 3463 4016 qualiter
3515 3957 3799 4015 germanus

2224 4051 2379 4093 meus
2408 4045 2437 4075 ιι
2466 4036 2533 4093 ab
2561 4037 2662 4093 hac
2685 4038 2802 4092 luce
2833 4036 3158 4108 migraverit,
3186 4043 3243 4092 et
3269 4050 3429 4106 quam
3456 4036 3699 4092 velocem
3744 4036 3798 4090 in

2224 4141 2595 4199 percussorem
2616 4126 2733 4197 ejus
2755 4127 3012 4183 Dominus
3037 4125 3345 4197 praestiterit
3366 4125 3643 4183 ultionem-
3662 4124 3801 4187 Gon-

2224 4229 2537 4278 senescente
2565 4220 2723 4277 beato
2749 4220 2961 4278 Tetrica
2989 4220 3239 4278 ecclesiae
3268 4220 3572 4291 Lingonicae
3617 4233 3797 4276 sacer-

2301 4382 2315 4431 i
2352 4383 2431 4437 Ex
2460 4382 2789 4449 institutione
2839 4379 3085 4449 Perpetui
3126 4378 3279 4449 infra,
3306 4377 3401 4449 lib.
3445 4393 3499 4449 x,
3546 4389 3665 4446 cap.
3709 4374 3797 4443 51,

2226 4451 2534 4526 Epiphaniae
2556 4446 2751 4526 vigiliae
2774 4446 3064 4526 agebantur
3089 4449 3144 4503 in
3170 4448 3431 4526 ecclesia,
3447 4446 3501 4526 id
3529 4456 3612 4507 est
3639 4448 3695 4526 in
3721 4459 3802 4526 ca—

2228 4517 2459 4579 thedrali
2490 4539 2504 4575 :
2531 4517 2722 4577 exinde
2750 4517 2947 4583 autem,
2970 4520 3048 4575 uti
3077 4533 3146 4574 ex
3182 4520 3435 4587 praesenti
3484 4517 3600 4573 loco
3639 4517 3796 4587 disci-

2229 4609 2368 4660 mus,
2409 4593 2680 4663 processio
2708 4590 2869 4645 fiebat
2897 4590 2975 4663 ad
2990 4585 3261 4663 basilicam
3287 4588 3458 4643 sancti
3483 4586 3711 4643 Martini.
3742 4585 3798 4640 in

2228 4679 2289 4720 ea
2318 4658 2494 4737 primo
2522 4664 2675 4737 signa
2704 4676 2799 4716 seu
2824 4661 3025 4737 vexilla
3044 4658 3453 4737 deferebantur,
3485 4667 3599 4737 tum
3644 4671 3795 4737 crux,

2228 4726 2545 4803 quandoque
2573 4726 2730 4803 etiam
2744 4745 2911 4785 sacrae
2932 4730 3188 4803 reliquiae,
3209 4739 3339 4803 e_tc.,
3362 4728 3501 4803 quod
3523 4726 3800 4803 et_ex_sli_is

2227 4796 2472 4876 Gregorii
2502 4802 2628 4857 locis
2670 4812 2834 4876 patet;
2864 4796 3101 4876 qui'mos
3149 4796 3411 4870 hodieque
3460 4798 3515 4854 in
3560 4796 3797 4854 Ecclesia

2227 4872 2489 4930 catholica
2518 4877 2572 4928 in
2596 4872 3022 4942 processionibus
3048 4879 3373 4940 perseverat.

2299 4968 2324 5005 κ
2353 4967 2530 5032 (1011),,
2558 4964 2827 5034 increpuit.
2858 4962 2989 5017 Bell.
3022 4971 3074 5017 et
3104 4959 3289 5028 Corb.,
3320 4960 3590 5031 intreput't.

2301 5063 2318 5099 ι
2354 5061 2516 5116 Deest
2550 5058 2649 5115 hoc
2674 5066 2833 5127 caput
2861 5057 2915 5112 in
2944 5055 3129 5121 Corb.,
3160 5056 3289 5111 Bell.
3318 5064 3373 5111 et
3415 5055 3569 5127 Coll).
3594 5052 3799 5127 ;ha_be-

2225 5141 2312 5188 tur
2336 5140 2510 5187 autem
2550 5130 2604 5183 in
2648 5124 2850 5194 Cas—im,
2882 5128 3032 5191 Bec.,
3082 5128 3295 5195 Regm.,
3347 5134 3451 5180 etc.
3503 5124 3579 5180 De
3626 5124 3799 5180 Felice

2263 5203 2423 5258 assim
2452 5202 2560 5271 agit
2586 5198 2872 5271 Gregorius
2898 5215 2913 5266 ;
2945 5198 3084 5271 sicut
3110 5207 3165 5271 et
3192 5196 3537 5271 Fortunatus,
3568 5196 3657 5264 qui
3688 5195 3799 5264 ejus

2244 5275 2409 5328 audes
2434 5265 2672 5342 pluribus
2697 5265 3010 5342 celebravit,
3042 5265 3601 5342 potiss_imumlib.A1n,
3632 5279 3796 5342 carm.

2224 5343 2279 5411 5,
2305 5344 2337 5395 4
2366 5333 2619 5413 θιέρψιη
2646 5340 2964 5413 subscripsit
3002 5333 3153 5393 cene.
3184 5336 3386 5393 Turon.
3433 5338 3511 5405 n,‘
3538 5350 3629 5391 an.
3676 5333 3796 5401 567,

2224 5408 2278 5471 et
2302 5414 2471 5469 Paris.
2503 5408 2582 5479 l'v',
2613 5426 2697 5467 an.
2733 5408 2856 5463 575.

2294 5507 2334 5528 "
2360 5507 2436 5631 Ex
2470 5504 2701 5576 Egypto
2729 5504 2933 5558 scilicet
2959 5502 3190 5557 allatam.
3226 5500 3289 5555 ν.
3324 5510 3475 5557 notas
3504 5500 3557 5555 in
3588 5498 3680 5555 lib.
3726 5512 3796 5562 vr,

2294 5592 2341 5631 [ι.
2409 5616 2423 5631 .

2224 5592 2341 5648 cap.
2371 5592 2423 5632 υ.

2294 5645 2320 5707 ιι
2352 5672 2543 5727 Petrus
2574 5668 2879 5733 vocabatur,
2924 5667 3176 5721 diaconus
3226 5676 3281 5722 ut
3332 5680 3399 5721 ex
3434 5678 3586 5791 seqq.
3633 5645 3810 5737 θείατ’

2294 5756 2427 5791 ιαυίί
2454 5741 2575 5791 vide
2607 5739 2697 5791 lib.
2740 5754 2773 5791 ιι
2804 5738 2869 5791 de
2896 5736 3076 5791 Gloria
3106 5739 3285 5791 Mart..
3318 5750 3435 5791 can.
3463 5736 3498 5788 2
3540 5774 3555 5791 .

2222 5743 2298 5801 De
2322 5756 2427 5813 quc
2454 5741 2575 5795 vide
2607 5739 2697 5793 lib.
2740 5754 2773 5793 ιι
2804 5738 2869 5793 de
2896 5736 3077 5795 Gloria
3106 5739 3285 5803 Μηιι.ι
3318 5750 3435 5807 cap.
3463 5736 3555 5792 24.
