4028 6342
318 370 427 444 sai

1290 386 1609 447 HISTORIA
1646 381 2103 445 ramconuu.
2144 383 2349 442 mssa
2388 356 2707 453 QUINTUS.

3486 384 3595 443 '52!

317 502 466 569 dote,
494 513 615 559 cum
645 498 993 572 Lampadium
1020 498 1305 557 diaconum
1325 540 1342 567 ,
1372 516 1533 573 quem
1582 499 1907 556 creditorem
1934 500 1993 559 Δ
2013 496 2278 553 conicum
2301 497 2410 553 filio
2431 496 2677 555 Silvestri
2702 496 3070 567 coniungitur,
3090 497 3405 554 machinam
3430 508 3595 569 atque

318 594 529 661 habuit,
551 592 858 664 dejecisset.
899 600 957 649 et
982 592 1146 649 frater
1174 606 1349 659 meus,
1401 592 1529 647 dum
1555 589 1898 662 pauperibus,

317 701 457 759 quos
479 686 570 741 ille
588 686 730 743 male
754 686 1100 757 spoliaverat,
1128 685 1380 755 opitulari
1405 686 1646 756 cupiens,
1680 696 1908 739 consen-

320 778 485 833 sisset
504 778 557 832 in
590 776 706 847 ejus
732 772 1179 843 humiliationem,
1205 776 1390 833 odium
1418 792 1486 833 ex
1515 776 1616 832 hoc
1658 774 1903 831 incurrit.

319 870 531 926 Interea
571 870 761 927 beatus
790 870 1031 926 Tetricus
1059 885 1090 927 a
1130 871 1386 941 sanguine
1430 870 1699 927 sauciatur
1722 878 1750 907 ιι
1778 884 1793 921 :
1821 868 1909 923 cui

320 977 446 1017 eum
477 961 619 1018 nulla
647 961 978 1018 medicorum
1005 963 1240 1019 fomenta
1294 963 1556 1029 valerent,
1604 961 1908 1018 eonturbati

320 1052 528 1121 clerici,
558 1060 614 1110 et
640 1067 673 1109 a
700 1062 917 1124 pastore
942 1063 1002 1110 ut
1030 1064 1157 1126 pote
1184 1056 1458 1125 destituti,
1490 1055 1855 1112 Mondericum
1880 1052 1908 1093 ιι

323 1153 584 1215 expetunt
614 1161 628 1200 :
660 1146 752 1215 qui
799 1160 831 1200 a
858 1161 984 1218 rege
1015 1146 1274 1214 indultus,
1300 1161 1364 1204 ac
1414 1156 1745 1213 tonsuratus,
1797 1148 1912 1218 epi-

324 1250 520 1305 scopus
544 1237 841 1305 ordinatur,
859 1239 958 1295 sub
985 1254 1049 1295 ea
1079 1239 1294 1308 quidem
1323 1239 1522 1310 specie.
1551 1248 1610 1295 ut
1634 1240 1758 1295 dum
1785 1240 1913 1296 bea-

325 1339 413 1385 tus
440 1330 683 1386 Tetricus
710 1331 943 1400 viveret,
974 1331 1061 1387 hic
1090 1331 1501 1390 Temodorense
1525 1342 1760 1391 castrum
1798 1344 1823 1373 ο
1853 1340 1913 1390 ut

325 1422 758 1494 archipresbyter
788 1432 1018 1495 regeret,
1046 1434 1207 1496 atque
1250 1427 1305 1481 in
1347 1441 1414 1482 eo
1456 1434 1907 1494 commoraretur;

325 1514 594 1583 migrante
618 1514 777 1585 207
806 1529 935 1571 vero
963 1515 1279 1585 decessore,
1310 1518 1413 1573 iste
1462 1518 1798 1574 succederet.
1850 1518 1911 1576 in

325 1618 435 1676 quo
462 1613 641 1662 castro
662 1606 791 1663 dum
821 1607 1110 1679 habitaret,
1142 1612 1276 1665 iram
1305 1610 1446 1681 regis
1475 1611 1718 1667 incurrit.
1749 1613 1912 1668 Asse~

324 1698 546 1754 rebatur
572 1699 715 1756 enim
741 1706 929 1756 contra
956 1715 1081 1757 eum
1098 1740 1116 1770 ,
1144 1702 1289 1773 quod
1330 1703 1446 1773 ipse
1476 1702 1747 1774 Sigiberto
1774 1703 1909 1773 regi,

324 1788 589 1847 adversus
634 1790 856 1849 fratrem
908 1804 1065 1848 suum
1119 1791 1578 1849 Guntch'ramnum
1625 1794 1906 1859 venienti,

2006 590 2333 648 confirmans
2361 602 2569 662 patrem
2597 607 2752 648 suum
2779 591 2846 647 ab
2873 592 2991 661 ipso
3021 593 3184 649 fuisse
3213 593 3489 650 maleficiis
3512 598 3598 650 in-

2008 684 2315 741 terfectum.
2344 684 2414 738 At
2443 684 2532 741 ille
2562 694 2719 740 aetate
2748 684 2994 753 juvenis,
3024 699 3183 742 sensu
3211 686 3365 754 levis,
3404 696 3595 745 contra

2008 789 2129 831 eum
2152 774 2316 845 208
2336 786 2723 843 commovetur,
2755 776 2928 845 ipsum
2956 777 3219 847 impetens
3242 778 3452 846 publice
3473 792 3599 848 par-

2008 864 2250 920 ricidam.
2286 865 2454 920 Porro
2502 865 2589 922 ille
2637 866 2754 921 haec
2801 867 3055 935 audiens,
3109 868 3248 926 facto
3298 870 3491 940 placito
3542 871 3599 927 in

2011 956 2302 1026 prasentia
2353 956 2526 1011 sancti
2572 956 2763 1013 Nicetii
2808 958 3063 1029 episc0pi,
3112 961 3358 1016 avunculi
3411 962 3601 1018 matris

2010 1061 2168 1115 mete,
2200 1046 2517 1117 Lugdunum
2545 1047 2790 1119 dirigitur
2815 1067 2829 1115 ;
2859 1059 2915 1105 et
2936 1049 3007 1105 ibi
3037 1051 3245 1122 Siagrio
3286 1052 3540 1123 episcopo
3572 1053 3591 1092 ί

2012 1152 2194 1193 coram
2250 1147 2479 1207 astante,
2539 1147 2594 1194 et
2652 1139 2771 1194 aliis
2812 1141 3179 1198 sacerdotibus
3223 1143 3428 1212 multis,
3477 1159 3599 1201 cum

2011 1229 2350 1285 saecularium
2397 1230 2743 1300 principibus,
2778 1246 2838 1287 se
2886 1244 3222 1291 sacramento
3250 1237 3416 1307 exuit,
3466 1252 3605 1293 nun-

2013 1335 2171 1390 quam
2200 1335 2261 1377 se
2309 1323 2364 1377 in
2414 1331 2642 1379 mortem
2688 1322 2931 1379 Silvestri
2980 1326 3195 1380 mistum
3241 1327 3423 1385 fuisse.
3471 1329 3602 1385 Post

2012 1412 2147 1469 duos
2174 1429 2303 1470 vero
2328 1429 2498 1471 annos
2530 1416 2815 1486 inatigatus
2845 1416 3040 1471 iterum
3070 1432 3099 1471 a
3130 1418 3420 1489 Lampadio
3460 1420 3601 1478 ﬁlius

2013 1503 2291 1576 Silvestri,
2326 1516 2603 1563 assecutus
2642 1508 2696 1563 in
2726 1508 2808 1563 via
2838 1508 3053 1564 Petrum
3084 1509 3389 1579 diaconum,
3419 1514 3604 1569 lancea

2013 1597 2307 1652 sauciatum
2332 1596 2627 1654 interfecit.
2658 1597 2810 1665 Quod
2837 1613 2961 1653 cum
2983 1598 3181 1654 factum
3213 1600 3422 1670 fuisset,
3445 1602 3513 1657 de
3536 1616 3605 1658 eo

2015 1688 2136 1744 loco
2162 1688 2402 1745 elevatus
2421 1734 2437 1758 ,
2468 1700 2525 1745 et
2550 1691 2616 1745 ad
2646 1690 2967 1747 Divionensc
2997 1690 3204 1747 delatus
3230 1700 3488 1761 castrum,
3516 1708 3605 1749 se-

2013 1793 2110 1837 cus
2129 1791 2375 1838 sanctum
2398 1783 2716 1854 Gregorium
2738 1799 2996 1854 proavum
3012 1794 3253 1842 nostrum
3274 1785 3534 1856 sepelitur
3554 1789 3569 1838 i
3593 1832 3602 1846 ,

326 1881 578 1938 alimenta
616 1890 673 1939 et
700 1896 925 1939 munera
976 1885 1309 1953 praebuisset.
1354 1886 1517 1956 Igitur
1565 1894 1835 1942 extractus
1876 1900 1910 1941 a
1938 1870 1989 1933 Β
2016 1872 2124 1933 lste
2152 1892 2279 1932 vero
2306 1877 2573 1933 homicida
2604 1878 2781 1949 fugam
2806 1879 3005 1948 iniens,
3036 1882 3103 1936 ad
3129 1880 3489 1952 Chilpericum
3518 1900 3604 1942 re-

325 1984 528 2041 castro,
561 1975 613 2030 in
634 1974 884 2031 exsilium
911 1988 1072 2046 super
1092 1976 1265 2046 ripam
1284 1977 1525 2033 Rhodani
1556 1978 1609 2033 in
1629 1977 1759 2032 turri
1787 1992 1916 2047 qua-

326 2069 455 2125 dam
485 2078 630 2127 arcta
658 2078 818 2142 atque
843 2070 1051 2127 detecta
1079 2071 1373 2128 retruditur
1407 2087 1417 2125 :
1449 2072 1505 2126 in
1533 2086 1637 2142 qua
1661 2086 1756 2141 per
1781 2072 1915 2127 duos

330 2160 448 2216 fere
490 2174 659 2217 annos
703 2175 824 2217 eum
852 2161 1040 2232 grandi
1083 2162 1325 2217 cruciatu
1351 2169 1736 2217 commoratur.
1769 2161 1919 2218 Obti-

330 2259 493 2306 nente
532 2250 689 2308 beato
713 2251 923 2309 Nicetio
948 2252 1221 2323 episeopo,
1252 2252 1569 2323 Lugdunum
1596 2252 1915 2322 regreditur,

332 2341 699 2414 habitavitque
745 2357 868 2399 cum
897 2358 962 2400 eo
990 2359 1086 2414 per
1108 2346 1244 2400 duos
1268 2359 1501 2401 menses.
1535 2344 1644 2401 Sed
1670 2359 1792 2399 cum
1821 2344 1918 2399 ob-

334 2432 508 2489 tinere
535 2448 642 2489 non
668 2444 851 2503 posset
881 2450 913 2491 a
940 2450 1066 2506 rege
1087 2476 1103 2502 ,
1133 2446 1193 2492 ut
1221 2437 1275 2491 in
1304 2435 1480 2492 locum
1509 2436 1654 2492 unde
1678 2436 1918 2506 deiectus

331 2520 530 2589 fuerat,
560 2525 955 2593 restitueretur,
1002 2534 1159 2582 nocte
1188 2541 1283 2597 per
1322 2526 1501 2597 fugam
1529 2526 1707 2597 lapsus
1731 2528 1799 2583 ad
1828 2528 1918 2585 Si-

331 2620 603 2688 gibertum
632 2634 814 2691 regem
845 2616 873 2658 ά
904 2622 1131 2688 transiit,
1162 2629 1219 2677 et
1238 2621 1375 2691 apud
1406 2621 1757 2678 Arisitensem
1789 2633 1812 2660 ο
1841 2622 1920 2677 vi-

333 2722 465 2763 cum
493 2710 776 2781 episcopus
804 2711 1119 2779 instituitur,
1150 2712 1354 2769 habens
1382 2713 1481 2769 sub
1514 2727 1574 2769 se
1602 2714 1721 2783 plus
1742 2714 1921 2770 minus

334 2798 605 2856 dimceses
642 2800 663 2839 ΐ
693 2800 1018 2871 quindecim,
1048 2817 1179 2872 quas
1222 2805 1453 2873 primum
1481 2804 1665 2861 Gottbi
1701 2806 1918 2875 quidam

337 2898 641 2957 tenuerant,
669 2907 812 2948 nunc
850 2908 980 2950 vero
1028 2893 1323 2952 Dalmatius
1350 2906 1375 2945 ε
1400 2897 1762 2954 Ruthenensis
1805 2899 1921 2967 epi-

336 2996 532 3052 scopus
572 2982 898 3040 vindicabat.
950 2985 1067 3052 Quo
1116 2987 1347 3044 abeunte
1395 2989 1589 3044 iterum
1642 2988 1919 3060 Lingonici

339 3074 655 3131 Silvestrum
685 3077 1035 3147 popinquum,
1059 3078 1145 3134 vel
1170 3077 1245 3149 [Ι.
1276 3076 1353 3148 et]
1375 3091 1639 3149 nostrum,
1662 3082 1747 3137 vel
1776 3081 1918 3138 beati

336 3166 532 3223 Tetrici
558 3207 574 3234 ,
618 3167 930 3238 episcopum
957 3167 988 3206 ιι
1014 3178 1291 3240 expetunt.
1337 3170 1445 3226 Sed
1488 3180 1664 3227 tamen
1708 3179 1769 3227 ut
1793 3186 1915 3227 eum

2018 1986 2139 2043 gem
2182 1971 2412 2039 transiit,
2462 1970 2805 2027 facultatibus
2852 1974 2963 2028 suis
3010 1973 3141 2031 fisco
3178 1973 3205 2012 ιε
3257 1976 3398 2046 regis
3438 1975 3607 2033 Gunt-

2019 2064 2261 2120 chramni
2281 2062 2536 2117 dimissis.
2568 2062 2811 2132 Cumque
2842 2079 2937 2135 per
2965 2065 3176 2121 diversa
3203 2078 3486 2136 vagaretur
3506 2084 3607 2139 pro

2019 2155 2310 2210 commisso
2334 2154 2559 2220 scelere,
2595 2170 2695 2210 nec
2724 2156 2774 2211 ei
2803 2165 2947 2212 esset
2972 2157 3124 2214 locus
3154 2159 3338 2216 ﬁrmus
3367 2162 3433 2217 ad
3456 2177 3607 2218 com-

2020 2248 2369 2313 morandum;
2401 2248 2641 2315 tandem,
2665 2256 2723 2303 ut
2750 2250 2931 2318 credo,
2978 2260 3168 2307 contra
3196 2269 3317 2309 eum
3346 2257 3608 2327 sanguine

2021 2339 2232 2393 insonte
2260 2338 2325 2392 ad
2356 2338 2589 2393 divinam
2618 2341 2911 2409 potentiam
2942 2344 3339 2415 proclamante,
3371 2348 3428 2403 in
3474 2365 3608 2419 quo-

2021 2430 2144 2486 dam
2169 2430 2286 2485 loco
2310 2430 2438 2485 dum
2465 2430 2569 2485 iter
2598 2442 2797 2503 ageret,
2820 2433 3162 2492 innocentem
3185 2439 3457 2496 hominem
3478 2456 3608 2498 eva-

2022 2524 2202 2595 ginato
2230 2523 2405 2594 gladio
2440 2520 2460 2561 ι
2496 2524 2789 2581 interemit.
2818 2526 2986 2597 Cujus
3037 2538 3288 2598 parentes
3317 2533 3608 2590 condolen—

2023 2624 2106 2671 tes
2135 2614 2418 2685 propinqui
2444 2614 2672 2683 exitum,
2698 2626 2966 2673 commota
3013 2621 3297 2690 seditione,
3352 2626 3610 2681 extractis

2020 2707 2233 2778 gladiis,
2258 2722 2379 2763 eum
2406 2708 2457 2761 in
2488 2707 2657 2762 frusta
2687 2708 2999 2776 concidunt,
3032 2713 3483 2785 membratimque
3530 2716 3611 2771 di-

2022 2810 2297 2872 spergunt.
2348 2802 2533 2857 Talem
2569 2800 2717 2871 justo
2744 2802 2949 2872 judicio
2988 2804 3083 2859 Dei
3113 2814 3153 2841 ιη
3186 2806 3394 2862 exitum
3443 2809 3611 2865 miser

2024 2894 2253 2963 accepit,
2284 2900 2343 2947 ut
2368 2895 2456 2965 qui
2482 2896 2839 2964 pr0pinquum
2866 2896 3209 2951 innocentem
3239 2899 3610 2969 interemerat,

2024 2985 2141 3055 ipse
2167 2999 2366 3041 nocens
2402 2986 2600 3041 diutius
2649 3002 2755 3042 non
2799 2992 3041 3044 maneret
3074 3006 3087 3041 :
3120 3005 3245 3045 nam
3290 2992 3446 3046 tertio
3495 2993 3612 3049 haec

2023 3074 2075 3130 ei
2096 3085 2576 3131 eveneruntanno.
2608 3076 2849 3146 Denique
2878 3086 2996 3146 post
3022 3081 3305 3135 transitum
3337 3082 3611 3153 Silvestri,

2023 3164 2301 3235 Lingonici
2332 3165 2525 3220 iterum
2563 3166 2871 3235 episcopum
2919 3167 3240 3238 ﬂagitantes,
3290 3170 3610 3242 Pappolum,

336 3266 577 3328 peterent
596 3303 611 3326 ,
640 3258 817 3315 fratris
845 3260 951 3316 mei
982 3260 1087 3317 hoc
1131 3260 1387 3321 instinctu
1418 3260 1678 3318 fecerunt,
1708 3263 1916 3321 Interea
1944 3245 1994 3310 C
2025 3258 2116 3328 qui
2138 3256 2406 3327 quondam
2438 3257 2845 3313 archidiaconus
2869 3260 3368 3328 Augustodunensis
3410 3264 3607 3333 fuerat,

336 3357 649 3407 transeunte
675 3350 834 3407 beato
863 3350 1100 3419 Tetrico,
1134 3351 1223 3408 hic
1251 3360 1407 3407 tonso
1434 3354 1610 3423 capite
1636 3356 1919 3428 presbyter

335 3440 633 3510 ordinatur,
659 3452 877 3511 accepta
897 3443 1042 3498 omni
1063 3452 1327 3513 potestate
1354 3444 1419 3500 de
1447 3445 1609 3501 rebus
1635 3447 1912 3503 ecclesiae:

334 3532 426 3601 qui
447 3546 577 3588 vero
599 3540 659 3588 ut
689 3532 1116 3591 benedictionem
1148 3535 1500 3605 episcopalem
1533 3536 1776 3608 Lugduni
1821 3553 1918 3596 ac-

335 3623 516 3693 cipiat,
550 3626 651 3681 iter
673 3634 847 3696 parat.
878 3626 1010 3695 Quae
1051 3627 1178 3683 dum
1203 3638 1455 3700 aguntur,
1484 3631 1599 3700 ipse
1636 3632 1759 3702 quia
1804 3633 1918 3703 jam

335 3712 429 3768 diu
456 3714 767 3785 epilepticus
794 3725 932 3785 erat,
965 3717 1033 3773 ab
1073 3717 1177 3774 hoc
1202 3719 1395 3775 morbo
1422 3728 1724 3793 correptus,
1756 3738 1918 3793 aspe-

334 3803 448 3858 rius
480 3814 629 3859 extra
659 3806 1102 3879 sensum'factus,
1134 3818 1190 3865 et
1234 3824 1331 3880 per
1366 3811 1483 3868 dies
1527 3814 1661 3869 duos
1706 3816 1920 3873 assidue

335 3893 470 3951 dans
497 3897 777 3967 mugitum,
802 3899 959 3954 tertia
988 3898 1077 3956 die
1122 3902 1368 3971 spiritum
1395 3904 1682 3961 exhalavit.
1713 3907 1922 3973 Quibus

334 3989 595 4059 peractis,
625 3990 969 4061 Lampadius,
992 4001 1051 4047 ut
1072 3995 1316 4064 superius
1345 3995 1598 4063 diximus,
1619 3998 1688 4052 ab
1717 3999 1922 4055 honore

337 4091 397 4140 et
422 4082 674 4142 facultate
698 4086 958 4156 privatus,
988 4086 1043 4142 in
1067 4086 1247 4143 odium
1280 4086 1407 4160 [Ed.
1432 4086 1578 4159 odio]
1625 4089 1769 4146 Petri
1802 4090 1919 4146 dia-

415 4251 442 4281 ι
469 4242 527 4299 ld
546 4251 631 4300 est
668 4246 938 4316 apoplexi,
961 4261 1081 4318 quae
1109 4262 1177 4305 ex
1201 4246 1477 4317 sanguinis
1503 4246 1765 4304 effusione
1811 4250 1923 4305 ori-

340 4322 453 4467 ιῖηέἶ
938 4387 1269 4469 Bollandiani
1289 4387 1453 4469 ‘ad.l8
1481 4388 1673 4469 Martii,
1701 4389 1923 4469 Munde-

339 4457 504 4527 ricus,
533 4470 651 4527 seu,
683 4465 742 4511 ut
769 4457 861 4512 alii
891 4458 1155 4524 scribunt,
1185 4458 1504 4527 Modericus,
1540 4459 1790 4516 Ansberti
1838 4463 1921 4516 fa-

338 4526 630 4597 mosissimi
657 4528 920 4583 senatoris
949 4529 1110 4595 filius,
1137 4531 1196 4588 S.
1224 4530 1427 4586 Arnulfi
1450 4530 1619 4597 episc.
1647 4532 1923 4590 Mettensis

340 4594 528 4667 fraterJ
556 4598 644 4667 qui
676 4598 855 4653 clarus
886 4594 1159 4658 miraculis
1194 4600 1391 4657 obiisse
1419 4594 1630 4657 dicitur.

418 4676 441 4704 ο
473 4667 853 4741 -Τοτῃοὰοιξψη
882 4670 1158 4741 oppidum,
1188 4672 1347 4741 vulgo
1375 4670 1654 4740 Tonnerre,
1696 4674 1922 4730 comita-

342 4745 430 4791 tus
458 4736 982 4814 dignitateillustre'.
1016 4736 1165 4814 Haud
1211 4736 1429 4814 dubium
1474 4742 1603 4812 quin
1639 4736 1917 4814 ejusmodi

339 4814 639 4883 castrorum
662 4808 935 4883 episcopi,
963 4813 1053 4883 qui
1082 4808 1695 4883 archipresbyterorum'
1712 4816 1919 4873 vicibus

340 4877 716 4948 fungebantur,
755 4877 894 4951 apud
936 4877 1503 4955 plerosque'auctores
1546 4886 1920 4958 ehorepiscopi

338 4947 536 5004 fuerint
565 4949 833 5006 appellati.

363 4953 536 5004 uerint
565 4953 833 5006 annellati.

415 4964 536 5004 :rInt
565 4964 833 5020 appellati.

415 5016 445 5098 ξι
469 5019 558 5076 Sic
585 5021 915 5098 Casin.;alii,
942 5024 1011 5079 ad
1033 5024 1277 5098 Sigilterti
1300 5042 1533 5098 regnum.
1558 5026 1801 5083 Nondum
1829 5027 1920 5085 Si-

337 5088 591 5166 gebertus
616 5088 987 5166 eratOccisus,
1018 5088 1138 5150 cum
1172 5096 1289 5150 haec
1314 5088 1604 5166 contigere.

415 5170 440 5198 ο
468 5159 683 5241 Regna,
713 5159 1024 5241 Aritensem,
1070 5166 1165 5221 sed
1217 5159 1491 5241 mendose:
1537 5167 1922 5241 Namaliquot

337 5231 475 5286 alios
504 5232 831 5306 Arisitenses
859 5231 1149 5306 episeOpos
1167 5251 1230 5289 ex
1270 5236 1431 5291 variis
1474 5238 1782 5296 anetoribus
1806 5231 1915 5297 're-

337 5310 521 5357 censet
550 5302 790 5360 Valesius
810 5306 866 5361 in
888 5302 1085 5361 Notitia
1110 5304 1416 5360 Galliarum.
1444 5307 1591 5362 Haud
1614 5308 1707 5363 diu
1735 5319 1915 5370 tamen

337 5373 487 5448 _s_t_etit
512 5373 599 5428 illa
622 5375 804 5448 sedes.
834 5378 1095 5433 Incertum
1124 5390 1283 5448 porro
1314 5386 1397 5432 est
1423 5380 1541 5448 quis
1579 5379 1739 5434 fuerit
1766 5381 1914 5440 locus

336 5443 449 5509 ille,
496 5460 656 5514 quem
684 5460 751 5501 ex
793 5447 895 5515 hoc
952 5443 1193 5515 Gregorii
1241 5447 1359 5503 loco
1408 5443 1547 5513 intra
1600 5449 1915 5509 liuthenicze

337 5515 793 5591 dimceseos_lines
820 5515 1085 5576 contineri
1108 5518 1381 5576 discimus.
1425 5521 1517 5591 Est
1556 5535 1785 5591 namque
1830 5523 1912 5579 vi-

335 5598 429 5662 cus
459 5585 605 5662 Arist
634 5586 827 5662 dictus,
859 5592 947 5659 (ιυὶ
987 5591 1438 5662 LatineArisitum
1480 5590 1587 5646 diei
1632 5585 1910 5662 potuisset.

334 5655 433 5712 Est
461 5657 799 5732 etia_m_vicus
812 5655 1128 5729 montanus,
1154 5655 1371 5732 nomine
1394 5662 1532 5732 A_ire.
1567 5655 1812 5732 Plerique
1832 5674 1913 5721 ta-

336 5741 463 5782 men
491 5726 800 5805 existimant
826 5726 1362 5805 Arisitemis’nomiue
1408 5729 1673 5805 designari
1722 5726 1910 5805 pagum

336 5812 435 5878 seu
464 5799 789 5854 territoriqu
818 5842 871 5878 ,__
892 5803 1105 5878 longum
1153 5801 1373 5862 circiter
1414 5813 1514 5865 se:
1536 5799 1741 5871 leucas;
1766 5799 1910 5878 q'tfod

339 5869 501 5926 etiam
532 5883 672 5927 nunc
702 5869 1009 5943 appellatur
1024 5874 1234 5933 f'Arsat.

2018 3349 2289 3420 accipiunt
2314 3365 2329 3406 :
2359 3349 2449 3419 qui
2478 3350 2641 3405 multa
2660 3390 2674 3416 ,
2708 3359 2767 3405 ut
2790 3360 3036 3405 asserunt
3066 3352 3240 3419 multi,
3271 3355 3380 3423 egit
3405 3356 3608 3428 iniqua,

2019 3456 2142 3512 quae
2166 3456 2195 3496 a
2222 3441 2377 3497 nobis
2403 3441 2907 3511 przetermittuntur,
2934 3458 3002 3498 ne
3024 3444 3355 3501 detracturos
3384 3447 3608 3505 fratrum

2020 3547 2143 3590 esse
2183 3534 2509 3590 videamur:
2542 3542 2719 3589 tamen
2765 3536 2977 3603 qualem
3008 3536 3053 3590 is
3097 3536 3343 3592 habuerit
3385 3540 3609 3607 exitum,

2021 3642 2127 3683 non
2171 3628 2435 3683 omittam.
2465 3630 2620 3683 Anno
2668 3637 2857 3683 octavo
2902 3629 3065 3700 209
3114 3632 3452 3701 episcopatus
3499 3634 3605 3701 sui,

2020 3718 2148 3773 dum
2176 3718 2438 3774 dioeceses
2467 3731 2528 3774 ac
2566 3718 2716 3774 villas
2764 3719 3019 3774 Ecclesia:
3062 3720 3363 3776 circumiret
3395 3731 3443 3788 ιι,
3477 3738 3613 3792 qua-

2020 3809 2146 3865 dam
2183 3819 2342 3865 nocte
2373 3810 2662 3865 dormienti
2710 3810 2957 3879 apparuit
3002 3810 3081 3864 illi
3129 3811 3316 3867 beatus
3365 3813 3610 3871 Tetricus

2022 3898 2177 3953 vultu
2207 3900 2437 3966 minaci;
2481 3901 2565 3954 cui
2609 3899 2682 3954 ita
2732 3900 2903 3953 dicit:
2936 3899 3072 3966 Quid
3120 3909 3196 3965 tu,
3253 3903 3445 3971 inquit,
3498 3905 3610 3974 hie,

2023 3987 2304 4059 Pappole?
2336 3989 2403 4045 Ut
2447 3989 2574 4059 quid
2602 3988 2785 4044 sedem
2814 4002 2986 4042 meam
3020 3988 3255 4057 polluis?
3286 4001 3341 4044 ut
3369 3992 3493 4061 quid
3526 4009 3612 4049 ec-

2023 4079 2243 4136 clesiam
2271 4079 2551 4149 pervadis?
2602 4087 2660 4134 ut
2685 4078 2812 4148 quid
2844 4091 2972 4133 oves
2999 4078 3128 4133 milii
3158 4079 3391 4137 creditas
3419 4084 3499 4139 sic
3526 4084 3581 4139 di
3605 4112 3615 4127 ε

2100 4244 2119 4283 ί
2152 4244 2206 4297 td
2234 4251 2318 4299 est
2343 4242 2642 4312 parochias,
2674 4241 2763 4312 qui
2792 4242 3042 4311 loquendi
3075 4242 3266 4299 modus
3293 4245 3413 4300 aliis
3440 4247 3604 4305 etiam

2023 4315 2336 4386 auctoribus
2355 4312 2768 4386 familiarisfuit,
2793 4323 2848 4386 ut
2869 4312 3119 4386 observat
3138 4314 3339 4371 Savaro
3368 4317 3422 4373 in
3446 4319 3614 4386 epist.

2028 4384 2093 4440 l6
2124 4386 2243 4440 libri
2271 4401 2323 4439 Ix
2353 4384 2676 4455 Apollinaris
2716 4383 2945 4455 Sidonii.
2980 4384 3070 4438 llze
3118 4394 3294 4439 autem
3344 4383 3610 4455 parochias

2024 4471 2147 4529 cum,
2164 4454 2728 4529 septimanis-fuerant
2753 4455 2855 4510 sub
2881 4454 3116 4511 dominio
3141 4454 3609 4529 Wisigottborutn,

2025 4528 2114 4597 qui
2139 4528 2207 4582 ibi
2234 4528 2572 4582 instituerant
2598 4526 2927 4594 episcopum.

2098 4606 2125 4645 s
2152 4598 2367 4667 chm.,
2398 4608 2600 4652 sanctus
2630 4597 2888 4669 Martinus
2916 4598 3202 4669 episcopus.
3230 4598 3381 4666 Bad.,
3412 4598 3609 4656 Matius

2025 4670 2312 4739 episcopus.
2343 4669 2607 4723 Caeterum
2636 4684 2733 4737 pro
2758 4666 2913 4721 Nunc
2941 4666 3094 4735 vero,
3129 4670 3409 4739 legendum
3462 4680 3611 4727 esset

2025 4749 2147 4794 tunc
2171 4756 2307 4805 vero,
2340 4748 2434 4794 aut
2457 4748 2601 4794 certe
2622 4739 2867 4807 vindicat,
2895 4750 2992 4809 pro
3022 4740 3332 4795 vindicabat.
3363 4739 3611 4797 Valesius

2022 4810 2078 4866 in
2110 4812 2303 4867 Notitia
2333 4825 2427 4867 sua
2460 4810 2585 4879 legit
2614 4818 2742 4864 tum.

2092 4880 2125 4920 λι
2153 4883 2369 4952 Regm.,
2398 4880 2590 4936 Tetrici
2615 4881 2859 4950 episcopi.
2885 4881 2960 4939 De
2985 4897 3092 4953 quo
3112 4895 3272 4952 supra
3297 4882 3364 4937 ad
3390 4896 3507 4953 cap.
3540 4880 3609 4935 16

2021 4953 2117 5011 lib.
2145 4970 2217 5009 Iv.

2101 5024 2118 5062 ί
2153 5025 2202 5080 ls
2230 5034 2313 5082 est
2339 5025 2632 5096 episcOpus
2658 5021 3159 5096 Augustodunensis
3188 5022 3329 5092 apud
3360 5022 3421 5078 S.
3476 5022 3609 5079 Gre-

2024 5096 2234 5164 gorium
2265 5093 2511 5163 celebris,
2534 5093 2637 5165 'qui
2668 5093 2782 5148 sedi
2806 5108 2916 5148 sua:
2961 5093 3411 5165 palliihonore‘m,
3443 5102 3608 5165 etse-

1982 5222 1991 5230 ,
2026 5162 2186 5221 dendi
2215 5168 2389 5235 primo
2419 5162 2537 5222 loco
2564 5162 2977 5235 praerogativam
3014 5162 3245 5220 obtinuit
3295 5162 3365 5220 ab
3413 5162 3606 5221 eodem

2026 5236 2085 5293 S.
2118 5236 2387 5293 pontiﬁce.
3590 5288 3597 5291 Α

2054 5252 2460 5392 ζ’ἱιῖῗιῗιῦἓξῧῖω
2490 5308 2546 5364 8.
2581 5305 2825 5375 Joannis,
2851 5305 3011 5361 hodie
3038 5302 3308 5376 parochias
3330 5305 3485 5362 titulo
3524 5288 3610 5363 in?

2023 5388 2364 5525 δ’δέῃιῗξςωη
2395 5451 2677 5525 suis,un
2706 5455 2847 5525 erant
2877 5461 2940 5500 ea:
2968 5445 3257 5525 ﬁscooregio
3286 5447 3531 5525 dimissis.

2099 5520 2117 5562 ἶ
2146 5517 2290 5580 [dein
2317 5517 2506 5588 codex,
2532 5517 2787 5573 hominem
2802 5517 2945 5588 forte
2966 5517 3140 5587 giadio
3172 5518 3444 5574 interemit.

2090 5602 2129 5632 σι
2158 5594 2319 5660 Editi,
2336 5592 2494 5663 juxta'
2512 5590 2768 5663 judicium
2789 5588 2904 5663 Dei.

2089 5674 2118 5702 ι’
2147 5659 2433 5719 νίεἰιαῐὶᾱω
2479 5659 2725 5717 ditecesis
2770 5661 3040 5713 solemnem
3080 5659 3515 5727 consuetudinem,
3552 5665 3610 5714 ut

2017 5736 2271 5805 episcopis
2300 5751 2407 5805 mos
2434 5744 2525 5805 est,
2559 5731 2793 5805 appellat
2822 5730 3051 5805 Severus
3085 5731 3351 5805 Sulpicius
3380 5731 3539 5799 epist.
3571 5729 3598 5784 i

2019 5802 2086 5860 ad
2116 5806 2311 5875 Euseb.
2346 5803 2423 5859 De
2466 5803 2567 5861 hac
2594 5802 2790 5875 passim
2820 5802 3111 5874 Gregorius
3152 5812 3204 5858 et
3230 5802 3321 5857 alii
3352 5807 3605 5859 auctores

2019 5874 2239 5947 antiqui.
