4028 6342
463 338 568 399 ὃὶὅ

1491 336 1547 393 S.
1593 332 1923 392 GREGORII
1960 328 2267 393 ΕΙ)ΙεῦοῊ
2310 332 2743 393 ῬΟΒΟΝΕΝὸΒ

3611 322 3739 389 525

463 457 705 528 spergis?
731 456 874 512 Cede
900 456 1037 520 loco,
1068 452 1306 521 relinque
1334 448 1537 519 sedem,
1565 450 1795 507 abscede
1824 449 2034 520 longius
2061 452 2115 510 Α
2139 448 2281 502 dabit
2312 463 2331 499 .·
2361 458 2408 501 et
2437 450 2520 518 qui
2560 465 2663 503 non
2704 448 2874 515 habet,
2904 451 3074 518 ipsum
3104 451 3242 519 quod
3283 446 3430 504 habet
3450 452 3737 519 auferetur

464 564 495 604 a
522 550 757 619 regione.
792 549 857 603 Et
895 548 1010 603 haec
1046 545 1248 603 dicens,
1280 542 1481 611 virgam
1525 555 1684 611 quam
1712 539 1938 596 habebat
1976 540 2035 595 in

468 654 652 703 manu,
684 638 881 708 pectori
909 636 1023 704 ejus
1050 649 1167 689 cum
1200 633 1307 687 ictu
1338 632 1513 687 valido
1556 631 1783 701 impulit.
1829 630 1885 686 In
1927 644 2035 701 quo

470 732 560 786 ille
587 731 863 797 evigilans,
894 730 1020 783 dum
1060 727 1256 797 cogitat
1284 726 1409 796 quid
1440 725 1541 781 hoc
1585 734 1750 791 esset,
1799 724 1903 780 lixa
1926 734 1953 763 α
1983 725 2038 781 in

472 824 590 878 loco
619 822 706 876 illo
734 822 1000 891 deligitur,
1032 835 1094 874 ac
1124 818 1309 874 dolore
1352 820 1588 874 maximo
1637 817 1927 873 cruciatur.
1978 817 2038 873 In

475 915 574 969 hoc
600 914 758 982 igitur
777 927 976 982 angore
998 926 1241 977 manens,
1264 910 1515 965 abhorret
1534 910 1709 965 cibum
1731 918 2038 979 potumque,

472 1015 528 1061 et
576 1013 799 1059 mortem
844 1008 953 1073 jam
1011 1003 1109 1057 sibi
1160 1003 1455 1072 proximam
1500 1003 1855 1073 praestolatur.
1904 1000 2042 1068 Quid

475 1100 663 1170 plura?
691 1098 864 1152 Tertia
895 1097 982 1152 die
1010 1112 1131 1150 cum
1161 1095 1468 1167 sanguinem
1496 1109 1591 1150 ore
1616 1094 1918 1165 projiceret,
1949 1108 2044 1150 ex—

464 1194 719 1263 spiravit;
752 1191 945 1246 exinde
990 1190 1161 1245 elatus
1209 1188 1492 1261 Lingonas,
1546 1196 1628 1243 est
1673 1188 1932 1256 sepultus.
1985 1188 2042 1242 In

471 1284 623 1353 cujus
653 1284 826 1338 locum
855 1280 1173 1337 Mummolus
1214 1279 1378 1335 abbas
1408 1278 1457 1347 ι),
1490 1293 1646 1349 quem
1689 1279 1889 1333 Bonum
1941 1291 2045 1332 co-

470 1386 760 1447 gnomento
808 1383 1044 1441 vocant,
1094 1374 1379 1444 episcopus
1438 1373 1773 1429 substituitur
1819 1391 1833 1427 :
1884 1388 2041 1443 quem

474 1469 627 1525 multi
656 1468 862 1537 magnis
891 1467 1135 1522 laudibus
1175 1474 1565 1536 prosequuntur
1593 1481 1608 1519 :
1638 1465 1879 1520 dicentes
1921 1479 2043 1520 eum

472 1574 595 1615 esse
619 1569 848 1624 castum,
879 1558 1137 1625 sobrium,
1167 1557 1519 1625 moderatum,
1552 1571 1614 1611 ac
1640 1556 1691 1610 in
1722 1555 2047 1611 omni-boni-

478 1661 587 1709 tate
612 1652 1090 1721 promptissimum,
1117 1658 1379 1705 amantem
1418 1648 1698 1719 justitiam,
1730 1648 2043 1703 charitatem

475 1746 618 1801 omni
644 1746 939 1800 intentione
962 1743 1292 1814 diligentem.
1317 1741 1417 1807 Qui
1453 1750 1671 1808 accepto
1713 1740 2041 1811 episcopatu,

2139 539 2202 594 ab
2228 555 2287 593 eo
2318 539 2531 612 (Matth.
2566 555 2685 605 xm,
2728 539 2796 596 η
2814 543 2860 610 ).
2890 540 2957 595 Et
2983 541 3114 597 illud
3142 557 3158 595 :
3189 540 3320 598 Ecce
3342 558 3504 597 sanas
3549 543 3737 614 Im:

2139 646 2215 699 es,
2250 634 2364 701 jam
2414 633 2520 687 nali
2559 649 2788 702 peccare,
2838 648 2901 687 ne
2945 633 3070 703 quid
3117 632 3208 687 tibi
3248 635 3475 690 deterius
3523 639 3737 694 eveniat

2142 722 2320 795 (Joan.
2352 739 2404 789 v,
2434 725 2552 795 M).
2574 724 2707 780 Nam
2738 726 3063 795 perstitisset
3092 726 3179 781 llic
3206 725 3259 781 in
3289 728 3538 795 sanitate,
3562 730 3736 785 silu-

2142 819 2317 875 dteum
2346 833 2450 873 non
2482 818 2783 874 induxisset
2811 832 2976 887 super
2994 817 3226 873 divinam
3249 819 3526 877 virtutem.
3557 820 3731 877 Tales

2143 911 2287 967 enim
2334 910 2587 966 admonet
2634 918 2689 966 et
2719 911 2894 982 arguit
2932 910 3241 981 Apostolus,
3290 910 3513 969 dicens:
3544 914 3735 969 Nolite

2144 1005 2275 1060 enim
2289 1007 2476 1076 fugant
2503 1005 2689 1059 ducere
2726 1020 2844 1059 cum
2868 1004 3181 1073 infidelibus.
3220 1005 3357 1074 Qua:
3377 1007 3509 1062 enim
3553 1009 3732 1077 parti-

2146 1097 2333 1165 cipatio
2346 1096 2562 1165 justitia:
2582 1112 2699 1151 cum
2738 1097 3007 1166 iniquitate
3028 1097 3173 1151 ?Attt
3196 1112 3308 1166 qm
3335 1100 3551 1154 societas
3596 1102 3735 1156 lucis

2147 1204 2263 1242 cum
2293 1189 2509 1243 tenebris
2531 1198 2553 1226 ⁸
2580 1190 2603 1243 ?
2626 1190 2753 1256 Quis
2775 1199 2943 1243 autem
2971 1191 3362 1245 communicatio
3380 1191 3573 1247 Christi
3610 1210 3734 1249 cum

2146 1278 2308 1334 Belial
2331 1280 2356 1333 Σ)
2384 1280 2485 1335 Aut
2505 1297 2621 1351 quis
2643 1298 2762 1351 pars
2791 1282 2934 1349 ﬁdeli
2982 1297 3097 1335 cum
3118 1282 3316 1351 inﬁdeli
3338 1285 3363 1338 ?
3405 1284 3532 1351 Quis
3553 1295 3730 1340 autem

2148 1388 2421 1428 consensus
2443 1377 2630 1445 templo
2662 1375 2756 1429 Dei
2779 1390 2893 1429 cum
2916 1373 3073 1430 idolis
3105 1378 3129 1431 ?
3160 1375 3264 1432 Vos
3290 1378 3409 1432 estis
3435 1379 3571 1432 enim
3596 1388 3726 1433 tem-

2151 1464 2293 1533 plum
2320 1462 2411 1518 Dei
2434 1465 2553 1519 viui.
2583 1465 2865 1534 Propterea
2902 1469 3032 1522 exite
3054 1469 3118 1522 de
3155 1471 3322 1524 medio
3348 1486 3550 1541 eorum,
3578 1480 3625 1525 et
3647 1490 3730 1527 ae-

2152 1556 2401 1624 paramini
2441 1556 2502 1610 ab
2539 1556 2642 1623 his,
2672 1557 2743 1610 ait
2772 1557 3059 1613 Dominus‘
3093 1558 3196 1629 (Il
3223 1561 3343 1615 Cor.
3378 1576 3456 1632 vr,
3488 1563 3661 1617 14-17
3683 1564 3728 1633 ).

2156 1646 2280 1704 Ideo
2308 1647 2499 1705 doceat
2541 1663 2973 1720 unumquemque
3010 1651 3370 1708 Christianum
3403 1654 3516 1708 limo
3541 1668 3726 1721 causa,

2151 1748 2212 1795 ut
2238 1741 2451 1811 quando
2494 1740 2772 1797 cmlestem
2802 1743 3050 1813 accipere
3087 1743 3342 1799 meruerit
3378 1743 3723 1813 medicinam,

477 1848 807 1905 cognoscens
833 1835 979 1904 quod
1010 1832 1329 1901 Lampadius
1360 1832 1581 1887 multum
1613 1832 1679 1887 de
1706 1832 1862 1887 rebus
1907 1832 2049 1886 frau-
2079 1828 2127 1890 B
2153 1838 2363 1887 terrena
2394 1846 2499 1887 non
2530 1833 2769 1903 requirat
2795 1831 2995 1888 studia.

475 1925 656 1982 dasset
681 1927 944 1993 ecclesiae,
979 1940 1040 1980 ac
1070 1924 1137 1980 de
1166 1923 1351 1993 spoliis
1378 1936 1691 1993 pauperum,
1738 1936 1915 1993 agros,
1970 1922 2049 1978 vi-

477 2031 735 2087 neasque,
763 2016 844 2072 vel
868 2016 1129 2085 mancipia
1155 2022 1554 2085 congregasset,
1586 2028 1707 2069 eum
1737 2013 1803 2068 ab
1829 2012 1971 2068 omni
1992 2026 2053 2069 re

475 2106 732 2163 nudatum
759 2122 789 2162 a
817 2106 1099 2177 praesentia
1129 2120 1223 2162 sua
1249 2105 1406 2175 jussit
1451 2104 1609 2175 abigi.
1662 2104 1762 2172 Qui
1802 2118 1943 2160 nunc
1995 2104 2050 2161 in

473 2198 703 2256 maxima
732 2207 1051 2267 ωυρθινιαιθκ
1068 2198 1289 2268 degens,
1320 2196 1562 2253 manibus
1592 2198 1823 2267 propriis
1854 2198 2049 2254 victum

472 2287 686 2359 quaerit.
710 2288 833 2344 Haec
861 2288 927 2344 de
954 2288 1036 2344 bis
1055 2287 1341 2345 sufliciant.

547 2378 631 2434 Vl.
656 2381 809 2436 Anno
836 2395 961 2436 vero
986 2391 1009 2420 ε
1040 2395 1146 2450 quo
1173 2395 1356 2449 supra,
1384 2379 1434 2435 id
1464 2389 1545 2435 est
1574 2394 1679 2449 quo
1728 2388 1939 2437 mortuo
1964 2380 2049 2437 Si-

472 2468 680 2539 giberto
706 2470 1073 2525 Cliildebertus
1104 2471 1244 2525 filius
1272 2470 1388 2539 ejus
1416 2484 1638 2540 regnare
1658 2472 1839 2540 coepit,
1868 2471 2049 2527 multa:

474 2563 698 2617 virtutes
746 2561 813 2614 ad
866 2562 1164 2631 sepulcrum
1214 2562 1355 2617 beati
1399 2561 1605 2617 Martini
1653 2574 2047 2633 apparuerunt,

477 2668 609 2725 quas
636 2654 690 2709 in
722 2654 828 2710 illis
854 2653 1043 2710 libellis
1073 2655 1295 2723 scripsi,
1333 2669 1467 2722 quos
1491 2655 1556 2709 de
1579 2654 1747 2723 ipsius
1780 2654 2049 2712 miraculis

476 2760 800 2815 componere
830 2746 1047 2802 tentavi.
1090 2746 1158 2800 Et
1186 2747 1309 2802 licet
1347 2760 1595 2802 sermone
1622 2748 1839 2814 rustico,
1872 2755 2049 2804 tamen

477 2837 656 2894 celare
687 2852 873 2907 passus
903 2852 1009 2893 non
1027 2854 1167 2903 sum,
1199 2853 1318 2908 qua:
1339 2846 1431 2892 aut
1456 2838 1571 2908 ipse
1598 2838 1721 2903 vidi,
1753 2846 1845 2894 aut
1866 2853 1895 2894 a
1915 2840 2049 2895 fide-

476 2928 615 2986 libus
643 2931 806 2986 relata
853 2930 1098 3001 cognovi.
1145 2931 1241 2987 llic
1271 2940 1474 2987 tantum
1512 2932 1634 3002 quid
1663 2932 2050 3003 negligentibus

478 3023 739 3090 evenerit,
771 3024 857 3094 qui
891 3030 1015 3094 post
1043 3023 1297 3078 virtutem
1327 3023 1605 3080 caelestem
1639 3032 1854 3081 terrena
1880 3025 2051 3082 medi-

480 3122 726 3168 camenta
770 3115 1116 3183 quaesierunt,
1146 3116 1418 3171 exsolvam
1450 3133 1462 3168 :
1492 3116 1617 3185 quia
1644 3114 1782 3171 sicut
1812 3130 1904 3185 per
1931 3130 2050 3187 gra-

2226 1922 2335 1979 Vll.
2390 1924 2495 1980 Sed
2522 1935 2548 1972 ε
2579 1934 2630 1981 et
2670 1925 2795 1980 illud
2835 1939 3257 1982 commemorare
3292 1924 3453 1994 libet,
3489 1929 3604 1999 qui,
3641 1928 3729 1984 vel

2152 2014 2338 2085 quales
2371 2016 2471 2070 viri
2515 2016 2616 2071 hoc
2654 2030 2795 2070 anno
2824 2032 2855 2070 a
2887 2016 3110 2073 Domino
3155 2022 3282 2072 sunt
3324 2017 3518 2073 vocati.
3574 2017 3731 2074 Unde

2151 2122 2400 2177 magnum
2423 2122 2545 2163 eum
2568 2115 2623 2162 et
2649 2107 2758 2164 Deo
2788 2106 2818 2146 ιι
2846 2106 3228 2178 acceptabilem
3258 2122 3360 2178 ego
3386 2122 3604 2177 censeo,
3633 2110 3728 2180 qui

2150 2198 2270 2256 talis
2299 2199 2365 2255 de
2403 2207 2585 2255 nostra
2627 2207 2768 2254 terra
2809 2214 2907 2256 suo
2948 2199 3197 2269 paradiso
3233 2200 3547 2258 collocatur.
3591 2201 3725 2257 Nam

2150 2291 2462 2349 benedictus
2507 2290 2718 2348 Senocb
2774 2291 3093 2362 presbyter,
3150 2291 3245 2361 qui
3296 2291 3435 2362 apud
3483 2291 3730 2349 Turonos

2152 2387 2310 2456 Ωιι
2357 2384 2686 2448 morabatur,
2716 2383 2797 2438 sic
2821 2382 3066 2453 migravit
3091 2397 3122 2438 a
3150 2382 3369 2437 saeculo.
3400 2382 3525 2438 Fuit
3541 2393 3723 2440 autem

2152 2490 2348 2547 genere
2375 2475 2673 2541 Theifalns,
2713 2481 2769 2529 et
2815 2474 2867 2528 in
2894 2473 3159 2529 Turonico
3186 2472 3414 2529 clericus
3448 2474 3642 2541 lactus,
3673 2476 3729 2530 in

2151 2567 2397 2623 cellulam
2427 2581 2590 2637 quam
2632 2565 2746 2635 ipse
2781 2565 2920 2619 inter
2962 2564 3190 2634 parietes
3226 2564 3473 2635 antiquos
3508 2579 3730 2634 compo-

2150 2666 2354 2725 suerat,
2401 2671 2461 2712 se
2512 2655 2781 2712 removit:
2811 2655 3158 2725 collectisque
3201 2657 3499 2721 monachis,
3544 2666 3725 2712 orato-

2150 2750 2310 2814 rium,
2348 2747 2488 2818 quod
2530 2747 2697 2802 multo
2736 2756 2976 2817 tempore
3013 2747 3248 2802 dirutum
3277 2747 3467 2816 fuerat,
3506 2762 3727 2819 repara-

2151 2843 2246 2898 vit.
2276 2842 2421 2897 ldem
2450 2854 2614 2909 super
2654 2838 2898 2895 inﬁrmos
2939 2839 3137 2895 multas
3169 2840 3395 2895 virtutes
3422 2839 3563 2904 fecit,
3594 2854 3729 2910 quas

2152 2931 2205 2988 in
2229 2931 2367 2986 libro
2394 2929 2529 2985 Vita:
2558 2929 2674 2998 ejus
2701 2928 3013 2996 scripsimus
3050 2924 3095 2982 ί.

2224 3020 2359 3076 Vill.
2405 3020 2485 3076 Eo
2536 3020 2716 3074 annol
2753 3028 2805 3074 et
2847 3018 3032 3075 beatus
3064 3016 3362 3074 Germanus
3404 3017 3727 3073 Paridos-um

2155 3113 2435 3184 episcopus
2475 3111 2682 3167 transiit
2713 3128 2724 3163 :
2753 3110 2805 3166 in
2832 3109 2984 3179 cujus
3012 3109 3314 3179 exsequiis,
3349 3110 3532 3165 multis
3560 3110 3729 3163 virtu-

480 3205 605 3260 tiam
638 3205 802 3277 210
830 3206 1138 3272 sanitatum,
1182 3206 1253 3260 ita
1284 3213 1340 3262 et
1360 3221 1454 3275 per
1492 3207 1891 3277 castigationem
1918 3207 2054 3263 stul-
2080 3206 2128 3275 ρ
2155 3204 2300 3262 tibus
2324 3218 2454 3274 quas
2480 3203 2534 3258 in
2570 3216 2796 3271 corpore
2835 3209 3095 3271 gesserat,
3126 3200 3229 3256 hoc
3255 3200 3572 3256 miraculum
3599 3215 3731 3255 con-

484 3304 658 3352 torum
687 3296 852 3352 virtus
880 3297 996 3367 ejus
1033 3297 1354 3352 ostenditur.
1398 3297 1691 3353 Leonastes
1737 3298 2003 3369 Biturigas
2023 3294 2053 3337 εί

481 3387 910 3457 archidiaconus,
940 3388 1313 3445 decidentibus
1331 3391 1631 3457 cataractis,
1658 3392 1857 3447 lumine
1882 3394 2055 3448 caruit

483 3479 775 3533 oculorum.
811 3479 1061 3547 Quicum
1094 3495 1188 3550 per
1226 3481 1422 3538 multos
1466 3484 1704 3540 medicos
1747 3485 2054 3554 ambulans,

484 3567 618 3622 nihil
639 3568 856 3625 omnino
884 3568 1101 3624 visionis
1132 3572 1371 3640 recipere
1400 3580 1599 3641 posset,
1618 3576 1846 3631 accessit
1868 3576 1935 3631 ad
1962 3577 2057 3632 ba-

484 3659 689 3716 silicam
721 3659 861 3714 beati
895 3658 1101 3715 Martini
1136 3676 1151 3715 :
1182 3659 1272 3715 ubi
1306 3677 1398 3731 per
1421 3663 1558 3718 duos
1586 3674 1675 3719 aut
1707 3673 1815 3721 tres
1844 3682 2057 3725 menses

484 3752 814 3819 consistens,
836 3760 890 3808 et
914 3751 1165 3821 jejunans
1200 3754 1440 3822 assidue,
1485 3755 1663 3811 lumen
1695 3766 1753 3812 ut
1794 3758 2058 3828 reciperet

485 3842 773 3913 ﬂagitabat.
821 3844 1151 3901 Adveniente
1180 3854 1358 3902 autem
1402 3847 1709 3915 festivitate,
1754 3848 2057 3906 clarificatis

486 3935 653 3990 oculis
685 3950 909 3991 cernere
927 3937 1119 4007 cmpit;
1151 3952 1429 4008 regressus
1454 3954 1666 4009 quoque
1685 3940 1927 4008 domum,
1958 3955 2056 3997 vo-

486 4038 604 4082 cato
632 4030 859 4097 quodam
889 4028 1097 4095 Judaao,
1124 4040 1371 4086 ventosas
1395 4046 1616 4101 quarum
1645 4031 1906 4088 beneﬁcio
1932 4046 2061 4088 ocu-

486 4113 552 4169 lis
587 4117 764 4171 lumen
817 4128 1050 4186 augeret,
1097 4120 1334 4176 humeris
1381 4126 1712 4192 superponit.
1770 4123 2059 4180 Decidente

484 4222 695 4277 quoque
736 4211 1028 4279 sanguine,
1083 4226 1267 4266 rursus
1313 4213 1365 4268 in
1416 4215 1711 4271 recidivam
1762 4218 2058 4273 caecitatem

488 4298 765 4366 redigitur.
792 4299 945 4365 Quod
975 4316 1097 4355 cum
1126 4302 1322 4357 factum
1349 4301 1558 4373 fuisset,
1594 4321 1807 4361 rursum
1836 4308 1901 4362 ad
1925 4317 2061 4362 tem-

489 4385 636 4457 plum
677 4397 915 4447 sanctuin
955 4403 1232 4459 regressus
1280 4401 1379 4446 est.
1430 4392 1613 4462 Ibique
1659 4396 1849 4450 iterum
1906 4398 2061 4468 longo

493 4477 666 4547 Spatio
720 4490 1076 4536 commoratus
1104 4522 1117 4546 ,
1174 4483 1351 4538 lumen
1403 4486 1642 4552 recipere
1692 4502 1796 4541 non
1846 4491 2058 4545 meruit.

2151 3296 2506 3353 ﬁrmationem
2546 3293 2691 3350 fecit.
2739 3293 2871 3348 Nam
2918 3292 3236 3349 carcerariis
3284 3292 3726 3358 acclamant'mus,

2153 3402 2347 3458 corpus
2376 3387 2430 3442 in
2461 3386 2635 3456 platea
2682 3393 3022 3455 aggravatum
3053 3394 3155 3450 est,
3185 3382 3481 3453 solutisque
3500 3383 3726 3451 eisdem,

2154 3493 2364 3535 rursum
2407 3476 2523 3534 sine
2563 3476 2747 3532 labore
2790 3475 3033 3532 levatur:
3082 3475 3182 3545 ipsi
3209 3473 3534 3545 quoquequi
3564 3473 3729 3528 soluti

2154 3569 2384 3638 fuerant,
2417 3571 2467 3625 in
2490 3569 2802 3639 obsequium
2837 3568 3038 3625 funeris
3065 3582 3231 3638 usque
3262 3567 3328 3622 ad
3358 3565 3635 3621 basilicam
3668 3566 3721 3621 in

2157 3676 2262 3733 qua
2291 3661 2532 3731 sepultus
2555 3671 2659 3730 est,
2685 3661 2838 3718 liberi
2868 3669 3246 3731 pervenerunt.
3277 3660 3359 3716 Ad
3382 3657 3722 3731 sepulcrumll

2157 3761 2333 3808 autem
2361 3751 2478 3820 ejus
2508 3752 2702 3808 multas
2740 3751 2986 3820 virtutes,
3018 3751 3245 3808 Domino
3282 3750 3571 3812 tribuente.
3616 3764 3732 3806 cre-

2157 3845 2346 3903 dentes
2371 3845 2751 3913 experiuntur:
2779 3843 2850 3897 ita
2879 3851 2941 3899 ut
2967 3843 3214 3913 quisque,
3250 3843 3297 3900 si
3322 3842 3467 3913 just:
3497 3841 3731 3911 petierit,

2157 3938 2420 3995 velociter
2455 3946 2704 4005 exoptata
2744 3945 3001 4008 reportet.
3034 3935 3091 3993 Si
3120 3937 3237 4007 quis
3266 3945 3447 3992 tamen
3484 3943 3735 3991 strenuus

2161 4031 2387 4087 virtutes
2434 4029 2601 4095 illius,
2631 4042 2764 4101 quas
2810 4030 2863 4084 in
2895 4043 3122 4099 corpore
3165 4028 3308 4095 fecit,
3354 4026 3586 4085 sollicite
3622 4024 3739 4081 vult

2162 4122 2449 4192 inquirere,
2489 4121 2684 4175 librum
2717 4120 2851 4174 Vitae
2898 4120 3074 4185 illius,
3107 4119 3195 4189 qui
3226 4132 3256 4172 a
3287 4118 3581 4173 Fortunato
3619 4130 3732 4186 pre-

2162 4212 2382 4285 sbytero
2407 4214 2734 4282 compositus
2762 4223 2867 4281 est,
2894 4213 3075 4283 legens
3109 4221 3299 4267 cuncta
3330 4213 3560 4282 reperiet
3583 4208 3629 4263 ι.

2244 4307 2335 4363 1X.
2392 4307 2597 4362 Eodem
2624 4317 2662 4345 ω
2693 4321 2903 4376 quoque
2940 4318 3082 4360 anno
3111 4313 3165 4359 et
3202 4302 3433 4372 Caluppa
3470 4302 3741 4357 reclausus

2165 4400 2317 4456 obiit.
2358 4397 2454 4455 Hic
2487 4408 2665 4452 autem
2702 4398 2769 4452 ab
2815 4395 3031 4451 infantia
3073 4398 3167 4450 sua
3211 4408 3422 4463 semper
3460 4391 3743 4461 religiosus

2166 4490 2281 4557 fuit,
2314 4498 2370 4545 et
2398 4489 2535 4559 apud
2581 4488 2960 4543 monasterium
3009 4486 3287 4542 Melitense
3315 4494 3343 4522 ιι
3372 4484 3585 4540 termini
3640 4483 3741 4536 Ar-

486 4571 646 4639 Quod
672 4572 720 4626 ei
748 4572 816 4627 ob
843 4582 1115 4643 peccatum
1138 4589 1240 4630 non
1268 4576 1561 4645 prrestitum
1586 4593 1728 4645 reor,
1753 4579 1901 4648 juxta
1928 4582 2057 4637 illud
2091 4595 2145 4656 Β
2168 4583 2319 4639 verni
2349 4595 2666 4648 conversus,
2706 4581 2760 4635 in
2804 4594 2994 4649 magna
3040 4594 3098 4634 se
3142 4576 3440 4632 humilitate
3487 4570 3743 4631 fratribus

493 4665 818 4724 dominicum
865 4668 1141 4725 oraculum
1172 4686 1186 4723 :
1218 4668 1318 4736 Qui
1339 4671 1504 4737 habet,
1531 4671 1735 4727 dabitur
1756 4675 1820 4741 ei,
1849 4676 2069 4731 elabun-

570 4821 921 4897 FSic‘Regm:
952 4823 1091 4897 Editi
1116 4840 1245 4897 vero
1267 4840 1386 4881 cum
1418 4826 1581 4894 Bec.,
1626 4830 1775 4897 ﬁcta,

500 4892 835 4967 ulitur__item
871 4894 1159 4965 Gregorius
1198 4895 1292 4951 lib.
1328 4912 1383 4951 ιιι
1423 4898 1491 4952 de
1523 4892 1705 4954 Mil-ac.
1744 4892 2066 4967 SCMartini,

498 4978 615 5038 cap.
650 4964 736 5020 10.
771 4965 863 5020 Est
900 4964 1077 5038 autem
1119 4968 1259 5032 licta,
1294 4978 1350 5023 ut
1389 4979 1536 5036 putat
1575 4972 1868 5038 Alteserra,
1912 4964 2065 5027 dolor

650 4979 736 5020 ‘IU.
771 4979 863 5020 ISSl
900 4979 1077 5020 autem
1119 4979 1259 5032 ncta,
1294 4979 1350 5023 ut
1389 4979 1536 5036 putat
1575 4979 1868 5038 Alteserra,
1912 4979 2064 5027 dolor

498 5048 568 5118 su.
599 5034 1187 5118 itaneus,_quasiclavus
1203 5038 1413 5118 infixus,
1428 5039 1563 5094 sicut
1576 5041 1765 5118 medici
1783 5044 2064 5118 «irrupit-iv,

502 5104 661 5188 telum
694 5104 986 5188 appellant.
1014 5106 1203 5188 ﬂustra
1232 5108 1391 5188 lectio
1419 5124 1530 5165 rem
1565 5113 1730 5188 magis
1761 5104 2025 5188 exprimit.

570 5173 600 5254 ιζ
627 5174 675 5231 is
700 5173 794 5254 fuit
820 5176 985 5254 abbas
1016 5178 1073 5234 S.
1104 5176 1322 5254 Joannis
1350 5173 1692 5237 Reomaensi's
1710 5184 1761 5238 in
1789 5173 1915 5254 agro
1936 5185 2068 5239 Tor-

500 5245 806 5323 nodorensi,
836 5249 929 5319 qui
957 5259 1143 5323 sancto
1163 5249 1425 5323 Silvestre
1450 5245 1941 5323 successeratfipsi
1974 5270 2067 5309 ve-

502 5329 562 5369 ro
586 5316 900 5396 substitutus
914 5327 1007 5396 est
1032 5319 1415 5396 Leopardiuus.
1449 5321 1763 5380 Mummolus
1800 5316 1920 5393 'ja'm
1959 5325 2073 5396 epi-

504 5397 698 5458 scopus
719 5388 1036 5458 subscripsit
1061 5388 1254 5445 conici].
1285 5391 1488 5446 Matisc.
1524 5410 1539 5446 ι
1572 5404 1622 5447 et
1644 5409 1704 5449 ιι.

577 5464 599 5528 ς
632 5454 744 5528 μου
771 5454 1101 5528 οειριιίᾱθεει
1131 5462 1183 5515 in
1212 5460 1367 5517 Corb.
1401 5472 1453 5517 et
1484 5463 1686 5519 Beliuv.

573 5522 604 5602 (ξ
631 5526 784 5602 Becc.
816 5522 879 5602 et
897 5526 1391 5602 Colb.,iLeonastis.
1436 5533 1646 5602 Regm.,
1679 5533 1942 5589 Leonaslis
1981 5532 2072 5587 Bi-

492 5597 1026 5676 Δεπιτὶεειιεῦσ.-ἱῖιτεζιε,
1070 5601 1349 5657 Lettvastis.
1410 5597 1548 5659 [illiti
1602 5597 1793 5674 praeter
1842 5605 2069 5676 Cbesn.,

499 5663 770 5739 Leonastes
797 5663 1057 5739 Biturigis.

576 5746 599 5808 εξ
634 5737 847 5808 Regni”
874 5737 1002 5793 Luci
1025 5740 1092 5794 ad
1122 5741 1408 5799 tenebras...
1437 5746 1504 5799 ad
1526 5744 1714 5802 Belial.

582 5805 600 5849 ί
632 5805 761 5867 Idch
784 5852 796 5871 ,
832 5809 950 5863 dicit
980 5810 1248 5865 Dominus.

1506 5962 1519 5967 -
1546 5953 1585 5964 νς.
1616 5959 1620 5962 ι
1714 5966 1720 5976 1
1796 5947 1903 5965 δέρε-ι-

1806 4846 1907 4897 qua
1938 4845 2069 4888 voce

2168 4674 2416 4746 praebuit,
2449 4674 2590 4729 sicut
2617 4672 2670 4727 in
2701 4672 2834 4728 libro
2868 4671 3001 4728 Vita:
3021 4680 3044 4707 ο
3072 4670 3189 4742 ejus
3215 4669 3526 4740 scripsimus

2241 4838 2266 4897 β
2300 4828 2413 4883 Hoc
2439 4834 2599 4897 caput
2626 4827 2777 4882 deest
2804 4827 2855 4883 in
2882 4825 3071 4893 Corb.,
3101 4825 3305 4897 Bellov.
3333 4833 3387 4879 et
3406 4821 3567 4897 rColb.

2242 4896 2277 4980 ιλ.
2299 4892 2524 4969 Βεμιῷ
2558 4907 2604 4951 et
2632 4898 2765 4953 ideo.
2806 4897 2872 4952 Et.
2906 4897 3042 4953 infra
3070 4896 3179 4965 alii,
3221 4895 3305 4965 qui
3340 4896 3536 4950 tales...
3578 4892 3740 4946 collo-

2170 4981 2319 5027 ειυιε.

2248 5040 2264 5077 ί
2296 5041 2442 5096 Inter
2465 5040 2614 5095 Vitas
2637 5038 2853 5094 Patrum
2884 5052 3002 5108 cap.
3029 5036 3114 5093 {5.
3149 5037 3225 5092 De
3248 5034 3570 5092 Taifalorum
3589 5040 3746 5104 gente

2170 5112 2296 5169 vide
2316 5126 2476 5180 supra
2501 5111 2593 5166 lib:
2626 5126 2696 5175 IV,
2725 5108 2961 5180 cap.rt9.

2250 5184 2263 5234 l
2306 5178 2468 5238 Corb.
2502 5190 2557 5236 et
2586 5178 2815 5244 BellovJ,
2847 5179 2925 5233 Eo
2947 5188 3172 5244 tempore
3188 5178 3389 5233 beatus.
3532 5216 3539 5222 ι

2244 5251 2271 5290 ιι
2296 5252 2351 5307 ld
2380 5262 2463 5308 est
2494 5252 2765 5307 basilicam
2798 5251 2857 5308 S.
2889 5248 3076 5305 Crucis
3099 5258 3152 5304 et
3172 5246 3237 5305 S.
3262 5245 3687 5316 Vincentiigqua}
3712 5257 3747 5298 a

2174 5323 2538 5393 compluribus
2558 5324 2770 5379 saeculis
2799 5322 2969 5393 sancti
3001 5319 3332 5393 confessoris
3354 5315 3751 5393 nominevulgo

2177 5388 2508 5464 designatur.
2541 5394 2685 5450 Obiit
2709 5394 2799 5449 die
2823 5393 2893 5447 28
2922 5391 3043 5447 Maii
3070 5406 3176 5460 quo
3202 5391 3504 5447 celebratur
3533 5388 3651 5459 ejus
3676 5389 3751 5441 [θη

2179 5466 2408 5523 stivitas.

2256 5539 2271 5572 ι
2307 5536 2491 5590 Exstat
2516 5534 2654 5602 apud
2680 5534 2893 5589 Surium
2924 5542 2977 5587 et
3007 5531 3317 5587 Bollandum
3340 5530 3412 5585 28
3441 5528 3587 5597 Maii,
3612 5536 3668 5584 et
3694 5526 3748 5581 in

2181 5607 2379 5679 saeculo
2406 5625 2420 5661 ι
2450 5612 2703 5679 Actorum
2869 5603 3007 5679 θεά..
3035 5602 3384 5679 Benedicuni.
3431 5654 3490 5679 ,Α

2254 5689 2291 5716 ω
2316 5677 2476 5732 Deest
2499 5676 2599 5729 hoc
2626 5687 2786 5744 caput
2812 5676 2862 5730 in
2890 5674 3075 5741 Corb.,
3108 5674 3313 5729 Bellov.
3341 5683 3394 5728 et
3423 5670 3572 5729 cett».

2254 5756 2282 5785 ⁸³
2312 5748 2500 5816 Ρινςιιι.
2526 5757 2581 5803 et
2600 5748 2761 5809 Bauli.
2795 5744 3089 5801 Melaenae.

2255 5828 2279 5855 ο
2302 5819 2398 5874 Est
2426 5820 2559 5871 inter
2594 5817 2736 5870 Vitas
2768 5817 3004 5881 Patrum,
3028 5833 3145 5880 cap.
3182 5818 3260 5870 ll.
