4028 6342
534 424 636 488 327
1590 419 1650 479 S.
1689 410 2019 476 GREGOBII
2057 404 2370 468 EPISCOPI
2404 394 2833 464 TURONENSIS
3712 400 3838 459 3‘18

530 551 712 609 cinum
736 549 976 618 transiit,
1008 542 1271 606 et’contra
1295 540 1629 601 Desiderium
1664 540 1855 595 ducem
1897 534 2119 603 Chilpe-
2144 530 2199 592 Δ
2224 526 2455 582 ﬁcorum
2486 540 2594 580 non
2615 523 2810 589 fuerat.
2838 520 3265 579 Christianorum
3309 534 3447 618 ΨΜ
3478 520 3831 618 φφιδοτίδω

535 642 634 697 rici
677 643 820 709 regis
863 615 1059 697 bellum
1097 636 1282 707 gessit.
1314 636 1371 691 ln
1407 646 1514 703 quo
1540 630 1722 702 prrelio
1766 626 2005 684 cecidere
2046 626 2116 683 de
2223 618 2341 675 ﬁeri
2361 660 2379 686 ,
2412 619 2528 689 ipse
2556 618 2852 673 exercitum
2878 622 3200 681 commovet,
3232 622 3285 670 et
3310 615 3433 670 illuc
3464 615 3665 684 dirigit.

536 734 774 789 exercitu
805 738 919 803 ejus
941 735 1172 801 quinque
1201 730 1403 797 millia;
1428 729 1497 785 de
1526 737 1553 766 α
1598 724 1855 781 Desiderii
1882 737 2009 777 vero
2035 721 2116 777 vi-
2287 714 2445 803 Auno
2473 719 2652 803 autem
2683 710 2919 767 secundo
2946 709 3289 803 Childeberti
3306 712 3460 803 regis,
3488 711 3635 803 cum
3658 712 3829 803 vide-

536 826 666 898 ginti
694 833 924 895 quatuor
962 821 1149 878 millia.
1174 820 1296 893 Ipse
1324 834 1538 893 quoque
1577 815 1881 873 Desiderius
1908 811 2113 884 fugiens

533 914 622 969 vix
650 914 843 970 evasit.
875 912 1197 968 Mummolus
1238 926 1367 968 vero
1412 909 1664 982 patricius
1693 921 1786 977 per
1810 906 2110 960 Arvernum

531 1004 708 1073 rediit,
738 1019 963 1076 eamque
1018 1004 1128 1077 [AL
1160 1004 1349 1075 eaque]
1403 1018 1497 1074 per
1525 1003 1640 1057 loca
1687 996 1952 1055 exercitus
1996 996 2113 1065 ejus

531 1097 843 1162 devastavit,
866 1105 922 1153 et
942 1096 1098 1153 sicin
1122 1095 1483 1165 Burgundiam
1514 1092 1859 1164 peraccessit.

602 1185 740 1241 XIV.
790 1186 1037 1243 Posthzec
1063 1186 1411 1242 Merovecbus
1440 1200 1561 1241 cum
1604 1184 1657 1239 in
1688 1181 1927 1239 custodia
1954 1196 1985 1237 a
2012 1196 2108 1252 pa-

529 1287 613 1335 tre
636 1278 959 1336 retineretur
976 1322 993 1348 ,
1021 1287 1334 1334 tonsuratus
1354 1286 1455 1346 est,
1482 1284 1788 1345 mutataque
1814 1283 1981 1341 veste,
2007 1287 2112 1345 qua

528 1370 740 1427 clericis
771 1371 847 1426 uti
893 1383 1015 1425 mos
1042 1378 1147 1439 est,
1180 1369 1459 1440 presbyter
1485 1367 1783 1433 ordinatur,
1825 1372 1880 1421 et
1900 1365 1970 1420 ad
1998 1377 2112 1420 mo-

529 1462 824 1517 nasterium
844 1458 1301 1516 Cenomannicum
1320 1500 1335 1526 ,
1369 1458 1507 1530 quod
1530 1467 1747 1513 vocatur
1770 1454 2024 1512 Aninsula
2058 1452 2111 1520 ι),

531 1552 809 1621 dirigitur,
840 1560 897 1606 ut
923 1550 999 1606 ibi
1042 1550 1358 1607 sacerdotali
1390 1548 1695 1605 erudiretur
1728 1545 1933 1617 regula.
1982 1544 2113 1599 llaec

528 1641 754 1697 audiens
806 1641 1243 1697 Guntcbramnus
1288 1640 1452 1708 Boso,
1488 1639 1579 1711 qui
1628 1648 1755 1694 tunc
1785 1638 1839 1693 in
1885 1635 2110 1693 basilica

528 1732 701 1789 sancti
727 1731 960 1799 Martini,
984 1740 1041 1788 ut
1061 1733 1317 1798 diximus,
1342 1731 1636 1798 residebat,
1664 1730 1810 1785 misit
1842 1726 2110 1785 Riculfutn

531 1824 640 1895 [ΑΙ.
671 1824 961 1895 Rigulfum]
985 1825 1396 1891 subdiaconum,
1428 1832 1487 1878 ut
1514 1822 1566 1879 ei
1596 1822 1877 1877 consilium
1900 1820 2111 1877 occulte

2216 810 2299 857 ret
2327 801 2674 858 Merovechus
2724 811 2928 871 patrem
2976 816 3128 857 suum
3177 800 3230 855 in
3277 800 3378 855 hac
3418 800 3827 857 deliberatio“)

2215 889 2513 957 intentum,
2562 901 2839 965 assumpto
2886 908 3068 950 secum
3119 892 3523 950 Guntchramno
3553 896 3696 950 duce
3736 894 3811 946 ad

2216 985 2616 1042 Brunichildem
2676 1001 2902 1057 pergere
2956 988 3196 1059 cogitat,
3262 987 3478 1044 dicens:
3540 987 3695 1042 Absit
3753 996 3823 1041 nt

2216 1087 2432 1147 propter
2458 1093 2631 1134 meam
2664 1093 2948 1149 personam
2977 1079 3195 1137 basilica
3228 1079 3414 1135 domni
3437 1080 3653 1134 Martini
3689 1080 3811 1133 vio-

2216 1171 2434 1227 lentiam
2467 1170 2723 1241 perferat,
2756 1180 2847 1228 aut
2882 1172 2991 1245 [ΑΙ.
3033 1173 3110 1245 et]
3166 1174 3311 1243 regio
3336 1173 3453 1244 ejus
3476 1187 3570 1243 per
3601 1189 3689 1228 me
3722 1187 3817 1227 ca-

2214 1262 2443 1331 ptivitati
2486 1262 2767 1319 subdatur.
2813 1262 2879 1318 Et
2925 1265 3194 1334 ingressus
3224 1263 3494 1319 basilicam
3515 1306 3530 1331 ,
3563 1264 3693 1319 dum
3725 1267 3817 1318 vi-

2215 1354 2367 1425 gilias
2396 1364 2600 1424 ageret,
2634 1369 2723 1412 res
2744 1370 2877 1426 quas
2901 1370 3085 1412 secum
3110 1356 3371 1425 habebat,
3400 1356 3467 1411 ad
3496 1358 3813 1426 sepulcrum

2214 1444 2358 1501 beati
2384 1446 2596 1503 Martini
2626 1447 2889 1513 exhibuit,
2922 1460 3083 1504 orans
3112 1456 3173 1502 ut
3201 1446 3303 1520 sibi
3342 1455 3558 1503 sanctus
3582 1460 3813 1502 succurc

2216 1547 2380 1607 reret,
2410 1548 2571 1610 atque
2594 1539 2644 1595 ei
2680 1538 3003 1595 concederet
3031 1539 3256 1611 gratiam
3287 1553 3458 1608 suam,
3488 1548 3549 1594 ut
3576 1553 3808 1610 regnum

2214 1632 2455 1702 accipere
2482 1641 2685 1703 posset.
2716 1632 3011 1689 Leudastes
3056 1642 3179 1690 tunc
3219 1648 3402 1690 comes
3426 1649 3547 1689 cum
3594 1635 3804 1690 multas

2212 1724 2264 1781 ei
2284 1724 2338 1779 in
2359 1738 2543 1781 amore
2567 1723 2936 1794 Fredcgundis
2966 1726 3189 1782 insidias
3219 1725 3483 1794 tenderet,
3519 1729 3588 1781 ad
3612 1734 3803 1781 extre-

2216 1832 2359 1872 mum
2383 1831 2579 1886 pueros
2604 1817 2741 1887 ejus,
2777 1819 2869 1888 qui
2897 1820 2949 1874 in
2977 1834 3114 1890 pago
3142 1819 3346 1890 egressi
3378 1821 3539 1892 216
3565 1819 3810 1891 fuerant,

527 1916 792 1987 praeberet
809 1917 1093 1987 expetendi
1117 1916 1390 1973 basilicam
1416 1916 1586 1971 sancti
1612 1914 1846 1970 Martini.
1868 1915 2111 1983 Quicum
2140 1928 2191 1992 Β
2216 1909 2606 1967 circumventos
2629 1910 2766 1966 dolis
2786 1912 2965 1982 gladio
2984 1912 3284 1979 trucidavit,
3310 1914 3588 1985 ipsumque
3608 1915 3808 1971 interi-

526 2009 778 2078 abiisset,
806 2008 875 2064 ab
903 2009 1013 2064 alia
1040 2018 1194 2079 parte
1216 2008 1471 2064 Gailenus
1499 2018 1521 2047 ο
1549 2020 1680 2077 puer
1718 2006 1835 2077 ejus
1878 2005 2112 2062 advenit.

526 2098 769 2171 Cumque
799 2115 1019 2171 parvum
1049 2101 1299 2157 solatium
1330 2100 1422 2171 qui
1462 2114 1587 2156 eum
1626 2098 1891 2155 ducebant
1938 2096 2112 2153 habe-

528 2199 676 2257 rent,
703 2190 773 2246 ab
797 2191 915 2262 ipso
942 2190 1165 2248 Gaileno
1190 2190 1243 2245 in
1293 2191 1487 2246 itinere
1524 2203 1783 2245 excussus
1811 2196 1915 2257 est,
1949 2202 2115 2257 opero

528 2286 692 2349 toque
733 2280 930 2350 capite,
968 2280 1291 2350 indutusque
1310 2288 1462 2335 veste
1498 2278 1763 2349 saeculari,
1793 2277 1935 2335 beati
1977 2277 2111 2333 Mar-

528 2366 627 2424 tini
667 2359 925 2439 templum
954 2369 1195 2440 expetiit.
1226 2368 1390 2426 Nobis
1415 2378 1592 2426 autem
1622 2370 1810 2425 Missas
1836 2368 2115 2425 celebran-

526 2462 695 2529 tibus,
717 2462 773 2517 in
801 2470 1041 2521 sanctam
1070 2462 1369 2531 basilicam,
1402 2470 1584 2532 aperta
1624 2462 1898 2531 reperiens
1939 2463 2074 2517 ostia
2094 2502 2114 2531 ,

527 2554 807 2622 ingressus
848 2562 951 2608 est.
980 2551 1105 2608 Post
1136 2554 1327 2608 Missas
1369 2560 1549 2609 autem
1591 2552 1773 2621 petiit,
1806 2559 1861 2607 ut
1888 2553 1937 2606 ei
1965 2551 2113 2606 eulo-

532 2644 649 2714 gias
672 2641 699 2682 ιι
730 2644 862 2701 dare
898 2643 1239 2701 deberemus.
1289 2646 1419 2700 Erat
1443 2653 1621 2701 autem
1664 2654 1789 2700 tunc
1834 2643 2111 2700 nobiscum

528 2734 909 2806 Bagnemodus
937 2734 1223 2791 Parisiacae
1248 2735 1393 2793 sedis
1422 2736 1741 2807 episcopus,
1786 2735 1879 2806 qui
1921 2746 2114 2792 sancto

529 2825 804 2883 Germano
831 2837 1189 2884 successerat.
1213 2828 1366 2896 Quod
1396 2844 1517 2886 cum
1544 2829 1920 2897 refutaremus,
1952 2831 2112 2902 215

530 2917 648 2989 ipse
673 2918 912 2976 clamare
937 2920 1102 2990 coepit
1130 2930 1185 2976 et
1208 2923 1413 2991 dicere,
1443 2922 1586 2992 quod
1618 2936 1723 2978 non
1753 2930 1900 2979 recte
1930 2937 2052 2978 eum
2082 2937 2114 2979 a

530 3013 910 3071 communione
955 3014 1073 3070 sine
1112 3015 1332 3071 fratrum
1374 3013 1711 3072 conniventia
1759 3016 2117 3085 suspendere-

530 3118 671 3161 tnus.
700 3104 797 3163 Illo
826 3114 1005 3162 autem
1035 3106 1152 3161 haec
1181 3106 1393 3166 dicente
1415 3149 1430 3175 ,
1458 3122 1580 3163 cum
1623 3121 1889 3164 consensu
1934 3106 2115 3164 fratris

527 3198 618 3267 qui
647 3211 885 3267 praesens
906 3205 1053 3267 erat,
1078 3207 1377 3254 contestata
1420 3212 1578 3254 causa
1608 3200 1862 3255 canonica
1893 3206 1940 3263 ο,
1965 3198 2114 3254 eulo-

528 3285 645 3357 gias
674 3300 705 3341 a
750 3287 906 3343 nobis
950 3289 1176 3356 accepit.
1230 3286 1449 3347 Veritus
1475 3296 1653 3344 autem
1681 3303 1823 3355 sum,
1874 3302 1941 3344 ne
1985 3288 2111 3343 dum
2142 3299 2188 3363 ο

528 3392 695 3431 unum
723 3392 749 3430 a
770 3380 1149 3434 communione
1175 3378 1589 3448 suspendebam,
1615 3380 1668 3434 in
1687 3380 1884 3435 multos
1910 3381 2115 3435 existe-

530 3483 649 3523 rem
696 3468 990 3525 homicida.
1040 3470 1341 3525 Minabatur
1379 3471 1521 3526 enim
1561 3471 1767 3541 aliquos
1812 3470 1879 3525 de
1916 3470 2114 3541 populo

530 3574 715 3621 nostro
769 3565 1108 3632 interﬁcere,
1151 3566 1676 3645 siqcommunionem
1727 3574 1963 3621 nostram
2005 3581 2115 3623 non

530 3657 840 3712 meruisset.
863 3656 1053 3713 Multas
1081 3665 1259 3713 tamen
1291 3672 1389 3727 pro
1418 3657 1519 3712 hac
1544 3670 1701 3712 causa
1727 3655 1993 3711 Turonica
2021 3670 2113 3712 re-

529 3747 618 3817 gio
670 3748 924 3804 sustinuit
951 3748 1153 3804 clades.
1197 3748 1291 3804 llis
1332 3748 1521 3804 diebus
1561 3747 1803 3804 Nicetius
1831 3749 1914 3803 vir
1941 3747 2115 3818 neptis

530 3855 688 3907 meas,
716 3842 991 3912 propriam
1012 3842 1221 3898 habens
1258 3856 1473 3898 causam
1491 3882 1507 3909 ,
1541 3841 1607 3897 ad
1636 3838 1995 3911 Chilpericum
2026 3856 2117 3897 re-

529 3944 648 4001 gem
672 3930 806 3985 abiit
833 3945 955 3987 cum
983 3930 1212 3988 diacono
1238 3939 1443 3999 nostro,
1476 3932 1567 4001 qui
1590 3931 1705 4001 regi
1734 3930 1910 4003 fugam
1939 3930 2115 3987 Mero~

528 4021 686 4077 vechi
711 4032 978 4079 narraret.
1011 4023 1214 4092 Quibus
1244 4024 1394 4090 visis,
1428 4022 1795 4094 Fredegundis
1814 4024 1996 4093 regina
2015 4022 2109 4078 ait:

529 4109 918 4181 Exploratores
939 4123 1094 4179 sunt,
1123 4125 1178 4171 et
1200 4115 1268 4169 ad
1293 4114 1673 4170 sciscitandum
1708 4108 1838 4184 quid
1872 4122 1993 4183 agat
2020 4126 2116 4169 rex

530 4202 889 4273 advenerunt,
921 4212 981 4258 ut
1025 4204 1199 4259 sciant
1245 4204 1374 4273 quid
1411 4203 1729 4260 Meroveclto
1778 4202 2113 4260 renuntient.

532 4291 602 4347 Et
628 4294 807 4348 statim
829 4293 1160 4364 exspoliatos
1197 4295 1250 4349 in
1288 4292 1537 4347 exsilium
1584 4293 1793 4350 retrudi
1822 4293 2113 4362 praecepit,

539 4384 609 4439 de
638 4398 742 4455 quo
788 4400 975 4442 mense
1018 4387 1246 4455 septimo
1275 4384 1493 4455 expleto
1513 4385 1735 4440 relaxati
1778 4391 1921 4439 sunt.
1952 4383 2118 4454 Igitur

539 4474 874 4545 Chilpericus
924 4477 1139 4534 nuntios
1183 4476 1249 4531 ad
1282 4492 1381 4532 nos
1420 4476 1643 4543 direxit,
1678 4475 1896 4531 dicens:
1928 4475 2118 4545 Ejicite

532 4578 829 4638 apostatam
860 4570 1011 4626 illum
1042 4571 1108 4626 de
1136 4570 1353 4626 basilica
1378 4588 1393 4625 :
1425 4569 1510 4625 sin
1528 4578 1705 4626 autem
1737 4569 1881 4625 aliud
1903 4610 1919 4637 ,
1949 4578 2116 4625 totam

2216 2016 2364 2057 mere
2414 2001 2670 2071 cupiens,
2701 2002 2746 2058 si
2772 2003 3007 2072 reperire
3049 2003 3168 2059 loco
3193 2014 3491 2074 Opportune
3514 2006 3807 2076 potuisset.

2215 2092 2323 2149 Sed
2346 2092 2440 2149 ille
2466 2093 2693 2149 consilio
2724 2106 2851 2150 usus
2882 2093 3291 2163 Guntehramni,
3325 2104 3383 2152 et
3406 2111 3465 2153 se
3489 2098 3681 2154 ulcisci
3710 2100 3810 2156 de-

2214 2184 2473 2251 siderans,
2504 2186 2765 2244 redeunte
2790 2187 3049 2243 Marileifo
3082 2187 3101 2225 ι
3132 2188 3401 2246 archiatro
3426 2192 3493 2247 de
3515 2196 3810 2261 przesentia

2214 2276 2376 2347 regis,
2402 2278 2785 2347 comprehendi
2808 2279 3061 2349 przecepit
3086 2296 3097 2333 :
3129 2294 3432 2351 ctesumque
3456 2284 3805 2357 gravissime,

2213 2364 2400 2421 ablato
2444 2381 2576 2422 auro
2605 2376 2935 2438 argentoque
2964 2369 3081 2439 ejus
3103 2410 3117 2433 ,
3148 2379 3202 2426 et
3229 2372 3448 2439 reliquis
3478 2374 3641 2430 rebus
3671 2391 3807 2446 quas

2213 2470 2396 2513 secum
2443 2459 2761 2529 exhibebat,
2796 2461 2995 2516 nudum
3041 2461 3279 2533 reliquit.
3326 2463 3394 2518 Et
3445 2465 3807 2525 interfecisset

2214 2548 2414 2617 utique,
2440 2550 2485 2603 si
2508 2563 2612 2603 non
2646 2550 2784 2605 inter
2812 2563 3002 2605 manus
3023 2552 3344 2608 caedentium
3374 2554 3609 2625 elapsus,
3628 2560 3809 2615 eccle-

2212 2638 2346 2693 siam
2366 2641 2663 2708 expetisset
2684 2655 2699 2693 :
2732 2654 2894 2709 quem
2918 2656 3016 2696 nos
3037 2652 3220 2712 postea
3246 2646 3485 2700 indutum
3506 2648 3806 2703 vestimen-

2213 2730 2304 2797 tis,
2338 2729 2553 2785 obtenta
2599 2730 2701 2786 vita
2752 2731 3025 2787 Pictavum
3077 2735 3400 2791 remisimus.
3449 2738 3804 2797 Merovechus

2214 2834 2341 2876 vero
2368 2820 2435 2877 de
2462 2831 2609 2891 patre
2636 2830 2797 2891 atque
2828 2837 3055 2879 noverca
3090 2826 3256 2880 multa
3285 2826 3506 2883 crimina
3534 2828 3800 2902 loqueba-

2214 2917 2333 2966 tur:
2365 2925 2482 2980 qute
2508 2926 2630 2967 cum
2658 2926 2727 2969 ex
2754 2920 2903 2982 parte
2919 2927 3046 2969 vera
3072 2923 3289 2982 essent,
3321 2917 3482 2973 credo
3508 2930 3798 2988 acceptum

2216 3016 2324 3057 non
2355 3001 2518 3058 fuisse
2549 3003 2680 3071 Deo,
2713 3012 2773 3059 ut
2802 3003 2919 3059 htec
2947 3018 3045 3074 per
3070 3005 3237 3060 filium
3268 3007 3637 3077 vulgarentur,
3665 3011 3805 3068 sicut

2218 3092 2273 3148 in
2302 3093 2649 3164 sequentibus
2683 3096 2929 3167 cognovi.
2955 3096 3195 3165 Quadam
3232 3100 3371 3154 enim
3403 3100 3489 3157 die
3518 3102 3585 3157 ad
3617 3104 3805 3159 convi-

2220 3184 2362 3240 vium
2386 3185 2503 3255 ejus
2533 3186 2730 3243 ascitus
2754 3196 2804 3257 σ,
2838 3187 2961 3242 dum
2994 3188 3192 3257 pariter
3232 3192 3559 3261 sederemus,
3601 3196 3806 3265 suppli-

2216 3272 2351 3329 citer
2374 3276 2527 3344 petiit
2554 3276 2731 3345 aliqua
2761 3278 2828 3331 ad
2868 3278 3278 3335 instructionem
3309 3283 3500 3337 anima:
3528 3286 3655 3354 legi.
3688 3285 3806 3358 Ego

2219 3377 2345 3419 vero
2392 3376 2632 3421 reserato
2680 3366 2982 3422 Salomonis
3012 3367 3150 3423 libro
3172 3408 3188 3436 ,
3221 3372 3538 3427 versiculum
3567 3375 3658 3444 qui
3689 3377 3806 3445 pri-

2216 3472 2336 3513 mus
2364 3458 2599 3513 occurrit
2650 3459 2881 3528 arripui,
2912 3460 3004 3530 qui
3036 3460 3151 3516 inec
3199 3462 3537 3519 continebat:
3585 3464 3806 3520 Oculum

2215 3548 2303 3617 qui
2342 3548 2589 3603 adversus
2617 3550 2870 3619 aspexerit
2911 3547 2940 3587 ιι
2983 3560 3201 3621 patrem,
3232 3552 3477 3619 eﬁ'odiant
3515 3570 3633 3609 eum
3666 3558 3805 3611 corvi

2218 3640 2282 3694 de
2303 3640 2615 3695 convallibus
2660 3639 2845 3711 (Prov.
2879 3658 2957 3710 ut,
2987 3643 3013 3697 1
3032 3643 3112 3711 7).
3144 3641 3242 3700 Illo
3272 3659 3482 3715 quoque
3509 3662 3615 3703 non
3648 3650 3807 3706 intel-

2218 3733 2438 3804 ligente,
2464 3734 2803 3791 consideravi
2836 3736 2976 3791 hune
3001 3737 3328 3793 versiculum
3359 3754 3387 3793 a
3415 3738 3645 3796 Domino
3668 3756 3805 3811 pra:-

2216 3834 2481 3896 paratum.
2512 3826 2665 3881 Tunc
2694 3826 2889 3883 direxit
2916 3825 3347 3883 Guntchramnus
3400 3825 3419 3867 ι
3474 3845 3697 3900 puerum
3738 3833 3804 3889 ad

2217 3918 2499 3975 mulierem
2532 3918 2852 3988 quamdam,
2894 3919 2995 3975 sibi
3017 3918 3129 3991 jam
3177 3922 3444 3992 cognitam
3483 3936 3516 3977 a
3563 3932 3808 3994 tempore

2217 4008 2515 4064 Citariberti
2546 4011 2709 4079 regis,
2755 4008 3039 4066 habentem
3070 4010 3315 4081 spiritum
3346 4013 3633 4085 pythonis,
3663 4024 3726 4073 ut
3753 4017 3804 4073 ei

2219 4112 2339 4168 quin
2367 4108 2523 4156 erant
2575 4111 2833 4158 eventura
2884 4112 3145 4159 narraret.
3201 4106 3490 4163 Asserebat
3542 4116 3803 4178 prmterea

2218 4193 2390 4263 ipsam
2418 4193 2521 4249 sibi
2560 4203 2684 4250 ante
2714 4193 2817 4250 hoc
2842 4204 3071 4266 tempus,
3102 4212 3211 4252 non
3240 4200 3413 4255 solum
3439 4215 3666 4268 annum,
3706 4202 3805 4259 sed

2218 4295 2274 4343 et
2297 4285 2437 4342 diem
2467 4295 2522 4343 et
2552 4287 2764 4356 horam,
2793 4288 2851 4343 in
2880 4303 2984 4359 qua
3007 4304 3102 4347 rex
3127 4290 3473 4350 Chai-ibertas
3502 4294 3681 4350 obiret
3709 4295 3803 4351 de-

2218 4378 2516 4435 nuntiasse.
2544 4379 2675 4446 Quae
2703 4381 2819 4437 btec
2840 4382 2890 4437 ei
2930 4396 3023 4451 per
3050 4396 3244 4453 pueros
3272 4386 3525 4441 mandata
3552 4386 3801 4443 remisit:

2220 4473 2483 4529 Futurum
2511 4482 2593 4529 est
2614 4475 2757 4531 enim
2793 4483 2853 4530 ut
2882 4490 2973 4531 rex
3004 4476 3333 4548 Chilpericus
3364 4478 3467 4535 hoc
3493 4494 3637 4535 anno
3668 4479 3805 4536 defi-

2218 4563 2357 4632 ciat,
2411 4574 2466 4619 et
2514 4564 2864 4621 Meroveehus
2893 4582 2988 4623 rex
3034 4569 3263 4625 exclusis
3305 4570 3605 4627 fratribusi
3646 4584 3806 4627 omne

532 4662 808 4730 regionem
831 4663 976 4718 illam
1003 4663 1111 4733 igni
1136 4663 1482 4719 succendam.
1504 4663 1742 4734 Cumque
1785 4677 1883 4719 nos
1921 4663 2117 4720 rescri-
2145 4684 2200 4749 Β
2223 4657 2401 4725 capiat
2430 4670 2679 4725 regnum.
2708 4656 2788 4712 Tu
2825 4671 2953 4712 vero
2980 4658 3230 4714 ducatum
3284 4660 3445 4715 totius
3499 4660 3650 4730 regni
3690 4659 3805 4728 ejus

534 4751 859 4823 psissemus,
885 4754 1223 4826 lmpossibile
1262 4769 1384 4811 esse
1412 4754 1557 4823 quod
1589 4754 1913 4826 temporibus
1941 4755 2117 4811 haere-

602 4909 629 4938 α
658 4901 785 4977 Haec
806 4904 973 4977 verba,
995 4945 1011 4971 ,
1030 4906 1105 4977 ide
1132 4904 1387 4961 Desiderii
1412 4921 1526 4961 vero
1554 4906 1731 4977 viginti
1750 4914 1971 4976 quatuor
1995 4905 2113 4961 mil-

534 4971 630 5036 lia,
662 4974 855 5030 desunt
879 4976 931 5030 in
955 4976 1154 5031 Bellov.

600 5043 629 5082 δ
660 5044 813 5100 Colb.
846 5046 897 5101 in
927 5044 1266 5102 Cenoniacum
1286 5089 1301 5115 ,
1342 5049 1430 5117 qui
1466 5058 1673 5103 vocatur
1704 5047 1969 5101 Annisola.
2003 5047 2113 5117 Ad-

531 5111 904 5186 huc-subsistit
931 5132 961 5171 a
991 5111 1295 5173 conditoris
1315 5111 1370 5173 et
1392 5120 1549 5186 primi
1576 5118 1783 5175 abbatis
1810 5118 1981 5173 sancti
2012 5116 2109 5173 Ca-

530 5184 663 5258 r_-ile_fi
690 5188 922 5256 nomine,
954 5189 1111 5258 vulgo
1136 5184 1494 5243 Saint-Calais
1514 5189 1717 5258 dictum
1739 5227 1755 5255 ,
1780 5189 1894 5258 sub
1924 5188 2112 5258 ordine

528 5252 587 5328 β,
623 5255 893 5313 Benedicti
910 5252 974 5313 'et
1003 5252 1431 5328 congregatione
1449 5259 1507 5312 S.
1536 5252 1994 5313 MauriJObserva
2023 5257 2112 5315 hic

531 5326 835 5382 Meroveum
865 5329 919 5383 in
942 5326 1271 5386 monasterio
1307 5340 1581 5385 versatum
1605 5330 1775 5383 fuisse
1806 5336 1865 5382 ut
1885 5328 2110 5384 clerica-

531 5392 668 5470 libus
684 5399 888 5470 muniis
916 5401 1239 5470 erudiretur,
1279 5409 1334 5457 et
1376 5410 1581 5457 vestem
1610 5398 1912 5470 elerienlem
1948 5414 1979 5453 a
2006 5413 2113 5470 ste-

530 5466 703 5541 culari
744 5468 909 5541 fuisse
939 5466 1276 5527 dissimilem.
1331 5472 1396 5527 Et
1435 5470 1651 5541 quidem
1677 5468 1971 5541 Gregorius
2002 5469 2114 5541 Ma-

531 5549 666 5603 gnus
682 5536 843 5611 jussit
862 5541 1019 5609 epist.
1054 5543 1120 5598 10
1147 5543 1243 5598 lib.
1288 5559 1341 5609 v,
1384 5536 1634 5611 ut'pueri
1662 5536 1819 5609 Anglii
1849 5539 1905 5595 in
1928 5539 2111 5597 Galliae

532 5610 871 5664 monasteriis
892 5612 944 5665 in
974 5612 1080 5669 fide
1104 5614 1467 5669 erudirentur.

605 5686 631 5755 ξ
656 5678 744 5755 §_ic
765 5681 946 5747 Corb.,
978 5684 1112 5739 Bell.
1130 5690 1198 5739 'et
1225 5684 1440 5755 Regm.;
1474 5681 1657 5755 catteri
1686 5681 1971 5755 Gaulsttus.

605 5746 634 5785 α
664 5748 796 5824 Nota
824 5760 908 5807 est
934 5746 1262 5824 eulogiarum
1300 5746 1539 5821 acceptio
1582 5767 1680 5821 pro
1704 5753 1943 5822 quolibet
1988 5766 2111 5808 mu-

534 5820 772 5887 nusculo,
800 5825 1030 5879 maxime
1059 5820 1088 5877 5
1118 5825 1244 5877 viris
1278 5826 1375 5893 piis
1408 5820 1611 5893 misso,
1653 5820 1771 5877 cuin
1804 5825 1934 5877 alias
1968 5825 2017 5877 in
2050 5839 2110 5878 re

538 5901 689 5950 Iaera
732 5907 925 5968 panem
970 5892 1311 5951 benedictum
1353 5892 1636 5963 signiticet.
1692 5895 2009 5954 llincuiarus
2054 5894 2110 5956 in

2222 4748 2378 4804 anuis
2418 4748 2652 4818 quinque
2682 4748 2910 4805 tenebis.
2938 4748 3104 4805 Sexto
3130 4763 3258 4807 vero
3290 4764 3430 4807 anno
3460 4750 3514 4806 in
3538 4763 3645 4806 una
3670 4749 3806 4806 civi-

2221 4903 2480 4974 Capitulis
2505 4906 2634 4979 anni
2674 4904 2777 4959 85?.
2796 4948 2812 4972 ,
2856 4922 3004 4963 num.
3034 4908 3064 4960 7
3095 4926 3107 4961 :
3144 4907 3213 4964 Ut
3233 4909 3295 4963 de
3323 4908 3505 4963 oblatis
3533 4925 3649 4979 qua:
3675 4910 3806 4979 o/fe-

2221 4927 2480 4974 uapttuus
2505 4927 2627 4958 alllll
2674 4927 2812 4972 002,
2856 4927 3004 4963 num.
3043 4927 3058 4960 Ι
3095 4927 3107 4961 ἒ
3144 4927 3295 4964 Utae
3323 4927 3505 4963 omitus
3570 4927 3649 4964 ut?
3675 4927 3806 4979 οπε-

2219 4984 2402 5050 runtur
2425 4992 2456 5028 a
2478 4974 2699 5050 populo,
2711 4986 2757 5050 et
2783 4979 3149 5033 consecralioni
3168 4989 3455 5050 supersunt,
3474 4927 3565 5035 ne?
3576 4982 3638 5034 de
3660 4984 3807 5049 pani-

2221 5046 2332 5111 bus,
2365 5045 2496 5120 elc.,
2529 5056 2639 5113 post
2673 5045 2952 5120 Missurum
2991 5045 3259 5114 solemnia,
3305 5051 3391 5120 qui
3430 5045 3809 5107 communicare

2220 5131 2321 5193 non
2352 5117 2553 5193 [uerunt
2577 5118 2771 5193 parati,
2805 5120 2941 5174 omni
2969 5121 3050 5174 die
3090 5117 3342 5175 dominico
3375 5129 3425 5176 et
3450 5121 3628 5177 diebus
3664 5123 3808 5193 festis

2219 5187 2402 5257 exinde
2423 5188 2699 5257 accipiant,
2731 5196 2835 5244 etc.

2293 5267 2317 5327 εἲ
2351 5256 2568 5327 Regm.,
2598 5267 2908 5314 contestatus
2938 5278 3142 5316 causam
3166 5262 3488 5317 canonicam.

2293 5326 2313 5366 ί
2345 5326 2473 5402 ᾼΙίμῖ,
2507 5327 2801 5402 Marelcifo.
2827 5329 3041 5402 Regm.,
3076 5331 3357 5401 Marile/io.

2287 5406 2314 5467 β
2345 5396 2523 5467 Colb.,
2547 5396 2756 5456 accessi.

2286 5465 2315 5543 ξι
2344 5465 2531 5543 (Early,
2565 5482 2856 5543 exasperat.
2880 5470 3060 5543 Colb.,
3084 5474 3172 5543 qui
3198 5490 3405 5529 aversus
3432 5474 3733 5542 dispexerit.

2292 5538 2309 5576 ί
2344 5538 2432 5594 Sic
2463 5539 2649 5608 Corb.,
2686 5543 2842 5609 Bell.,
2885 5538 3125 5599 Colb.'e't
3160 5546 3319 5600 Becc.
3354 5559 3478 5600 cum
3509 5538 3680 5609 Bad.;
3712 5544 3808 5601 alii

2214 5610 2679 5676 Guntcltrumnum,
2705 5628 2821 5681 quae
2842 5615 2996 5668 unius
3018 5615 3267 5670 litterula:
3290 5617 3512 5671 mutatio
3527 5615 3686 5670 docet
3706 5632 3808 5671 nos

2215 5695 2439 5757 puerum
2466 5696 2495 5734 a
2520 5682 2889 5757 Quntramuo,
2914 5700 3020 5757 non
3046 5699 3076 5738 a
3108 5686 3803 5757 Meroveoicuntramnum,

2216 5751 2280 5806 ad
2311 5751 2680 5820 pythonissam
2706 5754 3086 5808 consulcndatn
3117 5758 3334 5810 missum
3363 5756 3549 5811 fuisse.

2292 5821 2305 5870 i
2350 5820 2676 5897 Sic_Corb.,
2713 5822 2844 5897 Bell.
2889 5834 2961 5897 et
2989 5826 3168 5897 Colb.;
3215 5828 3397 5881 cwteri
3445 5841 3567 5897 cum
3612 5825 3804 5897 editis,

2218 5891 2275 5953 Μ
2281 5891 2547 5950 croveclms
2574 5893 2787 5951 inclusis
2813 5894 3201 5964 [ratribusJ'ox
3242 5914 3330 5955 rex
3355 5904 3438 5957 est
3460 5896 3515 5959 in
3533 5897 3649 5958 solo
3669 5891 3803 5959 Bell}
