4028 6342
239 360 353 434 329

1186 364 1499 431 HISTORIA
1538 364 1985 427 FRANCORUM.
2028 336 2233 424 einen
2271 360 2571 436 QUINTUS

3412 358 3519 427 330

242 501 415 550 latum
448 500 495 556 ι,
527 502 645 560 qua:
665 501 825 559 super
846 486 1050 560 Ligeris
1079 486 1291 545 alveum
1315 488 1415 543 sita
1443 496 1525 544 est
1558 487 1613 542 in
1644 486 1833 542 dextra
1858 483 1915 543 Α
1939 491 1997 537 ut
2026 482 2074 537 ei
2119 482 2304 537 beatus
2332 482 2585 537 Martinus
2619 478 2960 549 rescriberet,
2994 490 3171 539 utrum
3202 481 3386 542 liceret
3416 505 3510 545 ex-

238 587 364 656 ejus
416 593 601 654 parte,
652 582 865 638 favente
923 581 1152 653 populo,
1213 584 1556 653 episcopatus
1606 579 1830 651 gratiam

238 675 582 744 adipisceris,
613 688 675 730 ac
704 688 869 730 senex
892 683 946 730 et
968 674 1157 745 plenus
1179 673 1383 731 dierum
1412 676 1479 731 ab
1507 674 1605 730 hoc
1630 672 1833 728 mundo

239 770 516 838 migrabis.
542 768 784 840 Cumque
817 768 932 825 haec
962 770 1116 841 pueri
1145 770 1430 827 redeuntes
1456 769 1671 824 domino
1700 784 1835 823 nun-

243 867 490 933 tiassent,
526 865 705 919 statim
736 864 827 921 ille
854 866 1092 920 vanitate
1142 864 1337 933 elatus,
1391 873 1640 935 tanquam
1671 863 1832 935 217

240 958 290 1013 si
317 956 425 1027 jam
450 957 503 1012 in
543 956 795 1013 cathedra
826 958 1111 1014 Turonieaz
1140 958 1382 1013 ecclesiae
1427 944 1713 1022 resideret,
1766 955 1832 1010 ad

238 1066 333 1107 me
364 1052 477 1107 hate
506 1050 695 1107 detulit
717 1051 896 1108 verba.
931 1052 1099 1122 Cujus
1120 1067 1219 1122 ego
1262 1051 1491 1107 irridens
1519 1050 1829 1118 stultitiam,

241 1143 359 1199 dixi
382 1160 396 1197 :
423 1145 467 1198 A
498 1143 611 1199 Deo
642 1145 757 1199 hace
781 1145 1046 1215 poscenda
1070 1152 1227 1202 sunt:
1260 1159 1382 1199 nam
1413 1142 1559 1199 credi
1607 1158 1712 1197 non
1740 1141 1835 1197 de-

242 1235 373 1292 bent
396 1252 513 1307 quae
542 1237 787 1293 diabolus
824 1237 1167 1308 repromittit.
1224 1237 1325 1291 Ille
1357 1234 1384 1275 ι)
1406 1244 1579 1292 autem
1601 1237 1663 1290 ab
1686 1236 1833 1290 initio

242 1332 469 1385 mendax
491 1340 595 1397 est,
624 1340 671 1385 et
701 1332 753 1385 in
801 1333 1011 1386 veritate
1038 1347 1302 1401 nunquam
1328 1331 1462 1385 stetit
1493 1329 1672 1403 (Joan.
1706 1346 1831 1396 vm,

242 1421 365 1492 44),
399 1421 496 1477 1110
524 1436 735 1493 quoque
780 1437 903 1477 cum
933 1422 1249 1478 confusione
1296 1420 1625 1487 discedente,
1679 1419 1834 1477 valde

240 1512 535 1570 irridebam
587 1514 857 1569 hominem
882 1556 896 1581 ,
929 1515 1018 1584 qui
1050 1515 1174 1569 talia
1202 1512 1349 1570 credi
1399 1514 1635 1584 putabat.
1667 1512 1832 1567 Deni-

241 1618 350 1680 que
375 1606 604 1685 quadam
637 1613 796 1660 nocte
824 1605 1019 1676 vigiliis
1045 1605 1100 1660 in
1125 1605 1349 1662 basilica
1378 1606 1548 1661 saneti
1577 1604 1833 1661 antistitis

241 1696 561 1765 celebratis,
595 1696 721 1752 dum
748 1697 945 1752 lectulo
972 1696 1245 1753 decubans
1279 1696 1693 1763 obdormissem,
1722 1694 1834 1752 vidi

247 1790 501 1860 angelum
541 1806 636 1861 per
667 1806 792 1848 aera
814 1792 1103 1848 volantem.
1133 1790 1376 1862 Cumque
1404 1804 1565 1861 super
1589 1796 1829 1845 sanctam

1939 575 2077 632 trahi
2108 574 2569 631 Guntcbramnum
2612 575 2681 632 de
2710 576 2929 632 basilica
2973 578 3116 648 ejus,
3149 594 3213 634 an
3246 597 3375 639 non.
3406 584 3515 641 Sed

1939 666 2261 737 Baudegilus
2311 666 2331 704 τ
2382 666 2669 737 diaconus,
2723 668 2814 739 qui
2862 668 2999 724 hanc
3042 671 3322 739 epistolam
3355 675 3509 731 exhi-

1936 759 2072 828 buit,
2101 759 2342 813 chartam
2374 775 2558 829 puram
2586 776 2707 816 cum
2733 761 2919 818 eadem
2941 779 3100 834 quam
3136 765 3421 837 detulerat,
3451 767 3523 827 ad

1939 862 2184 909 sanctum
2212 853 2473 909 tumulum
2503 856 2670 911 misit.
2706 855 2951 928 Cumque
3000 866 3115 930 per'
3146 862 3378 918 triduum
3424 880 3521 920 ex-

1938 954 2269 1016 spectasset,
2302 954 2357 1002 et
2387 945 2517 1001 nihil
2559 949 2801 1017 rescripti
2833 952 3098 1021 reciperet
3123 963 3182 1021 s,
3228 956 3418 1011 redivit
3449 954 3520 1013 ad

1936 1036 2318 1107 Chilpericum.
2339 1038 2434 1093 llle
2458 1052 2588 1095 vero
2609 1039 2751 1095 misit
2771 1042 2928 1111 alios,
2950 1044 3093 1115 quia
3118 1044 3519 1107 Guntcbramno

1935 1140 2272 1186 sacramenta
2295 1133 2613 1206 exigerent,
2650 1145 2708 1192 ut
2748 1136 2866 1191 sine
2894 1138 3010 1207 ejus
3055 1139 3279 1194 scientia
3314 1138 3342 1177 ιι
3370 1140 3515 1195 basi~

1936 1219 2094 1277 licam
2126 1239 2234 1280 non
2264 1226 2609 1298 relinqueret.
2642 1229 2741 1298 Qui
2772 1230 3069 1287 ambienter
3094 1230 3284 1301 jurans
3317 1232 3518 1302 pallam

1937 1310 2122 1369 altaris
2152 1314 2521 1386 ﬁdejussorem
2541 1319 2691 1376 dedit
2724 1319 2763 1387 ί,
2791 1337 3061 1393 nunquam
3092 1337 3151 1379 se
3178 1324 3370 1380 exinde
3399 1324 3520 1382 sine

1931 1403 2180 1473 jussione
2228 1411 2375 1481 regia
2420 1426 2781 1481 egressurum.
2844 1414 3190 1471 Merovechus
3235 1432 3363 1472 vero
3412 1431 3521 1472 non

1935 1497 2164 1554 credens
2196 1501 2546 1571 pythonissaz,
2590 1511 2700 1561 tres
2750 1506 2918 1561 libros
2959 1522 3118 1576 super
3146 1508 3318 1563 sancti
3344 1508 3523 1579 sepul-

1935 1600 2085 1642 crum
2115 1591 2383 1658 posuit,id
2414 1600 2496 1648 est
2520 1592 2788 1662 Psalterii,
2818 1595 3044 1667 Regum,
3072 1596 3519 1667 Evangeliorum:

1937 1686 1992 1734 et
2020 1679 2245 1749 vigilans
2270 1691 2377 1738 tota
2411 1693 2588 1753 nocte,
2618 1687 2772 1755 petiit
2794 1696 2851 1743 ut
2873 1688 2974 1744 sibi
2998 1690 3186 1746 beatus
3241 1688 3520 1747 confessor

1936 1772 2065 1841 quid
2118 1774 2364 1832 eveniret
2390 1778 2730 1847 ostenderet,
2781 1789 2833 1837 et
2880 1788 3059 1838 utrum
3091 1782 3258 1851 possit
3296 1796 3523 1852 regnum

241 1882 517 1939 basilicam
547 1886 845 1948 praeteriret
870 1900 1051 1953 ,~voee
1108 1900 1299 1956 magna
1347 1883 1462 1939 ait:
1516 1883 1632 1939 Heu
1683 1883 1821 1937 heu!
1861 1864 2295 1956 Βεέοοίρθτθνίιη
2323 1883 2448 1937 ηοῐ).
2472 1879 2529 1926 ut
2555 1870 3067 1930 DomiDOindicame
3088 1884 3437 1944 εοειιοεοθτθι
3470 1875 3519 1931 ’-

242 1979 509 2048 percussit
559 1980 700 2036 Deus
748 1970 1135 2050 Cbilpericum,
1165 1990 1218 2036 et
1255 1994 1443 2036 omnes
1488 1979 1630 2035 ﬁlios
1676 1978 1823 2048 ejus;

242 2085 347 2127 nec
371 2072 647 2142 superabit
672 2072 741 2129 de
769 2072 853 2129 his
876 2074 965 2144 qui
989 2080 1375 2145 processerunt
1390 2087 1453 2127 ex
1476 2071 1670 2127 lumbis
1688 2070 1827 2141 ejus,

243 2162 339 2234 qui
360 2172 509 2233 regat
537 2178 762 2235 regnum
783 2164 925 2220 illius
948 2166 1001 2220 in
1031 2171 1317 2221 aeternum.
1350 2164 1514 2220 Erant
1537 2163 1586 2218 ei
1607 2176 1672 2218 eo
1697 2171 1830 2216 tem-

244 2268 377 2323 pore
408 2253 734 2313 de'diversis
763 2255 1018 2313 uxoribus
1050 2257 1147 2312 lilii
1176 2264 1437 2327 quatuor,
1494 2253 1735 2325 exceptis
1764 2254 1829 2309 li-

244 2343 438 2401 liabus.
470 2346 600 2403 Cum
620 2356 798 2404 autem
826 2349 943 2404 haec
973 2348 1024 2402 in
1049 2354 1323 2418 posterum
1348 2345 1565 2417 impleta
1582 2345 1827 2411 fuissent,

245 2445 376 2492 tunc
404 2438 470 2494 ad
498 2439 757 2511 liquidum
806 2442 1036 2511 cognovi
1084 2440 1220 2496 falsa
1250 2454 1372 2496 esse
1419 2455 1539 2510 qua:
1568 2437 1833 2509 promise-

244 2541 367 2587 rant
396 2533 605 2589 harioli.
656 2533 819 2605 lgitur
848 2533 1307 2590 eommorantibus
1355 2533 1438 2589 bis
1466 2533 1605 2602 apud
1648 2530 1831 2588 basili-

244 2638 363 2681 cam
414 2627 582 2682 sancti
612 2626 857 2691 Martini,
890 2627 1037 2683 misit
1063 2625 1129 2682 ad
1161 2626 1620 2683 Guntcbramnum
1666 2625 1833 2680 Bose-

249 2733 382 2774 nem
414 2719 778 2789 Fredegundis
818 2720 1021 2789 regina,
1056 2734 1280 2789 quaeque
1307 2720 1355 2775 ei
1378 2718 1488 2789 jam
1536 2714 1832 2790 pro'morte

244 2808 615 2865 Theodoberti
645 2808 1073 2879 patrocinabatur
1100 2811 1327 2879 occulte,
1360 2810 1581 2870 dicens:
1633 2810 1691 2867 Si
1722 2810 1832 2866 Me-

246 2892 537 2957 rovechum
583 2901 778 2971 ejicere
805 2904 1047 2972 potueris
1074 2905 1139 2961 de
1177 2904 1399 2960 basilica
1442 2914 1499 2959 ut
1544 2903 1832 2959 interﬁcia-

248 3002 369 3061 tur,
401 3007 651 3063 magnum
692 2994 760 3050 de
780 3010 867 3051 me
896 3010 1094 3052 munus
1122 2996 1373 3066 accipies.
1404 2996 1474 3051 At
1512 2996 1603 3051 ille
1635 3006 1832 3065 praesto

248 3094 440 3154 putans
484 3099 605 3142 esse
658 3086 1049 3153 interfectores,
1084 3087 1157 3142 ait
1203 3087 1268 3142 ad
1298 3087 1707 3143 Merovechum:
1764 3086 1834 3143 Ut

247 3176 373 3246 quid
404 3176 490 3234 hie
516 3178 669 3248 quasi
696 3193 888 3251 segnes
929 3188 983 3235 et
1011 3179 1184 3235 timidi
1226 3179 1542 3249 residemus,
1571 3188 1624 3235 et
1650 3187 1709 3235 ut
1740 3182 1833 3235 lie-

1934 1955 2179 2014 Posthazc
2209 1961 2520 2018 continuato
2544 1963 2719 2018 triduo
2740 1963 2791 2018 in
2818 1965 3060 2035 jejuniis,
3088 1967 3308 2039 vigiliis,
3352 1976 3520 2037 atque

1933 2048 2294 2117 orationibus,
2325 2052 2391 2106 ad
2449 2053 2662 2110 beatum
2696 2057 2957 2113 tumulum
3008 2059 3203 2115 iterum
3235 2058 3522 2127 accedens,

1932 2140 2166 2197 revolvit
2219 2143 2455 2217 librum,
2509 2147 2601 2217 qui
2655 2157 2772 2205 erat
2822 2149 3065 2221 Regum:
3107 2167 3296 2209 versus
3343 2162 3525 2212 autem

1933 2234 2140 2304 primus
2171 2237 2377 2308 pagina:
2422 2254 2582 2309 quam
2640 2244 2937 2312 reseravit,
2968 2246 3053 2301 hic
3100 2254 3257 2301 erat:
3308 2244 3417 2300 Ρνό
3461 2262 3522 2302 eo

1932 2329 2070 2398 quod
2096 2330 2438 2401 dereliquistis
2487 2330 2768 2388 Dominum
2798 2335 2968 2391 Deum
2994 2345 3237 2405 vestrum,
3267 2346 3315 2393 et
3340 2326 3523 2393 ambit-

1934 2418 2079 2475 lastis
2109 2431 2222 2490 post
2251 2422 2372 2477 deos
2398 2424 2592 2479 alienos
2613 2464 2628 2491 ,
2659 2441 2751 2480 nec
2786 2428 2979 2497 fecistis
3006 2439 3196 2483 rectum
3234 2439 3352 2485 ante
3395 2416 3524 2485 con-

1933 2523 2157 2581 spectum
2186 2516 2340 2584 ejus:
2368 2515 2487 2570 ideo
2530 2518 2745 2572 tradidit
2772 2534 2859 2573 vos
2885 2518 3141 2575 Dominus
3171 2522 3312 2577 Deus
3358 2532 3524 2578 vester

1933 2607 1987 2689 in
2017 2608 2249 2662 inanibus
2283 2610 2606 2665 inimicorum
2635 2621 2918 2667 uestrorum
2970 2613 3095 2685 (Ill
3140 2613 3271 2687 Reg.
3323 2632 3399 2683 tx,
3430 2616 3531 2689 9).'

1935 2682 2183 2756 issalterii
2212 2711 2389 2758 autem
2420 2718 2611 2761 versus
2656 2706 2744 2761 hic
2795 2716 2879 2763 est
2920 2707 3203 2764 inventus:
3244 2709 3521 2765 Verumta-

1932 2810 2050 2848 men
2098 2806 2305 2863 propter
2331 2797 2655 2853 dolositatem
2701 2802 2916 2871 posuisti
2962 2805 3035 2858 eis
3081 2806 3259 2859 mala:
3290 2806 3524 2876 dejecisti

1933 2906 2041 2958 eos,
2069 2891 2192 2943 dum
2219 2891 2581 2947 allevarentur.
2626 2894 2897 2960 Quomodo
2928 2896 3052 2964 facti
3082 2906 3200 2951 sunt
3231 2898 3285 2951 in
3323 2899 3523 2954 desola-

1935 2983 2171 3036 tionem?
2198 2984 2364 3038 subito
2394 2986 2725 3054 defecerunt:
2768 2991 3034 3060 perierunt
3079 3001 3287 3063 prapter
3332 2994 3523 3062 iniqui-

1936 3083 2065 3130 tates
2085 3091 2203 3131 suas
2226 3076 2447 3149 (Psalm.
2477 3095 2623 3147 Lxxt,
2654 3080 2739 3137 l8.
2778 3080 2892 3152 l9).
2924 3083 2981 3138 ln
3009 3083 3312 3157 Evangeliis
3341 3094 3527 3145 autem

1937 3169 2039 3226 hoc
2066 3180 2149 3227 est
2197 3181 2500 3240 repertum:
2534 3172 2693 3228 Scitis
2722 3176 2841 3244 quia
2890 3186 3003 3245 post
3057 3178 3266 3232 biduum
3313 3176 3525 3234 Pascha

244 3267 562 3325 betes-circa
590 3249 870 3326 basilicam
900 3270 1038 3327 hanc
1063 3271 1399 3327 occulimur?
1426 3269 1657 3327 Veniant
1684 3272 1829 3328 enim

1936 3262 2044 3331 ﬁet,
2068 3270 2115 3316 et
2140 3261 2312 3317 Filius
2343 3264 2562 3319 hominis
2595 3267 2828 3321 tradetur
2866 3277 2920 3323 ut
2951 3268 3283 3343 cruciﬁgatur
3306 3271 3522 3344 (Matth.

249 3360 372 3429 equi
405 3360 599 3427 nostri,
631 3373 685 3417 et
734 3363 971 3433 acceptis
1001 3362 1351 3433 accipitribus
1375 3402 1393 3431 ,
1440 3377 1561 3419 cum
1611 3363 1834 3419 canibus

250 3461 604 3508 excreeamur
642 3456 946 3522 venatione,
980 3455 1411 3525 spectaculisque
1433 3456 1627 3525 patulis
1645 3454 1833 3525 jucun-

250 3543 465 3599 demur.
498 3543 610 3600 Hoc
636 3546 776 3600 enim
822 3545 1011 3616 agebat
1045 3556 1068 3585 ο
1099 3546 1312 3614 callide,
1358 3557 1415 3601 ut
1444 3562 1567 3603 eum
1596 3564 1626 3603 a
1651 3558 1833 3604 saneta

248 3632 468 3692 basilica
515 3645 811 3707 separaret.
869 3637 1304 3696 Guntcbramnus
1352 3654 1481 3697 vero
1530 3640 1664 3695 alias
1706 3654 1836 3696 sane

247 3722 443 3781 bonus.
475 3725 607 3782 Nam
636 3727 703 3783 ad
752 3726 989 3798 periuria
1034 3728 1262 3785 nimium
1310 3739 1639 3801 praeparatus
1682 3740 1833 3800 erat,

252 3828 621 3877 verumtamen
670 3821 803 3876 nulli
858 3822 1152 3878 amicorum
1208 3835 1607 3880 sacramentum
1653 3824 1834 3892 dedit,

254 3912 403 3981 quod
428 3927 533 3969 non
577 3913 819 3984 protinus
848 3913 1138 3972 omisisset.
1172 3914 1391 3987 Egressi
1438 3917 1638 3988 itaque,
1671 3917 1835 4001 ut_di-

259 4005 461 4074 ximus,
485 4007 552 4062 de
578 4006 818 4076 basilica,
862 4006 929 4063 ad
960 4007 1432 4067 Jocundiacensem
1465 4012 1681 4067 domum
1708 4007 1734 4048 ἀ
1761 4012 1838 4067 ci-

256 4099 412 4155 vitati
440 4101 740 4171 proximam
772 4101 1041 4173 progressi
1070 4112 1224 4161 sunt:
1258 4104 1350 4160 sed
1380 4106 1544 4177 218
1564 4120 1593 4159 a
1622 4106 1839 4162 nemine

252 4192 604 4250 Merovecbus
633 4194 842 4252 nocitus
872 4202 957 4251 est
988 4206 1034 4249 ε.
1065 4195 1131 4251 Et
1160 4195 1285 4267 quia
1330 4195 1687 4265 impetebatur
1714 4204 1839 4253 tunc

251 4284 691 4343 Guntcbramnus
720 4287 790 4343 de
812 4287 1055 4356 interitu,
1085 4296 1144 4344 ut
1162 4287 1420 4356 diximus,
1451 4287 1836 4358 Theodoberti,

251 4376 399 4433 misit
426 4377 758 4449 Chilpericus
786 4393 881 4435 rex
930 4380 1145 4436 nuntios
1173 4388 1227 4436 et
1255 4380 1538 4451 epistolam
1584 4380 1838 4451 scriptam

251 4470 322 4524 ad
347 4470 649 4540 sepulcrum
679 4471 849 4527 sancti
870 4471 1105 4543 Martini,
1145 4488 1264 4545 qua:
1290 4472 1522 4530 habebat
1551 4474 1834 4543 insertum,

325 4580 434 4656 s_ld
458 4583 524 4640 de
546 4584 846 4641 Turonensi
882 4584 1192 4656 episcopatu
1239 4587 1501 4644 intellexit
1524 4587 1788 4645 'Valesius
1817 4608 1829 4656 ;

325 4600 352 4620 σι
380 4600 434 4637 ια
458 4600 524 4640 ne
547 4600 846 4641 't'uronenSi
882 4600 911 4641 e
952 4600 1192 4656 tscopatu
1239 4600 1501 4644 intellexit
1551 4600 1831 4657 vatestus;

249 4662 307 4727 at
336 4652 667 4727 Turonensis
697 4656 825 4727 urbs
870 4600 948 4710 ad)
983 4657 1169 4711 laevam
1203 4657 1410 4727 Ligeris
1450 4660 1549 4714 sita
1595 4669 1700 4715 est.
1747 4664 1830 4718 Ad
1861 4641 1915 4703 D

249 4724 525 4801 dexteram
554 4725 760 4801 Ligeris
777 4736 904 4801 sunt
926 4726 1238 4795 Nivernum,
1265 4724 1502 4801 Aurelia,
1524 4729 1828 4801 Namnetes;

247 4794 319 4848 de
369 4794 645 4865 postrema
687 4796 786 4852 hac
826 4798 878 4851 id
918 4800 1098 4866 potius
1145 4794 1549 4868 intelligendum
1590 4794 1832 4861 Cointius

245 4875 460 4939 censet,
492 4881 593 4921 nec
622 4876 889 4938 repugnat
918 4869 1162 4939 Gregorii
1192 4878 1384 4925 textus.

283 4934 521 5061 ιὶῖυω
546 4934 837 5008 sequuntur
864 4934 1051 5010 usque'
1071 4941 1138 4996 ad
1160 4943 1316 5013 stetit,
1360 4942 1553 4999 desunt
1582 4944 1636 5000 in
1665 4945 1828 5004 Corb.

375 5023 406 5061 e
453 5050 466 5061 .

242 5020 300 5062 8|.
331 5020 466 5063 Hell.

324 5089 346 5149 ς
390 5077 535 5149 Εόὶιὶ
563 5092 682 5134 cum
713 5080 866 5149 Bec.,
900 5082 1085 5137 aiebat.

319 5148 347 5229 ξι
386 5148 561 5229 Locus
609 5159 709 5229 (ιδῃΔ
725 5153 791 5206 ad
830 5148 1022 5207 Carum
1069 5151 1288 5207 ﬂuvium
1327 5164 1515 5211 contra
1557 5156 1831 5229 Turonos,

242 5218 403 5289 vulgo
433 5221 625 5290 Jouay,
658 5216 849 5279 dictus.

320 5300 343 5327 θ
383 5292 472 5347 Sic
500 5290 661 5348 Corb.
693 5302 746 5348 et
790 5295 949 5361 Bec.;
982 5293 1071 5349 alii
1118 5295 1341 5352 noscitus
1378 5306 1469 5351 est.
1501 5297 1706 5365 Casin.,
1745 5314 1835 5354 no-

238 5368 338 5513 ius!
356 5374 744 5513 egie_Cor_b._et
770 5435 936 5513 Bella
967 5444 1022 5513 a_t
1049 5436 1238 5513 Regm.
1270 5446 1324 5513 et
1352 5438 1507 5513 Bath,
1537 5437 1831 5513 B_at_tdt'gist'-

241 5501 346 5587 tus.
358 5584 367 5587 Α
381 5502 535 5587 Golb.
546 5505 950 5587 ,__Baidegisilus.
979 5507 1101 5564 Bec.
1113 5501 1536 5581 ,'Baudegisilus.
1562 5501 1782 5567 Editi'al
1792 5515 1834 5569 i-

236 5584 394 5644 quot,
429 5574 717 5632 Baudinus.
750 5574 769 5579 ⁷
1066 5628 1069 5631 _
1114 5574 1123 5579 ⁷
1334 5574 1353 5581 ’

315 5655 343 5723 β
382 5646 547 5723 Corb.
576 5659 629 5704 et
660 5647 816 5712 Bell.,
846 5649 1119 5707 rescribere
1144 5652 1370 5723 carperit.

311 5715 345 5792 ‘f
380 5716 887 5792 Ijegut.,_consensu.

316 5787 339 5858 ξ
387 5787 519 5843 Eam
539 5788 747 5844 scilicet
768 5791 1052 5858 tangendo.

312 5856 337 5918 t
383 5858 513 5916 Haec
540 5856 904 5929 consuetudo,
954 5862 1289 5930 potissimum
1337 5866 1427 5924 ubi
1479 5865 1736 5939 agebatur
1762 5869 1833 5931 de

527 5954 803 6021 Parum.
850 5954 1080 6018 LXXI.

1938 3369 2063 3408 xxvi
2083 3398 2097 3423 ,
2150 3353 2230 3424 2).
2264 3354 2322 3409 ln
2354 3356 2435 3411 his
2464 3357 2904 3427 responsionibus
2954 3361 3044 3417 ille
3072 3362 3359 3433 confusus,
3389 3364 3526 3423 ﬂens

1937 3433 2236 3503 diutissime
2265 3450 2429 3520 219
2465 3450 2530 3503 ad
2562 3453 2866 3522 sepulcrum
2916 3453 3059 3511 beati
3098 3458 3388 3527 antistitis,
3437 3474 3526 3517 as-

1937 3548 2115 3596 sumto
2138 3555 2320 3596 secum
2346 3541 2753 3600 Guntcbramno
2776 3545 2933 3614 duce,
2959 3561 3078 3603 cum
3109 3548 3414 3621 quingentis
3435 3561 3526 3609 aut

1937 3646 2003 3688 eo
2036 3634 2263 3703 amplius
2288 3633 2418 3689 viris
2447 3633 2716 3691 discessit.
2749 3636 3013 3708 Egressus
3043 3649 3219 3695 autem
3247 3640 3528 3700 basilicam

1940 3736 2204 3793 sanctam,
2236 3741 2356 3783 cum
2382 3728 2482 3783 iter
2510 3738 2693 3800 ageret
2724 3744 2820 3800 per
2848 3732 3319 3790 Antissiodorense
3360 3735 3526 3790 terri-

1939 3818 2155 3887 torium,
2184 3821 2251 3874 ab
2280 3819 2494 3890 Erpone
2522 3819 2549 3858 ¹ι
2585 3821 2721 3879 duce
2761 3822 3146 3881 Guntcbramni
3187 3830 3329 3896 regis
3374 3843 3525 3885 com-

1940 3912 2238 3981 prehensus
2262 3922 2364 3969 est.
2398 3913 2636 3986 Cumque
2662 3915 2731 3971 ab
2771 3930 2839 3971 eo
2883 3917 3246 3983 detineretur,
3279 3933 3407 3975 casu
3434 3935 3526 3977 ne~

1938 4004 2053 4061 scio
2082 4020 2188 4075 quo
2240 4006 2508 4075 dilapsus,
2556 4008 2834 4063 basilicam
2874 4008 3045 4065 sancti
3089 4010 3340 4069 Germani
3392 4012 3526 4070 liu-

1940 4110 2156 4166 gressus
2184 4105 2286 4152 est.
2314 4097 2551 4153 Audiens
2582 4098 2697 4154 haec
2725 4099 3162 4159 Guntcbramnus
3192 4120 3287 4159 rex
3310 4147 3326 4173 ,
3360 4106 3412 4161 in
3444 4108 3525 4163 ira

1941 4197 2237 4245 commotus
2264 4189 2532 4260 Erponem
2563 4191 2916 4263 septingentis
2939 4204 2977 4231 ιιι
3003 4197 3178 4253 aureis
3206 4197 3445 4266 damnat,
3470 4207 3526 4255 et

1940 4282 2007 4339 ab
2039 4282 2245 4340 honore
2270 4291 2541 4351 removet,
2573 4285 2791 4342 dicens:
2825 4287 3136 4357 Retinuisti,
3170 4300 3225 4347 ut
3252 4295 3327 4347 ait
3358 4292 3527 4351 frater

1940 4388 2115 4443 meus,
2146 4374 2421 4431 inimicum
2448 4390 2623 4432 suum.
2656 4377 2807 4445 Quod
2834 4380 2878 4434 si
2899 4379 3192 4439 hocl'acere
3222 4386 3521 4459 cogitabas,

1942 4466 2009 4523 ad
2030 4482 2117 4523 me
2136 4482 2259 4523 eum
2286 4467 2519 4524 debuiSti
2546 4468 2693 4539 prius
2708 4469 3008 4539 adducere;
3040 4475 3123 4531 sin
3147 4485 3326 4533 autem
3352 4480 3525 4551 aliud,

1942 4588 2498 4666 rebussaecularibus,
2528 4589 2684 4666 valde
2724 4590 2785 4666 ξ.
2831 4591 3124 4662 Augustino
3171 4588 3522 4666 displicebat;

1940 4676 2005 4717 ex
2035 4659 2190 4730 epist.
2238 4658 2327 4726 55,
2376 4660 2506 4715 alias
2557 4660 2677 4727 119,
2713 4662 2889 4716 Sortes
2918 4658 3348 4729 ‘sanclarumfet
3391 4658 3524 4723 alias

1938 4731 2203 4802 ejusmodi
2250 4730 2609 4802 divinationes
2662 4730 2985 4788 damnarunt
3034 4735 3271 4791 Concilia
3329 4738 3523 4795 Gallic.

1936 4801 2155 4877 Agath.,
2185 4816 2303 4877 c_an.
2335 4801 2425 4865 42,
2454 4803 2643 4877 Aurel.
2672 4817 2710 4869 ι,
2741 4817 2859 4877 can.
2890 4802 2981 4877 59,
3001 4813 3105 4877 etc.
3125 4823 3139 4873 ;
3161 4824 3278 4877 quae
3307 4811 3527 4865 tandem

1937 4872 2148 4944 penitus
2176 4872 2445 4945 abrogata}
2474 4872 2684 4945 suu_t_iu
2730 4874 2887 4928 tertio
2916 4872 3216 4942 Capitulari'
3245 4894 3333 4932 an.
3377 4880 3479 4930 78!)
3499 4919 3518 4945 ,

1938 4942 2030 4999 ubi
2061 4958 2181 5013 cap.
2229 4942 2262 4994 4
2309 4945 2535 5013 legitur:
2573 4943 2639 4997 Ut
2685 4945 2856 4999 nullus
2903 4946 2959 4999 in
3012 4945 3290 5011 Psalterio,
3345 4950 3421 5002 vel
3469 4942 3524 5003 in

1936 5015 2235 5084 Evangelia,
2272 5013 2347 5086 uel
2377 5014 2430 5066 in
2460 5014 2575 5086 aliis
2603 5013 2751 5067 rebus
2780 5017 2962 5069 sortire
3002 5028 3298 5086 prwsumat,
3324 5035 3413 5070 nec
3444 5022 3525 5073 dt-

1936 5087 2217 5140 uinationes
2239 5084 2439 5153 aliquas
2475 5084 2757 5137 obscrrare.
2800 5086 2916 5153 Quo
2943 5084 3119 5141 autem
3158 5090 3259 5142 ritu
3294 5089 3441 5143 ﬁeret
3470 5091 3527 5146 id

1940 5171 2035 5226 per
2072 5168 2249 5226 sacros
2291 5154 2453 5226 libros
2493 5154 2853 5225 sortilegium,
2894 5157 3042 5212 disce
3071 5172 3136 5212 ex
3167 5157 3228 5211 ν.
3274 5160 3351 5211 Cl.
3404 5160 3526 5215 Ste-

1941 5225 2100 5300 phani
2151 5225 2346 5300 Galusii
2386 5226 2615 5300 notis__in
2649 5227 2911 5300 enuntiem
2957 5229 3152 5300 locum.
3206 5228 3333 5284 Vide
3361 5245 3527 5300 supra

1938 5294 2139 5370 notain
2163 5296 2256 5351 lib.
2282 5309 2339 5370 t_t,
2366 5294 2603 5370 cap._57.
2647 5296 2761 5351 Mos
2803 5298 3087 5370 ille_etiam
3127 5300 3265 5367 apud
3294 5294 3524 5370 gentiles

1938 5312 2055 5353 net.
2086 5312 2139 5351 In
2163 5312 2256 5351 ιιι).
2282 5312 2339 5359 ll,
2366 5312 2424 5349 ca
2472 5336 2485 5351 .
2518 5312 2603 5351 Ol.
2647 5312 2761 5351 mos
2803 5312 2893 5352 tlte
2925 5312 3087 5352 etiam
3127 5312 3265 5367 apud
3294 5312 3523 5370 gentiles

1938 5368 2254 5427 invalueral.
2284 5367 2376 5422 Sic
2406 5312 2705 5422 lfadrianus
2726 5368 2864 5436 apud
2888 5367 3224 5436 Spartianum
3251 5386 3315 5426 ex
3337 5370 3523 5430 furtui.

1941 5452 1994 5498 ιο
2024 5454 2209 5510 versu,
2232 5438 2327 5510 qui
2356 5438 2558 5509 primus
2584 5438 2637 5493 in
2671 5437 2890 5509 Virgilio
2911 5439 3250 5511 occurrisset,
3283 5443 3522 5503 futurum

1937 5512 2317 5622 augurabatur.

2081 5584 2243 5622 Rnam
2255 5620 2264 5622 _

2080 5584 2291 5651 Regm.,
2324 5580 2597 5651 Ilerpone;
2627 5580 2777 5651 Bec.,
2804 5578 3114 5641 Herbonem.

2013 5654 2033 5692 1
2076 5650 2233 5709 Juxta
2256 5650 2443 5705 urbem
2467 5650 2914 5720 A'ntissiotlorum,
2936 5654 3026 5711 ubi
3044 5656 3204 5711 etiam
3228 5673 3371 5713 nunc
3394 5658 3520 5716 sub—

1932 5726 2099 5787 sistit,
2132 5722 2225 5778 sed
2256 5723 2310 5776 in
2337 5722 2488 5785 urbe,
2518 5736 2639 5776 cum
2670 5723 2965 5791 percelebri
3000 5729 3324 5784 monasterio
3353 5728 3521 5788 Ordia

1937 5800 2020 5855 nis
2050 5792 2398 5871 Benedictini,
2428 5792 2531 5871 sub
2550 5793 2721 5851 sancti
2743 5794 2910 5853 Mauri
2926 5794 3375 5871 Congregalione.

2007 5878 2049 5911 ιιι
2070 5866 2255 5937 Corb.,
2286 5862 2629 5937 septuaginta.
