4028 6342
545 364 641 427 551

1546 361 1603 421 S.
1643 361 1966 423 GBEGORll
2013 362 2319 422 EPISCOPI
2355 361 2782 421 TURONENSIS

3716 364 3832 421 352

546 500 649 544 nec
696 493 917 558 tangere
962 481 1223 539 debueras
1276 494 1433 551 quem
1490 490 1671 538 tenere
1723 482 2118 539 dissimulabas.
2150 495 2199 557 Α
2298 481 2433 538 XVI.
2476 484 2532 539 In
2562 484 2851 553 Britanniis
2880 482 2991 538 hmc
3014 488 3131 537 acta
3157 487 3302 537 sunt.
3334 479 3627 537 Maeliavus
3654 498 3829 554 quon-

546 584 831 645 Exercitus
859 590 1035 637 autem
1075 578 1358 649 Chilperici
1391 580 1528 650 regis
1563 597 1728 653 usque
1758 582 1987 637 Turonis
2030 597 2118 637 ac-
2156 570 2159 573 Α

546 678 767 745 cedens,
800 674 1074 745 regionem
1105 672 1246 727 illam
1288 671 1341 726 in
1368 672 1575 741 praedas
1612 674 1799 741 mittit,
1830 676 2124 743 succendit,

544 776 707 838 atque
752 765 1026 820 devastat:
1062 777 1161 817 nec
1207 760 1368 819 rebus
1398 764 1570 818 sancti
1626 764 1838 821 Martini
1870 766 2123 837 pepercit,

544 859 641 915 sed
684 855 823 928 quod
864 870 1025 911 manu
1058 854 1255 925 tetigit,
1309 856 1424 911 sine
1472 856 1581 911 ullo
1628 856 1724 913 Dei
1769 858 1978 925 intuitu,
2039 869 2129 913 aut

544 949 743 1007 timore
789 949 1025 1020 diripuit.
1056 948 1408 1005 Merovechus
1440 937 1606 1020 prope
1634 950 1770 1007 duos
1816 966 2031 1008 menses
2062 952 2126 1006 ad

546 1046 870 1105 antedictam
917 1044 1191 1099 basilicam
1247 1044 1516 1112 residens,
1568 1044 1744 1116 fugam
1799 1046 1934 1113 iniit,
1970 1054 2023 1103 et
2061 1046 2129 1102 ad

542 1135 946 1196 Brnnicltildem
992 1134 1229 1205 reginam
1264 1148 1431 1203 usque
1481 1137 1755 1205 pervenit:
1789 1136 1882 1193 sed
1912 1137 1978 1193 ab
2012 1138 2123 1192 Au-

542 1232 753 1290 strasiis
778 1245 885 1287 non
914 1236 996 1285 est
1025 1228 1303 1284 collectus.
1338 1228 1497 1285 Pater
1527 1244 1654 1285 vero
1684 1230 1801 1300 ejus
1831 1233 2126 1287 exercitum

543 1335 733 1381 contra
757 1320 1158 1392 Campanenses
1198 1323 1513 1388 commovit,
1548 1331 1737 1391 putans
1766 1337 1887 1378 eum
1930 1323 2128 1379 ibidem

540 1414 834 1472 occultari:
866 1415 961 1469 sed
1010 1412 1141 1467 nihil
1190 1413 1400 1481 nocuit,
1432 1428 1531 1469 nec
1575 1429 1696 1470 eum
1746 1416 1919 1485 potuit
1976 1430 2129 1486 repe-

538 1511 649 1569 rire
664 1552 670 1563 .

513 1634 520 1644 ι
612 1601 726 1658 XV.
762 1602 829 1657 Et
854 1601 977 1673 quia
1008 1609 1246 1672 tempore
1271 1600 1387 1671 illo,
1419 1616 1525 1673 quo
1551 1602 1811 1659 Alboiuus
1842 1604 1892 1660 in
1922 1605 2128 1660 Italiam

536 1696 815 1767 ingressus
835 1703 937 1763 est,
960 1692 1405 1751 Chlothacbarius
1426 1702 1481 1750 et
1504 1694 1799 1765 Sigtbertus
1830 1696 2037 1753 Suavos
2076 1707 2130 1753 et

538 1790 675 1845 alias
703 1798 887 1861 gentes
914 1790 965 1845 in
993 1788 1112 1845 loco
1141 1789 1236 1845 illo
1270 1800 1643 1862 posuerunt“;
1677 1790 1730 1847 hi
1760 1790 1848 1860 qui
1891 1800 2130 1861 tempore

539 1885 798 1956 Sigiberti
844 1886 1075 1956 regressi
1106 1896 1251 1957 sunt,
1283 1886 1336 1943 id
1363 1895 1446 1942 est
1474 1891 1564 1957 qui
1606 1900 1726 1942 cum
1758 1886 1985 1942 Alboino
2012 1886 2130 1941 fue-
2160 1883 2209 1944 B
2238 1918 2252 1957 ς

535 1986 683 2046 rant,
713 1987 897 2033 contra
938 1978 1035 2033 hos
1063 1988 1415 2049 consurgunt,
1450 1978 1691 2033 volentes
1734 1994 1826 2035 eos
1856 1993 1885 2033 a
1918 1980 2133 2049 regione

537 2070 629 2126 illa
653 2069 935 2125 extrudere
967 2084 1030 2124 ac
1056 2069 1259 2125 delere.
1285 2071 1352 2124 At
1375 2068 1450 2123 illi
1480 2069 1879 2126 obtulerunteis
1923 2071 2131 2126 tertiam

535 2173 745 2243 partem
780 2171 956 2229 terrae,
987 2161 1224 2218 dicentes
1253 2180 1265 2215 :
1300 2162 1475 2219 Simul
1506 2163 1685 2218 vivere
1709 2165 1823 2219 sine
1854 2164 2134 2221 collisione

534 2270 840 2327 possumus.
878 2254 983 2309 Sed
1016 2254 1091 2309 illi
1128 2262 1314 2309 contra
1342 2267 1437 2309 eos
1464 2254 1607 2321 irati,
1636 2268 1701 2309 eo
1730 2254 1869 2325 quod
1899 2255 1997 2323 ipsi
2032 2256 2135 2312 hoc

536 2359 693 2403 antea
722 2348 1037 2413 tenuissent,
1070 2346 1371 2402 nullatenus
1397 2345 1677 2415 paciticare
1700 2348 2007 2402 voluerunt.
2033 2344 2136 2402 De-

534 2441 664 2496 hinc
714 2440 876 2512 220
903 2439 1213 2494 obtulerunt
1255 2439 1334 2493 eis
1384 2440 1576 2494 iterum
1618 2440 1703 2494 isti
1744 2440 2082 2495 medietatem
2119 2458 2131 2493 :

535 2533 778 2605 posthaec
802 2538 931 2586 tluas
955 2541 1153 2599 partes,
1177 2531 1281 2586 sibi
1304 2532 1516 2585 tertiam
1539 2531 1921 2601 relinquentes.
1947 2531 2137 2588 Nolen-

536 2625 683 2680 tibus
704 2631 881 2677 autem
903 2622 1028 2687 illis,
1054 2620 1369 2676 obtulerunt
1397 2636 1516 2676 cum
1542 2630 1681 2677 terra
1711 2624 1889 2677 omnia
1918 2637 2132 2692 pecora,

538 2724 747 2772 tantum
780 2722 837 2769 nt
864 2730 892 2769 a
917 2713 1059 2769 bello
1088 2721 1386 2769 cessarent.
1413 2711 1519 2768 Sed
1559 2727 1659 2768 nec
1688 2713 1789 2769 hoc
1814 2712 1889 2767 illi
1920 2715 2135 2784 acquie-

537 2819 774 2878 scentes,
812 2818 1085 2863 certamen
1118 2814 1393 2877 expetunt.
1434 2805 1499 2861 Et
1526 2806 1668 2861 inter
1707 2820 1765 2862 se
1796 2814 1921 2862 ante
1959 2816 2134 2862 certa-

538 2919 685 2974 men,
734 2901 965 2971 qualiter
1016 2914 1212 2955 uxores
1266 2898 1562 2956 Suavorum
1594 2897 1917 2965 dividerent,
1962 2908 2016 2954 et
2045 2899 2134 2969 qui

538 3011 695 3065 quam
723 3004 841 3065 post
869 3007 1056 3048 eorum
1088 2992 1294 3047 exitum
1338 2991 1629 3062 acciperet,
1660 2999 1911 3060 tractant,
1946 3000 2138 3062 putan—

538 3096 618 3141 tes
642 3100 733 3139 cos
757 3086 864 3155 jam
884 3082 1035 3153 quasi
1065 3079 1377 3138 interfectos
1404 3082 1624 3139 habere.
1654 3082 1757 3137 Sed
1790 3082 2003 3138 Domini
2034 3084 2134 3138 mi-

538 3178 757 3240 seratio,
791 3190 911 3247 qua:
939 3173 1199 3243 justitiam
1242 3170 1391 3238 facit,
1425 3172 1475 3226 in
1509 3172 1665 3225 aliam
1708 3182 1912 3241 partem
1948 3174 2135 3228 volun—

2229 575 2352 631 dam
2382 584 2435 631 et
2455 575 2684 631 Bodicus
2716 576 3083 629 Britannorum
3107 574 3330 629 comites
3346 569 3398 640 ιι,
3420 586 3830 632 sacramentum

2230 668 2368 723 inter
2399 685 2456 725 se
2483 669 2761 737 dederant,
2811 680 2867 723 ut
2917 668 3006 738 qui
3035 684 3099 723 ex
3130 667 3207 723 eis
3240 668 3638 737 superviveret,
3686 670 3832 727 tilios

2232 761 2393 831 partis
2426 763 2646 817 alterius
2680 772 2927 833 tauquam
2954 768 3196 832 proprios
3222 759 3552 818 defensaret.
3583 763 3831 821 Mortuus

2234 864 2408 909 autem
2444 854 2668 910 Bodicus
2696 857 2910 926 reliquit
2938 856 3129 921 tilium,
3159 854 3550 911 Theodericum
3582 857 3829 912 nomine.

2232 941 2370 1011 Quo,
2402 944 2682 1001 Macliavus
2712 947 2907 1002 oblitus
2933 947 3285 1013 sacramenti,
3317 948 3540 1017 expulso
3567 961 3598 1001 a
3629 948 3833 1017 patria,

2231 1052 2454 1109 regnum
2488 1039 2650 1109 patris
2687 1040 2803 1111 ejus
2847 1041 3073 1111 accepit.
3108 1040 3203 1095 llic
3227 1055 3360 1097 vero
3388 1039 3554 1096 multo
3581 1048 3835 1109 tempore

2233 1133 2491 1204 profugus
2514 1149 2783 1206 vagosque
2825 1134 2923 1189 fuit
2958 1153 2971 1187 :
3005 1136 3087 1190 cui
3119 1133 3331 1190 tandem
3360 1135 3611 1189 misertus
3641 1134 3788 1189 Deus
3810 1142 3837 1171 ο

2233 1225 2475 1281 collectis
2496 1240 2678 1282 secum
2701 1243 2730 1281 a
2760 1227 3030 1282 Britannia
3055 1228 3202 1292 viris,
3238 1242 3296 1282 se
3321 1241 3482 1296 super
3510 1225 3839 1281 Maeliavum

2233 1317 2452 1388 objecit,
2476 1333 2705 1389 eumque
2728 1335 2847 1375 cum
2873 1319 2983 1374 ﬁlio
3007 1320 3121 1389 ejus
3143 1318 3304 1374 .Iacol.
3331 1318 3506 1388 gladio
3530 1319 3837 1387 interemit,

2234 1419 2549 1481 partemque
2580 1412 2749 1482 regni,
2780 1427 2936 1480 quam
2960 1413 3225 1482 quondam
3249 1418 3399 1482 pater
3420 1410 3537 1482 ejus
3559 1419 3837 1479 tenuerat,

2234 1501 2287 1556 in
2315 1516 2412 1557 sua
2453 1512 2714 1573 potestate
2745 1504 3007 1569 restituit;
3041 1514 3246 1573 partem
3274 1518 3405 1559 vero
3444 1504 3607 1558 aliam
3640 1502 3838 1558 Waro—

2236 1590 2409 1649 chusf
2453 1594 2691 1649 Macliavi
2723 1595 2862 1651 ﬁlius
2892 1595 3176 1651 vindicavit
3205 1596 3327 1653 sibi.

2311 1731 2471 1788 XVII.
2514 1732 2946 1788 Guntchramnus
2978 1748 3106 1788 vero
3138 1748 3233 1789 rex
3259 1733 3395 1789 duos
3421 1732 3789 1804 Magnaeharii
3809 1744 3837 1785 ι

2236 1824 2507 1894 quondam
2541 1826 2674 1881 [ilius
2709 1828 2867 1897 231
2910 1825 3088 1897 gladio
3133 1826 3424 1893 interemit,
3458 1840 3554 1896 pro
3584 1840 3653 1882 eo
3691 1827 3838 1897 quod

2238 1918 2293 1975 in
2323 1917 2748 1973 Austrechildent
2779 1916 2809 1954 ιι
2831 1918 3099 1987 reginam,
3131 1919 3355 1989 ejusque
3400 1920 3620 1977 soboles
3667 1921 3837 1975 multa

2241 2008 2581 2065 detestabilia
2610 2019 2767 2079 atque
2789 2011 3117 2065 exsecranda
3164 2010 3493 2081 proferrent;
3526 2012 3837 2069 facultates-

2240 2118 2344 2172 que
2373 2118 2556 2159 eorum
2588 2104 2717 2158 lisco
2745 2117 2847 2158 suo
2872 2103 3095 2171 redegit.
3128 2103 3245 2174 ipse
3288 2120 3501 2175 quoque
3528 2106 3668 2160 duos
3699 2106 3836 2159 filios

2240 2214 2367 2255 suos
2394 2199 2570 2255 subito
2601 2200 2788 2255 morbo
2827 2213 3115 2269 oppressos
3164 2199 3396 2269 perdidit
3440 2199 3480 2266 ί,
3505 2200 3575 2255 de
3601 2213 3835 2270 quorum

2246 2290 2441 2347 funere
2471 2292 2625 2347 valde
2654 2293 3001 2347 contristatus
3047 2300 3146 2356 est,
3178 2305 3244 2360 eo
3274 2291 3415 2360 quod
3449 2292 3671 2347 orbatus
3708 2290 3835 2346 abs-

2240 2400 2346 2455 que
2378 2385 2563 2439 liberis
2611 2384 2975 2440 remansisset.
3012 2383 3091 2438 Eo
3122 2397 3263 2438 anno
3319 2384 3565 2439 dubietas
3615 2383 3835 2439 Pascha

2240 2476 2360 2533 fuit.
2394 2477 2446 2533 In
2472 2478 2655 2533 Galliis
2703 2492 2832 2532 vero
2855 2492 2952 2532 nos
2979 2492 3100 2531 cum
3118 2476 3301 2533 multis
3316 2478 3625 2533 civitatibus
3643 2486 3836 2547 quarto

2241 2569 2454 2625 decimo
2483 2570 2747 2625 Kalendas
2775 2569 2973 2625 Maiasl
3014 2579 3254 2626 sanctum
3283 2571 3486 2626 Pascha
3531 2572 3836 2627 celebravi-

2240 2676 2380 2716 mus.
2416 2662 2518 2715 Alii
2565 2676 2693 2717 vero
2733 2676 2855 2716 cum
2898 2662 3169 2731 Hispanis,
3218 2662 3536 2718 duodecimo
3564 2662 3834 2719 Kalendas

2240 2754 2443 2823 Aprilis
2475 2754 2865 2809 solemnitatem
2907 2755 3043 2809 hanc
3084 2764 3369 2811 tenuerunt
3401 2771 3416 2809 :
3449 2766 3625 2811 tamen
3666 2766 3725 2810 ut
3767 2756 3837 2811 Ie:

2240 2856 2387 2913 runt,
2414 2847 2586 2903 fontes
2623 2847 2719 2914 illi,
2753 2849 2844 2918 qui
2877 2848 2930 2903 in
2966 2849 3235 2918 Hispaniis
3267 2857 3397 2903 nutu
3437 2848 3531 2904 Dei
3558 2851 3835 2920 complen-

2242 2950 2327 2997 tur
2347 2939 2394 3006 1‘,
2432 2942 2482 2995 in
2508 2951 2690 2997 nostro
2724 2941 2921 2997 Pascha
2945 2941 3134 3011 repleti
3161 2952 3302 2998 sunt.

2313 3075 2499 3131 XVIII.
2540 3076 2779 3134 Cainone
2824 3093 2954 3133 vero
2990 3076 3006 3114 ι
3043 3078 3314 3135 Turonico
3362 3080 3498 3146 vico,
3543 3080 3669 3135 dum
3719 3082 3834 3154 ipso

2240 3170 2475 3240 glorioso
2500 3168 2927 3224 Resurrectiouis
2960 3170 3250 3226 Dominicu:
3280 3170 3367 3227 die
3393 3171 3567 3228 Missa:
3595 3175 3832 3230 celebra-

537 3278 705 3324 tatem
728 3282 915 3323 eorum
946 3264 1183 3320 retorsit.
1212 3262 1343 3318 Nam
1367 3263 1774 3333 conﬂigentibus
1800 3263 1905 3319 illis
1934 3282 1947 3316 :
1980 3274 2133 3319 erant
2160 3262 2209 3326 C
2239 3275 2446 3332 rentur,
2486 3265 2708 3319 ecclesia
2749 3266 3093 3331 contremuit,
3138 3267 3469 3338 populusque
3508 3270 3832 3324 conterritus

542 3368 723 3413 autem
752 3356 937 3426 viginti
966 3369 1059 3409 sex
1092 3354 1259 3408 millia
1297 3353 1592 3420 Saxonum,
1623 3370 1688 3408 ex
1720 3357 1914 3423 quibus
1945 3356 2131 3425 viginti

540 3450 707 3506 millia
738 3432 1077 3511 ceciderunt;
1110 3445 1406 3501 Suavornm
1437 3459 1648 3515 quoque
1671 3459 1768 3501 sex
1803 3446 1971 3500 millia
1998 3464 2129 3516 qua-

541 3542 829 3613 dringenti,
867 3549 921 3597 et
941 3536 1258 3609 octoginta!)
1289 3546 1489 3594 tantum
1521 3541 1773 3611 prostrati
1803 3549 1925 3595 sunt
1956 3558 1969 3594 :
2003 3542 2127 3597 reli-

541 3636 635 3710 qui
677 3652 806 3691 vero
846 3635 1125 3687 victoriam
1170 3632 1531 3688 obtinuerunt.
1584 3631 1665 3687 llli
1692 3649 1903 3704 quoque
1940 3636 2029 3705 qui
2067 3651 2131 3690 cx

544 3728 851 3786 Saxonibus
876 3732 1265 3792 remanserant,
1295 3722 1541 3779 detestati
1560 3734 1701 3791 sunt,
1730 3725 1932 3780 nullum
1959 3742 2018 3781 se
2045 3743 2132 3783 eo-

540 3839 662 3879 rum
697 3821 936 3887 barbam,
964 3832 1135 3889 neque
1166 3815 1385 3887 capillos
1416 3815 1730 3883 incisurum,
1766 3818 1865 3872 nisi
1899 3820 2045 3887 prius
2074 3834 2132 3874 se

544 3914 613 3971 de
635 3912 955 3969 adversariis
978 3910 1385 3965 ulciscerentur.
1409 3909 1613 3975 Quibus
1634 3908 1831 3965 iterum
1860 3910 2132 3967 decertan-

541 4009 706 4076 tibus,
741 4009 793 4063 in
845 4007 1045 4075 majore
1075 4004 1285 4061 excidio
1330 4016 1666 4074 corruerunt,
1712 4014 1767 4061 et
1812 4005 1890 4061 sic
1933 4022 1963 4059 a
1995 4005 2133 4063 bello

542 4110 807 4156 cessatum
830 4107 912 4154 est
926 4107 969 4151 οο

618 4270 646 4299 ἰ
685 4258 883 4311 Confer
912 4265 1072 4322 caput
1104 4254 1205 4309 hoc
1234 4270 1353 4307 cum
1384 4253 1475 4319 45,
1503 4255 1617 4309 libri
1654 4271 1727 4309 tv.
1756 4255 2044 4323 Caeterum,
2078 4267 2135 4313 ut

542 4337 767 4385 monent
799 4326 1037 4381 Valesius
1068 4336 1121 4378 et
1149 4326 1411 4390 Cointius,
1444 4326 1742 4393 Sigibertus
1770 4326 1914 4379 solus
1944 4327 2135 4384 Suevis

542 4401 721 4455 locum
751 4393 1079 4449 inhabitandi
1104 4393 1355 4458 dederat,
1396 4411 1517 4447 nam
1551 4404 1674 4448 tunc
1709 4396 1819 4463 jaut
1849 4396 2135 4455 defunctus

548 4477 666 4524 erat
696 4466 1019 4521 Chlotarius.
1054 4465 1427 4517 Emendandns
1458 4480 1671 4535 quoque
1719 4466 1909 4519 I’aulns
1946 4470 2136 4524 Diaco-

546 4556 667 4599 ηας,
697 4537 785 4606 qui
819 4536 1133 4602 Gregorium
1166 4536 1374 4588 incaute
1396 4545 1630 4602 Secutus,
1660 4536 1709 4589 in
1738 4538 1873 4591 hunc
1897 4555 2132 4596 errorem

545 4612 782 4678 impegit.

2236 3372 2266 3413 a
2302 3372 2522 3428 pavore,
2559 3371 2715 3411 unam
2744 3370 2930 3412 vocem
2972 3357 3142 3425 dedit,
3191 3356 3377 3414 dicens
3419 3360 3561 3429 quod
3605 3360 3830 3416 ecclesia

2236 3451 2449 3505 caderet
2483 3467 2495 3502 :
2537 3448 2822 3520 cunctique
2864 3449 2930 3503 ab
2975 3464 3059 3517 ea,
3104 3449 3265 3503 etiam
3297 3449 3631 3521 pereﬂ'ractis
3681 3453 3833 3507 ostiis

2236 3555 2331 3612 per
2354 3540 2527 3609 togam
2562 3539 2695 3610 lapsi
2724 3550 2870 3594 sunt.
2917 3539 3102 3611 Magna
3147 3540 3387 3610 posthmc
3418 3541 3534 3597 lues
3576 3543 3828 3613 populum

2237 3630 2552 3687 devastavit.
2606 3630 2851 3686 Posthacc
2898 3632 3332 3688 Guntchramuus
3376 3648 3465 3688 rex
3507 3633 3574 3689 ad
3616 3635 3828 3690 Childe-

2236 3723 2446 3779 bertum
2489 3732 2733 3791 nepotem
2762 3738 2918 3777 suum
2949 3723 3153 3794 legatos
3185 3724 3372 3795 mittit,
3403 3739 3588 3795 pacem
3622 3736 3827 3795 petens,

2237 3828 2301 3870 ac
2324 3816 2617 3885 deprecans
2649 3830 2771 3870 eum
2801 3816 3005 3871 videre.
3060 3816 3211 3872 Tunc
3252 3817 3343 3872 ille
3369 3832 3490 3873 cum
3523 3818 3827 3887 proceribus

2236 3910 2349 3964 suis
2382 3912 2446 3962 ad
2479 3924 2598 3964 eum
2625 3910 2769 3965 venit
2798 3910 2919 3981 :qui
2950 3909 3013 3964 ad
3049 3921 3295 3979 pontem,
3326 3926 3485 3982 quem
3518 3912 3767 3968 l’etreum
3788 3920 3827 3953 ιι

2239 4002 2495 4069 vocitant,
2529 4001 2803 4071 conjuncti
2833 4012 2975 4070 sunt,
3001 4005 3399 4059 consalutantes
3421 4014 3581 4075 atque
3602 4005 3827 4061 invicem

2238 4094 2540 4150 osculantes
2571 4107 2651 4149 se.
2685 4094 3114 4150 Guntchramuus
3144 4110 3236 4150 rex
3268 4096 3343 4150 ait
3376 4114 3387 4150 :
3421 4096 3609 4153 Evenit
3640 4097 3828 4168 impul-

2238 4255 2326 4308 rii.
2358 4254 2724 4310 Guntramnus
2756 4252 3143 4323 Mareatrudem
3181 4252 3541 4323 Magnacharii
3584 4253 3739 4311 ducis
3772 4256 3828 4309 tio

2242 4326 2364 4398 liam
2394 4328 2651 4389 duxerat,
2678 4338 2781 4394 qua
2810 4323 2880 4379 ob
2904 4322 3289 4398 Gundobaduui
3320 4327 3643 4395 privignum,
3672 4344 3826 4398 quem

2241 4396 2607 4451 Guutrarnuus
2636 4411 2703 4449 ex
2740 4394 3042 4449 veneranda
3088 4397 3375 4462 habuerat,
3409 4394 3616 4452 veneno
3647 4394 3828 4453 subla-

2243 4474 2352 4521 tum
2375 4467 2627 4537 dimissa,
2652 4465 3029 4537 Austrigildem
3058 4465 3175 4537 ejus
3205 4468 3453 4521 ancillam
3480 4469 3649 4522 duxit.
3678 4471 3826 4537 Quod

2242 4538 2436 4593 Gttntio
2463 4547 2517 4592 et
2546 4535 2803 4590 Wiolicus
2838 4535 3194 4605 Magnacharii
3243 4536 3336 4591 ﬁlii
3370 4538 3511 4592 ferre
3546 4556 3649 4592 non
3690 4535 3826 4595 {ale-

2242 4609 2388 4673 bant,
2425 4609 2583 4677 idque
2624 4608 2833 4661 tandem
2868 4609 3012 4661 exitii
3044 4623 3201 4663 causa
3232 4609 3312 4663 eis
3361 4608 3476 4663 Iuit.
3509 4610 3827 4678 Magnacha-

623 4661 779 4734 Ir{Sic
798 4678 1038 4750 Corb_.ct
1059 4675 1263 4729 Bellov.
1288 4694 1301 4743 ;
1334 4675 1658 4750 Collisidcttt
1692 4679 1849 4731 ctiam
1878 4679 2123 4750 habebat;
2157 4661 2211 4723 D
2235 4661 2727 4750 riijin'ortentanuo
2756 4680 2859 4750 566
2888 4661 3166 4750 consiguat
3195 4661 3822 4739 M'ariusiitvenvtieens‘is.

547 4752 641 4805 scd
671 4758 851 4819 postea
881 4747 1056 4802 addita
1088 4755 1211 4801 sunt
1242 4748 1573 4822 postnzillia,
1610 4748 1722 4803 haec
1744 4752 1899 4803 verba
1931 4768 1990 4805 ex
2014 4747 2125 4822 qui;

546 4822 659 4886 bus,
694 4830 749 4873 ut
776 4822 1128 4895 conﬁceretur
1154 4834 1243 4872 sea;
1274 4819 1457 4895 millia,
1481 4836 1542 4873 ea;
1573 4824 1753 4895 quibus
1772 4819 2126 4895 quadringenti

544 4900 593 4947 et
623 4892 899 4961 octoginta,
937 4899 1072 4961 ctu;
1107 4904 1264 4961 quam
1288 4889 1573 4961 lectionem
1618 4893 1739 4944 liec.
1782 4904 1834 4947 et
1873 4889 2009 4950 editi
2032 4898 2125 4951 ha-

544 4963 690 5028 bent,
717 4958 909 5032 quibus
937 4958 1080 5032 favet
1106 4960 1253 5013 Paul.
1286 4959 1555 5015 ῡὶῖιε.ιῖ1ἰι).
1591 4977 1667 5027 III,
1702 4978 1798 5031 cap
1826 4963 1877 5018 7.

622 5046 643 5074 c
690 5030 1374 5105 Witicbindusmonachus
1409 5030 1829 5087 Corbeiensis’in
1858 5036 2123 5105 Saxonia,

542 5107 633 5176 qui
664 5106 763 5161 sub
785 5103 1018 5159 Otthone
1048 5102 1119 5156 Μ.
1152 5103 1347 5166 tloruit,
1374 5105 1624 5176 observat
1650 5105 1849 5159 Suavos
1872 5102 2124 5164 Transalé

544 5174 740 5233 benses
766 5176 1037 5242 regionem
1062 5189 1221 5241 quam
1250 5174 1552 5229 incolebant
1574 5178 1928 5243 occupavisse
1958 5183 2124 5235 Saxo-

541 5248 699 5303 nibus
723 5250 776 5301 in
796 5246 996 5300 Italiam
1018 5244 1396 5313 migrantibus;
1421 5245 1644 5315 ideoque
1661 5261 1757 5301 sua
1777 5248 1949 5302 adhuc
1968 5259 2127 5307 aetate

543 5318 767 5390 eosdem,
790 5318 906 5371 aliis
921 5331 1094 5390 Aquam
1117 5316 1362 5390 Saxones
1391 5317 1591 5386 legibus
1620 5333 1743 5372 usos
1767 5332 1907 5384 esse,
1939 5334 2127 5390 quam-

540 5387 623 5444 vis
654 5391 706 5443 in
739 5386 967 5443 Saxonia
989 5386 1143 5441 sedes
1177 5388 1450 5441 haberent.

612 5455 642 5496 ‘
682 5460 895 5525 llegm.,
935 5458 1108 5528 duces,
1144 5458 1469 5528 comitesque.
1510 5457 1797 5514 Maciiavus
1849 5460 2124 5519 ordinatus

541 5526 716 5584 fuerat
743 5530 1025 5596 episcopus
1058 5526 1395 5593 Veneteusis,
1426 5544 1584 5597 supra
1609 5530 1701 5583 lib.
1737 5545 1807 5594 ιν,
1843 5546 1959 5599 cap.
1991 5529 2125 5597 4,‘et

541 5600 667 5655 licet
693 5607 955 5666 apostata,
986 5613 1252 5668 nunquam
1284 5610 1461 5655 tamen
1502 5614 1689 5669 passus
1715 5610 1799 5656 est
1824 5617 1883 5657 se
1914 5614 2123 5659 vivente

542 5670 701 5726 alium
734 5669 989 5723 ordinari.

610 5750 637 5781 ο
678 5739 839 5805 εάῑιὶ,
870 5739 957 5805 qui
988 5738 1189 5792 tandem
1214 5742 1480 5796 miserante
1507 5740 1631 5799 Deo.

612 5809 639 5851 ἲ
682 5812 836 5877 Bell.,
868 5809 1146 5864 Varrocus.

611 5894 638 5936 tt
674 5881 856 5951 Colb.,
876 5880 1158 5955 Magnarii.
1186 5881 1338 5937 Colb.
1368 5891 1421 5937 et.
1451 5882 1655 5951 aliquot
1682 5886 1829 5954 editi,
1854 5887 2122 5958 Mat/inha-

2303 4748 2330 4821 ἢ
2372 4750 2495 4814 Atti,
2521 4749 2904 4821 .lustrigildcm.

2312 4820 2328 4857 ί
2373 4820 2781 4896 Clitoaomerem
2828 4821 3034 4896 scilicet
3082 4831 3135 4877 et
3176 4822 3546 4896 _Cltlotarinm,
3596 4842 3823 4896 quorum

2232 4892 2502 4969 epi‘tapltia
2530 4891 2971 4969 refertChesnitts
2998 4904 3141 4947 tomo
3223 4895 3420 4969 llistor.
3458 4891 3672 4961 Frané.,
3702 4914 3818 4969 pag.

2234 4963 2356 5036 ξω.
2409 4964 2635 5036 Eosdem
2675 4962 2863 5036 Itegioa
2909 4978 2969 5016 ac
3015 4965 3236 5036 egregios
3282 4965 3626 5023 adolescentes
3668 4962 3822 5024 vocat

2232 5034 2428 5089 Marius
2459 5034 2525 5088 ad
2554 5050 2640 5087 an.
2672 5033 2794 5087 577.

2306 5107 2320 5156 l
2369 5104 2545 5169 Colb.,
2578 5103 2817 5165 Martias,
2848 5111 2941 5159 sed
2974 5106 3249 5163 mendose.

2306 5175 2325 5212 l‘
2372 5177 2446 5231 De
2476 5175 2838 5249 historttihus
2886 5175 3003 5230 vide
3031 5176 3296 5233 Coiutium
3346 5180 3412 5233 ad
3460 5194 3660 5234 annum
3690 5179 3815 5249 497,

2232 5262 2383 5303 num.
2414 5249 2466 5303 5.
2501 5246 2750 5302 Dubietas
2784 5246 2898 5300 lucc
2926 5254 3040 5300 orta
3070 5262 3135 5303 ex
3166 5264 3229 5305 eo
3260 5251 3401 5318 quod
3430 5250 3614 5305 Franci
3643 5246 3821 5308 Victo?-

2230 5320 2299 5374 rii
2340 5319 2655 5374 laterculutn
2700 5317 3079 5387 sequebantur,
3108 5328 3166 5373 ut
3206 5321 3258 5375 in
3276 5317 3515 5377 concilio
3540 5323 3813 5379 Aurelian.

2229 5404 2303 5456 IV,
2336 5405 2453 5444 can.
2486 5405 2525 5457 ι,
2575 5404 2663 5443 an.
2690 5388 2816 5455 541,
2866 5397 3118 5443 statutum
3165 5389 3367 5457 fuerat;
3423 5391 3643 5460 Hispani
3693 5410 3817 5450 Vero

2230 5461 2503 5529 antiquum
2532 5462 2841 5529 Latinorum
2873 5474 3156 5517 canonem.
3194 5463 3298 5519 Adi
3325 5463 3595 5520 Cointium
3620 5466 3693 5523 ad
3720 5484 3815 5520 an-

2229 5528 2503 5595 num’559,
2535 5549 2681 5586 nutu.
2705 5528 2802 5583 '15.

2308 5600 2323 5677 ἓ
2362 5605 2615 5677 Castrum
2630 5614 2715 5677 est
2740 5602 2807 5655 ad
2838 5599 3167 5677 Vingennam
3196 5605 3456 5674 positum,
3488 5608 3630 5674 quod
3661 5608 3816 5677 vulgo

2233 5672 2427 5730 Cltinon
2468 5674 2786 5741 appellatur,
2820 5675 2960 5727 unde
2997 5672 3328 5733 recentiores
3355 5672 3663 5732 Clintonium
3691 5672 3810 5733 c0}-

2233 5756 2384 5795 runte
2414 5744 2775 5795 eii‘ortnaruut.

2230 5756 2384 5814 rupte
2414 5744 2775 5797 eli‘ortnaruut.

2302 5826 2341 5888 Ψ
2382 5814 2695 5888 Complures
2722 5824 2850 5888 sunt
2894 5812 3049 5888 hujus
3094 5818 3325 5875 nominis
3365 5818 3471 5874 vici
3518 5820 3573 5875 in
3601 5818 3805 5888 Galliis,

2229 5887 2387 5957 vulgo
2414 5884 2763 5941 Pierre-Pont
2800 5886 2947 5954 dicti,
2995 5888 3085 5957 qui
3118 5896 3300 5948 autem
3339 5890 3430 5948 hic
3456 5884 3802 5959 moratur;
