4028 6342
206 380 311 440 353

1133 378 1459 438 HISTORIA
1500 372 1945 433 FRANCORUM.
1990 368 2191 427 LIBER
2230 368 2547 438 QUINTUS.

3369 366 3473 429 554

205 513 274 554 su
300 504 636 567 peccatorum
665 511 930 562 meorum,
966 506 1023 552 ut
1047 497 1247 567 absque
1277 497 1462 551 liberis
1494 504 1517 532 ι
1552 508 1795 550 remane-
1821 496 1872 558 Α
1898 504 2043 552 cere,
2074 487 2175 541 nisi
2206 495 2258 541 et
2287 502 2384 557 ego
2409 500 2503 541 vos
2530 484 2689 540 simili
2718 493 2864 541 sorte
2896 499 3318 542 remunerarem.
3367 488 3479 546 Re-
3547 530 3569 543 .

206 605 326 647 rem
359 605 375 644 :
408 597 459 644 et
492 587 610 643 ideo
640 597 779 658 peto,
812 598 867 644 ut
894 590 979 645 hic
1007 605 1173 661 nepos
1206 604 1355 643 meus
1384 587 1510 642 mihi
1536 585 1603 642 sit
1633 585 1795 639 ﬁlius.

208 681 281 736 Et
304 682 587 750 imponens
612 698 734 737 eum
762 696 921 751 super
944 682 1251 737 cathedram
1283 697 1455 749 suam,
1475 690 1723 736 cunctum
1745 679 1794 733 ei

207 789 432 844 regnum
468 774 702 837 tradidit,
742 774 927 830 dicens
961 794 974 828 :
1009 775 1123 831 Una
1172 790 1270 830 nos
1310 789 1489 844 parma
1532 779 1796 842 protegat,

209 880 426 937 unaque
472 866 621 921 hasta
667 866 940 924 defendat.
990 868 1141 937 Quod
1184 869 1226 923 si
1275 867 1413 921 ﬁlios
1446 865 1701 930 habuero,
1751 871 1801 918 te

209 959 562 1015 nihilominus
595 971 844 1031 tanquam
888 978 1049 1017 unum
1090 977 1154 1017 ex
1197 960 1279 1015 his
1312 959 1590 1029 reputabo,
1629 966 1684 1011 ut
1718 957 1803 1011 illa

208 1065 334 1106 cum
362 1053 462 1117 eis,
492 1059 771 1123 tecumque
814 1060 1121 1122 permaneat
1158 1051 1410 1118 charitas,
1441 1052 1601 1120 222
1645 1062 1802 1117 quam

212 1141 311 1197 tibi
356 1141 516 1197 hodie
564 1156 663 1213 ego
709 1142 984 1213 polliceor,
1038 1150 1171 1199 teste
1209 1142 1336 1197 Deo.
1383 1140 1642 1196 Proceres
1676 1154 1804 1194 vero

211 1230 543 1289 Childeberti
590 1234 836 1289 similiter
894 1251 989 1304 pro
1037 1234 1225 1290 eodem
1272 1232 1490 1303 polliciti
1540 1239 1684 1285 sunt.
1742 1229 1807 1283 Et

211 1326 600 1381 manducantes
655 1325 815 1380 simul
867 1336 1025 1396 atque
1079 1326 1361 1393 bibentes,
1417 1324 1698 1392 dignisque
1746 1335 1808 1375 se

214 1417 534 1471 muneribus
580 1417 927 1482 honorantes,
978 1416 1185 1487 paciﬁci
1228 1418 1610 1471 disCesserunt.
1660 1412 1809 1466 Tunc

212 1507 283 1562 ad
313 1506 668 1576 Chilpericum
700 1524 882 1579 regem
916 1508 1233 1578 legationem
1278 1509 1568 1567 mittentes,
1604 1516 1662 1560 ut
1688 1505 1807 1560 red-

222 1599 376 1655 deret
402 1598 544 1669 quod
570 1598 637 1655 de
663 1614 848 1655 eorum
896 1615 1058 1668 regno
1089 1602 1355 1655 minuerat
1405 1617 1416 1651 :
1463 1596 1604 1668 quod
1635 1596 1680 1650 si
1707 1595 1811 1650 dif-

216 1688 409 1754 ferret,
440 1703 680 1758 campum
712 1697 1041 1758 praepararet
1068 1689 1135 1742 ad
1169 1688 1388 1742 bellutn.
1420 1685 1572 1752 Quod
1602 1684 1693 1739 ille
1718 1682 1811 1738 de-

215 1780 474 1849 spiciens,
520 1777 659 1849 apud
690 1778 1004 1834 Suessionas
1032 1787 1192 1848 atque
1225 1776 1458 1831 Parisios
1481 1775 1654 1829 circos
1682 1771 1811 1827 aedi-

1898 579 2121 635 cedente
2156 591 2282 631 vero
2317 592 2442 644 rege
2482 574 2548 631 ad
2583 586 2835 632 metatum
2868 585 2892 614 °
2918 592 3095 644 suum,
3128 594 3225 633 nos
3267 579 3479 639 collecti

1900 669 1954 725 in
1986 685 2146 724 unum
2187 668 2499 723 sedebamus
2542 669 2592 722 in
2634 671 2925 725 secretario
2950 670 3183 726 basilicae
3214 673 3355 729 beati
3379 675 3478 730 Pe-

1902 764 1989 818 tri.
2038 761 2612 832 Confabulantibusque
2642 764 2819 831 nobis,
2854 765 3028 821 subito
3057 766 3274 822 advenit
3296 769 3484 827 Aetius

1903 854 2311 909 archidiaconus
2333 854 2612 908 Parisiacae
2637 855 2907 924 Ecclesiae,
2930 858 3276 929 salutatisque
3300 861 3480 928 nobis,

1902 946 1977 1001 ait
2006 964 2018 999 :
2048 945 2238 1001 Audite
2264 961 2368 1013 me,
2402 961 2434 1001 o
2471 944 2778 1001 sacerdotes
2808 947 3041 1015 Domini,
3088 950 3174 1019 qui
3219 951 3271 1005 in
3315 967 3481 1009 unum

1904 1039 2114 1095 collecti
2180 1039 2328 1094 estis.
2394 1038 2499 1093 Aut
2564 1039 2704 1092 enim
2765 1040 2866 1095 hoc
2904 1052 3144 1112 tempore
3184 1045 3489 1104 exaltabitis

1906 1146 2101 1186 nomen
2168 1140 2445 1195 vestrum,
2508 1139 2561 1185 et
2609 1131 2765 1185 bonae
2827 1131 2980 1188 famae
3028 1135 3193 1203 gratia
3259 1136 3491 1209 refulge-

1909 1222 2071 1287 bitis;
2116 1232 2207 1277 aut
2233 1231 2378 1277 certe
2408 1222 2580 1276 nullus
2606 1237 2701 1276 vos
2732 1222 2923 1278 amodo
2953 1239 3048 1293 pro
3071 1223 3164 1281 Dei
3195 1227 3487 1284 sacerdoti-

1909 1314 2008 1371 bus
2074 1324 2159 1371 est
2210 1314 2518 1383 habiturus,
2576 1316 2620 1370 si
2675 1330 2928 1385 personas
2975 1327 3180 1374 vestras
3233 1320 3493 1391 sagaciter

1912 1422 2017 1461 non
2056 1407 2281 1479 erigitis,
2326 1418 2415 1462 aut
2459 1406 2675 1463 fratrem
2712 1411 2885 1479 perire
2918 1411 3242 1479 permittitis.
3276 1413 3401 1469 Haec
3425 1430 3492 1470 eo

1912 1495 2145 1563 dicente,
2184 1497 2358 1554 nullus
2389 1498 2725 1554 sacerdotum
2763 1501 2811 1555 ei
2853 1500 3140 1572 quidquam
3186 1504 3493 1580 respondit;

1915 1585 2174 1643 timebant
2204 1589 2345 1643 enim
2379 1592 2576 1661 reginae
2615 1592 2870 1660 furorem,
2914 1593 3069 1665 cujus
3098 1595 3351 1651 instinctu
3380 1597 3496 1653 haec

1913 1677 2228 1748 agebantur.
2256 1680 2458 1747 Quibus
2483 1681 2722 1750 intentis,
2751 1693 2805 1739 et
2832 1700 2923 1740 ora
2949 1684 3116 1756 digito
3144 1688 3497 1757 comprimen-

1915 1768 2077 1837 tibus,
2126 1786 2224 1842 ego
2271 1773 2359 1829 aio
2388 1791 2399 1827 :
2428 1776 2627 1830 Attenti
2676 1788 2867 1845 eStote,
2910 1794 3112 1851 quaeso,
3154 1782 3496 1839 sermonibus

223 1870 393 1926 ﬁcare
439 1870 712 1941 prtecepit,
763 1884 962 1941 eosque
1004 1868 1218 1941 populis
1260 1866 1623 1940 spectaculum
1671 1879 1810 1935 prce-
1839 1887 1890 1948 Β
1917 1862 2120 1930 meis,o
2147 1864 2464 1919 sanctissimi
2492 1867 2795 1925 sacerdotes
2817 1869 2929 1935 Dei,
2962 1882 3014 1925 et
3047 1872 3343 1942 praesertim
3377 1889 3492 1942 vos,

215 1961 354 2020 beris
385 1962 437 2016 δ.

292 2055 436 2112 xix.
480 2055 572 2111 llis
621 2056 693 2113 ita
741 2040 1207 2126 gestis,raudiens
1244 2052 1616 2123 Chilpericus,
1666 2048 1806 2119 quod

216 2146 574 2204 Praetextatus
597 2148 1047 2219 Rothomagensis
1078 2149 1361 2218 episcopus
1392 2155 1577 2201 contra
1609 2144 1807 2199 utilita-

216 2245 328 2293 tem
356 2253 506 2294 suam
536 2240 745 2309 populis
773 2254 993 2293 munera
1021 2239 1195 2306 daret,
1227 2253 1348 2295 eum
1376 2238 1443 2292 ad
1476 2253 1532 2292 se
1562 2236 1811 2292 arcessiri

219 2330 497 2400 praecepit.
564 2330 681 2399 Quo
738 2330 982 2387 discusso
1012 2341 1060 2398 ε,
1091 2331 1291 2400 reperit
1330 2345 1452 2385 cum
1492 2329 1683 2385 eodem
1724 2344 1811 2383 res

219 2419 586 2479 Brunicbildis
614 2424 812 2491 reginae
841 2424 1245 2479 commendatus
1269 2440 1284 2477 :
1328 2422 1563 2492 ipsisque
1594 2422 1808 2490 ablatis,

228 2527 353 2568 eum
382 2514 433 2569 in
461 2516 653 2571 exsilio
676 2531 847 2587 usque
872 2518 937 2571 ad
956 2514 1342 2570 sacerdotalem
1373 2514 1696 2569 audientiam
1729 2530 1812 2569 rc—

225 2604 388 2662 tineri
422 2609 696 2678 praecepit.
725 2606 1025 2677 Conjuncto
1054 2616 1231 2662 autem
1254 2605 1513 2672 Concilio,
1547 2604 1813 2661 exhibitus

218 2706 327 2756 est.
385 2700 554 2755 Erant
604 2708 780 2754 autem
832 2700 1067 2770 episcopi
1108 2696 1135 2735 “-
1165 2700 1254 2768 qui
1303 2700 1627 2754 advenerant
1674 2698 1813 2768 apud

219 2788 486 2854 Parisios,
537 2789 590 2843 in
638 2788 857 2845 basilica
896 2788 1067 2844 sancti
1102 2789 1245 2843 Petri
1291 2788 1544 2857 apostoli.
1592 2788 1685 2841 Cui
1720 2802 1816 2842 rex

219 2881 295 2935 ait
330 2898 342 2932 :
375 2879 513 2946 Quid
545 2879 643 2935 tibi
689 2881 856 2936 visum
892 2889 993 2947 est,
1044 2896 1076 2935 ο
1124 2880 1395 2951 episcopo,
1437 2890 1495 2935 ut
1544 2878 1814 2933 inimicum

222 2985 403 3027 meum
436 2972 834 3040 Merovechum,
878 2973 969 3042 qui
1018 2972 1158 3027 ﬁlius
1203 2987 1322 3027 esse
1372 2972 1649 3037 debuerat,
1696 2985 1816 3024 Cum

222 3066 386 3121 amita
422 3080 546 3133 sua,
581 3066 635 3122 id
662 3076 745 3122 est
769 3067 941 3136 patrui
966 3068 1047 3123 sui
1080 3081 1277 3132 uxore,
1305 3065 1705 3135 conjungeres?
1738 3066 1816 3117 An

224 3159 443 3227 ignarus
486 3173 625 3223 eras,
674 3175 794 3229 quae
838 3172 935 3229 pro
976 3157 1075 3214 hac
1119 3172 1279 3214 causa
1310 3158 1584 3213 Canonum
1622 3164 1821 3212 statuta

1912 1955 2003 2025 qui
2053 1954 2427 2013 familiariores
2473 1973 2594 2037 esse
2640 1962 2751 2031 regi
2800 1962 3106 2018 videmini:
3159 1965 3410 2023 adhibete
3446 1967 3499 2025 ei

1912 2046 2195 2099 consilium
2218 2054 2460 2103 sanctum
2490 2059 2647 2119 atque
2674 2053 3027 2124 sacerdotale,
3054 2071 3119 2110 ne
3146 2056 3498 2116 exardescens

1912 2136 1966 2191 in
2018 2139 2316 2194 ministrum
2349 2141 2467 2208 Dei,
2503 2154 2686 2212 pereat
2732 2146 2799 2201 ah
2846 2144 2923 2201 ira
2973 2148 3118 2219 ejus,
3174 2159 3227 2205 et
3274 2167 3495 2222 regnum

1913 2230 2121 2299 perdat,
2154 2240 2208 2285 et
2233 2231 2478 2301 gloriam.
2513 2234 2639 2289 llaec
2664 2250 2750 2290 me
2774 2237 2999 2303 dicente,
3032 2240 3259 2296 silebant
3288 2256 3498 2300 omnes.

1914 2322 2023 2380 illis
2040 2340 2166 2380 vero
2180 2325 2459 2381 silentibus
2475 2327 2643 2397 adjeci
2672 2345 2685 2384 :
2717 2326 3055 2396 Mementote,
3073 2332 3272 2389 domini
3294 2334 3396 2390 mei
3412 2350 3498 2392 sa—

1916 2417 2180 2485 cerdotes,
2215 2419 2359 2473 verbi
2393 2420 2684 2489 prepheticl
2714 2422 2852 2492 quod
2884 2423 2958 2478 ait
2991 2442 3004 2477 :
3031 2425 3092 2481 Si
3118 2427 3297 2481 viderit
3324 2445 3500 2499 specu-

1918 2508 2052 2563 lator
2079 2511 2396 2582 iniquitatem
2425 2512 2663 2578 hominis,
2689 2524 2734 2567 et
2766 2530 2866 2569 non
2900 2515 3103 2584 dixerit,
3128 2534 3242 2572 reus
3273 2520 3365 2573 erit
3390 2520 3502 2575 ani-

1916 2616 2012 2653 ma:
2038 2602 2295 2671 pereuntis
2331 2601 2543 2674 (Ezech.
2570 2620 2757 2671 xxxm,
2791 2604 2869 2675 6).
2920 2607 3059 2680 Ergo
3104 2609 3274 2665 nolite
3321 2611 3505 2681 silere,

1918 2692 2012 2747 sed
2061 2692 2369 2762 praedicata,
2416 2706 2469 2748 et
2513 2695 2692 2763 ponite
2737 2706 2860 2752 ante
2880 2692 3082 2754 'oculos
3124 2702 3264 2773 regis
3292 2712 3505 2773 peccata

1918 2781 2055 2853 ejus,
2091 2800 2158 2839 ne
2190 2784 2327 2840 forte
2357 2785 2407 2839 ei
2432 2786 2632 2855 aliquid
2656 2788 2782 2842 mali
2811 2789 3103 2859 contingat,
3131 2802 3184 2846 et
3211 2806 3305 2846 vos
3332 2792 3412 2847 rei
3436 2793 3505 2850 si-

1927 2877 1995 2930 tis
2027 2892 2122 2945 pro
2146 2877 2327 2931 'anima
2357 2877 2494 2947 ejus.
2542 2878 2622 2933 An
2670 2880 2930 2950 ignoratis
2969 2883 3092 2952 quid
3136 2898 3275 2939 novo
3299 2894 3507 2953 gestum

1924 2967 2085 3023 fuerit
2117 2969 2393 3039 tempore?
2422 2970 2692 3038 quomodo
2719 2973 3111 3041 apprehensum
3139 2975 3507 3045 Sigimundum

1922 3058 2296 3115 Chlodomeris
2340 3063 2557 3116 retrusit
2605 3062 2659 3116 in
2688 3066 3000 3119 carcerem?
3029 3066 3266 3138 dixitque
3308 3067 3356 3125 ei
3387 3071 3509 3125 Avi~

1926 3159 2011 3204 tus
2047 3148 2065 3187 ί
2096 3150 2189 3206 Dei
2216 3151 2468 3207 sacerdos
2500 3170 2512 3204 :
2547 3152 2623 3208 Ne
2673 3153 2878 3224 injicias
2926 3170 3147 3212 manum
3184 3158 3235 3212 in
3272 3173 3418 3226 eum,
3458 3170 3512 3217 et

225 3250 565 3305 sanxissent?
592 3249 767 3305 Etiam
793 3264 896 3305 non
924 3249 1011 3305 hic
1033 3251 1206 3305 solum
1234 3251 1529 3306 excessisse
1552 3249 1815 3320 probaris,
1850 3268 1896 3332 ρ
1926 3260 2047 3301 cum
2074 3244 2432 3316 Burgundiam
2466 3245 2708 3317 petieris,
2735 3246 2896 3321 224,
2924 3248 3202 3305 victoriam
3225 3250 3511 3309 obtinebis.

228 3340 327 3396 sed
374 3342 533 3397 etiam
575 3358 695 3397 cum
740 3343 833 3397 illo
872 3342 1047 3415 egisti,
1078 3343 1219 3398 datis
1263 3343 1593 3410 muneribus,
1633 3352 1690 3399 ut
1720 3357 1817 3415 ego

229 3431 593 3490 interﬁcerer.
639 3434 859 3490 Hostem
910 3442 1087 3490 autem
1121 3434 1284 3489 lilium
1316 3437 1453 3506 patri
1503 3433 1696 3503 fecisti,
1730 3449 1819 3491 se-

230 3524 435 3581 duxisti
463 3526 690 3595 pecunia
721 3526 954 3598 plebem,
1003 3534 1060 3582 ut
1090 3528 1265 3582 nullus
1292 3542 1501 3583 mecum
1534 3528 1691 3583 ﬁdem
1723 3530 1820 3585 ha-

230 3618 399 3678 bitam
430 3622 753 3688 custodiret;
789 3623 1109 3693 voluistique
1148 3638 1370 3694 regnum
1408 3638 1584 3678 meum
1621 3623 1675 3676 in
1705 3638 1822 3678 ma-

234 3727 362 3768 num
410 3716 629 3771 alterius
686 3716 915 3771 tradere.
973 3715 1100 3770 Haec
1150 3731 1215 3771 eo
1267 3715 1500 3783 dicente,
1550 3714 1826 3772 infremuit

235 3804 522 3861 multitudo
554 3806 905 3875 Francorum,
935 3807 1210 3878 voluitque
1241 3808 1373 3861 ostia
1403 3808 1638 3862 basilicae
1680 3824 1826 3863 rum-

233 3910 384 3968 pere,
410 3897 562 3968 quasi
592 3906 645 3951 ut
674 3907 978 3955 extractum
1010 3898 1341 3954 sacerdotem
1375 3899 1640 3967 lapidibus
1673 3914 1830 3968 urge-

235 3997 319 4043 ret
364 4005 375 4039 :
412 3988 505 4043 sed
550 4004 641 4043 rex
688 3988 958 4059 prohibuit
1000 3988 1134 4043 ﬁeri.
1191 3986 1426 4058 Cumque
1474 3988 1831 4044 Prtetextatus

238 4078 525 4148 episc0pus
593 4095 655 4135 ea
718 4096 838 4150 quae
904 4096 998 4135 rex
1067 4079 1303 4146 dixerat,
1370 4079 1509 4134 facta
1579 4092 1828 4149 negaret,

236 4173 401 4247 223
433 4174 765 4231 advenerunt
807 4173 926 4230 falsi
975 4183 1161 4241 testes,
1196 4175 1284 4243 qui
1322 4175 1675 4229 ostendebant
1712 4190 1834 4245 spe-

238 4267 350 4321 cies
397 4267 624 4336 aliquas,
658 4268 897 4323 dicentes
931 4286 943 4320 :
978 4268 1103 4323 lltec
1134 4279 1185 4323 et
1214 4268 1327 4323 hcce
1356 4268 1509 4322 nobis
1540 4267 1754 4334 dedisti,
1781 4276 1837 4322 ut

239 4355 562 4413 Merovecho
593 4352 750 4413 ﬁdem
786 4360 1099 4427 promittere
1128 4358 1464 4414 deberemus.
1500 4359 1577 4414 Ad
1610 4360 1719 4415 lucc
1752 4360 1838 4416 ille

242 4446 459 4503 dicebat
499 4467 513 4502 ε
558 4449 751 4505 Verum
784 4450 928 4505 cnim
966 4450 1163 4516 dicitis,
1196 4465 1293 4505 vos
1324 4465 1351 4505 a
1384 4467 1469 4505 me
1496 4452 1694 4521 smpius
1724 4468 1840 4506 mu-

242 4548 484 4604 neratos,
524 4541 617 4595 sed
664 4557 768 4597 non
803 4541 916 4595 haec
958 4556 1119 4596 causa
1150 4542 1375 4604 exstitit,
1408 4551 1463 4596 ut
1492 4558 1585 4598 rex
1619 4543 1842 4614 ejicere-

1923 3338 2017 3395 llle
2048 3354 2175 3393 vero
2205 3339 2445 3395 abnuens
2476 3354 2594 3411 quae
2625 3338 2673 3395 ei
2719 3355 2748 3393 a
2790 3340 3069 3397 sacerdote
3109 3340 3249 3396 dicta
3280 3340 3512 3415 fuerant,

1922 3432 2071 3498 abiit,
2103 3433 2380 3503 ipsumque
2410 3448 2527 3488 cum
2566 3448 2731 3487 uxore
2760 3441 2814 3488 et
2843 3433 2963 3488 ﬁliis
3007 3435 3305 3501 interemit;
3340 3436 3515 3507 petiit~

1924 3543 2024 3598 que
2041 3525 2417 3597 Burgundiam,
2440 3526 2616 3597 ibique
2648 3543 2938 3599 oppressus
2962 3530 3028 3585 ab
3050 3532 3314 3599 exercitu,
3348 3532 3512 3587 inter-

1923 3632 2135 3689 emptus
2189 3629 2292 3676 est.
2323 3620 2458 3688 Quid
2484 3619 2743 3676 Maximus
2787 3622 3113 3693 imperator?
3165 3623 3351 3679 Nonne
3387 3640 3509 3679 cum

1925 3711 2135 3767 beatum
2161 3712 2439 3767 Martinum
2465 3723 2490 3762 ts
2513 3714 2855 3785 compulisset
2881 3715 3278 3770 communicare
3301 3714 3511 3769 cuidam

1927 3804 2209 3862 homicidae
2258 3809 2542 3878 episcOpo,
2593 3818 2645 3864 et
2694 3811 2815 3876 ille,
2866 3825 2972 3880 quo
3020 3809 3231 3866 facilius
3271 3809 3514 3865 addictos

1930 3900 2088 3954 morti
2122 3899 2396 3968 liberaret,
2423 3904 2532 3970 regi
2562 3902 2725 3972 impio
2755 3902 3139 3965 consensisset,
3164 3908 3520 3972 prosequente

1931 3990 2091 4062 Regis
2122 3993 2309 4047 aeterni
2339 3994 2561 4063 judicio,
2598 3994 2664 4047 ab
2698 3992 2923 4061 imperio
2951 3992 3207 4062 depulsus
3235 3990 3519 4059 Maximus,

1933 4091 2106 4138 morte
2156 4084 2380 4150 pessima
2432 4084 2821 4138 condemnatus
2853 4082 2968 4137 est?
3018 4081 3141 4137 llzee
3172 4097 3257 4137 me
3287 4080 3523 4147 dicente,

1938 4189 2044 4229 nou
2076 4174 2345 4244 respondit
2383 4175 2517 4230 ullus
2546 4176 2854 4246 quidquam,
2887 4176 2979 4231 sed
3024 4185 3177 4231 erant
3224 4188 3413 4228 omnes
3442 4172 3523 4227 in-

1940 4268 2070 4322 tenti
2114 4277 2166 4322 et
2208 4274 2505 4337 stupentes.
2558 4268 2669 4324 Duo
2714 4278 2891 4323 tamen
2940 4267 3246 4322 adulatores
3270 4281 3335 4320 ex
3374 4265 3525 4333 ipsis,

1941 4360 2078 4430 quod
2123 4361 2188 4416 de
2234 4361 2498 4430 episcopis
2539 4362 2639 4417 dici
2685 4358 2969 4418 dolendum
3012 4368 3115 4427 est,
3152 4361 3530 4415 nuntiaverunt

1943 4455 2056 4525 regi
2085 4454 2345 4522 dicentes,
2374 4457 2493 4526 quia
2521 4457 2723 4512 nullum
2746 4456 3003 4525 majorem
3034 4454 3309 4511 inimicum
3342 4456 3394 4509 in
3417 4453 3527 4508 suis

1947 4548 2123 4601 causis
2153 4562 2311 4617 quam
2343 4563 2425 4603 me
2458 4548 2698 4604 haberet.
2734 4548 2887 4604 Illico
2913 4562 3047 4602 unus
3067 4564 3132 4602 ex
3159 4546 3347 4601 aulicis
3373 4561 3533 4601 cursu

244 4636 333 4686 tur
364 4646 392 4685 a
419 4646 601 4700 regno.
633 4630 764 4684 Nam
794 4640 848 4685 et
877 4645 999 4685 cum
1032 4646 1128 4687 vos
1157 4631 1287 4685 mihi
1315 4641 1366 4687 et
1397 4646 1563 4702 equos
1589 4632 1838 4702 optimos,
1872 4644 1922 4705 υ
1949 4637 2135 4707 rapido
2188 4638 2250 4695 ad
2299 4654 2384 4694 me
2429 4638 2922 4708 repraesentandum
2970 4636 3233 4707 dirigitur.
3294 4635 3535 4705 Cumque

245 4733 304 4781 et
343 4739 431 4780 res
462 4724 592 4779 alias
625 4723 967 4794 praebcretis,
1007 4724 1246 4794 nunquid
1289 4736 1525 4796 poteram
1578 4726 1716 4781 aliud
1765 4725 1843 4780 fa-

249 4881 446 4936 dicitur
480 4878 843 4943 Pont-Pierre,
878 4879 1012 4934 situs
1052 4879 1103 4932 in
1143 4878 1272 4932 silva
1304 4877 1511 4947 Vosego
1540 4878 1606 4932 ad
1640 4879 1838 4933 Mosam

248 4952 495 5017 ﬂuvium,
527 4952 666 5009 inter
688 4952 883 5007 Motum
914 4959 969 5005 et
998 4949 1536 5015 Novum-castellum,
1565 4952 1653 5004 vix
1686 4951 1842 5005 hodie

253 5033 437 5079 notus.

332 5103 356 5131 ι
401 5091 640 5147 llabebat
671 5093 803 5147 tilias
834 5093 968 5147 duas
1000 5092 1385 5154 Guntramnus,
1417 5089 1844 5159 Chlodobergem

255 5180 452 5231 nempe
503 5163 942 5227 etChlotildetn;
993 5162 1085 5217 sed
1136 5162 1187 5213 id
1242 5175 1338 5228 pro
1382 5160 1547 5214 nihilo
1595 5161 1842 5223 ducebat,

253 5237 402 5305 quod
431 5250 598 5304 regno
628 5234 958 5305 capessendo
989 5231 1247 5305 inhabiles
1289 5239 1471 5305 essent
1500 5232 1645 5305 juxta
1677 5232 1844 5305 legem

257 5299 516 5370 Salicam,
539 5320 657 5373 qua:
688 5299 898 5373 semper
942 5304 993 5358 in
1026 5302 1273 5358 omnibus
1315 5301 1464 5373 regni
1495 5299 1847 5373 divisionibus

262 5381 438 5431 locum
470 5371 751 5439 habuerat,
782 5371 834 5429 et
865 5374 1056 5429 exinde
1105 5373 1303 5426 habuit.
1358 5371 1635 5439 Nunquam
1679 5372 1844 5432 enim,

258 5465 324 5503 cx
359 5465 465 5517 quo
497 5448 828 5501 Francorum
885 5446 1168 5513 imperium
1199 5442 1461 5517 subsistit,
1505 5442 1755 5517 mulieres
1784 5442 1851 5495 ad

261 5512 661 5575 succedendum
696 5517 748 5570 in
780 5522 920 5585 regia
951 5512 1204 5579 dignitate
1236 5514 1480 5585 admissa:
1510 5512 1742 5585 fuerunt.

335 5591 360 5629 δ
392 5590 605 5659 llegttt.,
635 5604 815 5655 eosque
845 5582 1142 5654 spectandos
1174 5584 1373 5659 pupulis
1427 5583 1662 5659 prwbuit,
1686 5582 1853 5659 _Bat_l.,

258 5662 316 5715 in
363 5662 436 5715 eis
475 5653 670 5729 popqu
711 5653 1055 5729 spectaculum
1088 5657 1409 5724 praebiturus.
1454 5654 1617 5729 Porro
1648 5653 1854 5729 1110116-

265 5733 387 5786 trita
429 5724 513 5785 est
548 5724 808 5797 scriptura
849 5728 967 5778 eod.
1000 5728 1222 5790 Bellum,
1253 5742 1417 5793 usque
1448 5725 1511 5778 ad
1543 5725 1655 5778 hasc
1686 5724 1847 5779 verba

261 5800 541 5872 sequentis
573 5801 783 5865 capitis,
816 5806 861 5850 et
896 5812 987 5849 ora
1008 5798 1319 5872 digito,_etc.

341 5868 362 5911 ἒ
393 5872 581 5939 (3011),,
617 5872 765 5937 Bec.,
801 5878 930 5938 etc.,
960 5883 1103 5920 auem
1148 5868 1450 5934 discussum,
1485 5879 1698 5921 casuum
1733 5880 1849 5923 mu-

1950 4728 2233 4795 venissem,
2282 4729 2457 4784 stabat
2504 4743 2595 4784 rex
2637 4729 2784 4797 juxta
2832 4726 3234 4782 tabernaculum
3274 4739 3338 4781 ex
3371 4724 3533 4780 ramis

1954 4881 2171 4945 latione,
2204 4895 2360 4949 quam
2393 4881 2495 4935 sibi
2534 4880 2847 4935 familiarem
2888 4878 3052 4934 fuisse
3082 4877 3279 4935 fatetur
3305 4892 3411 4931 non
3438 4889 3528 4929 se-

1950 4951 2052 5005 mel
2081 4950 2393 5019 Gregorius.

2020 5020 2045 5057 d
2080 5016 2246 5074 Erant
2277 5035 2501 5075 numero
2530 5020 2620 5084 45,
2652 5037 2717 5075 ex
2748 5018 2885 5077 libro
2914 5035 2985 5075 vn
3018 5019 3172 5082 infra,
3202 5030 3323 5083 cap.
3354 5016 3438 5069 16.

2025 5100 2048 5127 ο
2084 5091 2300 5143 Veteres
2330 5100 2585 5144 metatum
2620 5106 2715 5159 pro
2746 5090 2861 5145 solo
2890 5090 3158 5159 hospitum
3191 5087 3273 5159 vel
3304 5086 3532 5139 militum

1954 5162 2182 5229 hospitio
2233 5160 2559 5231 adhibebant
2589 5157 2898 5231 {sequioris
2948 5157 3047 5215 sivi
3097 5157 3392 5225 scriptores
3442 5170 3539 5224 pro

1955 5232 2194 5301 quolibet
2216 5230 2509 5285 domicilio.

2029 5301 2045 5337 ί
2090 5302 2301 5370 llegm.,
2351 5310 2407 5352 ut
2453 5316 2668 5370 semper
2720 5302 2872 5363 alias,
2903 5296 3331 5370 Adjutus.,Vide
3380 5312 3540 5370 supra

1954 5372 2045 5425 lib.
2081 5366 2323 5440 ιιιδοιιρ.
2359 5372 2411 5426 6.
2447 5366 2616 5426 Porro
2646 5373 2731 5427 hie
2757 5366 3038 5426 sacerdotis
3069 5369 3286 5440 nomine
3326 5366 3542 5440 episcit‘

1965 5459 2087 5510 pum
2130 5458 2236 5496 non
2274 5438 2533 5511 intelligit
2574 5442 2881 5511 Gregorius,
2930 5448 2987 5491 ut
3016 5438 3358 5511 smpe__alias.
3411 5438 3541 5511 Nam

1962 5509 2181 5567 Sanctus
2208 5514 2393 5567 Avitus
2435 5509 2547 5566 erat
2579 5509 2915 5566 solummodo
2944 5510 3109 5563 abbas
3138 5509 3491 5563 Miciaceusis.

2036 5593 2061 5629 κ
2086 5584 2277 5646 Corb.,
2308 5584 2438 5637 Bell.
2474 5596 2525 5636 et
2562 5583 2714 5637 Culh.
2762 5580 2955 5634 habent
2988 5580 3318 5635 Germanum.
3354 5578 3545 5648 Vulga-

1966 5664 2071 5709 tam
2120 5664 2294 5707 tamen
2343 5664 2659 5707 creterorum
2690 5651 2973 5707 lectionem
3008 5652 3357 5712 retiuuimus;
3405 5650 3545 5717 quod

1961 5725 2060 5799 hoc
2091 5726 2259 5799 ipsum
2286 5732 2470 5799 sancto
2496 5722 3034 5799 llla_rtin0_c_ontigisse
3057 5722 3254 5799 referat
3278 5718 3546 5799 Sulpicius

1960 5786 2191 5849 Severus
2240 5795 2291 5847 in
2329 5793 2546 5859 Dialogo
2575 5794 2627 5855 5,
2683 5794 2771 5847 ubi
2814 5786 3029 5851 sanctus
3064 5792 3319 5849 Martinus
3351 5786 3541 5844 Felicis

1960 5865 2283 5924 ordinationi
2314 5862 2622 5922 interfuisse
2654 5872 2919 5924 narratur.
