4028 6342
550 418 660 477 835

1510 392 1513 395 ’
1550 406 1609 460 s.
1649 404 1973 461 cnsconu
2014 396 2319 461 EPISCOPI
2357 399 2788 458 TURONENSIS

3715 384 3828 452 εδδ

549 533 772 597 factum,
794 539 847 586 et
870 527 935 583 ad
956 525 1224 582 dexteram
1246 520 1361 590 ejus
1384 519 1794 575 Bertchramnus
1816 532 2119 587 CptSCOpllS,
2149 518 2205 576 Α
2230 504 2369 568 tatus
2398 528 2483 569 me
2514 514 2859 583 impugnante
2897 510 3308 580 opprimeretur.
3358 504 3613 562 Dicebant
3638 504 3822 562 enim:

551 627 623 680 ad
671 625 853 679 laevam
896 634 1023 675 vero
1051 613 1422 685 Ragncmodus
1451 622 1476 649 ι
1506 612 1679 667 stabat
1710 629 1722 662 :
1755 624 1808 663 et
1850 618 1960 663 erat
2004 600 2149 662 ante

551 733 650 773 eos
672 728 941 771 scamnum
975 709 999 748 δ
1030 723 1162 779 pane
1210 706 1439 774 desuper
1489 705 1700 772 plenum
1743 717 1863 755 cum
1905 686 2147 753 diversis

548 805 785 863 ferculis.
818 802 1050 870 Visoque
1084 813 1169 854 me
1204 812 1297 852 rex
1340 796 1413 849 ait
1442 811 1456 847 :
1495 794 1538 847 Ο
1576 794 1842 862 episcopo,
1871 789 2127 859 justitiam

553 895 763 950 cunctis
796 892 973 960 largiri
1002 890 1185 953 debes,
1228 897 1279 941 et
1301 900 1425 940 ecce
1456 900 1554 953 ego
1581 883 1836 951 justitiam
1883 896 1913 934 a
1944 890 1997 935 te
2025 896 2129 934 non

550 989 788 1056 accipio;
840 985 957 1049 sed,
1006 993 1062 1037 ut
1106 981 1284 1047 video,
1318 978 1583 1033 censentis
1632 975 1921 1045 iniquitati,
1953 984 2007 1029 et
2035 966 2147 1028 ini-1

550 1083 727 1151 pletur
771 1080 822 1131 in
858 1087 908 1132 te
948 1074 1295 1144 proverbium
1344 1070 1497 1137 illud,
1532 1067 1670 1139 quod
1700 1082 1892 1122 corvus
1922 1066 2130 1121 oculum

550 1172 698 1227 eorvi
745 1184 850 1223 non
894 1168 1054 1221 eruit.
1105 1165 1187 1220 Ad
1237 1165 1352 1218 haec
1387 1176 1484 1231 ego
1517 1178 1531 1215 :
1578 1158 1631 1216 Si
1664 1160 1780 1229 quis
1804 1159 1871 1214 de
1899 1159 2073 1223 nobis,
2102 1173 2133 1211 ο

551 1280 667 1327 rex,
718 1261 941 1331 jnsmize
992 1259 1258 1312 tramitem
1306 1255 1684 1310 transcendere
1726 1253 1974 1318 voluerit,
2025 1268 2052 1306 a
2086 1262 2137 1308 te

551 1358 746 1423 corrigi
778 1362 949 1421 potest
981 1369 993 1403 :
1025 1350 1071 1404 si
1102 1366 1228 1405 vero
1259 1360 1313 1404 tu
1357 1347 1673 1412 excesseris,
1706 1345 1827 1415 quis
1874 1354 1925 1401 te
1971 1343 2137 1398 corri-

551 1448 690 1516 piet?
732 1444 1024 1512 Loquimur
1064 1441 1204 1495 enim
1248 1440 1361 1503 tibi,
1404 1439 1498 1494 sed
1536 1438 1576 1493 si
1613 1437 1849 1492 volucris
1880 1438 2060 1502 audis;
2092 1435 2137 1490 si

552 1546 728 1590 autem
774 1534 1032 1596 nolueris,
1063 1533 1182 1602 quis
1228 1540 1279 1587 te
1316 1527 1724 1595 condemnabit,
1756 1529 1857 1583 nisi
1888 1528 1933 1583 is
1960 1528 2049 1597 qui
2079 1541 2139 1584 se

553 1624 916 1695 pronuntiavit
942 1638 1062 1678 esse
1090 1622 1394 1677 Justitiam?
1436 1622 1517 1676 Ad
1550 1622 1665 1676 haec
1702 1621 1812 1686 ille,
1845 1628 1903 1676 ut
1928 1627 2042 1675 erat
2071 1620 2137 1675 ab

556 1717 917 1771 adulatoribus
960 1725 1143 1769 contra
1186 1730 1269 1769 me
1318 1728 1605 1779 accensus,
1638 1714 1709 1767 ait
1745 1732 1755 1765 :
1792 1712 1923 1767 Cum
1964 1712 2138 1767 omni-

555 1807 652 1863 bus
696 1807 838 1862 enim
886 1805 1058 1860 inveni
1106 1803 1391 1873 justitiam,
1431 1812 1485 1858 et
1532 1814 1702 1859 tecum
1746 1806 1984 1860 invenire
2032 1820 2135 1860 non

2232 606 2348 662 Jam
2389 607 2624 662 omnium
2658 608 3029 676 episcOporum
3068 602 3473 673 promissionem
3523 600 3822 672 habemus:

2233 707 2437 753 tantum
2484 707 2540 752 tu
2586 698 2843 753 adversus
2892 712 2997 751 non
3048 694 3283 748 incedas.
3334 691 3539 759 Quibus
3584 705 3686 763 ego
3732 706 3827 746 re—

2233 791 2425 861 Spondi
2453 810 2465 842 :
2499 791 2554 846 Si
2584 791 2714 845 milii
2744 792 2888 844 mille
2915 790 3076 844 libras
3101 788 3215 843 auri
3247 787 3560 857 argentique
3581 786 3825 854 donetis,

2235 884 2475 953 nunquid
2517 885 2663 939 aliud
2712 884 2889 939 facere
2933 876 3183 953 possum,
3234 882 3336 936 nisi
3379 879 3521 951 quod
3560 879 3828 935 Dominus

2234 990 2393 1045 agere
2439 976 2713 1046 prmcipit?
2762 975 2934 1031 Unum
2985 982 3189 1029 tantum
3245 971 3521 1041 polliceor,
3572 969 3716 1041 quod
3758 985 3830 1026 ea

2236 1085 2353 1139 quae
2372 1071 2549 1124 eteteri
2580 1070 2870 1123 secundum
2892 1069 3164 1123 Canonum
3196 1075 3389 1121 statuta
3419 1065 3828 1133 consenserint,

2237 1177 2449 1231 sequar.
2480 1162 2548 1215 At
2576 1162 2649 1216 illi
2681 1178 2783 1216 non
2816 1163 2977 1233 226
3005 1160 3363 1229 intelligeutcs
3403 1173 3523 1229 qua:
3553 1158 3828 1224 dicebam,

2238 1252 2435 1321 gratias
2480 1259 2699 1321 agentes
2729 1251 3111 1307 discesserunt.
3143 1251 3295 1305 Mane
3320 1259 3497 1305 autem
3527 1248 3692 1313 facte,
3722 1248 3827 1303 ali-

2240 1346 2329 1415 qui
2358 1346 2424 1401 de
2452 1345 2720 1415 episcopis
2755 1346 2822 1399 ad
2861 1359 2947 1400 me
2975 1353 3263 1411 venerunt,
3308 1344 3482 1400 simile
3509 1342 3828 1398 mandatum

2241 1435 2471 1492 terentes
2500 1451 2513 1487 :
2546 1436 2740 1506 quibus
2772 1450 2870 1506 ego
2898 1436 3091 1491 similia
3120 1436 3395 1506 respondi.

2309 1527 2767 1584 Convenientibus
2801 1538 2979 1583 autem
3004 1528 3161 1584 nobis
3188 1529 3238 1582 in
3270 1528 3486 1583 basilica
3513 1528 3689 1584 sancti
3721 1527 3826 1583 Pe-

2241 1620 2327 1685 tri,
2361 1634 2516 1674 mane
2559 1636 2654 1675 rex
2703 1618 2890 1687 adfuit,
2940 1620 3221 1689 dixitque:
3253 1620 3547 1689 Episcopus
3585 1620 3731 1674 enim
3774 1620 3829 1674 in

2241 1710 2399 1766 furtis
2421 1710 2810 1781 deprehensus,
2849 1710 2918 1764 ab
2951 1709 3239 1780 episcopali
3275 1711 3453 1765 officio
3479 1716 3537 1765 ut
3566 1708 3829 1763 avellatur

2202 1868 2205 1872 ι
2240 1801 2519 1857 Canonum
2560 1802 2853 1858 auctoritas
2893 1802 3088 1856 sanxit.
3138 1800 3299 1855 Nobis
3346 1814 3558 1871 quoque
3604 1814 3829 1868 respon-

555 1913 790 1967 possum.
824 1897 928 1950 Sed
956 1897 1069 1951 scio
1105 1895 1228 1965 quid
1260 1894 1473 1958 faciam,
1506 1905 1561 1949 ut
1598 1897 1800 1952 noteris
1828 1898 1878 1951 in
1907 1897 2135 1967 populis,
2169 1892 2217 1953 B
2244 1894 2492 1949 dentibus
2526 1894 2698 1961 :Quis
2738 1893 2829 1948 ille
2864 1892 3112 1947 sacerdos
3150 1900 3312 1960 esset,
3346 1892 3429 1947 cui
3461 1890 3586 1947 furti
3621 1890 3831 1945 crimen

556 2000 609 2047 et
634 1991 885 2060 injustum
917 1999 967 2045 te
996 2004 1116 2044 esse
1145 1988 1391 2042 omnibus
1422 1996 1772 2056 perpatescat.
1820 1988 2136 2043 Couvocabo

555 2082 695 2135 enim
730 2082 980 2149 populum
1011 2078 1356 2145 Turonicum,
1408 2088 1461 2134 et
1508 2079 1678 2134 dicam
1710 2080 1788 2135 eis
1820 2096 1835 2134 :
1870 2080 2139 2135 Vocifera-

550 2175 679 2231 mini
709 2184 890 2229 contra
921 2173 1256 2243 Gregorium,
1304 2172 1443 2242 quod
1490 2173 1559 2228 sit
1608 2173 1861 2243 injustus,
1907 2182 1961 2229 et
2007 2173 2137 2229 nulli

551 2267 828 2321 hominum
874 2264 1137 2334 justitiam
1186 2270 1423 2331 praestet.
1481 2263 1586 2319 Illis
1630 2279 1842 2335 quoque
1872 2263 1985 2318 haec
2025 2264 2137 2319 cla-

551 2357 821 2411 mantibus
847 2352 1211 2424 respondebo,
1240 2354 1399 2423 225
1422 2351 1532 2422 Ego
1562 2352 1651 2422 qui
1686 2368 1778 2407 rex
1808 2367 1947 2419 sum,
1979 2352 2139 2423 justi-

553 2450 682 2503 tiam
708 2462 827 2502 cum
874 2446 1063 2502 eodem
1107 2444 1350 2499 invenire
1393 2459 1496 2499 non
1541 2459 1781 2514 possum,
1814 2456 1867 2500 et
1909 2461 2005 2502 vos
2052 2447 2140 2516 qui

550 2541 789 2596 minores
836 2538 965 2594 estis
1014 2534 1330 2591 invenietis?
1372 2535 1451 2590 Ad
1498 2536 1612 2590 haec
1656 2551 1802 2605 ego:
1843 2538 1996 2603 Quod
2038 2540 2140 2594 sim

553 2615 805 2703 injustus,
829 2637 886 2683 tu
913 2628 1111 2684 nescis.
1134 2626 1248 2684 Scit
1265 2626 1403 2681 enim
1426 2626 1515 2681 ille
1540 2628 1920 2683 conscientiam
1945 2644 2139 2699 meam,

555 2722 643 2776 cui
666 2720 873 2776 occulta
894 2717 1069 2773 cordis
1091 2724 1213 2771 sunt
1236 2716 1534 2772 manifesta.
1552 2717 1706 2783 Quod
1730 2733 1859 2773 vero
1876 2718 2007 2774 falso
2028 2720 2141 2776 cla-

554 2826 709 2868 more
737 2810 961 2881 populus
982 2817 1034 2865 te
1069 2808 1357 2865 insultante
1372 2808 1719 2878 vociferatur,
1742 2809 1873 2865 nihil
1894 2820 1993 2879 est,
2019 2813 2141 2882 quia

556 2905 733 2960 sciunt
759 2916 944 2959 omnes
971 2917 1002 2956 a
1028 2909 1082 2957 te
1112 2902 1227 2956 haec
1252 2901 1466 2957 emissa.
1500 2902 1729 2973 Ideoque
1753 2919 1861 2959 non
1900 2918 2018 2974 ego,
2049 2904 2144 2961 sed

554 3005 731 3075 potius
758 3012 819 3059 tu
844 3005 897 3059 in
929 3004 1314 3059 acclamatione
1344 3000 1635 3058 notaberis.
1669 3000 1777 3056 Sed
1804 2998 1928 3070 quid
1954 2996 2142 3068 plura?

555 3094 729 3151 Habes
769 3096 941 3166 legem
968 3104 1025 3151 et
1049 3094 1318 3151 Canones.
1349 3094 1475 3148 Haec
1522 3100 1578 3150 te
1623 3093 1911 3163 diligenter
1958 3089 2140 3145 rimari

550 3196 765 3257 Oportet
796 3203 812 3241 :
846 3195 899 3241 et
932 3196 1062 3243 tunc
1089 3203 1205 3257 qute
1232 3186 1605 3256 praeceperint,
1652 3186 1697 3239 si
1739 3199 1845 3239 non
1885 3185 2141 3241 observa-

2241 1988 2608 2058 irrogaretur?
2652 1986 2932 2058 respondit
2976 2002 3069 2041 rex
3103 2003 3117 2040 :
3150 1986 3367 2040 Vidistis
3411 1985 3554 2040 enim
3596 1983 3829 2053 species,

2241 2094 2373 2151 quas
2394 2079 2548 2134 nobis
2578 2078 2717 2133 furto
2746 2079 2982 2135 abstulit.
3011 2078 3333 2133 Ostenderat
3355 2077 3494 2132 enim
3523 2076 3683 2131 nobis
3706 2086 3831 2130 ante

2241 2175 2383 2231 diem
2417 2175 2627 2230 tertiam
2656 2190 2750 2229 rex
2773 2174 2877 2228 duo
2908 2172 3117 2227 volucla
3139 2170 3185 2236 ι,
3208 2168 3487 2240 speciebus
3516 2177 3573 2223 et
3601 2168 3831 2222 diversis

2243 2266 2574 2320 ornamentis
2622 2264 2821 2319 referta
2871 2281 2882 2317 :
2951 2278 3069 2333 qua:
3122 2260 3557 2332 appretiabantur
3600 2258 3830 2329 amplius

2242 2374 2399 2430 quam
2432 2359 2531 2414 tria
2579 2359 2741 2413 millia
2788 2357 3100 2413 solidorum.
3155 2356 3265 2412 Sed
3310 2362 3364 2411 et
3401 2354 3676 2409 sacculum
3707 2367 3829 2408 cum

2255 2453 2593 2508 numismatis
2646 2462 2669 2498 ις
2719 2452 2833 2505 auri
2886 2450 3117 2521 pondere
3168 2457 3436 2504 tenentem
3482 2447 3633 2516 quasi
3667 2446 3830 2523 millia

2243 2542 2370 2597 duo.
2414 2544 2539 2598 Haec
2580 2544 2722 2598 enim
2753 2542 2964 2597 dicebat
3000 2558 3113 2609 rex,
3144 2541 3243 2596 sibi
3276 2541 3343 2596 ab
3371 2541 3624 2610 episcopo
3664 2538 3831 2594 fuisse

2241 2635 2440 2691 furata.
2480 2635 2584 2703 Qui
2624 2636 2901 2705 respondit
2935 2653 2946 2686 :
2982 2633 3237 2690 Recolere
3280 2648 3375 2689 vos
3417 2633 3608 2698 credo,
3658 2632 3829 2687 disce-

2242 2730 2402 2787 dente
2432 2747 2463 2787 a
2492 2730 2911 2800 Rolliomagensi
2940 2730 3068 2785 urbe
3097 2729 3433 2785 Brunicliilde
3452 2729 3659 2799 regina,
3688 2726 3829 2799 quod

2244 2823 2485 2878 venerim
2518 2825 2583 2878 ad
2611 2838 2727 2889 vos,
2756 2822 2972 2891 dixique
3012 2820 3182 2888 Vobis,
3227 2823 3353 2892 quia
3382 2835 3467 2876 res
3495 2820 3630 2889 ejus,
3667 2819 3723 2873 id
3752 2822 3832 2875 est

2247 2912 2485 2983 quinque
2531 2912 2771 2967 sarcinas
2795 2953 2811 2980 ,
2852 2912 3251 2967 commendatas
3298 2912 3543 2967 haberem
3576 2926 3589 2962 :
3630 2919 3689 2965 et
3730 2908 3831 2963 fre-

2247 3005 2503 3075 quentius
2541 3005 2795 3060 advenire
2828 3018 3025 3073 pueros
3061 3004 3179 3074 ejus
3207 3003 3273 3059 ad
3302 3019 3408 3068 me,
3440 3012 3498 3058 ut
3535 3017 3601 3056 ea
3638 3000 3829 3057 redde-

2248 3112 2383 3165 rem,
2417 3110 2471 3154 et
2506 3098 2652 3153 nolui
2694 3099 2809 3153 sine
2836 3098 3061 3154 consilio
3092 3107 3298 3153 vestro.
3329 3097 3405 3152 Tu
3440 3105 3619 3151 autem
3644 3093 3830 3151 dixisti

2246 3190 2398 3257 mihi,
2426 3207 2459 3246 o
2485 3207 2579 3247 rex
2610 3210 2622 3243 :
2656 3190 2805 3261 Ejice
2831 3190 2945 3246 haec
2995 3205 3025 3246 a
3074 3201 3146 3258 te,
3179 3199 3234 3245 et
3261 3198 3592 3246 revertantur
3617 3189 3684 3245 ad
3719 3206 3829 3244 mu-

553 3280 699 3334 veris
728 3291 776 3347 ο,
806 3280 1021 3335 noveris
1049 3278 1141 3333 tibi
1172 3277 1268 3332 Dei
1292 3277 1553 3346 iudicium
1603 3274 1901 3330 imminere.
1952 3278 2020 3330 At
2051 3275 2141 3331 ille
2170 3275 2217 3340 C
2247 3283 2433 3339 liorem
2463 3297 2549 3338 res
2579 3299 2712 3349 suae,
2740 3299 2810 3340 ne
2847 3283 3125 3339 inimicitia
3168 3284 3306 3340 inter
3334 3298 3420 3339 me
3444 3292 3497 3339 et
3519 3283 3832 3339 Cbildebeb

553 3372 707 3442 quasi
748 3386 835 3427 me
881 3370 1209 3438 demulcens,
1255 3368 1400 3437 quod
1446 3367 1632 3424 dolose
1678 3366 1879 3423 faciens
1921 3367 2139 3437 putabat

552 3478 640 3518 me
676 3477 784 3518 non
830 3461 1169 3537 intelligere,
1211 3473 1506 3515 conversus
1552 3457 1619 3513 ad
1659 3459 1946 3529 juscellum
1992 3458 2138 3529 quod

553 3568 734 3610 coram
782 3562 898 3609 erat
945 3536 1199 3621 positum,
1245 3552 1362 3608 ait:
1396 3552 1621 3622 Propter
1671 3558 1724 3606 te
1756 3550 1869 3606 lucc
1914 3536 2139 3619 juscella

552 3647 761 3717 paravi,
796 3646 847 3701 in
876 3645 1069 3716 quibus
1101 3645 1229 3700 nibil
1273 3644 1415 3700 aliud
1454 3651 1647 3714 praeter
1676 3644 1933 3711 volatilia,
1963 3652 2015 3699 et
2042 3630 2140 3714 pa-i

552 3757 769 3812 rumper
799 3741 988 3796 ciceris
1028 3741 1354 3795 continetur.
1396 3738 1475 3794 Ad
1508 3738 1623 3793 luce
1660 3754 1780 3809 ego,
1812 3750 2137 3807 cognoscens

552 3833 882 3890 adulationes
910 3831 1046 3901 ejus,
1088 3832 1198 3886 dixi
1230 3850 1241 3885 :
1290 3831 1483 3888 Noster
1513 3831 1665 3886 cibus
1695 3845 1815 3884 esse
1856 3829 2014 3885 debet
2054 3828 2137 3883 fa-

551 3942 677 3983 cere
721 3928 1052 3982 voluntatem
1081 3924 1201 3992 Dei,
1234 3932 1289 3980 et
1333 3940 1439 3981 non
1471 3924 1555 3979 his
1603 3924 1809 3979 deliciis
1855 3922 2137 3991 delectari,

553 4028 611 4074 ut
636 4033 697 4073 ea
724 4034 841 4088 quze
866 4018 1142 4088 praecepit,
1186 4018 1334 4073 nullo
1379 4032 1505 4073 casu
1534 4015 2024 4087 praetermittamus.
2057 4014 2141 4070 Tu

554 4128 684 4169 vero
706 4112 795 4183 qui
823 4112 959 4167 alios
983 4112 1049 4167 de
1075 4111 1281 4181 justitia
1306 4112 1511 4181 culpas,
1545 4110 1794 4181 pollicere
1823 4110 1967 4178 prius
1996 4106 2140 4189 quod

556 4206 732 4275 legem
772 4212 829 4259 et
854 4203 1099 4257 Canones
1141 4216 1249 4257 non
1297 4203 1512 4257 omittas
1557 4210 1657 4255 :et
1704 4210 1829 4256 tunc
1872 4200 2141 4275 credimus

559 4274 703 4365 quod
728 4295 994 4363 justitiam
1023 4292 1381 4362 prosequaris.
1412 4291 1504 4345 llle
1531 4304 1661 4344 vero
1690 4300 1931 4359 porrecta
1957 4274 2140 4346 dexte-

555 4399 639 4453 ra,
678 4383 878 4454 juravit
925 4397 1020 4452 per
1070 4382 1488 4450 omnipotentem
1515 4378 1704 4446 Deum,
1736 4382 1875 4450 quod
1919 4397 1980 4437 ea
2020 4372 2138 4453 quae

557 4478 648 4535 lex
678 4487 733 4534 et
757 4476 1001 4532 Ganones
1048 4475 1362 4551 edoc‘ebant,
1395 4474 1539 4527 nullo
1572 4475 2000 4543 praetermitteret
2045 4466 2138 4545 pa-

558 4580 667 4627 cto.
720 4570 969 4627 Posthaec
1016 4576 1239 4639 accepto
1266 4582 1427 4638 pane,
1458 4568 1646 4624 hausto
1672 4571 1832 4624 etiam
1864 4569 1987 4623 vino
2029 4564 2139 4624 dis-

2248 3382 2358 3429 tum
2397 3383 2647 3443 nepotem
2690 3390 2865 3430 meum
2903 3374 3109 3444 probis
3134 3375 3294 3430 rebus
3321 3375 3511 3430 debeat
3543 3376 3826 3443 pullulare.

2244 3462 2511 3519 Reversus
2538 3478 2665 3534 ergo
2692 3479 2790 3535 ego
2815 3465 2880 3519 ad
2909 3464 3121 3534 urbem,
3154 3482 3315 3521 unum
3344 3464 3610 3521 volnclum
3640 3466 3830 3521 tradidi

2247 3554 2425 3623 pueris
2465 3572 2478 3608 :
2525 3570 2627 3611 non
2674 3556 2814 3611 enim
2856 3556 3103 3612 valebant
3130 3559 3355 3627 amplius
3394 3557 3548 3612 ferre.
3610 3557 3829 3613 Reversi

2244 3645 2439 3701 iterum
2468 3647 2814 3718 requirebant
2843 3647 2945 3703 alia
2976 3666 2987 3701 :
3032 3650 3225 3704 iterum
3253 3650 3495 3705 consului
3524 3648 3550 3686 λι
3581 3652 3829 3720 magnifi-

2245 3739 2474 3793 centiam
2533 3748 2789 3793 vestram.
2848 3738 2928 3794 Tu
2990 3750 3166 3795 autem
3227 3742 3542 3810 pra-cepisti,
3602 3742 3825 3796 dicens:

2245 3816 2583 3898 Ejice,ejicc
2610 3828 2724 3883 haec
2765 3842 2795 3882 a
2828 3837 2900 3894 te,
2933 3844 2965 3884 ο
2993 3832 3262 3898 sacerdos,
3296 3847 3362 3887 ne
3404 3831 3561 3886 faciat
3605 3834 3830 3886 scanda-

2244 3920 2353 3975 lum
2382 3921 2497 3976 haec
2526 3935 2709 3977 causa.
2748 3922 2946 3978 Iterum
2988 3923 3175 3978 tradidi
3214 3925 3292 3979 eis
3329 3923 3432 3979 duo
3470 3939 3537 3979 ex
3566 3923 3651 3978 his
3680 3941 3693 3976 :
3726 3926 3829 3979 duo

2244 4020 2423 4067 autem
2474 4010 2587 4067 alia
2621 4023 2995 4070 remanserunt
3041 4030 3269 4071 mecum.
3316 4014 3393 4069 Tu
3436 4023 3653 4082 autem,
3704 4018 3828 4085 quid

2245 4123 2386 4163 nunc
2412 4108 2776 4177 calumniaris,
2809 4117 2863 4165 et
2889 4125 2974 4165 me
3006 4109 3131 4167 furti
3154 4110 3355 4180 arguis,
3380 4126 3497 4165 cum
3527 4111 3645 4165 haec
3670 4124 3829 4166 causa

2244 4215 2350 4256 non
2378 4200 2445 4256 ad
2482 4198 2717 4269 furtum,
2758 4201 2852 4257 sed
2894 4202 2959 4256 ad
2991 4203 3283 4258 custodiam
3327 4202 3520 4257 debeat
3548 4202 3828 4271 deputari?

2243 4295 2324 4349 Ad
2354 4295 2469 4350 haec
2497 4312 2629 4350 rex:
2668 4296 2724 4351 Si
2757 4295 2859 4351 hoc
2903 4296 3204 4365 depositum
3246 4311 3413 4366 penes
3457 4306 3505 4351 te
3533 4296 3829 4351 habebatur

2242 4388 2309 4443 ad
2336 4389 2765 4452 custodiendum,
2808 4405 2902 4443 cur
2942 4390 3142 4445 solvisti
3175 4407 3332 4446 unum
3374 4406 3439 4446 ex
3478 4391 3580 4457 his,
3616 4401 3670 4445 et
3714 4392 3828 4445 lim-

2242 4478 2367 4532 bum
2398 4478 2574 4532 aureis
2618 4487 2925 4533 contextum
2970 4478 3071 4534 filis
3120 4480 3172 4534 in
3208 4489 3384 4549 partes
3430 4481 3743 4543 dissecasti,
3777 4490 3829 4535 ct

2241 4568 2434 4624 dedisti
2466 4584 2558 4638 per
2586 4570 2747 4635 viros,
2782 4571 2872 4640 qui
2917 4585 3001 4624 me
3049 4585 3077 4624 a
3125 4586 3288 4640 regno
3323 4572 3646 4642 dejicerem?
3678 4570 3827 4625 Prm-

557 4664 691 4718 cessi
741 4658 791 4715 ἀ.
835 4660 914 4714 Ea
960 4674 1086 4716 vero
1148 4668 1339 4729 nocte,
1387 4660 1678 4716 decantatis
1735 4660 2139 4717 nocturnalibus
2162 4669 2218 4730 Β
2246 4671 2478 4718 textatus
2507 4665 2787 4733 episcopus
2814 4665 3124 4735 respondit:
3151 4664 3266 4720 Jam
3295 4665 3402 4720 dixi
3432 4665 3524 4720 tibi
3551 4666 3828 4735 superius,

558 4752 809 4824 hymnis,
861 4752 1055 4807 ostium
1105 4752 1400 4807 mansionis
1447 4761 1647 4808 nostra:
1690 4754 1939 4823 gravibus
1980 4753 2137 4830 audio

556 4847 673 4916 cogi
718 4843 1075 4899 verberibus:
1124 4842 1393 4913 missoque
1444 4858 1628 4913 puero,
1679 4844 1893 4899 nuntios
1941 4844 2139 4900 Frede-

556 4934 746 5004 gundis
775 4932 976 5004 regina:
1015 4940 1190 4987 astare
1216 4946 1502 5003 cognosco.
1548 4934 1749 5000 Quibus
1798 4934 2135 5006 introductis,

556 5026 931 5081 salutationem
958 5023 1157 5094 reginae
1180 5025 1431 5096 suscipio.
1471 5025 1672 5081 Deinde
1698 5035 1983 5095 precantur
2013 5044 2140 5097 pue-

556 5117 623 5183 ri,
658 5126 713 5171 ut
742 5116 796 5171 in
822 5116 939 5186 ejus
974 5117 1147 5170 causis
1190 5118 1489 5171 contrarius
1521 5132 1627 5193 non
1657 5119 1907 5186 existam,
1956 5118 2140 5174 simul-

558 5225 661 5279 que
685 5210 944 5266 ducentas
973 5210 1183 5281 argenti
1205 5211 1520 5279 promittunt
1562 5196 1723 5265 libras
1752 5220 1798 5279 ο,
1827 5212 1873 5265 si
1903 5211 2143 5281 Praetex-

636 5352 665 5382 ι
712 5344 1052 5415 Bertramnus
1080 5352 1218 5415 gerat
1258 5345 1541 5415 episcopus
1572 5344 2002 5415 Burdcgalensis,
2036 5347 2141 5402 Ra-

563 5413 860 5479 gnemodus
907 5430 1036 5470 vero
1080 5413 1440 5480 Parisiensis;
1490 5423 1711 5484 uterque
1754 5413 1791 5467 a
1841 5415 2136 5475 Fortunato

568 5483 769 5554 passim
801 5483 1065 5551 laudatus,
1094 5484 1162 5539 de
1187 5486 1378 5554 quibus
1402 5486 1598 5553 smpius
1618 5483 1783 5554 infra.
1832 5540 1835 5543 η

630 5548 659 5590 1³
689 5552 745 5625 ld
775 5563 855 5608 est
884 5548 1070 5610 mensa
1091 5548 1325 5625 humilis,
1349 5548 1548 5609 Gallice
1578 5553 1770 5609 dicitur
1798 5572 1868 5610 un
1895 5558 2040 5625 banc,
2071 5574 2137 5614 ex

557 5636 666 5747 quo
706 5622 969 5680 derivavit
1010 5639 1113 5679 vox
1153 5624 1391 5695 banquet,
1422 5626 1490 5681 ad
1519 5624 1905 5698 designandum
1951 5622 2134 5687 convi-

595 5708 723 5747 tum.

595 5708 723 5749 tum.

634 5775 656 5833 e
700 5763 911 5833 Regm.,
952 5763 1213 5819 observare
1250 5766 1489 5824 volueris.

626 5831 654 5870 ἀ
696 5831 907 5904 Regm.,
948 5835 1192 5894 discessit.

2246 4757 2367 4827 quia
2400 4771 2623 4811 munera
2664 4774 2851 4813 eorum
2882 4759 3040 4828 227
3070 4772 3377 4829 acceperam
3396 4800 3412 4825 ,
3446 4758 3673 4829 ideoque
3704 4772 3824 4815 cum

2245 4863 2352 4904 non
2396 4849 2653 4905 haberem
2696 4850 2765 4905 de
2804 4850 3057 4919 prmsenti
3101 4850 3241 4920 quod
3286 4852 3493 4916 darem,
3535 4851 3659 4907 hinc
3692 4867 3825 4920 pra:-

2245 4944 2482 5012 sumpsi,
2514 4951 2569 4997 et
2595 4943 2671 4998 eis
2698 4944 3114 5000 vicissitudinem
3145 4959 3425 4999 munerum
3460 4944 3639 4999 tribui.
3687 4944 3821 5000 Pro-

2248 5033 2419 5102 prium
2448 5034 2580 5088 mihi
2607 5050 2726 5091 esse
2754 5036 3051 5105 videbatur,
3071 5037 3212 5105 quod
3236 5036 3345 5092 filio
3369 5051 3488 5092 meo
3508 5036 3823 5091 Merovecho

2248 5134 2387 5191 erat,
2420 5142 2579 5196 quem
2610 5127 2678 5183 de
2709 5128 2919 5182 lavacro
2944 5129 3361 5199 regenerationis
3389 5128 3593 5196 excepi.
3629 5128 3824 5184 Vidcns

2247 5224 2424 5270 autem
2454 5233 2548 5273 rex
2578 5216 2936 5287 Chilpericus,
2973 5218 3115 5288 quod
3156 5232 3276 5273 eum
3307 5218 3389 5274 bis
3419 5217 3703 5273 calumniis
3734 5232 3823 5273 su-

2324 5364 2345 5426 ?
2383 5354 2517 5410 Cod.
2547 5356 2755 5426 liegm.,
2790 5362 3043 5410 mare/ias.

2322 5425 2339 5460 ί
2370 5427 2473 5497 δίε
2500 5425 2685 5490 Corb.,
2718 5428 2852 5481 Bell.
2878 5438 2931 5481 et
2963 5428 3138 5495 Colb.,
3172 5442 3329 5497 quam
3358 5442 3543 5483 vocem
3573 5427 3707 5482 alias
3729 5440 3821 5496 pro

2240 5494 2514 5567 involucris
2553 5498 2605 5549 in
2637 5498 2718 5551 liis
2749 5512 2879 5552 mss.
2914 5501 3137 5567 positam
3169 5494 3278 5567 jam
3317 5494 3816 5553 animadvertimus.

2239 5564 2329 5620 Sic
2358 5575 2411 5619 et
2444 5581 2538 5632 pro
2579 5568 2857 5635 aperiebus,
2912 5564 3113 5622 habent
3160 5564 3372 5635 species,
3425 5578 3632 5624 mutato
3674 5583 3816 5623 casu.

2312 5645 2337 5708 εξ
2364 5636 2541 5697 Golb.,
2568 5638 2885 5690 numismale.
2922 5638 3027 5694 Sed
3052 5640 3341 5708 Gregorius
3373 5641 3520 5708 ponit
3548 5640 3653 5707 bic,
3685 5640 3815 5692 sicut

2243 5716 2291 5763 et
2316 5706 2621 5779 jatnalias,
2658 5709 2995 5779 numismatis,
3030 5725 3126 5779 pro
3157 5706 3569 5766 nuniismatibus.

2311 5778 2337 5814 λι
2367 5776 2470 5832 Alii
2506 5776 2634 5833 mss.
2668 5790 2721 5832 ct
2752 5778 2902 5847 editi,
2936 5776 3235 5836 consiliatzts
3263 5796 3398 5838 sum.
