4028 6342
225 358 328 417 557

1145 352 1464 413 HISTORIA
1509 354 1955 415 FRANCORUM.
1998 353 2196 411 LIBER
2235 316 2549 424 QUINTUS.

3388 358 3495 416 358

224 481 423 545 perure
446 469 707 541 nequiret,
740 467 999 525 attonitus
1022 467 1197 536 valde,
1231 484 1259 523 a
1291 468 1396 541 [Αι.
1421 468 1502 541 ac]
1534 470 1812 526 conscicn—
1836 468 1891 530 Λ
1911 467 2168 539 judicium
2218 477 2403 523 contra
2449 483 2568 524 eum
2618 465 2964 537 scriberetur,
2996 483 3064 525 ne
3093 469 3147 525 in
3172 476 3494 542 perpetuum

227 565 306 619 tia
336 562 617 627 confusus,
649 561 896 617 discessit
937 576 964 614 a
1002 562 1185 625 nobis;
1218 561 1533 629 vocavitque
1561 562 1818 632 quosdam

229 657 301 711 de
328 652 692 710 adulatoribus
719 653 854 719 suis,
883 662 937 709 et
972 653 1046 708 ait
1076 671 1088 704 :
1119 651 1332 707 Victum
1373 667 1460 708 me
1496 653 1675 709 verbis
1703 652 1817 720 epi—

228 747 383 817 sc0pi
413 746 603 813 fateor,
636 755 689 802 et
720 761 850 802 vera
883 760 1002 802 esse
1030 762 1151 816 quae
1183 746 1313 803 dicit
1343 747 1475 803 scio.
1516 745 1653 813 Quid
1681 761 1819 801 nunc

228 838 446 907 faciam,
472 848 531 891 ut
575 839 775 906 reginae
816 839 883 893 de
925 853 991 893 eo
1032 840 1279 893 voluntas
1321 838 1711 908 adimpleatur?
1753 837 1820 892 Et

229 930 308 985 ait
340 948 353 984 :
387 931 483 998 ite,
524 940 579 985 et
606 932 921 988 accedentes
951 933 1017 986 ad
1054 948 1175 988 eum
1220 932 1403 1000 dicite,
1450 916 1600 1003 quasi
1638 932 1819 987 consi-

231 1024 362 1077 lium
394 1039 460 1077 ex
502 1024 897 1094 vobismetipsis
946 1025 1131 1082 dantes
1180 1042 1191 1078 :
1242 1024 1394 1081 Nosti
1432 1025 1572 1096 quod
1618 1026 1686 1080 sit
1725 1040 1820 1081 rex

231 1114 569 1184 Chilperieus
603 1117 721 1184 pius
752 1126 909 1187 atque
941 1128 1321 1188 compunctus,
1356 1130 1410 1174 et
1435 1121 1542 1175 cito
1572 1119 1822 1176 ﬂectatur

231 1208 303 1260 ad
335 1207 760 1262 misericordiam
787 1225 802 1264 :
833 1210 1112 1265 bumiliare
1141 1211 1239 1266 sub
1267 1224 1350 1277 eo,
1384 1218 1438 1266 et
1470 1210 1632 1267 dicito
1659 1211 1727 1264 ab
1757 1225 1821 1267 eo

229 1301 439 1371 objecta
480 1318 511 1357 a
555 1311 606 1357 te
648 1314 949 1373 perpetrata
990 1304 1173 1362 fuisse.
1223 1305 1373 1362 Tunc
1416 1307 1822 1377 nos'prostrati

234 1406 429 1447 omnes
472 1408 650 1447 coram
694 1394 920 1464 pedibus
959 1396 1093 1465 ejus,
1138 1396 1252 1451 dari
1282 1398 1375 1453 tibi
1398 1398 1607 1454 veniam
1651 1400 1825 1468 impe-

234 1494 463 1539 tramus.
496 1485 590 1541 llis
618 1486 871 1542 seductus
892 1488 1246 1545 Prtetextatus
1274 1490 1582 1561 episcopus,
1612 1490 1821 1560 pollici-

237 1582 327 1631 tus
352 1585 433 1632 est
459 1592 516 1632 se
550 1579 622 1633 ita
648 1578 931 1634 facturum.
978 1581 1131 1637 Mane
1158 1590 1338 1638 autem
1383 1582 1542 1651 facto,
1574 1583 1823 1639 conveni—

235 1684 360 1723 mus
393 1669 459 1723 ad
499 1679 814 1726 consuetum
841 1672 1017 1729 locum
1051 1688 1065 1726 :
1100 1672 1495 1743 adveniensque
1525 1682 1579 1729 et
1607 1690 1722 1741 rex,
1748 1673 1837 1747 ait.

234 1758 303 1810 ad
334 1759 640 1828 episcopum
673 1778 684 1813 :
715 1760 770 1815 Si
803 1776 1025 1816 munera
1060 1777 1156 1831 pro
1196 1763 1505 1817 muneribus
1540 1764 1621 1818 his
1651 1758 1839 1817 homi?

1922 559 2362 613 communicaret.
2431 558 2632 624 Quibus
2690 557 3078 615 conditionibus
3141 575 3240 632 ego
3295 562 3490 629 restiti,

1894 651 1900 657 ’
1918 650 2067 721 juxta
2096 648 2412 719 promissum
2451 651 2617 720 regis,
2652 660 2708 705 ut
2735 650 2863 707 nihil
2889 663 3042 707 extra
3071 651 3315 710 Canones
3336 670 3490 725 gere-

1898 748 2093 797 retur.
2142 740 2290 796 Tunc
2318 742 2669 797 Praetextatus
2709 758 2738 797 a
2768 744 2966 799 nostris
2998 754 3178 814 raptus
3206 747 3392 816 oculis,
3437 750 3495 804 in

1924 834 2223 890 custodiam
2274 835 2481 904 positus
2532 842 2633 889 est.
2684 835 2758 889 De
2794 851 2895 906 qua
2920 836 3101 905 fugere
3147 844 3355 893 tentans
3385 836 3492 910 [Αἰ.

1898 943 2045 1004 ,ρυῐη
2071 926 2298 996 fugeret]
2349 936 2525 995 nocte,
2577 927 2887 996 gravissime
2935 944 3126 995 cassus,
3175 930 3229 984 in
3264 929 3494 985 insulam

1923 1022 2105 1088 maris,
2138 1020 2281 1091 quod
2325 1022 2532 1089 adjacet
2572 1021 2772 1077 civitati
2799 1022 3161 1081 Constantinae
3186 1035 3235 1094 ο,
3264 1024 3317 1081 in
3347 1027 3497 1083 exsi~

1900 1100 2051 1195 :lium
2083 1121 2163 1168 est
2184 1113 2448 1169 detrusus.
2582 1184 2587 1191 _

1997 1210 2241 1265 Posthtee
2284 1210 2493 1277 sonuit,
2527 1208 2665 1280 quod
2696 1210 3039 1269 Merovechus
3078 1214 3271 1270 iterum
3310 1214 3495 1270 basili-

1903 1284 2043 1357 ‘cam
2072 1301 2131 1356 S.
2156 1302 2365 1355 Martini
2396 1310 2678 1357 conaretur
2711 1310 2982 1374 expetere.
3010 1304 3340 1376 Chilpericus
3368 1320 3497 1362 vero

1908 1391 2177 1447 'custodiri
2219 1391 2488 1446 basilicam
2531 1392 2703 1461 jubet,
2747 1402 2800 1448 et
2842 1408 3028 1449 omnes
3077 1394 3250 1449 claudi
3295 1397 3489 1451 aditus.

1925 1483 2182 1538 Custodes
2211 1490 2385 1537 autem
2419 1499 2576 1538 unum
2604 1484 2825 1554 ostium,
2855 1500 2947 1555 per
2966 1485 3111 1556 quod
3138 1487 3288 1556 pauci
3315 1487 3495 1543 clerici

1909 1561 1991 1629 'ad
2018 1575 2247 1630 officium
2280 1575 2701 1646 ingrederentur,
2732 1577 3110 1647 relinquentes,
3138 1578 3340 1648 reliqua
3363 1579 3499 1633 ostia

1924 1666 2101 1722 clausa
2141 1666 2392 1721 tenebant
2423 1684 2437 1720 :
2470 1667 2613 1736 quod
2657 1684 2761 1722 non
2799 1670 2914 1723 sine
2955 1669 3111 1724 taedio
3140 1670 3347 1740 pepul'is
3377 1669 3497 1724 fuit.

1911 1746 2060 1814 Cum
2090 1768 2265 1813 autem
2298 1758 2437 1828 apud
2463 1759 2694 1814 Parisios
2722 1776 3072 1829 moraremur,
3104 1763 3251 1833 signa
3285 1765 3335 1817 in
3364 1764 3501 1818 cmlo

234 1849 397 1903 nibus
450 1865 510 1905 es
562 1851 816 1921 largitus,
870 1867 964 1907 cur
1020 1864 1353 1909 sacramenta
1405 1854 1706 1923 postulasti,
1763 1862 1819 1909 ut
1850 1839 1898 1898 Β
1928 1860 2305 1921 apparuerunt,
2351 1850 2401 1905 id
2446 1860 2525 1905 est
2565 1852 2743 1922 viginti
2790 1854 2919 1907 radii
2959 1869 2990 1907 a
3026 1863 3174 1923 parte
3201 1855 3499 1924 Aquilonis,

235 1938 395 1994 fidem
442 1939 756 1997 Mcroveeho
800 1944 1115 1998 servarent?
1164 1943 1461 2012 lieSjiondit
1506 1946 1815 2014 episcopus:

233 2029 395 2100 Pelii,
445 2032 634 2099 fateor,
684 2033 945 2089 amicitias
985 2050 1170 2089 eorum
1220 2034 1401 2090 haberi
1454 2049 1573 2090 cum
1620 2050 1686 2091 eo
1722 2053 1733 2087 :
1770 2045 1822 2091 et

234 2136 344 2176 non
376 2121 545 2179 solum
577 2125 871 2193 hominem,
910 2126 1025 2195 sed,
1059 2126 1101 2180 si
1133 2126 1211 2180 fas
1240 2127 1446 2192 fuisset,
1478 2128 1723 2198 angelum
1754 2126 1821 2182 de

234 2215 375 2270 cmlo
412 2230 743 2285 evocassem,
777 2219 868 2288 qui
913 2227 1055 2273 esset
1084 2219 1295 2287 adjutor
1330 2219 1466 2289 ejus.
1490 2219 1652 2275 Filius
1677 2220 1820 2275 enim

235 2307 367 2363 mihi
393 2320 526 2377 erat,
555 2320 614 2365 ut
663 2327 805 2382 saepe
831 2312 967 2378 dixi,
1000 2313 1253 2382 spiritalis
1284 2329 1349 2368 ex
1377 2314 1609 2369 lavacro.
1662 2313 1821 2368 Cum-

235 2413 347 2469 que
371 2402 483 2457 haec
512 2402 787 2458 altercatio
812 2405 970 2459 altius
995 2406 1291 2472 tolleretur,
1324 2404 1679 2461 Praetextatus
1710 2406 1823 2476 epi-

240 2506 438 2563 scopus
458 2502 754 2562 prostratus
783 2495 922 2560 solo,
955 2496 1026 2548 ait
1051 2511 1063 2547 :
1100 2495 1325 2549 Peccavi
1352 2495 1406 2548 in
1427 2496 1620 2552 coelum
1650 2504 1703 2550 et
1730 2511 1821 2551 co-

234 2600 351 2640 ram
396 2595 468 2649 te,
504 2601 536 2641 o
562 2601 658 2641 rex
701 2586 1225 2647 misericordissime.
1266 2603 1364 2658 ego
1412 2603 1525 2642 sum
1557 2587 1820 2643 homicida

234 2680 497 2735 notandus
530 2698 542 2733 :
576 2694 675 2750 ego
703 2689 755 2735 te
786 2680 1085 2735 interficere
1114 2680 1279 2747 volui,
1310 2689 1364 2735 et
1392 2681 1557 2736 tilium
1587 2690 1733 2736 tuum
1767 2682 1822 2736 in

236 2772 377 2827 solio
417 2780 506 2826 tuo
535 2772 761 2842 erigere.
798 2772 919 2827 iltcc
955 2786 1020 2827 eo
1057 2772 1285 2840 dicente,
1330 2775 1687 2843 prosternitur
1726 2789 1821 2829 rex

236 2879 419 2919 coram
445 2865 669 2934 pedibus
692 2863 1052 2930 sacerdotum,
1085 2865 1265 2921 dicens
1292 2884 1304 2918 :
1342 2865 1555 2932 Audite,
1587 2881 1620 2921 o
1650 2865 1823 2936 piissi-

237 2955 313 3009 mi
338 2955 664 3021 sacerdotes,
689 2969 837 3010 reum
868 2956 1070 3011 crimen
1093 2956 1421 3012 exsecrabile
1455 2956 1821 3012 confitentem.

239 3045 477 3115 Cumque
506 3061 603 3101 nos
630 3046 819 3102 ﬂentes
842 3062 1021 3118 regem
1048 3048 1409 3105 elevasscmus
1439 3063 1466 3101 a
1498 3052 1634 3113 solo,
1662 3048 1823 3117 jussit

240 3150 363 3191 cum
416 3135 684 3191 basilicam
714 3122 938 3207 egredi.
984 3139 1099 3206 lpse
1141 3153 1269 3193 vero
1303 3138 1368 3192 ad
1418 3148 1678 3193 metatum
1711 3139 1821 3194 dis-

238 3227 435 3297 cessit,
467 3230 831 3286 transmittens
874 3232 1068 3287 librum
1099 3231 1397 3299 Canonum,
1445 3235 1498 3287 in
1528 3235 1689 3305 228
1716 3250 1819 3304 quo
1846 3212 1895 3276 θ

240 3332 353 3377 erat
375 3325 655 3392 quaternio
683 3337 855 3379 novus
882 3340 1143 3391 annexus,
1179 3323 1379 3381 habens
1408 3341 1642 3381 canones
1671 3329 1821 3397 quasi

238 3414 563 3484 apostolicos
594 3426 645 3482 α,
677 3416 1010 3472 continentes
1049 3416 1163 3472 haec
1195 3433 1209 3470 :
1247 3435 1267 3469 ι
1306 3417 1603 3486 Episcopus
1643 3421 1695 3471 in
1725 3417 1823 3473 ho-

238 3506 479 3576 micidio,
511 3507 795 3577 adulterio,
850 3515 903 3562 et
943 3506 1180 3577 perjurio
1218 3507 1611 3577 deprehensus,
1652 3521 1682 3563 a
1732 3524 1822 3562 sa-

240 3595 482 3653 cerdotio
508 3596 814 3653 divellatur.
851 3616 870 3650 »
900 3597 995 3652 llis
1018 3596 1090 3652 ita
1116 3598 1290 3663 lectis,
1318 3612 1437 3653 cum
1471 3598 1822 3653 Praetextatus

239 3700 410 3746 Staret
447 3700 688 3762 stupens,
736 3692 1153 3747 Bertchramnus
1196 3693 1476 3761 episcopus
1518 3693 1630 3746 ait:
1662 3692 1821 3760 Audi,

240 3796 274 3839 o
301 3783 465 3839 frater
492 3793 545 3840 et
570 3785 912 3854 coepiscopo,
935 3785 1057 3854 quia
1082 3785 1220 3855 regis
1250 3787 1471 3854 gratiam
1502 3800 1606 3840 non
1636 3785 1820 3856 hang

240 3874 471 3946 ideoque
502 3892 600 3932 nee
639 3886 820 3933 nostra
866 3877 1125 3934 charitate
1161 3878 1233 3931 uti
1265 3879 1482 3949 poteris",
1517 3882 1821 3951 priusquam

241 3969 387 4039 regis
439 3968 819 4043 indulgentiam
873 3970 1149 4027 mer-saris.
1203 3972 1294 4028 llis
1335 3977 1406 4029 ita
1447 3976 1627 4045 gestis,
1675 3976 1827 4044 petiit

241 4078 360 4127 rex,
394 4073 448 4119 ut
486 4075 579 4119 aut
605 4065 785 4120 tunica
817 4065 933 4134 ejus
974 4067 1328 4133 scinderetur,
1374 4076 1465 4121 aut
1503 4068 1824 4122 centesimus

244 4162 468 4209 octavus
515 4155 787 4225 psalmus,
840 4156 930 4225 qui
977 4156 1376 4213 maledictiones
1420 4158 1826 4215 lsehariothicas

243 4248 487 4306 centinet
514 4248 566 4317 ἲ),
608 4264 769 4321 super
816 4259 971 4319 caput
1020 4250 1133 4319 ejus
1176 4250 1522 4316 recitaretur;
1567 4261 1657 4305 aut
1681 4261 1825 4308 certe

321 4436 345 4463 ιι
375 4426 413 4481 li
442 4435 586 4496 sunt,
616 4427 705 4496 qui
734 4428 894 4483 etiam
925 4441 1064 4481 nunc
1094 4427 1251 4497 vulgo
1281 4442 1511 4482 canones
1540 4428 1822 4491 apostolici

244 4498 605 4567 appellantur,
631 4513 857 4567 quorum
888 4499 1175 4554 auctoritas
1222 4500 1274 4552 in
1302 4500 1526 4553 ecclesia
1554 4498 1824 4553 Gallicana

247 4568 394 4622 nulla
416 4576 542 4623 tunc
562 4579 695 4623 erat.
721 4569 796 4622 De
819 4568 899 4623 his
924 4568 1239 4623 Hincmartts
1263 4569 1497 4638 loquitur
1521 4584 1701 4636 opuse.
1729 4569 1819 4624 ‘21s.

246 4638 353 4703 Qui
395 4648 570 4693 autem
597 4639 684 4693 hic
726 4639 992 4703 laudatur,
1044 4654 1188 4693 num.
1220 4638 1428 4703 illest;
1462 4640 1555 4692 sed
1585 4654 1688 4693 non
1716 4640 1825 4694 sin-

246 4723 373 4764 cere
397 4724 426 4763 a
449 4709 751 4765 Praetextati
772 4710 1093 4764 adversariis
1121 4709 1317 4764 relatus
1338 4717 1439 4764 est.
1464 4708 1605 4763 Nihil
1627 4710 1824 4779 quippe

247 4780 305 4833 in
331 4794 396 4833 eo
424 4779 651 4835 habetur
679 4780 743 4834 de
773 4780 1081 4843 homicidio,
1115 4794 1212 4847 pro
1238 4795 1340 4847 qna
1372 4794 1499 4833 voce
1548 4780 1740 4849 legitur
1770 4782 1823 4833 in

246 4851 381 4920 ipso
415 4864 625 4905 canone
666 4852 822 4920 furto.
877 4851 951 4905 De
995 4865 1256 4904 canonum
1284 4850 1635 4914 Collectione,
1667 4866 1823 4918 quam

247 4919 337 4974 hic
358 4919 647 4990 Gregorius
670 4919 869 4985 laudat,
894 4929 946 4975 et
973 4922 1036 4973 de
1061 4921 1351 4975 canonibus
1374 4920 1677 4987 apostolicis
1706 4922 1825 4977 vide

247 4990 519 5045 Cointium
568 4991 633 5045 ad
676 5006 871 5045 annum
909 4990 1009 5043 577
1038 4990 1216 5044 όθ-ἰίε
1245 4990 1410 5044 fusius
1452 4991 1822 5046 disserentem.
1860 5026 1863 5031 ι

249 5061 331 5115 Ex
356 5060 460 5115 hoc
503 5071 679 5115 autem
726 5061 841 5117 loco
875 5063 937 5115 V.
967 5062 1047 5115 Cl.
1079 5060 1393 5114 Paschasius
1414 5061 1748 5126 Quesnelius,
1773 5064 1823 5115 in

250 5131 633 5185 dissertatione
678 5148 765 5187 xvi
808 5131 872 5185 ad
901 5145 1063 5199 opera
1112 5132 1168 5184 S.
1200 5131 1392 5183 Leonis
1435 5145 1606 5199 papae,
1640 5132 1828 5199 probat

250 5202 495 5272 Dionysii
527 5202 717 5272 Exigui
737 5202 1114 5272 collectionem
1133 5199 1366 5272 nondum
1410 5208 1534 5253 tunc
1574 5202 1827 5272 temporis

250 5271 306 5327 in
339 5269 525 5327 Galliis
561 5269 727 5328 fuisse
764 5269 1829 5343 receptam,Dionysiusquippecmteris

249 5357 487 5397 canones
538 5344 859 5413 apostolicos
892 5338 1189 5413 "praemittit,
1220 5338 1350 5409 quos
1379 5341 1431 5413 in
1461 5338 1645 5413 codice
1667 5340 1830 5413 Galli—

251 5427 391 5467 cano
423 5422 548 5468 tunc
575 5409 685 5468 non
726 5409 991 5468 exstiti—sse
1022 5411 1254 5467 indicant
1282 5412 1441 5465 verba
1474 5409 1712 5479 Gregorii
1742 5426 1830 5466 re-

254 5484 641 5552 prehendentis
671 5484 895 5554 Regem,
918 5484 1057 5553 quod
1089 5497 1283 5537 novum
1315 5482 1715 5554 quaternionetn
1748 5498 1831 5554 eg-

255 5570 414 5607 nones
458 5552 947 5624 qttasiApos‘toticos’
988 5554 1347 5608 continentem
1400 5552 1726 5606 inseruisset.
1768 5552 1833 5624 Et

254 5624 471 5691 quidem
522 5622 777 5680 habemus
816 5641 921 5692 prae
960 5626 1199 5679 manibus
1237 5624 1651 5677 vetustissimum
1688 5622 1830 5675 codi-

254 5710 373 5748 cem
411 5710 669 5750 eanonutn
701 5696 952 5749 Ecclesia:
982 5696 1285 5757 Gallicanae,
1314 5711 1376 5748 cx
1406 5695 1503 5747 Ms.
1531 5693 1836 5747 Corhciensi

258 5775 503 5833 tet‘ttpure
539 5768 708 5835 Vigiiii
746 5782 891 5834 papae
921 5768 1240 5833 conscripto,
1274 5768 1324 5818 in
1353 5781 1455 5832 quo
1482 5774 1533 5817 et
1562 5764 1642 5818 isti
1674 5779 1837 5815 cano-

257 5850 356 5889 nes
392 5837 777 5899 dcstderantur.
816 5845 865 5892 et
896 5846 1207 5892 cantaret-um
1232 5837 1502 5891 tlanouutu
1532 5836 1837 5891 Graecorum

1927 1944 2013 2014 qui
2036 1944 2101 1997 ab
2123 1944 2338 1999 Oriente
2360 1955 2638 2013 surgentes
2659 1946 2726 1999 ad
2744 1944 3085 2002 Occidentem
3110 1946 3499 2016 preperabant:

1926 2049 1992 2090 ex
2029 2036 2219 2105 quibus
2260 2052 2394 2091 unus
2430 2038 2682 2105 prolixior
2728 2046 2779 2093 et
2824 2038 2940 2091 aliis
2981 2037 3405 2108 supereminens,
3447 2047 3504 2092 ut

1925 2136 2009 2183 est
2044 2129 2094 2182 in
2125 2129 2351 2185 sublime
2376 2129 2567 2194 elatus,
2605 2144 2723 2183 mox
2753 2127 2975 2194 deiecit;
3007 2137 3061 2183 et
3099 2129 3175 2183 sic
3202 2128 3388 2198 reliqui
3410 2128 3503 2197 qui

1924 2219 2093 2274 secuti
2139 2217 2368 2285 fuerant,
2411 2228 2762 2275 evanuerunt.
2802 2219 2977 2275 Credo
3020 2220 3292 2275 interitum
3331 2220 3505 2273 Mero-

1925 2312 2083 2369 vechi
2124 2314 2521 2383 pronuntiasse.
2572 2312 2917 2368 Merovechus
2962 2327 3087 2367 vero
3114 2312 3236 2367 dum
3286 2312 3336 2365 in
3361 2310 3505 2366 Rhe-

1925 2406 2097 2460 mensi
2139 2405 2429 2474 Campania
2475 2405 2727 2469 latitaret,
2770 2420 2868 2459 nec
2910 2403 3077 2473 palam
3128 2418 3187 2459 se
3209 2402 3505 2483 Austrasiis

1926 2500 2194 2567 crederet,
2226 2516 2255 2553 a
2283 2498 2783 2554 Tarabattnensibus
2807 2496 2833 2534 ά
2857 2499 3249 2554 circumventus
3291 2506 3395 2565 est,
3427 2497 3505 2551 di-
3564 2574 3569 2578 ⁸

1926 2594 2190 2658 rentibus,
2235 2592 2376 2664 quod
2421 2592 2609 2647 relicto
2653 2602 2802 2662 patre
2842 2592 2957 2661 ejus
2990 2590 3307 2661 Chilperico,
3350 2591 3397 2645 ei
3446 2605 3506 2646 se

1924 2684 2290 2755 subjugarent,
2324 2684 2371 2738 si
2413 2685 2480 2739 ad
2515 2699 2607 2739 eos
2634 2685 2932 2740 accederet.
2982 2682 3081 2750 Qui
3123 2682 3374 2739 velociter
3415 2696 3505 2738 as-

1925 2776 2116 2831 sumtis
2145 2791 2327 2830 secum
2358 2775 2484 2829 viris
2527 2774 2854 2841 fortissimis,
2897 2775 3059 2844 229
3098 2773 3164 2827 ad
3202 2786 3297 2828 eos
3340 2772 3506 2825 venit.

1926 2865 1991 2921 Hi
2060 2874 2382 2935 praeparatos
2447 2865 2759 2934 detegentes
2819 2863 2992 2929 dolos,
3050 2863 3103 2917 in
3152 2862 3332 2917 villam
3379 2875 3504 2916 eum

1926 2955 2210 3026 quamdam
2234 2953 2580 3020 concludunt,
2616 2962 2669 3007 et
2691 2954 3099 3021 circumseptum
3138 2966 3260 3007 eum
3289 2952 3506 3005 armatis

1925 3048 2144 3103 nuntios
2193 3045 2331 3116 patri
2361 3045 2617 3113 dirigunt.
2668 3045 2819 3112 Quod
2844 3045 2935 3101 ille
2962 3046 3207 3110 audiens,
3235 3044 3358 3098 illuc
3386 3058 3507 3111 pro-

1926 3154 2115 3209 perare
2140 3138 2394 3195 destinat.
2438 3138 2545 3195 Sed
2584 3138 2667 3192 hic
2709 3153 2831 3194 cum
2872 3139 2924 3192 in
2966 3137 3249 3207 hospitiolo
3278 3136 3506 3207 quodam

1925 3230 2288 3299 retineretur,
2341 3230 2534 3285 timens
2587 3245 2654 3286 ne
2704 3230 2770 3284 ad
2826 3230 3114 3284 vindictam
3173 3229 3507 3282 inimicorum

1926 3323 2121 3378 multas
2153 3323 2323 3376 lueret
2356 3336 2568 3389 pmnas,
2599 3328 2786 3375 vocato
2816 3320 2881 3374 ad
2924 3335 2982 3375 se
3005 3319 3229 3374 Gaileno
3262 3318 3507 3373 familiari

1926 3434 2044 3485 suo,
2076 3419 2151 3473 ait
2189 3436 2200 3472 :
2233 3417 2346 3473 Una
2376 3418 2526 3472 nobis
2558 3432 2726 3486 usque
2754 3430 2892 3471 nunc
2930 3423 2985 3470 et
3027 3415 3202 3469 anima
3252 3424 3305 3469 et
3335 3413 3508 3468 consi-

1925 3514 2053 3567 lium
2085 3513 2184 3568 fuit
2215 3527 2231 3567 :
2260 3527 2392 3582 rogo
2423 3526 2489 3567 ne
2522 3512 2741 3581 patiaris
2776 3525 2865 3565 me
2896 3509 3139 3565 manibus
3170 3508 3507 3563 inimicorum

1926 3607 2100 3673 tradi;
2147 3607 2243 3661 sed
2283 3614 2505 3678 accepto
2544 3606 2723 3676 gladio
2772 3605 2942 3659 irruas
2989 3605 3039 3658 in
3088 3620 3212 3658 me:
3250 3603 3388 3671 quod
3422 3603 3508 3656 ille

1927 3714 2026 3754 nee
2050 3699 2320 3766 dubitans,
2345 3715 2464 3755 cum
2496 3699 2668 3755 cultro
2695 3698 2951 3752 confodit.
2977 3696 3309 3750 Adveniente
3329 3704 3506 3747 autem

1927 3809 2072 3862 rege,
2108 3802 2347 3851 mortuus
2393 3803 2474 3847 est
2515 3800 2756 3860 repertus
2796 3800 2839 3842 ο.
2889 3790 3213 3848 Ιῗξειίῑοῐυηι
3264 3800 3387 3845 tunc
3416 3786 3507 3853 qui

1928 3899 2230 3944 assererent
2258 3885 2417 3944 verba
2446 3884 2765 3952 Mct'otrechi,
2829 3901 2946 3955 quae
2970 3885 3215 3953 superius
3246 3883 3504 3946 diximus,

1928 3980 2159 4048 aregina
2225 3978 2391 4032 fuisse
2448 3978 2706 4041 conficta;
2768 3974 3138 4029 Meruvechum
3201 3987 3328 4028 vero
3392 3971 3508 4039 ejus

1927 4074 2093 4128 fuisse
2129 4075 2282 4141 jussu
2320 4073 2458 4127 clam
2498 4070 2895 4138 interemptum.
2948 4068 3381 4133 Gailenumrvero
3408 4079 3505 4134 ap-

1930 4164 2273 4233 prehensum,
2314 4163 2567 4217 abseissis
2611 4162 2855 4216 manibus
2894 4170 2947 4215 et
2992 4159 3233 4229 pedibus,
3265 4157 3506 4221 auribus,

1928 4266 1982 4314 et
2012 4257 2215 4312 narium
2264 4256 2689 4321 summitatibus,
2720 4265 2773 4310 et
2803 4253 2923 4309 aliis
2964 4252 3146 4307 multis
3181 4249 3506 4307 cruciatibus

1930 4434 2106 4488 versio
2133 4433 2232 4486 alia
2272 4441 2354 4485 est
2388 4432 2453 4485 ab
2483 4447 2545 4487 ea
2579 4445 2734 4499 quam
2768 4431 3054 4499 Dionysius
3081 4429 3315 4502 Exiguus
3343 4446 3507 4486 exor-

1930 4506 2091 4559 navit.
2125 4504 2261 4572 Lege
2304 4503 2404 4555 viri
2442 4503 2633 4557 eruditi
2664 4504 3093 4557 dissertationem
3134 4517 3292 4572 supra
3325 4503 3507 4556 lauda-

1930 4582 2036 4629 tam
2067 4574 2133 4628 de
2163 4574 2379 4641 antiquo
2410 4573 2658 4627 Ecclesiae
2682 4572 2969 4627 Gallicanae
2998 4573 3202 4627 codice.

1999 4644 2026 4682 ι)
2057 4645 2205 4710 Quod
2256 4642 2442 4711 psalmi
2488 4642 2642 4714 hujus
2682 4643 2868 4714 verba,
2906 4642 2978 4714 Et
3012 4644 3364 4714 episcopatum
3398 4645 3509 4714 ejus

1929 4716 2148 4784 accipiat
2190 4715 2337 4778 alter,
2380 4721 2565 4766 contra
2594 4712 2782 4784 Judam
2824 4711 3167 4784 lschariotcm
3210 4711 3508 4784 laudaverit

1929 4785 2117 4909 Setinis
2140 4788 2365 4839 Actuum
2394 4798 2472 4847 ιιι,
2499 4792 2556 4836 ut
2579 4783 2886 4837 ostenderet
2915 4783 3088 4852 ipsum
3118 4784 3184 4839 ab
3213 4783 3509 4853 apostolatu

1968 4871 2045 4909 eet
2094 4870 2219 4909 isse.

1968 4870 2219 4910 θριαιεςθ.

2006 4936 2027 4964 ο
2056 4925 2189 4979 Urbs
2217 4934 2297 4979 est
2317 4923 2629 4993 episeotialis
2651 4923 3008 4993 Normannize,
3032 4923 3190 4993 vulgo
3205 4924 3508 4993 Cantanccs,

1934 4996 2129 5050 nemini
2162 4992 2419 5064 ignotaga
2447 5008 2548 5061 qua
2571 4993 2709 5064 haud
2735 4994 2915 5064 procul
2945 4992 3139 5047 dissita
3159 5004 3241 5047 est
3260 4992 3507 5046 Caesarea

1933 5066 2128 5128 insula,
2160 5061 2316 5133 vulgo
2341 5062 2540 5131 Jersey,
2570 5062 2695 5116 olim
2726 5062 2789 5114 ad
2815 5061 3191 5117 Normanniam
3238 5071 3507 5133 spectans,

1932 5136 2028 5192 sed
2061 5148 2180 5203 quae
2220 5132 2363 5188 nunc
2392 5142 2475 5187 est
2505 5133 2927 5201 Sutltamptonim
2958 5133 3159 5203 Anglite
3190 5132 3508 5201 provinciae;

1932 5202 2087 5269 sola,
2114 5218 2232 5257 cum
2260 5204 2515 5258 Garnseia
2563 5203 2662 5258 sibi
2710 5203 2903 5269 vicina,
2947 5202 3133 5271 Anglis
3170 5209 3415 5271 superest
3442 5216 3510 5257 ex

1934 5277 2071 5330 avita
2094 5273 2433 5328 Normannia:
2458 5274 2787 5330 haereditate.
2912 5314 2921 5323 .

2002 5343 2029 5383 ἀ
2054 5345 2331 5399 Tarvenna
2356 5345 2681 5399 Morinorum
2703 5344 2827 5398 urbs
2846 5342 3043 5414 saaculo
3065 5343 3303 5408 proxime
3324 5351 3509 5414 elapso

1932 5416 2127 5480 diruta,
2173 5418 2324 5484 cujus
2369 5416 2524 5470 sedes
2567 5413 2885 5485 episcopalis
2911 5411 2983 5485 Ain
3024 5420 3133 5466 tres
3172 5411 3510 5484 episcopatus

1934 5487 2098 5541 divisa
2150 5483 2281 5553 fuit,
2328 5483 2756 5549 Bononiensetn,
2810 5483 3409 5554 Audomaropolitanum
3458 5495 3510 5542 et

1933 5558 2221 5627 lprcnsem.
2511 5590 2515 5594 ›
2576 5625 2589 5627 _
2734 5626 2737 5627 ν
2762 5626 2775 5627 7
2843 5625 2853 5627 _
3017 5624 3031 5627 _
3350 5568 3353 5569 '

2014 5638 2036 5663 ο
2068 5628 2286 5680 Mortem
2336 5628 2452 5694 ejus
2507 5625 2675 5679 refert
2730 5625 2922 5679 Marius
2968 5624 3033 5679 ad
3083 5641 3168 5680 an.
3214 5628 3336 5683 578.
3388 5628 3511 5693 Ejus

1945 5712 2138 5818 letltrpns
2172 5698 2406 5818 l’arisitiis)
2429 5704 2607 5764 postea
2638 5696 3011 5763 delatttm'est,
3046 5707 3099 5752 ut
3134 5698 3351 5753 habetur
3381 5697 3509 5751 infra

1968 5788 2034 5818 1).
2062 5784 2172 5818 Vlil.
2197 5783 2310 5818 can.
2415 5809 2424 5818 .

1944 5771 2034 5825 lib.
2062 5784 2172 5835 vttt,
2197 5783 2310 5835 cap.
2346 5771 2424 5821 tt).
