4028 6342
568 434 674 491 359

1557 432 1595 491 S
1662 432 1992 492 GREGORH
2034 434 2335 493 EPISCOPI
2379 432 2808 493 TURONENSIS

3753 433 3872 509 sio

567 547 839 612 uectum,
863 544 1148 603 infeliciter
1177 552 1518 601 necaverunt.
1545 544 1892 602 Grindtonem
1917 563 2151 619 quoque,
2184 556 2235 610 Α
2264 561 2445 603 amota
2472 592 2489 618 ,
2523 559 2803 618 reperiunt
2832 553 2885 602 et
2913 546 3126 603 tertiam
3168 562 3184 603 ε
3210 545 3472 616 jussuque
3499 544 3630 617 'ejus
3658 553 3714 602 et
3745 547 3869 605 hec

567 643 830 700 intextum
854 649 1004 709 rota,
1030 642 1084 697 in
1110 640 1336 697 sublime
1364 641 1723 710 sustulerunt;
1753 642 2085 699 Gucilionem
2107 653 2154 711 α,

572 734 666 803 qui
696 733 961 804 quondam
992 747 1173 789 comes
1221 733 1402 803 palatii
1457 734 1708 803 Sigiherti
1764 736 1907 804 regis
1965 737 2155 805 fuerat,

569 826 813 882 abscisso
837 826 1013 897 capite
1041 826 1443 882 interfecerunt.
1473 826 1579 881 Sed
1601 836 1653 882 et
1684 826 1817 881 alios
1847 828 2041 881 multos
2070 828 2160 896 qui

568 933 691 973 eum
720 919 911 975 eodem
937 928 1215 986 venerant,
1245 919 1450 975 crudeli
1481 935 1614 975 nece
1638 921 1864 975 diversis
1896 921 2158 976 mortibus

570 1010 884 1065 affecerunt.
926 1011 1304 1079 Loquebantur
1333 1013 1494 1067 etiam
1529 1020 1653 1067 tunc
1682 1012 1945 1077 homines,
1976 1014 2027 1066 in
2060 1013 2159 1067 hac

571 1104 1028 1160 circumventione
1047 1104 1291 1174 Egidium
1320 1102 1349 1142 δ
1381 1105 1691 1174 episcopum
1721 1114 1776 1160 et
1805 1104 2159 1160 Guntchram-

574 1210 701 1250 num
723 1195 986 1251 Bosonem
1011 1194 1181 1252 fuisse
1206 1196 1495 1251 maximum
1518 1205 1698 1267 caput,
1728 1213 1793 1252 co
1821 1198 1960 1268 quod
1986 1198 2157 1252 Cunt-

569 1286 859 1343 chramnus
890 1286 1259 1357 Fredegundis
1290 1288 1491 1359 reginae
1536 1290 1759 1345 occultis
1787 1288 2037 1344 amicitiis
2066 1303 2160 1358 po-

570 1378 760 1434 tiretur
793 1394 893 1450 pro
938 1379 1310 1437 interiectione
1332 1381 1726 1448 Theodoberti;
1760 1382 1980 1454 Egidius
2006 1369 2156 1451 vero,

571 1472 715 1543 quod
745 1473 792 1527 ei
820 1473 928 1542 jam
957 1473 1117 1544 longo
1144 1484 1383 1544 tempore
1410 1486 1557 1531 esset
1581 1491 1759 1532 carus.

646 1563 765 1619 XX.
808 1563 942 1619 Cum
1000 1574 1176 1621 autem
1239 1566 1481 1623 Justinus
1538 1568 1831 1639 imperator
1870 1578 1915 1634 ο,
1961 1567 2160 1624 amisso

575 1669 776 1723 sensu,
809 1670 996 1713 amens
1024 1656 1245 1714 eﬂ‘ectus
1272 1668 1450 1727 esset,
1478 1670 1532 1715 et
1563 1675 1658 1730 per
1688 1661 1854 1715 solam
1902 1660 2158 1728 Sophiam

578 1757 855 1819 augustam
886 1750 1003 1819 ejus
1028 1750 1309 1821 imperium
1338 1763 1633 1821 regeretur,
1660 1753 1875 1823 populi,
1902 1764 1957 1808 ut
1988 1754 2040 1808 in
2071 1769 2162 1808 su-

575 1842 789 1911 periore
807 1842 941 1897 libro
958 1840 1071 1913 jam
1088 1842 1324 1898 diximus
1346 1843 1486 1916 (Lib.
1511 1860 1585 1909 tv,
1609 1861 1723 1915 cap.
1750 1845 1864 1915 55),
1890 1844 2159 1900 Tiberium

2265 642 2524 698 aufertur.
2554 642 2666 709 Qua
2694 642 2868 699 ablata
2890 686 2905 708 ,
2940 640 3215 697 inveniunt
3246 655 3496 711 magnum
3528 641 3859 697 thesaurum

2264 734 2547 790 habentem
2582 748 2743 805 SUpra
2773 735 2917 789 mille
2948 736 3064 790 auri
3094 734 3425 797 centenaria.
3461 733 3869 805 Sublatumque

2263 840 2473 894 aurum,
2510 828 2834 897 pauperibus
2861 826 3032 882 adhuc
3058 825 3441 892 abundantius,
3465 836 3525 881 ut
3553 841 3869 882 consueve-

2263 928 2364 983 rat,
2391 920 2760 975 subministrat
2810 937 2823 973 :
2866 934 2965 975 nec
3010 921 3058 974 ei
3103 919 3360 973 Dominus
3392 917 3594 987 aliquid
3621 918 3869 975 deiicere

2264 1010 2389 1064 fecit
2413 1020 2436 1048 ⁸
2466 1026 2561 1080 pro
2592 1011 2731 1066 bona
2757 1010 3035 1065 voluntate
3060 1024 3177 1064 sua.
3204 1009 3341 1077 Quid
3387 1008 3435 1062 ei
3484 1010 3537 1063 in
3580 1020 3870 1078 posterum

2264 1102 2522 1157 Dominus
2555 1104 2943 1169 transmiserit,
2976 1117 3081 1157 non
3109 1102 3373 1157 omittam.
3397 1100 3600 1156 Nat-ses
3628 1101 3725 1155 ille
3754 1102 3865 1156 dux

2264 1192 2428 1248 Italiae
2461 1192 2505 1259 τ,
2538 1208 2659 1247 cum
2710 1193 2763 1247 in
2809 1193 3037 1265 quadam
3086 1193 3301 1248 civitate
3341 1193 3561 1247 domum
3608 1207 3868 1263 magnam

2266 1286 2520 1353 haberet,
2551 1286 2606 1339 in
2637 1284 2840 1339 Italiam
2871 1300 2991 1340 cum
3026 1284 3209 1339 multis
3236 1283 3501 1339 thesauris
3529 1298 3787 1355 egressus
3813 1294 3864 1355 ε,

2264 1378 2330 1432 ad
2352 1392 2512 1447 supra
2542 1385 2893 1433 memoratam
2921 1377 3109 1435 urbem
3132 1376 3347 1433 advenit
3371 1394 3383 1429 :
3410 1376 3590 1447 ibique
3619 1378 3674 1431 in
3701 1376 3865 1433 domo

2264 1485 2359 1527 sua
2398 1470 2609 1525 occulte
2655 1469 2943 1524 cisternam
2988 1484 3236 1539 magnam
3283 1468 3446 1535 fodit,
3472 1470 3527 1524 in
3555 1483 3665 1539 qua
3696 1470 3864 1523 multa

2264 1561 2429 1618 millia
2452 1562 2884 1617 centenariorum
2910 1562 3026 1616 auri
3051 1562 3209 1633 231
3239 1560 3552 1632 argentique
3578 1562 3863 1632 reposuit:

2265 1657 2445 1727 ibique
2479 1655 2782 1711 interfectis
2812 1656 3064 1721 consciis,
3091 1655 3182 1709 uni
3216 1654 3579 1709 tantummodo
3614 1657 3735 1710 seni
3769 1670 3865 1723 per

2262 1747 2628 1818 juramentum
2655 1748 2869 1802 condita
2897 1746 3312 1802 commendavit.
3340 1744 3714 1815 Defunctoque
3741 1746 3864 1801 Νειτ-

2266 1850 2380 1895 sete
2431 1841 2544 1897 hac
2590 1840 2692 1896 sub
2738 1849 2885 1895 terra
2930 1838 3186 1895 latebant.
3233 1839 3474 1908 Cumque
3520 1838 3864 1908 supradictus

579 1930 849 1989 Caesarem
876 1934 1174 2004 elegerunt,
1198 1935 1405 1999 utilem,
1430 1944 1729 2002 strenuum,
1756 1946 1914 2006 atque
1946 1936 2157 2007 sapien-
2187 1942 2235 2002 B
2263 1949 2429 1990 senex
2461 1934 2618 2003 hujus
2648 1933 3022 2003 eleemosynas
3048 1930 3264 1989 assidue
3290 1938 3559 1997 cerneret,
3587 1932 3770 2000 pergit
3798 1931 3863 1985 ad

578 2031 707 2094 tem,
730 2026 1241 2098 eleemosynarium,
1267 2028 1593 2097 inopumque
1618 2030 1877 2097 optimum
1910 2029 2159 2085 defenso-

571 2128 708 2171 rem.
724 2116 825 2183 Qui
852 2132 974 2172 cum
1005 2119 1171 2173 multa
1194 2119 1261 2173 de
1288 2117 1557 2174 thesauris
1581 2134 1712 2189 quos
1736 2120 1897 2191 230
1920 2120 2159 2176 Justinus

571 2210 900 2278 aggregavit,
924 2209 1247 2279 pauperibus
1278 2220 1545 2280 erogaret,
1572 2222 1626 2265 et
1652 2211 1887 2282 Augusta
1920 2213 2007 2267 illa
2035 2227 2158 2268 eum

570 2302 904 2375 frequentius
935 2306 1255 2375 increparet,
1281 2306 1422 2375 quod
1454 2306 1835 2376 rempublicam
1867 2308 2161 2380 redegisset

574 2397 630 2453 in
672 2408 1074 2469 paupertatem,
1107 2400 1415 2470 diceretque
1446 2418 1457 2453 :
1488 2400 1639 2469 Quod
1668 2416 1767 2471 ego
1798 2402 1977 2456 multis
2005 2402 2159 2457 annis

572 2492 880 2563 aggregavi,
896 2500 953 2547 tu
982 2493 1117 2547 infra
1146 2508 1370 2563 paucum
1394 2503 1601 2565 tempus
1626 2495 1845 2567 prodige
1866 2496 2159 2568 dispergis,

575 2583 755 2638 aiebat
780 2583 910 2640 ille:
940 2584 1053 2639 Non
1083 2583 1254 2642 deerit
1282 2586 1412 2642 fisco
1438 2596 1645 2654 nostro,
1668 2597 1868 2643 tantum
1898 2603 2161 2659 pauperes

581 2676 981 2749 eleemosynam
1012 2678 1306 2749 accipiant,
1334 2686 1425 2733 aut
1454 2680 1652 2750 captivi
1684 2680 2034 2736 redimantur.
2065 2681 2161 2735 llic

577 2776 662 2824 est
700 2769 845 2825 enim
890 2784 1111 2841 magnus
1141 2772 1453 2839 thesaurus,
1478 2772 1691 2828 dicente
1720 2772 1947 2828 Domino
1976 2790 1990 2827 :
2025 2773 2159 2828 Tlte-

572 2862 832 2917 saurizate
866 2862 1004 2919 vobis
1045 2863 1308 2919 thesauros
1342 2866 1397 2920 in
1435 2866 1559 2921 caelo
1580 2907 1596 2934 ,
1630 2867 1716 2921 ubi
1758 2884 1916 2937 neque
1953 2884 2159 2937 aerugo,

579 2967 737 3021 neque
783 2952 917 3007 tinea
965 2957 1287 3028 corrumpit;
1328 2967 1376 3012 et
1415 2958 1499 3012 ubi
1546 2964 1684 3029 fures
1721 2977 1823 3015 non
1867 2962 2159 3033 effodiunt,

576 3056 666 3095 nec
706 3047 945 3111 furantur
990 3044 1213 3116 (Matth.
1261 3062 1353 3115 γι,
1392 3047 1518 3120 20).
1562 3049 1702 3121 Ergo
1752 3051 1818 3107 de
1864 3052 1965 3109 hoc
2012 3055 2152 3123 quod

577 3130 719 3189 Deus
758 3134 924 3205 dedit,
950 3150 1335 3209 congregemus
1372 3155 1466 3209 per
1504 3156 1766 3211 pauperes
1811 3142 1865 3197 in
1907 3144 2068 3212 cmlo,
2103 3153 2163 3199 ut

580 3224 840 3283 Dominus
870 3228 1027 3285 nobis
1054 3242 1252 3301 augere
1293 3232 1543 3302 dignetur
1582 3234 1633 3287 in
1677 3236 1894 3291 smculo.
1924 3235 1985 3291 Et
2012 3240 2157 3309 quia,

2265 2042 2385 2083 eum
2406 2066 2421 2093 ,
2446 2027 2631 2083 dicens
2666 2045 2680 2082 :
2714 2027 2809 2093 Si,
2840 2025 3042 2095 inquit,
3074 2025 3204 2080 mihi
3234 2025 3431 2094 aliquid
3458 2023 3719 2095 prodest,
3750 2038 3864 2078 ma-

2264 2136 2423 2193 gnam
2468 2135 2579 2173 rem
2626 2120 2743 2186 tibi,
2773 2118 2975 2186 Caesar,
3004 2118 3235 2177 edicam.
3266 2117 3364 2172 Cui
3413 2117 3506 2172 ille
3552 2135 3565 2170 :
3620 2116 3740 2181 Dic,
3770 2118 3863 2185 ait,

2263 2213 2405 2284 quod
2436 2211 2690 2266 volueris.
2723 2209 2969 2265 Proderit
2998 2211 3143 2266 enim
3176 2210 3308 2275 tibi,
3340 2208 3386 2265 si
3414 2209 3674 2280 quiddam
3709 2210 3864 2265 nobis

2265 2306 2604 2375 profuturum
2633 2317 2753 2358 esse
2779 2302 3101 2358 narraveris.
3125 2301 3482 2369 Thesaurum,
3511 2302 3708 2372 inquit,
3733 2301 3863 2358 Nar-

2267 2399 2400 2454 setis
2422 2397 2755 2452 reconditum
2780 2396 2972 2462 habeo,
2991 2396 3131 2467 quod
3162 2396 3216 2450 in
3240 2402 3482 2451 extremo
3503 2394 3630 2450 vitae
3658 2396 3863 2465 positus

2271 2492 2454 2547 celare
2501 2505 2606 2545 non
2653 2504 2894 2560 possum.
2930 2489 3080 2545 Tunc
3127 2489 3307 2545 Caesar
3336 2488 3581 2543 Tiberius
3622 2489 3861 2557 gavisus,

2264 2582 2432 2638 mittit
2455 2598 2624 2651 usque
2654 2581 2720 2636 ad
2748 2582 2925 2637 locum
2956 2596 3150 2652 pueros
3177 2596 3343 2636 suos:
3370 2580 3712 2651 praecedente
3734 2594 3860 2636 vero

2264 2690 2421 2740 sene,
2457 2675 2508 2729 hi
2550 2684 2846 2745 sequuntur
2874 2674 3106 2729 attoniti.
3140 2674 3631 2742 Pervenientesque
3675 2674 3745 2728 ad
3785 2674 3862 2728 ci-

2265 2778 2527 2833 sternam,
2553 2768 2979 2837 deopertamque
3008 2767 3403 2838 ingrediuntur,
3432 2766 3485 2821 in
3514 2780 3619 2837 qua
3652 2775 3859 2821 tantum

2265 2876 2453 2916 aurum
2482 2869 2871 2929 argentumque
2896 2852 3271 2929 reper'iuut,.ut
3295 2873 3390 2926 per
3411 2856 3608 2912 multos
3630 2858 3753 2913 dies
3773 2857 3860 2912 vix

2264 2961 2620 3009 evacuaretur
2650 2966 2680 3005 a
2710 2952 3137 3021 deportantibus.
3165 2949 3233 3003 Et
3261 2964 3328 3005 ex
3360 2950 3461 3002 hoc
3490 2948 3578 3003 ille
3618 2947 3860 3018 amplius

2267 3046 2425 3101 hilari
2451 3045 2764 3115 erogatioue
2791 3043 3122 3114 dispensavit
3150 3041 3355 3113 egenis.

2337 3140 2477 3196 XXI.
2510 3140 2671 3211 Igitur
2696 3138 2722 3176 ιι
2753 3147 2937 3193 contra
2966 3137 3243 3193 Salonium
3270 3132 3727 3204 Sagittariumque
3748 3133 3860 3201 epi-

2268 3246 2462 3302 scopos
2492 3231 2749 3286 tumultus
2779 3230 3043 3285 exoritur.
3077 3227 3141 3282 lli
3180 3227 3320 3281 enim
3353 3243 3382 3279 a
3412 3226 3609 3281 Sancto
3649 3224 3860 3279 Nicetio

579 3327 637 3376 ut
660 3320 925 3387 diximus,
949 3337 1175 3392 magnus
1216 3332 1269 3378 et
1308 3338 1465 3379 verus
1504 3324 1836 3382 Christianus
1866 3339 2009 3394 erat,
2033 3331 2159 3386 dum
2186 3320 2233 3382 C
2268 3325 2608 3397 Lugdunensi
2658 3324 2912 3394 episcopo
2958 3322 3208 3389 educati,
3256 3320 3575 3374 diaconatus
3616 3315 3857 3372 ofﬁcium

580 3408 740 3464 hilari
768 3409 1143 3466 distributione
1175 3414 1495 3482 pauperibus
1525 3430 1682 3485 opem
1713 3427 1962 3487 priestat,
1988 3422 2159 3491 magis

579 3514 644 3556 ac
668 3501 839 3572 magis
864 3502 913 3559 ei
948 3503 1205 3559 Dominus
1233 3504 1619 3562 subministrat.
1647 3507 1779 3563 Nam
1810 3510 2159 3570 deambulans

577 3604 677 3662 per
721 3593 1011 3664 palatium,
1053 3594 1180 3649 vidit
1227 3595 1279 3651 in
1331 3598 1635 3666 pavimento
1682 3599 1875 3655 domus
1926 3603 2158 3658 tabulam

578 3701 969 3758 marmoream,
994 3688 1048 3745 in
1078 3705 1178 3762 qua
1208 3706 1337 3748 crux
1369 3692 1647 3749 Dominica
1688 3704 1802 3751 erat
1843 3698 2046 3767 sculpta
2068 3738 2083 3765 ,
2106 3706 2161 3756 et

577 3780 654 3836 ait
685 3798 700 3834 :
729 3780 901 3837 Cruce
930 3790 1053 3850 tua,
1080 3782 1334 3853 Domine,
1360 3783 1591 3841 frontem
1623 3795 1860 3843 nostram
1891 3790 2158 3847 munimus

576 3880 633 3930 et
652 3882 887 3945 pectora,
902 3883 955 3930 et
970 3889 1094 3931 ecce
1114 3889 1328 3931 crucem
1350 3876 1451 3931 sub
1472 3876 1695 3946 pedibus
1714 3880 2087 3936 conculcamus
2104 3880 2154 3935 τι.

576 3965 648 4023 Et
675 3967 818 4024 dicto
846 3968 1004 4025 citius
1028 3968 1186 4039 jussit
1215 3984 1336 4024 eum
1370 3969 1603 4038 auferri,
1626 3970 1947 4044 defossaque
1977 3976 2155 4031 tabula

576 4068 737 4129 atque
771 4070 969 4128 erecta,
996 4061 1274 4117 inveniunt
1314 4062 1501 4119 subter
1542 4073 1596 4120 et
1630 4066 1786 4120 aliam
1818 4068 1916 4121 hoc
1946 4068 2157 4138 signum

572 4153 881 4239 habentem.
908 4154 1349 4225 Nuntiantesque,
1372 4156 1531 4227 jussit
1552 4167 1605 4214 et
1633 4157 1775 4213 illam
1797 4160 2028 4215 auferre.
2045 4164 2157 4229 Qua

648 4323 677 4352 ει
700 4312 1280 4385 Corquuciolonem;
1326 4314 1484 4383 Bell.,
1516 4313 1855 4380 Ciucilouem,
1882 4318 1969 4380 qui
1999 4333 2160 4385 quon-

576 4400 696 4438 aam
732 4384 914 4454 palatii
952 4384 1218 4452 Sigiberti.
1248 4386 1439 4440 Comes
1473 4386 1654 4454 palatii
1686 4384 2017 4454 praepositus
2044 4401 2159 4444 erat

577 4456 759 4524 regite,
780 4454 888 4524 juri
916 4454 1149 4509 dicundo
1180 4464 1430 4523 prmerat,
1451 4470 1514 4511 ac
1542 4471 1627 4511 res
1655 4457 1870 4524 majoris
1900 4460 2158 4514 momenti

575 4524 956 4597 referebatad
1006 4524 1339 4597 principem;
1384 4536 1434 4597 et
1479 4534 1550 4597 uti
1585 4528 2042 4597 archicapellanus
2088 4531 2157 4586 de

575 4595 958 4668 ecclesiasticis
1004 4594 1198 4668 rebus,
1226 4596 1437 4668 quaead
1469 4595 1724 4668 palatium
1753 4594 2152 4668 deferebantur,

574 4666 787 4761 sicliste
807 4664 1557 4761 (ξςὲεεςιιιξαειὶιιιξὲἀέεέῧει.
1574 4666 1707 4725 Vide
1732 4671 1973 4741 Bignonii
2000 4664 2151 4727 notas
2182 4702 2236 4761 D
2261 4672 2548 4761 episgopis,

572 4737 629 4791 in
659 4736 789 4792 lib.t
821 4735 1082 4800 Marculﬁ,
1110 4735 1331 4793 formula
1358 4737 1449 4795 25.

648 4806 675 4846 b
707 4808 925 4881 Egidius
954 4822 1049 4863 seu
1078 4806 1351 4881 ZEgidius,
1383 4810 1550 4881 episc.
1585 4810 1930 4878 Rhemensis,
1961 4814 2029 4869 ob
2058 4830 2154 4870 sua

575 4886 686 4934 tam
707 4879 847 4953 bona
870 4892 1028 4953 qua_m
1052 4881 1188 4934 mala
1208 4879 1439 4953 facinora
1470 4884 1797 4937 notissimus.
1820 4884 1949 4953 Ejus
1971 4886 2153 4941 laudes

571 4951 918 5075 prosequitur
942 4949 1265 5033 Eortunaius
1286 4951 1380 5007 lib.
1404 4968 1483 5018 nt,
1508 4968 1675 5034 carm.
1706 4953 1792 5008 18.
1816 4949 1969 5037 Plura
1996 4956 2064 5011 de
2089 4973 2153 5011 eo

620 5022 914 5075 rodoardus
940 5020 1038 5075 lib.
1067 5035 1109 5075 ιι
1136 5021 1273 5075 Hist.
1300 5022 1639 5075 Rhemensis.
1664 5033 1718 5075 et
1746 5040 1939 5075 DaSSlm
1973 5038 2153 5075 noster

571 5020 914 5147 grodoardus
940 5020 1038 5077 lib.
1067 5035 1109 5076 tt
1136 5021 1273 5077 Hist.
1300 5022 1639 5091 Rhemensis,
1664 5033 1718 5079 et
1744 5028 1939 5095 passim
1972 5038 2153 5081 noster

620 5107 876 5147 reconus.

712 5108 876 5149 OI'IUS.

647 5162 826 5238 {Vide
844 5162 1047 5238 cap._31
1075 5164 1310 5238 inferius.
1328 5165 1450 5219 Haec
1471 5175 1645 5238 autem
1670 5168 1848 5222 omnia
1872 5170 2152 5238 exscripsit

569 5231 769 5308 Paulus
798 5231 1070 5308 Diae—.Alib.
1096 5235 1241 5308 uide
1266 5234 1441 5293 Gestis
1467 5237 1727 5307 Langob.,
1748 5254 1864 5308 cap.
1894 5240 1953 5291 11
1984 5250 2037 5294 et
2050 5231 2146 5294 '12.

645 5301 673 5342 ἀ
695 5305 1028 5379 Theodosius
1050 5315 1103 5362 et
1125 5307 1527 5363 Valentinianus
1548 5301 1829 5379 vetuerant
1851 5325 1917 5364 ne
1939 5310 2148 5379 signum

573 5378 755 5448 crucis
778 5377 1167 5448 insculperetur
1196 5380 1250 5434 in
1274 5379 1412 5443 solo,
1440 5380 1526 5434 vel
1554 5378 1750 5447 lapide,
1770 5379 1853 5433 vel
1881 5377 2148 5437 marmore

572 5444 721 5501 humi
753 5444 1039 5521 posiiofL.
1071 5450 1236 5517 unic.,
1268 5448 1403 5521 Cod.
1437 5444 1710 5504 Neminem
1741 5452 1825 5503 lic.
1858 5452 1989 5521 sign.
2016 5450 2148 5508 Vide

570 5525 627 5570 et
651 5531 769 5572 can.
796 5518 829 5574 6
857 5518 1022 5575 Conc.
1047 5519 1304 5577 Trullani.

644 5596 670 5662 ξ
694 5588 799 5662 Sic.
825 5590 983 5662 Corb.
1009 5602 1061 5662 et
1088 5592 1249 5656 Bell.;
1282 5590 1432 5656 Bec.,
1463 5592 1643 5659 faciet;
1669 5591 1780 5658 alii,
1808 5594 2140 5662 permittebat.

645 5655 668 5695 ί
703 5660 990 5735 Eunuchus
1017 5655 1677 5735 famosissimusBelisario
1700 5655 2033 5730 subétitutns,
2054 5668 2143 5735 qui

571 5727 944 5806 Ostrogotthos
972 5731 1027 5806 i_n
1054 5731 1199 5806 Italia
1229 5735 1439 5806 penitus
1465 5733 1682 5793 delevit.
1707 5735 1799 5789 sed
1823 5735 1890 5789 ab
1911 5727 2144 5806 Augusta

570 5802 713 5854 male
742 5802 969 5874 habitus
985 5801 1361 5874 Langobardos
1390 5803 1443 5856 in
1472 5806 1714 5860 eamdem
1749 5801 2021 5874 regionem
2047 5813 2142 5861 ad-

572 5872 812 5947 vccavit;
833 5871 973 5947 qugd
1002 5880 1177 5947 tamen
1205 5873 1369 5943 gratis
1394 5874 1571 5929 fictum
1594 5871 1860 5933 existimat
1885 5878 2142 5947 Valesius,

574 5938 666 5992 lib.
696 5955 746 5994 ιιι
774 5938 880 5997 rer.
904 5940 1149 5996 Francic.

2264 3429 2388 3474 sunt
2418 3417 2593 3474 sortiti
2621 3434 2634 3471 :
2662 3416 2924 3485 huiusque
2955 3422 3196 3482 tempore
3226 3410 3474 3465 Salonius
3505 3407 3859 3463 Ehredunen-

2263 3510 2338 3565 sis
2366 3508 2381 3547 ί
2411 3509 2579 3574 urbis,
2606 3507 3034 3577 Sagittariusque
3062 3504 3378 3576 Vapigensis
3400 3501 3655 3557 Ecclesia:
3678 3514 3859 3556 sacer-

2263 3603 2417 3659 dotes
2464 3610 2794 3656 statuuntur.
2840 3599 2946 3655 Sed
2994 3608 3233 3654 assumto
3273 3599 3605 3668 episcopatu,
3632 3595 3688 3649 iu
3728 3607 3857 3663 pro-

2264 3697 2438 3767 prium
2482 3695 2641 3750 relati
2684 3695 2996 3758 arbitrium,
3023 3700 3304 3762 cteperunt
3332 3690 3384 3745 in
3416 3686 3858 3761 pervasionibus,

2261 3788 2523 3856 caedibus,
2552 3785 2876 3851 homicidiis,
2902 3785 3201 3851 adulteriis,
3230 3784 3569 3852 diversisque
3598 3781 3650 3834 in
3682 3778 3858 3834 scele-

2262 3884 2430 3947 ribus,
2449 3884 2639 3938 insano
2661 3884 2841 3937 lurore
2862 3881 3125 3951 grassari;
3162 3882 3231 3935 ita
3256 3889 3315 3935 ut
3332 3878 3562 3947 quodam
3584 3887 3852 3946 tempore,

2262 3976 2569 4031 celebrante
2588 3974 2805 4029 Victore
2826 3972 3253 4028 Tricastinorum
3280 3970 3292 4022 i
3331 3973 3585 4040 episcopo
3604 3969 3855 4023 solemni-

2262 4079 2424 4125 tatem
2466 4068 2695 4124 natalitii
2738 4067 2843 4134 sui,
2876 4067 3071 4123 emissa
3112 4066 3356 4129 cohorte,
3388 4080 3507 4119 cum
3557 4062 3749 4132 gladiis
3799 4068 3853 4116 et

2262 4162 2469 4235 sagittis
2500 4163 2772 4219 irruerent
2796 4177 2955 4233 super
2982 4176 3128 4217 eum.
3154 4160 3548 4229 Venientesque
3575 4158 3854 4214 sciderunt

2335 4326 2359 4364 κ
2394 4317 2483 4373 Sic
2509 4328 2717 4373 veteres
2746 4334 2875 4375 mss.
2908 4328 2961 4375 et
2986 4318 3115 4375 edit.
3144 4317 3344 4373 Chesn.
3374 4331 3525 4385 vero,
3554 4317 3842 4389 ingressus.

2260 4387 2411 4444 Colb.
2424 4430 2437 4452 .
2465 4406 2742 4460 regressus.

2332 4463 2359 4496 ιι
2395 4458 2705 4527 Ηοὰωριιι
2733 4460 2885 4514 deest
2914 4461 2966 4515 in
2996 4458 3185 4524 Corb.,
3220 4459 3351 4513 Bell.
3382 4470 3435 4512 et
3471 4459 3625 4513 Coib.
3656 4458 3846 4514 Exstat

2260 4532 2315 4585 in
2340 4531 2519 4585 Casiu.
2549 4540 2602 4585 et
2631 4531 2768 4585 aliis.
2792 4530 3011 4586 Confer.
3034 4547 3152 4601 cap.
3173 4529 3243 4583 28
3276 4529 3430 4584 infra.
3458 4529 3638 4584 Refert
3658 4540 3844 4601 autem

2261 4605 2313 4656 in
2346 4602 2448 4657 hoc
2479 4602 2787 4727 Gregorius,
2811 4618 2929 4667 quae
2958 4600 3144 4657 saltem
3181 4617 3208 4654 a
3232 4602 3503 4670 deccnnio
3531 4602 3610 4655 his
3637 4600 3848 4655 duobus

2261 4672 2548 4727 enisconis.
2625 4672 2869 4727 aaittario
2897 4673 3099 4727 scilicet
3125 4682 3178 4727 et
3210 4672 3452 4727 Salonio.
3483 4674 3839 4727 contigerant.

2625 4672 2869 4741 agittario
2897 4673 3099 4727 scilicet
3125 4682 3178 4727 et
3210 4672 3452 4736 Salonio,
3483 4674 3839 4741 contigerant.

2335 4742 2351 4781 ί
2381 4744 2747 4815 Ebrndunum,
2764 4742 3080 4815 Embrun,et
3101 4744 3389 4813 Vapingum
3414 4758 3506 4796 seu
3523 4741 3837 4811 Vapincnm,

2262 4815 2393 4883 (ἔαρ,
2424 4814 2671 4869 civitates
2716 4815 2769 4867 in
2818 4814 3134 4883 Dalphinatu
3181 4829 3365 4882 parum
3395 4827 3422 4865 a
3456 4828 3577 4868 sese
3611 4814 3838 4867 invicem

2258 4885 2478 4949 dissilaa,
2497 4885 2722 4939 diversae
2756 4894 2928 4938 tamen
2952 4886 3239 4953 provinciae
3262 4884 3662 4939 ecclesiasticae.
3689 4884 3842 4938 Prior

2258 4970 2449 5024 nempe
2491 4956 2801 5024 metropolis
2848 4964 2929 5009 est
2975 4957 3183 5024 Alpium
3232 4954 3637 5017 Maritimarum,
3672 4956 3836 5009 altera

2257 5041 2384 5081 vero
2412 5027 2512 5080 sub
2539 5026 2867 5081 Narbonensi
2900 5025 2942 5079 ll
2972 5026 3370 5094 archiepisc0po
3399 5026 3634 5094 Aquensi
3665 5038 3835 5094 paret.

2332 5098 2347 5148 i
2391 5099 2524 5152 Editi
2553 5098 2793 5166 plerique
2818 5112 2937 5151 cum
2967 5096 3150 5164 llegm.
3168 5105 3223 5151 et
3247 5096 3394 5159 Bec.,
3414 5095 3838 5149 'I‘ricassinornm.

2257 5168 2553 5224 Retinenda
2588 5179 2763 5223 tamen
2796 5176 2977 5223 nostra
3008 5169 3183 5221 lectio.
3210 5167 3340 5220 Nam
3375 5166 3676 5221 Tricassina
3709 5168 3839 5223 urbs

2256 5250 2337 5295 est
2367 5242 2418 5294 in
2444 5240 2754 5309 Campania,
2771 5240 2930 5308 vulgo
2951 5238 3161 5308 Troyes.
3177 5239 3243 5292 At
3266 5238 3354 5293 hic
3378 5237 3691 5309 designatur
3708 5239 3841 5293 urbs

2255 5308 2675 5365 Tricastinor’um
2723 5312 2776 5365 in
2824 5310 3167 5379 Dalphinatu,
3197 5309 3355 5377 vulgo
3407 5308 3734 5363 Saint-Paal
3776 5311 3838 5365 de

2254 5380 2709 5436 Trois-Chaunum.
2730 5383 2793 5435 Et
2814 5382 3027 5450 quidem
3056 5381 3313 5435 Eusebius
3342 5381 3641 5449 presbyter,
3664 5379 3815 5435 Victo

2253 5451 2327 5506 ris
2357 5453 2441 5506 hic
2473 5453 2753 5507 memorati
2786 5454 3002 5506 nomine
3021 5492 3035 5517 ,
3058 5450 3301 5505 Concilio
3330 5451 3574 5518 Lugdun.
3604 5466 3643 5505 ll
3673 5453 3838 5507 inter-

2252 5521 2383 5589 luit,
2410 5534 2464 5577 et
2499 5523 2723 5593 ipsemet
2754 5523 2996 5577 Concilio
3038 5522 3414 5577 Matisconensi
3446 5538 3465 5575 ι
3494 5522 3836 5590 subscripsit.

2255 5594 2489 5648 Natalitii
2517 5605 2691 5649 autem
2722 5594 2801 5647 sui
2830 5594 3141 5648 solemuitas
3169 5609 3326 5662 quam
3356 5594 3687 5658 celebrabat,
3718 5604 3837 5649 erat

2256 5667 2621 5745 anniversaria
2658 5664 3248 5745 consecratignissuae
3269 5667 3383 5745 dies
3417 5666 3467 5717 in
3499 5665 3832 5745 episcopum.

2255 5737 2321 5791 Et
2350 5737 2562 5805 quidem
2593 5736 2854 5804 hodieque
2881 5736 2935 5789 in
2960 5737 3250 5791 Pontilicali
3274 5736 3515 5789 Romano
3540 5733 3681 5789 inter
3700 5733 3835 5790 festa

2255 5808 2579 5861 solemniora
2631 5816 2970 5877 computatur
3008 5807 3424 5862 consecrationis
3462 5806 3832 5875 episcoporum

2253 5878 2390 5941 dies,
2415 5878 2505 5945 qui
2534 5893 2651 5933 mos
2691 5889 2773 5935 est
2812 5879 3082 5948 antiquus,
3114 5888 3168 5933 ut
3217 5886 3359 5947 patet
3398 5892 3460 5932 ex
3508 5887 3616 5933 vet.
3647 5890 3826 5932 sacra-

2252 5948 2545 6003 mentariis.
