  <div class='ocr_page' id='page_1' title='image "/cluster/home/n/w/nwhite01/storage/ocr_20150623/71/hvd.32044020096954/176.png"; bbox 0 0 4028 6342; ppageno 0'>
   <div class='ocr_carea' id='block_1_1' title="bbox 285 400 383 460">
    <p class='ocr_par' dir='ltr' id='par_1_1' title="bbox 285 400 383 460">
     <span class='ocr_line' id='line_1_1' title="bbox 285 400 383 460; baseline -0.041 0"><span class='ocrx_word' id='word_1_1' title='bbox 285 400 383 460; x_wconf 74' lang='lat' dir='ltr'><strong>3H</strong></span> 
     </span>
    </p>
   </div>
   <div class='ocr_carea' id='block_1_2' title="bbox 1216 399 2626 470">
    <p class='ocr_par' dir='ltr' id='par_1_2' title="bbox 1216 399 2626 470">
     <span class='ocr_line' id='line_1_2' title="bbox 1216 399 2626 470; baseline 0.001 -14"><span class='ocrx_word' id='word_1_2' title='bbox 1216 399 1533 458; x_wconf 82' lang='lat' dir='ltr'><strong>HISTORIA</strong></span> <span class='ocrx_word' id='word_1_3' title='bbox 1574 399 2025 457; x_wconf 79' lang='lat' dir='ltr'><strong>FRANCORUM.</strong></span> <span class='ocrx_word' id='word_1_4' title='bbox 2066 399 2271 457; x_wconf 79' lang='lat' dir='ltr'><strong>LIBER</strong></span> <span class='ocrx_word' id='word_1_5' title='bbox 2310 400 2626 470; x_wconf 82' lang='lat' dir='ltr'><strong>QUINTUS.</strong></span> 
     </span>
    </p>
   </div>
   <div class='ocr_carea' id='block_1_3' title="bbox 3453 394 3559 456">
    <p class='ocr_par' dir='ltr' id='par_1_3' title="bbox 3453 394 3559 456">
     <span class='ocr_line' id='line_1_3' title="bbox 3453 394 3559 456; baseline 0 0"><span class='ocrx_word' id='word_1_6' title='bbox 3453 394 3559 456; x_wconf 62' lang='grc'><strong>312</strong></span> 
     </span>
    </p>
   </div>
   <div class='ocr_carea' id='block_1_4' title="bbox 284 511 3554 588">
    <p class='ocr_par' dir='ltr' id='par_1_4' title="bbox 284 511 3554 588">
     <span class='ocr_line' id='line_1_4' title="bbox 284 511 3554 588; baseline -0.002 -14"><span class='ocrx_word' id='word_1_7' title='bbox 284 518 602 574; x_wconf 84' lang='lat' dir='ltr'><strong>vestimenta</strong></span> <span class='ocrx_word' id='word_1_8' title='bbox 626 515 765 586; x_wconf 87' lang='lat' dir='ltr'><strong>ejus,</strong></span> <span class='ocrx_word' id='word_1_9' title='bbox 784 516 1057 573; x_wconf 87' lang='lat' dir='ltr'><strong>ministros</strong></span> <span class='ocrx_word' id='word_1_10' title='bbox 1076 516 1422 580; x_wconf 82' lang='lat' dir='ltr'><strong>caeciderunt,</strong></span> <span class='ocrx_word' id='word_1_11' title='bbox 1440 530 1567 571; x_wconf 89' lang='lat' dir='ltr'><strong>vasa</strong></span> <span class='ocrx_word' id='word_1_12' title='bbox 1587 522 1638 572; x_wconf 91' lang='lat' dir='ltr'><strong>et</strong></span> <span class='ocrx_word' id='word_1_13' title='bbox 1655 530 1866 571; x_wconf 86' lang='lat' dir='ltr'><strong>onmem</strong></span> <span class='ocrx_word' id='word_1_14' title='bbox 1897 516 1953 579; x_wconf 84' lang='grc' dir='ltr'><strong>Α</strong></span> <span class='ocrx_word' id='word_1_15' title='bbox 1974 530 2100 571; x_wconf 90' lang='lat' dir='ltr'><strong>rans</strong></span> <span class='ocrx_word' id='word_1_16' title='bbox 2127 516 2266 588; x_wconf 91' lang='lat' dir='ltr'><strong>quod</strong></span> <span class='ocrx_word' id='word_1_17' title='bbox 2299 515 2672 587; x_wconf 60' lang='lat' dir='ltr'><strong>praetermissis</strong></span> <span class='ocrx_word' id='word_1_18' title='bbox 2712 527 2845 571; x_wconf 88' lang='lat' dir='ltr'><strong>nunc</strong></span> <span class='ocrx_word' id='word_1_19' title='bbox 2876 512 3160 587; x_wconf 77' lang='lat' dir='ltr'><strong>generibus</strong></span> <span class='ocrx_word' id='word_1_20' title='bbox 3208 511 3554 583; x_wconf 80' lang='lat' dir='ltr'><strong>feminarum,</strong></span> 
     </span>
    </p>
   </div>
   <div class='ocr_carea' id='block_1_5' title="bbox 285 606 1876 679">
    <p class='ocr_par' dir='ltr' id='par_1_5' title="bbox 285 606 1876 679">
     <span class='ocr_line' id='line_1_5' title="bbox 285 606 1876 679; baseline 0 -16"><span class='ocrx_word' id='word_1_21' title='bbox 285 618 602 679; x_wconf 70' lang='lat' dir='ltr'><strong>apparatum</strong></span> <span class='ocrx_word' id='word_1_22' title='bbox 624 616 651 645; x_wconf 67' lang='grc' dir='ltr'>δι</span> <span class='ocrx_word' id='word_1_23' title='bbox 682 608 889 677; x_wconf 82' lang='lat' dir='ltr'><strong>prandii</strong></span> <span class='ocrx_word' id='word_1_24' title='bbox 919 606 1247 675; x_wconf 75' lang='lat' dir='ltr'><strong>auferentes,</strong></span> <span class='ocrx_word' id='word_1_25' title='bbox 1272 608 1633 677; x_wconf 84' lang='lat' dir='ltr'><strong>relinquentes</strong></span> <span class='ocrx_word' id='word_1_26' title='bbox 1664 610 1876 677; x_wconf 89' lang='lat' dir='ltr'><strong>episco-</strong></span> 
     </span>
    </p>
   </div>
   <div class='ocr_carea' id='block_1_6' title="bbox 286 700 1877 773">
    <p class='ocr_par' dir='ltr' id='par_1_6' title="bbox 286 700 1877 773">
     <span class='ocr_line' id='line_1_6' title="bbox 286 700 1877 773; baseline 0 -17"><span class='ocrx_word' id='word_1_27' title='bbox 286 718 415 773; x_wconf 86' lang='lat' dir='ltr'><strong>pum</strong></span> <span class='ocrx_word' id='word_1_28' title='bbox 446 702 498 756; x_wconf 90' lang='lat' dir='ltr'><strong>in</strong></span> <span class='ocrx_word' id='word_1_29' title='bbox 531 701 717 770; x_wconf 94' lang='lat' dir='ltr'><strong>grandi</strong></span> <span class='ocrx_word' id='word_1_30' title='bbox 748 702 1094 757; x_wconf 81' lang='lat' dir='ltr'><strong>contumelia.</strong></span> <span class='ocrx_word' id='word_1_31' title='bbox 1120 700 1271 769; x_wconf 86' lang='lat' dir='ltr'><strong>Quod</strong></span> <span class='ocrx_word' id='word_1_32' title='bbox 1300 716 1418 755; x_wconf 91' lang='lat' dir='ltr'><strong>cum</strong></span> <span class='ocrx_word' id='word_1_33' title='bbox 1451 718 1540 756; x_wconf 79' lang='lat' dir='ltr'><strong>rex</strong></span> <span class='ocrx_word' id='word_1_34' title='bbox 1575 700 1877 757; x_wconf 86' lang='lat' dir='ltr'><strong>Guntchra-</strong></span> 
     </span>
    </p>
   </div>
   <div class='ocr_carea' id='block_1_7' title="bbox 287 793 1876 866">
    <p class='ocr_par' dir='ltr' id='par_1_7' title="bbox 287 793 1876 866">
     <span class='ocr_line' id='line_1_7' title="bbox 287 793 1876 866; baseline -0.001 -18"><span class='ocrx_word' id='word_1_35' title='bbox 287 808 450 848; x_wconf 90' lang='lat' dir='ltr'><strong>mnus</strong></span> <span class='ocrx_word' id='word_1_36' title='bbox 482 794 641 864; x_wconf 71' lang='lat'><strong>232</strong></span> <span class='ocrx_word' id='word_1_37' title='bbox 674 794 1065 866; x_wconf 87' lang='lat' dir='ltr'><strong>comperisset,</strong></span> <span class='ocrx_word' id='word_1_38' title='bbox 1098 794 1410 864; x_wconf 89' lang='lat' dir='ltr'><strong>congregari</strong></span> <span class='ocrx_word' id='word_1_39' title='bbox 1441 795 1701 866; x_wconf 84' lang='lat' dir='ltr'><strong>synodum</strong></span> <span class='ocrx_word' id='word_1_40' title='bbox 1735 793 1876 864; x_wconf 87' lang='lat' dir='ltr'><strong>apud</strong></span> 
     </span>
    </p>
   </div>
   <div class='ocr_carea' id='block_1_8' title="bbox 287 884 1877 959">
    <p class='ocr_par' dir='ltr' id='par_1_8' title="bbox 287 884 1877 959">
     <span class='ocr_line' id='line_1_8' title="bbox 287 884 1877 959; baseline 0.003 -21"><span class='ocrx_word' id='word_1_41' title='bbox 287 886 479 941; x_wconf 83' lang='lat' dir='ltr'><strong>urbem</strong></span> <span class='ocrx_word' id='word_1_42' title='bbox 526 884 941 955; x_wconf 82' lang='lat' dir='ltr'><strong>Lugdunensem</strong></span> <span class='ocrx_word' id='word_1_43' title='bbox 987 886 1165 957; x_wconf 79' lang='lat' dir='ltr'><strong>jussit.</strong></span> <span class='ocrx_word' id='word_1_44' title='bbox 1199 887 1589 959; x_wconf 88' lang='lat' dir='ltr'><strong>Conjunctique</strong></span> <span class='ocrx_word' id='word_1_45' title='bbox 1638 889 1877 959; x_wconf 85' lang='lat' dir='ltr'><strong>episcopi</strong></span> 
     </span>
    </p>
   </div>
   <div class='ocr_carea' id='block_1_9' title="bbox 293 976 1877 1049">
    <p class='ocr_par' dir='ltr' id='par_1_9' title="bbox 293 976 1877 1049">
     <span class='ocr_line' id='line_1_9' title="bbox 293 976 1877 1049; baseline 0.004 -21"><span class='ocrx_word' id='word_1_46' title='bbox 293 989 418 1029; x_wconf 88' lang='lat' dir='ltr'><strong>cum</strong></span> <span class='ocrx_word' id='word_1_47' title='bbox 450 977 752 1046; x_wconf 81' lang='lat' dir='ltr'><strong>patriarcha</strong></span> <span class='ocrx_word' id='word_1_48' title='bbox 774 976 803 1016; x_wconf 70' lang='grc' dir='ltr'><strong>ι)</strong></span> <span class='ocrx_word' id='word_1_49' title='bbox 840 978 1044 1034; x_wconf 85' lang='lat' dir='ltr'><strong>Nicetio</strong></span> <span class='ocrx_word' id='word_1_50' title='bbox 1074 980 1253 1049; x_wconf 88' lang='lat' dir='ltr'><strong>beato,</strong></span> <span class='ocrx_word' id='word_1_51' title='bbox 1276 980 1538 1035; x_wconf 88' lang='lat' dir='ltr'><strong>discussis</strong></span> <span class='ocrx_word' id='word_1_52' title='bbox 1565 981 1760 1047; x_wconf 88' lang='lat' dir='ltr'><strong>causis,</strong></span> <span class='ocrx_word' id='word_1_53' title='bbox 1792 981 1877 1035; x_wconf 90' lang='lat' dir='ltr'><strong>in-</strong></span> 
     </span>
    </p>
   </div>
   <div class='ocr_carea' id='block_1_10' title="bbox 290 1068 1874 1141">
    <p class='ocr_par' dir='ltr' id='par_1_10' title="bbox 290 1068 1874 1141">
     <span class='ocr_line' id='line_1_10' title="bbox 290 1068 1874 1141; baseline 0.005 -22"><span class='ocrx_word' id='word_1_54' title='bbox 290 1077 555 1123; x_wconf 87' lang='lat' dir='ltr'><strong>venerunt</strong></span> <span class='ocrx_word' id='word_1_55' title='bbox 578 1082 673 1124; x_wconf 90' lang='lat' dir='ltr'><strong>eos</strong></span> <span class='ocrx_word' id='word_1_56' title='bbox 703 1068 771 1125; x_wconf 91' lang='lat' dir='ltr'><strong>de</strong></span> <span class='ocrx_word' id='word_1_57' title='bbox 800 1069 883 1125; x_wconf 89' lang='lat' dir='ltr'><strong>his</strong></span> <span class='ocrx_word' id='word_1_58' title='bbox 913 1070 1224 1140; x_wconf 85' lang='lat' dir='ltr'><strong>sceleribus,</strong></span> <span class='ocrx_word' id='word_1_59' title='bbox 1247 1072 1437 1141; x_wconf 79' lang='lat' dir='ltr'><strong>quibus</strong></span> <span class='ocrx_word' id='word_1_60' title='bbox 1464 1073 1874 1139; x_wconf 86' lang='lat' dir='ltr'><strong>accusabantur,</strong></span> 
     </span>
    </p>
   </div>
   <div class='ocr_carea' id='block_1_11' title="bbox 288 1158 1878 1233">
    <p class='ocr_par' dir='ltr' id='par_1_11' title="bbox 288 1158 1878 1233">
     <span class='ocr_line' id='line_1_11' title="bbox 288 1158 1878 1233; baseline 0.006 -23"><span class='ocrx_word' id='word_1_61' title='bbox 288 1158 452 1213; x_wconf 83' lang='lat' dir='ltr'><strong>valde</strong></span> <span class='ocrx_word' id='word_1_62' title='bbox 479 1160 783 1227; x_wconf 88' lang='lat' dir='ltr'><strong>convictos;</strong></span> <span class='ocrx_word' id='word_1_63' title='bbox 820 1170 1298 1232; x_wconf 78' lang='lat' dir='ltr'><strong>przeceperuntque</strong></span> <span class='ocrx_word' id='word_1_64' title='bbox 1341 1170 1399 1218; x_wconf 91' lang='lat' dir='ltr'><strong>ut</strong></span> <span class='ocrx_word' id='word_1_65' title='bbox 1438 1165 1526 1233; x_wconf 88' lang='lat' dir='ltr'><strong>qui</strong></span> <span class='ocrx_word' id='word_1_66' title='bbox 1566 1164 1689 1218; x_wconf 89' lang='lat' dir='ltr'><strong>talia</strong></span> <span class='ocrx_word' id='word_1_67' title='bbox 1726 1179 1878 1219; x_wconf 90' lang='lat' dir='ltr'><strong>com-</strong></span> 
     </span>
    </p>
   </div>
   <div class='ocr_carea' id='block_1_12' title="bbox 289 1252 1881 1326">
    <p class='ocr_par' dir='ltr' id='par_1_12' title="bbox 289 1252 1881 1326">
     <span class='ocr_line' id='line_1_12' title="bbox 289 1252 1881 1326; baseline 0.004 -20"><span class='ocrx_word' id='word_1_68' title='bbox 289 1252 577 1321; x_wconf 88' lang='lat' dir='ltr'><strong>miserant,</strong></span> <span class='ocrx_word' id='word_1_69' title='bbox 602 1254 942 1324; x_wconf 84' lang='lat' dir='ltr'><strong>episcopatus</strong></span> <span class='ocrx_word' id='word_1_70' title='bbox 972 1254 1175 1311; x_wconf 86' lang='lat' dir='ltr'><strong>honore</strong></span> <span class='ocrx_word' id='word_1_71' title='bbox 1198 1256 1554 1326; x_wconf 86' lang='lat' dir='ltr'><strong>privarentur.</strong></span> <span class='ocrx_word' id='word_1_72' title='bbox 1575 1258 1641 1311; x_wconf 86' lang='lat' dir='ltr'><strong>At</strong></span> <span class='ocrx_word' id='word_1_73' title='bbox 1662 1256 1736 1311; x_wconf 91' lang='lat' dir='ltr'><strong>illi</strong></span> <span class='ocrx_word' id='word_1_74' title='bbox 1759 1271 1881 1313; x_wconf 87' lang='lat' dir='ltr'><strong>cum</strong></span> 
     </span>
    </p>
   </div>
   <div class='ocr_carea' id='block_1_13' title="bbox 290 1342 1881 1415">
    <p class='ocr_par' dir='ltr' id='par_1_13' title="bbox 290 1342 1881 1415">
     <span class='ocr_line' id='line_1_13' title="bbox 290 1342 1881 1415; baseline 0.005 -21"><span class='ocrx_word' id='word_1_75' title='bbox 290 1342 472 1397; x_wconf 87' lang='lat' dir='ltr'><strong>adhuc</strong></span> <span class='ocrx_word' id='word_1_76' title='bbox 514 1342 798 1413; x_wconf 89' lang='lat' dir='ltr'><strong>propitium</strong></span> <span class='ocrx_word' id='word_1_77' title='bbox 850 1344 953 1400; x_wconf 89' lang='lat' dir='ltr'><strong>sibi</strong></span> <span class='ocrx_word' id='word_1_78' title='bbox 1000 1360 1179 1415; x_wconf 84' lang='lat' dir='ltr'><strong>regem</strong></span> <span class='ocrx_word' id='word_1_79' title='bbox 1229 1361 1348 1401; x_wconf 89' lang='lat' dir='ltr'><strong>esse</strong></span> <span class='ocrx_word' id='word_1_80' title='bbox 1394 1354 1635 1415; x_wconf 89' lang='lat' dir='ltr'><strong>nossent,</strong></span> <span class='ocrx_word' id='word_1_81' title='bbox 1662 1346 1728 1401; x_wconf 90' lang='lat' dir='ltr'><strong>ad</strong></span> <span class='ocrx_word' id='word_1_82' title='bbox 1758 1362 1881 1402; x_wconf 90' lang='lat' dir='ltr'><strong>eum</strong></span> 
     </span>
    </p>
   </div>
   <div class='ocr_carea' id='block_1_14' title="bbox 293 1435 1883 1514">
    <p class='ocr_par' dir='ltr' id='par_1_14' title="bbox 293 1435 1883 1514">
     <span class='ocr_line' id='line_1_14' title="bbox 293 1435 1883 1514; baseline 0.009 -25"><span class='ocrx_word' id='word_1_83' title='bbox 293 1435 581 1507; x_wconf 87' lang='lat' dir='ltr'><strong>accedunt,</strong></span> <span class='ocrx_word' id='word_1_84' title='bbox 610 1437 962 1508; x_wconf 85' lang='lat' dir='ltr'><strong>implorantes</strong></span> <span class='ocrx_word' id='word_1_85' title='bbox 1002 1454 1060 1495; x_wconf 90' lang='lat' dir='ltr'><strong>se</strong></span> <span class='ocrx_word' id='word_1_86' title='bbox 1104 1440 1299 1511; x_wconf 87' lang='lat' dir='ltr'><strong>injuste</strong></span> <span class='ocrx_word' id='word_1_87' title='bbox 1340 1452 1575 1497; x_wconf 89' lang='lat' dir='ltr'><strong>remotos</strong></span> <span class='ocrx_word' id='word_1_88' title='bbox 1618 1459 1633 1500; x_wconf 90' lang='lat'><strong>:</strong></span> <span class='ocrx_word' id='word_1_89' title='bbox 1676 1443 1883 1514; x_wconf 82' lang='lat' dir='ltr'><strong>sibique</strong></span> 
     </span>
    </p>
   </div>
   <div class='ocr_carea' id='block_1_15' title="bbox 294 1527 1884 1604">
    <p class='ocr_par' dir='ltr' id='par_1_15' title="bbox 294 1527 1884 1604">
     <span class='ocr_line' id='line_1_15' title="bbox 294 1527 1884 1604; baseline 0.008 -24"><span class='ocrx_word' id='word_1_90' title='bbox 294 1527 465 1581; x_wconf 86' lang='lat' dir='ltr'><strong>tribui</strong></span> <span class='ocrx_word' id='word_1_91' title='bbox 494 1527 786 1597; x_wconf 87' lang='lat' dir='ltr'><strong>licentiam,</strong></span> <span class='ocrx_word' id='word_1_92' title='bbox 812 1538 871 1585; x_wconf 92' lang='lat' dir='ltr'><strong>ut</strong></span> <span class='ocrx_word' id='word_1_93' title='bbox 898 1530 965 1585; x_wconf 90' lang='lat' dir='ltr'><strong>ad</strong></span> <span class='ocrx_word' id='word_1_94' title='bbox 997 1547 1188 1604; x_wconf 88' lang='lat' dir='ltr'><strong>papam</strong></span> <span class='ocrx_word' id='word_1_95' title='bbox 1234 1533 1382 1589; x_wconf 88' lang='lat' dir='ltr'><strong>urbis</strong></span> <span class='ocrx_word' id='word_1_96' title='bbox 1427 1535 1682 1590; x_wconf 71' lang='lat' dir='ltr'><strong>Romanae</strong></span> <span class='ocrx_word' id='word_1_97' title='bbox 1729 1550 1884 1593; x_wconf 85' lang='lat' dir='ltr'><strong>acce-</strong></span> 
     </span>
    </p>
   </div>
   <div class='ocr_carea' id='block_1_16' title="bbox 292 1619 1881 1695">
    <p class='ocr_par' dir='ltr' id='par_1_16' title="bbox 292 1619 1881 1695">
     <span class='ocr_line' id='line_1_16' title="bbox 292 1619 1881 1695; baseline 0.005 -21"><span class='ocrx_word' id='word_1_98' title='bbox 292 1620 431 1675; x_wconf 88' lang='lat' dir='ltr'><strong>dere</strong></span> <span class='ocrx_word' id='word_1_99' title='bbox 456 1619 704 1676; x_wconf 88' lang='lat' dir='ltr'><strong>debeant.</strong></span> <span class='ocrx_word' id='word_1_100' title='bbox 732 1623 843 1677; x_wconf 80' lang='lat' dir='ltr'><strong>Rex</strong></span> <span class='ocrx_word' id='word_1_101' title='bbox 870 1638 998 1679; x_wconf 91' lang='lat' dir='ltr'><strong>vero</strong></span> <span class='ocrx_word' id='word_1_102' title='bbox 1027 1639 1268 1680; x_wconf 86' lang='lat' dir='ltr'><strong>annuens</strong></span> <span class='ocrx_word' id='word_1_103' title='bbox 1296 1626 1643 1695; x_wconf 84' lang='lat' dir='ltr'><strong>petitionibus</strong></span> <span class='ocrx_word' id='word_1_104' title='bbox 1674 1642 1881 1695; x_wconf 91' lang='lat' dir='ltr'><strong>eorum,</strong></span> 
     </span>
    </p>
   </div>
   <div class='ocr_carea' id='block_1_17' title="bbox 294 1710 1885 1786">
    <p class='ocr_par' dir='ltr' id='par_1_17' title="bbox 294 1710 1885 1786">
     <span class='ocr_line' id='line_1_17' title="bbox 294 1710 1885 1786; baseline 0.007 -22"><span class='ocrx_word' id='word_1_105' title='bbox 294 1710 442 1766; x_wconf 84' lang='lat' dir='ltr'><strong>datis</strong></span> <span class='ocrx_word' id='word_1_106' title='bbox 472 1713 712 1782; x_wconf 86' lang='lat' dir='ltr'><strong>epistolis</strong></span> <span class='ocrx_word' id='word_1_107' title='bbox 740 1728 833 1770; x_wconf 88' lang='lat' dir='ltr'><strong>eos</strong></span> <span class='ocrx_word' id='word_1_108' title='bbox 861 1714 1008 1771; x_wconf 90' lang='lat' dir='ltr'><strong>abire</strong></span> <span class='ocrx_word' id='word_1_109' title='bbox 1034 1718 1297 1786; x_wconf 81' lang='lat' dir='ltr'><strong>permisit.</strong></span> <span class='ocrx_word' id='word_1_110' title='bbox 1322 1718 1420 1785; x_wconf 85' lang='lat' dir='ltr'><strong>Qui</strong></span> <span class='ocrx_word' id='word_1_111' title='bbox 1450 1719 1766 1775; x_wconf 87' lang='lat' dir='ltr'><strong>accedentes</strong></span> <span class='ocrx_word' id='word_1_112' title='bbox 1794 1735 1885 1775; x_wconf 90' lang='lat' dir='ltr'><strong>co-</strong></span> 
     </span>
    </p>
   </div>
   <div class='ocr_carea' id='block_1_18' title="bbox 295 1805 1886 1877">
    <p class='ocr_par' dir='ltr' id='par_1_18' title="bbox 295 1805 1886 1877">
     <span class='ocr_line' id='line_1_18' title="bbox 295 1805 1886 1877; baseline 0.006 -21"><span class='ocrx_word' id='word_1_113' title='bbox 295 1816 418 1857; x_wconf 85' lang='lat' dir='ltr'><strong>ram</strong></span> <span class='ocrx_word' id='word_1_114' title='bbox 446 1818 578 1873; x_wconf 89' lang='lat' dir='ltr'><strong>papa</strong></span> <span class='ocrx_word' id='word_1_115' title='bbox 604 1805 809 1861; x_wconf 86' lang='lat' dir='ltr'><strong>Joanne</strong></span> <span class='ocrx_word' id='word_1_116' title='bbox 835 1816 883 1873; x_wconf 74' lang='lat' dir='ltr'><strong>c,</strong></span> <span class='ocrx_word' id='word_1_117' title='bbox 908 1818 1183 1877; x_wconf 87' lang='lat' dir='ltr'><strong>exponunt</strong></span> <span class='ocrx_word' id='word_1_118' title='bbox 1210 1824 1269 1863; x_wconf 90' lang='lat' dir='ltr'><strong>se</strong></span> <span class='ocrx_word' id='word_1_119' title='bbox 1298 1810 1496 1865; x_wconf 86' lang='lat' dir='ltr'><strong>nullius</strong></span> <span class='ocrx_word' id='word_1_120' title='bbox 1527 1811 1749 1865; x_wconf 84' lang='lat' dir='ltr'><strong>rationis</strong></span> <span class='ocrx_word' id='word_1_121' title='bbox 1773 1812 1886 1866; x_wconf 82' lang='lat' dir='ltr'><strong>exi-</strong></span> 
     </span>
    </p>
   </div>
   <div class='ocr_carea' id='block_1_19' title="bbox 1981 604 3557 679">
    <p class='ocr_par' dir='ltr' id='par_1_19' title="bbox 1981 604 3557 679">
     <span class='ocr_line' id='line_1_19' title="bbox 1981 604 3557 679; baseline -0.003 -14"><span class='ocrx_word' id='word_1_122' title='bbox 1981 610 2121 679; x_wconf 90' lang='lat' dir='ltr'><strong>regis</strong></span> <span class='ocrx_word' id='word_1_123' title='bbox 2153 610 2455 664; x_wconf 85' lang='lat' dir='ltr'><strong>vocitantur</strong></span> <span class='ocrx_word' id='word_1_124' title='bbox 2484 608 2667 675; x_wconf 89' lang='lat' dir='ltr'><strong>liberi,</strong></span> <span class='ocrx_word' id='word_1_125' title='bbox 2701 607 2789 678; x_wconf 89' lang='lat' dir='ltr'><strong>qui</strong></span> <span class='ocrx_word' id='word_1_126' title='bbox 2832 607 2899 663; x_wconf 89' lang='lat' dir='ltr'><strong>de</strong></span> <span class='ocrx_word' id='word_1_127' title='bbox 2939 607 3157 677; x_wconf 79' lang='lat' dir='ltr'><strong>regibus</strong></span> <span class='ocrx_word' id='word_1_128' title='bbox 3197 604 3393 661; x_wconf 79' lang='lat' dir='ltr'><strong>fuerint</strong></span> <span class='ocrx_word' id='word_1_129' title='bbox 3433 622 3557 677; x_wconf 83' lang='lat' dir='ltr'><strong>pro-</strong></span> 
     </span>
    </p>
   </div>
   <div class='ocr_carea' id='block_1_20' title="bbox 1982 698 3556 768">
    <p class='ocr_par' dir='ltr' id='par_1_20' title="bbox 1982 698 3556 768">
     <span class='ocr_line' id='line_1_20' title="bbox 1982 698 3556 768; baseline -0.001 -12"><span class='ocrx_word' id='word_1_130' title='bbox 1982 701 2177 756; x_wconf 86' lang='lat' dir='ltr'><strong>creati.</strong></span> <span class='ocrx_word' id='word_1_131' title='bbox 2214 699 2304 754; x_wconf 84' lang='lat' dir='ltr'><strong>llis</strong></span> <span class='ocrx_word' id='word_1_132' title='bbox 2346 701 2540 756; x_wconf 89' lang='lat' dir='ltr'><strong>auditis</strong></span> <span class='ocrx_word' id='word_1_133' title='bbox 2573 716 2665 755; x_wconf 83' lang='lat' dir='ltr'><strong>rex</strong></span> <span class='ocrx_word' id='word_1_134' title='bbox 2698 706 2996 755; x_wconf 89' lang='lat' dir='ltr'><strong>commotus</strong></span> <span class='ocrx_word' id='word_1_135' title='bbox 3023 698 3209 767; x_wconf 85' lang='lat' dir='ltr'><strong>valde,</strong></span> <span class='ocrx_word' id='word_1_136' title='bbox 3240 705 3348 752; x_wconf 90' lang='lat' dir='ltr'><strong>tam</strong></span> <span class='ocrx_word' id='word_1_137' title='bbox 3390 712 3556 768; x_wconf 86' lang='lat' dir='ltr'><strong>equos</strong></span> 
     </span>
    </p>
   </div>
   <div class='ocr_carea' id='block_1_21' title="bbox 1981 791 3559 865">
    <p class='ocr_par' dir='ltr' id='par_1_21' title="bbox 1981 791 3559 865">
     <span class='ocr_line' id='line_1_21' title="bbox 1981 791 3559 865; baseline -0.002 -16"><span class='ocrx_word' id='word_1_138' title='bbox 1981 809 2141 865; x_wconf 90' lang='lat' dir='ltr'><strong>quam</strong></span> <span class='ocrx_word' id='word_1_139' title='bbox 2171 807 2394 864; x_wconf 91' lang='lat' dir='ltr'><strong>pueros,</strong></span> <span class='ocrx_word' id='word_1_140' title='bbox 2424 794 2508 850; x_wconf 90' lang='lat' dir='ltr'><strong>vel</strong></span> <span class='ocrx_word' id='word_1_141' title='bbox 2534 807 2862 865; x_wconf 85' lang='lat' dir='ltr'><strong>quaecunque</strong></span> <span class='ocrx_word' id='word_1_142' title='bbox 2887 792 3084 849; x_wconf 90' lang='lat' dir='ltr'><strong>habere</strong></span> <span class='ocrx_word' id='word_1_143' title='bbox 3111 798 3416 864; x_wconf 88' lang='lat' dir='ltr'><strong>potuerant,</strong></span> <span class='ocrx_word' id='word_1_144' title='bbox 3434 791 3559 846; x_wconf 89' lang='lat' dir='ltr'><strong>abs-</strong></span> 
     </span>
    </p>
   </div>
   <div class='ocr_carea' id='block_1_22' title="bbox 1984 884 3558 959">
    <p class='ocr_par' dir='ltr' id='par_1_22' title="bbox 1984 884 3558 959">
     <span class='ocr_line' id='line_1_22' title="bbox 1984 884 3558 959; baseline -0.003 -17"><span class='ocrx_word' id='word_1_145' title='bbox 1984 888 2136 953; x_wconf 87' lang='lat' dir='ltr'><strong>tulit;</strong></span> <span class='ocrx_word' id='word_1_146' title='bbox 2171 887 2517 958; x_wconf 90' lang='lat' dir='ltr'><strong>ipsosque.in</strong></span> <span class='ocrx_word' id='word_1_147' title='bbox 2548 887 2910 944; x_wconf 81' lang='lat' dir='ltr'><strong>&#39;monasteriis</strong></span> <span class='ocrx_word' id='word_1_148' title='bbox 2938 902 2965 942; x_wconf 88' lang='lat' dir='ltr'><strong>a</strong></span> <span class='ocrx_word' id='word_1_149' title='bbox 2996 902 3054 943; x_wconf 89' lang='lat' dir='ltr'><strong>se</strong></span> <span class='ocrx_word' id='word_1_150' title='bbox 3082 886 3307 959; x_wconf 89' lang='lat' dir='ltr'><strong>longiori</strong></span> <span class='ocrx_word' id='word_1_151' title='bbox 3337 884 3558 941; x_wconf 87' lang='lat' dir='ltr'><strong>accessu</strong></span> 
     </span>
    </p>
   </div>
   <div class='ocr_carea' id='block_1_23' title="bbox 1984 979 3561 1051">
    <p class='ocr_par' dir='ltr' id='par_1_23' title="bbox 1984 979 3561 1051">
     <span class='ocr_line' id='line_1_23' title="bbox 1984 979 3561 1051; baseline -0.001 -15"><span class='ocrx_word' id='word_1_152' title='bbox 1984 981 2218 1046; x_wconf 90' lang='lat' dir='ltr'><strong>dimotis,</strong></span> <span class='ocrx_word' id='word_1_153' title='bbox 2243 980 2293 1034; x_wconf 89' lang='lat' dir='ltr'><strong>in</strong></span> <span class='ocrx_word' id='word_1_154' title='bbox 2323 979 2513 1051; x_wconf 90' lang='lat' dir='ltr'><strong>quibus</strong></span> <span class='ocrx_word' id='word_1_155' title='bbox 2544 980 2907 1049; x_wconf 69' lang='lat' dir='ltr'><strong>pmnitentiam</strong></span> <span class='ocrx_word' id='word_1_156' title='bbox 2936 990 3174 1051; x_wconf 82' lang='lat' dir='ltr'><strong>agerent,</strong></span> <span class='ocrx_word' id='word_1_157' title='bbox 3198 980 3395 1036; x_wconf 89' lang='lat' dir='ltr'><strong>includi</strong></span> <span class='ocrx_word' id='word_1_158' title='bbox 3423 997 3561 1051; x_wconf 70' lang='lat' dir='ltr'><strong>pra:-</strong></span> 
     </span>
    </p>
   </div>
   <div class='ocr_carea' id='block_1_24' title="bbox 1984 1071 3562 1143">
    <p class='ocr_par' dir='ltr' id='par_1_24' title="bbox 1984 1071 3562 1143">
     <span class='ocr_line' id='line_1_24' title="bbox 1984 1071 3562 1143; baseline -0.001 -15"><span class='ocrx_word' id='word_1_159' title='bbox 1984 1073 2153 1142; x_wconf 90' lang='lat' dir='ltr'><strong>cepit,</strong></span> <span class='ocrx_word' id='word_1_160' title='bbox 2186 1086 2290 1127; x_wconf 92' lang='lat' dir='ltr'><strong>non</strong></span> <span class='ocrx_word' id='word_1_161' title='bbox 2325 1071 2553 1143; x_wconf 90' lang='lat' dir='ltr'><strong>amplius</strong></span> <span class='ocrx_word' id='word_1_162' title='bbox 2581 1085 2737 1141; x_wconf 87' lang='lat' dir='ltr'><strong>quam</strong></span> <span class='ocrx_word' id='word_1_163' title='bbox 2770 1072 3006 1142; x_wconf 88' lang='lat' dir='ltr'><strong>singulos</strong></span> <span class='ocrx_word' id='word_1_164' title='bbox 3042 1073 3122 1128; x_wconf 90' lang='lat' dir='ltr'><strong>eis</strong></span> <span class='ocrx_word' id='word_1_165' title='bbox 3149 1073 3373 1129; x_wconf 89' lang='lat' dir='ltr'><strong>clericos</strong></span> <span class='ocrx_word' id='word_1_166' title='bbox 3400 1073 3562 1127; x_wconf 87' lang='lat' dir='ltr'><strong>relin-</strong></span> 
     </span>
    </p>
   </div>
   <div class='ocr_carea' id='block_1_25' title="bbox 1986 1162 3564 1238">
    <p class='ocr_par' dir='ltr' id='par_1_25' title="bbox 1986 1162 3564 1238">
     <span class='ocr_line' id='line_1_25' title="bbox 1986 1162 3564 1238; baseline -0.003 -17"><span class='ocrx_word' id='word_1_167' title='bbox 1986 1180 2155 1238; x_wconf 91' lang='lat' dir='ltr'><strong>quens</strong></span> <span class='ocrx_word' id='word_1_168' title='bbox 2200 1182 2214 1219; x_wconf 91' lang='lat'><strong>:</strong></span> <span class='ocrx_word' id='word_1_169' title='bbox 2257 1164 2468 1235; x_wconf 87' lang='lat' dir='ltr'><strong>judices</strong></span> <span class='ocrx_word' id='word_1_170' title='bbox 2498 1165 2734 1219; x_wconf 89' lang='lat' dir='ltr'><strong>locorum</strong></span> <span class='ocrx_word' id='word_1_171' title='bbox 2764 1162 3072 1219; x_wconf 85' lang='lat' dir='ltr'><strong>terribiliter</strong></span> <span class='ocrx_word' id='word_1_172' title='bbox 3100 1177 3478 1231; x_wconf 90' lang='lat' dir='ltr'><strong>commonens,</strong></span> <span class='ocrx_word' id='word_1_173' title='bbox 3504 1171 3564 1217; x_wconf 88' lang='lat' dir='ltr'><strong>ut</strong></span> 
     </span>
    </p>
   </div>
   <div class='ocr_carea' id='block_1_26' title="bbox 1988 1253 3564 1327">
    <p class='ocr_par' dir='ltr' id='par_1_26' title="bbox 1988 1253 3564 1327">
     <span class='ocr_line' id='line_1_26' title="bbox 1988 1253 3564 1327; baseline -0.001 -15"><span class='ocrx_word' id='word_1_174' title='bbox 1988 1257 2136 1327; x_wconf 90' lang='lat' dir='ltr'><strong>ipsos</strong></span> <span class='ocrx_word' id='word_1_175' title='bbox 2165 1270 2285 1312; x_wconf 90' lang='lat' dir='ltr'><strong>cum</strong></span> <span class='ocrx_word' id='word_1_176' title='bbox 2317 1254 2534 1310; x_wconf 90' lang='lat' dir='ltr'><strong>armatis</strong></span> <span class='ocrx_word' id='word_1_177' title='bbox 2563 1253 2833 1311; x_wconf 87' lang='lat' dir='ltr'><strong>custodire</strong></span> <span class='ocrx_word' id='word_1_178' title='bbox 2859 1253 3122 1325; x_wconf 86' lang='lat' dir='ltr'><strong>debeant,</strong></span> <span class='ocrx_word' id='word_1_179' title='bbox 3162 1254 3228 1310; x_wconf 80' lang='lat' dir='ltr'><strong>ne</strong></span> <span class='ocrx_word' id='word_1_180' title='bbox 3256 1254 3343 1311; x_wconf 90' lang='lat' dir='ltr'><strong>cui</strong></span> <span class='ocrx_word' id='word_1_181' title='bbox 3373 1254 3438 1309; x_wconf 90' lang='lat' dir='ltr'><strong>ad</strong></span> <span class='ocrx_word' id='word_1_182' title='bbox 3469 1268 3564 1310; x_wconf 88' lang='lat' dir='ltr'><strong>eos</strong></span> 
     </span>
    </p>
   </div>
   <div class='ocr_carea' id='block_1_27' title="bbox 1988 1345 3567 1417">
    <p class='ocr_par' dir='ltr' id='par_1_27' title="bbox 1988 1345 3567 1417">
     <span class='ocr_line' id='line_1_27' title="bbox 1988 1345 3567 1417; baseline -0.002 -12"><span class='ocrx_word' id='word_1_183' title='bbox 1988 1348 2286 1405; x_wconf 86' lang='lat' dir='ltr'><strong>visitandos</strong></span> <span class='ocrx_word' id='word_1_184' title='bbox 2315 1348 2453 1402; x_wconf 91' lang='lat' dir='ltr'><strong>ullus</strong></span> <span class='ocrx_word' id='word_1_185' title='bbox 2482 1354 2662 1417; x_wconf 87' lang='lat' dir='ltr'><strong>pateat</strong></span> <span class='ocrx_word' id='word_1_186' title='bbox 2686 1346 2881 1402; x_wconf 91' lang='lat' dir='ltr'><strong>aditus.</strong></span> <span class='ocrx_word' id='word_1_187' title='bbox 2904 1345 3229 1417; x_wconf 88' lang='lat' dir='ltr'><strong>Superstites</strong></span> <span class='ocrx_word' id='word_1_188' title='bbox 3250 1348 3391 1403; x_wconf 91' lang='lat' dir='ltr'><strong>enim</strong></span> <span class='ocrx_word' id='word_1_189' title='bbox 3411 1354 3567 1402; x_wconf 88' lang='lat' dir='ltr'><strong>erant</strong></span> 
     </span>
    </p>
   </div>
   <div class='ocr_carea' id='block_1_28' title="bbox 1990 1439 3567 1511">
    <p class='ocr_par' dir='ltr' id='par_1_28' title="bbox 1990 1439 3567 1511">
     <span class='ocr_line' id='line_1_28' title="bbox 1990 1439 3567 1511; baseline -0.001 -14"><span class='ocrx_word' id='word_1_190' title='bbox 1990 1442 2075 1498; x_wconf 89' lang='lat' dir='ltr'><strong>his</strong></span> <span class='ocrx_word' id='word_1_191' title='bbox 2103 1442 2292 1498; x_wconf 86' lang='lat' dir='ltr'><strong>diebus</strong></span> <span class='ocrx_word' id='word_1_192' title='bbox 2321 1440 2415 1496; x_wconf 83' lang='lat' dir='ltr'><strong>lilii</strong></span> <span class='ocrx_word' id='word_1_193' title='bbox 2443 1440 2615 1511; x_wconf 86' lang='lat' dir='ltr'><strong>regis,</strong></span> <span class='ocrx_word' id='word_1_194' title='bbox 2639 1455 2705 1496; x_wconf 82' lang='lat' dir='ltr'><strong>ex</strong></span> <span class='ocrx_word' id='word_1_195' title='bbox 2736 1439 2928 1511; x_wconf 88' lang='lat' dir='ltr'><strong>quibus</strong></span> <span class='ocrx_word' id='word_1_196' title='bbox 2958 1440 3137 1494; x_wconf 87' lang='lat' dir='ltr'><strong>senior</strong></span> <span class='ocrx_word' id='word_1_197' title='bbox 3168 1450 3426 1510; x_wconf 78' lang='lat' dir='ltr'><strong>aegrotare</strong></span> <span class='ocrx_word' id='word_1_198' title='bbox 3455 1456 3567 1496; x_wconf 68' lang='lat' dir='ltr'><strong>cas-</strong></span> 
     </span>
    </p>
   </div>
   <div class='ocr_carea' id='block_1_29' title="bbox 1993 1528 3567 1602">
    <p class='ocr_par' dir='ltr' id='par_1_29' title="bbox 1993 1528 3567 1602">
     <span class='ocr_line' id='line_1_29' title="bbox 1993 1528 3567 1602; baseline 0 -17"><span class='ocrx_word' id='word_1_199' title='bbox 1993 1530 2092 1602; x_wconf 88' lang='lat' dir='ltr'><strong>pit.</strong></span> <span class='ocrx_word' id='word_1_200' title='bbox 2110 1532 2440 1587; x_wconf 81' lang='lat' dir='ltr'><strong>Accedentes</strong></span> <span class='ocrx_word' id='word_1_201' title='bbox 2462 1538 2639 1585; x_wconf 88' lang='lat' dir='ltr'><strong>autem</strong></span> <span class='ocrx_word' id='word_1_202' title='bbox 2664 1528 2730 1584; x_wconf 88' lang='lat' dir='ltr'><strong>ad</strong></span> <span class='ocrx_word' id='word_1_203' title='bbox 2756 1545 2939 1601; x_wconf 89' lang='lat' dir='ltr'><strong>regem</strong></span> <span class='ocrx_word' id='word_1_204' title='bbox 2962 1528 3248 1582; x_wconf 81' lang='lat' dir='ltr'><strong>familiares</strong></span> <span class='ocrx_word' id='word_1_205' title='bbox 3270 1528 3406 1599; x_wconf 88' lang='lat' dir='ltr'><strong>ejus,</strong></span> <span class='ocrx_word' id='word_1_206' title='bbox 3426 1529 3567 1585; x_wconf 67' lang='lat' dir='ltr'><strong>dixe</strong></span> 
     </span>
    </p>
   </div>
   <div class='ocr_carea' id='block_1_30' title="bbox 1990 1618 3566 1693">
    <p class='ocr_par' dir='ltr' id='par_1_30' title="bbox 1990 1618 3566 1693">
     <span class='ocr_line' id='line_1_30' title="bbox 1990 1618 3566 1693; baseline -0.004 -15"><span class='ocrx_word' id='word_1_207' title='bbox 1990 1631 2119 1679; x_wconf 91' lang='lat' dir='ltr'><strong>runt</strong></span> <span class='ocrx_word' id='word_1_208' title='bbox 2145 1640 2159 1678; x_wconf 90' lang='lat'><strong>:</strong></span> <span class='ocrx_word' id='word_1_209' title='bbox 2194 1624 2247 1675; x_wconf 94' lang='lat' dir='ltr'><strong>Si</strong></span> <span class='ocrx_word' id='word_1_210' title='bbox 2280 1622 2541 1693; x_wconf 90' lang='lat' dir='ltr'><strong>propitius</strong></span> <span class='ocrx_word' id='word_1_211' title='bbox 2571 1620 2756 1676; x_wconf 91' lang='lat' dir='ltr'><strong>audire</strong></span> <span class='ocrx_word' id='word_1_212' title='bbox 2782 1620 3091 1689; x_wconf 85' lang='lat' dir='ltr'><strong>dignaretur</strong></span> <span class='ocrx_word' id='word_1_213' title='bbox 3118 1632 3211 1673; x_wconf 87' lang='lat' dir='ltr'><strong>rex</strong></span> <span class='ocrx_word' id='word_1_214' title='bbox 3242 1618 3403 1673; x_wconf 90' lang='lat' dir='ltr'><strong>verba</strong></span> <span class='ocrx_word' id='word_1_215' title='bbox 3448 1634 3566 1673; x_wconf 90' lang='lat' dir='ltr'><strong>ser-</strong></span> 
     </span>
    </p>
   </div>
   <div class='ocr_carea' id='block_1_31' title="bbox 1992 1709 3568 1783">
    <p class='ocr_par' dir='ltr' id='par_1_31' title="bbox 1992 1709 3568 1783">
     <span class='ocr_line' id='line_1_31' title="bbox 1992 1709 3568 1783; baseline -0.001 -14"><span class='ocrx_word' id='word_1_216' title='bbox 1992 1728 2183 1769; x_wconf 89' lang='lat' dir='ltr'><strong>vorum</strong></span> <span class='ocrx_word' id='word_1_217' title='bbox 2215 1728 2455 1779; x_wconf 89' lang='lat' dir='ltr'><strong>suorum,</strong></span> <span class='ocrx_word' id='word_1_218' title='bbox 2482 1713 2828 1783; x_wconf 86' lang='lat' dir='ltr'><strong>loquerentur</strong></span> <span class='ocrx_word' id='word_1_219' title='bbox 2856 1711 2909 1765; x_wconf 90' lang='lat' dir='ltr'><strong>in</strong></span> <span class='ocrx_word' id='word_1_220' title='bbox 2937 1711 3154 1765; x_wconf 88' lang='lat' dir='ltr'><strong>auribus</strong></span> <span class='ocrx_word' id='word_1_221' title='bbox 3180 1710 3307 1768; x_wconf 88' lang='lat' dir='ltr'><strong>tuis.</strong></span> <span class='ocrx_word' id='word_1_222' title='bbox 3329 1709 3429 1777; x_wconf 86' lang='lat' dir='ltr'><strong>Qui</strong></span> <span class='ocrx_word' id='word_1_223' title='bbox 3452 1710 3568 1767; x_wconf 87' lang='lat' dir='ltr'><strong>ait:</strong></span> 
     </span>
    </p>
   </div>
   <div class='ocr_carea' id='block_1_32' title="bbox 1992 1801 3573 1877">
    <p class='ocr_par' dir='ltr' id='par_1_32' title="bbox 1992 1801 3573 1877">
     <span class='ocr_line' id='line_1_32' title="bbox 1992 1801 3573 1877; baseline -0.003 -16"><span class='ocrx_word' id='word_1_224' title='bbox 1992 1805 2292 1877; x_wconf 88' lang='lat' dir='ltr'><strong>Loquimini</strong></span> <span class='ocrx_word' id='word_1_225' title='bbox 2316 1820 2433 1875; x_wconf 88' lang='lat' dir='ltr'><strong>quae</strong></span> <span class='ocrx_word' id='word_1_226' title='bbox 2454 1805 2603 1861; x_wconf 90' lang='lat' dir='ltr'><strong>libet.</strong></span> <span class='ocrx_word' id='word_1_227' title='bbox 2629 1804 3028 1873; x_wconf 76' lang='lat' dir='ltr'><strong>Dixeruntque:</strong></span> <span class='ocrx_word' id='word_1_228' title='bbox 3056 1802 3134 1858; x_wconf 88' lang='lat' dir='ltr'><strong>Ne</strong></span> <span class='ocrx_word' id='word_1_229' title='bbox 3162 1801 3298 1856; x_wconf 85' lang='lat' dir='ltr'><strong>forte</strong></span> <span class='ocrx_word' id='word_1_230' title='bbox 3319 1802 3573 1857; x_wconf 86' lang='lat' dir='ltr'><strong>innocen-</strong></span> 
     </span>
    </p>
   </div>
   <div class='ocr_carea' id='block_1_33' title="bbox 301 1893 3574 1971">
    <p class='ocr_par' dir='ltr' id='par_1_33' title="bbox 301 1893 3574 1971">
     <span class='ocr_line' id='line_1_33' title="bbox 301 1893 3574 1971; baseline 0.001 -24"><span class='ocrx_word' id='word_1_231' title='bbox 301 1893 570 1950; x_wconf 77' lang='lat' dir='ltr'><strong>stantibus</strong></span> <span class='ocrx_word' id='word_1_232' title='bbox 600 1897 775 1952; x_wconf 83' lang='lat' dir='ltr'><strong>causis</strong></span> <span class='ocrx_word' id='word_1_233' title='bbox 806 1897 1035 1953; x_wconf 91' lang='lat' dir='ltr'><strong>dimotos</strong></span> <span class='ocrx_word' id='word_1_234' title='bbox 1056 1900 1105 1956; x_wconf 72' lang='grc' dir='ltr'><strong>ά.</strong></span> <span class='ocrx_word' id='word_1_235' title='bbox 1136 1900 1225 1954; x_wconf 91' lang='lat' dir='ltr'><strong>Ille</strong></span> <span class='ocrx_word' id='word_1_236' title='bbox 1253 1915 1381 1955; x_wconf 90' lang='lat' dir='ltr'><strong>vero</strong></span> <span class='ocrx_word' id='word_1_237' title='bbox 1407 1899 1661 1971; x_wconf 88' lang='lat' dir='ltr'><strong>epistolas</strong></span> <span class='ocrx_word' id='word_1_238' title='bbox 1694 1902 1758 1954; x_wconf 88' lang='lat' dir='ltr'><strong>ad</strong></span> <span class='ocrx_word' id='word_1_239' title='bbox 1790 1916 1880 1956; x_wconf 87' lang='lat' dir='ltr'><strong>re-</strong></span> <span class='ocrx_word' id='word_1_240' title='bbox 1912 1908 1961 1968; x_wconf 80' lang='grc' dir='ltr'><strong>Β</strong></span> <span class='ocrx_word' id='word_1_241' title='bbox 1994 1909 2073 1955; x_wconf 92' lang='lat' dir='ltr'><strong>tes</strong></span> <span class='ocrx_word' id='word_1_242' title='bbox 2105 1899 2158 1954; x_wconf 90' lang='lat' dir='ltr'><strong>hi</strong></span> <span class='ocrx_word' id='word_1_243' title='bbox 2187 1899 2422 1969; x_wconf 88' lang='lat' dir='ltr'><strong>episcopi</strong></span> <span class='ocrx_word' id='word_1_244' title='bbox 2449 1897 2637 1954; x_wconf 82' lang='lat' dir='ltr'><strong>exsilio</strong></span> <span class='ocrx_word' id='word_1_245' title='bbox 2666 1896 3003 1952; x_wconf 88' lang='lat' dir='ltr'><strong>condemnati</strong></span> <span class='ocrx_word' id='word_1_246' title='bbox 3033 1896 3276 1962; x_wconf 89' lang='lat' dir='ltr'><strong>fuissent,</strong></span> <span class='ocrx_word' id='word_1_247' title='bbox 3302 1902 3357 1951; x_wconf 90' lang='lat' dir='ltr'><strong>et</strong></span> <span class='ocrx_word' id='word_1_248' title='bbox 3384 1911 3574 1966; x_wconf 88' lang='lat' dir='ltr'><strong>pecea-</strong></span> 
     </span>
    </p>
   </div>
   <div class='ocr_carea' id='block_1_34' title="bbox 297 1987 1885 2063">
    <p class='ocr_par' dir='ltr' id='par_1_34' title="bbox 297 1987 1885 2063">
     <span class='ocr_line' id='line_1_34' title="bbox 297 1987 1885 2063; baseline 0.004 -22"><span class='ocrx_word' id='word_1_249' title='bbox 297 2000 421 2059; x_wconf 84' lang='lat' dir='ltr'><strong>gem</strong></span> <span class='ocrx_word' id='word_1_250' title='bbox 446 1987 647 2059; x_wconf 84' lang='lat' dir='ltr'><strong>dirigit,</strong></span> <span class='ocrx_word' id='word_1_251' title='bbox 667 1990 719 2044; x_wconf 89' lang='lat' dir='ltr'><strong>in</strong></span> <span class='ocrx_word' id='word_1_252' title='bbox 742 1990 935 2060; x_wconf 88' lang='lat' dir='ltr'><strong>quibus</strong></span> <span class='ocrx_word' id='word_1_253' title='bbox 957 1991 1088 2048; x_wconf 89' lang='lat' dir='ltr'><strong>locis</strong></span> <span class='ocrx_word' id='word_1_254' title='bbox 1109 1993 1221 2047; x_wconf 89' lang='lat' dir='ltr'><strong>suis</strong></span> <span class='ocrx_word' id='word_1_255' title='bbox 1244 1994 1458 2047; x_wconf 88' lang='lat' dir='ltr'><strong>eosdem</strong></span> <span class='ocrx_word' id='word_1_256' title='bbox 1484 1992 1689 2048; x_wconf 89' lang='lat' dir='ltr'><strong>restitui</strong></span> <span class='ocrx_word' id='word_1_257' title='bbox 1706 1993 1885 2063; x_wconf 87' lang='lat' dir='ltr'><strong>jubet.</strong></span> 
     </span>
    </p>
   </div>
   <div class='ocr_carea' id='block_1_35' title="bbox 299 2081 1890 2157">
    <p class='ocr_par' dir='ltr' id='par_1_35' title="bbox 299 2081 1890 2157">
     <span class='ocr_line' id='line_1_35' title="bbox 299 2081 1890 2157; baseline 0.003 -23"><span class='ocrx_word' id='word_1_258' title='bbox 299 2081 459 2147; x_wconf 79' lang='lat' dir='ltr'><strong>Quod</strong></span> <span class='ocrx_word' id='word_1_259' title='bbox 488 2098 578 2138; x_wconf 83' lang='lat' dir='ltr'><strong>rex</strong></span> <span class='ocrx_word' id='word_1_260' title='bbox 610 2082 729 2139; x_wconf 89' lang='lat' dir='ltr'><strong>sine</strong></span> <span class='ocrx_word' id='word_1_261' title='bbox 755 2099 927 2149; x_wconf 90' lang='lat' dir='ltr'><strong>mora,</strong></span> <span class='ocrx_word' id='word_1_262' title='bbox 948 2086 1222 2157; x_wconf 86' lang='lat' dir='ltr'><strong>castigatis</strong></span> <span class='ocrx_word' id='word_1_263' title='bbox 1255 2086 1401 2155; x_wconf 90' lang='lat' dir='ltr'><strong>prius</strong></span> <span class='ocrx_word' id='word_1_264' title='bbox 1432 2086 1534 2140; x_wconf 88' lang='lat' dir='ltr'><strong>illis</strong></span> <span class='ocrx_word' id='word_1_265' title='bbox 1556 2087 1731 2142; x_wconf 87' lang='lat' dir='ltr'><strong>verbis</strong></span> <span class='ocrx_word' id='word_1_266' title='bbox 1754 2086 1890 2140; x_wconf 86' lang='lat' dir='ltr'><strong>mul-</strong></span> 
     </span>
    </p>
   </div>
   <div class='ocr_carea' id='block_1_36' title="bbox 300 2173 1890 2247">
    <p class='ocr_par' dir='ltr' id='par_1_36' title="bbox 300 2173 1890 2247">
     <span class='ocr_line' id='line_1_36' title="bbox 300 2173 1890 2247; baseline 0.004 -21"><span class='ocrx_word' id='word_1_267' title='bbox 300 2173 396 2237; x_wconf 88' lang='lat' dir='ltr'><strong>tis,</strong></span> <span class='ocrx_word' id='word_1_268' title='bbox 421 2174 680 2244; x_wconf 84' lang='lat' dir='ltr'><strong>implevit.</strong></span> <span class='ocrx_word' id='word_1_269' title='bbox 705 2176 811 2232; x_wconf 90' lang='lat' dir='ltr'><strong>Sed</strong></span> <span class='ocrx_word' id='word_1_270' title='bbox 841 2178 1006 2244; x_wconf 90' lang='lat' dir='ltr'><strong>nulla,</strong></span> <span class='ocrx_word' id='word_1_271' title='bbox 1030 2178 1172 2247; x_wconf 90' lang='lat' dir='ltr'><strong>quod</strong></span> <span class='ocrx_word' id='word_1_272' title='bbox 1203 2178 1351 2247; x_wconf 88' lang='lat' dir='ltr'><strong>pejus</strong></span> <span class='ocrx_word' id='word_1_273' title='bbox 1380 2186 1483 2245; x_wconf 89' lang='lat' dir='ltr'><strong>est,</strong></span> <span class='ocrx_word' id='word_1_274' title='bbox 1506 2177 1608 2232; x_wconf 89' lang='lat' dir='ltr'><strong>fuit</strong></span> <span class='ocrx_word' id='word_1_275' title='bbox 1636 2177 1890 2233; x_wconf 83' lang='lat' dir='ltr'><strong>emenda-</strong></span> 
     </span>
    </p>
   </div>
   <div class='ocr_carea' id='block_1_37' title="bbox 304 2270 1890 2344">
    <p class='ocr_par' dir='ltr' id='par_1_37' title="bbox 304 2270 1890 2344">
     <span class='ocr_line' id='line_1_37' title="bbox 304 2270 1890 2344; baseline 0.003 -20"><span class='ocrx_word' id='word_1_276' title='bbox 304 2272 388 2324; x_wconf 85' lang='lat' dir='ltr'><strong>tio</strong></span> <span class='ocrx_word' id='word_1_277' title='bbox 411 2270 693 2327; x_wconf 82' lang='lat' dir='ltr'><strong>subsecuta</strong></span> <span class='ocrx_word' id='word_1_278' title='bbox 726 2289 741 2329; x_wconf 91' lang='lat'><strong>:</strong></span> <span class='ocrx_word' id='word_1_279' title='bbox 776 2282 952 2329; x_wconf 91' lang='lat' dir='ltr'><strong>tamen</strong></span> <span class='ocrx_word' id='word_1_280' title='bbox 986 2272 1215 2329; x_wconf 79' lang='lat' dir='ltr'><strong>Victoris</strong></span> <span class='ocrx_word' id='word_1_281' title='bbox 1242 2273 1479 2343; x_wconf 89' lang='lat' dir='ltr'><strong>episcopi</strong></span> <span class='ocrx_word' id='word_1_282' title='bbox 1513 2286 1696 2344; x_wconf 87' lang='lat' dir='ltr'><strong>pacem</strong></span> <span class='ocrx_word' id='word_1_283' title='bbox 1725 2273 1890 2342; x_wconf 90' lang='lat' dir='ltr'><strong>petie-</strong></span> 
     </span>
    </p>
   </div>
   <div class='ocr_carea' id='block_1_38' title="bbox 308 2362 1891 2433">
    <p class='ocr_par' dir='ltr' id='par_1_38' title="bbox 308 2362 1891 2433">
     <span class='ocr_line' id='line_1_38' title="bbox 308 2362 1891 2433; baseline 0.002 -17"><span class='ocrx_word' id='word_1_284' title='bbox 308 2371 456 2429; x_wconf 89' lang='lat' dir='ltr'><strong>runt,</strong></span> <span class='ocrx_word' id='word_1_285' title='bbox 491 2362 699 2420; x_wconf 88' lang='lat' dir='ltr'><strong>traditis</strong></span> <span class='ocrx_word' id='word_1_286' title='bbox 727 2363 1051 2430; x_wconf 86' lang='lat' dir='ltr'><strong>hominibus,</strong></span> <span class='ocrx_word' id='word_1_287' title='bbox 1078 2378 1213 2433; x_wconf 91' lang='lat' dir='ltr'><strong>quos</strong></span> <span class='ocrx_word' id='word_1_288' title='bbox 1242 2363 1295 2418; x_wconf 93' lang='lat' dir='ltr'><strong>in</strong></span> <span class='ocrx_word' id='word_1_289' title='bbox 1320 2363 1643 2419; x_wconf 83' lang='lat' dir='ltr'><strong>seditionem</strong></span> <span class='ocrx_word' id='word_1_290' title='bbox 1675 2365 1891 2419; x_wconf 83' lang='lat' dir='ltr'><strong>direxe-</strong></span> 
     </span>
    </p>
   </div>
   <div class='ocr_carea' id='block_1_39' title="bbox 305 2456 1890 2529">
    <p class='ocr_par' dir='ltr' id='par_1_39' title="bbox 305 2456 1890 2529">
     <span class='ocr_line' id='line_1_39' title="bbox 305 2456 1890 2529; baseline 0.001 -19"><span class='ocrx_word' id='word_1_291' title='bbox 305 2464 453 2512; x_wconf 85' lang='lat' dir='ltr'><strong>rant.</strong></span> <span class='ocrx_word' id='word_1_292' title='bbox 497 2457 601 2513; x_wconf 85' lang='lat' dir='ltr'><strong>Sed</strong></span> <span class='ocrx_word' id='word_1_293' title='bbox 650 2458 737 2513; x_wconf 90' lang='lat' dir='ltr'><strong>ille</strong></span> <span class='ocrx_word' id='word_1_294' title='bbox 784 2459 1096 2515; x_wconf 88' lang='lat' dir='ltr'><strong>recordatus</strong></span> <span class='ocrx_word' id='word_1_295' title='bbox 1146 2458 1393 2529; x_wconf 82' lang='lat' dir='ltr'><strong>praecepti</strong></span> <span class='ocrx_word' id='word_1_296' title='bbox 1445 2456 1738 2521; x_wconf 90' lang='lat' dir='ltr'><strong>Dominici,</strong></span> <span class='ocrx_word' id='word_1_297' title='bbox 1785 2471 1890 2512; x_wconf 91' lang='lat' dir='ltr'><strong>non</strong></span> 
     </span>
    </p>
   </div>
   <div class='ocr_carea' id='block_1_40' title="bbox 304 2548 1889 2619">
    <p class='ocr_par' dir='ltr' id='par_1_40' title="bbox 304 2548 1889 2619">
     <span class='ocr_line' id='line_1_40' title="bbox 304 2548 1889 2619; baseline -0.001 -17"><span class='ocrx_word' id='word_1_298' title='bbox 304 2548 508 2603; x_wconf 87' lang='lat' dir='ltr'><strong>debere</strong></span> <span class='ocrx_word' id='word_1_299' title='bbox 533 2549 684 2606; x_wconf 87' lang='lat' dir='ltr'><strong>reddi</strong></span> <span class='ocrx_word' id='word_1_300' title='bbox 713 2550 942 2605; x_wconf 88' lang='lat' dir='ltr'><strong>inimicis</strong></span> <span class='ocrx_word' id='word_1_301' title='bbox 971 2551 1110 2606; x_wconf 89' lang='lat' dir='ltr'><strong>mala</strong></span> <span class='ocrx_word' id='word_1_302' title='bbox 1142 2564 1239 2619; x_wconf 90' lang='lat' dir='ltr'><strong>pro</strong></span> <span class='ocrx_word' id='word_1_303' title='bbox 1269 2548 1423 2604; x_wconf 91' lang='lat' dir='ltr'><strong>malis</strong></span> <span class='ocrx_word' id='word_1_304' title='bbox 1454 2548 1631 2619; x_wconf 83' lang='lat' dir='ltr'><strong>(Rom.</strong></span> <span class='ocrx_word' id='word_1_305' title='bbox 1654 2563 1751 2613; x_wconf 67' lang='grc' dir='ltr'><strong>χιι,</strong></span> <span class='ocrx_word' id='word_1_306' title='bbox 1782 2548 1889 2619; x_wconf 73' lang='grc'><strong>17),</strong></span> 
     </span>
    </p>
   </div>
   <div class='ocr_carea' id='block_1_41' title="bbox 302 2636 1893 2709">
    <p class='ocr_par' dir='ltr' id='par_1_41' title="bbox 302 2636 1893 2709">
     <span class='ocr_line' id='line_1_41' title="bbox 302 2636 1893 2709; baseline 0.001 -17"><span class='ocrx_word' id='word_1_307' title='bbox 302 2637 441 2692; x_wconf 84' lang='lat' dir='ltr'><strong>nihil</strong></span> <span class='ocrx_word' id='word_1_308' title='bbox 487 2638 572 2694; x_wconf 91' lang='lat' dir='ltr'><strong>his</strong></span> <span class='ocrx_word' id='word_1_309' title='bbox 620 2639 741 2694; x_wconf 88' lang='lat' dir='ltr'><strong>mali</strong></span> <span class='ocrx_word' id='word_1_310' title='bbox 778 2640 1015 2706; x_wconf 89' lang='lat' dir='ltr'><strong>faciens,</strong></span> <span class='ocrx_word' id='word_1_311' title='bbox 1039 2640 1237 2695; x_wconf 90' lang='lat' dir='ltr'><strong>liberos</strong></span> <span class='ocrx_word' id='word_1_312' title='bbox 1267 2638 1417 2693; x_wconf 89' lang='lat' dir='ltr'><strong>abire</strong></span> <span class='ocrx_word' id='word_1_313' title='bbox 1444 2638 1707 2709; x_wconf 87' lang='lat' dir='ltr'><strong>permisit.</strong></span> <span class='ocrx_word' id='word_1_314' title='bbox 1740 2636 1893 2694; x_wconf 87' lang='lat' dir='ltr'><strong>Unde</strong></span> 
     </span>
    </p>
   </div>
   <div class='ocr_carea' id='block_1_42' title="bbox 300 2730 1894 2801">
    <p class='ocr_par' dir='ltr' id='par_1_42' title="bbox 300 2730 1894 2801">
     <span class='ocr_line' id='line_1_42' title="bbox 300 2730 1894 2801; baseline 0.001 -16"><span class='ocrx_word' id='word_1_315' title='bbox 300 2730 362 2785; x_wconf 85' lang='lat' dir='ltr'><strong>in</strong></span> <span class='ocrx_word' id='word_1_316' title='bbox 406 2738 680 2798; x_wconf 87' lang='lat' dir='ltr'><strong>posterum</strong></span> <span class='ocrx_word' id='word_1_317' title='bbox 722 2745 751 2785; x_wconf 91' lang='lat' dir='ltr'><strong>a</strong></span> <span class='ocrx_word' id='word_1_318' title='bbox 795 2732 1172 2787; x_wconf 90' lang='lat' dir='ltr'><strong>communione</strong></span> <span class='ocrx_word' id='word_1_319' title='bbox 1216 2744 1505 2801; x_wconf 87' lang='lat' dir='ltr'><strong>suspensus</strong></span> <span class='ocrx_word' id='word_1_320' title='bbox 1550 2738 1654 2798; x_wconf 84' lang='lat' dir='ltr'><strong>est,</strong></span> <span class='ocrx_word' id='word_1_321' title='bbox 1685 2745 1784 2801; x_wconf 92' lang='lat' dir='ltr'><strong>pro</strong></span> <span class='ocrx_word' id='word_1_322' title='bbox 1828 2744 1894 2788; x_wconf 93' lang='lat' dir='ltr'><strong>eo</strong></span> 
     </span>
    </p>
   </div>
   <div class='ocr_carea' id='block_1_43' title="bbox 300 2820 1891 2895">
    <p class='ocr_par' dir='ltr' id='par_1_43' title="bbox 300 2820 1891 2895">
     <span class='ocr_line' id='line_1_43' title="bbox 300 2820 1891 2895; baseline 0.003 -20"><span class='ocrx_word' id='word_1_323' title='bbox 300 2820 451 2889; x_wconf 82' lang='lat' dir='ltr'><strong>quod</strong></span> <span class='ocrx_word' id='word_1_324' title='bbox 502 2821 714 2891; x_wconf 91' lang='lat' dir='ltr'><strong>publice</strong></span> <span class='ocrx_word' id='word_1_325' title='bbox 758 2837 1036 2889; x_wconf 89' lang='lat' dir='ltr'><strong>accusans,</strong></span> <span class='ocrx_word' id='word_1_326' title='bbox 1075 2823 1212 2879; x_wconf 88' lang='lat' dir='ltr'><strong>clam</strong></span> <span class='ocrx_word' id='word_1_327' title='bbox 1260 2823 1490 2879; x_wconf 90' lang='lat' dir='ltr'><strong>inimicis</strong></span> <span class='ocrx_word' id='word_1_328' title='bbox 1537 2825 1891 2895; x_wconf 88' lang='lat' dir='ltr'><strong>pepercisset,</strong></span> 
     </span>
    </p>
   </div>
   <div class='ocr_carea' id='block_1_44' title="bbox 304 2911 1895 2990">
    <p class='ocr_par' dir='ltr' id='par_1_44' title="bbox 304 2911 1895 2990">
     <span class='ocr_line' id='line_1_44' title="bbox 304 2911 1895 2990; baseline 0.006 -23"><span class='ocrx_word' id='word_1_329' title='bbox 304 2911 513 2983; x_wconf 87' lang='lat' dir='ltr'><strong>absque</strong></span> <span class='ocrx_word' id='word_1_330' title='bbox 545 2917 768 2971; x_wconf 89' lang='lat' dir='ltr'><strong>consilio</strong></span> <span class='ocrx_word' id='word_1_331' title='bbox 798 2915 1019 2972; x_wconf 84' lang='lat' dir='ltr'><strong>fratrum</strong></span> <span class='ocrx_word' id='word_1_332' title='bbox 1040 2958 1055 2987; x_wconf 94' lang='lat'><strong>,</strong></span> <span class='ocrx_word' id='word_1_333' title='bbox 1088 2932 1222 2989; x_wconf 90' lang='lat' dir='ltr'><strong>quos</strong></span> <span class='ocrx_word' id='word_1_334' title='bbox 1253 2927 1619 2975; x_wconf 84' lang='lat' dir='ltr'><strong>accusaverat.</strong></span> <span class='ocrx_word' id='word_1_335' title='bbox 1648 2919 1754 2976; x_wconf 90' lang='lat' dir='ltr'><strong>Sed</strong></span> <span class='ocrx_word' id='word_1_336' title='bbox 1798 2935 1895 2990; x_wconf 90' lang='lat' dir='ltr'><strong>per</strong></span> 
     </span>
    </p>
   </div>
   <div class='ocr_carea' id='block_1_45' title="bbox 308 3000 1892 3079">
    <p class='ocr_par' dir='ltr' id='par_1_45' title="bbox 308 3000 1892 3079">
     <span class='ocr_line' id='line_1_45' title="bbox 308 3000 1892 3079; baseline 0.006 -20"><span class='ocrx_word' id='word_1_337' title='bbox 308 3004 548 3061; x_wconf 87' lang='lat' dir='ltr'><strong>favorem</strong></span> <span class='ocrx_word' id='word_1_338' title='bbox 577 3008 716 3079; x_wconf 87' lang='lat' dir='ltr'><strong>regis</strong></span> <span class='ocrx_word' id='word_1_339' title='bbox 740 3009 931 3065; x_wconf 89' lang='lat' dir='ltr'><strong>iterum</strong></span> <span class='ocrx_word' id='word_1_340' title='bbox 956 3011 1010 3065; x_wconf 91' lang='lat' dir='ltr'><strong>in</strong></span> <span class='ocrx_word' id='word_1_341' title='bbox 1032 3011 1463 3067; x_wconf 89' lang='lat' dir='ltr'><strong>communionem</strong></span> <span class='ocrx_word' id='word_1_342' title='bbox 1486 3020 1769 3068; x_wconf 88' lang='lat' dir='ltr'><strong>revocatus</strong></span> <span class='ocrx_word' id='word_1_343' title='bbox 1792 3000 1892 3068; x_wconf 76' lang='lat' dir='ltr'><strong>est.</strong></span> 
     </span>
    </p>
   </div>
   <div class='ocr_carea' id='block_1_46' title="bbox 307 3098 1897 3172">
    <p class='ocr_par' dir='ltr' id='par_1_46' title="bbox 307 3098 1897 3172">
     <span class='ocr_line' id='line_1_46' title="bbox 307 3098 1897 3172; baseline 0.002 -18"><span class='ocrx_word' id='word_1_344' title='bbox 307 3098 377 3155; x_wconf 85' lang='grc'><strong>111</strong></span> <span class='ocrx_word' id='word_1_345' title='bbox 404 3114 532 3156; x_wconf 88' lang='lat' dir='ltr'><strong>vero</strong></span> <span class='ocrx_word' id='word_1_346' title='bbox 561 3101 615 3155; x_wconf 90' lang='lat' dir='ltr'><strong>in</strong></span> <span class='ocrx_word' id='word_1_347' title='bbox 648 3102 943 3172; x_wconf 89' lang='lat' dir='ltr'><strong>majoribus</strong></span> <span class='ocrx_word' id='word_1_348' title='bbox 974 3102 1267 3159; x_wconf 88' lang='lat' dir='ltr'><strong>sceleribus</strong></span> <span class='ocrx_word' id='word_1_349' title='bbox 1308 3102 1547 3172; x_wconf 89' lang='lat' dir='ltr'><strong>quotidie</strong></span> <span class='ocrx_word' id='word_1_350' title='bbox 1594 3102 1897 3158; x_wconf 89' lang='lat' dir='ltr'><strong>misceban-</strong></span> 
     </span>
    </p>
   </div>
   <div class='ocr_carea' id='block_1_47' title="bbox 310 3192 1892 3261">
    <p class='ocr_par' dir='ltr' id='par_1_47' title="bbox 310 3192 1892 3261">
     <span class='ocr_line' id='line_1_47' title="bbox 310 3192 1892 3261; baseline 0.002 -15"><span class='ocrx_word' id='word_1_351' title='bbox 310 3201 397 3246; x_wconf 89' lang='lat' dir='ltr'><strong>tur</strong></span> <span class='ocrx_word' id='word_1_352' title='bbox 424 3209 439 3246; x_wconf 91' lang='lat'>:</span> <span class='ocrx_word' id='word_1_353' title='bbox 475 3200 530 3248; x_wconf 87' lang='lat' dir='ltr'><strong>et</strong></span> <span class='ocrx_word' id='word_1_354' title='bbox 559 3192 613 3248; x_wconf 90' lang='lat' dir='ltr'><strong>in</strong></span> <span class='ocrx_word' id='word_1_355' title='bbox 640 3193 842 3261; x_wconf 71' lang='lat' dir='ltr'><strong>prceliis</strong></span> <span class='ocrx_word' id='word_1_356' title='bbox 873 3193 979 3248; x_wconf 90' lang='lat' dir='ltr'><strong>illis</strong></span> <span class='ocrx_word' id='word_1_357' title='bbox 999 3234 1013 3260; x_wconf 97' lang='lat'><strong>,</strong></span> <span class='ocrx_word' id='word_1_358' title='bbox 1046 3193 1184 3247; x_wconf 87' lang='lat' dir='ltr'><strong>sicut</strong></span> <span class='ocrx_word' id='word_1_359' title='bbox 1206 3193 1317 3261; x_wconf 90' lang='lat' dir='ltr'><strong>jam</strong></span> <span class='ocrx_word' id='word_1_360' title='bbox 1348 3206 1507 3261; x_wconf 87' lang='lat' dir='ltr'><strong>supra</strong></span> <span class='ocrx_word' id='word_1_361' title='bbox 1550 3194 1892 3249; x_wconf 88' lang='lat' dir='ltr'><strong>meminimus</strong></span> 
     </span>
    </p>
   </div>
   <div class='ocr_carea' id='block_1_48' title="bbox 1991 1987 3574 2061">
    <p class='ocr_par' dir='ltr' id='par_1_48' title="bbox 1991 1987 3574 2061">
     <span class='ocr_line' id='line_1_48' title="bbox 1991 1987 3574 2061; baseline 0 -16"><span class='ocrx_word' id='word_1_362' title='bbox 1991 1998 2101 2045; x_wconf 91' lang='lat' dir='ltr'><strong>tum</strong></span> <span class='ocrx_word' id='word_1_363' title='bbox 2146 1992 2288 2061; x_wconf 89' lang='lat' dir='ltr'><strong>regis</strong></span> <span class='ocrx_word' id='word_1_364' title='bbox 2337 1999 2593 2060; x_wconf 85' lang='lat' dir='ltr'><strong>augeatur</strong></span> <span class='ocrx_word' id='word_1_365' title='bbox 2637 1989 2689 2043; x_wconf 91' lang='lat' dir='ltr'><strong>in</strong></span> <span class='ocrx_word' id='word_1_366' title='bbox 2730 1989 2936 2059; x_wconf 89' lang='lat' dir='ltr'><strong>aliquo,</strong></span> <span class='ocrx_word' id='word_1_367' title='bbox 2968 1996 3023 2044; x_wconf 90' lang='lat' dir='ltr'><strong>et</strong></span> <span class='ocrx_word' id='word_1_368' title='bbox 3050 1988 3169 2044; x_wconf 90' lang='lat' dir='ltr'><strong>ideo</strong></span> <span class='ocrx_word' id='word_1_369' title='bbox 3200 1987 3339 2042; x_wconf 87' lang='lat' dir='ltr'><strong>filius</strong></span> <span class='ocrx_word' id='word_1_370' title='bbox 3368 1988 3574 2046; x_wconf 88' lang='lat' dir='ltr'><strong>domini</strong></span> 
     </span>
    </p>
   </div>
   <div class='ocr_carea' id='block_1_49' title="bbox 1993 2080 3571 2152">
    <p class='ocr_par' dir='ltr' id='par_1_49' title="bbox 1993 2080 3571 2152">
     <span class='ocr_line' id='line_1_49' title="bbox 1993 2080 3571 2152; baseline -0.001 -14"><span class='ocrx_word' id='word_1_371' title='bbox 1993 2084 2159 2138; x_wconf 90' lang='lat' dir='ltr'><strong>nostri</strong></span> <span class='ocrx_word' id='word_1_372' title='bbox 2188 2090 2389 2152; x_wconf 88' lang='lat' dir='ltr'><strong>pereat.</strong></span> <span class='ocrx_word' id='word_1_373' title='bbox 2416 2080 2517 2148; x_wconf 86' lang='lat' dir='ltr'><strong>Qui</strong></span> <span class='ocrx_word' id='word_1_374' title='bbox 2546 2081 2621 2135; x_wconf 88' lang='lat' dir='ltr'><strong>ait</strong></span> <span class='ocrx_word' id='word_1_375' title='bbox 2648 2099 2661 2135; x_wconf 77' lang='grc' dir='ltr'>ε</span> <span class='ocrx_word' id='word_1_376' title='bbox 2696 2081 2769 2135; x_wconf 92' lang='lat' dir='ltr'><strong>Ite</strong></span> <span class='ocrx_word' id='word_1_377' title='bbox 2795 2080 3139 2150; x_wconf 87' lang='lat' dir='ltr'><strong>quantocius,</strong></span> <span class='ocrx_word' id='word_1_378' title='bbox 3161 2086 3217 2135; x_wconf 89' lang='lat' dir='ltr'><strong>et</strong></span> <span class='ocrx_word' id='word_1_379' title='bbox 3244 2080 3419 2136; x_wconf 83' lang='lat' dir='ltr'><strong>laxate</strong></span> <span class='ocrx_word' id='word_1_380' title='bbox 3447 2094 3571 2152; x_wconf 89' lang='lat' dir='ltr'><strong>eos,</strong></span> 
     </span>
    </p>
   </div>
   <div class='ocr_carea' id='block_1_50' title="bbox 1993 2171 3577 2247">
    <p class='ocr_par' dir='ltr' id='par_1_50' title="bbox 1993 2171 3577 2247">
     <span class='ocr_line' id='line_1_50' title="bbox 1993 2171 3577 2247; baseline -0.001 -16"><span class='ocrx_word' id='word_1_381' title='bbox 1993 2176 2345 2247; x_wconf 86' lang='lat' dir='ltr'><strong>deprecantes</strong></span> <span class='ocrx_word' id='word_1_382' title='bbox 2371 2184 2427 2229; x_wconf 90' lang='lat' dir='ltr'><strong>ut</strong></span> <span class='ocrx_word' id='word_1_383' title='bbox 2456 2183 2611 2229; x_wconf 91' lang='lat' dir='ltr'><strong>orent</strong></span> <span class='ocrx_word' id='word_1_384' title='bbox 2638 2188 2732 2243; x_wconf 92' lang='lat' dir='ltr'><strong>pro</strong></span> <span class='ocrx_word' id='word_1_385' title='bbox 2762 2173 2994 2243; x_wconf 89' lang='lat' dir='ltr'><strong>parvulis</strong></span> <span class='ocrx_word' id='word_1_386' title='bbox 3021 2173 3237 2227; x_wconf 90' lang='lat' dir='ltr'><strong>nostris.</strong></span> <span class='ocrx_word' id='word_1_387' title='bbox 3255 2171 3457 2240; x_wconf 86' lang='lat' dir='ltr'><strong>Quibus</strong></span> <span class='ocrx_word' id='word_1_388' title='bbox 3482 2171 3577 2229; x_wconf 85' lang='lat' dir='ltr'><strong>ab-</strong></span> 
     </span>
    </p>
   </div>
   <div class='ocr_carea' id='block_1_51' title="bbox 1994 2262 3575 2335">
    <p class='ocr_par' dir='ltr' id='par_1_51' title="bbox 1994 2262 3575 2335">
     <span class='ocr_line' id='line_1_51' title="bbox 1994 2262 3575 2335; baseline -0.005 -10"><span class='ocrx_word' id='word_1_389' title='bbox 1994 2269 2262 2335; x_wconf 88' lang='lat' dir='ltr'><strong>euntibus,</strong></span> <span class='ocrx_word' id='word_1_390' title='bbox 2287 2265 2493 2321; x_wconf 89' lang='lat' dir='ltr'><strong>dimissi</strong></span> <span class='ocrx_word' id='word_1_391' title='bbox 2519 2274 2659 2320; x_wconf 88' lang='lat' dir='ltr'><strong>sunt.</strong></span> <span class='ocrx_word' id='word_1_392' title='bbox 2688 2264 2901 2335; x_wconf 88' lang='lat' dir='ltr'><strong>Egressi</strong></span> <span class='ocrx_word' id='word_1_393' title='bbox 2933 2264 3093 2334; x_wconf 91' lang='lat' dir='ltr'><strong>igitur</strong></span> <span class='ocrx_word' id='word_1_394' title='bbox 3119 2263 3187 2319; x_wconf 89' lang='lat' dir='ltr'><strong>de</strong></span> <span class='ocrx_word' id='word_1_395' title='bbox 3214 2262 3575 2330; x_wconf 86' lang='lat' dir='ltr'><strong>monasteriis,</strong></span> 
     </span>
    </p>
   </div>
   <div class='ocr_carea' id='block_1_52' title="bbox 1995 2358 3577 2434">
    <p class='ocr_par' dir='ltr' id='par_1_52' title="bbox 1995 2358 3577 2434">
     <span class='ocr_line' id='line_1_52' title="bbox 1995 2358 3577 2434; baseline -0.003 -15"><span class='ocrx_word' id='word_1_396' title='bbox 1995 2362 2265 2434; x_wconf 89' lang='lat' dir='ltr'><strong>conjuncti</strong></span> <span class='ocrx_word' id='word_1_397' title='bbox 2298 2371 2425 2417; x_wconf 88' lang='lat' dir='ltr'><strong>sunt</strong></span> <span class='ocrx_word' id='word_1_398' title='bbox 2453 2359 2674 2430; x_wconf 91' lang='lat' dir='ltr'><strong>pariter,</strong></span> <span class='ocrx_word' id='word_1_399' title='bbox 2692 2370 2746 2414; x_wconf 92' lang='lat' dir='ltr'><strong>et</strong></span> <span class='ocrx_word' id='word_1_400' title='bbox 2772 2373 2829 2415; x_wconf 89' lang='lat' dir='ltr'><strong>se</strong></span> <span class='ocrx_word' id='word_1_401' title='bbox 2859 2360 3263 2425; x_wconf 90' lang='lat' dir='ltr'><strong>osculantes,eo</strong></span> <span class='ocrx_word' id='word_1_402' title='bbox 3285 2359 3425 2429; x_wconf 89' lang='lat' dir='ltr'><strong>quod</strong></span> <span class='ocrx_word' id='word_1_403' title='bbox 3449 2358 3577 2415; x_wconf 89' lang='lat' dir='ltr'><strong>olim</strong></span> 
     </span>
    </p>
   </div>
   <div class='ocr_carea' id='block_1_53' title="bbox 1996 2452 3577 2522">
    <p class='ocr_par' dir='ltr' id='par_1_53' title="bbox 1996 2452 3577 2522">
     <span class='ocr_line' id='line_1_53' title="bbox 1996 2452 3577 2522; baseline -0.004 -9"><span class='ocrx_word' id='word_1_404' title='bbox 1996 2473 2027 2513; x_wconf 90' lang='lat' dir='ltr'><strong>a</strong></span> <span class='ocrx_word' id='word_1_405' title='bbox 2057 2473 2115 2513; x_wconf 93' lang='lat' dir='ltr'><strong>se</strong></span> <span class='ocrx_word' id='word_1_406' title='bbox 2136 2458 2236 2511; x_wconf 84' lang='lat' dir='ltr'><strong>visi</strong></span> <span class='ocrx_word' id='word_1_407' title='bbox 2266 2471 2371 2511; x_wconf 91' lang='lat' dir='ltr'><strong>non</strong></span> <span class='ocrx_word' id='word_1_408' title='bbox 2403 2454 2631 2520; x_wconf 86' lang='lat' dir='ltr'><strong>fuerant,</strong></span> <span class='ocrx_word' id='word_1_409' title='bbox 2654 2453 2719 2509; x_wconf 92' lang='lat' dir='ltr'><strong>ad</strong></span> <span class='ocrx_word' id='word_1_410' title='bbox 2749 2452 2992 2509; x_wconf 88' lang='lat' dir='ltr'><strong>civitates</strong></span> <span class='ocrx_word' id='word_1_411' title='bbox 3020 2467 3141 2507; x_wconf 90' lang='lat' dir='ltr'><strong>suas</strong></span> <span class='ocrx_word' id='word_1_412' title='bbox 3164 2453 3390 2522; x_wconf 85' lang='lat' dir='ltr'><strong>regressi</strong></span> <span class='ocrx_word' id='word_1_413' title='bbox 3412 2460 3537 2508; x_wconf 88' lang='lat' dir='ltr'><strong>sunt</strong></span> <span class='ocrx_word' id='word_1_414' title='bbox 3561 2467 3577 2506; x_wconf 89' lang='lat'><strong>:</strong></span> 
     </span>
    </p>
   </div>
   <div class='ocr_carea' id='block_1_54' title="bbox 1995 2544 3581 2615">
    <p class='ocr_par' dir='ltr' id='par_1_54' title="bbox 1995 2544 3581 2615">
     <span class='ocr_line' id='line_1_54' title="bbox 1995 2544 3581 2615; baseline -0.005 -8"><span class='ocrx_word' id='word_1_415' title='bbox 1995 2560 2052 2608; x_wconf 89' lang='lat' dir='ltr'><strong>et</strong></span> <span class='ocrx_word' id='word_1_416' title='bbox 2077 2552 2129 2607; x_wconf 89' lang='lat' dir='ltr'><strong>in</strong></span> <span class='ocrx_word' id='word_1_417' title='bbox 2160 2556 2365 2605; x_wconf 87' lang='lat' dir='ltr'><strong>tantum</strong></span> <span class='ocrx_word' id='word_1_418' title='bbox 2394 2546 2699 2615; x_wconf 91' lang='lat' dir='ltr'><strong>compuneti</strong></span> <span class='ocrx_word' id='word_1_419' title='bbox 2724 2552 2870 2613; x_wconf 89' lang='lat' dir='ltr'><strong>sunt,</strong></span> <span class='ocrx_word' id='word_1_420' title='bbox 2895 2555 2953 2600; x_wconf 90' lang='lat' dir='ltr'><strong>ut</strong></span> <span class='ocrx_word' id='word_1_421' title='bbox 2976 2544 3284 2599; x_wconf 88' lang='lat' dir='ltr'><strong>viderentur</strong></span> <span class='ocrx_word' id='word_1_422' title='bbox 3311 2558 3581 2613; x_wconf 89' lang='lat' dir='ltr'><strong>nunquam</strong></span> 
     </span>
    </p>
   </div>
   <div class='ocr_carea' id='block_1_55' title="bbox 1998 2634 3581 2714">
    <p class='ocr_par' dir='ltr' id='par_1_55' title="bbox 1998 2634 3581 2714">
     <span class='ocr_line' id='line_1_55' title="bbox 1998 2634 3581 2714; baseline -0.004 -16"><span class='ocrx_word' id='word_1_423' title='bbox 1998 2660 2027 2698; x_wconf 90' lang='lat' dir='ltr'><strong>a</strong></span> <span class='ocrx_word' id='word_1_424' title='bbox 2060 2642 2337 2714; x_wconf 90' lang='lat' dir='ltr'><strong>psallentio</strong></span> <span class='ocrx_word' id='word_1_425' title='bbox 2368 2654 2601 2708; x_wconf 89' lang='lat' dir='ltr'><strong>cessare,</strong></span> <span class='ocrx_word' id='word_1_426' title='bbox 2623 2637 2784 2710; x_wconf 56' lang='lat'><strong>234,</strong></span> <span class='ocrx_word' id='word_1_427' title='bbox 2811 2637 3085 2692; x_wconf 88' lang='lat' dir='ltr'><strong>celebrare</strong></span> <span class='ocrx_word' id='word_1_428' title='bbox 3108 2634 3326 2706; x_wconf 85' lang='lat' dir='ltr'><strong>jejunia,</strong></span> <span class='ocrx_word' id='word_1_429' title='bbox 3347 2636 3581 2692; x_wconf 84' lang='lat' dir='ltr'><strong>eleemo-</strong></span> 
     </span>
    </p>
   </div>
   <div class='ocr_carea' id='block_1_56' title="bbox 1999 2725 3583 2807">
    <p class='ocr_par' dir='ltr' id='par_1_56' title="bbox 1999 2725 3583 2807">
     <span class='ocr_line' id='line_1_56' title="bbox 1999 2725 3583 2807; baseline -0.004 -16"><span class='ocrx_word' id='word_1_430' title='bbox 1999 2748 2161 2807; x_wconf 83' lang='lat' dir='ltr'><strong>synas</strong></span> <span class='ocrx_word' id='word_1_431' title='bbox 2192 2746 2466 2799; x_wconf 85' lang='lat' dir='ltr'><strong>exercere,</strong></span> <span class='ocrx_word' id='word_1_432' title='bbox 2491 2725 2682 2787; x_wconf 88' lang='lat' dir='ltr'><strong>librum</strong></span> <span class='ocrx_word' id='word_1_433' title='bbox 2710 2729 2943 2784; x_wconf 89' lang='lat' dir='ltr'><strong>Davidici</strong></span> <span class='ocrx_word' id='word_1_434' title='bbox 2966 2728 3217 2783; x_wconf 89' lang='lat' dir='ltr'><strong>carminis</strong></span> <span class='ocrx_word' id='word_1_435' title='bbox 3245 2728 3465 2798; x_wconf 83' lang='lat' dir='ltr'><strong>explere</strong></span> <span class='ocrx_word' id='word_1_436' title='bbox 3486 2742 3583 2800; x_wconf 90' lang='lat' dir='ltr'><strong>per</strong></span> 
     </span>
    </p>
   </div>
   <div class='ocr_carea' id='block_1_57' title="bbox 1998 2821 3581 2896">
    <p class='ocr_par' dir='ltr' id='par_1_57' title="bbox 1998 2821 3581 2896">
     <span class='ocr_line' id='line_1_57' title="bbox 1998 2821 3581 2896; baseline -0.003 -12"><span class='ocrx_word' id='word_1_437' title='bbox 1998 2827 2164 2895; x_wconf 91' lang='lat' dir='ltr'><strong>diem,</strong></span> <span class='ocrx_word' id='word_1_438' title='bbox 2188 2838 2479 2895; x_wconf 88' lang='lat' dir='ltr'><strong>noctesque</strong></span> <span class='ocrx_word' id='word_1_439' title='bbox 2510 2825 2561 2879; x_wconf 90' lang='lat' dir='ltr'><strong>in</strong></span> <span class='ocrx_word' id='word_1_440' title='bbox 2594 2824 2807 2896; x_wconf 80' lang='lat' dir='ltr'><strong>hymnis</strong></span> <span class='ocrx_word' id='word_1_441' title='bbox 2833 2836 2894 2878; x_wconf 88' lang='lat' dir='ltr'><strong>ac</strong></span> <span class='ocrx_word' id='word_1_442' title='bbox 2924 2822 3241 2877; x_wconf 89' lang='lat' dir='ltr'><strong>lectionibus</strong></span> <span class='ocrx_word' id='word_1_443' title='bbox 3267 2821 3581 2880; x_wconf 88' lang='lat' dir='ltr'><strong>meditando</strong></span> 
     </span>
    </p>
   </div>
   <div class='ocr_carea' id='block_1_58' title="bbox 2000 2904 3584 2984">
    <p class='ocr_par' dir='ltr' id='par_1_58' title="bbox 2000 2904 3584 2984">
     <span class='ocr_line' id='line_1_58' title="bbox 2000 2904 3584 2984; baseline -0.006 -7"><span class='ocrx_word' id='word_1_444' title='bbox 2000 2921 2287 2977; x_wconf 88' lang='lat' dir='ltr'><strong>deducere.</strong></span> <span class='ocrx_word' id='word_1_445' title='bbox 2308 2918 2412 2974; x_wconf 89' lang='lat' dir='ltr'><strong>Sed</strong></span> <span class='ocrx_word' id='word_1_446' title='bbox 2441 2933 2547 2973; x_wconf 93' lang='lat' dir='ltr'><strong>non</strong></span> <span class='ocrx_word' id='word_1_447' title='bbox 2570 2917 2658 2972; x_wconf 93' lang='lat' dir='ltr'><strong>diu</strong></span> <span class='ocrx_word' id='word_1_448' title='bbox 2688 2916 2801 2971; x_wconf 88' lang='lat' dir='ltr'><strong>haec</strong></span> <span class='ocrx_word' id='word_1_449' title='bbox 2828 2915 3084 2970; x_wconf 91' lang='lat' dir='ltr'><strong>sanctitas</strong></span> <span class='ocrx_word' id='word_1_450' title='bbox 3106 2914 3311 2969; x_wconf 88' lang='lat' dir='ltr'><strong>illibata</strong></span> <span class='ocrx_word' id='word_1_451' title='bbox 3337 2904 3584 2984; x_wconf 75' lang='lat' dir='ltr'><strong>perman-</strong></span> 
     </span>
    </p>
   </div>
   <div class='ocr_carea' id='block_1_59' title="bbox 2003 3004 3584 3079">
    <p class='ocr_par' dir='ltr' id='par_1_59' title="bbox 2003 3004 3584 3079">
     <span class='ocr_line' id='line_1_59' title="bbox 2003 3004 3584 3079; baseline -0.005 -12"><span class='ocrx_word' id='word_1_452' title='bbox 2003 3012 2115 3079; x_wconf 89' lang='lat' dir='ltr'><strong>sit,</strong></span> <span class='ocrx_word' id='word_1_453' title='bbox 2146 3010 2499 3078; x_wconf 89' lang='lat' dir='ltr'><strong>conversique</strong></span> <span class='ocrx_word' id='word_1_454' title='bbox 2529 3016 2653 3063; x_wconf 90' lang='lat' dir='ltr'><strong>sunt</strong></span> <span class='ocrx_word' id='word_1_455' title='bbox 2682 3007 2874 3061; x_wconf 90' lang='lat' dir='ltr'><strong>iterum</strong></span> <span class='ocrx_word' id='word_1_456' title='bbox 2914 3014 3207 3060; x_wconf 91' lang='lat' dir='ltr'><strong>retrorsum</strong></span> <span class='ocrx_word' id='word_1_457' title='bbox 3241 3020 3257 3059; x_wconf 89' lang='lat'><strong>:</strong></span> <span class='ocrx_word' id='word_1_458' title='bbox 3289 3012 3343 3060; x_wconf 91' lang='lat' dir='ltr'><strong>et</strong></span> <span class='ocrx_word' id='word_1_459' title='bbox 3371 3004 3441 3060; x_wconf 89' lang='lat' dir='ltr'><strong>ita</strong></span> <span class='ocrx_word' id='word_1_460' title='bbox 3470 3005 3584 3076; x_wconf 89' lang='lat' dir='ltr'><strong>ple-</strong></span> 
     </span>
    </p>
   </div>
   <div class='ocr_carea' id='block_1_60' title="bbox 2001 3096 3586 3174">
    <p class='ocr_par' dir='ltr' id='par_1_60' title="bbox 2001 3096 3586 3174">
     <span class='ocr_line' id='line_1_60' title="bbox 2001 3096 3586 3174; baseline -0.006 -14"><span class='ocrx_word' id='word_1_461' title='bbox 2001 3118 2230 3174; x_wconf 89' lang='lat' dir='ltr'><strong>rumque</strong></span> <span class='ocrx_word' id='word_1_462' title='bbox 2262 3112 2447 3158; x_wconf 90' lang='lat' dir='ltr'><strong>noctes</strong></span> <span class='ocrx_word' id='word_1_463' title='bbox 2479 3100 2747 3171; x_wconf 90' lang='lat' dir='ltr'><strong>epulando</strong></span> <span class='ocrx_word' id='word_1_464' title='bbox 2773 3108 2935 3170; x_wconf 90' lang='lat' dir='ltr'><strong>atque</strong></span> <span class='ocrx_word' id='word_1_465' title='bbox 2961 3096 3193 3153; x_wconf 87' lang='lat' dir='ltr'><strong>bibendo</strong></span> <span class='ocrx_word' id='word_1_466' title='bbox 3221 3096 3505 3163; x_wconf 90' lang='lat' dir='ltr'><strong>ducebant,</strong></span> <span class='ocrx_word' id='word_1_467' title='bbox 3524 3103 3586 3152; x_wconf 93' lang='lat' dir='ltr'><strong>ut</strong></span> 
     </span>
    </p>
   </div>
   <div class='ocr_carea' id='block_1_61' title="bbox 2002 3188 3585 3258">
    <p class='ocr_par' dir='ltr' id='par_1_61' title="bbox 2002 3188 3585 3258">
     <span class='ocr_line' id='line_1_61' title="bbox 2002 3188 3585 3258; baseline -0.004 -6"><span class='ocrx_word' id='word_1_468' title='bbox 2002 3195 2215 3252; x_wconf 90' lang='lat' dir='ltr'><strong>clericis</strong></span> <span class='ocrx_word' id='word_1_469' title='bbox 2240 3194 2526 3250; x_wconf 89' lang='lat' dir='ltr'><strong>matutinas</strong></span> <span class='ocrx_word' id='word_1_470' title='bbox 2553 3193 2608 3248; x_wconf 92' lang='lat' dir='ltr'><strong>in</strong></span> <span class='ocrx_word' id='word_1_471' title='bbox 2634 3191 2859 3247; x_wconf 79' lang='lat' dir='ltr'><strong>ecclesia</strong></span> <span class='ocrx_word' id='word_1_472' title='bbox 2884 3188 3299 3255; x_wconf 89' lang='lat' dir='ltr'><strong>celebrantibus,</strong></span> <span class='ocrx_word' id='word_1_473' title='bbox 3316 3188 3369 3243; x_wconf 91' lang='lat' dir='ltr'><strong>hi</strong></span> <span class='ocrx_word' id='word_1_474' title='bbox 3392 3189 3585 3258; x_wconf 88' lang='lat' dir='ltr'><strong>pocula</strong></span> 
     </span>
    </p>
   </div>
   <div class='ocr_carea' id='block_1_62' title="bbox 312 3280 3587 3361">
    <p class='ocr_par' dir='ltr' id='par_1_62' title="bbox 312 3280 3587 3361">
     <span class='ocr_line' id='line_1_62' title="bbox 312 3280 3587 3361; baseline -0.001 -24"><span class='ocrx_word' id='word_1_475' title='bbox 312 3282 453 3355; x_wconf 82' lang='lat' dir='ltr'><strong>(Lib.</strong></span> <span class='ocrx_word' id='word_1_476' title='bbox 484 3299 557 3351; x_wconf 83' lang='lat' dir='ltr'><strong>tv,</strong></span> <span class='ocrx_word' id='word_1_477' title='bbox 585 3300 699 3355; x_wconf 85' lang='lat' dir='ltr'><strong>cap.</strong></span> <span class='ocrx_word' id='word_1_478' title='bbox 729 3283 841 3355; x_wconf 78' lang='lat'><strong>57),</strong></span> <span class='ocrx_word' id='word_1_479' title='bbox 872 3298 993 3355; x_wconf 86' lang='lat' dir='ltr'><strong>quae</strong></span> <span class='ocrx_word' id='word_1_480' title='bbox 1022 3283 1344 3338; x_wconf 86' lang='lat' dir='ltr'><strong>Mummolus</strong></span> <span class='ocrx_word' id='word_1_481' title='bbox 1371 3298 1490 3337; x_wconf 92' lang='lat' dir='ltr'><strong>cum</strong></span> <span class='ocrx_word' id='word_1_482' title='bbox 1522 3282 1889 3355; x_wconf 87' lang='lat' dir='ltr'><strong>Langobardis</strong></span> <span class='ocrx_word' id='word_1_483' title='bbox 1923 3295 1969 3361; x_wconf 74' lang='grc' dir='ltr'>ο</span> <span class='ocrx_word' id='word_1_484' title='bbox 2002 3293 2379 3360; x_wconf 85' lang='lat' dir='ltr'><strong>poscerent,et</strong></span> <span class='ocrx_word' id='word_1_485' title='bbox 2400 3287 2519 3341; x_wconf 89' lang='lat' dir='ltr'><strong>vina</strong></span> <span class='ocrx_word' id='word_1_486' title='bbox 2555 3284 2799 3338; x_wconf 89' lang='lat' dir='ltr'><strong>libarent.</strong></span> <span class='ocrx_word' id='word_1_487' title='bbox 2820 3281 2969 3337; x_wconf 87' lang='lat' dir='ltr'><strong>Nulla</strong></span> <span class='ocrx_word' id='word_1_488' title='bbox 3000 3295 3222 3350; x_wconf 84' lang='lat' dir='ltr'><strong>prorsus</strong></span> <span class='ocrx_word' id='word_1_489' title='bbox 3247 3280 3314 3335; x_wconf 93' lang='lat' dir='ltr'><strong>de</strong></span> <span class='ocrx_word' id='word_1_490' title='bbox 3335 3280 3443 3334; x_wconf 89' lang='lat' dir='ltr'><strong>Deo</strong></span> <span class='ocrx_word' id='word_1_491' title='bbox 3469 3286 3587 3335; x_wconf 85' lang='lat' dir='ltr'><strong>erat</strong></span> 
     </span>
    </p>
   </div>
   <div class='ocr_carea' id='block_1_63' title="bbox 312 3375 1894 3447">
    <p class='ocr_par' dir='ltr' id='par_1_63' title="bbox 312 3375 1894 3447">
     <span class='ocr_line' id='line_1_63' title="bbox 312 3375 1894 3447; baseline 0.001 -16"><span class='ocrx_word' id='word_1_492' title='bbox 312 3376 498 3447; x_wconf 82' lang='lat' dir='ltr'><strong>gessit,</strong></span> <span class='ocrx_word' id='word_1_493' title='bbox 528 3384 781 3446; x_wconf 87' lang='lat' dir='ltr'><strong>tanquam</strong></span> <span class='ocrx_word' id='word_1_494' title='bbox 810 3391 947 3432; x_wconf 91' lang='lat' dir='ltr'><strong>unus</strong></span> <span class='ocrx_word' id='word_1_495' title='bbox 976 3392 1040 3431; x_wconf 80' lang='lat' dir='ltr'><strong>ex</strong></span> <span class='ocrx_word' id='word_1_496' title='bbox 1071 3375 1242 3443; x_wconf 88' lang='lat' dir='ltr'><strong>laicis,</strong></span> <span class='ocrx_word' id='word_1_497' title='bbox 1266 3375 1491 3430; x_wconf 89' lang='lat' dir='ltr'><strong>accincti</strong></span> <span class='ocrx_word' id='word_1_498' title='bbox 1525 3388 1695 3443; x_wconf 90' lang='lat' dir='ltr'><strong>arma,</strong></span> <span class='ocrx_word' id='word_1_499' title='bbox 1729 3376 1894 3445; x_wconf 88' lang='lat' dir='ltr'><strong>pluri-</strong></span> 
     </span>
    </p>
   </div>
   <div class='ocr_carea' id='block_1_64' title="bbox 314 3467 1897 3540">
    <p class='ocr_par' dir='ltr' id='par_1_64' title="bbox 314 3467 1897 3540">
     <span class='ocr_line' id='line_1_64' title="bbox 314 3467 1897 3540; baseline 0.001 -17"><span class='ocrx_word' id='word_1_500' title='bbox 314 3484 435 3527; x_wconf 84' lang='lat' dir='ltr'><strong>mos</strong></span> <span class='ocrx_word' id='word_1_501' title='bbox 477 3469 708 3540; x_wconf 89' lang='lat' dir='ltr'><strong>propriis</strong></span> <span class='ocrx_word' id='word_1_502' title='bbox 750 3469 993 3525; x_wconf 89' lang='lat' dir='ltr'><strong>manibus</strong></span> <span class='ocrx_word' id='word_1_503' title='bbox 1034 3467 1436 3524; x_wconf 82' lang='lat' dir='ltr'><strong>interfecerunt.</strong></span> <span class='ocrx_word' id='word_1_504' title='bbox 1470 3467 1524 3523; x_wconf 90' lang='lat' dir='ltr'><strong>In</strong></span> <span class='ocrx_word' id='word_1_505' title='bbox 1584 3470 1727 3524; x_wconf 84' lang='lat' dir='ltr'><strong>cives</strong></span> <span class='ocrx_word' id='word_1_506' title='bbox 1770 3486 1897 3525; x_wconf 90' lang='lat' dir='ltr'><strong>vero</strong></span> 
     </span>
    </p>
   </div>
   <div class='ocr_carea' id='block_1_65' title="bbox 314 3559 1897 3627">
    <p class='ocr_par' dir='ltr' id='par_1_65' title="bbox 314 3559 1897 3627">
     <span class='ocr_line' id='line_1_65' title="bbox 314 3559 1897 3627; baseline 0.001 -11"><span class='ocrx_word' id='word_1_507' title='bbox 314 3574 441 3617; x_wconf 88' lang='lat' dir='ltr'><strong>suos</strong></span> <span class='ocrx_word' id='word_1_508' title='bbox 484 3561 772 3616; x_wconf 84' lang='lat' dir='ltr'><strong>nonnullos</strong></span> <span class='ocrx_word' id='word_1_509' title='bbox 812 3560 1064 3616; x_wconf 83' lang='lat' dir='ltr'><strong>commoti</strong></span> <span class='ocrx_word' id='word_1_510' title='bbox 1110 3559 1257 3627; x_wconf 85' lang='lat' dir='ltr'><strong>felle,</strong></span> <span class='ocrx_word' id='word_1_511' title='bbox 1287 3560 1631 3617; x_wconf 88' lang='lat' dir='ltr'><strong>verberantes</strong></span> <span class='ocrx_word' id='word_1_512' title='bbox 1672 3562 1897 3618; x_wconf 84' lang='lat' dir='ltr'><strong>fustibus</strong></span> 
     </span>
    </p>
   </div>
   <div class='ocr_carea' id='block_1_66' title="bbox 315 3652 1896 3724">
    <p class='ocr_par' dir='ltr' id='par_1_66' title="bbox 315 3652 1896 3724">
     <span class='ocr_line' id='line_1_66' title="bbox 315 3652 1896 3724; baseline 0 -15"><span class='ocrx_word' id='word_1_513' title='bbox 315 3668 486 3724; x_wconf 86' lang='lat' dir='ltr'><strong>usque</strong></span> <span class='ocrx_word' id='word_1_514' title='bbox 513 3654 578 3709; x_wconf 90' lang='lat' dir='ltr'><strong>ad</strong></span> <span class='ocrx_word' id='word_1_515' title='bbox 608 3652 925 3709; x_wconf 87' lang='lat' dir='ltr'><strong>effusionem</strong></span> <span class='ocrx_word' id='word_1_516' title='bbox 957 3652 1232 3722; x_wconf 87' lang='lat' dir='ltr'><strong>sanguinis</strong></span> <span class='ocrx_word' id='word_1_517' title='bbox 1253 3695 1266 3721; x_wconf 92' lang='lat'><strong>,</strong></span> <span class='ocrx_word' id='word_1_518' title='bbox 1295 3654 1607 3708; x_wconf 69' lang='lat' dir='ltr'><strong>smvlebaut.</strong></span> <span class='ocrx_word' id='word_1_519' title='bbox 1640 3652 1791 3709; x_wconf 91' lang='lat' dir='ltr'><strong>Unde</strong></span> <span class='ocrx_word' id='word_1_520' title='bbox 1820 3654 1896 3709; x_wconf 84' lang='lat' dir='ltr'><strong>fa-</strong></span> 
     </span>
    </p>
   </div>
   <div class='ocr_carea' id='block_1_67' title="bbox 314 3745 1899 3818">
    <p class='ocr_par' dir='ltr' id='par_1_67' title="bbox 314 3745 1899 3818">
     <span class='ocr_line' id='line_1_67' title="bbox 314 3745 1899 3818; baseline 0.003 -19"><span class='ocrx_word' id='word_1_521' title='bbox 314 3754 460 3800; x_wconf 89' lang='lat' dir='ltr'><strong>ctum</strong></span> <span class='ocrx_word' id='word_1_522' title='bbox 505 3753 617 3814; x_wconf 92' lang='lat' dir='ltr'><strong>est,</strong></span> <span class='ocrx_word' id='word_1_523' title='bbox 647 3754 707 3800; x_wconf 91' lang='lat' dir='ltr'><strong>ut</strong></span> <span class='ocrx_word' id='word_1_524' title='bbox 746 3746 948 3801; x_wconf 87' lang='lat' dir='ltr'><strong>clamor</strong></span> <span class='ocrx_word' id='word_1_525' title='bbox 979 3745 1137 3816; x_wconf 76' lang='lat'><strong>233</strong></span> <span class='ocrx_word' id='word_1_526' title='bbox 1177 3746 1357 3816; x_wconf 89' lang='lat' dir='ltr'><strong>populi</strong></span> <span class='ocrx_word' id='word_1_527' title='bbox 1399 3746 1465 3800; x_wconf 88' lang='lat' dir='ltr'><strong>ad</strong></span> <span class='ocrx_word' id='word_1_528' title='bbox 1500 3761 1683 3818; x_wconf 81' lang='lat' dir='ltr'><strong>regem</strong></span> <span class='ocrx_word' id='word_1_529' title='bbox 1723 3748 1899 3804; x_wconf 90' lang='lat' dir='ltr'><strong>denuo</strong></span> 
     </span>
    </p>
   </div>
   <div class='ocr_carea' id='block_1_68' title="bbox 321 3838 1900 3909">
    <p class='ocr_par' dir='ltr' id='par_1_68' title="bbox 321 3838 1900 3909">
     <span class='ocr_line' id='line_1_68' title="bbox 321 3838 1900 3909; baseline 0.002 -17"><span class='ocrx_word' id='word_1_530' title='bbox 321 3838 673 3908; x_wconf 88' lang='lat' dir='ltr'><strong>procederet;</strong></span> <span class='ocrx_word' id='word_1_531' title='bbox 707 3838 1035 3909; x_wconf 89' lang='lat' dir='ltr'><strong>eosdemque</strong></span> <span class='ocrx_word' id='word_1_532' title='bbox 1064 3853 1154 3892; x_wconf 80' lang='lat' dir='ltr'><strong>rex</strong></span> <span class='ocrx_word' id='word_1_533' title='bbox 1184 3838 1433 3893; x_wconf 90' lang='lat' dir='ltr'><strong>arcessiri</strong></span> <span class='ocrx_word' id='word_1_534' title='bbox 1464 3841 1735 3909; x_wconf 73' lang='lat' dir='ltr'><strong>przecepit.</strong></span> <span class='ocrx_word' id='word_1_535' title='bbox 1766 3840 1900 3908; x_wconf 82' lang='lat' dir='ltr'><strong>Qui-</strong></span> 
     </span>
    </p>
   </div>
   <div class='ocr_carea' id='block_1_69' title="bbox 317 3928 1896 4001">
    <p class='ocr_par' dir='ltr' id='par_1_69' title="bbox 317 3928 1896 4001">
     <span class='ocr_line' id='line_1_69' title="bbox 317 3928 1896 4001; baseline 0.002 -18"><span class='ocrx_word' id='word_1_536' title='bbox 317 3928 419 3983; x_wconf 85' lang='lat' dir='ltr'><strong>bus</strong></span> <span class='ocrx_word' id='word_1_537' title='bbox 444 3928 874 3996; x_wconf 87' lang='lat' dir='ltr'><strong>advenientibus,</strong></span> <span class='ocrx_word' id='word_1_538' title='bbox 902 3929 1072 3986; x_wconf 87' lang='lat' dir='ltr'><strong>noluit</strong></span> <span class='ocrx_word' id='word_1_539' title='bbox 1102 3929 1213 3984; x_wconf 88' lang='lat' dir='ltr'><strong>suis</strong></span> <span class='ocrx_word' id='word_1_540' title='bbox 1238 3930 1512 3985; x_wconf 90' lang='lat' dir='ltr'><strong>obtutibus</strong></span> <span class='ocrx_word' id='word_1_541' title='bbox 1539 3934 1847 4001; x_wconf 64' lang='lat' dir='ltr'><strong>prmsentari</strong></span> <span class='ocrx_word' id='word_1_542' title='bbox 1884 3951 1896 3986; x_wconf 91' lang='lat'>:</span> 
     </span>
    </p>
   </div>
   <div class='ocr_carea' id='block_1_70' title="bbox 317 4022 1891 4094">
    <p class='ocr_par' dir='ltr' id='par_1_70' title="bbox 317 4022 1891 4094">
     <span class='ocr_line' id='line_1_70' title="bbox 317 4022 1891 4094; baseline -0.001 -16"><span class='ocrx_word' id='word_1_543' title='bbox 317 4022 523 4079; x_wconf 84' lang='lat' dir='ltr'><strong>scilicet</strong></span> <span class='ocrx_word' id='word_1_544' title='bbox 550 4032 609 4077; x_wconf 87' lang='lat' dir='ltr'><strong>ut</strong></span> <span class='ocrx_word' id='word_1_545' title='bbox 638 4023 787 4094; x_wconf 90' lang='lat' dir='ltr'><strong>prius</strong></span> <span class='ocrx_word' id='word_1_546' title='bbox 817 4023 994 4077; x_wconf 87' lang='lat' dir='ltr'><strong>habita</strong></span> <span class='ocrx_word' id='word_1_547' title='bbox 1022 4022 1319 4089; x_wconf 87' lang='lat' dir='ltr'><strong>audientia,</strong></span> <span class='ocrx_word' id='word_1_548' title='bbox 1350 4022 1395 4077; x_wconf 89' lang='lat' dir='ltr'><strong>si</strong></span> <span class='ocrx_word' id='word_1_549' title='bbox 1426 4023 1600 4078; x_wconf 90' lang='lat' dir='ltr'><strong>idonei</strong></span> <span class='ocrx_word' id='word_1_550' title='bbox 1629 4034 1650 4060; x_wconf 81' lang='grc' dir='ltr'>ο</span> <span class='ocrx_word' id='word_1_551' title='bbox 1679 4025 1891 4079; x_wconf 83' lang='lat' dir='ltr'><strong>inveni-</strong></span> 
     </span>
    </p>
   </div>
   <div class='ocr_carea' id='block_1_71' title="bbox 318 4114 1903 4187">
    <p class='ocr_par' dir='ltr' id='par_1_71' title="bbox 318 4114 1903 4187">
     <span class='ocr_line' id='line_1_71' title="bbox 318 4114 1903 4187; baseline 0 -16"><span class='ocrx_word' id='word_1_552' title='bbox 318 4122 530 4185; x_wconf 87' lang='lat' dir='ltr'><strong>rentur,</strong></span> <span class='ocrx_word' id='word_1_553' title='bbox 562 4114 639 4171; x_wconf 88' lang='lat' dir='ltr'><strong>sic</strong></span> <span class='ocrx_word' id='word_1_554' title='bbox 668 4115 811 4185; x_wconf 90' lang='lat' dir='ltr'><strong>regis</strong></span> <span class='ocrx_word' id='word_1_555' title='bbox 840 4115 1175 4186; x_wconf 84' lang='lat' dir='ltr'><strong>praesentiam</strong></span> <span class='ocrx_word' id='word_1_556' title='bbox 1206 4124 1560 4171; x_wconf 90' lang='lat' dir='ltr'><strong>mererentur.</strong></span> <span class='ocrx_word' id='word_1_557' title='bbox 1596 4116 1697 4171; x_wconf 88' lang='lat' dir='ltr'><strong>Sed</strong></span> <span class='ocrx_word' id='word_1_558' title='bbox 1729 4116 1903 4187; x_wconf 87' lang='lat' dir='ltr'><strong>Sagit-</strong></span> 
     </span>
    </p>
   </div>
   <div class='ocr_carea' id='block_1_72' title="bbox 318 4205 1904 4274">
    <p class='ocr_par' dir='ltr' id='par_1_72' title="bbox 318 4205 1904 4274">
     <span class='ocr_line' id='line_1_72' title="bbox 318 4205 1904 4274; baseline 0.001 -12"><span class='ocrx_word' id='word_1_559' title='bbox 318 4206 491 4262; x_wconf 90' lang='lat' dir='ltr'><strong>tarius</strong></span> <span class='ocrx_word' id='word_1_560' title='bbox 538 4205 663 4263; x_wconf 83' lang='lat' dir='ltr'><strong>felle</strong></span> <span class='ocrx_word' id='word_1_561' title='bbox 707 4217 1039 4274; x_wconf 89' lang='lat' dir='ltr'><strong>commotus,</strong></span> <span class='ocrx_word' id='word_1_562' title='bbox 1087 4206 1223 4261; x_wconf 89' lang='lat' dir='ltr'><strong>hanc</strong></span> <span class='ocrx_word' id='word_1_563' title='bbox 1262 4208 1521 4261; x_wconf 87' lang='lat' dir='ltr'><strong>rationem</strong></span> <span class='ocrx_word' id='word_1_564' title='bbox 1562 4206 1699 4263; x_wconf 89' lang='lat' dir='ltr'><strong>dure</strong></span> <span class='ocrx_word' id='word_1_565' title='bbox 1736 4210 1904 4263; x_wconf 89' lang='lat' dir='ltr'><strong>susci-</strong></span> 
     </span>
    </p>
   </div>
   <div class='ocr_carea' id='block_1_73' title="bbox 320 4298 1902 4372">
    <p class='ocr_par' dir='ltr' id='par_1_73' title="bbox 320 4298 1902 4372">
     <span class='ocr_line' id='line_1_73' title="bbox 320 4298 1902 4372; baseline 0.001 -19"><span class='ocrx_word' id='word_1_566' title='bbox 320 4299 498 4372; x_wconf 89' lang='lat' dir='ltr'><strong>piens,</strong></span> <span class='ocrx_word' id='word_1_567' title='bbox 528 4308 586 4355; x_wconf 90' lang='lat' dir='ltr'><strong>ut</strong></span> <span class='ocrx_word' id='word_1_568' title='bbox 612 4307 729 4356; x_wconf 85' lang='lat' dir='ltr'><strong>erat</strong></span> <span class='ocrx_word' id='word_1_569' title='bbox 754 4299 894 4356; x_wconf 88' lang='lat' dir='ltr'><strong>levis</strong></span> <span class='ocrx_word' id='word_1_570' title='bbox 920 4313 982 4354; x_wconf 92' lang='lat' dir='ltr'><strong>ac</strong></span> <span class='ocrx_word' id='word_1_571' title='bbox 1011 4311 1202 4365; x_wconf 90' lang='lat' dir='ltr'><strong>vanus,</strong></span> <span class='ocrx_word' id='word_1_572' title='bbox 1229 4306 1283 4353; x_wconf 90' lang='lat' dir='ltr'><strong>et</strong></span> <span class='ocrx_word' id='word_1_573' title='bbox 1312 4299 1363 4353; x_wconf 92' lang='lat' dir='ltr'><strong>in</strong></span> <span class='ocrx_word' id='word_1_574' title='bbox 1396 4298 1734 4354; x_wconf 84' lang='lat' dir='ltr'><strong>sermonibus</strong></span> <span class='ocrx_word' id='word_1_575' title='bbox 1764 4300 1902 4354; x_wconf 89' lang='lat' dir='ltr'><strong>irra-</strong></span> 
     </span>
    </p>
   </div>
   <div class='ocr_carea' id='block_1_74' title="bbox 321 4388 1903 4462">
    <p class='ocr_par' dir='ltr' id='par_1_74' title="bbox 321 4388 1903 4462">
     <span class='ocr_line' id='line_1_74' title="bbox 321 4388 1903 4462; baseline -0.001 -14"><span class='ocrx_word' id='word_1_576' title='bbox 321 4391 672 4448; x_wconf 84' lang='lat' dir='ltr'><strong>tionabilibus</strong></span> <span class='ocrx_word' id='word_1_577' title='bbox 718 4392 987 4462; x_wconf 83' lang='lat' dir='ltr'><strong>profluus,</strong></span> <span class='ocrx_word' id='word_1_578' title='bbox 1034 4390 1335 4447; x_wconf 88' lang='lat' dir='ltr'><strong>declamare</strong></span> <span class='ocrx_word' id='word_1_579' title='bbox 1376 4388 1602 4459; x_wconf 88' lang='lat' dir='ltr'><strong>plurima</strong></span> <span class='ocrx_word' id='word_1_580' title='bbox 1650 4389 1717 4446; x_wconf 89' lang='lat' dir='ltr'><strong>de</strong></span> <span class='ocrx_word' id='word_1_581' title='bbox 1775 4406 1903 4461; x_wconf 85' lang='lat' dir='ltr'><strong>rege</strong></span> 
     </span>
    </p>
   </div>
   <div class='ocr_carea' id='block_1_75' title="bbox 322 4483 1902 4555">
    <p class='ocr_par' dir='ltr' id='par_1_75' title="bbox 322 4483 1902 4555">
     <span class='ocr_line' id='line_1_75' title="bbox 322 4483 1902 4555; baseline -0.002 -13"><span class='ocrx_word' id='word_1_582' title='bbox 322 4484 509 4553; x_wconf 65' lang='lat' dir='ltr'><strong>etrapit,</strong></span> <span class='ocrx_word' id='word_1_583' title='bbox 540 4500 602 4541; x_wconf 86' lang='lat' dir='ltr'><strong>ac</strong></span> <span class='ocrx_word' id='word_1_584' title='bbox 640 4485 843 4551; x_wconf 89' lang='lat' dir='ltr'><strong>dicere,</strong></span> <span class='ocrx_word' id='word_1_585' title='bbox 876 4484 1019 4555; x_wconf 89' lang='lat' dir='ltr'><strong>quod</strong></span> <span class='ocrx_word' id='word_1_586' title='bbox 1050 4483 1144 4538; x_wconf 86' lang='lat' dir='ltr'><strong>lilii</strong></span> <span class='ocrx_word' id='word_1_587' title='bbox 1173 4484 1290 4553; x_wconf 79' lang='lat' dir='ltr'><strong>ejus</strong></span> <span class='ocrx_word' id='word_1_588' title='bbox 1320 4499 1540 4554; x_wconf 86' lang='lat' dir='ltr'><strong>regnum</strong></span> <span class='ocrx_word' id='word_1_589' title='bbox 1572 4497 1765 4552; x_wconf 89' lang='lat' dir='ltr'><strong>capere</strong></span> <span class='ocrx_word' id='word_1_590' title='bbox 1797 4498 1902 4539; x_wconf 91' lang='lat' dir='ltr'><strong>non</strong></span> 
     </span>
    </p>
   </div>
   <div class='ocr_carea' id='block_1_76' title="bbox 323 4573 1902 4647">
    <p class='ocr_par' dir='ltr' id='par_1_76' title="bbox 323 4573 1902 4647">
     <span class='ocr_line' id='line_1_76' title="bbox 323 4573 1902 4647; baseline -0.001 -15"><span class='ocrx_word' id='word_1_591' title='bbox 323 4585 576 4646; x_wconf 90' lang='lat' dir='ltr'><strong>possent,</strong></span> <span class='ocrx_word' id='word_1_592' title='bbox 609 4592 674 4633; x_wconf 92' lang='lat' dir='ltr'><strong>eo</strong></span> <span class='ocrx_word' id='word_1_593' title='bbox 704 4576 844 4647; x_wconf 91' lang='lat' dir='ltr'><strong>quod</strong></span> <span class='ocrx_word' id='word_1_594' title='bbox 887 4584 1055 4631; x_wconf 88' lang='lat' dir='ltr'><strong>mater</strong></span> <span class='ocrx_word' id='word_1_595' title='bbox 1085 4590 1267 4629; x_wconf 90' lang='lat' dir='ltr'><strong>eorum</strong></span> <span class='ocrx_word' id='word_1_596' title='bbox 1301 4590 1366 4629; x_wconf 81' lang='lat' dir='ltr'><strong>ex</strong></span> <span class='ocrx_word' id='word_1_597' title='bbox 1396 4573 1594 4629; x_wconf 89' lang='lat' dir='ltr'><strong>familia</strong></span> <span class='ocrx_word' id='word_1_598' title='bbox 1625 4573 1643 4613; x_wconf 73' lang='grc' dir='ltr'><strong>ί</strong></span> <span class='ocrx_word' id='word_1_599' title='bbox 1681 4575 1902 4645; x_wconf 87' lang='lat' dir='ltr'><strong>Magna-</strong></span> 
     </span>
    </p>
   </div>
   <div class='ocr_carea' id='block_1_77' title="bbox 2000 3373 3584 3451">
    <p class='ocr_par' dir='ltr' id='par_1_77' title="bbox 2000 3373 3584 3451">
     <span class='ocr_line' id='line_1_77' title="bbox 2000 3373 3584 3451; baseline -0.008 -12"><span class='ocrx_word' id='word_1_600' title='bbox 2000 3383 2225 3451; x_wconf 87' lang='lat' dir='ltr'><strong>mentio,</strong></span> <span class='ocrx_word' id='word_1_601' title='bbox 2248 3380 2427 3436; x_wconf 90' lang='lat' dir='ltr'><strong>nullus</strong></span> <span class='ocrx_word' id='word_1_602' title='bbox 2457 3378 2673 3432; x_wconf 90' lang='lat' dir='ltr'><strong>omnino</strong></span> <span class='ocrx_word' id='word_1_603' title='bbox 2699 3390 2887 3432; x_wconf 87' lang='lat' dir='ltr'><strong>cursus</strong></span> <span class='ocrx_word' id='word_1_604' title='bbox 2908 3384 2931 3422; x_wconf 70' lang='lat'><strong>8</strong></span> <span class='ocrx_word' id='word_1_605' title='bbox 2966 3374 3238 3429; x_wconf 56' lang='lat' dir='ltr'><strong>memoria</strong></span> <span class='ocrx_word' id='word_1_606' title='bbox 3267 3373 3584 3429; x_wconf 87' lang='lat' dir='ltr'><strong>habebatur.</strong></span> 
     </span>
    </p>
   </div>
   <div class='ocr_carea' id='block_1_78' title="bbox 2002 3456 3580 3541">
    <p class='ocr_par' dir='ltr' id='par_1_78' title="bbox 2002 3456 3580 3541">
     <span class='ocr_line' id='line_1_78' title="bbox 2002 3456 3580 3541; baseline -0.008 -10"><span class='ocrx_word' id='word_1_607' title='bbox 2002 3474 2280 3531; x_wconf 81' lang='lat' dir='ltr'><strong>Redeunte</strong></span> <span class='ocrx_word' id='word_1_608' title='bbox 2306 3471 2333 3510; x_wconf 67' lang='grc' dir='ltr'><strong>ιι</strong></span> <span class='ocrx_word' id='word_1_609' title='bbox 2363 3487 2587 3540; x_wconf 90' lang='lat' dir='ltr'><strong>aurora,</strong></span> <span class='ocrx_word' id='word_1_610' title='bbox 2619 3476 2896 3541; x_wconf 86' lang='lat' dir='ltr'><strong>surgentes</strong></span> <span class='ocrx_word' id='word_1_611' title='bbox 2943 3482 2971 3521; x_wconf 92' lang='lat' dir='ltr'><strong>a</strong></span> <span class='ocrx_word' id='word_1_612' title='bbox 3021 3480 3175 3522; x_wconf 87' lang='lat' dir='ltr'><strong>coena</strong></span> <span class='ocrx_word' id='word_1_613' title='bbox 3195 3506 3211 3532; x_wconf 89' lang='lat'><strong>,</strong></span> <span class='ocrx_word' id='word_1_614' title='bbox 3242 3464 3490 3519; x_wconf 89' lang='lat' dir='ltr'><strong>mollibus</strong></span> <span class='ocrx_word' id='word_1_615' title='bbox 3520 3456 3580 3519; x_wconf 81' lang='lat' dir='ltr'><strong>se</strong></span> 
     </span>
    </p>
   </div>
   <div class='ocr_carea' id='block_1_79' title="bbox 2005 3559 3587 3635">
    <p class='ocr_par' dir='ltr' id='par_1_79' title="bbox 2005 3559 3587 3635">
     <span class='ocr_line' id='line_1_79' title="bbox 2005 3559 3587 3635; baseline -0.005 -12"><span class='ocrx_word' id='word_1_616' title='bbox 2005 3568 2334 3623; x_wconf 87' lang='lat' dir='ltr'><strong>indumentis</strong></span> <span class='ocrx_word' id='word_1_617' title='bbox 2361 3565 2684 3635; x_wconf 89' lang='lat' dir='ltr'><strong>operientes,</strong></span> <span class='ocrx_word' id='word_1_618' title='bbox 2710 3576 2901 3619; x_wconf 89' lang='lat' dir='ltr'><strong>somno</strong></span> <span class='ocrx_word' id='word_1_619' title='bbox 2926 3560 3156 3631; x_wconf 89' lang='lat' dir='ltr'><strong>vinoque</strong></span> <span class='ocrx_word' id='word_1_620' title='bbox 3184 3559 3397 3630; x_wconf 88' lang='lat' dir='ltr'><strong>sepulti,</strong></span> <span class='ocrx_word' id='word_1_621' title='bbox 3417 3571 3587 3630; x_wconf 91' lang='lat' dir='ltr'><strong>usque</strong></span> 
     </span>
    </p>
   </div>
   <div class='ocr_carea' id='block_1_80' title="bbox 2004 3653 3589 3717">
    <p class='ocr_par' dir='ltr' id='par_1_80' title="bbox 2004 3653 3589 3717">
     <span class='ocr_line' id='line_1_80' title="bbox 2004 3653 3589 3717; baseline -0.006 0"><span class='ocrx_word' id='word_1_622' title='bbox 2004 3662 2069 3717; x_wconf 91' lang='lat' dir='ltr'><strong>ad</strong></span> <span class='ocrx_word' id='word_1_623' title='bbox 2102 3664 2287 3717; x_wconf 82' lang='lat' dir='ltr'><strong>horam</strong></span> <span class='ocrx_word' id='word_1_624' title='bbox 2317 3661 2421 3716; x_wconf 90' lang='lat' dir='ltr'><strong>diei</strong></span> <span class='ocrx_word' id='word_1_625' title='bbox 2454 3660 2663 3716; x_wconf 85' lang='lat' dir='ltr'><strong>tertiam</strong></span> <span class='ocrx_word' id='word_1_626' title='bbox 2694 3656 3051 3713; x_wconf 89' lang='lat' dir='ltr'><strong>dormiebant.</strong></span> <span class='ocrx_word' id='word_1_627' title='bbox 3080 3653 3185 3711; x_wconf 91' lang='lat' dir='ltr'><strong>Sed</strong></span> <span class='ocrx_word' id='word_1_628' title='bbox 3213 3668 3311 3709; x_wconf 91' lang='lat' dir='ltr'><strong>nec</strong></span> <span class='ocrx_word' id='word_1_629' title='bbox 3338 3653 3589 3708; x_wconf 83' lang='lat' dir='ltr'><strong>mulieres</strong></span> 
     </span>
    </p>
   </div>
   <div class='ocr_carea' id='block_1_81' title="bbox 2004 3739 3587 3825">
    <p class='ocr_par' dir='ltr' id='par_1_81' title="bbox 2004 3739 3587 3825">
     <span class='ocr_line' id='line_1_81' title="bbox 2004 3739 3587 3825; baseline -0.009 -13"><span class='ocrx_word' id='word_1_630' title='bbox 2004 3754 2229 3812; x_wconf 86' lang='lat' dir='ltr'><strong>deerant</strong></span> <span class='ocrx_word' id='word_1_631' title='bbox 2252 3770 2370 3812; x_wconf 90' lang='lat' dir='ltr'><strong>cum</strong></span> <span class='ocrx_word' id='word_1_632' title='bbox 2398 3754 2591 3825; x_wconf 86' lang='lat' dir='ltr'><strong>quibus</strong></span> <span class='ocrx_word' id='word_1_633' title='bbox 2621 3749 3380 3822; x_wconf 83' lang='lat' dir='ltr'><strong>polluerentur.Exsurgentcs</strong></span> <span class='ocrx_word' id='word_1_634' title='bbox 3402 3739 3587 3813; x_wconf 82' lang='lat' dir='ltr'><strong>igitur,</strong></span> 
     </span>
    </p>
   </div>
   <div class='ocr_carea' id='block_1_82' title="bbox 2005 3836 3589 3906">
    <p class='ocr_par' dir='ltr' id='par_1_82' title="bbox 2005 3836 3589 3906">
     <span class='ocr_line' id='line_1_82' title="bbox 2005 3836 3589 3906; baseline -0.008 -3"><span class='ocrx_word' id='word_1_635' title='bbox 2005 3850 2172 3904; x_wconf 90' lang='lat' dir='ltr'><strong>abluti</strong></span> <span class='ocrx_word' id='word_1_636' title='bbox 2216 3848 2418 3905; x_wconf 90' lang='lat' dir='ltr'><strong>balneis</strong></span> <span class='ocrx_word' id='word_1_637' title='bbox 2459 3846 2523 3901; x_wconf 92' lang='lat' dir='ltr'><strong>ad</strong></span> <span class='ocrx_word' id='word_1_638' title='bbox 2566 3843 2868 3900; x_wconf 89' lang='lat' dir='ltr'><strong>convivium</strong></span> <span class='ocrx_word' id='word_1_639' title='bbox 2913 3838 3355 3903; x_wconf 89' lang='lat' dir='ltr'><strong>discumbebant;</strong></span> <span class='ocrx_word' id='word_1_640' title='bbox 3388 3836 3453 3892; x_wconf 92' lang='lat' dir='ltr'><strong>de</strong></span> <span class='ocrx_word' id='word_1_641' title='bbox 3482 3851 3589 3906; x_wconf 84' lang='lat' dir='ltr'><strong>quo</strong></span> 
     </span>
    </p>
   </div>
   <div class='ocr_carea' id='block_1_83' title="bbox 2008 3925 3591 4010">
    <p class='ocr_par' dir='ltr' id='par_1_83' title="bbox 2008 3925 3591 4010">
     <span class='ocr_line' id='line_1_83' title="bbox 2008 3925 3591 4010; baseline -0.009 -17"><span class='ocrx_word' id='word_1_642' title='bbox 2008 3953 2237 4010; x_wconf 90' lang='lat' dir='ltr'><strong>vespere</strong></span> <span class='ocrx_word' id='word_1_643' title='bbox 2282 3946 2584 4008; x_wconf 88' lang='lat' dir='ltr'><strong>surgentes,</strong></span> <span class='ocrx_word' id='word_1_644' title='bbox 2620 3949 2787 3991; x_wconf 60' lang='lat' dir='ltr'><strong>coenae</strong></span> <span class='ocrx_word' id='word_1_645' title='bbox 2828 3931 3102 3987; x_wconf 89' lang='lat' dir='ltr'><strong>inhiabant</strong></span> <span class='ocrx_word' id='word_1_646' title='bbox 3141 3942 3307 3998; x_wconf 91' lang='lat' dir='ltr'><strong>usque</strong></span> <span class='ocrx_word' id='word_1_647' title='bbox 3347 3927 3413 3981; x_wconf 92' lang='lat' dir='ltr'><strong>ad</strong></span> <span class='ocrx_word' id='word_1_648' title='bbox 3460 3925 3591 3981; x_wconf 85' lang='lat' dir='ltr'><strong>illud</strong></span> 
     </span>
    </p>
   </div>
   <div class='ocr_carea' id='block_1_84' title="bbox 2004 4018 3592 4099">
    <p class='ocr_par' dir='ltr' id='par_1_84' title="bbox 2004 4018 3592 4099">
     <span class='ocr_line' id='line_1_84' title="bbox 2004 4018 3592 4099; baseline -0.008 -12"><span class='ocrx_word' id='word_1_649' title='bbox 2004 4032 2140 4087; x_wconf 88' lang='lat' dir='ltr'><strong>lucis</strong></span> <span class='ocrx_word' id='word_1_650' title='bbox 2178 4040 2417 4099; x_wconf 90' lang='lat' dir='ltr'><strong>tempus,</strong></span> <span class='ocrx_word' id='word_1_651' title='bbox 2448 4028 2587 4098; x_wconf 90' lang='lat' dir='ltr'><strong>quod</strong></span> <span class='ocrx_word' id='word_1_652' title='bbox 2634 4026 2878 4096; x_wconf 90' lang='lat' dir='ltr'><strong>superius</strong></span> <span class='ocrx_word' id='word_1_653' title='bbox 2918 4021 3168 4077; x_wconf 77' lang='lat' dir='ltr'><strong>diximus.</strong></span> <span class='ocrx_word' id='word_1_654' title='bbox 3202 4020 3291 4074; x_wconf 91' lang='lat' dir='ltr'><strong>Sic</strong></span> <span class='ocrx_word' id='word_1_655' title='bbox 3330 4018 3592 4074; x_wconf 83' lang='lat' dir='ltr'><strong>faciebant</strong></span> 
     </span>
    </p>
   </div>
   <div class='ocr_carea' id='block_1_85' title="bbox 2005 4107 3587 4193">
    <p class='ocr_par' dir='ltr' id='par_1_85' title="bbox 2005 4107 3587 4193">
     <span class='ocr_line' id='line_1_85' title="bbox 2005 4107 3587 4193; baseline -0.009 -14"><span class='ocrx_word' id='word_1_656' title='bbox 2005 4124 2232 4193; x_wconf 88' lang='lat' dir='ltr'><strong>singulis</strong></span> <span class='ocrx_word' id='word_1_657' title='bbox 2259 4122 2465 4187; x_wconf 79' lang='lat' dir='ltr'><strong>diebus,</strong></span> <span class='ocrx_word' id='word_1_658' title='bbox 2498 4119 2672 4174; x_wconf 89' lang='lat' dir='ltr'><strong>donec</strong></span> <span class='ocrx_word' id='word_1_659' title='bbox 2700 4119 2776 4171; x_wconf 91' lang='lat' dir='ltr'><strong>ira</strong></span> <span class='ocrx_word' id='word_1_660' title='bbox 2808 4115 2900 4170; x_wconf 88' lang='lat' dir='ltr'><strong>Dei</strong></span> <span class='ocrx_word' id='word_1_661' title='bbox 2932 4113 3087 4168; x_wconf 90' lang='lat' dir='ltr'><strong>irruit</strong></span> <span class='ocrx_word' id='word_1_662' title='bbox 3111 4126 3274 4182; x_wconf 87' lang='lat' dir='ltr'><strong>super</strong></span> <span class='ocrx_word' id='word_1_663' title='bbox 3300 4126 3414 4177; x_wconf 91' lang='lat' dir='ltr'><strong>eos,</strong></span> <span class='ocrx_word' id='word_1_664' title='bbox 3440 4107 3587 4181; x_wconf 82' lang='lat' dir='ltr'><strong>quod</strong></span> 
     </span>
    </p>
   </div>
   <div class='ocr_carea' id='block_1_86' title="bbox 2008 4202 3480 4285">
    <p class='ocr_par' dir='ltr' id='par_1_86' title="bbox 2008 4202 3480 4285">
     <span class='ocr_line' id='line_1_86' title="bbox 2008 4202 3480 4285; baseline -0.011 -14"><span class='ocrx_word' id='word_1_665' title='bbox 2008 4216 2061 4272; x_wconf 93' lang='lat' dir='ltr'><strong>in</strong></span> <span class='ocrx_word' id='word_1_666' title='bbox 2090 4224 2359 4285; x_wconf 89' lang='lat' dir='ltr'><strong>posterum</strong></span> <span class='ocrx_word' id='word_1_667' title='bbox 2380 4210 2720 4266; x_wconf 90' lang='lat' dir='ltr'><strong>memoraturi</strong></span> <span class='ocrx_word' id='word_1_668' title='bbox 2739 4222 2924 4264; x_wconf 82' lang='lat' dir='ltr'><strong>sumus</strong></span> <span class='ocrx_word' id='word_1_669' title='bbox 2943 4204 3080 4277; x_wconf 82' lang='lat' dir='ltr'><strong>(Lib.</strong></span> <span class='ocrx_word' id='word_1_670' title='bbox 3106 4220 3197 4270; x_wconf 88' lang='lat' dir='ltr'><strong>vn,</strong></span> <span class='ocrx_word' id='word_1_671' title='bbox 3223 4219 3341 4274; x_wconf 88' lang='lat' dir='ltr'><strong>cap.</strong></span> <span class='ocrx_word' id='word_1_672' title='bbox 3368 4202 3480 4272; x_wconf 83' lang='lat'><strong>59).</strong></span> 
     </span>
    </p>
   </div>
   <div class='ocr_carea' id='block_1_87' title="bbox 2082 4293 3592 4362">
    <p class='ocr_par' dir='ltr' id='par_1_87' title="bbox 2082 4293 3592 4362">
     <span class='ocr_line' id='line_1_87' title="bbox 2082 4293 3592 4362; baseline -0.011 0"><span class='ocrx_word' id='word_1_673' title='bbox 2082 4306 2243 4362; x_wconf 80' lang='lat' dir='ltr'><strong>XXII.</strong></span> <span class='ocrx_word' id='word_1_674' title='bbox 2284 4306 2433 4360; x_wconf 90' lang='lat' dir='ltr'><strong>Tunc</strong></span> <span class='ocrx_word' id='word_1_675' title='bbox 2463 4297 2847 4359; x_wconf 72' lang='lat' dir='ltr'><strong>Vuinnochusi</strong></span> <span class='ocrx_word' id='word_1_676' title='bbox 2877 4298 3043 4353; x_wconf 88' lang='lat' dir='ltr'><strong>Britto</strong></span> <span class='ocrx_word' id='word_1_677' title='bbox 3079 4297 3131 4352; x_wconf 85' lang='lat' dir='ltr'><strong>in</strong></span> <span class='ocrx_word' id='word_1_678' title='bbox 3178 4308 3383 4351; x_wconf 87' lang='lat' dir='ltr'><strong>summa</strong></span> <span class='ocrx_word' id='word_1_679' title='bbox 3427 4293 3592 4348; x_wconf 90' lang='lat' dir='ltr'><strong>absti-</strong></span> 
     </span>
    </p>
   </div>
   <div class='ocr_carea' id='block_1_88' title="bbox 2007 4386 3593 4459">
    <p class='ocr_par' dir='ltr' id='par_1_88' title="bbox 2007 4386 3593 4459">
     <span class='ocr_line' id='line_1_88' title="bbox 2007 4386 3593 4459; baseline -0.01 -4"><span class='ocrx_word' id='word_1_680' title='bbox 2007 4399 2183 4456; x_wconf 90' lang='lat' dir='ltr'><strong>nentia</strong></span> <span class='ocrx_word' id='word_1_681' title='bbox 2225 4414 2254 4453; x_wconf 89' lang='lat' dir='ltr'><strong>a</strong></span> <span class='ocrx_word' id='word_1_682' title='bbox 2304 4396 2586 4452; x_wconf 90' lang='lat' dir='ltr'><strong>Britanniis</strong></span> <span class='ocrx_word' id='word_1_683' title='bbox 2634 4393 2783 4449; x_wconf 88' lang='lat' dir='ltr'><strong>venit</strong></span> <span class='ocrx_word' id='word_1_684' title='bbox 2834 4389 3103 4456; x_wconf 90' lang='lat' dir='ltr'><strong>Turonis,</strong></span> <span class='ocrx_word' id='word_1_685' title='bbox 3166 4386 3593 4459; x_wconf 81' lang='lat' dir='ltr'><strong>Hierosolymam</strong></span> 
     </span>
    </p>
   </div>
   <div class='ocr_carea' id='block_1_89' title="bbox 2010 4478 3595 4559">
    <p class='ocr_par' dir='ltr' id='par_1_89' title="bbox 2010 4478 3595 4559">
     <span class='ocr_line' id='line_1_89' title="bbox 2010 4478 3595 4559; baseline -0.009 -11"><span class='ocrx_word' id='word_1_686' title='bbox 2010 4492 2263 4548; x_wconf 89' lang='lat' dir='ltr'><strong>accedere</strong></span> <span class='ocrx_word' id='word_1_687' title='bbox 2298 4490 2536 4559; x_wconf 91' lang='lat' dir='ltr'><strong>cupiens,</strong></span> <span class='ocrx_word' id='word_1_688' title='bbox 2578 4487 2783 4543; x_wconf 89' lang='lat' dir='ltr'><strong>nullum</strong></span> <span class='ocrx_word' id='word_1_689' title='bbox 2819 4482 2961 4539; x_wconf 90' lang='lat' dir='ltr'><strong>aliud</strong></span> <span class='ocrx_word' id='word_1_690' title='bbox 2991 4482 3366 4538; x_wconf 87' lang='lat' dir='ltr'><strong>vestimentum</strong></span> <span class='ocrx_word' id='word_1_691' title='bbox 3396 4479 3499 4535; x_wconf 86' lang='lat' dir='ltr'><strong>nisi</strong></span> <span class='ocrx_word' id='word_1_692' title='bbox 3525 4478 3595 4534; x_wconf 84' lang='lat' dir='ltr'><strong>de</strong></span> 
     </span>
    </p>
   </div>
   <div class='ocr_carea' id='block_1_90' title="bbox 2014 4576 3596 4655">
    <p class='ocr_par' dir='ltr' id='par_1_90' title="bbox 2014 4576 3596 4655">
     <span class='ocr_line' id='line_1_90' title="bbox 2014 4576 3596 4655; baseline -0.008 -17"><span class='ocrx_word' id='word_1_693' title='bbox 2014 4583 2236 4655; x_wconf 86' lang='lat' dir='ltr'><strong>pellibus</strong></span> <span class='ocrx_word' id='word_1_694' title='bbox 2262 4583 2439 4638; x_wconf 89' lang='lat' dir='ltr'><strong>ovium</strong></span> <span class='ocrx_word' id='word_1_695' title='bbox 2473 4582 2591 4636; x_wconf 89' lang='lat' dir='ltr'><strong>lana</strong></span> <span class='ocrx_word' id='word_1_696' title='bbox 2618 4577 2841 4650; x_wconf 87' lang='lat' dir='ltr'><strong>privatis</strong></span> <span class='ocrx_word' id='word_1_697' title='bbox 2880 4576 3083 4631; x_wconf 87' lang='lat' dir='ltr'><strong>habens</strong></span> <span class='ocrx_word' id='word_1_698' title='bbox 3117 4592 3132 4630; x_wconf 87' lang='lat'><strong>:</strong></span> <span class='ocrx_word' id='word_1_699' title='bbox 3177 4587 3343 4645; x_wconf 83' lang='lat' dir='ltr'><strong>quem</strong></span> <span class='ocrx_word' id='word_1_700' title='bbox 3364 4586 3461 4628; x_wconf 89' lang='lat' dir='ltr'><strong>nos</strong></span> <span class='ocrx_word' id='word_1_701' title='bbox 3488 4584 3596 4641; x_wconf 88' lang='lat' dir='ltr'><strong>quo</strong></span> 
     </span>
    </p>
   </div>
   <div class='ocr_carea' id='block_1_91' title="bbox 324 4658 3596 4746">
    <p class='ocr_par' dir='ltr' id='par_1_91' title="bbox 324 4658 3596 4746">
     <span class='ocr_line' id='line_1_91' title="bbox 324 4658 3596 4746; baseline -0.007 -5"><span class='ocrx_word' id='word_1_702' title='bbox 324 4669 494 4728; x_wconf 67' lang='grc' dir='ltr'><strong>ωιπίί</strong></span> <span class='ocrx_word' id='word_1_703' title='bbox 521 4670 787 4741; x_wconf 71' lang='lat' dir='ltr'><strong>quondam</strong></span> <span class='ocrx_word' id='word_1_704' title='bbox 836 4669 1030 4737; x_wconf 62' lang='lat' dir='ltr'><strong>380m:</strong></span> <span class='ocrx_word' id='word_1_705' title='bbox 1064 4669 1205 4740; x_wconf 70' lang='grc' dir='ltr'><strong>τεείε</strong></span> <span class='ocrx_word' id='word_1_706' title='bbox 1235 4676 1409 4724; x_wconf 60' lang='lat' dir='ltr'><strong>mrum</strong></span> <span class='ocrx_word' id='word_1_707' title='bbox 1436 4667 1660 4725; x_wconf 55' lang='lat' dir='ltr'><strong>adiisset</strong></span> <span class='ocrx_word' id='word_1_708' title='bbox 1701 4686 1712 4721; x_wconf 75' lang='grc' dir='ltr'>ε</span> <span class='ocrx_word' id='word_1_709' title='bbox 1758 4670 1904 4739; x_wconf 69' lang='grc' dir='ltr'><strong>ίςηο-</strong></span> <span class='ocrx_word' id='word_1_710' title='bbox 1935 4686 1990 4746; x_wconf 83' lang='grc' dir='ltr'>Ῑ)</span> <span class='ocrx_word' id='word_1_711' title='bbox 2012 4676 2218 4733; x_wconf 87' lang='lat' dir='ltr'><strong>facilius</strong></span> <span class='ocrx_word' id='word_1_712' title='bbox 2247 4686 2574 4740; x_wconf 90' lang='lat' dir='ltr'><strong>teneremus,</strong></span> <span class='ocrx_word' id='word_1_713' title='bbox 2605 4672 2728 4744; x_wconf 88' lang='lat' dir='ltr'><strong>quia</strong></span> <span class='ocrx_word' id='word_1_714' title='bbox 2768 4669 2921 4728; x_wconf 89' lang='lat' dir='ltr'><strong>nobis</strong></span> <span class='ocrx_word' id='word_1_715' title='bbox 2952 4658 3236 4741; x_wconf 89' lang='lat' dir='ltr'><strong>religiosus</strong></span> <span class='ocrx_word' id='word_1_716' title='bbox 3261 4665 3421 4723; x_wconf 88' lang='lat' dir='ltr'><strong>valde</strong></span> <span class='ocrx_word' id='word_1_717' title='bbox 3449 4665 3596 4720; x_wconf 87' lang='lat' dir='ltr'><strong>vide-</strong></span> 
     </span>
    </p>
   </div>
   <div class='ocr_carea' id='block_1_92' title="bbox 397 4825 1217 4903">
    <p class='ocr_par' dir='ltr' id='par_1_92' title="bbox 397 4825 1217 4903">
     <span class='ocr_line' id='line_1_92' title="bbox 397 4825 1217 4903; baseline -0.012 -16"><span class='ocrx_word' id='word_1_718' title='bbox 397 4841 426 4871; x_wconf 76' lang='grc' dir='ltr'>ι</span> <span class='ocrx_word' id='word_1_719' title='bbox 460 4833 647 4903; x_wconf 75' lang='lat' dir='ltr'><strong>ltegm.</strong></span> <span class='ocrx_word' id='word_1_720' title='bbox 670 4844 775 4885; x_wconf 89' lang='lat' dir='ltr'><strong>non</strong></span> <span class='ocrx_word' id='word_1_721' title='bbox 806 4828 965 4903; x_wconf 81' lang='lat' dir='ltr'><strong>habet</strong></span> <span class='ocrx_word' id='word_1_722' title='bbox 994 4825 1217 4903; x_wconf 69' lang='lat' dir='ltr'><strong>prandii.</strong></span> 
     </span>
    </p>
   </div>
   <div class='ocr_carea' id='block_1_93' title="bbox 396 4892 1907 4965">
    <p class='ocr_par' dir='ltr' id='par_1_93' title="bbox 396 4892 1907 4965">
     <span class='ocr_line' id='line_1_93' title="bbox 396 4892 1907 4965; baseline -0.005 -7"><span class='ocrx_word' id='word_1_723' title='bbox 396 4903 427 4944; x_wconf 72' lang='grc'><strong>1)</strong></span> <span class='ocrx_word' id='word_1_724' title='bbox 475 4892 797 4958; x_wconf 66' lang='grc' dir='ltr'><strong>Ρδῖτὶθτοιιω</strong></span> <span class='ocrx_word' id='word_1_725' title='bbox 848 4892 1057 4953; x_wconf 83' lang='lat' dir='ltr'><strong>titulum</strong></span> <span class='ocrx_word' id='word_1_726' title='bbox 1110 4897 1193 4951; x_wconf 88' lang='lat' dir='ltr'><strong>hic</strong></span> <span class='ocrx_word' id='word_1_727' title='bbox 1236 4895 1444 4951; x_wconf 88' lang='lat' dir='ltr'><strong>Nicetio</strong></span> <span class='ocrx_word' id='word_1_728' title='bbox 1494 4892 1675 4949; x_wconf 88' lang='lat' dir='ltr'><strong>datum</strong></span> <span class='ocrx_word' id='word_1_729' title='bbox 1721 4893 1907 4965; x_wconf 87' lang='lat' dir='ltr'><strong>objicit</strong></span> 
     </span>
    </p>
   </div>
   <div class='ocr_carea' id='block_1_94' title="bbox 328 4966 1907 5040">
    <p class='ocr_par' dir='ltr' id='par_1_94' title="bbox 328 4966 1907 5040">
     <span class='ocr_line' id='line_1_94' title="bbox 328 4966 1907 5040; baseline -0.009 -7"><span class='ocrx_word' id='word_1_730' title='bbox 328 4976 594 5038; x_wconf 89' lang='lat' dir='ltr'><strong>Cointius,</strong></span> <span class='ocrx_word' id='word_1_731' title='bbox 617 4984 671 5027; x_wconf 93' lang='lat' dir='ltr'><strong>ut</strong></span> <span class='ocrx_word' id='word_1_732' title='bbox 704 4972 888 5040; x_wconf 84' lang='lat' dir='ltr'><strong>probet</strong></span> <span class='ocrx_word' id='word_1_733' title='bbox 912 4984 973 5023; x_wconf 92' lang='lat' dir='ltr'><strong>ea</strong></span> <span class='ocrx_word' id='word_1_734' title='bbox 1005 4982 1123 5040; x_wconf 66' lang='lat' dir='ltr'><strong>quae</strong></span> <span class='ocrx_word' id='word_1_735' title='bbox 1149 4967 1235 5021; x_wconf 84' lang='lat' dir='ltr'><strong>hic</strong></span> <span class='ocrx_word' id='word_1_736' title='bbox 1259 4968 1327 5021; x_wconf 89' lang='lat' dir='ltr'><strong>de</strong></span> <span class='ocrx_word' id='word_1_737' title='bbox 1357 4966 1646 5040; x_wconf 69' lang='lat' dir='ltr'><strong>Sagittario</strong></span> <span class='ocrx_word' id='word_1_738' title='bbox 1675 4966 1907 5040; x_wconf 79' lang='lat' dir='ltr'><strong>et_S_alo-</strong></span> 
     </span>
    </p>
   </div>
   <div class='ocr_carea' id='block_1_95' title="bbox 330 5036 1909 5109">
    <p class='ocr_par' dir='ltr' id='par_1_95' title="bbox 330 5036 1909 5109">
     <span class='ocr_line' id='line_1_95' title="bbox 330 5036 1909 5109; baseline -0.009 -7"><span class='ocrx_word' id='word_1_739' title='bbox 330 5049 425 5102; x_wconf 89' lang='lat' dir='ltr'><strong>nio</strong></span> <span class='ocrx_word' id='word_1_740' title='bbox 447 5036 766 5109; x_wconf 73' lang='lat' dir='ltr'><strong>referuntur,</strong></span> <span class='ocrx_word' id='word_1_741' title='bbox 785 5042 851 5096; x_wconf 90' lang='lat' dir='ltr'><strong>ab</strong></span> <span class='ocrx_word' id='word_1_742' title='bbox 872 5041 1050 5108; x_wconf 87' lang='lat' dir='ltr'><strong>aliquo</strong></span> <span class='ocrx_word' id='word_1_743' title='bbox 1068 5039 1452 5109; x_wconf 87' lang='lat' dir='ltr'><strong>interpolatore</strong></span> <span class='ocrx_word' id='word_1_744' title='bbox 1474 5036 1909 5109; x_wconf 11' lang='lat' dir='ltr'><strong>Gregoriigl’listo-A-</strong></span> 
     </span>
    </p>
   </div>
   <div class='ocr_carea' id='block_1_96' title="bbox 328 5105 1903 5174">
    <p class='ocr_par' dir='ltr' id='par_1_96' title="bbox 328 5105 1903 5174">
     <span class='ocr_line' id='line_1_96' title="bbox 328 5105 1903 5174; baseline -0.01 0"><span class='ocrx_word' id='word_1_745' title='bbox 328 5120 426 5174; x_wconf 74' lang='lat' dir='ltr'><strong>ria:</strong></span> <span class='ocrx_word' id='word_1_746' title='bbox 466 5115 641 5169; x_wconf 85' lang='lat' dir='ltr'><strong>addita</strong></span> <span class='ocrx_word' id='word_1_747' title='bbox 683 5105 867 5167; x_wconf 72' lang='lat' dir='ltr'><strong>fuisse.</strong></span> <span class='ocrx_word' id='word_1_748' title='bbox 914 5105 1017 5165; x_wconf 71' lang='lat' dir='ltr'><strong>seu</strong></span> <span class='ocrx_word' id='word_1_749' title='bbox 1064 5105 1227 5162; x_wconf 49' lang='lat' dir='ltr'><strong>idem&#39;</strong></span> <span class='ocrx_word' id='word_1_750' title='bbox 1261 5107 1440 5162; x_wconf 89' lang='lat' dir='ltr'><strong>titulus</strong></span> <span class='ocrx_word' id='word_1_751' title='bbox 1486 5105 1668 5161; x_wconf 83' lang='lat' dir='ltr'><strong>Prisco</strong></span> <span class='ocrx_word' id='word_1_752' title='bbox 1714 5107 1903 5160; x_wconf 84' lang='lat' dir='ltr'><strong>Nicetii</strong></span> 
     </span>
    </p>
   </div>
   <div class='ocr_carea' id='block_1_97' title="bbox 330 5174 1907 5245">
    <p class='ocr_par' dir='ltr' id='par_1_97' title="bbox 330 5174 1907 5245">
     <span class='ocr_line' id='line_1_97' title="bbox 330 5174 1907 5245; baseline -0.01 -1"><span class='ocrx_word' id='word_1_753' title='bbox 330 5187 631 5245; x_wconf 69' lang='lat' dir='ltr'><strong>successbri</strong></span> <span class='ocrx_word' id='word_1_754' title='bbox 673 5187 828 5239; x_wconf 84' lang='lat' dir='ltr'><strong>datur</strong></span> <span class='ocrx_word' id='word_1_755' title='bbox 870 5182 922 5234; x_wconf 92' lang='lat' dir='ltr'><strong>in</strong></span> <span class='ocrx_word' id='word_1_756' title='bbox 970 5179 1207 5232; x_wconf 83' lang='lat' dir='ltr'><strong>Concilio</strong></span> <span class='ocrx_word' id='word_1_757' title='bbox 1243 5179 1518 5231; x_wconf 77' lang='lat' dir='ltr'><strong>Matiscon.</strong></span> <span class='ocrx_word' id='word_1_758' title='bbox 1551 5192 1610 5230; x_wconf 88' lang='grc' dir='ltr'><strong>ιι.</strong></span> <span class='ocrx_word' id='word_1_759' title='bbox 1640 5174 1907 5244; x_wconf 90' lang='lat' dir='ltr'><strong>Sulpicius</strong></span> 
     </span>
    </p>
   </div>
   <div class='ocr_carea' id='block_1_98' title="bbox 334 5246 1907 5328">
    <p class='ocr_par' dir='ltr' id='par_1_98' title="bbox 334 5246 1907 5328">
     <span class='ocr_line' id='line_1_98' title="bbox 334 5246 1907 5328; baseline -0.009 -15"><span class='ocrx_word' id='word_1_760' title='bbox 334 5259 502 5328; x_wconf 88' lang='lat' dir='ltr'><strong>episc.</strong></span> <span class='ocrx_word' id='word_1_761' title='bbox 540 5257 765 5328; x_wconf 79' lang='lat' dir='ltr'><strong>Bituric._</strong></span> <span class='ocrx_word' id='word_1_762' title='bbox 783 5254 986 5328; x_wconf 85' lang='lat' dir='ltr'><strong>dicitur</strong></span> <span class='ocrx_word' id='word_1_763' title='bbox 1016 5250 1318 5328; x_wconf 70' lang='lat' dir='ltr'><strong>patriarcha</strong></span> <span class='ocrx_word' id='word_1_764' title='bbox 1357 5247 1614 5328; x_wconf 29' lang='lat' dir='ltr'><strong>iAnHepist.</strong></span> <span class='ocrx_word' id='word_1_765' title='bbox 1646 5246 1907 5328; x_wconf 65' lang='lat' dir='ltr'><strong>Qesiderii</strong></span> 
     </span>
    </p>
   </div>
   <div class='ocr_carea' id='block_1_99' title="bbox 334 5316 1912 5386">
    <p class='ocr_par' dir='ltr' id='par_1_99' title="bbox 334 5316 1912 5386">
     <span class='ocr_line' id='line_1_99' title="bbox 334 5316 1912 5386; baseline -0.01 -1"><span class='ocrx_word' id='word_1_766' title='bbox 334 5316 709 5385; x_wconf 73' lang='lat' dir='ltr'><strong>cadurcensis.</strong></span> <span class='ocrx_word' id='word_1_767' title='bbox 739 5326 933 5379; x_wconf 81' lang='lat' dir='ltr'><strong>Chesn.</strong></span> <span class='ocrx_word' id='word_1_768' title='bbox 966 5316 1095 5373; x_wconf 85' lang='lat' dir='ltr'><strong>tom.</strong></span> <span class='ocrx_word' id='word_1_769' title='bbox 1130 5320 1168 5383; x_wconf 94' lang='lat' dir='ltr'><strong>l,</strong></span> <span class='ocrx_word' id='word_1_770' title='bbox 1202 5333 1320 5386; x_wconf 85' lang='lat' dir='ltr'><strong>pag.</strong></span> <span class='ocrx_word' id='word_1_771' title='bbox 1354 5318 1479 5382; x_wconf 80' lang='lat'><strong>880,</strong></span> <span class='ocrx_word' id='word_1_772' title='bbox 1513 5331 1611 5371; x_wconf 89' lang='lat' dir='ltr'><strong>nec</strong></span> <span class='ocrx_word' id='word_1_773' title='bbox 1640 5316 1793 5370; x_wconf 86' lang='lat' dir='ltr'><strong>alteri</strong></span> <span class='ocrx_word' id='word_1_774' title='bbox 1824 5331 1912 5370; x_wconf 79' lang='lat' dir='ltr'><strong>us-</strong></span> 
     </span>
    </p>
   </div>
   <div class='ocr_carea' id='block_1_100' title="bbox 335 5386 1908 5470">
    <p class='ocr_par' dir='ltr' id='par_1_100' title="bbox 335 5386 1908 5470">
     <span class='ocr_line' id='line_1_100' title="bbox 335 5386 1908 5470; baseline -0.01 -15"><span class='ocrx_word' id='word_1_775' title='bbox 335 5416 493 5470; x_wconf 90' lang='lat' dir='ltr'><strong>quam</strong></span> <span class='ocrx_word' id='word_1_776' title='bbox 527 5395 939 5470; x_wconf 71' lang='lat' dir='ltr'><strong>metropolitano</strong></span> <span class='ocrx_word' id='word_1_777' title='bbox 962 5403 1248 5470; x_wconf 43' lang='lat' dir='ltr'><strong>concess‘us</strong></span> <span class='ocrx_word' id='word_1_778' title='bbox 1278 5388 1469 5470; x_wconf 73' lang='lat' dir='ltr'><strong>legitur</strong></span> <span class='ocrx_word' id='word_1_779' title='bbox 1489 5387 1540 5441; x_wconf 91' lang='lat' dir='ltr'><strong>in</strong></span> <span class='ocrx_word' id='word_1_780' title='bbox 1554 5387 1677 5470; x_wconf 82' lang='lat' dir='ltr'><strong>aliis</strong></span> <span class='ocrx_word' id='word_1_781' title='bbox 1702 5386 1908 5470; x_wconf 64' lang='lat' dir='ltr'><strong>illorum</strong></span> 
     </span>
    </p>
   </div>
   <div class='ocr_carea' id='block_1_101' title="bbox 336 5456 1914 5540">
    <p class='ocr_par' dir='ltr' id='par_1_101' title="bbox 336 5456 1914 5540">
     <span class='ocr_line' id='line_1_101' title="bbox 336 5456 1914 5540; baseline -0.011 -14"><span class='ocrx_word' id='word_1_782' title='bbox 336 5456 638 5540; x_wconf 65' lang='lat' dir='ltr'><strong>temporum</strong></span> <span class='ocrx_word' id='word_1_783' title='bbox 672 5456 860 5540; x_wconf 54' lang='lat' dir='ltr'><strong>Gallia;</strong></span> <span class='ocrx_word' id='word_1_784' title='bbox 885 5462 1123 5540; x_wconf 78' lang='lat' dir='ltr'><strong>synodis.</strong></span> <span class='ocrx_word' id='word_1_785' title='bbox 1152 5458 1657 5540; x_wconf 43' lang='lat' dir='ltr'><strong>Conciliumnautem</strong></span> <span class='ocrx_word' id='word_1_786' title='bbox 1679 5456 1914 5540; x_wconf 48' lang='lat' dir='ltr'><strong>.Lpgdu-</strong></span> 
     </span>
    </p>
   </div>
   <div class='ocr_carea' id='block_1_102' title="bbox 336 5527 1915 5609">
    <p class='ocr_par' dir='ltr' id='par_1_102' title="bbox 336 5527 1915 5609">
     <span class='ocr_line' id='line_1_102' title="bbox 336 5527 1915 5609; baseline -0.009 -13"><span class='ocrx_word' id='word_1_787' title='bbox 336 5527 531 5607; x_wconf 65' lang='lat' dir='ltr'><strong>nenae,</strong></span> <span class='ocrx_word' id='word_1_788' title='bbox 554 5542 622 5595; x_wconf 89' lang='lat' dir='ltr'><strong>de</strong></span> <span class='ocrx_word' id='word_1_789' title='bbox 659 5552 766 5609; x_wconf 90' lang='lat' dir='ltr'><strong>quo</strong></span> <span class='ocrx_word' id='word_1_790' title='bbox 812 5535 895 5590; x_wconf 90' lang='lat' dir='ltr'><strong>hic</strong></span> <span class='ocrx_word' id='word_1_791' title='bbox 916 5527 1135 5604; x_wconf 62' lang='lat' dir='ltr'><strong>&#39;agitur,</strong></span> <span class='ocrx_word' id='word_1_792' title='bbox 1167 5546 1205 5585; x_wconf 86' lang='lat' dir='ltr'><strong>tt</strong></span> <span class='ocrx_word' id='word_1_793' title='bbox 1237 5531 1393 5600; x_wconf 80' lang='lat' dir='ltr'><strong>vulgo</strong></span> <span class='ocrx_word' id='word_1_794' title='bbox 1434 5528 1649 5595; x_wconf 89' lang='lat' dir='ltr'><strong>dicitur,</strong></span> <span class='ocrx_word' id='word_1_795' title='bbox 1677 5527 1915 5582; x_wconf 83' lang='lat' dir='ltr'><strong>habitum</strong></span> 
     </span>
    </p>
   </div>
   <div class='ocr_carea' id='block_1_103' title="bbox 336 5611 631 5668">
    <p class='ocr_par' dir='ltr' id='par_1_103' title="bbox 336 5611 631 5668">
     <span class='ocr_line' id='line_1_103' title="bbox 336 5611 631 5668; baseline 0.003 -2"><span class='ocrx_word' id='word_1_796' title='bbox 336 5627 481 5668; x_wconf 90' lang='lat' dir='ltr'><strong>anno</strong></span> <span class='ocrx_word' id='word_1_797' title='bbox 508 5611 631 5667; x_wconf 80' lang='lat'><strong>567.</strong></span> 
     </span>
    </p>
   </div>
   <div class='ocr_carea' id='block_1_104' title="bbox 422 5669 1917 5746">
    <p class='ocr_par' dir='ltr' id='par_1_104' title="bbox 422 5669 1917 5746">
     <span class='ocr_line' id='line_1_104' title="bbox 422 5669 1917 5746; baseline -0.01 -7"><span class='ocrx_word' id='word_1_798' title='bbox 422 5683 709 5739; x_wconf 70' lang='lat' dir='ltr'><strong>c&#39;Joaunes</strong></span> <span class='ocrx_word' id='word_1_799' title='bbox 754 5678 842 5743; x_wconf 91' lang='grc'><strong>111,</strong></span> <span class='ocrx_word' id='word_1_800' title='bbox 884 5684 1242 5746; x_wconf 89' lang='lat' dir='ltr'><strong>cognomento</strong></span> <span class='ocrx_word' id='word_1_801' title='bbox 1288 5670 1601 5746; x_wconf 85' lang='lat' dir='ltr'><strong>Catellinus,</strong></span> <span class='ocrx_word' id='word_1_802' title='bbox 1644 5669 1711 5724; x_wconf 89' lang='lat' dir='ltr'><strong>ad</strong></span> <span class='ocrx_word' id='word_1_803' title='bbox 1761 5684 1917 5739; x_wconf 89' lang='lat' dir='ltr'><strong>quem</strong></span> 
     </span>
    </p>
   </div>
   <div class='ocr_carea' id='block_1_105' title="bbox 344 5744 1878 5824">
    <p class='ocr_par' dir='ltr' id='par_1_105' title="bbox 344 5744 1878 5824">
     <span class='ocr_line' id='line_1_105' title="bbox 344 5744 1878 5824; baseline -0.008 -15"><span class='ocrx_word' id='word_1_804' title='bbox 344 5753 609 5824; x_wconf 81' lang='lat' dir='ltr'><strong>permissu</strong></span> <span class='ocrx_word' id='word_1_805' title='bbox 634 5752 796 5821; x_wconf 87' lang='lat' dir='ltr'><strong>regis,</strong></span> <span class='ocrx_word' id='word_1_806' title='bbox 822 5758 879 5802; x_wconf 91' lang='lat' dir='ltr'><strong>ut</strong></span> <span class='ocrx_word' id='word_1_807' title='bbox 905 5744 1494 5824; x_wconf 69' lang='lat' dir='ltr'><strong>observatGregorius,</strong></span> <span class='ocrx_word' id='word_1_808' title='bbox 1519 5748 1878 5798; x_wconf 86' lang='lat' dir='ltr'><strong>accesserant.</strong></span> 
     </span>
    </p>
   </div>
   <div class='ocr_carea' id='block_1_106' title="bbox 417 5817 1445 5891">
    <p class='ocr_par' dir='ltr' id='par_1_106' title="bbox 417 5817 1445 5891">
     <span class='ocr_line' id='line_1_106' title="bbox 417 5817 1445 5891; baseline -0.012 -13"><span class='ocrx_word' id='word_1_809' title='bbox 417 5820 445 5862; x_wconf 71' lang='grc' dir='ltr'><strong><em>ἀ</em></strong></span> <span class='ocrx_word' id='word_1_810' title='bbox 477 5817 930 5891; x_wconf 68' lang='grc' dir='ltr'><strong>Βθεω.,’γεηιοιοε</strong></span> <span class='ocrx_word' id='word_1_811' title='bbox 960 5818 1121 5891; x_wconf 62' lang='lat' dir='ltr'><strong>astris</strong></span> <span class='ocrx_word' id='word_1_812' title='bbox 1153 5817 1445 5891; x_wconf 62' lang='lat' dir='ltr'><strong>honoribus.</strong></span> 
     </span>
    </p>
   </div>
   <div class='ocr_carea' id='block_1_107' title="bbox 424 5879 1920 5960">
    <p class='ocr_par' dir='ltr' id='par_1_107' title="bbox 424 5879 1920 5960">
     <span class='ocr_line' id='line_1_107' title="bbox 424 5879 1920 5960; baseline -0.007 -10"><span class='ocrx_word' id='word_1_813' title='bbox 424 5903 448 5932; x_wconf 71' lang='grc' dir='ltr'><strong>ε</strong></span> <span class='ocrx_word' id='word_1_814' title='bbox 490 5893 543 5949; x_wconf 92' lang='lat' dir='ltr'><strong>ld</strong></span> <span class='ocrx_word' id='word_1_815' title='bbox 559 5879 687 5960; x_wconf 47' lang='lat' dir='ltr'><strong>“est,</strong></span> <span class='ocrx_word' id='word_1_816' title='bbox 708 5894 905 5959; x_wconf 88' lang='lat' dir='ltr'><strong>absque</strong></span> <span class='ocrx_word' id='word_1_817' title='bbox 930 5887 1172 5955; x_wconf 88' lang='lat' dir='ltr'><strong>crimine,</strong></span> <span class='ocrx_word' id='word_1_818' title='bbox 1205 5897 1260 5944; x_wconf 92' lang='lat' dir='ltr'><strong>ut</strong></span> <span class='ocrx_word' id='word_1_819' title='bbox 1301 5885 1495 5957; x_wconf 89' lang='lat' dir='ltr'><strong>passim</strong></span> <span class='ocrx_word' id='word_1_820' title='bbox 1527 5883 1759 5954; x_wconf 84' lang='lat' dir='ltr'><strong>loquitur</strong></span> <span class='ocrx_word' id='word_1_821' title='bbox 1790 5879 1920 5939; x_wconf 77' lang='lat' dir='ltr'><strong>Gre-</strong></span> 
     </span>
    </p>
   </div>
   <div class='ocr_carea' id='block_1_108' title="bbox 2009 4818 3597 4899">
    <p class='ocr_par' dir='ltr' id='par_1_108' title="bbox 2009 4818 3597 4899">
     <span class='ocr_line' id='line_1_108' title="bbox 2009 4818 3597 4899; baseline -0.008 -14"><span class='ocrx_word' id='word_1_822' title='bbox 2009 4832 2223 4899; x_wconf 81' lang='lat' dir='ltr'><strong>gorius;</strong></span> <span class='ocrx_word' id='word_1_823' title='bbox 2258 4830 2381 4886; x_wconf 91' lang='lat' dir='ltr'><strong>inde</strong></span> <span class='ocrx_word' id='word_1_824' title='bbox 2410 4830 2462 4884; x_wconf 90' lang='lat' dir='ltr'><strong>in</strong></span> <span class='ocrx_word' id='word_1_825' title='bbox 2493 4825 2887 4898; x_wconf 85' lang='lat' dir='ltr'><strong>Capitularibus</strong></span> <span class='ocrx_word' id='word_1_826' title='bbox 2913 4821 3250 4877; x_wconf 76' lang='lat' dir='ltr'><strong>seidoneare.</strong></span> <span class='ocrx_word' id='word_1_827' title='bbox 3280 4818 3417 4875; x_wconf 78' lang='lat' dir='ltr'><strong>Vide</strong></span> <span class='ocrx_word' id='word_1_828' title='bbox 3449 4819 3597 4877; x_wconf 83' lang='lat' dir='ltr'><strong>Alte-</strong></span> 
     </span>
    </p>
   </div>
   <div class='ocr_carea' id='block_1_109' title="bbox 2012 4912 3589 5040">
    <p class='ocr_par' dir='ltr' id='par_1_109' title="bbox 2012 4912 3589 5040">
     <span class='ocr_line' id='line_1_109' title="bbox 2012 4912 3589 5040; baseline -0.008 -13"><span class='ocrx_word' id='word_1_829' title='bbox 2012 4912 2489 5040; x_wconf 43' lang='lat' dir='ltr'><strong>selirafdngstffqum</strong></span> <span class='ocrx_word' id='word_1_830' title='bbox 2520 4971 2690 5024; x_wconf 84' lang='lat' dir='ltr'><strong>fuerat</strong></span> <span class='ocrx_word' id='word_1_831' title='bbox 2717 4966 2913 5040; x_wconf 71' lang='lat' dir='ltr'><strong>ancilla</strong></span> <span class='ocrx_word' id='word_1_832' title='bbox 2942 4965 2997 5021; x_wconf 92' lang='lat' dir='ltr'><strong>in</strong></span> <span class='ocrx_word' id='word_1_833' title='bbox 3028 4962 3188 5019; x_wconf 91' lang='lat' dir='ltr'><strong>domo</strong></span> <span class='ocrx_word' id='word_1_834' title='bbox 3206 4960 3589 5032; x_wconf 81' lang='lat' dir='ltr'><strong>Magnacbarii.</strong></span> 
     </span>
    </p>
   </div>
   <div class='ocr_carea' id='block_1_110' title="bbox 2017 5038 2849 5112">
    <p class='ocr_par' dir='ltr' id='par_1_110' title="bbox 2017 5038 2849 5112">
     <span class='ocr_line' id='line_1_110' title="bbox 2017 5038 2849 5112; baseline -0.012 -14"><span class='ocrx_word' id='word_1_835' title='bbox 2017 5042 2148 5098; x_wconf 78' lang='lat' dir='ltr'><strong>Vide</strong></span> <span class='ocrx_word' id='word_1_836' title='bbox 2175 5038 2335 5112; x_wconf 82' lang='lat' dir='ltr'><strong>supra</strong></span> <span class='ocrx_word' id='word_1_837' title='bbox 2362 5038 2476 5096; x_wconf 31' lang='lat' dir='ltr'><strong>n’ot.</strong></span> <span class='ocrx_word' id='word_1_838' title='bbox 2526 5042 2578 5094; x_wconf 91' lang='lat' dir='ltr'><strong>in</strong></span> <span class='ocrx_word' id='word_1_839' title='bbox 2607 5054 2724 5107; x_wconf 91' lang='lat' dir='ltr'><strong>cap.</strong></span> <span class='ocrx_word' id='word_1_840' title='bbox 2758 5038 2849 5092; x_wconf 83' lang='grc'><strong>17.</strong></span> 
     </span>
    </p>
   </div>
   <div class='ocr_carea' id='block_1_111' title="bbox 2087 5121 3653 5203">
    <p class='ocr_par' dir='ltr' id='par_1_111' title="bbox 2087 5121 3653 5203">
     <span class='ocr_line' id='line_1_111' title="bbox 2087 5121 3653 5203; baseline -0.007 -13"><span class='ocrx_word' id='word_1_841' title='bbox 2087 5144 2111 5181; x_wconf 77' lang='lat'><strong><em>8</em></strong></span> <span class='ocrx_word' id='word_1_842' title='bbox 2154 5135 2243 5189; x_wconf 88' lang='lat' dir='ltr'><strong>Sic</strong></span> <span class='ocrx_word' id='word_1_843' title='bbox 2270 5135 2593 5189; x_wconf 86' lang='lat' dir='ltr'><strong>vocabantur</strong></span> <span class='ocrx_word' id='word_1_844' title='bbox 2625 5131 2770 5185; x_wconf 68' lang='lat' dir='ltr'><strong>horae</strong></span> <span class='ocrx_word' id='word_1_845' title='bbox 2815 5127 3131 5203; x_wconf 42' lang='lat' dir='ltr'><strong>canonica-1‘</strong></span> <span class='ocrx_word' id='word_1_846' title='bbox 3160 5123 3349 5203; x_wconf 53' lang='lat' dir='ltr'><strong>Hodie”</strong></span> <span class='ocrx_word' id='word_1_847' title='bbox 3381 5121 3592 5203; x_wconf 70' lang='lat' dir='ltr'><strong>dicere-</strong></span> <span class='ocrx_word' id='word_1_848' title='bbox 3646 5138 3653 5149; x_wconf 66' lang='grc' dir='ltr'>ί</span> 
     </span>
    </p>
   </div>
   <div class='ocr_carea' id='block_1_112' title="bbox 2014 5194 3594 5273">
    <p class='ocr_par' dir='ltr' id='par_1_112' title="bbox 2014 5194 3594 5273">
     <span class='ocr_line' id='line_1_112' title="bbox 2014 5194 3594 5273; baseline -0.008 -12"><span class='ocrx_word' id='word_1_849' title='bbox 2014 5220 2172 5261; x_wconf 88' lang='lat' dir='ltr'><strong>mus:</strong></span> <span class='ocrx_word' id='word_1_850' title='bbox 2203 5205 2355 5259; x_wconf 85' lang='lat' dir='ltr'><strong>Nulla</strong></span> <span class='ocrx_word' id='word_1_851' title='bbox 2384 5203 2463 5259; x_wconf 89' lang='lat' dir='ltr'><strong>eis</strong></span> <span class='ocrx_word' id='word_1_852' title='bbox 2489 5212 2605 5257; x_wconf 89' lang='lat' dir='ltr'><strong>erat</strong></span> <span class='ocrx_word' id='word_1_853' title='bbox 2647 5214 2776 5255; x_wconf 88' lang='lat' dir='ltr'><strong>cura</strong></span> <span class='ocrx_word' id='word_1_854' title='bbox 2806 5197 3067 5273; x_wconf 79' lang='lat' dir='ltr'><strong>recitandi</strong></span> <span class='ocrx_word' id='word_1_855' title='bbox 3096 5194 3378 5273; x_wconf 59' lang='lat' dir='ltr'><strong>Breviarii:</strong></span> <span class='ocrx_word' id='word_1_856' title='bbox 3424 5194 3594 5273; x_wconf 75' lang='lat' dir='ltr'><strong>Quam</strong></span> 
     </span>
    </p>
   </div>
   <div class='ocr_carea' id='block_1_113' title="bbox 2013 5263 3597 5343">
    <p class='ocr_par' dir='ltr' id='par_1_113' title="bbox 2013 5263 3597 5343">
     <span class='ocr_line' id='line_1_113' title="bbox 2013 5263 3597 5343; baseline -0.006 -14"><span class='ocrx_word' id='word_1_857' title='bbox 2013 5289 2143 5329; x_wconf 89' lang='lat' dir='ltr'><strong>vero</strong></span> <span class='ocrx_word' id='word_1_858' title='bbox 2169 5275 2401 5343; x_wconf 85' lang='lat' dir='ltr'><strong>religiosi</strong></span> <span class='ocrx_word' id='word_1_859' title='bbox 2431 5281 2614 5328; x_wconf 89' lang='lat' dir='ltr'><strong>essent</strong></span> <span class='ocrx_word' id='word_1_860' title='bbox 2664 5272 2779 5343; x_wconf 87' lang='lat' dir='ltr'><strong>istis</strong></span> <span class='ocrx_word' id='word_1_861' title='bbox 2826 5269 3152 5343; x_wconf 85' lang='lat' dir='ltr'><strong>temporibus</strong></span> <span class='ocrx_word' id='word_1_862' title='bbox 3196 5263 3400 5343; x_wconf 73' lang='lat' dir='ltr'><strong>clerici,</strong></span> <span class='ocrx_word' id='word_1_863' title='bbox 3432 5265 3597 5343; x_wconf 80' lang='lat' dir='ltr'><strong>etiam</strong></span> 
     </span>
    </p>
   </div>
   <div class='ocr_carea' id='block_1_114' title="bbox 2017 5334 3595 5415">
    <p class='ocr_par' dir='ltr' id='par_1_114' title="bbox 2017 5334 3595 5415">
     <span class='ocr_line' id='line_1_114' title="bbox 2017 5334 3595 5415; baseline -0.006 -14"><span class='ocrx_word' id='word_1_864' title='bbox 2017 5334 2297 5415; x_wconf 56' lang='lat' dir='ltr'><strong>episcopi:</strong></span> <span class='ocrx_word' id='word_1_865' title='bbox 2308 5347 2358 5399; x_wconf 88' lang='lat' dir='ltr'><strong>in</strong></span> <span class='ocrx_word' id='word_1_866' title='bbox 2390 5346 2491 5400; x_wconf 91' lang='lat' dir='ltr'><strong>hoc</strong></span> <span class='ocrx_word' id='word_1_867' title='bbox 2522 5334 3595 5415; x_wconf 42' lang='lat' dir='ltr'><strong>persolvendopettsqgnelfofylplurtbus</strong></span> 
     </span>
    </p>
   </div>
   <div class='ocr_carea' id='block_1_115' title="bbox 2017 5404 3605 5487">
    <p class='ocr_par' dir='ltr' id='par_1_115' title="bbox 2017 5404 3605 5487">
     <span class='ocr_line' id='line_1_115' title="bbox 2017 5404 3605 5487; baseline -0.006 -15"><span class='ocrx_word' id='word_1_868' title='bbox 2017 5404 2136 5472; x_wconf 82' lang='lat' dir='ltr'><strong>aliis</strong></span> <span class='ocrx_word' id='word_1_869' title='bbox 2163 5404 2401 5487; x_wconf 66' lang='lat' dir='ltr'><strong>Gregorii</strong></span> <span class='ocrx_word' id='word_1_870' title='bbox 2435 5404 2580 5487; x_wconf 27' lang='lat' dir='ltr'><strong>locis?</strong></span> <span class='ocrx_word' id='word_1_871' title='bbox 2595 5420 2757 5483; x_wconf 88' lang='lat' dir='ltr'><strong>patet.</strong></span> <span class='ocrx_word' id='word_1_872' title='bbox 2794 5404 2926 5465; x_wconf 81' lang='lat' dir='ltr'><strong>Vide</strong></span> <span class='ocrx_word' id='word_1_873' title='bbox 2963 5404 3254 5487; x_wconf 69' lang='lat' dir='ltr'><strong>Mabillonii</strong></span> <span class='ocrx_word' id='word_1_874' title='bbox 3276 5404 3605 5475; x_wconf 86' lang='lat' dir='ltr'><strong>disquisitio-</strong></span> 
     </span>
    </p>
   </div>
   <div class='ocr_carea' id='block_1_116' title="bbox 2020 5480 3072 5550">
    <p class='ocr_par' dir='ltr' id='par_1_116' title="bbox 2020 5480 3072 5550">
     <span class='ocr_line' id='line_1_116' title="bbox 2020 5480 3072 5550; baseline -0.011 -7"><span class='ocrx_word' id='word_1_875' title='bbox 2020 5503 2145 5544; x_wconf 89' lang='lat' dir='ltr'><strong>nem</strong></span> <span class='ocrx_word' id='word_1_876' title='bbox 2172 5490 2240 5543; x_wconf 88' lang='lat' dir='ltr'><strong>de</strong></span> <span class='ocrx_word' id='word_1_877' title='bbox 2265 5480 2424 5544; x_wconf 69' lang='lat' dir='ltr'><strong>cursu</strong></span> <span class='ocrx_word' id='word_1_878' title='bbox 2470 5480 2766 5547; x_wconf 78' lang='lat' dir='ltr'><strong>Gallicano,</strong></span> <span class='ocrx_word' id='word_1_879' title='bbox 2802 5492 2984 5550; x_wconf 88' lang='lat' dir='ltr'><strong>parag.</strong></span> <span class='ocrx_word' id='word_1_880' title='bbox 3018 5480 3072 5533; x_wconf 82' lang='lat'><strong>6.</strong></span> 
     </span>
    </p>
   </div>
   <div class='ocr_carea' id='block_1_117' title="bbox 2022 5567 3603 5701">
    <p class='ocr_par' dir='ltr' id='par_1_117' title="bbox 2022 5567 3603 5701">
     <span class='ocr_line' id='line_1_117' title="bbox 2022 5567 3603 5701; baseline -0.009 -64"><span class='ocrx_word' id='word_1_881' title='bbox 2022 5650 2055 5701; x_wconf 62' lang='grc' dir='ltr'>ά</span> <span class='ocrx_word' id='word_1_882' title='bbox 2093 5576 2224 5635; x_wconf 81' lang='lat' dir='ltr'><strong>hSic</strong></span> <span class='ocrx_word' id='word_1_883' title='bbox 2254 5578 2385 5633; x_wconf 85' lang='lat' dir='ltr'><strong>Cod.</strong></span> <span class='ocrx_word' id='word_1_884' title='bbox 2418 5577 2594 5633; x_wconf 85' lang='lat' dir='ltr'><strong>Casin.</strong></span> <span class='ocrx_word' id='word_1_885' title='bbox 2618 5590 2632 5637; x_wconf 93' lang='lat'><strong>;</strong></span> <span class='ocrx_word' id='word_1_886' title='bbox 2656 5581 2710 5626; x_wconf 90' lang='lat' dir='ltr'><strong>at</strong></span> <span class='ocrx_word' id='word_1_887' title='bbox 2733 5571 2947 5640; x_wconf 85' lang='lat' dir='ltr'><strong>Regm.,</strong></span> <span class='ocrx_word' id='word_1_888' title='bbox 2972 5570 3248 5625; x_wconf 73' lang='lat' dir='ltr'><strong>relucente.</strong></span> <span class='ocrx_word' id='word_1_889' title='bbox 3276 5567 3441 5636; x_wconf 83' lang='lat' dir='ltr'><strong>Editi,</strong></span> <span class='ocrx_word' id='word_1_890' title='bbox 3461 5571 3603 5624; x_wconf 76' lang='lat' dir='ltr'><strong>reni-</strong></span> 
     </span>
     <span class='ocr_line' id='line_1_118' title="bbox 2056 5660 2190 5701; baseline 0 0"><span class='ocrx_word' id='word_1_891' title='bbox 2056 5660 2190 5701; x_wconf 70' lang='lat' dir='ltr'><strong>ante.</strong></span> 
     </span>
    </p>
   </div>
   <div class='ocr_carea' id='block_1_118' title="bbox 2056 5660 2190 5705">
    <p class='ocr_par' dir='ltr' id='par_1_118' title="bbox 2056 5660 2190 5705">
     <span class='ocr_line' id='line_1_119' title="bbox 2056 5660 2190 5705; baseline 0.007 -1"><span class='ocrx_word' id='word_1_892' title='bbox 2056 5660 2190 5705; x_wconf 69' lang='lat' dir='ltr'><strong>ante.</strong></span> 
     </span>
    </p>
   </div>
   <div class='ocr_carea' id='block_1_119' title="bbox 2104 5733 3608 5807">
    <p class='ocr_par' dir='ltr' id='par_1_119' title="bbox 2104 5733 3608 5807">
     <span class='ocr_line' id='line_1_120' title="bbox 2104 5733 3608 5807; baseline -0.008 -9"><span class='ocrx_word' id='word_1_893' title='bbox 2104 5742 2116 5778; x_wconf 75' lang='grc' dir='ltr'><strong>ί</strong></span> <span class='ocrx_word' id='word_1_894' title='bbox 2161 5740 2336 5807; x_wconf 89' lang='lat' dir='ltr'><strong>Colb.,</strong></span> <span class='ocrx_word' id='word_1_895' title='bbox 2366 5739 2679 5795; x_wconf 82' lang='lat' dir='ltr'><strong>Wanochus.</strong></span> <span class='ocrx_word' id='word_1_896' title='bbox 2710 5735 2863 5804; x_wconf 88' lang='lat' dir='ltr'><strong>Bad.,</strong></span> <span class='ocrx_word' id='word_1_897' title='bbox 2888 5733 3196 5793; x_wconf 73' lang='lat' dir='ltr'><strong>Munochu.</strong></span> <span class='ocrx_word' id='word_1_898' title='bbox 3220 5734 3300 5792; x_wconf 85' lang='lat' dir='ltr'><strong>De</strong></span> <span class='ocrx_word' id='word_1_899' title='bbox 3319 5734 3437 5806; x_wconf 69' lang='lat' dir='ltr'><strong>ejus</strong></span> <span class='ocrx_word' id='word_1_900' title='bbox 3465 5745 3608 5789; x_wconf 61' lang='lat' dir='ltr'><strong>mora</strong></span> 
     </span>
    </p>
   </div>
   <div class='ocr_carea' id='block_1_120' title="bbox 2025 5807 2619 5879">
    <p class='ocr_par' dir='ltr' id='par_1_120' title="bbox 2025 5807 2619 5879">
     <span class='ocr_line' id='line_1_121' title="bbox 2025 5807 2619 5879; baseline -0.012 -10"><span class='ocrx_word' id='word_1_901' title='bbox 2025 5822 2076 5869; x_wconf 89' lang='lat' dir='ltr'><strong>te</strong></span> <span class='ocrx_word' id='word_1_902' title='bbox 2106 5814 2195 5869; x_wconf 92' lang='lat' dir='ltr'><strong>lib.</strong></span> <span class='ocrx_word' id='word_1_903' title='bbox 2226 5828 2315 5867; x_wconf 87' lang='lat' dir='ltr'><strong>vm</strong></span> <span class='ocrx_word' id='word_1_904' title='bbox 2339 5853 2352 5879; x_wconf 91' lang='lat'><strong>,</strong></span> <span class='ocrx_word' id='word_1_905' title='bbox 2384 5825 2497 5877; x_wconf 89' lang='lat' dir='ltr'><strong>cap.</strong></span> <span class='ocrx_word' id='word_1_906' title='bbox 2533 5807 2619 5863; x_wconf 67' lang='grc'><strong>53.</strong></span> 
     </span>
    </p>
   </div>
  </div>
