4028 6342
570 315 679 377 545

1583 321 1641 383 S.
1680 324 2005 385 GREGORII
2044 328 2347 391 EPISCOPI
2386 332 2809 397 TURONENSIS

3742 351 3859 411 5M

570 434 753 502 batur,
776 422 1094 506 presbyterii
1138 432 1308 506 gratia
1353 432 1731 494 honoravimus
1762 448 1810 493 ι.
1861 439 2149 512 Ingitrudis
2178 448 2359 517 Ased
2393 457 2512 521 post
2551 466 2770 520 annum,
2805 461 2860 508 et
2883 451 3066 523 patriae
3106 460 3163 511 et
3203 453 3545 515 facultatibus
3593 461 3849 520 redditus

569 535 752 585 autem
804 527 1109 597 religiosam
1188 528 1629 586 consuetudinem
1681 532 1932 601 habebat,
1955 550 2149 606 aquam

569 618 639 677 de
677 620 925 691 sepulcro
944 624 1111 676 sancti
1152 620 1363 676 Martini
1389 621 1639 692 colligere
1669 641 1683 679 :
1712 640 1813 696 qua
1847 642 1981 699 aqua
2012 631 2148 685 deii-

566 712 765 785 ciente,
797 721 947 784 rogat
974 728 1069 770 vas
1092 727 1214 769 cum
1245 713 1372 770 vino
1396 716 1463 771 ad
1494 716 1635 773 beati
1658 720 1920 775 tumulum
1951 722 2147 793 depor-

565 810 689 864 tari.
712 808 1004 865 Transacta
1041 819 1220 867 autem
1250 820 1432 879 nocte,
1480 812 1535 869 id
1561 813 1753 871 exinde
1781 814 1883 871 hoc
1925 819 2147 890 presby-

561 902 681 955 tero
707 910 972 970 praesente
998 904 1196 959 assumi
1245 904 1538 974 mandavit,
1567 913 1623 961 et
1650 907 1714 960 ad
1744 922 1802 962 se
1832 908 2027 975 delato,
2070 912 2144 967 ait

560 994 876 1065 presbytero
907 1014 919 1050 :
951 995 1114 1051 Aufer
1141 996 1264 1052 hinc
1288 1000 1493 1063 vinum,
1524 1007 1575 1053 et
1598 1014 1755 1054 unam
1788 1009 1990 1057 tantum
2022 1012 2143 1073 gut-

559 1086 781 1141 tam.de
819 1101 951 1157 aqua
1006 1088 1307 1156 benedicta,
1364 1088 1504 1145 unde
1552 1104 1738 1159 parum
1762 1102 2027 1162 superest,
2064 1094 2143 1149 ef-

558 1174 719 1233 funde
745 1174 793 1230 δ.
822 1179 973 1245 Quod
1007 1193 1129 1233 cum
1159 1178 1394 1244 fecisset,
1444 1181 1637 1236 mirum
1668 1182 1833 1249 dictu,
1864 1185 2138 1241 vasculum

554 1268 699 1338 quod
727 1269 1079 1339 semiplenum
1132 1278 1270 1337 erat,
1320 1271 1388 1325 ad
1434 1274 1589 1329 unius
1629 1281 1789 1344 gutta:
1819 1276 2137 1334 descensum

552 1359 831 1431 impletum
855 1372 957 1419 est.
1007 1362 1151 1419 Idem
1200 1365 1281 1420 bis
1327 1374 1421 1421 aut
1464 1375 1545 1422 ter
1594 1368 1661 1421 ita
1698 1378 1998 1437 vacuatum,
2045 1386 2139 1440 per

549 1465 712 1508 unam
744 1462 945 1508 tantum
978 1463 1179 1525 guttam
1219 1465 1301 1511 est
1331 1458 1603 1525 impletum
1636 1477 1648 1513 :
1678 1461 1837 1531 235
1865 1462 2004 1531 quod
2030 1478 2136 1520 non

2256 553 2340 599 est
2372 543 2506 613 (Lib.
2533 562 2659 613 vni,
2692 564 2811 617 cap.
2853 547 2968 619 26).
2997 548 3427 608 Guntchramnus
3461 554 3598 611 Boso
3635 558 3850 615 relictis

2255 633 2462 691 ﬁliabus
2486 640 2599 692 suis
2627 639 2679 692 in
2710 638 2933 696 basilica
2958 640 3096 697 beati
3124 640 3308 697 Hilarii
3338 643 3403 698 ad
3427 642 3841 705 Childebertum

2252 741 2429 799 regem
2463 730 2693 785 transiit.

2320 821 2509 877 XXVI.
2550 824 2705 878 Anno
2731 839 2942 895 quoque
2969 828 3123 883 tertio
3167 828 3330 900 236
3376 828 3706 886 Childeberti
3748 848 3841 889 re—

2246 913 2347 981 gis,
2376 914 2465 982 qui
2492 924 2607 969 erat
2633 915 2916 984 Chilperici
2947 927 3000 973 et
3028 918 3414 974 Guntchramni
3446 922 3706 990 septimus
3736 924 3836 978 dc-

2246 1006 2415 1061 cimus
2450 1020 2642 1073 annus,
2670 1023 2791 1063 cum
2826 1009 2997 1065 Daeco
3041 1019 3064 1047 ο
3098 1011 3333 1080 Dagarici
3367 1013 3635 1083 quondam
3666 1013 3834 1081 ﬁlius,

2245 1096 2433 1153 relicto
2475 1114 2601 1170 rege
2642 1100 2971 1171 Chilperico,
3020 1102 3122 1158 huc
3168 1103 3401 1175 illucque
3448 1116 3753 1177 vagaretur,
3799 1123 3833 1163 a

2248 1187 2541 1245 Draeoleno
2573 1190 2590 1229 ί
2626 1192 2781 1261 duce,
2816 1193 2904 1263 qui
2944 1194 3221 1251 dicebatur
3251 1195 3563 1266 Industrius,
3596 1198 3829 1253 fraudu-

2242 1282 2415 1338 lenter
2437 1285 2803 1354 apprehensus
2828 1294 2909 1341 est
2943 1304 2955 1339 :
2988 1302 3147 1357 quem
3174 1289 3410 1345 vinctum
3442 1290 3508 1343 ad
3551 1290 3829 1361 Chilperi-

2242 1388 2362 1429 cum
2386 1391 2564 1445 regem
2591 1378 2921 1433 Brannacum
2951 1378 3191 1447 deduxit,
3216 1380 3339 1435 dato
3375 1381 3427 1436 ei
3463 1392 3829 1448 sacramento,

2240 1468 2381 1536 quod
2410 1467 2573 1523 vitam
2617 1469 2756 1524 illius
2807 1484 2929 1524 cum
2955 1485 3081 1541 rege
3109 1481 3134 1520 ε
3164 1474 3455 1527 obtineret.
3485 1473 3591 1528 Sed
3627 1474 3831 1530 oblitus

549 1544 837 1614 ambigitur
861 1554 914 1601 et
936 1547 989 1601 in
1020 1548 1119 1602 hoc
1142 1548 1280 1603 beati
1313 1548 1524 1605 Martini
1562 1549 1725 1607 fuisse
1748 1555 2024 1610 virtutem.
2238 1558 2578 1626 sacramenti,
2609 1559 2716 1629 egit
2745 1573 2865 1614 cum
2888 1561 3145 1631 principe,
3177 1561 3409 1618 nefarias
3434 1578 3520 1619 res
3547 1578 3827 1632 asserens,

620 1635 815 1693 XXIII.
861 1638 952 1695 llis
980 1640 1053 1694 ita
1081 1644 1266 1709 gesﬁs,
1300 1642 1526 1699 Samson
1557 1643 1699 1701 ﬁlius
1725 1646 2018 1717 Chilperici
2047 1666 2135 1705 re-
2242 1656 2301 1702 ut
2348 1657 2667 1705 moreretur.
2699 1649 2792 1705 Ille
2822 1666 3034 1721 quoque
3074 1667 3194 1707 cum
3222 1655 3432 1708 vinctus
3462 1653 3824 1723 detineretur,

545 1729 629 1801 gis
650 1730 850 1801 junior,
874 1748 905 1788 a
930 1734 1233 1802 dysenteria
1254 1744 1308 1791 et
1337 1736 1485 1793 febre
1516 1741 1960 1809 comprehensus,
1993 1758 2024 1799 e
2050 1760 2135 1800 re-
2236 1727 2292 1795 et
2319 1750 2561 1797 cerneret
2601 1757 2661 1797 se
2698 1742 2905 1811 penitus
2934 1759 3040 1798 nou
3069 1759 3385 1811 evasurum,
3416 1760 3444 1799 a
3480 1747 3822 1817 presbytero,

542 1821 645 1878 bus
670 1822 917 1880 humanis
943 1829 1193 1882 excessit.
1226 1828 1320 1882 llic
1347 1843 1495 1896 vero,
1518 1844 1640 1885 cum
1669 1831 2003 1902 Cbilpericus
2033 1850 2127 1891 rex
2159 1845 2206 1907 Β
2234 1826 2359 1901 rege
2402 1834 2694 1899 nesciente,
2743 1835 3108 1903 paenitentiam
3145 1836 3294 1904 petiit
3322 1834 3371 1890 h.
3420 1836 3532 1902 Qua
3578 1850 3823 1909 accepta,

550 1914 781 1973 Tornaei
810 1932 840 1973 a
887 1917 1052 1975 fratre
1082 1920 1421 1977 obsideretur
1447 1923 1583 1992 (Lib.
1631 1940 1705 1992 tv,
1740 1941 1856 1994 cap.
1890 1926 2001 1998 5:2),
2037 1944 2130 1983 na-
2234 1922 2546 1981 interfectus
2570 1936 2670 1982 est.
2717 1927 2850 1982 Cum
2877 1938 3055 1984 autem
3084 1928 3223 1984 idem
3267 1930 3593 1986 Dracolcnus
3627 1933 3823 1987 veloci-

541 2013 630 2065 tus
661 2018 745 2095 est
778 2026 973 2082 :quem
1011 2022 1183 2069 mater
1209 2014 1280 2069 ob
1306 2022 1508 2070 metum
1546 2017 1735 2071 mortis
1762 2032 1792 2070 a
1823 2034 1881 2071 se
1911 2019 2127 2087 abjecit,

540 2112 598 2161 et
620 2105 846 2174 perdere
869 2106 1057 2163 voluit.
1091 2106 1197 2163 Sed
1228 2121 1351 2162 cum
1394 2122 1501 2162 non
1533 2113 1815 2177 potuisset,
1849 2109 2128 2181 objurgata

536 2209 570 2252 a
597 2211 743 2269 rege,
769 2213 891 2255 eum
920 2199 1172 2269 baptizari
1202 2199 1476 2269 praecepit.
1504 2200 1600 2267 Qui
1627 2202 1946 2271 baptizatus,
1980 2214 2033 2257 et
2061 2204 2127 2258 ab

533 2291 659 2362 ipso
685 2293 937 2363 episcopo
985 2304 1007 2331 ε
1063 2303 1365 2363 susceptus,
1402 2294 1570 2348 lustro
1610 2309 1715 2349 uno
1745 2310 1845 2349 nec
1890 2296 2128 2364 perfecto

533 2382 819 2446 defunctus
859 2392 961 2441 est.
1011 2383 1143 2439 Nam
1191 2392 1247 2443 et
1292 2392 1464 2440 mater
1492 2386 1610 2455 ejus
1652 2386 2019 2459 Fredcgundis
2074 2392 2130 2445 in

528 2478 619 2536 his
643 2480 833 2536 diebus
860 2480 1091 2551 graviter
1121 2482 1427 2550 :egrotavit,
1454 2482 1549 2537 sed
1577 2483 1873 2537 convaluit.

606 2570 800 2625 XXIV.
850 2572 1093 2627 Postbzec
1144 2572 1199 2627 in
1246 2582 1427 2639 nocte,
1479 2589 1599 2643 qua:
1640 2585 1756 2629 erat
1804 2574 1959 2630 tertio
2004 2576 2126 2631 Idus

2233 2024 2313 2072 ter
2338 2027 2697 2073 reverteretur
2725 2020 2777 2073 in
2820 2020 3068 2089 patriam,
3098 2020 3180 2076 his
3218 2020 3410 2076 diebus
3455 2021 3820 2077 Guntchram-

2232 2093 2332 2165 nus
2364 2109 2502 2165 Boso
2545 2110 2681 2166 ﬁlias
2733 2124 2856 2166 suas
2903 2125 2932 2164 a
2982 2110 3199 2167 I‘ictavo
3240 2110 3450 2168 auferre
3503 2113 3817 2168 conabatur.

2230 2202 2384 2269 Quod
2412 2204 2637 2259 audiens
2690 2203 3039 2271 Dracolenus,
3090 2218 3151 2259 se
3208 2218 3368 2274 super
3415 2219 3537 2260 eum
3588 2204 3815 2274 objecit;

2229 2296 2323 2351 sed
2354 2295 2449 2363 illi,
2491 2296 2629 2351 sicut
2664 2307 2816 2351 erant
2845 2296 3034 2367 parati,
3065 2298 3394 2365 resistentes,
3438 2313 3498 2353 se
3527 2296 3815 2353 defensare

2230 2388 2552 2444 nitebantur.
2585 2388 3015 2444 Guntchramnus
3044 2404 3172 2445 vero
3200 2390 3345 2444 misit
3388 2405 3549 2444 unum
3578 2389 3647 2444 de
3674 2390 3812 2444 ami-

2227 2478 2308 2534 cis
2338 2480 2449 2533 suis
2473 2478 2539 2533 ad
2568 2494 2710 2545 cum,
2750 2478 2932 2535 dicens
2959 2497 2971 2533 :
3018 2480 3166 2535 Vade
3204 2490 3259 2535 et
3283 2480 3367 2537 dic
3387 2481 3435 2537 ci
3462 2498 3472 2533 :
3524 2481 3644 2537 Scis
3666 2481 3809 2536 enim

2227 2571 2370 2639 quod
2402 2570 2575 2626 foedus
2602 2572 2739 2627 inter
2769 2586 2865 2627 nos
2892 2571 3081 2625 initum
3111 2571 3388 2638 habemus,
3416 2585 3547 2641 rogo
3572 2581 3630 2626 ut
3662 2581 3716 2626 te
3745 2571 3811 2627 de

530 2662 873 2733 Novembris,
917 2665 1163 2733 apparuit
1193 2665 1345 2720 nobis
1374 2666 1515 2719 beati
1546 2664 1755 2721 Martini
1788 2668 1995 2736 vigilias
2034 2682 2123 2724 cc-

530 2753 863 2812 Iebrantibus
888 2770 1135 2826 magnum
1163 2757 1492 2828 prodigium;
1528 2772 1648 2813 nam
1677 2758 1729 2813 in
1770 2760 1948 2816 medio
1986 2761 2123 2816 luna:

530 2849 689 2905 stella
716 2848 927 2920 fulgens
948 2851 1059 2904 visa
1095 2860 1177 2905 est
1208 2851 1438 2916 elucere,
1470 2859 1522 2906 et
1554 2864 1717 2921 super
1743 2867 1804 2907 ac
1831 2853 2014 2908 subter
2037 2854 2122 2909 lu-

528 2954 653 2995 nam
694 2939 811 2996 alia:
834 2940 1004 2996 stella:
1032 2940 1343 3011 prepinqua:
1371 2950 1755 3010 apparuerunt.
1795 2940 1902 2999 Sed
1928 2951 1984 2998 et
2012 2945 2121 2998 cir-

527 3031 685 3087 culus
731 3031 843 3098 ille,
891 3031 982 3101 qui
1033 3031 1264 3100 pluviam
1299 3032 1610 3101 plerumque
1640 3032 1924 3101 significat,
1974 3034 2117 3089 circa

524 3108 643 3179 eam
674 3124 940 3194 apparuit.
972 3121 1077 3179 Sed
1100 3137 1217 3193 qua:
1241 3123 1353 3177 huic
1383 3122 1754 3193 ﬁguravcrint,
1784 3123 2115 3191 ignoramus.

2227 2663 2365 2718 meis
2406 2676 2683 2719 removeas
2724 2663 2948 2719 insidiis.
2994 2664 3261 2731 Quantum
3290 2667 3371 2718 vis
3414 2663 3479 2717 de
3523 2664 3681 2719 rebus
3716 2664 3809 2718 tol-

2225 2752 2338 2809 lere
2366 2769 2470 2809 non
2502 2756 2791 2825 prohibeo;
2842 2764 3046 2812 tantum
3083 2756 3233 2825 mihi,
3284 2756 3384 2811 etsi
3434 2756 3598 2825 nudo,
3648 2756 3807 2812 liceat

2224 2857 2347 2900 cum
2372 2845 2579 2901 ﬁliabus
2609 2846 2741 2902 meis
2769 2848 3025 2903 accedere
3069 2863 3173 2918 quo
3217 2848 3456 2902 voluero.
3489 2848 3557 2902 At
3602 2847 3715 2913 ille,
3750 2858 3805 2905 ut

2224 2944 2341 2990 erat
2371 2950 2541 2991 vanus
2567 2950 2630 2990 ac
2657 2937 2788 2992 levis
2816 2954 2828 2989 :
2864 2937 3022 3004 Ecce,
3054 2929 3242 3007 inquit,
3278 2938 3587 3004 funiculum,
3620 2938 3673 2993 in
3700 2953 3806 3008 quo

2223 3024 2313 3079 alii
2344 3026 2636 3096 culpabiles
2660 3028 2807 3098 ligati
2850 3027 2917 3082 ad
2944 3042 3145 3099 regem,
3191 3042 3277 3083 me
3326 3030 3570 3095 ducente,
3616 3029 3805 3088 directi

2223 3127 2347 3173 sunt
2381 3137 2393 3172 :
2426 3119 2479 3174 in
2510 3134 2614 3190 quo
2640 3127 2693 3177 et
2724 3121 2807 3176 hic
2856 3120 3013 3178 hodie
3044 3122 3307 3193 Iigandus,
3337 3123 3462 3178 illuc
3499 3124 3796 3181 deducetur

523 3210 653 3272 Nam
684 3224 739 3271 et
767 3214 949 3270 lunam
993 3214 1094 3269 hoc
1125 3229 1263 3270 anno
1292 3229 1435 3284 saepe
1472 3214 1524 3269 in
1552 3214 1883 3284 nigredinem
1905 3230 2114 3271 versam
2142 3222 2187 3286 ρ
2221 3208 2452 3265 vinctus.
2502 3210 2568 3265 Et
2611 3211 2726 3266 haec
2753 3225 2878 3267 eum
2926 3212 3168 3279 dixisset,
3202 3213 3576 3269 calcaneorum
3608 3216 3803 3272 ictibus

524 3307 772 3374 vidimus,
800 3317 855 3363 et
881 3316 1006 3363 ante
1033 3306 1272 3362 Natalem
1314 3307 1523 3361 Domini
1572 3306 1749 3376 gravia
1802 3306 1947 3362 fucre
1974 3308 2117 3363 toni-

524 3406 662 3455 trua.
698 3398 804 3455 Sed
836 3409 889 3454 et
935 3398 1251 3468 splendores
1298 3398 1376 3452 illi
1430 3398 1570 3452 circa
1604 3399 1792 3464 solem,
1841 3398 1980 3452 sicut
2003 3398 2113 3467 jam

526 3501 654 3549 ante
674 3494 881 3549 cladem
897 3494 1195 3551 Arvernam
1222 3492 1389 3549 fuisse
1412 3494 1949 3550 commemoravimus
1971 3493 2111 3564 (Lib.

526 3602 601 3657 ιν,
628 3603 741 3658 cap.
767 3586 879 3657 5i),
907 3600 1042 3657 quos
1069 3586 1251 3642 rustici
1274 3586 1415 3643 soles
1438 3596 1647 3653 vocant,
1673 3585 2109 3657 apparueruntd;

530 3689 585 3733 et
615 3694 763 3735 mare
793 3681 929 3734 ultra
960 3679 1174 3734 modum
1206 3693 1479 3751 egressum
1531 3686 1797 3746 asserunt,
1846 3686 1902 3735 et
1948 3679 2110 3735 multa

524 3770 630 3827 alia
658 3773 809 3842 signa
842 3780 1225 3844 apparuerunt.

596 3866 764 3923 XXV.
808 3868 1240 3925 Guntchramnus
1285 3868 1426 3925 Boso
1472 3867 1703 3925 Turonis
1748 3882 1871 3924 cum
1923 3867 2106 3940 paucis

519 3958 746 4014 armatis
777 3961 1025 4027 veniens,
1058 3961 1195 4017 ﬁlias
1234 3974 1380 4031 suas,
1411 3974 1544 4031 quas
1580 3960 1634 4015 in
1676 3960 1892 4016 basilica
1924 3969 2107 4015 sancta

513 4051 828 4121 reliquerat,
861 4053 909 4107 vi
937 4053 1179 4119 abstulit,
1210 4061 1265 4107 et
1293 4066 1385 4109 eas
1434 4068 1602 4123 usque
1648 4052 1876 4108 Pictavis
1921 4053 2109 4108 civita-

511 4152 646 4210 tem,
689 4160 809 4215 qua:
837 4154 952 4199 erat
978 4145 1305 4201 Childeberti
1333 4148 1493 4217 regis,
1536 4146 1810 4217 perduxit.
1842 4146 2110 4217 Chilperi-

514 4255 614 4295 cus
644 4257 854 4311 quoque
884 4255 981 4296 rex
1005 4240 1279 4296 Pictavum
1319 4244 1572 4310 pervasit,
1602 4252 1760 4312 atque
1786 4243 1999 4310 nepotis
2025 4240 2106 4295 sui

508 4332 759 4389 homines
783 4333 852 4388 ab
880 4333 996 4402 ejus
1021 4341 1148 4386 sunt.
1190 4333 1493 4388 hominibus
1522 4332 1759 4402 elfugati.
1796 4331 2101 4387 Ennodium

509 4441 581 4482 ex
609 4427 862 4481 comitatu
910 4425 977 4480 ad
1020 4425 1165 4495 regis
1194 4426 1533 4494 praesentiam
1562 4428 1951 4494 perduxerunt.
1988 4427 2104 4493 Quo

507 4518 703 4577 exsilio
743 4519 1017 4588 damnato,
1070 4516 1347 4573 facultates
1390 4515 1507 4586 ejus
1536 4517 1667 4573 ﬁsco
1718 4516 2097 4574 subdiderunt.

584 4704 611 4733 ι
649 4694 803 4750 Colb.
832 4702 888 4749 et
931 4692 1145 4763 Regm.,
1178 4693 1517 4748 oneravimus.
1564 4691 1853 4764 Inqitrudis
1884 4710 2009 4751 vero
2040 4697 2095 4751 in

510 4765 672 4821 editis
702 4766 970 4834 plerisque
997 4765 1195 4819 dicitur
1226 4764 1539 4838 Ingetrudis.
1587 4766 1802 4835 Regm.,
1838 4765 2094 4838 Ingiltru-

506 4838 591 4891 dis
622 4846 811 4908 autem
855 4838 1149 4908 religiosam
1193 4837 1629 4908 consuetudinem,
1680 4848 1783 4893 etc.
1817 4838 1892 4893 De
1939 4837 2094 4908 Ingil-

506 4907 669 4963 trude
700 4908 833 4964 infra
861 4906 1062 4972 libitx,
1090 4922 1209 4977 cap.
1236 4906 1325 4973 55,
1358 4916 1410 4961 et
1440 4907 1529 4961 lib.
1564 4924 1622 4974 χ,
1655 4922 1704 4961 c.
1734 4909 1817 4963 l2.

578 4977 606 5017 ιι
646 4977 858 5048 Regm.,
906 4978 1027 5032 inde
1070 4995 1251 5049 parum
1297 4978 1679 5045 supera/funde.
1729 4979 1993 5035 Caeterum
2028 4996 2092 5035 ex

502 5048 609 5105 hoc
652 5049 1024 5117 similibusque
1066 5048 1335 5105 miraculis
1363 5051 1805 5105 consuetudinem
1840 5065 2087 5106 manasse

498 5128 655 5189 putat
674 5120 914 5175 Cointius
943 5121 1113 5174 sancti
1138 5118 1349 5174 Martini
1384 5136 1576 5190 nomen
1606 5135 1766 5190 super
1787 5123 1965 5175 vinum
2004 5123 2087 5176 in-

496 5191 747 5262 vocandi,
772 5191 1007 5262 illudque
1039 5198 1221 5260 postea
1244 5207 1271 5243 a
1300 5189 1540 5245 convivis
1567 5189 1783 5261 putandi
1811 5194 1862 5247 in
1888 5202 2087 5247 mutuae

496 5261 776 5317 charitatis
806 5261 1108 5335 symbolum
1134 5301 1150 5326 ,
1193 5275 1348 5387 gnem
1396 5277 1600 5318 morem
1657 5273 1837 5330 postea
1893 5279 2087 5332 pravus

496 5344 631 5385 usus
654 5336 909 5387 corrupit.
942 5336 1013 5387 At
1040 5332 1187 5387 credi
1230 5332 1363 5387 erim
1404 5335 1585 5387 potius
1638 5334 1823 5387 ﬁdeles
1866 5334 1989 5387 olim
2032 5337 2084 5387 in

495 5344 631 5403 usus
654 5332 909 5403 corrupit.
942 5336 1013 5388 At
1040 5332 1363 5388 crediderim
1404 5335 1585 5403 potius
1638 5334 1823 5388 ﬁdeles
1866 5334 1989 5387 olim
2032 5337 2084 5389 in

497 5399 639 5455 festo
668 5402 728 5455 S.
758 5399 991 5465 Martini,
1026 5404 1163 5459 sicut
1209 5414 1263 5459 et
1306 5403 1361 5457 in
1393 5399 1514 5459 aliis
1542 5403 1951 5465 celebrioribus.
1996 5420 2087 5472 pa-

498 5472 894 5546 rareconvivia
925 5474 1301 5539 consuevisse;
1352 5474 1529 5546 idque,
1560 5478 1659 5531 etsi
1691 5478 1742 5529 in
1776 5475 1889 5528 aliis
1934 5472 2083 5546 festi-

498 5538 753 5619 vitatibus
788 5542 1134 5619 abrogatum,
1184 5546 1385 5619 in_lt_ac
1423 5538 1535 5601 ἰιηὰ
1587 5559 1963 5619 perseverasse
2014 5545 2082 5599 ob

500 5612 674 5665 sancti
706 5612 800 5663 viri
837 5613 1223 5669 celebritatem.
1259 5616 1356 5669 llic
1382 5626 1557 5671 autem
1582 5612 1646 5670 tle
1674 5618 1768 5669 ista
1797 5624 2081 5669 consuetu-

499 5679 627 5757 dine
652 5694 773 5757 _non_
792 5682 898 5752 agit
922 5681 1226 5757 Gregorius,
1267 5686 1361 5739 sed
1390 5686 1457 5741 de
1484 5701 1619 5757 aqua
1648 5687 1763 5749 illa,
1796 5702 1897 5755 qua
1940 5686 2081 5740 beati

500 5750 602 5831 viri
625 5750 929 5831 sepulcrum
969 5750 1112 5810 ablui
1149 5756 1373 5825 solebat,
1409 5771 1476 5813 ex
1503 5750 1605 5829 qua
1630 5758 1758 5828 aegri
1786 5750 1951 5831 ῥοιαιὶ
1980 5770 2079 5817 εω-

498 5822 622 5890 pius
642 5822 987 5879 curabuntur.

2120 4598 2177 4659 D

2220 3316 2417 3373 urgens
2437 3318 2651 3374 equum,
2682 3306 2749 3360 ad
2778 3306 2928 3361 illum
2949 3307 3120 3361 veloci
3148 3323 3306 3363 cursu
3327 3308 3535 3380 dirigit;
3568 3318 3625 3365 ct
3651 3325 3801 3366 casso

2219 3408 2341 3449 eum
2383 3396 2674 3451 verberans
2702 3395 2829 3465 ictu,
2863 3388 3041 3453 hastili
3083 3399 3275 3468 diviso,
3309 3401 3452 3455 ensis
3494 3400 3562 3455 ad
3606 3410 3800 3459 terram

2216 3488 2347 3543 ruit.
2375 3486 2806 3545 Guntchramnus
2837 3504 2969 3545 vero
2997 3505 3117 3547 cum
3142 3507 3301 3562 super
3326 3507 3385 3548 se
3414 3502 3646 3549 mortem
3675 3510 3795 3549 cer-

2216 3586 2369 3633 neret
2396 3577 2696 3648 imminere,
2729 3581 2973 3638 invocato
3002 3585 3217 3640 nomine
3248 3584 3477 3650 Domini,
3527 3595 3579 3641 et
3606 3586 3797 3641 virtute

2215 3683 2403 3739 magna
2435 3671 2575 3726 beati
2604 3671 2833 3739 Martini,
2866 3674 3181 3745 elevatoque
3229 3687 3409 3743 conto,
3445 3676 3793 3733 Dracolenutn

2214 3762 2450 3817 arctatin
2480 3762 2740 3831 faucibus,
2766 3781 3193 3838 suspensumque
3224 3768 3290 3823 de
3319 3783 3457 3839 equo
3486 3783 3699 3826 sursum
3746 3770 3789 3837 ί,

2212 3869 2350 3911 unus
2373 3856 2439 3913 de
2465 3858 2651 3913 amicis
2676 3861 2789 3915 suis
2816 3876 2935 3916 eum
2966 3860 3148 3917 lancea
3178 3862 3345 3917 latere
3374 3863 3712 3919 verberatum
3735 3866 3795 3919 li-

2211 3952 2372 4019 nivi,t
2388 3948 2691 4025 fugatisque
2719 3956 2901 4023 sociis,
2925 3957 3144 4027 ipsoque
3165 3958 3390 4027 spoliato
3405 3999 3419 4023 ,
3437 3959 3793 4014 Guntchram-

2212 4058 2311 4099 nus
2323 4058 2441 4099 cum
2464 4046 2672 4102 ﬁliabus
2689 4047 2823 4103 liber
2838 4049 3113 4105 abscessit.
3130 4048 3373 4105 Posthaec
3389 4051 3621 4107 Severus
3638 4066 3793 4108 socer

2212 4135 2328 4205 ejus
2359 4150 2391 4191 a
2418 4136 2543 4192 ﬁliis
2568 4138 2709 4208 apud
2738 4153 2918 4209 regem
2942 4141 3173 4209 graviter
3198 4151 3502 4198 accusatur.
3536 4143 3661 4198 Ilzee
3704 4145 3792 4199 ille

2208 4226 2455 4294 audiens,
2476 4242 2599 4283 cum
2623 4231 2826 4299 magnis
2852 4230 3161 4287 muneribus
3182 4233 3250 4287 ad
3272 4248 3451 4303 regem
3480 4235 3609 4303 petit
3632 4235 3789 4306 237

2207 4321 2299 4390 qui
2330 4320 2385 4376 in
2422 4322 2505 4377 via
2536 4321 2905 4392 apprehensus
2936 4330 2991 4378 et
3018 4324 3348 4395 eXSpoIiatus
3367 4366 3384 4393 ,
3424 4336 3585 4397 atque
3611 4328 3666 4382 in
3694 4342 3788 4381 ex-

2209 4418 2388 4473 silium
2415 4418 2700 4487 deductus,
2729 4428 2901 4474 morte
2928 4420 3159 4488 pessima
3192 4420 3360 4475 vitam
3390 4420 3579 4475 finivit.
3609 4421 3714 4477 Sed
3736 4433 3789 4477 et

2206 4512 2315 4568 duo
2341 4510 2432 4567 ﬁlii
2455 4510 2595 4581 ejus,
2627 4511 2957 4567 Bursolenus
2986 4519 3041 4567 et
3067 4511 3216 4568 Dodo
3233 4555 3249 4581 ,
3273 4512 3344 4567 ob
3367 4512 3572 4569 crimen
3595 4514 3788 4584 majes—

2277 4705 2299 4735 ο
2340 4694 2391 4751 Is
2416 4693 2583 4749 fuisse
2614 4694 2822 4749 videtur
2861 4692 3217 4750 Chrasmarus
3246 4692 3670 4749 Tornacensium
3715 4694 3787 4748 si-

2200 4766 2311 4822 mul
2341 4775 2397 4822 et
2413 4766 2912 4834 Noviomagensium
2936 4779 3029 4819 seu
3052 4764 3552 4819 Viromandensium
3580 4765 3786 4835 episco-

2199 4853 2324 4962 pus.l
2374 4836 2469 4892 Hic
2499 4836 2694 4892 desinit
2732 4836 2900 4891 codex
2947 4836 3360 4903 Bellovaeensis,
3415 4844 3611 4892 czntera
3663 4845 3785 4892 sunt

2202 4922 2304 4962 avu
2329 4922 2407 4962 sa.

2202 4922 2407 4963 avulsa.

2270 4979 2298 5016 α
2337 4978 2432 5033 Hic
2457 4978 2653 5034 desinit
2673 4987 2834 5048 caput
2861 4978 2912 5031 in
2943 4975 3105 5031 Corb.

2271 5058 2297 5087 ε
2338 5050 2521 5114 Corb.,
2549 5045 3075 5114 Dacoleitus;(10lb.,
3104 5046 3270 5102 Taceo
3298 5045 3573 5116 Tagarici;
3620 5046 3779 5100 Bad..

2193 5119 2675 5245 gazgogodarici;
2698 5122 2913 5190 Regnt.,
2946 5117 3092 5190 Dago
3118 5116 3400 5183 Gadarici;
3426 5117 3577 5185 Bec.,
3608 5116 3782 5170 Dacco

2243 5210 2272 5245 a
2314 5208 2460 5245 anct.

2243 5192 2460 5246 adarici.

2269 5261 2287 5300 ί
2316 5262 2518 5334 Δ(3011),,
2550 5260 2867 5334 Dragoletto,
2896 5259 2987 5330 qui
3030 5258 3082 5314 in
3115 5258 3349 5316 indiculo
3376 5256 3615 5327 capitum
3644 5256 3779 5314 dici-

2193 5342 2278 5388 tur
2300 5332 2632 5404 Dratglenus.

2264 5414 2288 5475 tt
2329 5404 2453 5475 Alii,
2496 5404 2633 5475 apud
2662 5420 2847 5475 regem.

2268 5471 2294 5510 ιι
2331 5468 2467 5529 Nota
2496 5468 2765 5529 hominem
2796 5475 2847 5528 in
2877 5472 3122 5543 periculo
3147 5468 3375 5544 positum
3408 5470 3562 5544 clam_
3582 5485 3611 5525 a
3634 5484 3777 5544 pres-

2192 5544 2776 5627 bytcrOJtmtiitentiatti
2810 5541 3049 5627 petiisse,
3074 5541 3239 5627 quod
3265 5558 3326 5597 ea
3369 5550 3497 5627 ante
3524 5541 3771 5627 Caruiutn

2192 5612 2258 5670 Vl
2289 5617 2340 5669 in
2386 5613 2608 5669 Francia
2642 5618 2746 5668 rcis
2775 5612 2900 5668 ante
2930 5612 3156 5670 mortem
3209 5618 3588 5682 denegaretur.
3644 5612 3773 5665 Vide

2192 5687 2463 5744 Mabillon.
2500 5685 2653 5737 Praef.
2702 5688 2752 5739 in
2775 5686 2913 5739 Saec.
2961 5700 3017 5742 Ill
3041 5681 3397 5753 Benedictin},
3433 5701 3485 5754 p.
3517 5700 3565 5752 I,
3601 5699 3654 5738 n.
3681 5681 3768 5736 24.

2269 5760 2283 5795 ι
2325 5757 2538 5823 Regum
2566 5772 2713 5821 cauo,
2745 5771 2971 5813 rursum.
