4028 6342
300 363 411 427 345

1228 360 1547 420 HISTORIA
1586 357 2029 417 FRANCORUM.
2071 358 2276 416 LIBER
2315 359 2630 427 QUINTUS.

3450 368 3556 426 346

297 485 427 540 tatis
462 478 605 535 laesae
629 477 830 548 judicio
857 477 1046 534 mortis
1074 483 1324 546 suscepto
1342 516 1355 543 ,
1380 490 1516 531 unus
1536 475 1605 529 ab
1633 476 1870 531 exercitu
1895 479 1950 541 Α
1972 480 2154 530 sentes
2176 476 2441 547 episcopi},
2491 478 2622 533 illud
2653 483 2733 533 est
2756 478 2990 538 additum
3015 479 3036 520 ί
3054 522 3071 551 ,
3105 482 3247 553 quod
3271 492 3451 540 essent
3476 485 3556 540 rei

297 577 353 632 vi
382 586 669 645 oppressus
696 580 810 637 est;
843 569 981 625 alius
1011 569 1063 623 in
1095 568 1217 640 fuga
1245 568 1635 639 apprehensus,
1664 577 1876 623 trunca-

300 671 369 727 tis
402 668 648 724 manibus
686 674 741 722 et
779 665 1005 737 pedibus
1049 663 1288 729 interiit;
1319 677 1513 733 resque
1557 676 1744 717 omnes
1769 670 1875 717 tam

300 774 524 828 eorum,
553 771 711 828 quam
742 756 928 827 patris,
967 755 1098 812 fisco
1135 755 1342 811 collatae
1364 762 1509 810 sunt.
1545 753 1711 809 Erant
1736 754 1876 809 enim

300 851 385 909 eis
413 850 589 921 magni
618 830 872 905 thesauri.

378 940 588 997 XXVII.
620 940 820 997 Dehine
839 940 1113 1008 Turonici,
1144 940 1370 1007 Pictavi,
1401 938 1747 1006 Baiocassini,
1776 935 1875 994 Ce-
1900 1014 1901 1017 η

302 1035 632 1103 nomannici,
665 1033 959 1104 Andegavi,
983 1049 1101 1089 cum
1126 1033 1243 1089 aliis
1265 1032 1445 1101 multis
1468 1033 1519 1087 in
1549 1031 1877 1086 Britanniam

302 1142 369 1183 ex
394 1127 544 1197 jussu
573 1125 864 1195 Chilperici
904 1126 1043 1195 regis
1075 1124 1320 1180 abierunt
1352 1141 1365 1177 :
1398 1131 1451 1179 et
1480 1131 1665 1178 contra
1689 1122 1878 1178 Waro-

299 1221 460 1276 chum
488 1228 537 1286 ι,
576 1218 742 1273 filium
794 1218 1059 1289 quondam
1104 1216 1342 1272 Macliavi
1369 1260 1383 1285 ,
1430 1216 1496 1271 ad
1526 1214 1876 1284 ,Vicinoniam

298 1310 331 1352 ι’
360 1310 577 1367 fluvium
604 1312 863 1367 resident.
893 1310 1000 1366 Sed
1030 1310 1117 1365 ille
1146 1309 1331 1364 dolose
1356 1324 1449 1378 per
1476 1314 1690 1363 noctem
1718 1320 1897 1385 super;

299 1405 543 1461 Saxones
568 1404 935 1459 Baiocassinos
960 1414 983 1441 ο
1010 1416 1190 1469 ruens,
1215 1401 1503 1457 maximam
1535 1399 1733 1455 exinde
1757 1413 1877 1470 par-

301 1505 410 1553 tem
440 1496 727 1552 interfecit.
758 1496 883 1551 Post
924 1495 1011 1551 die
1053 1503 1229 1551 autem
1259 1495 1410 1550 tertia
1432 1534 1446 1559 ,
1495 1508 1617 1548 cum
1655 1492 1878 1548 ducibus

210 1666 217 1669 ι
300 1589 445 1657 regis
473 1587 760 1656 Chilperici
786 1601 971 1657 pacem
998 1586 1221 1657 faciens,
1253 1596 1307 1640 et
1334 1584 1500 1639 tilium
1531 1599 1687 1639 suum
1708 1584 1761 1638 in
1783 1583 1879 1639 ob-

299 1678 532 1733 sidatum
581 1678 821 1745 donans,
872 1686 1206 1734 sacramento
1233 1692 1292 1733 se
1332 1677 1686 1746 constrinxit,
1735 1676 1877 1747 quod

303 1768 480 1824 ﬁdelis
521 1769 645 1847 regi
667 1768 969 1838 Chilperico
993 1781 1113 1822 esse
1141 1766 1378 1823 deberet.
1404 1766 1639 1821 Venetos
1668 1780 1878 1835 quoque

1978 566 2305 636 majestatis,
2354 576 2410 622 ct
2455 571 2639 638 patriae
2667 571 2986 640 proditores.
3025 572 3140 641 Qua
3188 573 3255 629 de
3293 588 3451 630 causa
3487 574 3556 631 ab

1978 660 2288 729 episcopatu
2314 660 2559 716 discincti
2585 662 2705 736 [Αἰ.
2735 664 2928 734 dejecti
2948 664 2987 738 ],
3023 667 3075 721 in
3104 666 3381 721 basilicam
3411 667 3556 722 beati

1978 750 2213 809 Marcelli
2239 752 2338 807 sub
2358 755 2597 809 custodia
2620 756 2997 813 detruduntur.
3021 758 3099 814 Ex
3121 773 3224 828 qua
3247 773 3340 827 per
3368 758 3546 829 fugam

1978 842 2154 914 lapsi,
2198 842 2559 901 discesserunt
2607 862 2701 915 per
2737 849 2947 904 diversa
2986 860 3270 921 vagantes,
3301 851 3472 908 donec
3501 851 3554 907 in

1979 934 2281 990 civitatibus
2311 948 2498 990 eorum
2522 936 2610 989 alii
2640 938 2913 1009 subrogati
2939 948 3131 995 suntII.
3508 951 3516 959 ‘

2052 1025 2244 1081 XXIX.
2273 1026 2612 1098 Chilpericus
2632 1045 2761 1087 vero
2789 1048 2885 1088 rex
2908 1034 3291 1105 descriptiones
3312 1046 3475 1090 novas
3504 1042 3559 1090 ct

1980 1133 2170 1191 graves
2210 1120 2264 1175 in
2310 1120 2456 1175 omni
2502 1136 2665 1192 regno
2690 1135 2788 1178 suo
2812 1122 2928 1179 fieri
2946 1124 3125 1194 jussit.
3155 1126 3270 1193 Qua
3307 1124 3375 1181 de
3397 1138 3557 1181 causa

1978 1211 2131 1266 multi
2152 1211 2513 1283 relinquentes
2540 1212 2783 1270 civitates
2809 1215 2927 1270 illas
2950 1214 3073 1287 [ΑΙ.
3107 1215 3289 1289 suas],
3321 1217 3404 1272 vel
3431 1231 3559 1287 pos.

1977 1302 2250 1360 sessiones
2281 1304 2552 1374 proprias,
2596 1306 2699 1359 alia
2742 1320 2904 1377 regna
2934 1307 3235 1376 petierunt,
3268 1308 3437 1365 satius
3463 1307 3560 1363 du-

1978 1403 2163 1451 centes
2194 1396 2319 1451 alibi
2350 1397 2714 1468 peregrinari,
2742 1413 2898 1469 quam
2943 1397 3037 1453 tali
3084 1399 3326 1468 periculo
3370 1400 3555 1469 subja-

1978 1501 2123 1545 cere.
2153 1487 2424 1545 Statutum
2446 1490 2589 1546 enim
2618 1490 2813 1557 fuerat,
2846 1500 2902 1546 ut
2942 1504 3222 1561 possessor
3250 1491 3317 1547 de
3347 1491 3559 1562 propria

1977 1590 2120 1639 terra
2148 1598 2307 1639 unam
2353 1584 2665 1652 amphoram
2700 1585 2811 1640 vini
2846 1599 2941 1654 per
2968 1585 3282 1655 aripennem
3310 1582 3336 1621 ιι
3366 1583 3558 1640 redde-

1982 1683 2087 1728 ret.
2116 1672 2225 1729 Sed
2253 1680 2307 1728 et
2335 1674 2451 1728 alia:
2478 1673 2777 1730 functiones
2806 1673 3183 1743 inﬂigebantur
3211 1674 3393 1729 multae
3416 1714 3430 1738 ,
3453 1681 3563 1727 tam

1979 1763 2049 1819 de
2088 1762 2310 1834 reliquis
2351 1764 2532 1831 terris,
2558 1779 2715 1835 quam
2746 1766 2814 1821 de
2842 1765 3119 1836 mancipiis
3144 1784 3159 1818 :
3184 1765 3324 1835 quod
3357 1765 3564 1835 impleri

301 1858 573 1914 civitatem
599 1859 814 1927 refudit,
847 1860 947 1915 sub
976 1874 1039 1914 ea
1067 1860 1396 1926 conditione,
1426 1866 1485 1913 ut
1506 1859 1551 1915 si
1580 1867 1875 1914 mereretur
1906 1868 1955 1929 Β
1980 1872 2087 1912 non
2133 1865 2361 1927 poterat.
2394 1857 2768 1915 Lemovicinus
2809 1874 3019 1930 quoque
3064 1860 3292 1930 populus
3334 1875 3456 1916 cum
3503 1873 3563 1915 se

300 1964 422 2007 eam
452 1966 545 2021 per
571 1952 861 2020 jussionem
893 1952 1032 2023 regis
1062 1966 1276 2022 regere,
1308 1952 1503 2007 tributa
1537 1952 1619 2008 vel
1659 1951 1837 2006 omnia
1859 1990 1878 2018 ,

302 2060 424 2115 quae
448 2045 642 2100 exinde
672 2046 1030 2114 debebantur,
1075 2048 1230 2103 annis
1259 2046 1484 2120 singulis
1521 2046 1666 2104 nullo
1695 2049 1881 2104 admo-

307 2146 471 2192 nente
516 2137 854 2193 dissolveret.
886 2139 1039 2206 Quod
1070 2154 1191 2193 cum
1221 2138 1418 2194 factum
1449 2140 1674 2207 fuisset,
1723 2156 1878 2195 exer-

302 2227 443 2282 citus
485 2229 551 2283 ab
580 2244 643 2285 eo
674 2229 791 2285 loco
832 2239 1071 2285 remotus
1118 2240 1219 2286 est.
1264 2231 1506 2287 Posthaec
1547 2231 1882 2302 Chilpericus

302 2332 399 2372 rex
428 2318 494 2374 de
524 2321 847 2389 pauperibus
871 2333 922 2376 et
946 2321 1249 2391 junioribus
1278 2322 1303 2360 ά
1333 2323 1577 2379 ecclesiae
1607 2326 1694 2380 vel
1736 2325 1881 2380 basi-

303 2406 423 2464 licre
453 2410 656 2467 hannos
679 2412 840 2481 jussit
860 2414 1023 2483 exigi,
1053 2428 1150 2483 pro
1178 2428 1243 2469 eo
1263 2416 1402 2483 quod
1427 2416 1479 2470 in
1511 2416 1747 2471 exercitu
1774 2432 1882 2473 non

304 2499 690 2557 ambulassent.
735 2501 851 2557 Non
880 2504 1027 2559 enim
1052 2513 1169 2559 erat
1197 2505 1563 2573 consnetudo,
1599 2514 1659 2560 ut
1706 2506 1761 2561 hi
1798 2508 1883 2562 ul-

305 2591 412 2648 lam
440 2594 781 2650 exsolverent
808 2596 1075 2665 publicam
1107 2595 1455 2661 functionem.
1486 2597 1729 2655 Posthaec
1758 2599 1885 2654 Wa-

305 2685 506 2742 rochus
537 2687 853 2745 oblivisccns
882 2689 1256 2760 promissionis
1296 2705 1435 2758 sure,
1467 2692 1651 2747 volens
1684 2694 1874 2748 irrum-

306 2792 439 2850 pere
492 2781 631 2850 quod
688 2780 918 2849 fecerat,
969 2781 1195 2837 Ennium
1250 2784 1558 2853 episcopum
1615 2784 1883 2841 Veneticae

308 2870 459 2928 urbis
482 2872 547 2926 ad
575 2872 929 2940 Chilpericum
970 2888 1148 2944 regem
1179 2874 1376 2945 dirigit.
1402 2876 1471 2929 At
1512 2875 1601 2931 ille
1630 2876 1708 2930 ira
1738 2890 1885 2931 com-

308 2970 487 3020 motus
507 3002 522 3029 ,
555 2963 714 3033 238
740 2962 1072 3035 objurgatum
1098 2979 1219 3020 eum
1244 2965 1438 3022 exsilio
1469 2966 1714 3021 damnari
1744 2981 1883 3037 prte-

309 3056 467 3124 cepit.

383 3145 617 3203 XXVIII.
640 3147 795 3203 Anno
821 3161 1035 3218 quoque
1062 3156 1253 3218 Quarto
1278 3147 1605 3204 Childeberti
1628 3188 1642 3213 ,
1674 3149 1762 3216 qui
1790 3147 1890 3203 fuit

1982 1960 2225 2009 cerneret
2255 1950 2345 2006 tali
2374 1949 2518 2007 fasce
2544 1954 2786 2023 gravari,
2836 1962 3194 2023 congregatus
3241 1953 3293 2007 in
3324 1952 3565 2008 calendis

1983 2042 2213 2110 Martiis,
2248 2042 2482 2097 Marcum
2520 2040 2968 2111 referendarium,
3000 2043 3091 2113 qui
3128 2043 3243 2099 haec
3266 2057 3426 2116 agere
3452 2042 3565 2113 jus-

1982 2150 2075 2192 sus
2104 2136 2295 2201 fuerat,
2322 2137 2627 2193 interficere
2650 2137 2816 2192 voluit
2849 2155 2861 2191 :
2893 2145 2947 2193 et
2979 2136 3196 2191 fecisset
3221 2135 3430 2205 utique,
3461 2136 3561 2189 nisi

1982 2244 2103 2283 eum
2144 2230 2426 2299 cpiscopus
2456 2228 2742 2283 Ferreolus
2766 2226 2781 2265 ί
2808 2229 2876 2283 ab
2905 2226 3203 2283 imminenti
3255 2225 3565 2281 discriminc

1985 2322 2281 2377 liberasset.
2343 2321 2585 2391 Arreptis
2635 2336 2848 2391 quoque
2894 2320 3046 2376 libris
3105 2318 3566 2388 descriptionum,

1986 2415 2148 2486 239
2186 2413 2436 2469 incendio
2488 2412 2773 2468 multitudo
2820 2411 3104 2482 conjuncta
3156 2408 3565 2482 concremavit:

1986 2509 2127 2564 unde
2157 2508 2381 2563 multum
2428 2508 2688 2563 molestus
2716 2522 2809 2562 rex
2832 2546 2849 2573 ,
2890 2506 3128 2575 dirigens
3157 2504 3225 2559 de
3275 2504 3442 2559 latere
3472 2516 3565 2558 suo

1986 2615 2271 2672 personas,
2297 2602 2575 2657 immensis
2599 2600 2813 2655 damnis
2842 2600 3096 2671 populum
3124 2597 3340 2667 afﬂixit,
3367 2597 3566 2668 suppli«

1988 2696 2191 2763 ciisque
2228 2692 2523 2749 conterruit
2553 2693 2599 2758 ἱ,
2630 2702 2804 2748 morte
2832 2691 3128 2747 mulctavit.
3160 2689 3363 2746 Ferunt
3405 2689 3564 2743 etiam

1988 2797 2113 2844 tunc
2143 2789 2364 2845 abbates
2402 2797 2562 2858 atque
2599 2788 2942 2859 presbyteros
2981 2787 3048 2842 ad
3077 2786 3286 2855 stipites
3314 2793 3568 2841 extensos

1987 2882 2217 2939 diversis
2265 2880 2598 2950 subjacuisse
2626 2882 2908 2938 tormentis
2932 2921 2946 2947 ,
2981 2878 3434 2935 calumniantibus
3475 2892 3564 2934 re-

1988 2973 2195 3044 galibus
2224 2972 2403 3027 missis
2424 3014 2437 3039 ,
2474 2972 2617 3041 quod
2663 2972 2717 3026 in
2764 2972 3031 3028 seditione
3060 2972 3242 3041 populi
3273 2970 3339 3026 ad
3387 2971 3566 3026 incen~

1989 3065 2196 3121 dendos
2240 3065 2410 3121 libros
2450 3063 2829 3136 satellites[l.
2873 3061 3186 3134 adjutores]
3238 3061 3568 3129 adfuissent,

1990 3156 2263 3213 acerbiora
2290 3169 2501 3225 quoque
2525 3153 2777 3225 deinceps
2808 3154 3105 3225 indigentes
3140 3153 3351 3208 tributa.

316 3238 551 3294 IICCImIIS
595 3246 819 3296 octavus
849 3238 1235 3295 Guntchramni
1266 3248 1321 3295 et
1367 3239 1634 3308 Cltiperici
1662 3254 1883 3311 regum,
1917 3248 1963 3313 Ο
2063 3248 2234 3304 XXX,
2269 3249 2509 3305 Britanni
2552 3262 2770 3320 quoque
2817 3247 3053 3318 graviter
3098 3248 3374 3319 regionem
3421 3245 3569 3302 Rhe.

315 3332 453 3402 apud
474 3331 805 3387 Cavillonum
833 3332 1099 3389 civitatem
1125 3333 1360 3404 synodus
1383 3334 1517 3389 facta
1536 3343 1638 3402 est,
1663 3350 1727 3391 ex
1736 3334 1888 3405 jussu

315 3422 567 3494 principis
597 3423 1016 3490 Guntchramni;
1044 3424 1409 3494 discussisque
1438 3425 1663 3481 diversis
1686 3426 1885 3494 causis,

316 3526 497 3571 contra
528 3515 801 3572 Salonium
846 3524 899 3570 et
946 3516 1288 3586 Sagittarium
1337 3517 1619 3586 episcopos
1668 3518 1891 3573 iteratur

316 3610 408 3666 illa
436 3610 650 3679 antiqua
674 3609 947 3664 calamitas
966 3608 1013 3662 ά.
1046 3608 1381 3679 Objiciuntur
1416 3610 1495 3667 eis
1524 3610 1749 3666 crimina
1782 3629 1793 3663 :
1838 3619 1891 3666 et

315 3718 425 3760 non
468 3702 642 3758 solum
668 3701 736 3757 de
755 3700 1059 3770 adulteriis,
1092 3715 1274 3757 verum
1304 3703 1469 3758 etiam
1500 3703 1566 3759 de
1593 3703 1891 3761 homicidiis

316 3804 654 3855 accusantur.
684 3794 790 3853 Sed
834 3794 951 3852 haec
983 3810 1081 3867 per
1118 3797 1486 3865 paenitentiam
1515 3798 1731 3869 purgari
1760 3812 1891 3856 cen-

392 3967 420 3995 ἰ
442 3956 617 4023 Colb.,
653 3954 947 4021 Voracium,
974 3962 1028 4011 et
1058 3952 1192 4009 infra
1215 3996 1230 4021 ,
1268 3955 1570 4010 Varadium.

387 4027 417 4068 δ
441 4027 711 4083 Cervicem
745 4025 1028 4080 Britanniae
1070 4026 1365 4095 peninsulae
1393 4037 1569 4095 secat,
1617 4034 1774 4095 atque
1811 4027 1891 4082 in-

317 4109 401 4155 ter
428 4098 654 4154 Venetos
685 4106 734 4152 et
766 4096 1077 4152 Namnetem
1103 4096 1265 4151 urbes
1295 4097 1347 4151 in
1380 4096 1647 4151 Oceanum
1677 4100 1888 4152 Britan-

316 4172 496 4252 nicum
538 4168 893 4237 immergitur.
949 4166 1162 4234 Vulgari
1191 4167 1444 4223 idiomate
1488 4167 1681 4223 dicitur
1712 4168 1761 4221 la
1803 4169 1890 4220 Vi-

313 4242 571 4367 lmgeéod.
598 4310 809 4381 Regm.,
836 4307 1067 4364 Saxones
1087 4319 1240 4381 atque
1265 4307 1646 4381 Bajocqssiuos.
1676 4310 1767 4365 Ast
1784 4309 1891 4381 alia

314 4382 477 4438 lectio
505 4380 699 4451 potior.
734 4381 829 4434 llic
850 4382 1044 4449 quippe
1067 4380 1413 4448 designantur
1442 4380 1681 4451 Saxones
1704 4395 1735 4434 e
1759 4380 1892 4435 Gcr-
1974 4418 1978 4422 -

314 4454 491 4507 mania
512 4450 753 4516 oriundi,
778 4453 866 4519 qui
898 4450 1169 4506 inclinatis
1198 4451 1409 4518 imperii
1438 4450 1665 4506 Romani
1691 4451 1893 4506 viribus

313 4524 369 4579 in
401 4524 725 4578 Britanniam
750 4522 1005 4590 majorem
1034 4530 1087 4577 et
1113 4522 1166 4576 in
1196 4522 1393 4578 Gallias
1424 4522 1661 4589 irrupere
1688 4565 1702 4588 ,
1735 4532 1893 4591 atque

1991 3340 2235 3398 donicam
2257 3348 2637 3407 vastaverunt,
2670 3338 2916 3395 incendio
2940 3379 2957 3407 ,
2986 3338 3189 3409 praeda,
3219 3336 3527 3408 captivitate
3556 3352 3571 3390 .'

1990 3436 2080 3507 qui
2110 3449 2278 3503 usque
2320 3432 2636 3489 Cornutium
2682 3431 2859 3487 vicum
2889 3428 2914 3467 ι
2946 3429 3265 3487 debellando
3304 3429 3571 3500 progressi

1989 3536 2138 3587 sunt.
2166 3526 2367 3583 Ennius
2400 3525 2518 3601 [ΑΙ.
2552 3525 2757 3581 Eonius
2779 3524 2797 3597 ]
2821 3539 2950 3581 vero
2970 3525 3254 3595 episcopus
3281 3524 3348 3579 de
3376 3521 3572 3579 exsilio

1991 3621 2261 3686 reductus,
2285 3619 2577 3689 Andegavo
2605 3618 2672 3673 ad
2699 3618 3025 3688 pascendum
3054 3617 3349 3688 delegatur,
3379 3630 3476 3672 nec
3505 3615 3572 3671 ad

1991 3714 2259 3770 civitatem
2289 3726 2440 3767 suam
2473 3710 2782 3767 Veneticam
2810 3710 2987 3767 redire
3007 3710 3355 3780 permittitur.
3380 3708 3572 3777 Bippo-

1990 3806 2144 3864 lenus
2174 3805 2195 3845 ι
2221 3820 2349 3863 vero
2378 3806 2483 3861 dux
2512 3813 2697 3861 contra
2727 3804 3010 3859 Britannos
3040 3802 3313 3872 dirigitur,
3358 3810 3413 3855 et
3455 3800 3571 3855 loca

1994 3972 2132 4018 rant.
2166 3962 2428 4018 Caeterum
2457 3976 2522 4017 ex
2552 3962 2656 4017 hoc
2678 3958 2885 4029 capite,
2928 3958 3571 4029 quodomnesmssrex-

1992 4034 2199 4099 bibent,
2244 4042 2450 4088 certum
2482 4042 2564 4087 est
2603 4025 2760 4086 etiam
2795 4025 2960 4098 caput
2982 4028 3051 4081 ‘20
3078 4026 3381 4099 hujus_libri
3406 4025 3571 4099 ,_licet

1994 4105 2046 4157 in
2076 4095 2278 4172 aliquot
2298 4103 2455 4157 codd.
2488 4102 2843 4172 desideretur,
2862 4095 3047 4172 verum
3071 4095 3192 4172 esse
3220 4096 3460 4172 Gregorii
3491 4095 3569 4150 fe-

1996 4182 2131 4227 tum.
2164 4166 2238 4227 De
2268 4172 2578 4228 earumdem
2621 4171 2920 4240 dejectione
2961 4167 3073 4239 agit
3117 4168 3312 4223 Marius
3338 4166 3402 4221 ad
3433 4167 3571 4221 hunc

1994 4244 2165 4312 ipsum
2195 4258 2413 4297 annum.

2069 4312 2089 4353 τ
2114 4314 2290 4374 Colb..
2319 4312 2650 4367 attitulatum.

2066 4394 2092 4433 ε
2123 4385 2336 4439 Aridius
2367 4384 2574 4439 scilicet
2608 4380 2898 4452 Sagittario
2924 4380 3355 4452 Vapincensi,_et
3376 4377 3575 4452 Emori.

1997 4464 2084 4511 tus
2136 4455 2356 4512 Salonio
2394 4450 2784 4510 Ehredunensi.
2820 4450 3320 4523 Uterqueiinterfuit
3346 4450 3572 4505 concilio

1996 4527 2199 4582 Matisc.
2234 4542 2291 4591 ll,
2325 4540 2464 4580 anno
2500 4525 2639 4591 585,
2694 4533 2749 4579 et
2797 4522 3009 4579 Aridius
3038 4522 3324 4579 Valentino
3374 4537 3432 4581 ιι.
3483 4535 3572 4575 an.

314 4592 1130 4685 ἓὲἷίὲἒοῖἱηέξνζἮῗὲἳξὲζλῖ
1130 4592 1887 4685 999530.:?c_91‘.ill‘l§.'3?392
1918 4626 1971 4685 D
1999 4598 2123 4685 58?".-
2148 4596 2333 4685 E‘de
2359 4597 2708 4685 Ρθτίνὲίί..ίτθ⁵
2735 4595 2995 4685 ⁸Ρί³ἓ⁰¹ἓίῗ
3019 4593 3075 4649 ⁵·
3093 4592 3487 4685 βτθὲεἶτίυδμθί
3509 4591 3572 4685 .i“

312 4667 544 4721 cassium
564 4676 616 4719 et
636 4663 1071 4719 Namnetensium
1095 4664 1456 4729 considentes,
1474 4678 1595 4718 cum
1619 4663 1886 4718 veteribus

311 4737 505 4792 incolis
533 4735 809 4805 permisti,
856 4748 1067 4805 nomen_
1102 4737 1263 4787 etiam
1313 4734 1521 4805 utrique
1550 4735 1694 4804 genti
1739 4748 1887 4805 com-

314 4822 479 4862 mune
512 4803 831 4861 habuerunt.
866 4804 1002 4859 Hinc
1028 4803 1350 4859 Fortunatus
1374 4804 1464 4859 lib.
1496 4803 1576 4868 tu,
1631 4818 1797 4859 carm.
1830 4804 1885 4871 8,

311 4878 495 4933 laudat
520 4877 749 4932 Felicem
780 4875 946 4945 episc.
978 4874 1343 4945 Namneticum
1374 4876 1442 4928 ob
1473 4874 1705 4929 Saxones
1735 4874 1803 4928 ab
1822 4889 1889 4930 eo

311 4949 414 5003 sub
441 4949 567 5017 jugo
586 4947 788 5002 Christi
815 4943 1463 5017 mansuefactosnEorum
1492 4946 1889 5017 regionem_Ca-
1966 4977 1971 4983 η

310 5014 463 5074 rolus
488 5014 678 5073 Calvus
706 5018 761 5071 in
795 5018 998 5086 legibus
1029 5017 1167 5085 apud
1198 5016 1469 5072 Silvacum
1501 5016 1732 5084 appellat
1763 5014 1889 5069 Lin-

308 5104 468 5160 guam
496 5088 822 5160 Saxonicgm.

383 5158 409 5198 ἀ
437 5158 682 5215 Juniores
723 5158 809 5214 hic
857 5165 981 5212 sunt
1023 5158 1265 5213 ecclesia:
1314 5156 1635 5219 servitores,
1683 5163 1740 5207 ut
1776 5154 1891 5210 vult

309 5229 577 5296 Cointius,
605 5230 671 5285 ad
698 5244 897 5285 annum
941 5227 1082 5293 586;
1116 5230 1247 5283 alias
1281 5223 1888 5296 siciappcllanturClc-

308 5303 410 5357 rici
455 5294 796 5357 subdiaconis
838 5298 1141 5354 inferiores.
1183 5297 1316 5353 Vide
1355 5295 1559 5349 Concil.
1612 5294 1888 5350 Masticon.

308 5389 362 5437 ι,
394 5388 514 5429 can.
543 5376 606 5437 8,
656 5381 710 5426 et
738 5369 985 5441 Bignonii
1014 5368 1180 5441 Notas
1226 5369 1278 5421 in
1319 5365 1558 5420 Marculli
1604 5364 1888 5441 formulam

306 5436 458 5499 '5'Iib.
502 5459 539 5498 ι.
567 5436 1010 5497 Βδιιιιιιιιιίιυιριη
1063 5440 1148 5494 hic
1203 5444 1422 5508 usurpat
1462 5450 1559 5502 pro
1597 5436 1889 5508 multa‘in-

306 5515 447 5569 dicta
480 5515 544 5569 iis
570 5513 657 5582 qui
680 5513 747 5567 ad
778 5514 1028 5577 bannum,
1061 5510 1112 5565 id
1143 5510 1313 5567 estad
1335 5505 1612 5577 placitum,
1638 5505 1881 5560 militiam
1966 5542 1969 5545 ν

309 5599 403 5642 seu
435 5585 699 5641 delecttun
724 5598 826 5637 non
858 5592 1217 5637 accesserant.

389 5666 410 5692 ε
436 5655 553 5710 Jam
585 5655 777 5722 quippe
811 5654 1041 5708 accusati
1090 5655 1298 5707 fuerant
1335 5660 1388 5705 et
1435 5649 1882 5722 condemnati‘in

308 5726 538 5780 concilio
570 5719 812 5793 L'ugduu.
868 5738 938 5793 tt,
989 5732 1046 5776 ut
1089 5724 1285 5778 dictum
1316 5732 1395 5776 est
1425 5735 1581 5793 supra
1617 5719 1882 5793 _c_ap._2l),

308 5798 403 5850 sed
432 5788 829 5863 ,Ιοδιιιιιέρςιρω
856 5792 1092 5863 μεριειο
1142 5795 1373 5848 restituti
1402 5834 1414 5856 ,
1468 5789 1706 5863 Concilio
1740 5788 1882 5863 μεως

310 5868 472 5923 sicnsi
502 5883 585 5931 tv,
618 5857 927 5929 anno-575,
976 5878 1093 5919 cum
1142 5865 1257 5921 aliis
1312 5864 1579 5932 cpiscOpis
1632 5857 1884 5915 interl‘uc-
1960 5906 1965 5909 κ

1994 4668 2189 4738 quibus
2218 4668 2431 4737 Aregiu:
2468 4663 2703 4738 dicitur,
2733 4663 2871 4721 sicut
2897 4673 2951 4738 et
2981 4665 3033 4719 in
3058 4663 3175 4734 ejus
3201 4663 3565 4738 Vita_a_b.auc-

1995 4731 2112 4796 {ore
2133 4731 2400 4795 coaetaneo
2421 4737 2639 4806 scripta,
2659 4738 2796 4803 apud
2816 4731 3255 4806 Labbeum'tomo
3276 4748 3293 4788 1
3317 4731 3567 4806 Biblioth.

1996 4811 2369 4891 novae:_lpsius
2419 4804 2632 4863 festum
2660 4808 2713 4862 in
2742 4806 2952 4877 propria
2996 4805 3220 4861 ecclesia
3264 4804 3563 4859 celebratur

1995 4880 2459 5019 mehlAbI-I‘pznnem
2489 4948 2830 5019 appellabant
2877 4954 3082 5003 veteres
3101 4944 3239 5019 Galli
3259 4986 3275 5010 ,
3308 4951 3364 5019 ut
3395 4949 3572 4997 monet

1999 5013 2270 5087 Valesius,
2300 5013 2674 5089 semiiugeretn
2703 5019 3068 5089 continentem
3092 5016 3193 5070 120
3226 5013 3415 5082 pedes.

1972 5116 1973 5119 η
2074 5090 2089 5128 ί
2121 5092 2198 5147 De
2226 5093 2326 5145 hoc
2352 5088 2606 5143 infra'lib.
2640 5104 2733 5155 vn,
2762 5104 2880 5156 cap.
2912 5088 2995 5142 ll).

2071 5162 2086 5210 ι
2121 5162 2308 5231 chm.
2339 5169 2392 5214 et
2421 5160 2568 5227 Bec.,
2600 5152 2851 5212 contrivit.
2885 5160 3029 5231 Ilanc
3052 5168 3172 5211 esse
3192 5153 3418 5231 primam
3447 5152 3570 5231 illis-

1994 5244 2177 5286 sorum
2202 5223 2470 5297 regiorum
2498 5223 2822 5283 mentionem
2854 5230 2993 5298 apud
3022 5234 3241 5298 nostros
3268 5223 3569 5298 llistoricos

1993 5302 2245 5357 observat
2266 5293 2515 5355 Valesius
2563 5298 2698 5354 libro
2727 5318 2757 5354 χ
2798 5293 2995 5354 Rerum
3054 5294 3298 5350 Francic.
3330 5293 3574 5347 Postmo-

1994 5373 2119 5426 dum
2152 5372 2251 5426 sub
2299 5370 2578 5425 Missorum
2620 5370 3014 5425 dominicorum
3068 5366 3283 5421 nomine
3327 5364 3572 5421 celebres

1996 5442 2265 5568 ΐυῗτῗῖἶέίιῖε
2292 5513 2468 5567 locum
2517 5507 2757 5564 Cointius
2803 5508 3037 5578 appellat
3064 5505 3289 5560 Cornus.
3322 5506 3573 5561 Valesius

1994 5600 2120 5641 vero
2145 5596 2219 5637 att
2248 5586 2405 5652 vulgo
2430 5582 2787 5652 .putati‘esse
2838 5578 3184 5634 Saint-Aubiu
3218 5580 3262 5632 le
3312 5578 3566 5632 Cormier.

1989 5655 2121 5711 Cod.
2156 5650 2366 5722 Regmf,
2399 5650 2761 5706 Tormmtium.

2071 5726 2085 5762 1
2119 5716 2259 5794 310d:
2292 5725 2481 5794 ῐὶςεςιιι.
2525 5735 2650 5794 cum
2682 5724 2880 5793 aliquot
2910 5721 3098 5791 editis,
3126 5720 3419 5791 Bypoleuus
3447 5736 3457 5747 ί
3486 5716 3573 5774 alit

1991 5791 2271 5868 Dipolenus
2295 5836 2307 5858 ,
2335 5791 2672 5859 Beppolenus.
