4028 6342
539 351 639 408 547

1522 353 1579 413 S.
1620 352 1946 411 GREGORII
1986 355 2292 414 EPISCOPI
2330 355 2764 413 TUROXENSIS

3693 358 3800 417 543

536 470 708 541 aliqua
754 469 1042 530 Britannias
1072 471 1217 529 ferro
1260 470 1613 543 incendioque
1640 471 1894 542 opprimit
1926 489 1937 526 :
1988 488 2107 544 qua:
2136 474 2191 534 Α
2212 485 2325 526 sam
2356 476 2661 529 auferentes
2702 475 2932 544 praedam
2955 518 2969 544 ,
3004 487 3158 544 agi-ns
3195 473 3522 543 pervadunt,
3555 475 3742 533 vineas
3767 493 3797 532 ιι

536 580 625 620 res
653 565 908 635 majorem
932 566 1187 621 insaniam
1216 566 1487 621 excitavit.

610 657 802 714 XXXI.
848 660 978 713 Dum
1020 660 1135 715 haec
1162 668 1447 729 agerentur
1489 661 1542 714 in
1576 658 1759 713 Galliis
1795 667 1842 723 λ,
1868 658 2111 715 Justinus

536 752 754 823 impleto
779 753 982 821 imperii
1012 762 1200 808 octavo
1222 754 1430 810 decimo
1452 770 1613 821 anno,
1641 756 1925 809 amentiam
1950 771 2109 825 quam

536 846 829 901 incurrerat
856 887 870 912 ,
901 862 1020 901 cum
1052 848 1156 902 vita
1209 848 1398 905 ﬁnivit.
1431 850 1546 917 Quo
1576 849 1814 919 sepulto,
1863 848 2109 906 Tiberius

534 937 712 992 Caesar
736 938 965 1007 arripuit
986 937 1095 1008 jam
1126 939 1251 995 olim
1280 955 1589 1012 aggressum
1618 941 1897 1011 imperium
1919 940 1969 996 δ.
2001 941 2107 997 Sed

533 1044 653 1084 cum
684 1045 803 1084 eum
834 1030 1125 1086 secttndum
1156 1032 1595 1087 consuetudinem
1637 1032 1739 1087 loci
1788 1031 1853 1086 ad
1898 1038 2107 1102 specta-

533 1122 709 1176 culum
738 1122 865 1178 circi
896 1124 1299 1193 praestolaretur
1326 1125 1557 1195 populus
1577 1140 1952 1195 processurum
1976 1164 1991 1190 ,
2014 1139 2109 1196 pa-

533 1229 651 1269 rare
680 1215 727 1270 ei
757 1216 999 1285 cogitans
1033 1232 1127 1285 pro
1183 1226 1332 1285 parte
1387 1217 1668 1273 Justiniani
1726 1218 1981 1284 insidias,
2015 1220 2105 1290 qui

534 1314 658 1361 tunc
699 1322 865 1377 nepos
911 1307 1102 1363 Justini
1148 1308 1464 1377 habebatur,
1498 1309 1589 1365 ille
1636 1323 1731 1379 per
1779 1309 1893 1364 loca
1921 1319 2105 1366 sancta

533 1399 810 1467 processit.
841 1399 1228 1471 Completaque
1257 1403 1497 1456 oratione
1517 1442 1531 1467 ,
1563 1410 1752 1457 vocato
1775 1402 1840 1457 ad
1870 1416 1928 1458 se
1957 1404 2105 1460 urbis

529 1501 698 1559 papa,
733 1504 854 1545 cum
885 1490 1194 1548 consulibus
1238 1506 1300 1548 ac
1338 1492 1603 1562 praefectis
1632 1493 1885 1562 palatium
1915 1504 1997 1551 est
2024 1496 2106 1550 in-

530 1593 771 1650 gressus.
814 1580 1016 1637 Dehinc
1060 1581 1278 1638 indutus
1308 1599 1567 1655 purpura,
1601 1584 1907 1642 diademate
1950 1601 2103 1642 coro-
2150 1650 2163 1668 ⁸

531 1680 723 1739 natus,
753 1672 946 1729 throno
989 1675 1252 1745 imperiali
1292 1676 1609 1746 impositus,
1667 1693 1788 1733 cum
1823 1679 2103 1735 immensis

528 1761 773 1819 laudibus
806 1775 828 1803 ο
860 1764 1139 1837 imperium
1163 1768 1519 1825 conﬁrmavit.
1541 1767 1863 1825 Factionarii
1890 1787 2103 1842 quoque

2215 562 2475 619 fructibus
2522 575 2777 633 vacuant,
2833 573 2885 621 et
2935 568 3176 637 captivos
3205 566 3497 621 abducunt.
3546 567 3628 622 Ad
3659 583 3797 636 quos

2212 671 2332 711 cum
2363 657 2515 712 Felix
2545 660 2827 729 episcopus
2855 661 3175 730 legationem
3207 660 3475 727 misisset,
3501 662 3798 716 emendare

2213 752 2604 819 promittentes,
2636 753 2765 807 nihil
2799 754 2861 807 de
2893 754 3169 822 promissis
3198 754 3420 822 implere
3448 753 3736 808 v‘oluerunt

2282 842 2519 900 XXXIII.
2570 845 2725 916 Apud
2755 843 2978 902 hautem
3030 846 3262 901 Parisios
3312 846 3501 901 mulier
3546 848 3794 917 quaedam

2209 934 2315 989 ruit
2344 936 2397 989 in
2428 938 2649 1004 crimen,
2669 938 3028 993 asserentibus
3051 937 3208 1010 2&1
3233 938 3434 1004 multis,
3467 938 3619 1008 quasi
3644 938 3788 1008 quod

2209 1024 2400 1081 relicto
2428 1028 2549 1083 viro
2589 1043 2709 1084 cum
2754 1028 2861 1084 alio
2889 1030 3221 1085 misceretur.
3250 1029 3412 1100 Igitur
3442 1039 3694 1100 parentes
3727 1032 3795 1085 ll-

2208 1118 2315 1174 lius
2346 1130 2692 1177 accesserunt
2732 1123 2797 1177 ad
2843 1132 3078 1193 patrem,
3108 1122 3382 1179 dicentes:
3411 1123 3517 1179 Aut
3540 1124 3790 1179 idoneam

2209 1211 2374 1268 redde
2403 1213 2562 1268 ﬁliam
2616 1222 2792 1279 tuam,
2827 1222 2916 1268 aut
2946 1224 3091 1269 certe
3120 1216 3396 1283 moriatur,
3430 1230 3498 1271 ne
3546 1226 3790 1284 stuprum

2208 1303 2312 1359 hoc
2342 1307 2526 1375 generi
2558 1314 2740 1359 nostro
2768 1315 2945 1361 notam
2976 1306 3197 1377 inﬁigat.
3228 1306 3383 1372 Novi,
3404 1307 3574 1377 inquit
3605 1318 3781 1375 pater,

2206 1409 2306 1465 ego
2334 1396 2490 1450 ﬁliam
2530 1411 2700 1452 meam
2730 1397 2865 1453 bene
2896 1397 3174 1464 idoneam,
3206 1410 3305 1452 nec
3328 1404 3411 1452 est
3437 1411 3619 1452 verum
3665 1412 3789 1451 ver-

2209 1485 2333 1541 bum
2355 1489 2457 1541 hoc
2482 1528 2496 1553 ,
2542 1488 2681 1557 quod
2713 1488 2837 1542 mali
2870 1487 3111 1543 homines
3134 1488 3545 1557 proloquuntur.
3578 1487 3785 1541 Tamen

2207 1591 2276 1632 ne
2316 1578 2521 1633 crimen
2548 1586 2835 1649 consurgat
2876 1579 3099 1633 ulterius
3120 1622 3134 1647 ,
3185 1578 3523 1633 innocentem
3552 1590 3674 1632 eam
3702 1575 3789 1629 fa-

2206 1668 2344 1724 ciam
2374 1679 2727 1725 sacramento.
2755 1670 2818 1724 Et
2850 1670 2923 1725 illi
2956 1687 2970 1724 :
2998 1670 3087 1739 Si,
3121 1670 3407 1739 inquiunt,
3435 1676 3517 1724 est
3546 1668 3783 1733 innoxia,

2208 1777 2369 1833 super
2417 1765 2675 1820 tumulum
2725 1765 2824 1820 hoc
2852 1765 2991 1819 beati
3022 1764 3263 1835 Dionysii
3314 1764 3565 1835 martyris
3604 1777 3788 1816 sacra.

527 1852 867 1922 opperientes
912 1857 978 1911 ad
1005 1859 1203 1915 circum
1225 1900 1241 1927 ,
1272 1873 1394 1915 cum
1436 1864 1815 1931 cognovissent
1842 1878 1961 1933 quae
1981 1872 2101 1919 aeta
2132 1844 2181 1915 Β
2207 1858 2399 1911 mentis
2425 1854 2651 1911 afﬁrma.
2679 1856 2914 1923 Faciam,
2944 1857 3106 1927 inquit
3137 1865 3305 1926 pater.
3340 1851 3489 1910 Tunc
3518 1855 3651 1909 inito
3678 1854 3787 1923 pla-

528 1944 772 2015 fuerant,
818 1949 1024 2019 pudore
1060 1951 1267 2008 confusi
1325 1954 1441 2009 sine
1467 1952 1659 2011 eﬁectu
1688 1958 1915 2026 regressi
1944 1968 2093 2029 sunt,

528 2035 656 2091 nihil
688 2036 885 2094 homini
908 2041 997 2111 qui
1028 2042 1082 2096 in
1114 2042 1225 2098 Deo
1252 2058 1398 2113 spem
1426 2043 1587 2117 240
1619 2056 1873 2115 posuerat
1913 2048 2103 2104 adver-

525 2129 634 2184 sari
666 2131 902 2188 valentes
927 2133 975 2187 δ.
1010 2134 1317 2192 Transactis
1345 2138 1505 2206 igitur
1530 2140 1713 2208 paucis
1742 2139 1930 2195 diebus
1952 2180 1968 2209 ,
2006 2140 2102 2196 ad-

525 2222 742 2280 veniens
771 2224 1125 2293 Justinianus,
1158 2228 1377 2298 pedibus
1407 2244 1465 2285 se
1489 2228 1717 2299 projecit
1740 2231 2099 2301 imperatoris,

523 2315 819 2383 quindecim
851 2318 899 2374 ei
939 2321 1242 2376 centenaria
1272 2320 1388 2375 auri
1440 2320 1690 2377 deferens
1733 2322 1803 2377 ob
1851 2324 2099 2380 meritum

521 2410 728 2478 gratiae.
765 2410 932 2477 Quem
985 2414 1074 2468 ille
1122 2414 1418 2470 secundum
1468 2415 1743 2483 patientiae
1782 2429 1893 2470 suae
1938 2416 2100 2472 ritum

522 2501 808 2576 colligens,
851 2503 902 2561 in
929 2504 1186 2576 palatium
1212 2506 1373 2578 jussit
1422 2508 1699 2562 assistere.
1733 2505 1929 2575 Sophia
1972 2522 2102 2563 vero

522 2597 759 2667 Augusta
792 2601 1074 2654 immemor
1104 2600 1474 2670 promissionis
1495 2640 1509 2665 ,
1546 2615 1705 2670 quam
1735 2599 2003 2668 quondam
2046 2600 2102 2657 in

530 2688 794 2744 I‘iberium
848 2690 1126 2760 habuerat,
1159 2691 1384 2746 insidias
1437 2691 1483 2746 ei
1539 2691 1756 2746 tentavit
1800 2690 2099 2747 intendere.

522 2781 850 2838 Procedente
877 2790 1056 2839 autem
1082 2799 1148 2840 eo
1179 2783 1244 2838 ad
1279 2783 1488 2849 villam,
1534 2790 1591 2837 ιιι
1616 2781 1768 2852 juxta
1797 2781 1957 2838 ritum
2004 2785 2103 2837 ini-

522 2874 778 2944 perialem
829 2875 1043 2946 triginta
1093 2875 1280 2931 diebus
1320 2876 1387 2931 ad
1418 2874 1742 2929 vindemiam
1780 2874 2103 2945 jocundarc-

521 2971 607 3020 tur
633 2973 655 3003 ο
680 2975 892 3032 ,vocato
914 2966 1052 3021 clam
1074 2966 1395 3035 Iustiniano,
1420 2966 1617 3037 Sophia
1648 2966 1821 3022 voluit
1847 2982 1967 3022 eum
1995 2968 2102 3023 eri-

521 3072 646 3129 gere
695 3059 748 3114 in
790 3059 1090 3129 imperium.
1119 3061 1235 3127 Quo
1284 3070 1590 3131 comperto,
1634 3060 1884 3116 Tiberius
1938 3074 2101 3117 cursu

521 3148 691 3205 veloci
722 3150 788 3204 ad
810 3148 1455 3220 Constantinopolitanam
1478 3152 1749 3207 civitatem
1772 3154 2096 3221 regreditur,

521 3241 1017 3313 apprehensamque
1066 3244 1358 3314 Angustam
1386 3284 1403 3312 ,
1446 3242 1514 3298 ab
1555 3242 1803 3299 omnibus
1830 3245 2100 3301 thesauris

522 3331 799 3400 spoliavit,
851 3332 1021 3387 solum
1047 3331 1094 3386 ei
1146 3332 1317 3386 victus
1346 3332 1645 3402 quotidiani
1676 3332 1987 3387 alimentum
2011 3348 2099 3389 re-

522 3421 787 3494 linquens.
819 3424 1227 3495 Segregatisque
1273 3426 1453 3496 pueris
1481 3425 1597 3495 ejus
1635 3424 1703 3479 ab
1729 3438 1813 3493 ea,
1845 3425 1978 3482 alios
2008 3440 2101 3495 po-

522 3515 629 3570 suit
675 3514 742 3571 de
768 3512 1015 3571 ﬁdelibus
1045 3518 1154 3571 suis
1174 3558 1189 3583 ,
1214 3517 1469 3572 mandans
1500 3531 1716 3587 prorsus
1747 3528 1803 3573 ut
1832 3520 2007 3573 nullus
2035 3518 2100 3575 de

524 3606 879 3664 anterioribus
907 3607 973 3663 ad
1005 3623 1119 3663 eam
1152 3609 1367 3665 haberet
1402 3624 1695 3666 accessum.
1740 3608 2097 3667 Iustinianum

522 3708 648 3752 vero
674 3695 1008 3767 objurgatum
1042 3707 1187 3753 tanto
1233 3699 1287 3753 in
1336 3708 1609 3770 posterum
1644 3713 1831 3755 amore
1876 3700 2096 3770 dilexit,

522 3796 580 3843 ut
612 3788 719 3845 ﬁlio
740 3790 854 3859 ejus
885 3791 1049 3845 ﬁliam
1078 3805 1226 3845 suam
1260 3793 1613 3862 promitteret,
1646 3808 1965 3864 rursumque
1988 3796 2098 3852 ﬁlio

521 3898 618 3939 suo
641 3884 801 3940 ﬁliam
825 3884 940 3954 ejus
968 3894 1247 3956 expeteret
1280 3904 1293 3941 :
1323 3888 1418 3942 sed
1449 3904 1552 3943 non
1580 3896 1665 3943 est
1694 3904 1780 3945 res
1812 3891 1997 3945 sortita
2023 3892 2098 3947 ef-

520 3974 739 4032 fectum.
773 3978 1049 4034 Exercitus
1079 3980 1194 4049 ejus
1223 3980 1415 4035 Persas
1464 3981 1748 4037 debellavit
1774 4026 1788 4051 ,
1820 3984 2098 4053 victorque

520 4081 818 4138 regressus,
852 4078 1049 4125 tantam
1081 4073 1275 4128 molem
1308 4072 1500 4142 praedas
1529 4073 1741 4140 detulit,
1767 4084 1823 4129 ut
1848 4076 2096 4132 credere-

523 4163 609 4213 tur
636 4160 912 4230 cupiditati
965 4161 1209 4215 humanae
1263 4176 1421 4231 posse
1465 4163 1732 4219 sufﬁcere.
1762 4165 1957 4236 Viginti
1987 4167 2097 4223 ele-

522 4248 709 4316 phanti
737 4253 876 4319 capti
898 4251 963 4304 ad
987 4251 1360 4320 imperatorem
1384 4253 1595 4309 deducti
1627 4265 1751 4311 sunt
1777 4253 1822 4312 ί.

593 4338 810 4394 XXXII.
835 4340 1075 4395 Britanni
1097 4356 1161 4396 eo
1190 4357 1332 4396 anno
1350 4344 1503 4397 valde
1532 4345 1709 4400 infesti
1738 4349 1880 4403 circa
1909 4350 2095 4408 urbem

522 4428 669 4485 fuere
699 4428 1064 4486 Namneticam
1090 4441 1115 4479 ε
1137 4441 1296 4501 atque
1323 4433 1685 4490 Rhedonicam
1714 4454 1725 4489 :
1753 4440 1841 4508 qui
1873 4441 2095 4498 immen-

592 4547 801 4624 d_Nu_Ila
852 4548 939 4624 hic
977 4557 1058 4603 est
1089 4549 1318 4617 capitum
1350 4551 1622 4624 distinctio
1652 4554 1703 4607 in
1727 4554 1909 4624 Colh.,

520 4620 777 4685 excitavit,
810 4621 897 4686 qui
924 4634 1037 4674 cum
1061 4629 1425 4675 reverterentur
1454 4623 1506 4675 in
1536 4622 1739 4687 Galliis,
1768 4634 1873 4680 etc.

588 4690 632 4764 b_
650 4692 842 4759 Reipsa
872 4690 1159 4759 Gregorius
1187 4706 1347 4764 supra
1386 4708 1503 4764 cap.
1535 4696 1605 4747 20
1633 4694 1797 4751 refert
1825 4697 2090 4755 Justinum

517 4759 569 4814 in
594 4761 860 4816 Caesarem
895 4770 1226 4829 assumptum
1254 4759 1573 4819 ’l‘uisse‘an.
1602 4766 1725 4821 577.
1764 4768 1895 4822 Vide
1925 4769 2084 4825 Chro.

517 4830 675 4906 nicon
699 4831 917 4906 Joannis
945 4832 1009 4886 de
1032 4833 1255 4906 Biclaro.
1282 4833 1595 4903 Gregorium
1626 4839 1909 4906 exscripsit
1935 4840 2088 4894 Paul.

518 4901 665 4973 Diae.
698 4902 735 4956 l.
768 4918 852 4966 ιιι,
886 4918 1003 4973 cap.
1042 4903 1128 4955 1‘2.
1160 4903 1355 4959 Marius
1393 4901 1588 4960 scribit
1614 4922 1703 4961 an.
1737 4901 1841 4963 579
1879 4908 2091 4965 Iustino

515 4972 769 5046 defuncto
809 4972 1083 5028 Tiberium
1111 4976 1459 5046 successisse.
1510 4977 1615 5031 Alii
1647 4978 1877 5046 denique
1906 4980 2091 5034 volunt

515 5041 827 5119 Tiberium,
877 5059 1063 5119 mense
1101 5044 1401 5119 Septembri
1449 5047 1756 5111 anno.578,
1788 5041 2086 5119 Augustum

517 5116 882 5169 renuntiatum
933 5116 1093 5170 fuisse
1122 5130 1149 5167 a
1182 5116 1391 5171 Justino
1418 5158 1432 5180 ,
1462 5119 1552 5185 qui
1577 5158 1590 5183 ,
1618 5128 1675 5172 ut
1703 5116 2088 5183 aiuntfmense

517 5185 760 5259 sequenti
782 5186 1075 5241 exstinctus
1094 5196 1216 5259 est,
1246 5202 1387 5240 anno
1404 5186 1469 5240 12
1491 5190 1559 5242 im
1570 5190 1699 5256 perii
1725 5191 1834 5243 fere
1849 5191 2081 5259 expleto.

591 5264 611 5326 ς
638 5254 693 5326 l_d
720 5266 802 5310 est
834 5256 1320 5321 acclamationibus,
1353 5272 1473 5326 quae
1502 5254 1715 5326 regibus
1746 5259 1856 5313 ﬁeri
1892 5254 2084 5316 solent.

584 5321 608 5358 ἀ
636 5324 792 5406 Gorb.
808 5369 821 5390 ,
846 5327 1178 5406 nihilominus
1200 5332 1284 5396 qui
1303 5321 1544 5381 in'Deum
1566 5321 1712 5397 spent
1734 5343 1971 5400 posuerat
1993 5334 2090 5385 ad-

511 5409 761 5449 versamus
783 5413 882 5451 non
910 5408 1107 5450 metuit.

588 5464 808 5538 fFeriae
856 5467 1217 5522 Vindemiales
1262 5468 1499 5523 celebres
1544 5479 1666 5523 sunt
1694 5470 1830 5538 apud
1876 5482 2087 5529 veteres

514 5535 831 5611 scriptores,
881 5552 1087 5611 εςιιεινοςΔ
1107 5547 1174 5611 et_
1200 5537 1471 5611 profanos.
1513 5541 1595 5594 Ab
1624 5535 1787 5611 impp.
1821 5542 2085 5598 observa-

516 5605 789 5684 ta.s__l'u_i_sse
812 5608 1023 5684 tradunt
1051 5605 1377 5677 Capitulinus
1406 5612 1455 5664 in
1488 5605 1777 5677 Antonino,
1809 5613 2079 5684 Lamprid.

512 5675 571 5729 in'
594 5676 964 5746 Heliogabalo,
990 5688 1093 5733 etc.

587 5746 606 5784 ί
644 5747 769 5801 11ωο
796 5750 1013 5820 γνίνειιῑθ
1056 5752 1227 5820 adhuc
1255 5749 1462 5807 Justino
1509 5755 1796 5820 contigisse
1844 5756 2090 5809 scribunt

513 5816 748 5874 Joannes
793 5819 986 5875 Biclar.
1028 5820 1081 5873 in
1111 5819 1411 5886 Chronico,
1446 5832 1497 5877 et
1527 5816 1716 5891 Evagr.
1765 5826 1857 5880 lib.
1886 5841 1916 5878 v
1950 5824 2084 5882 Ilist.

2206 1948 2315 2001 cito
2341 1947 2405 2001 ad
2433 1948 2705 2003 basilicam
2734 1949 2981 2020 martyris
3011 1948 3182 2003 sancti
3213 1945 3575 2017 conveniunt,
3603 1945 3785 2000 eleva-

2205 2040 2381 2109 tisque
2406 2050 2556 2110 pater
2585 2041 2831 2095 manibus
2873 2056 3033 2110 super
3078 2041 3326 2094 altarium
3354 2082 3368 2106 ,
3396 2039 3591 2109 juravit
3622 2038 3784 2092 ﬁliam

2204 2148 2312 2189 non
2341 2148 2460 2189 esse
2482 2135 2818 2203 culpabilem.
2844 2131 3158 2189 Econtrario
3186 2146 3310 2188 vero
3334 2132 3639 2203 perjurasse
3660 2145 3786 2186 eum

2204 2225 2295 2279 alii
2321 2240 2349 2279 a
2381 2234 2531 2295 parte
2558 2224 2574 2263 ί
2605 2226 2699 2280 viri
2738 2226 3105 2295 pronuntiant.
3154 2227 3247 2280 His
3290 2240 3420 2296 ergo
3470 2225 3785 2279 altercanti-

2203 2316 2327 2385 bus,
2360 2319 2657 2389 evaginatis
2679 2319 2865 2389 gladiis
2890 2320 2941 2373 in
2964 2334 3023 2375 se
3052 2320 3279 2373 invicem
3310 2330 3590 2389 proruunt,
3622 2328 3786 2390 atque

2203 2418 2331 2466 ante
2379 2412 2549 2481 ipsum
2583 2411 2830 2466 altarium
2863 2426 2921 2467 se
2950 2410 3237 2466 trucidant.
3268 2409 3433 2465 Erant
3459 2419 3638 2466 autem
3669 2426 3785 2465 ma-

2200 2501 2349 2573 jores
2396 2512 2525 2557 natu
2570 2512 2623 2559 et
2667 2504 2821 2573 primi
2854 2503 2989 2574 apud
3020 2504 3379 2571 Chilpericum
3410 2517 3614 2572 regem.
3651 2502 3785 2559 Sau-

2205 2594 2415 2650 ciantur
2459 2597 2607 2651 multi
2664 2596 2883 2666 gladiis,
2944 2596 3271 2666 respergitur
3320 2604 3503 2651 sancta
3549 2595 3784 2651 humano

2205 2698 2396 2741 cruore
2422 2686 2638 2740 basilica
2662 2727 2677 2753 ,
2710 2687 2845 2741 ostia
2890 2687 3077 2757 jaculis
3123 2686 3393 2741 fodiuntur
3432 2696 3486 2742 et
3526 2688 3783 2752 ensibus,

2204 2785 2365 2847 atque
2408 2792 2577 2849 usque
2607 2779 2673 2833 ad
2704 2779 2876 2847 ipsum
2904 2781 3205 2848 sepulcrum
3252 2779 3357 2833 tela
3392 2778 3573 2849 iniqua
3611 2779 3784 2835 desa-

2204 2871 2375 2926 viunt.
2399 2869 2552 2937 Quod
2578 2871 2704 2926 dum
2734 2873 2821 2926 vix
2850 2872 3142 2941 mitigatur,
3174 2874 3319 2928 locus
3340 2869 3573 2927 ofﬁcium
3605 2872 3783 2941 perdi-

2204 2960 2284 3017 dit
2306 2965 2353 3029 l,
2377 2962 2547 3018 donec
2572 2966 2672 3019 ista
2699 2964 2876 3018 omnia
2899 2964 2965 3018 ad
2988 2966 3130 3034 regis
3155 2964 3397 3018 notitiam
3421 2965 3783 3033 pervenirent.

2204 3055 2271 3112 Hi
2299 3071 2430 3114 vero
2452 3067 2799 3128 properantes
2850 3057 2916 3112 ad
2958 3059 3298 3127 praesentiam
3326 3058 3578 3127 principis
3602 3099 3617 3123 ,
3678 3072 3783 3113 non

2205 3147 2538 3217 recipiuntur
2567 3149 2619 3202 in
2650 3150 2907 3219 gratiam;
2937 3149 3029 3203 sed
3059 3148 3126 3203 ad
3157 3147 3466 3217 episcopum
3499 3147 3599 3202 loci
3642 3148 3783 3204 illius

2128 3223 2175 3287 C
2206 3237 2405 3293 remitti
2428 3253 2520 3293 eos
2546 3237 2751 3307 jussum
2786 3247 2899 3305 est,
2942 3247 2998 3294 ut
3032 3240 3076 3294 si
3104 3239 3171 3294 de
3202 3241 3301 3294 hoc
3330 3238 3564 3295 facinore
3592 3241 3782 3309 culpa-

2205 3328 2344 3385 biles
2385 3331 2752 3385 invenirentur
2776 3376 2790 3400 ,
2821 3345 2926 3386 non
2956 3332 3337 3387 convenienter
3388 3331 3725 3385 sociarentur
3756 3330 3780 3369 κ

2204 3424 2586 3478 communioni.
2620 3423 2769 3479 Tunc
2815 3425 2881 3479 ab
2924 3426 3177 3495 episcopo
3221 3425 3567 3496 Ragnemodo
3603 3423 3646 3491 ι,
3684 3425 3773 3495 qui

2204 3511 2487 3569 Parisiacae
2510 3515 2765 3571 Ecclesiae
2797 3526 3045 3586 praeerat,
3074 3524 3456 3585 componentes
3495 3518 3588 3587 qui
3646 3516 3666 3588 [
3692 3519 3778 3570 At.

2202 3617 2320 3673 qum
2348 3602 2364 3674 ]
2426 3607 2563 3662 male
2586 3616 2883 3677 gesserant,
2914 3608 2966 3663 in
2990 3610 3422 3665 communionem
3452 3608 3776 3665 ecclesiasti-

2202 3707 2318 3750 cam
2350 3706 2472 3751 sunt
2502 3700 2719 3766 recepti.
2751 3699 2936 3755 Mulier
2967 3713 3096 3755 vero
3118 3713 3223 3754 non
3248 3709 3367 3770 post
3388 3700 3567 3754 multis
3590 3699 3777 3754 diebus

2200 3800 2321 3843 cum
2354 3788 2419 3841 ad
2444 3788 2703 3857 judicium
2732 3798 3035 3856 vocaretur,
3068 3790 3259 3859 laqueo
3288 3791 3447 3845 vitam
3482 3790 3670 3845 ﬁnivit.

2274 3878 2511 3936 XXXIV.
2555 3881 2709 3935 Anno
2737 3881 2921 3951 quinto
2949 3882 3280 3945 Childeberti
3326 3883 3465 3953 regis
3494 3882 3771 3938 Arverno—

2200 3988 2317 4028 rum
2348 3974 2619 4043 regionem
2650 3975 2848 4031 diluvia
2896 3992 3086 4047 magna
3130 3986 3456 4047 presserunt,
3490 3978 3561 4031 ita
3596 3986 3649 4031 ut
3684 3991 3777 4047 per

2198 4067 2315 4122 dies
2343 4067 2623 4123 duodecim
2646 4083 2751 4124 non
2779 4078 3018 4126 cessaret
3044 4085 3073 4124 a
3105 4070 3278 4139 pluvia
3304 4086 3318 4124 :
3344 4078 3591 4139 tantaque
3614 4070 3774 4124 inun-

2198 4157 2411 4215 datione
2440 4158 2659 4217 Limane
2680 4170 2719 4199 ω
2748 4171 2830 4216 est
2858 4162 3114 4228 infusum,
3149 4170 3205 4216 ut
3230 4163 3427 4218 multos
3459 4176 3527 4217 ne
3571 4176 3777 4217 seuien-

2199 4261 2307 4308 tem
2332 4253 2572 4323 jacerent
2594 4256 2923 4325 prohiberet.
2945 4258 3183 4311 Flumina
3201 4270 3415 4327 quoque
3436 4255 3594 4327 Liger
3616 4254 3774 4327 242

2197 4343 2545 4417 Flavarisque
2568 4388 2581 4412 ,
2614 4362 2772 4417 quem
2818 4347 3062 4403 Elacrem
3092 4357 3118 4383 η
3149 4347 3423 4414 vocitant,
3456 4346 3543 4401 vel
3586 4346 3774 4417 reliqui

2197 4444 2464 4495 torrentes
2498 4448 2871 4509 percurrentes
2912 4441 2965 4495 in
2990 4454 3133 4507 eum,
3172 4440 3243 4494 ita
3271 4439 3681 4504 intumuerunt,
3716 4446 3767 4492 ut

2269 4558 2295 4597 8
2321 4549 2502 4618 Colh.,
2535 4549 2843 4607 Veneticum.
2862 4550 3051 4607 Nostra
3076 4560 3250 4608 tamen
3276 4552 3433 4607 lectio
3448 4550 3638 4607 melior
3657 4565 3773 4606 cen-

1959 4558 2046 4613 ubi
2072 4601 2087 4626 ,
2269 4558 2295 4597 8
2321 4558 2502 4618 Colh.,
2538 4558 2843 4607 Veneticum.
2862 4558 3051 4607 Nostra
3076 4560 3250 4608 tamen
3276 4558 3433 4607 lectio
3448 4558 3638 4607 melior
3657 4565 3753 4606 cen

2119 4601 2173 4663 Ῑ)
2195 4621 2303 4694 seri
2330 4621 2522 4687 debet,
2558 4623 2764 4694 tumgob
2792 4638 2921 4677 mss.
2964 4633 3017 4694 et
3064 4624 3269 4692 editos,
3322 4632 3431 4678 tum
3463 4624 3585 4694 quia
3617 4620 3766 4676 Felix

2195 4693 2477 4762 episcopus
2510 4700 2628 4749 erat
2657 4692 3051 4748 Namnetensis.

2266 4763 2291 4832 μ
2323 4764 2478 4818 Deest
2509 4765 2608 4818 hoc
2636 4774 2796 4832 caput
2828 4765 2881 4818 in
2915 4764 3074 4819 Corb.
3106 4774 3160 4818 et
3184 4763 3337 4819 Colb.

2274 4830 2287 4869 ί
2338 4832 2548 4904 Iiegm.,
2578 4830 2767 4904 aperie.

2270 4903 2303 4976 J'_
2337 4903 2573 4960 Ecclesia
2616 4903 2921 4960 interdicta
2971 4906 3039 4959 ob
3098 4906 3371 4976 sanguinis
3426 4905 3758 4960 eﬁ‘usionem.

2208 4972 2341 5045 Vide
2371 4977 2684 5032 Anduenum
2718 4978 2805 5031 lib.
2841 4993 2877 5029 ιι
2903 4977 2968 5030 dc
2998 4976 3110 5030 Vita
3138 4972 3389 5045 SfEligii
3410 5017 3425 5043 ,
3461 4992 3578 5044 cap.
3604 4978 3696 5030 Ξῖ).

2266 5042 2421 5117 ‘F.Sic
2444 5048 2630 5117 Regni.
2656 5065 2668 5111 ;
2694 5057 2747 5100 at
2769 5048 2879 5109 alii,
2911 5064 3009 5099 non
3041 5042 3410 5114 invenirentur,
3434 5042 3763 5103 sociarentur.

2271 5116 2289 5153 1
2335 5118 2444 5180 AL,
2480 5116 2829 5186 Reginmodo;
2862 5118 3012 5180 Bad.,
3047 5117 3381 5181 Raimundo;
3411 5119 3633 5187 aliquot,
3666 5120 3763 5174 lic—

2297 5189 2461 5241 modo.

2192 5203 2461 5255 gnamouo.

2268 5268 2304 5293 ω
2344 5258 2430 5313 Sic
2454 5262 2560 5326 jam
2593 5273 2751 5328 supra
2783 5259 2874 5314 lib.
2901 5273 3108 5326 m,cap.
3137 5258 3189 5321 9,
3223 5259 3507 5327 appellavit
3528 5274 3643 5314 eam
3671 5276 3767 5314 nr-

2192 5330 2387 5383 vernia}
2417 5341 2638 5397 partem,
2674 5347 2828 5399 quam
2861 5330 3147 5383 Limaniam
3180 5332 3339 5382 etiam
3372 5346 3510 5383 nunc
3534 5334 3765 5400 appella-

2193 5412 2343 5463 mus;
2375 5415 2404 5454 a
2437 5402 2563 5456 limo
2590 5402 2657 5454 ob
2689 5402 3084 5455 t'cecnnditatem
3116 5400 3193 5453 sic
3222 5401 3417 5454 dictam
3449 5409 3596 5470 putat
3626 5405 3766 5454 Alte-

2192 5483 2359 5525 serra.
2393 5472 2464 5525 De
2493 5488 2553 5525 ea
2606 5472 2855 5526 Sidonius
2903 5471 2993 5525 ιιι).
3030 5487 3119 5535 Ill,
3146 5472 3300 5536 epist.
3334 5487 3382 5533 ι,
3430 5475 3577 5539 cuius
3608 5473 3766 5524 meriti

2192 5540 2280 5612 sit,
2316 5542 2390 5593 vel
2419 5541 2617 5596 Gott/iis
2646 5543 2835 5595 credite
2858 5584 2871 5607 ,
2905 5543 2992 5612 qui
3021 5544 3172 5595 etiam
3209 5542 3584 5609 Septimaniam
3626 5558 3763 5593 suam

2192 5611 2480 5678 fastidiunt,
2507 5615 2664 5692 modo
2689 5613 2928 5665 invidiosi
2958 5614 3111 5683 hujus
3140 5613 3319 5682 anguli
3348 5614 3502 5666 etiam
3540 5614 3762 5665 demtum

2195 5685 2813 5750 preprictute'potiuntur.

2268 5767 2291 5793 ιι
2336 5755 2423 5809 Sic
2451 5769 2578 5807 mss.
2608 5763 2660 5807 ct
2691 5753 2852 5817 editi,
2900 5762 3092 5821 praeter
3129 5755 3278 5809 Colb.
3310 5756 3400 5821 qui
3446 5754 3605 5807 habet
3652 5754 3757 5804 lla-

2196 5844 2345 5892 crcm,
2360 5835 2413 5879 et
2432 5824 2653 5890 Chesn.,
2680 5822 2942 5878 Elaurem.
2964 5823 3132 5883 Codd.
3161 5826 3338 5880 laudat
3353 5826 3645 5891 Alteserra,
3671 5823 3755 5878 ubi
