4028 6342
379 445 477 500 519

1332 435 1648 493 HISTORIA
1692 432 2133 491 FRANCORUM.
2168 434 2369 493 LIBER
2409 435 2725 504 QUINTUS.

3525 443 3628 502 550

378 572 657 624 terminos,
688 569 823 627 quos
870 566 1139 625 nunquam
1186 562 1560 619 excesserant,
1594 557 1955 622 prieterirent.
1985 556 2034 609 Α
2063 548 2396 607 Perdidimus
2427 552 2609 609 dulces
2631 560 2685 608 et
2722 551 2913 607 charos
2943 551 3097 608 nobis
3138 552 3424 611 infantulos
3449 600 3462 621 ,
3496 574 3631 630 quos

378 657 509 719 Quae
540 651 741 721 grande
772 649 841 705 de
881 647 1162 719 pecoribus
1191 646 1478 716 excidium,
1509 646 1577 701 de
1613 645 1836 700 culturis
1866 643 1959 698 de-

377 744 728 809 trimentum,
780 741 847 796 de
893 738 1133 795 aediﬁciis
1185 738 1361 793 fecere
1408 736 1761 807 naufragium.
1838 734 1957 788 Pari

376 835 539 890 modo
568 833 859 889 Rhodanus
886 846 1006 887 cum
1042 830 1195 886 Arari
1240 829 1557 899 conjunctus
1578 870 1593 894 ,
1627 829 1770 898 ripas
1800 841 1958 882 exce-

376 928 531 993 dens,
562 941 725 997 grave
754 926 1005 981 damnum
1033 924 1241 995 populis
1274 922 1479 987 intulit,
1526 935 1708 976 muros
1738 918 1957 990 Lugdu-

376 1020 561 1075 nensis
590 1018 819 1074 civitatis
865 1017 1043 1088 aliqua
1073 1032 1136 1071 ex
1169 1024 1322 1086 parte
1353 1014 1632 1069 subvertit.
1666 1011 1958 1080 Quiesren-

376 1109 523 1165 tibus
556 1123 685 1165 vero
726 1108 952 1179 pluviis,
988 1107 1209 1163 arbores
1256 1106 1432 1163 denuo
1476 1106 1960 1161 ﬂorueruntzerat

373 1202 521 1256 enim
553 1202 754 1256 mensis
774 1200 1091 1270 September
1113 1211 1162 1254 ι.
1188 1199 1243 1254 lu
1272 1196 1541 1255 Turonlco
1568 1212 1700 1254 vero
1726 1212 1792 1253 eo
1815 1211 1957 1253 anno

381 1305 542 1347 mane
571 1293 878 1362 priusquam
908 1291 1021 1347 dies
1051 1290 1407 1359 illucesceret,
1440 1288 1613 1358 fulgor
1644 1302 1739 1359 per
1762 1289 1957 1344 coelum

375 1383 683 1439 cucurrisse
704 1384 852 1439 visus
880 1391 982 1450 est,
1007 1390 1062 1438 et
1081 1382 1148 1438 ad
1171 1381 1407 1438 Orientis
1431 1381 1639 1451 plagam
1670 1381 1954 1436 decidisse.

374 1475 484 1533 Sed
512 1486 565 1531 et
591 1476 820 1545 sonitus,
846 1484 1095 1545 tanquam
1122 1474 1385 1530 diruentis
1404 1474 1633 1539 arboris,
1670 1489 1762 1542 per
1791 1482 1955 1527 totam

373 1574 576 1622 terram
604 1564 752 1621 illam
794 1563 1006 1621 auditus
1034 1573 1116 1620 est
1144 1581 1158 1618 :
1184 1564 1325 1634 quod
1356 1564 1477 1620 ideo
1507 1578 1614 1620 non
1652 1572 1735 1618 est
1774 1562 1841 1617 de
1870 1577 1956 1616 aro

378 1659 514 1715 bore
539 1658 915 1715 aestimandum
946 1700 961 1726 ,
982 1658 1101 1729 quia
1123 1658 1178 1712 in
1200 1658 1584 1730 quinquaginta
1614 1665 1702 1711 aut
1728 1654 1957 1724 amplius

374 1751 626 1806 milliaria
655 1759 739 1807 est
764 1751 1027 1807 auditum.
1060 1749 1181 1821 Ipso
1203 1766 1344 1806 anno
1374 1751 1612 1822 graviter
1659 1750 1785 1803 urbs
1817 1747 1954 1801 Bur-

373 1842 677 1913 degalensis
705 1858 735 1898 a
767 1850 1077 1898 terreamotu
1108 1857 1367 1897 concussa
1401 1850 1503 1907 est,
1538 1841 1844 1910 moeniaque
1872 1840 1955 1894 ci-

2060 651 2149 695 aut
2180 645 2395 712 gremiis
2416 644 2662 713 fovimus,
2695 654 2786 699 aut
2812 646 2949 700 ulnis
2981 646 3356 720 bajulavimus,
3386 660 3476 707 aut
3504 667 3630 722 pru-

2058 738 2173 804 pria
2218 750 2377 791 manu
2416 740 2729 795 ministratis
2763 740 2895 796 cibis
2937 742 3077 811 ipsos
3127 744 3303 799 studio
3348 748 3627 815 sagat'iore

2061 829 2409 899 nutrivimus;
2439 832 2532 886 sed
2558 833 2815 888 abstersis
2848 834 3097 905 lacrymis
3124 851 3243 891 cum
3294 840 3448 893 beato
3476 840 3577 896 Job
3606 886 3622 911 ,

2061 917 2289 973 diximus
2322 938 2332 971 ε
2366 919 2609 975 Dominus
2632 924 2788 989 dedit,
2828 923 3078 979 Dominus
3107 926 3313 981 abstulit
3340 933 3633 998 :quomotlo

2064 1011 2285 1067 Domino
2317 1015 2527 1082 placuit,
2564 1016 2634 1068 ila
2664 1016 2857 1086 factum
2885 1026 2978 1071 est.
3010 1018 3090 1072 Sit
3123 1036 3307 1073 nomen
3338 1023 3448 1093 ejus
3479 1024 3631 1077 bene-

2062 1106 2254 1160 dictum
2301 1107 2352 1160 iu
2394 1108 2584 1161 sarcula
2616 1106 2757 1176 (Job.
2804 1124 2841 1175 t,
2869 1109 2981 1181 21).
3018 1110 3179 1180 Igitur
3227 1113 3278 1166 in
3320 1113 3400 1169 his
3446 1114 3634 1174 diebus

2060 1194 2395 1266 Cltilpcricus
2450 1213 2541 1254 rex
2590 1201 2825 1269 graviter
2872 1206 3149 1271 aegrotavit
3192 1220 3334 1275 :quo
3378 1209 3633 1265 convale-

2060 1298 2265 1357 scente,
2300 1289 2437 1345 illius
2463 1290 2579 1359 ejus
2606 1291 2807 1361 junior,
2842 1293 3070 1348 necdum
3096 1310 3163 1349 ex
3190 1311 3323 1367 aqua
3349 1307 3404 1355 et
3434 1298 3636 1369 Spiritu

2060 1391 2245 1436 sancto
2283 1392 2532 1447 renatus,
2568 1396 2831 1453 aegretare
2854 1386 3033 1453 erepit.
3069 1385 3235 1452 Quem
3279 1389 3332 1444 in
3380 1392 3635 1449 extremis

2059 1475 2326 1541 videntes,
2364 1476 2627 1545 baptismo
2652 1476 2958 1532 abluerunt.
2987 1478 3103 1546 Quo
3130 1494 3414 1551 parumper
3444 1483 3636 1541 melius

2060 1576 2271 1636 agente,
2305 1566 2471 1623 frater
2498 1568 2612 1637 ejus
2645 1569 2845 1635 senior,
2878 1570 3094 1626 nomine
3119 1570 3632 1642 Cltlodobertus,.ab

2055 1656 2162 1714 hoc
2184 1659 2373 1713 morbo
2395 1659 2705 1727 corripitur,
2731 1659 3010 1730 ipsumque
3039 1661 3089 1715 in
3114 1660 3423 1718 discrimine
3447 1662 3633 1719 mortis

2060 1746 2428 1817 Fredegundis
2476 1759 2648 1803 mater
2676 1763 2933 1816 cernens,
2970 1766 3091 1806 sero
3120 1753 3420 1821 pmniteus,
3456 1753 3531 1808 ait
3570 1754 3637 1811 ad

2058 1852 2238 1904 regem
2268 1856 2279 1889 :
2312 1837 2411 1891 Diu
2457 1852 2553 1893 nos
2582 1840 2719 1893 male
2749 1850 2963 1909 agentes
2992 1842 3163 1911 pietas
3201 1843 3383 1898 divina
3426 1853 3638 1899 susten-

374 1932 555 1987 vitatis
592 1933 648 1988 in
686 1932 999 1989 discrimine
1048 1934 1343 1990 eversionis
1391 1934 1741 1996 exstiterunt;
1787 1942 1950 2001 atque
1978 1934 2027 1996 Β
2057 1934 2161 1993 tat;
2195 1942 2315 1982 nam
2346 1942 2489 1998 saepe
2530 1943 2627 1983 nos
2674 1929 2910 1985 febribus
2936 1939 2989 1987 et
3016 1932 3135 1988 aliis
3167 1933 3319 1988 malis
3348 1935 3629 2006 corripuit,

372 2024 449 2076 ita
476 2024 650 2078 omnis
681 2025 909 2094 populus
940 2034 1083 2081 metu
1115 2026 1305 2082 mortis
1336 2027 1628 2081 exterritus
1657 2033 1738 2080 est
1765 2069 1779 2094 ,
1815 2035 1869 2079 ut
1910 2026 1956 2080 si

375 2132 482 2171 non
513 2116 742 2190 fugeret,
766 2128 979 2190 putaret
1005 2135 1064 2175 se
1084 2136 1204 2176 cum
1236 2123 1367 2176 urbe
1396 2119 1696 2175 dehiscere.
1733 2120 1879 2174 Unde
1904 2129 1957 2174 et

376 2212 530 2265 multi
560 2210 625 2266 ad
658 2210 906 2268 civitates
937 2212 1071 2268 alias
1102 2215 1448 2269 transierunt.
1479 2212 1579 2280 Qui
1614 2223 1813 2269 tremor
1844 2212 1951 2285 [Αἰ.

376 2300 558 2373 timor]
601 2302 669 2358 ad
708 2304 908 2359 vicinas
949 2304 1193 2360 civitates
1241 2314 1521 2375 porrectus
1550 2312 1661 2371 est,
1694 2311 1747 2359 et
1790 2318 1956 2373 usque

375 2393 680 2464 Hispaniam
724 2397 937 2467 attigit,
974 2397 1071 2453 sed
1118 2412 1224 2452 non
1267 2406 1373 2452 tam
1402 2396 1596 2452 valide.
1639 2396 1841 2451 Tamen
1888 2394 1957 2451 de

375 2485 649 2556 Pyrenaeis
692 2488 965 2543 montibus
994 2489 1242 2544 immensi
1273 2488 1479 2557 lapides
1507 2497 1631 2543 sunt
1656 2488 1911 2543 connubii
1934 2528 1951 2555 ,

373 2580 463 2649 qui
492 2594 682 2649 pecora
712 2581 1061 2652 hominesque
1091 2590 1515 2651 prostraverunt.
1548 2579 1681 2635 Nam
1721 2590 1773 2635 et
1808 2581 1957 2635 vicos

373 2672 791 2744 Burdegalenses
835 2676 1141 2731 incendium
1184 2676 1437 2732 divinitus
1479 2686 1655 2732 ortum
1706 2679 1953 2749 exussit,

373 2763 448 2819 ita
480 2773 537 2818 ut
579 2766 752 2821 subito
800 2769 1173 2837 comprehensi
1220 2768 1362 2839 igne,
1401 2778 1505 2823 tam
1561 2769 1751 2824 domus
1797 2784 1957 2841 quam

371 2871 511 2911 area:
536 2873 656 2912 cum
685 2859 907 2913 annonis
936 2860 1181 2915 incendio
1203 2869 1603 2927 cremarentur;
1627 2864 1829 2917 nullum
1862 2878 1955 2933 pe—

371 2948 517 3003 nitus
542 2949 940 3005 incitamentum
968 2950 1173 3008 babens
1206 2954 1343 3023 ignis
1372 2955 1567 3021 alieni,
1602 2955 1701 3010 nisi
1733 2955 1958 3011 forsitan

371 3038 617 3109 jussione
644 3038 843 3095 divina.
883 3041 1014 3097 Nam
1043 3052 1095 3098 et
1140 3044 1542 3099 Aurelianensis
1574 3046 1761 3099 civitas
1810 3046 1958 3115 gravi

378 3131 630 3187 incendio
657 3133 1026 3204 conflagravit,
1058 3136 1109 3191 in
1156 3144 1360 3191 tantum
1395 3145 1453 3191 ut
1497 3136 1782 3192 ditioribus
1826 3139 1958 3195 nihil

374 3225 583 3295 penitus
615 3234 1036 3282 remaneret:et
1077 3228 1122 3282 si
1169 3228 1359 3298 aliquis
1406 3228 1474 3285 ab
1504 3229 1626 3300 igne
1671 3231 1957 3302 quidquam

2060 2030 2111 2072 et
2172 2019 2481 2075 emendatio
2529 2034 2636 2075 non
2684 2023 2960 2076 successit.
3030 2025 3163 2079 Ecce
3202 2025 3311 2094 jam
3360 2026 3632 2095 perdimus

2061 2111 2230 2177 filios;
2275 2127 2400 2168 ecce
2436 2114 2545 2182 jam
2596 2128 2690 2171 eos
2739 2114 2990 2186 lacrymte
3028 2131 3358 2188 pauperum,
3410 2119 3639 2175 lamenta

2060 2202 2379 2271 viduarum,
2429 2205 2656 2275 suspiria
2717 2208 3075 2277 orplianorum
3138 2209 3486 2279 interimunt;
3543 2227 3640 2269 nec

2060 2312 2184 2367 spes
2213 2309 2455 2354 remanet
2485 2300 2573 2354 cui
2610 2299 2809 2370 aliquid
2849 2315 3256 2372 congregemus.
3290 2303 3641 2362 Thesauriza-

2060 2405 2200 2457 mus,
2232 2391 2533 2447 nescientes
2562 2393 2648 2448 cui
2678 2407 3063 2465 congregemus
3100 2410 3183 2450 ea.
3217 2396 3352 2451 Ecce
3395 2396 3635 2456 thesauri

2062 2496 2341 2543 remanent
2369 2503 2397 2543 a
2432 2503 2739 2559 possessore
2768 2490 2951 2554 vacui,
2985 2490 3186 2562 rapinis
3213 2507 3275 2546 ac
3300 2492 3639 2549 maledictio-

2068 2578 2225 2635 nibus
2261 2580 2422 2651 pleni.
2457 2581 2705 2652 Nunquid
2756 2598 2861 2638 non
2890 2583 3228 2642 exundahant
3268 2585 3430 2658 244
3457 2602 3640 2658 prom-

2064 2672 2273 2741 ptuaria
2308 2673 2470 2729 vino?
2499 2675 2739 2745 nunquid
2772 2691 2879 2732 non
2910 2676 3101 2733 horrea
3143 2679 3485 2747 replebantur
3525 2680 3635 2738 fru-

2062 2763 2289 2819 mento?
2338 2767 2579 2836 nunquid
2628 2783 2733 2822 non
2775 2776 2929 2824 erant
2980 2768 3213 2824 thesauri
3258 2769 3441 2826 referti
3487 2786 3641 2840 auro,

2061 2865 2308 2926 argento,
2343 2859 2611 2928 lapidibus
2650 2861 2920 2929 pretiosis,
2953 2862 3262 2923 monilibus.
3295 2864 3379 2918 vel
3427 2864 3643 2933 reliquis

2064 2952 2426 3020 imperialibus
2452 2954 2821 3008 ornamentis?
2848 2954 2989 3009 Ecce
3016 2955 3155 3024 quod
3186 2956 3455 3024 pulchrius
3485 2957 3643 3014 habe-

2062 3047 2274 3111 bamus,
2309 3048 2603 3118 perdimus.
2639 3047 2805 3112 Nunc,
2835 3049 2878 3102 si
2906 3050 3095 3118 placet,
3126 3052 3246 3107 veni
3278 3050 3383 3123 [ΑΙ.
3418 3050 3643 3124 venite],

2064 3147 2117 3192 et
2160 3136 2507 3194 incendamus
2546 3154 2734 3194 omnes
2776 3139 3160 3210 descriptiones
3206 3142 3456 3213 iniquas;
3494 3144 3643 3199 sulti-

2065 3235 2278 3304 ciatque
2328 3235 2456 3289 lisco
2505 3242 2694 3289 nostro
2726 3276 2741 3301 ,
2797 3235 2937 3305 quod
2986 3235 3193 3291 sull‘ecit
3241 3240 3377 3306 patri
3422 3237 3643 3310 regique

369 3319 585 3386 eripuit,
616 3319 684 3374 ab
713 3318 1084 3375 insistentibus
1114 3320 1322 3375 furibus
1351 3329 1433 3375 est
1476 3322 1762 3391 direptum.
1802 3323 1955 3393 Apud
1983 3306 2032 3370 ο
2062 3326 2495 3383 Clilothacbario.
2526 3326 2651 3382 llaec
2699 3326 2853 3382 ell'ata
2897 3331 3101 3398 regina,
3134 3329 3321 3399 pugnis
3351 3306 3640 3385 verberans

375 3412 660 3466 terminum
688 3410 1048 3468 Carnotenum
1076 3428 1236 3470 verus
1261 3412 1288 3452 δ
1320 3414 1390 3469 de
1413 3414 1634 3472 eﬂ'racto
1664 3432 1799 3486 pane
1826 3433 1955 3474 san-

370 3504 487 3573 guis
513 3506 738 3561 effluxit.
764 3506 1011 3563 Graviter
1041 3519 1168 3563 tunc
1190 3518 1245 3563 et
1275 3508 1510 3566 Biturica
1537 3511 1722 3568 civitas
1746 3527 1773 3566 a
1797 3528 1955 3584 gran-

371 3599 499 3654 dine
532 3600 810 3656 verberata
842 3609 946 3658 est.

445 3691 662 3749 XXXV.
704 3693 809 3750 Sed
859 3694 973 3750 haec
1019 3695 1259 3767 prodigia
1288 3698 1603 3768 gravissima
1648 3698 1806 3771 243
1839 3699 1955 3757 lues

372 3792 456 3837 est
482 3784 781 3841 subsecuta.
810 3785 939 3841 Nam
969 3788 1393 3845 discordantibus
1416 3791 1650 3861 regibus,
1675 3804 1728 3848 et
1758 3795 1954 3849 iterum

371 3877 568 3933 bellum
600 3879 753 3935 civile
783 3881 1089 3950 parantibus
1111 3923 1127 3949 ,
1172 3884 1537 3955 dysentericus
1569 3888 1788 3943 morbus
1814 3902 1955 3957 pene

373 3970 574 4026 Gallias
602 3980 737 4027 totas
768 3976 1180 4044 praeoccupavit.
1217 3975 1345 4031 Erat
1375 3978 1515 4031 enim
1550 3979 1631 4031 liis
1660 3980 1749 4048 qui
1780 3980 1953 4048 patie-

379 4062 574 4118 bantur
628 4065 798 4120 valida
826 4080 945 4121 cum
976 4068 1177 4122 vomitu
1210 4068 1391 4134 febris,
1424 4085 1722 4140 reuumquc
1754 4073 1952 4128 nimius

378 4154 550 4219 dolor,
582 4164 737 4224 caput
765 4172 927 4228 grave
956 4158 1035 4211 vel
1065 4158 1263 4212 cervix.
1291 4159 1365 4213 Ea
1397 4175 1524 4214 vero
1555 4176 1670 4229 qua}
1703 4176 1769 4215 ex
1798 4177 1891 4218 ore
1925 4174 1947 4202 ο

382 4247 798 4319 projiciebantur
827 4290 842 4316 ,
892 4250 1071 4305 colore
1136 4264 1329 4305 croceo
1358 4290 1377 4317 ,
1432 4260 1521 4306 aut
1570 4264 1715 4308 certe
1764 4254 1953 4311 viridia

378 4348 569 4403 crant;
599 4354 629 4392 a
659 4339 840 4395 multis
881 4349 1060 4396 autem
1092 4342 1433 4397 asserebatur
1462 4358 1724 4399 venenum
1773 4348 1954 4401 occul-

374 4439 488 4483 tum
536 4445 674 4486 esse.
724 4431 1051 4489 Rusticiores
1099 4450 1224 4491 vero
1264 4436 1473 4492 corales
1526 4436 1625 4494 hoc
1676 4436 1948 4508 pusulas‘1

370 4523 717 4578 nominabant
741 4542 753 4554 ·
780 4526 919 4594 quod
952 4542 1057 4583 non
1081 4538 1161 4583 est
1182 4528 1513 4597 incredibile,
1545 4530 1666 4601 quia
1690 4531 1865 4585 missu:
1896 4532 1950 4588 in

365 4615 604 4684 scapulis
634 4618 747 4673 sive
772 4618 1017 4677 cruribus
1045 4632 1302 4689 ventosae,
1330 4624 1741 4693 procedentibus
1770 4640 1951 4680 erum-

2064 3430 2269 3490 pcctus,
2296 3418 2459 3490 jussit
2490 3418 2653 3473 libros
2684 3418 2963 3485 exhiberi,
2993 3420 3079 3491 qui
3107 3421 3173 3477 de
3203 3422 3501 3477 civitatibus
3533 3422 3643 3479 suis

2064 3527 2159 3582 per
2190 3513 2426 3568 Marcum
2471 3523 2772 3578 venerant;
2814 3514 3167 3585 projectisque
3208 3515 3260 3571 in
3303 3517 3510 3587 ignem,
3542 3518 3641 3574 ite-

2063 3622 2179 3662 rum
2213 3608 2277 3661 ad
2309 3621 2489 3676 regem
2518 3621 2778 3662 conversa
2809 3626 2820 3661 :
2846 3606 2982 3675 Quid
3022 3617 3107 3676 tu,
3138 3609 3340 3679 inquit,
3374 3610 3641 3666 moraris?

2064 3698 2169 3753 Fac
2198 3697 2340 3767 quod
2390 3698 2536 3752 vides
2573 3712 2601 3751 a
2652 3713 2738 3753 me
2772 3699 2926 3763 fieri,
2976 3707 3034 3753 ut
3077 3708 3131 3755 et
3175 3700 3219 3754 si
3260 3700 3446 3757 dulces
3489 3712 3641 3758 natos

2062 3788 2367 3858 perdimus,
2403 3788 2484 3844 vel
2529 3803 2740 3857 pinnam
2791 3799 3099 3858 perpetuam
3148 3790 3454 3847 evadamus.
3488 3792 3639 3849 Tunc

2062 3895 2157 3934 rex
2186 3888 2539 3950 compunctus
2566 3880 2727 3933 corde
2766 3881 2981 3935 tradidit
3020 3897 3208 3937 omnes
3242 3881 3406 3939 libros
3441 3883 3639 3939 descri-

2061 3968 2301 4039 ptionum
2335 3970 2477 4040 igni,
2506 3972 2951 4042 conﬂagratisque
2972 3972 3109 4039 illis,
3142 3974 3285 4028 misit
3313 3976 3402 4042 qui
3429 3974 3632 4031 futuras

2060 4060 2407 4131 prohiberent
2433 4062 2840 4131 descriptiones.
2866 4063 3108 4117 Posthrec
3133 4063 3425 4120 infantulus
3442 4066 3629 4136 junior

2059 4151 2185 4205 dum
2216 4152 2379 4205 nimio
2409 4152 2590 4205 labore
2621 4152 2867 4219 tabescit,
2899 4153 3291 4224 exstinguitur;
3325 4171 3484 4227 quem
3504 4172 3629 4212 cum

2059 4242 2299 4298 maximo
2331 4258 2563 4299 maerore
2602 4244 2927 4301 deducentes
2962 4260 2991 4300 a
3018 4247 3144 4301 villa
3185 4246 3460 4305 Brennaco
3489 4248 3635 4305 Pari-

2058 4336 2189 4403 sios,
2222 4337 2288 4391 ad
2338 4337 2609 4393 basilicam
2656 4338 2828 4394 sancti
2870 4340 3107 4411 Dionysii
3148 4343 3379 4413 sepelire
3410 4344 3632 4399 manda-

2056 4440 2244 4484 verunt
2271 4439 2315 4483 ο.
2352 4428 2768 4486 Clilodnhertum
2821 4447 2947 4487 vero
2988 4443 3376 4503 componentes
3409 4436 3459 4490 in
3495 4435 3634 4491 fere-

2057 4530 2159 4589 tro,
2192 4521 2509 4578 Suessionas
2549 4523 2614 4577 ad
2657 4522 2931 4579 basilicam
2982 4528 3151 4581 sancti
3181 4526 3419 4582 Medardi
3461 4527 3627 4583 duxe-

2054 4625 2199 4682 runt,
2234 4614 2679 4687 projicientesque
2708 4632 2829 4672 eum
2880 4617 2946 4671 ad
2992 4627 3233 4674 sanctum
3280 4619 3584 4688 sepulcrum
3610 4659 3626 4684 ,

367 4706 720 4777 pentibusque
748 4709 968 4774 vesicis,
999 4710 1225 4767 decursa
1255 4714 1402 4769 sanie
1447 4716 1599 4769 inulti
1640 4714 1948 4772 liberaban-
1977 4698 2031 4759 D
2058 4717 2316 4764 νονθτυιη
2347 4719 2464 4763 V018
2498 4723 2593 4778 1)ΐο
2618 4723 2683 4765 eo
2708 4727 2721 4772 ξ
2752 4708 2845 4763 sed
2875 4710 3047 4763 media
3076 4717 3252 4775 ηοοιθν
3278 4708 3629 4777 ³ηδθ¹υ51³η¹

370 4807 492 4862 tur;
542 4798 636 4853 sed
679 4810 733 4854 et
777 4799 987 4871 herbae,
1039 4818 1157 4873 qua:
1194 4806 1416 4859 venenis
1463 4806 1763 4873 medentur,
1797 4809 1946 4878 potui

365 4904 612 4962 sumptae,
648 4894 914 4966 plerisque
944 4897 1189 4965 praesidia
1219 4900 1584 4955 contulerunt.
1615 4902 1681 4956 Et
1725 4903 1944 4972 quidem

364 4986 602 5052 primum
650 4987 763 5041 haec
799 4986 1080 5043 inﬁrmitas
1125 5005 1153 5043 a
1203 5004 1388 5045 mense
1420 4992 1663 5061 Augusto
1694 4992 1897 5048 initiata
1924 5033 1941 5059 ,

366 5074 618 5142 parvulos
668 5075 1038 5131 adolescentes
1085 5078 1354 5146 arripuit,
1410 5079 1661 5148 lethoque
1710 5082 1940 5151 subegit.

364 5208 689 5278 Elaverquc,
737 5227 885 5281 quem
921 5210 1219 5265 Melacrem.
1272 5212 1317 5267 Is
1347 5218 1429 5265 est
1476 5211 1671 5266 Elaver
1709 5212 1897 5266 ﬂuvius
1920 5254 1935 5279 ,

365 5285 526 5353 vulgo
555 5282 775 5353 l‘Allier,
798 5282 888 5351 qui
916 5292 1065 5337 ortus
1094 5282 1460 5353 in_Cebennis,
1494 5283 1813 5353 etlustratis
1841 5284 1942 5337 Ar-

364 5350 566 5417 vernis,
602 5354 735 5407 infra
766 5350 1050 5407 Nivernutn
1088 5350 1276 5406 urbem
1310 5354 1361 5404 in
1391 5350 1619 5419 Ligerim
1651 5352 1865 5408 labitur.

447 5432 495 5493 ιν
516 5424 697 5479 Mense
724 5424 939 5479 Octobri
970 5424 1085 5477 haec
1113 5421 1401 5493 contigisse
1428 5422 1614 5477 scribit
1643 5423 1843 5479 Marius
1870 5424 1937 5478 ad

360 5509 450 5549 an.
482 5492 605 5549 580.

435 5565 461 5604 δ
502 5564 691 5631 Corb.,
720 5566 857 5619 urbis
884 5567 968 5619 de.

437 5648 459 5675 ο
503 5639 559 5691 In
591 5636 756 5692 Corb.
787 5636 937 5689 deest
964 5650 1025 5689 ea:
1051 5653 1159 5692 ore.

433 5708 462 5746 ά
503 5708 680 5774 Colb.,
711 5706 934 5761 Ceriales
962 5706 1057 5758 hoc
1097 5708 1348 5773 pustulas.
1379 5706 1533 5771 Bad.,
1566 5705 1768 5761 Carales
1793 5747 1805 5771 ,
1840 5706 1937 5761 hoc

359 5788 454 5842 est,
487 5780 739 5847 pustulas.
775 5775 954 5847 Erant,
988 5778 1037 5829 ni
1073 5778 1239 5837 fallor,
1267 5782 1489 5847 pti~.tulze
1514 5780 1562 5831 in
1585 5780 1746 5834 corde
1778 5787 1931 5842 ortae,

360 5858 418 5904 et
447 5846 566 5903 ideo
596 5846 804 5902 corales
833 5846 1021 5917 dietae;
1057 5849 1135 5900 vel
1166 5846 1305 5916 quod
1338 5859 1485 5917 sputa
1517 5859 1693 5903 essent
1741 5864 1934 5917 purpu-

360 5923 441 5977 rei
468 5916 911 5989 coloris,,coralio
940 5918 1143 5971 similis.

2056 4811 2109 4857 et
2140 4802 2336 4867 tenuis,
2365 4802 2610 4870 spiritum
2641 4802 2911 4855 exhalavit
2937 4818 2949 4853 :
2975 4815 3130 4871 quem
3162 4800 3216 4853 in
3249 4801 3467 4855 basilica
3505 4814 3629 4855 san-

2051 4908 2259 4956 ctorum
2288 4898 2516 4966 Crispini
2546 4907 2706 4967 atque
2738 4895 3056 4966 Crispiniani
3094 4894 3114 4935 ι
3147 4903 3438 4965 martyrum
3469 4906 3617 4962 sepe~

2051 4996 2269 5051 lierunt.
2303 4996 2521 5064 Magnus
2549 5010 2759 5064 quoque
2804 4995 2889 5050 hic
2916 5005 2941 5043 ε
2978 4995 3217 5064 planctus
3245 4994 3388 5047 omni
3429 4993 3629 5063 populo

2053 5088 2178 5153 fuit;
2210 5102 2331 5143 nam
2362 5088 2462 5141 viri
2493 5089 2753 5157 lugentes,
2785 5087 3144 5157 mulieresque
3189 5084 3500 5154 lugubribus
3532 5098 3625 5137 ve-

2122 5232 2145 5259 ο
2189 5222 2281 5275 llic
2312 5236 2337 5274 a
2372 5222 2659 5276 Fortunato
2708 5222 3003 5290 appellatur
3050 5220 3398 5287 Dagohertus,
3440 5218 3651 5289 cujus,‘

2045 5300 2098 5347 et
2126 5291 2467 5346 Clilodoberti
2501 5292 2675 5347 fratris
2694 5292 2960 5361 epitapliia
2984 5290 3194 5358 scripsit
3223 5290 3313 5343 lib.
3339 5305 3419 5353 ix,
3444 5304 3614 5346 carm.

2044 5362 2081 5416 4
2104 5374 2157 5417 et
2186 5362 2237 5415 5.
2273 5362 2465 5417 Obiere
2509 5374 2625 5431 post
2665 5364 2926 5433 synodum
2976 5362 3400 5416 Brennacensem
3421 5403 3434 5428 ,
3467 5369 3526 5416 ut
3555 5377 3619 5417 ex

2044 5449 2161 5502 cap.
2199 5435 2383 5487 ultimo
2412 5433 2567 5504 hujus
2602 5434 2718 5487 libri
2752 5442 2917 5501 patet.

2120 5503 2137 5541 τ
2184 5506 2275 5558 Est
2302 5521 2438 5558 nunc
2470 5501 2847 5558 monasterium
2881 5502 3083 5557 ordinis
3122 5501 3178 5557 S.
3216 5501 3486 5557 Benedicti
3516 5505 3617 5557 sub

2045 5576 2104 5631 S.
2140 5576 2305 5630 Mauri
2346 5576 2772 5644 congregatione,
2803 5588 2923 5627 cum
2953 5574 3177 5629 Basilica
3212 5574 3426 5643 insigni,
3461 5573 3617 5643 cujus

2042 5647 2217 5700 navim
2250 5646 2549 5698 Calvinistae
2582 5645 2777 5697 szrculo
2805 5645 3064 5710 superiori
3111 5653 3439 5701 everterunt.
3475 5644 3619 5697 Non-

2042 5717 2170 5770 nulli
2194 5716 2495 5767 cxistimant
2514 5712 2721 5766 ibiolim
2739 5716 3004 5769 evstitisse
3026 5716 3205 5770 sedem
3227 5714 3614 5784 episcopalem.

2114 5795 2138 5833 ις
2177 5785 2262 5839 Sic
2288 5785 2437 5838 Colb.
2470 5792 2519 5836 et
2554 5784 2785 5850 Clicsn.;
2816 5788 3052 5856 plerique
3076 5787 3201 5841 editi
3230 5830 3241 5851 ,
3273 5786 3492 5854 Magnus
3525 5800 3617 5837 us-

2040 5872 2134 5927 que
2164 5858 2273 5908 huc.
