4028 6342
485 356 585 416 351

1503 357 1558 413 S.
1601 356 1925 414 GREGORII
1964 356 2269 414 EPISCOPI
2310 352 2733 413 TUROHENSIS

3634 368 3742 425 352

484 478 753 535 stimentis
796 476 1022 542 indutas,
1070 483 1127 531 ut
1173 474 1309 530 solet
1357 474 1413 527 in
1456 474 1738 545 conjugum
1786 474 2053 543 exsequiis
2079 472 2299 538 Aillos,
2332 472 2422 542 qui
2449 474 2773 527 avunculum
2802 484 2978 528 meum
3010 471 3416 543 interfecerunt,
3462 477 3737 552 2561c-

486 571 640 638 fieri,
687 572 757 626 ita
808 571 908 626 hoc
948 570 1104 623 funus
1133 575 1257 621 sunt
1302 575 1615 634 prosecutre.
1664 566 1827 619 Multa
1874 575 2055 635 postea

493 661 833 732 Cbilpericus
864 676 959 717 rex
985 658 1245 723 ecclesiis,
1276 658 1390 713 sive
1433 657 1686 724 basilicis,
1722 657 1809 713 vel
1855 672 2053 727 paupe-

486 754 636 810 ribus
662 762 743 809 est
771 753 1007 822 largitus.

554 843 794 900 XXXVI.
836 844 929 900 His
958 844 1145 899 diebus
1191 844 1620 911 Austrechildis,
1669 844 2054 902 Guntchramni

452 924 455 925 7
480 937 735 1006 principis
764 937 967 1007 regina,
1002 937 1069 991 ab
1114 937 1214 991 boc
1240 938 1428 991 morbo
1470 947 1781 1005 consumpta
1809 947 1889 991 est
1920 956 1931 989 :
1957 939 2049 993 sed

478 1027 787 1098 priusquam
812 1043 1041 1098 nequam
1068 1028 1315 1097 spiritum
1338 1028 1635 1093 exhalaret,
1667 1045 1890 1084 cernens
1912 1030 2050 1099 quod

478 1118 705 1173 evadere
732 1133 837 1173 non
871 1129 1071 1188 posset,
1107 1120 1207 1173 alta
1240 1118 1455 1174 trahens
1480 1122 1727 1190 suspiria,
1765 1122 1933 1175 voluit
1958 1122 2048 1176 leti

479 1211 561 1266 sui
588 1210 787 1266 habere
808 1211 1116 1281 participes,
1141 1226 1303 1279 agens
1329 1220 1386 1265 ut
1410 1212 1458 1265 in
1487 1213 1753 1281 exsequiis
1780 1212 1896 1281 ejus
1920 1213 2051 1268 alio-

478 1316 602 1357 rum
633 1300 815 1357 funera
848 1302 1250 1372 plangerentur.
1284 1301 1474 1356 Fertur
1509 1305 1650 1356 enim
1694 1302 1996 1356 Ilerodiano
2023 1312 2048 1339 ει

478 1407 630 1448 more
673 1409 855 1463 regem
899 1394 1136 1462 petiisse,
1187 1393 1619 1448 dicenszAdbue
1667 1408 1790 1460 Spes
1839 1392 2049 1448 vivendi

472 1484 684 1554 fuerat,
735 1486 893 1556 245
941 1486 987 1540 si
1032 1500 1138 1540 non
1183 1486 1321 1540 inter
1366 1486 1663 1554 iniquorum
1710 1485 2039 1540 medicorum

474 1589 665 1630 manus
689 1576 994 1631 interissem
1022 1594 1035 1642 ;
1065 1591 1187 1632 nam
1230 1577 1475 1647 potiones
1519 1579 1586 1633 ab
1627 1578 1733 1633 illis
1773 1588 2005 1647 acceptae
2031 1620 2045 1641 ,

470 1666 601 1721 mihi
629 1668 680 1722 vi
702 1668 1031 1725 abstulerunt
1054 1672 1235 1735 vitam,
1262 1682 1317 1726 et
1341 1672 1584 1727 fecerunt
1606 1687 1690 1727 me
1716 1671 1850 1726 hanc
1873 1673 2046 1726 lucem

472 1759 727 1814 velociter
762 1761 988 1828 perdere
1014 1778 1025 1813 :
1050 1772 1102 1817 et
1130 1763 1271 1829 ideo,
1300 1778 1367 1817 ne
1393 1764 1556 1817 inulta
1586 1779 1729 1818 mors
1760 1779 1877 1819 mea
1905 1779 2043 1833 pra:-

2158 578 2278 620 cum
2326 564 2551 629 retines;
2605 563 2697 618 sed
2748 572 2802 619 et
2853 564 3192 634 presbyteros
3250 565 3371 623 huic
3423 584 3578 625 noxa:
3633 574 3734 627 ad-

2156 656 2384 722 mistos,
2450 654 2517 709 ad
2562 655 2865 709 convivium
2912 655 3127 724 recipis.
3177 655 3386 713 Deinde
3450 658 3731 717 inimicitia

2154 746 2509 813 increscente,
2541 746 2793 816 paulatim
2818 748 2981 816 etrapit
3007 747 3160 803 villas
3185 749 3448 815 ecclesiae,
3474 766 3605 821 quas
3630 754 3731 807 Ma.

2153 838 2429 894 racharius
2481 847 2801 895 testamento
2847 841 3050 909 scripto
3101 841 3410 911 reliquerat,
3468 844 3733 901 violenter

2154 929 2424 995 invadere,
2456 944 2701 986 asserens
2729 946 2836 985 non
2881 930 3077 986 debere
3104 933 3386 988 ecclesiam
3414 934 3529 1004 ejus
3566 936 3734 993 facul-

2157 1031 2317 1079 tatem
2346 1024 2591 1092 adipisci,
2628 1038 2657 1078 a
2683 1024 2837 1092 cujus
2862 1024 3070 1079 clericis
3108 1034 3332 1079 testator
3361 1024 3537 1081 fuerat
3566 1027 3731 1084 inter-

2152 1115 2340 1170 fectus.
2376 1116 2500 1170 i’ost
2530 1117 2628 1171 ista
2662 1130 2809 1183 vero,
2840 1116 2949 1185 jam
2985 1116 3251 1186 aliquibus
3279 1133 3344 1173 ex
3383 1118 3538 1173 laicis
3564 1120 3733 1174 inter-

2153 1207 2343 1273 fectis,
2378 1208 2581 1263 addidit
2616 1218 2671 1264 ut
2724 1210 3119 1279 apprehensum
3148 1210 3513 1281 presbyterum
3546 1212 3733 1283 alliga-

2153 1310 2254 1366 ret,
2284 1316 2346 1356 ac
2374 1310 2532 1356 conto
2563 1302 2891 1371 perfoderet.
2936 1301 3031 1357 Cui
3062 1302 3236 1357 adhuc
3266 1303 3485 1369 viventi,
3515 1306 3732 1361 retortis

2153 1402 2272 1463 post
2313 1401 2518 1463 tergum
2558 1395 2824 1461 manibus,
2868 1409 3106 1465 appenso
3135 1394 3201 1449 ad
3230 1396 3494 1464 stipitem,
3533 1397 3732 1454 elicere

2154 1482 2461 1551 quan-ebant
2490 1484 2533 1538 si
2579 1486 2631 1539 in
2682 1485 2781 1539 hac
2809 1500 2968 1540 causa
3016 1486 3203 1541 fuisset
3248 1487 3529 1543 admistus.
3578 1489 3730 1556 Quod

2152 1586 2271 1627 cum
2301 1572 2395 1627 ille
2423 1583 2661 1643 negaret,
2695 1576 2994 1645 profluente
3021 1591 3213 1633 cruore
3236 1578 3304 1633 de
3334 1579 3571 1644 vulnere,
3602 1582 3729 1637 red-

2151 1664 2286 1719 didit
2322 1664 2587 1733 Spiritum.
2620 1666 2733 1734 Qua
2781 1668 2848 1722 de
2893 1682 3053 1722 causa
3096 1679 3396 1725 commotus
3424 1672 3728 1742 episcOpus,

2108 1826 2117 1835 .
2147 1753 2304 1824 jussit
2338 1770 2459 1810 eum
2484 1757 2551 1810 ab
2571 1758 2819 1813 ecclesia:
2844 1758 3045 1813 foribus
3067 1761 3364 1828 prohiberi.
3391 1761 3730 1818 Convenien-

471 1854 642 1903 tereat
662 1887 679 1914 ,
726 1864 907 1918 quaeso
930 1888 947 1917 ,
989 1861 1044 1907 et
1087 1863 1206 1906 cum
1258 1856 1578 1908 sacramenti
1628 1854 2035 1925 interpositione
2070 1851 2119 1912 B
2149 1846 2289 1900 tibus
2320 1856 2498 1902 autem
2527 1848 2667 1917 apud
2697 1848 2967 1904 civitatem
2996 1850 3264 1906 Santonas
3288 1854 3655 1910 sacerdotibus
3672 1853 3725 1921 δ,

468 1940 712 2009 conjuro,
746 1950 821 2006 ut,
846 1957 965 1997 cum
995 1943 1061 1997 ab
1094 1944 1190 1998 hac
1220 1944 1337 1999 luce
1360 1945 1661 2001 discessero
1684 1987 1700 2014 ,
1728 1950 1908 2003 statim
1937 1950 2038 2021 ipsi

468 2032 646 2101 gladio
674 2033 1026 2101 trucidentur,
1060 2045 1119 2090 ut
1155 2037 1293 2091 sicut
1329 2052 1428 2107 ego
1456 2038 1683 2106 amplius
1712 2039 1892 2095 vivere
1934 2057 2038 2097 non

469 2137 629 2191 queo,
659 2124 730 2178 ita
757 2140 855 2180 nec
896 2126 967 2180 illi
1008 2135 1128 2196 post
1157 2143 1332 2184 meum
1363 2128 1565 2183 obitum
1594 2128 1910 2201 glorientur,
1944 2135 2039 2187 sed

465 2216 532 2271 sit
562 2233 697 2272 unus
726 2218 878 2275 dolor
912 2224 1110 2276 nostris
1138 2224 1340 2291 pariter
1362 2238 1425 2277 ac
1448 2238 1632 2279 eorum
1673 2227 1880 2281 amicis.
1914 2226 2038 2283 Haec

462 2312 616 2368 effata
647 2313 917 2371 infelicem
964 2318 1196 2371 animam
1238 2316 1475 2372 tradidit.
1509 2318 1623 2373 Itex
1666 2335 1791 2375 vero
1818 2330 2038 2389 peracto

463 2416 527 2457 cx
561 2418 711 2460 more
738 2406 1002 2476 exscquio
1025 2407 1075 2474 ι),
1101 2422 1393 2477 oppressus
1435 2409 1627 2478 iniqua:
1670 2411 1912 2482 conjugis
1952 2414 2035 2483 ju-

465 2507 729 2565 ramento,
756 2500 996 2568 implevit
1023 2511 1347 2571 praeceptum
1374 2504 1664 2571 iniquitatis
1691 2520 1707 2570 ;
1741 2520 1861 2559 nam
1901 2507 2038 2564 duos

464 2591 702 2645 medicos
734 2602 781 2657 ο,
810 2592 899 2660 qui
925 2592 975 2648 ci
1000 2594 1232 2648 studium
1262 2594 1633 2660 adhibuerant,
1679 2597 1853 2665 gladio
1888 2598 2035 2653 feriri

470 2681 723 2752 pratcepit
749 2699 761 2736 :
788 2684 925 2754 quod
952 2699 1056 2740 non
1083 2686 1200 2741 sine
1224 2697 1443 2757 peccato
1484 2687 1676 2742 factum
1706 2687 1869 2744 fuisse
1896 2690 2035 2744 mul-

474 2787 645 2834 torum
673 2790 857 2835 censet
878 2779 903 2817 ἀ
936 2781 1235 2850 prudentia.

539 2871 797 2928 XXXVII.
857 2874 969 2929 [Iac
1017 2882 1040 2911 °
1086 2875 1263 2945 itaque
1305 2875 1621 2945 mgritudine
1671 2885 1725 2931 et
1778 2877 2037 2933 Nantinus

462 2962 839 3018 Ecolismensis
863 2978 1045 3019 comes
1067 2966 1367 3021 exinanitus
1394 2967 1623 3032 interiit;
1650 2968 1741 3023 sed
1768 2983 1887 3038 quae
1908 2983 2038 3024 con-

458 3060 535 3107 tra
583 3054 890 3110 sacerdotes
920 3055 1000 3110 vel
1047 3056 1298 3111 ecclesias
1329 3058 1421 3112 Dei
1468 3058 1653 3127 egerit,
1689 3060 1845 3113 altius
1880 3074 2034 3128 repe-

458 3144 614 3199 tenda
662 3152 803 3201 sunt.
859 3146 1099 3215 Denique
1148 3148 1509 3204 Maraeharius
1550 3151 1843 3205 avunculus
1885 3151 2031 3221 ejus,

2147 1938 2534 2007 deprecabatur
2563 1940 2824 1996 Nantinus
2851 1949 2909 1995 ut
2938 1956 3126 2010 pacem
3150 1944 3383 2015 episcopi
3406 1955 3724 2011 mereretur,

2145 2030 2466 2097 promittens
2494 2046 2550 2085 se
2579 2047 2767 2087 omnes
2794 2032 3050 2089 Ecclesia:
3082 2048 3191 2101 res,
3229 2050 3359 2104 quas
3382 2036 3499 2091 sine
3522 2037 3727 2093 ratione

2143 2124 2453 2191 abstulerat,
2485 2124 2836 2192 redditurum,
2883 2136 3041 2195 atque
3072 2128 3332 2183 humilem
3372 2129 3629 2185 exhibere
3667 2147 3729 2187 se

2142 2216 2431 2271 sacerdoti.
2484 2219 2553 2272 At
2578 2218 2690 2284 ,ille
2735 2218 2958 2273 fratrum
2990 2220 3218 2288 jussioni
3247 2221 3503 2277 obaudire
3532 2238 3725 2291 procu-

2140 2322 2287 2373 rans,
2316 2316 2501 2362 cuncta
2533 2323 2651 2377 quae
2690 2309 3008 2377 petebantur
3030 2310 3279 2375 indulsit;
3310 2326 3525 2368 causam
3546 2324 3723 2370 tamen

2141 2399 2437 2469 presbyteri
2460 2399 2809 2469 omnipotenti
2839 2400 2950 2456 Deo
2966 2402 3370 2469 commendans,
3397 2406 3649 2461 comitem
3670 2408 3722 2461 in

2140 2489 2398 2545 charitate
2448 2492 2669 2561 recepit.
2721 2492 2821 2558 Qui
2872 2502 2993 2562 post
3035 2494 3136 2548 ista
3186 2508 3460 2563 regressus
3492 2497 3675 2551 urbem
3704 2539 3719 2563 ,

2142 2582 2330 2636 domos
2360 2582 2475 2635 illas
2505 2597 2636 2651 quas
2674 2585 2814 2639 male
2843 2595 3171 2653 pervaserat,
3203 2586 3418 2655 spoliat,
3450 2588 3619 2652 elidit,
3659 2604 3722 2645 ac

2138 2673 2357 2741 disjicit,
2391 2673 2612 2729 dicens:
2647 2674 2713 2729 Et
2741 2676 2784 2731 si
2816 2675 2917 2731 hoc
2955 2676 3023 2730 ab
3051 2677 3277 2733 ecclesia
3318 2680 3605 2748 recipitur,
3640 2683 3719 2736 vel

2138 2764 2408 2821 desertum
2467 2768 2782 2835 inveniatur,
2831 2784 2931 2838 qua
2988 2769 3054 2823 de
3090 2784 3249 2825 causa
3302 2771 3494 2827 iterum
3546 2781 3722 2831 motus

2139 2857 2440 2926 episcopus,
2472 2872 2594 2912 eum
2624 2873 2652 2911 a
2680 2859 3057 2915 communione
3088 2861 3384 2931 suspendit.
3428 2863 3554 2931 Quae
3591 2863 3718 2918 dum

2139 2958 2392 3017 aguntur,
2409 2949 2627 3018 impleto
2648 2949 2834 3005 beatus
2862 2951 3101 3019 pontifex
3130 2954 3253 3007 vitae
3270 2968 3454 3021 cursu,
3478 2956 3719 3024 migravit

2138 3042 2205 3115 ad
2238 3043 2538 3097 Dominum.
2572 3042 2830 3099 Nantinus
2862 3060 3075 3115 quoque
3111 3047 3177 3102 ab
3207 3049 3473 3118 aliquibus
3514 3052 3717 3119 episco-

2138 3135 2241 3205 pis,
2301 3135 2753 3191 intercedentibus
2807 3138 3038 3205 pricmiis
3092 3148 3250 3208 atque
3304 3140 3713 3212 adulationibus,

457 3238 544 3293 diu
574 3244 626 3295 In
659 3242 770 3310 ipsa
804 3242 935 3297 urbe
966 3257 1091 3297 usus
1138 3249 1219 3295 est
1250 3245 1527 3297 comitatu.
1560 3242 1678 3309 Quo
1719 3244 1895 3297 officio
1941 3258 2033 3298 ex-

2140 3231 2585 3285 communicatur.
2604 3231 2731 3286 Post
2753 3246 2948 3301 paucos
2970 3247 3095 3288 vero
3116 3249 3330 3291 menses
3348 3251 3374 3289 a
3408 3239 3714 3309 supradicto

458 3335 622 3405 pleto,
657 3334 913 3390 Ecclesiae
942 3335 1195 3399 sociatur,
1227 3334 1558 3403 clericusque
1590 3334 1779 3399 factus,
1823 3335 2036 3391 ordina-

460 3434 547 3481 tur
577 3428 877 3497 episcopus.
912 3427 1011 3494 Qui
1063 3425 1283 3480 multum
1313 3424 1595 3495 vigilanter
1632 3426 1716 3479 vel
1745 3426 2031 3495 ecclesias,

456 3518 539 3574 vel
566 3519 808 3574 ecclesia:
832 3519 1021 3573 domos
1050 3527 1101 3572 et
1133 3519 1363 3588 erigens,
1410 3526 1462 3571 et
1492 3531 1839 3587 componens,
1869 3521 2035 3588 septi-

453 3623 541 3663 mo
569 3609 852 3665 sacerdotii
880 3623 1041 3675 anno,
1074 3605 1269 3677 injecto
1298 3610 1363 3663 ab
1398 3608 1629 3663 inimicis
1658 3610 1710 3663 in
1741 3620 1901 3679 caput
1929 3613 2033 3679 pis-

453 3702 529 3756 cis
559 3715 787 3767 veneno,
817 3698 1134 3769 simpliciter
1152 3698 1421 3767 accipiens
1440 3698 1731 3755 crudeliter
1758 3710 2029 3755 enecatur.

454 3792 562 3850 Sed
605 3807 710 3847 non
742 3792 832 3846 diu
882 3793 1101 3847 inultam
1152 3791 1269 3861 ejus
1318 3799 1543 3845 mortem
1596 3791 1814 3861 pertulit
1853 3792 2030 3848 divina

455 3884 767 3950 clementia;
816 3899 939 3939 nam
990 3883 1309 3939 Frontonius
1342 3880 1397 3949 ί,
1450 3884 1600 3953 cujus
1654 3884 1879 3939 consilio
1930 3887 2032 3941 hoc

451 3978 623 4032 scelus
670 3984 752 4033 est
800 3984 1181 4047 perpetratum,
1252 3985 1525 4043 assumpto
1576 3974 1858 4030 confestim
1918 3976 2033 4043 epi-

450 4077 689 4137 scopatu,
723 4084 827 4122 uno
858 4071 911 4123 in
937 4083 1000 4123 eo
1029 4068 1227 4136 degens
1250 4082 1411 4133 anno,
1443 4075 1805 4135 prrecurrente
1826 4065 2026 4135 judicio

452 4158 569 4225 Dei,
602 4160 823 4214 interiit.
856 4159 1015 4226 Cujus
1048 4167 1165 4226 post
1195 4158 1395 4211 obitum
1445 4156 1716 4211 lleraclius
1745 4164 1771 4202 ε
1828 4154 2031 4209 Bnrde-

450 4252 681 4319 galensis
710 4251 1008 4321 presbyter,
1038 4249 1127 4317 qni
1158 4250 1425 4318 quondam
1456 4250 1659 4318 legatus
1697 4247 2028 4301 Cliildeherti

448 4339 677 4396 senioris
706 4340 900 4409 fuerat,
934 4340 1223 4409 episcopus
1249 4341 1547 4394 ordinatur.
1596 4339 1857 4393 Nantinus
1898 4353 2027 4393 vero

448 4431 519 4487 ob
548 4431 920 4501 requirendam
947 4431 1195 4485 avunculi
1236 4430 1319 4484 sui
1347 4439 1600 4495 mortem,
1633 4429 1944 4484 comitatum
1974 4431 2027 4485 in

451 4524 567 4593 ipsa
598 4523 727 4579 urbe
752 4523 993 4593 expetiit.
1024 4524 1140 4588 Quo
1170 4531 1408 4591 accepto,
1440 4521 1634 4575 multas
1661 4522 1913 4591 episcopo
1942 4522 2026 4578 in-

2140 3323 2328 3377 morbo
2354 3323 2660 3391 corripitur,
2694 3324 2783 3391 qui
2814 3324 2975 3378 nimia
3007 3334 3224 3381 exustus
3247 3326 3415 3394 febre,
3441 3329 3714 3396 clamavit.

2137 3416 2358 3470 dicens:
2392 3414 2524 3483 Heu,
2562 3415 2702 3470 beu!
2737 3415 2802 3471 ab
2834 3416 3078 3472 Heraclio
3110 3418 3351 3474 antistite
3379 3434 3610 3488 exuror,
3649 3424 3713 3480 ab

2137 3506 2229 3562 illo
2260 3506 2493 3571 crucior,
2540 3507 2608 3560 ab
2660 3507 2753 3560 illo
2797 3509 2862 3561 ad
2906 3508 3166 3578 judicium
3213 3525 3392 3565 vocor.
3442 3512 3713 3583 Cognosco

2137 3598 2359 3667 facinus,
2391 3598 2705 3654 reminiscor
2729 3613 2813 3653 me
2840 3599 3037 3669 injuste
3067 3601 3290 3671 injurias
3314 3602 3559 3660 intulisse
3585 3622 3710 3676 pon-

2138 3690 2261 3745 tifici
2288 3708 2302 3756 ;
2335 3700 2557 3746 mortem
2583 3691 2866 3761 deprecor,
2900 3708 2967 3747 ne
2994 3694 3195 3749 diutius
3218 3696 3425 3751 crucier
3456 3698 3557 3754 hoc
3601 3708 3709 3755 tor-

2134 3790 2335 3837 mento.
2371 3781 2497 3837 Hinc
2535 3798 2656 3837 cum
2708 3786 2936 3838 maxima
2965 3784 3017 3838 in
3048 3784 3202 3842 febre
3245 3788 3406 3858 247
3436 3788 3707 3853 clamaret,

2134 3876 2417 3931 deﬁciente
2446 3876 2640 3932 robore
2680 3877 2943 3945 corporis,
2977 3876 3243 3934 infelicem
3268 3880 3519 3948 ganimam
3562 3880 3705 3949 fudit,

2134 3967 2349 4023 indubia
2381 3968 2688 4037 relinquens
2710 3968 2957 4038 vestigia,
2981 3968 3081 4023 hoc
3108 3972 3158 4026 ei
3191 3969 3257 4025 ad
3282 3972 3540 4027 ultionem
3572 3973 3707 4027 beati

2135 4059 2383 4113 antistitis
2414 4060 2675 4114 evenisse.
2709 4060 2837 4114 Nam
2870 4062 3175 4115 exanimum
3208 4078 3400 4132 corpus
3432 4066 3503 4118 ita
3541 4064 3707 4135 nigre-

2133 4152 2310 4207 dinem
2360 4154 2535 4218 duxit,
2568 4163 2625 4207 ut
2674 4162 2887 4222 putares
2918 4169 3041 4207 eum
3088 4154 3269 4223 prunis
3320 4160 3707 4225 superpositum

2133 4244 2295 4301 fuisse
2324 4247 2679 4301 combustum.
2708 4247 2846 4315 Ergo
2878 4255 2891 4281 ι
2925 4261 3109 4302 omnes
3152 4248 3265 4302 hare
3296 4249 3706 4318 obstupescant,

2132 4338 2484 4407 admirentur,
2515 4347 2568 4393 et
2597 4346 2835 4392 metuant
2864 4351 2929 4392 ne
2960 4337 3191 4392 inferant
3218 4338 3442 4409 injurias
3465 4342 3705 4396 sacerdo-

2134 4431 2271 4486 tibus
2313 4448 2327 4485 :
2376 4432 2499 4501 quia
2549 4432 2687 4488 ultor
2733 4440 2818 4495 est
2868 4430 3127 4487 Dominus
3171 4445 3448 4487 servorqu
3493 4448 3706 4489 suorum

2129 4524 2459 4594 sperantium
2493 4525 2545 4578 in
2568 4540 2645 4580 se.

449 4616 617 4687 jurias
647 4617 919 4686 irrogavit.
967 4616 1156 4672 Aiebat
1186 4617 1326 4671 enim
1372 4615 1667 4686 episcopo:
1715 4614 2021 4674 llomicidas
2052 4612 2107 4674 D
2202 4616 2488 4670 XXXVIII.
2522 4616 2633 4670 lIoc
2669 4616 2681 4666 i
2726 4624 2969 4684 tempore
2998 4622 3051 4671 et
3086 4615 3271 4671 beatus
3313 4615 3569 4674 Martinus
3591 4619 3704 4675 Gal-

523 4760 551 4789 ι
592 4750 828 4809 Ilerodes
874 4750 1179 4807 Ascalonita
1203 4790 1216 4814 ,
1248 4749 1404 4803 morti
1448 4749 1720 4814 proximus
1745 4790 1758 4811 ,
1791 4749 2017 4816 petierat

449 4831 508 4878 ut
537 4823 713 4876 statim
745 4832 869 4891 post
899 4822 1069 4891 ipsius
1110 4828 1333 4891 mortem
1351 4819 1680 4891 nobilissimi
1711 4820 2013 4891 Iudaeorum

447 4889 840 5015 occidgentur.
879 4893 1006 4947 Vide
1047 4890 1267 4960 Josephi
1306 4890 1400 4945 lib.
1436 4906 1452 4943 ι
1484 4890 1549 4944 de
1591 4889 1720 4945 Bell.
1764 4889 2011 4961 Judaico,

447 4978 565 5015 ean.
670 5000 685 5015 .

447 4978 565 5020 can.
594 4965 685 5018 21.

670 5000 874 5099 ξοπιω
907 5034 995 5087 alii
1015 5033 1239 5101 justitio,
1271 5040 1463 5102 praeter
1491 5028 1670 5086 Casin.
1702 5033 1791 5101 qui
1824 5031 2013 5098 habet,

446 5106 638 5177 funeris
664 5107 856 5177 ofﬁcio.
889 5102 1591 5177 Austrigildis_epimpli_it1m
1620 5104 1821 5172 profert
1850 5101 2016 5177 Ches-

447 5172 577 5230 nius'
609 5172 751 5231 tonio
802 5194 816 5231 ι
848 5176 1168 5244 scriptorum
1213 5172 1423 5228 Iiistor.’
1462 5172 1675 5241 Franc.,
1727 5187 1845 5243 pag.
1885 5173 2018 5238 Sl'i;

445 5247 883 5324 νὶιίι-ειιιιιιξξξῼ⁸
1142 5315 1177 5324 “
1299 5322 1304 5324 _
1733 5312 1777 5324 ..
1846 5312 1856 5323 .
1968 5313 1981 5324 .

520 5327 542 5354 ο
569 5317 677 5371 Ilus
722 5318 995 5373 Nicolaum
1041 5325 1095 5371 et
1141 5315 1402 5371 Donatum
1452 5313 1684 5383 appellat
1732 5312 1924 5366 Marius
1968 5313 2022 5366 in

449 5386 737 5456 Chronico,
788 5389 877 5443 ubi
926 5387 1320 5457 Austregildem
1364 5384 1562 5441 obiisse
1605 5383 1679 5437 ait
1706 5397 1846 5437 anno
1893 5383 2019 5451 581,

447 5471 632 5526 mense
662 5458 981 5526 Septembri.
1048 5472 1051 5473 '

514 5524 538 5562 ἀ
576 5524 789 5597 [ὶθδῐιίη
819 5529 955 5597 quod
1009 5545 1107 5583 non
1151 5529 1259 5581 sine
1288 5536 1605 5597 praecepto...
1640 5526 1775 5577 novit
1800 5524 2024 5595 pruden-

445 5598 537 5652 tia.
1906 5653 1910 5659 .

521 5680 542 5705 ι’
572 5668 683 5724 Iioc
729 5678 887 5738 caput
917 5669 1065 5723 deest
1114 5668 1165 5721 in
1206 5670 1363 5724 Corb.
1410 5680 1461 5725 et
1508 5669 1691 5734 Colb.,
1739 5668 1817 5721 sie
1866 5668 2025 5721 habet

445 5739 661 5810 Βιιδιιιη
694 5739 809 5793 Hac
854 5740 1369 5810 itaquc__pestilentia,
1418 5750 1515 5795 etc.
1556 5742 1608 5794 In
1660 5741 1804 5805 liec.,
1842 5738 2023 5793 Nauti-

447 5807 551 5865 ιιιιὲ
579 5811 770 5866 dicitur
796 5823 974 5869 comes
1012 5807 1341 5864 Eceiincusis.
1372 5812 1525 5863 Varie.
1552 5812 1746 5879 quippe
1770 5810 2019 5865 scribitur

2127 4751 2286 4825 hujus
2310 4751 2679 4825 urbis_nomen
2710 4752 3005 4825 Ecclesina,
3041 4750 3323 4825 Egolisma,
3357 4754 3517 4811 hodie
3548 4756 3699 4810 Iucu-

2129 4820 2315 4876 lisma:
2346 4820 2484 4891 quod
2512 4822 2674 4875 semel
2705 4833 2759 4877 et
2788 4824 2975 4876 iterum
3000 4820 3215 4879 not'asse
3242 4826 3369 4879 satis
3399 4827 3487 4881 sit.
3533 4829 3703 4882 Mara-

2127 4893 2341 4969 giarius
2372 4892 2611 4969 interfuit
2639 4892 3229 4969 dedicationiecciesia:
3260 4895 3587 4969 Namncticze
3606 4913 3699 4969 per

2128 4962 2361 5084 Felice";
2414 4962 2746 5031 episcopum,
2796 4972 2855 5017 ut
2904 4965 3065 5019 refert
3115 4963 3439 5022 Fortunatus
3480 4968 3575 5025 lib.
3606 4962 3699 5037 'in,

2128 5048 2292 5084 carm.
2369 5071 2382 5084 .

2125 5048 2292 5089 carm.
2329 5048 2382 5085 4-.

2203 5101 2221 5141 ί
2250 5104 2397 5170 Bec.,
2429 5102 2769 5159 Frontimius.

2204 5183 2227 5221 Β
2256 5175 2313 5229 In
2346 5176 2555 5244 llegm.,
2588 5176 2675 5229 hic
2720 5175 2913 5231 dicitur
2961 5172 3207 5237 Eradius,
3256 5175 3393 5232 infra
3443 5175 3699 5234 Eraclius.

2131 5243 2221 5316 Sic
2250 5243 2524 5316 eticomes
2571 5245 2767 5301 dicitur
2814 5247 3099 5316 aliquando
3136 5244 3419 5315 Nautium,
3470 5250 3598 5304 alias
3644 5258 3700 5305 ut

2126 5315 2275 5380 editi,
2308 5314 2588 5371 Nantinus.
2905 5314 2919 5316 “
3534 5364 3539 5367 .

2196 5385 2395 5461 hHanc
2443 5386 2717 5461 Synodum
2768 5402 2856 5442 an.
2906 5385 3008 5443 579
3056 5389 3333 5461 consiguat
3383 5388 3699 5445 Sirmondus

2136 5465 2262 5511 tom.
2294 5458 2309 5509 l
2337 5457 2540 5511 tioncil.
2574 5458 2783 5514 Gallim.~

2209 5530 2221 5564 ί
2252 5528 2374 5581 Ilaec
2404 5527 2465 5580 ad
2500 5530 2655 5584 linem
2687 5530 2876 5599 capitis
2902 5530 3095 5585 desunt
3123 5532 3172 5585 in
3200 5532 3319 5587 cod.
3346 5531 3535 5600 Regm.‘

2205 5602 2216 5684 ρ
2252 5600 2362 5684 Ιλιιξςε
2390 5608 2547 5684 caput
2578 5600 2806 5684 deest‘in
2844 5602 2997 5684 (iorb.
3034 5603 3246 5684 etAColb
3300 5604 3469 5684 Porro
3514 5603 3697 5684 Regni.

2128 5670 2284 5723 habet
2314 5670 2662 5742 Callecierisis.
2688 5671 2756 5726 Et
2788 5673 2999 5742 quidem
3022 5681 3227 5729 veteres
3252 5674 3558 5730 scribebant
3580 5670 3693 5728 σαι.

2128 5743 2268 5797 ιιεεία
2301 5756 2395 5809 pro
2426 5740 2663 5797 Gallicia.
