4028 6342
324 410 436 474 555

1247 413 1563 472 HlS’l’OlllA
1606 410 2044 471 FRANCORUM.
2091 412 2294 469 LIBER
2332 410 2648 481 QUINTUS.

3410 448 3415 453 -
3479 410 3586 470 554

323 527 565 588 liciensis
583 528 868 598 episcopus
898 525 1052 596 obiit,
1080 540 1330 597 magnum
1362 529 1557 599 populo
1579 530 1653 585 illi
1682 529 1909 584 faciente
1936 530 1991 591 Α
2015 526 2179 595 mergi
2213 546 2226 581 :
2262 525 2281 563 ί
2311 527 2406 581 sed
2433 537 2491 581 ut
2533 528 2780 581 asserunt
2819 524 2992 591 multi,
3044 538 3316 598 nunquam
3342 525 3581 583 animum

323 624 600 693 planctum
623 631 673 675 ⁸.
702 621 834 676 Nam
866 621 953 675 hic
981 621 1269 676 Pannoniae
1300 632 1447 677 ortus
1489 623 1608 687 fuit,
1636 630 1690 677 et
1717 621 1909 677 exinde

322 718 392 771 ad
422 714 687 771 visitauda
714 714 832 769 loca
862 724 1046 770 sancta
1071 714 1124 769 in
1166 714 1439 771 Orientem
1490 729 1807 785 properans,
1852 716 1909 770 in

322 815 532 862 tantum
558 821 619 863 se
649 805 839 861 litteris
865 805 1073 871 imbuit,
1108 815 1164 861 ut
1188 807 1321 861 nulli
1353 807 1617 861 secundus
1640 808 1752 862 suis
1775 816 1908 862 tem-

322 902 546 972 poribus
575 899 884 956 haberetur.
918 900 1122 954 Exinde
1143 900 1420 956 Galliciam
1445 900 1614 968 venit,
1646 900 1760 967 ubi,
1784 916 1905 956 cum

324 994 468 1050 beati
498 993 705 1048 Martini
734 994 972 1063 reliquiae
994 1003 1355 1063 portarentur,
1384 994 1669 1063 episcOpus
1690 993 1907 1051 ordina-

326 1094 414 1141 tur
446 1104 458 1139 :
492 1087 545 1141 in
576 1100 680 1156 quo
709 1085 1013 1142 sacerdotio
1038 1085 1273 1155 impletis
1311 1085 1431 1155 plus
1477 1086 1656 1140 minus
1695 1085 1906 1155 triginta

322 1177 503 1245 annis,
558 1178 746 1246 plenus
775 1177 1063 1232 virtutibus
1114 1178 1363 1247 migravit
1415 1177 1480 1231 ad
1532 1178 1814 1233 Dominum
1851 1177 1903 1232 δ.

326 1267 633 1324 Versiculos
659 1268 749 1338 qui
793 1282 955 1337 super
980 1268 1174 1322 ostium
1204 1275 1329 1321 sunt
1356 1281 1384 1322 a
1415 1276 1565 1336 parte
1608 1268 1903 1324 meridiana

321 1360 380 1415 in
409 1360 625 1414 basilica
655 1358 825 1415 sancti
854 1358 1080 1425 Martini,
1116 1361 1228 1429 ipse
1250 1361 1568 1429 composuit.

306 1498 309 1505 ,
395 1450 639 1508 XXXIX.
685 1451 869 1521 Magna
898 1465 964 1506 eo
993 1464 1136 1505 anno
1186 1450 1239 1505 in
1286 1450 1560 1520 Hispaniis
1586 1450 1905 1507 Christianis

322 1544 629 1615 persecutio
650 1542 769 1609 fuit,
789 1542 1047 1614 multique
1070 1542 1278 1597 exsiliis
1298 1541 1432 1610 dati,
1452 1541 1906 1612 facultatibusfpri-

298 1635 609 1703 vati,fame
638 1634 869 1700 decocti,
886 1646 1104 1689 carcere
1118 1632 1428 1703 mancipati,
1445 1633 1756 1689 verberibus
1777 1632 1904 1688 affe-

323 1730 422 1797 cti,
438 1743 500 1783 ac
518 1728 742 1784 diversis
764 1727 1039 1797 suppliciis
1061 1726 1309 1782 trucidati
1332 1726 1662 1795 sunt.‘Caput
1687 1741 1903 1796 quoque

330 1818 492 1889 hujus
525 1820 744 1875 sceleris
773 1817 1086 1873 Goisvintha
1117 1829 1139 1857 ο
1184 1818 1303 1882 fuit,
1336 1833 1493 1887 quam
1518 1827 1637 1887 post
1666 1819 1902 1873 Athana-

2012 633 2165 673 suum
2193 633 2220 671 a
2250 618 2351 671 fide
2376 627 2553 673 nostra
2581 617 2813 674 rellexit.
2837 617 3217 675 Leuvichildus
3232 627 3412 676 autem
3437 620 3587 677 dedit

2011 710 2088 764 eis
2114 711 2285 779 {unam
2311 717 2337 755 ε
2382 709 2449 763 de
2495 711 2820 774 civitatibus,
2852 711 2903 765 in
2935 726 3037 781 qua
3057 714 3354 770 residentes
3381 728 3582 784 regna-

2010 808 2149 854 rent.
2179 799 2255 853 Ad
2280 814 2435 867 quam
2459 814 2577 854 cum
2611 801 2887 867 abiissent,
2914 803 3074 871 coepit
3095 803 3346 873 Ingundis
3390 804 3586 874 praedi-
3638 826 3644 831 -

2008 905 2131 947 care
2158 889 2271 945 viro
2306 906 2423 956 suo,
2452 900 2509 945 ut
2539 892 2720 947 relicta
2772 894 2993 949 haeresis
3030 894 3258 961 fallacia,
3302 896 3583 952 catholicae

2009 981 2140 1051 legis
2163 982 2441 1037 veritatem
2489 992 2822 1050 agnosceret.
2855 985 3009 1051 Quod
3056 986 3147 1042 ille
3185 988 3279 1043 diu
3318 988 3581 1054 refutans,

2007 1072 2225 1128 tandem
2253 1082 2553 1128 commotus
2581 1074 2646 1128 ad
2675 1075 2789 1144 ejus
2820 1076 3272 1146 praedicationem,
3295 1093 3584 1135 conversus

2008 1175 2091 1222 est
2137 1168 2203 1221 ad
2256 1168 2425 1237 legem
2471 1166 2791 1221 catholicam
2839 1183 2948 1223 :ac
2992 1170 3118 1225 dum
3158 1170 3579 1237 chrismaretur,

2007 1258 2241 1314 Joannes
2269 1268 2352 1313 est
2380 1258 2658 1314 vocitatus.
2702 1259 2857 1325 Quod
2904 1274 3023 1315 cum
3068 1261 3444 1318 Leuvichildus
3493 1278 3585 1318 au-

2009 1347 2189 1415 disset,
2234 1349 2397 1419 coepit
2442 1364 2628 1405 causas
2674 1365 2902 1420 quaerere
2957 1353 3184 1421 qualiter
3210 1368 3333 1410 eum
3387 1356 3585 1425 perde-

2006 1448 2108 1495 ret.
2136 1439 2230 1496 llle
2255 1456 2382 1496 vero
2410 1442 2525 1495 ltrec
2563 1442 2887 1511 intelligens,
2921 1442 2987 1496 ad
3018 1450 3221 1511 partem
3256 1459 3314 1500 se
3356 1445 3587 1514 impera-

2009 1533 2140 1587 toris
2167 1533 2362 1601 jungit,
2397 1533 2569 1603 ligaus
2598 1547 2719 1589 cum
2750 1533 3001 1601 praefecto
3041 1532 3201 1604 2&9
3241 1535 3359 1603 ejus
3403 1535 3588 1590 amici-

2010 1625 2133 1692 tias,
2167 1624 2258 1693 qui
2302 1634 2428 1679 tunc
2459 1624 2766 1693 Hispaniam
2816 1625 3178 1695 impugnabat.
3212 1624 3587 1683 Leuvichildus

2006 1722 2186 1769 autem
2222 1713 2417 1769 direxit
2438 1714 2505 1768 ad
2534 1730 2654 1769 eum
2683 1716 2919 1781 nuntios,
2952 1715 3175 1772 dicens:
3206 1716 3341 1773 Veni
3381 1718 3447 1771 ad
3478 1732 3587 1787 me,

2006 1802 2127 1872 quia
2151 1811 2362 1858 exstant
2388 1817 2565 1858 causa:
2588 1818 2720 1873 quas
2744 1803 3083 1860 conferamus
3110 1805 3291 1861 simul.
3326 1806 3392 1861 Et
3425 1807 3518 1865 ille
3564 1823 3581 1866 :

322 1888 489 1967 childi
513 1909 538 1948 εὶ
584 1912 727 1980 regis
773 1910 1095 1966 connubium
1136 1925 1231 1964 rex
1271 1909 1646 1965 Leuvichildus
1685 1924 1905 1978 accepe-

2013 1893 2123 1949 Non
2152 1888 2261 1960 ibo,
2290 1893 2413 1963 quia
2459 1894 2698 1950 infensus
2728 1911 2787 1950 es
2820 1895 3019 1967 [ϐαεὶη.
3058 1896 3159 1968 est]
3199 1897 3350 1966 mihi,
3380 1913 3481 1968 pro
3521 1914 3587 1955 eo

328 2014 448 2071 rat;
477 2005 571 2061 sed
601 2018 720 2074 quae
749 2002 842 2059 Dei
885 2004 1055 2059 servis
1082 2011 1263 2058 notam
1287 2011 1310 2039 ο
1339 2000 1654 2057 humilitatis
1695 2001 1903 2057 inﬂixe-

320 2108 430 2165 rat,
480 2107 835 2168 prosequente
882 2096 1085 2151 ultione
1129 2095 1349 2159 divina,
1401 2094 1512 2162 ipsa
1564 2108 1773 2163 quoque
1824 2100 1906 2147 est

324 2191 578 2247 omnibus
610 2189 820 2258 populis
853 2189 988 2243 facta
1029 2187 1299 2243 notabilis.
1339 2185 1469 2240 Nam
1498 2199 1661 2239 unum
1690 2184 1902 2239 oculum

320 2281 491 2337 nubes
520 2278 682 2351 248
707 2279 826 2334 alba
869 2287 1186 2344 contegens,
1220 2277 1397 2332 lumen
1426 2274 1567 2345 quod
1603 2287 1755 2329 mens
1796 2288 1904 2328 non

323 2374 573 2439 habebat,
623 2372 823 2442 pepulit
877 2385 906 2425 a
953 2370 1239 2440 palpebris.
1290 2367 1456 2422 Erant
1488 2374 1666 2421 autem
1710 2364 1905 2421 Leuvi-

321 2467 505 2523 childo
529 2468 640 2536 regi
685 2481 751 2521 ex
798 2465 902 2520 alia
949 2478 1114 2519 uxore
1152 2462 1261 2517 duo
1304 2461 1422 2527 filii,
1456 2474 1683 2528 quorum
1724 2459 1904 2513 senior

322 2561 600 2631 Sigiberti,
630 2559 812 2628 junior
834 2555 1123 2627 Chilperici
1160 2554 1303 2624 regis
1334 2552 1498 2607 ﬁliam
1540 2552 1901 2621 desponsave-

323 2659 425 2706 rat.
480 2649 586 2706 Sed
635 2646 890 2717 lngundis
920 2644 1173 2714 Sigiberti
1220 2643 1360 2713 regis
1390 2641 1498 2695 filia
1543 2655 1662 2696 cum
1714 2655 1903 2710 magno

321 2750 583 2813 apparatu
628 2741 681 2795 in
731 2737 1016 2808 Hispanias
1045 2736 1270 2801 directa,
1316 2735 1383 2789 ab
1428 2735 1544 2788 avia
1593 2732 1905 2789 Goisvintha

321 2847 445 2888 cum
480 2832 671 2902 gaudio
706 2843 898 2899 magno
941 2828 1259 2897 suscipiturj;
1292 2840 1450 2896 quam
1494 2839 1593 2881 nec
1635 2839 1790 2894 passa
1821 2832 1905 2880 est

320 2923 378 2981 in
422 2924 682 2995 religione
720 2922 978 2977 catholica
1005 2921 1098 2976 diu
1143 2919 1488 2988 commorari,
1531 2918 1626 2974 sed
1651 2926 1708 2972 ut
1745 2918 1903 2974 reba-

322 3016 625 3087 ptizaretur,
656 3014 714 3069 in
753 3012 950 3069 Ariana
1001 3012 1197 3068 haeresi
1236 3012 1450 3067 blandis
1490 3012 1654 3081 coepit
1695 3025 1905 3065 sermo-

324 3110 481 3165 nibus
508 3108 736 3164 illicere.
764 3106 871 3163 Sed
900 3106 991 3161 illa
1024 3105 1252 3161 viriliter
1299 3104 1591 3167 reluctans,
1634 3105 1798 3171 coepit
1824 3101 1906 3157 di-

325 3182 447 3259 cere
473 3220 485 3255 :
516 3200 727 3258 Sufficit
756 3199 887 3255 satis
908 3212 994 3253 me
1023 3197 1090 3252 ab
1111 3197 1359 3267 originali
1392 3202 1613 3263 peccato
1639 3194 1905 3263 baptismo

2011 1988 2153 2056 quod
2181 1988 2284 2043 sim
2314 1986 2627 2042 catholicus.
2658 1989 2727 2043 At
2748 1988 2839 2044 ille
2861 1989 2997 2043 datis
3026 1992 3277 2059 praefecto
3299 1993 3589 2062 imperato-

2011 2082 2087 2135 ris
2120 2080 2336 2150 triginta
2368 2079 2609 2135 millibus
2638 2081 2954 2149 solidorum,
2980 2090 3039 2135 ut
3076 2096 3135 2137 se
3158 2084 3225 2138 ab
3252 2085 3368 2153 ejus
3398 2083 3589 2139 solatio

2014 2171 2113 2243 Ut.
2138 2171 2358 2243 auxilio]
2385 2182 2665 2227 revocaret
2688 2181 2956 2229 commoto
2970 2175 3227 2243 exercitu,
3254 2185 3438 2230 contra
3458 2191 3587 2233 eum

2008 2264 2178 2320 venit.
2205 2264 2646 2333 Hermenegildus
2671 2262 2700 2301 ¹ι
2746 2280 2873 2320 vero
2899 2268 3099 2320 vocatis
3128 2266 3352 2334 Graecis,
3393 2279 3581 2323 contra

2004 2367 2209 2429 patrem
2241 2358 2541 2429 egreditur,
2577 2359 2762 2415 relicta
2787 2359 2840 2414 in
2870 2360 3004 2415 urbe
3031 2361 3255 2431 conjuge
3276 2376 3390 2417 sua.
3423 2363 3589 2419 Cum-

2006 2464 2110 2520 que
2139 2450 2515 2505 Leuviehildus
2543 2465 2611 2506 ex
2642 2451 2867 2506 adverso
2892 2452 3139 2519 veniret,
3184 2454 3404 2510 relictus
3432 2470 3463 2509 a
3499 2470 3590 2510 so-

2006 2542 2155 2610 latio,
2188 2557 2308 2597 cum
2333 2544 2533 2598 videret
2558 2543 2687 2598 nihil
2705 2559 2762 2599 se
2789 2544 3078 2614 praevalere
3104 2558 3281 2615 posse,
3304 2547 3587 2604 ecclesiam

2006 2650 2123 2704 quae
2149 2644 2263 2690 erat
2308 2636 2625 2706 propinqua,
2674 2636 2932 2705 expetiit,
2976 2636 3159 2692 dicens
3200 2655 3215 2692 :
3256 2638 3375 2695 Non
3413 2640 3589 2696 veniat

2005 2742 2276 2796 superine
2305 2737 2452 2795 pater
2492 2742 2682 2794 meus;
2713 2728 2863 2783 nefas
2889 2738 2971 2783 est
3006 2729 3148 2784 enim
3189 2738 3280 2783 aut
3315 2738 3519 2800 patrem
3558 2745 3590 2786 a

2006 2822 2135 2888 filio,
2170 2830 2262 2875 aut
2289 2820 2454 2874 filium
2485 2835 2513 2873 a
2543 2829 2694 2889 patre
2720 2820 2969 2875 interfici.
3000 2821 3127 2875 Haec
3149 2822 3370 2877 audiens
3398 2822 3591 2877 Leuvi-

2006 2911 2235 2978 childus,
2264 2912 2407 2965 misit
2429 2911 2495 2963 ad
2522 2924 2644 2964 eum
2672 2912 2887 2964 fratrem
2918 2910 2933 2946 ί
2965 2910 3104 2980 ejus,
3134 2912 3223 2979 qui
3258 2912 3383 2965 dato
3403 2927 3590 2969 sacra-

2006 3014 2190 3059 mento
2221 3017 2290 3059 ne
2321 3003 2713 3067 humiliaretur,
2742 3004 2819 3057 ait
2850 3020 2862 3055 :
2888 3003 2967 3058 Tu
3000 3004 3112 3073 ipse
3140 3005 3355 3069 accede,
3391 3015 3444 3059 et
3467 3021 3590 3074 pro-

2008 3106 2252 3150 sternere
2271 3094 2499 3165 pedibus
2529 3096 2693 3164 patris
2716 3097 2904 3161 nostri,
2932 3105 2985 3150 et
3007 3096 3183 3150 omnia
3213 3096 3447 3166 indulget
3470 3098 3588 3154 tibi.

2012 3190 2081 3244 At
2097 3188 2187 3243 ille
2208 3188 2456 3256 poposcit
2477 3186 2659 3241 vocari
2683 3196 2885 3255 patrem
2905 3200 3090 3251 suum;
3115 3201 3218 3254 quo
3237 3187 3587 3257 ingrediente,

325 3295 544 3350 salutari
572 3292 740 3349 semel
765 3291 1002 3346 ablutam
1030 3289 1217 3356 fuisse,
1241 3295 1296 3343 et
1322 3294 1562 3342 sanctam
1589 3286 1909 3342 Trinitatem
1938 3273 1986 3338 C
2017 3279 2303 3348 prostravit
2330 3292 2389 3332 se
2418 3277 2484 3331 ad
2524 3276 2689 3347 pedes
2718 3276 2880 3331 illius.
2912 3275 3007 3332 llle
3042 3291 3169 3331 vero
3198 3278 3591 3347 apprehensum

325 3388 380 3442 in
411 3400 515 3442 una
545 3384 851 3455 aequalitate
879 3396 1004 3439 esse
1032 3380 1359 3437 confessam.
1393 3378 1520 3435 llam
1558 3393 1645 3434 me
1688 3377 1909 3434 credere

326 3496 392 3538 ex
423 3489 535 3536 toto
564 3479 729 3535 corde
757 3477 1040 3542 confiteor,
1072 3489 1174 3532 nec
1213 3486 1445 3543 unquam
1475 3471 1545 3527 ab
1567 3472 1666 3526 hac
1688 3471 1795 3527 fide
1820 3471 1910 3527 ibo

327 3582 640 3631 retrorsum.
673 3570 801 3626 Haec
828 3570 919 3625 illa
950 3566 1193 3632 audiens,
1225 3562 1517 3620 iracundize
1568 3562 1748 3617 furore
1787 3574 1910 3617 suc-

327 3680 487 3723 censa
532 3662 924 3735 apprehensam
953 3673 1054 3730 per
1100 3671 1308 3713 comam
1349 3654 1537 3721 capitis
1580 3652 1807 3723 puellam
1855 3651 1909 3706 in

332 3768 530 3815 terram
556 3756 782 3823 collidit,
826 3764 880 3811 et
906 3754 996 3810 diu
1038 3751 1274 3808 calcibus
1302 3749 1639 3807 verberatam
1684 3762 1747 3801 ac
1790 3759 1913 3799 san-

327 3852 489 3923 guine
519 3857 877 3915 cruentatam,
919 3847 1082 3918 jussit
1126 3844 1418 3915 exspoliari
1455 3851 1509 3899 et
1551 3840 1772 3912 piscinae
1811 3841 1912 3896 im-

403 4018 429 4047 α
452 4006 663 4079 Regm.,
694 4018 937 4076 magnum
977 4000 1110 4072 plebi
1147 4015 1253 4054 sua:
1272 3998 1564 4069 relinquens
1593 3995 1659 4050 de
1687 4011 1738 4050 se
1762 3996 1912 4066 plan-

326 4088 487 4135 ctum.
1810 4114 1813 4117 .

400 4149 428 4190 ιι
458 4150 579 4205 Fuit
606 4148 889 4217 episcopus
911 4144 1083 4217 primo
1112 4140 1412 4217 Dumiensis
1436 4138 1768 4217 monasterii,
1802 4145 1912 4217 tum

327 4206 708 4287 Bracarensi's;
740 4206 842 4287 qua
885 4206 1141 4287 dignitate
1181 4227 1291 4287 non
1316 4210 1406 4277 50,
1452 4207 1655 4287 sed_20
1700 4206 1916 4287 circiter

328 4276 485 4348 annis
530 4276 731 4362 potitus
756 4276 1199 4362 est.__FVcs_tivitas
1233 4280 1364 4362 ejus
1394 4276 1663 4362 recol‘iutr
1692 4277 1802 4362 “die
1847 4276 1915 4362 g0

328 4347 691 4420 usuum.
719 4360 835 4429 ejus
865 4357 1117 4431 Elogium
1134 4352 1188 4407 in
1217 4347 1373 4431 Actis
1396 4349 1493 4407 ss.
1527 4350 1676 4431 ora;
1691 4347 1916 4431 Benedi:

330 4419 460 4491 ctini
493 4444 637 4487 tomo
665 4449 706 4497 ι,
737 4419 857 4500 pag.
886 4419 1013 4500 257.
1033 4425 1121 4500 Ad
1141 4424 1396 4500 eumdem
1425 4428 1596 4500 exstat
1635 4419 1916 4500 Fortunati

330 4490 557 4573 epistola
589 4490 708 4556 cum
737 4490 1154 4574 carmine__tlibri
1178 4510 1229 4549 v.
1259 4491 1567 4574 Conferlib.
1602 4490 1715 4574 1_dc
1729 4490 1911 4574 Mirac.

305 4560 392 4631 σε’.
424 4573 657 4637 Martini,
689 4586 809 4640 cap.
844 4571 930 4624 Η.
969 4567 1168 4640 versus
1201 4572 1379 4640 autem
1410 4562 1497 4640 hic
1524 4560 1768 4616 laudatos
1797 4561 1914 4640 edi-

2014 3371 2286 3427 osculatus
2319 3380 2400 3427 est
2430 3385 2574 3436 eum,
2620 3380 2673 3425 et
2699 3370 2910 3424 blandis
2952 3370 3288 3425 sermonibus
3314 3371 3591 3431 delinitum

2013 3466 2169 3520 duxit
2192 3466 2257 3520 ad
2280 3475 2451 3520 castra
2477 3483 2489 3530 ;
2517 3464 2818 3531 oblitusque
2840 3466 3161 3519 sacramenti
3183 3464 3355 3521 innuit
3381 3467 3513 3535 suis,
3538 3474 3593 3525 et

2013 3556 2405 3625 apprehensum
2439 3556 2689 3625 spoliavit
2716 3570 2837 3609 eum
2864 3555 3193 3611 indumentis
3216 3558 3348 3621 suis,
3392 3558 3591 3614 induit-

2015 3664 2118 3717 que
2135 3649 2281 3702 illum
2308 3657 2453 3704 veste
2476 3650 2585 3715 vili,
2613 3663 2996 3719 regressusque
3018 3649 3085 3702 ad
3109 3649 3293 3706 urbem
3316 3649 3586 3721 Toletum,

2013 3742 2204 3796 ablatis
2237 3743 2412 3811 pueris
2438 3742 2575 3813 ejus,
2602 3741 2749 3798 misit
2769 3755 2890 3796 eum
2917 3742 2968 3796 in
2992 3743 3278 3798 exsilium:
3314 3757 3437 3818 cum
3477 3757 3584 3799 uno

2015 3842 2219 3888 tantum
2246 3835 2491 3903 puerulo.

2014 3989 2225 4043 viheldis
2249 4004 2267 4040 :
2298 4002 2416 4056 qua:
2445 3986 2701 4041 lectiones
2731 3985 2889 4039 variae
2936 3984 2990 4038 in
3021 3986 3181 4039 variis
3208 3985 3368 4041 codd.
3408 3999 3592 4043 occur-

2013 4066 2162 4120 runt,
2195 4059 2401 4125 quoties
2433 4058 2541 4110 fere
2572 4058 2686 4109 haec
2712 4068 2923 4108 nonuna
2954 4062 3284 4123 repetuntur.

2089 4140 2111 4166 υ
2135 4127 2339 4193 Casiu.,
2371 4127 2458 4179 sed
2488 4142 2599 4194 qua:
2626 4126 2833 4178 diversis
2863 4134 3052 4178 notam.

2094 4198 2111 4237 τ
2139 4197 2266 4261 llac,
2295 4199 2369 4249 uti
2395 4197 2621 4260 videtur,
2653 4195 2935 4268 occasione
2965 4195 3302 4268 Leuvigildus
3325 4196 3591 4268 synodum

2015 4270 2387 4338 episc0pornm
2440 4268 2755 4338 Arianorum
2786 4266 2956 4338 Tolcti
2987 4266 3177 4338 coegit,
3210 4266 3299 4320 ubi
3332 4266 3589 4325 statutum

2016 4351 2121 4407 est,
2156 4352 2213 4393 ut
2240 4338 2326 4409 qui
2358 4338 2423 4392 de
2453 4337 2691 4391 Romana
2717 4337 2974 4409 religione
3001 4337 3066 4389 ad
3098 4352 3283 4409 eorum
3309 4349 3483 4407 partes
3505 4355 3592 4396 ac-

2017 4407 2381 4478 cederet,'non
2408 4408 2627 4464 deberet
2654 4407 2991 4475 rcbaptizari,
3025 4407 3119 4461 sed
3160 4411 3331 4463 solum
3370 4410 3588 4478 imposi-

2018 4483 2162 4537 tioue
2210 4495 2418 4545 manus,
2449 4480 2842 4549 communionis
2873 4478 3232 4548 perceptione,
3265 4487 3320 4534 et
3363 4480 3589 4549 gloriam

2016 4552 2165 4607 Patri
2195 4566 2288 4619 per
2317 4551 2508 4605 Filium
2531 4552 2583 4603 in
2607 4548 2805 4618 Spiritu
2836 4559 3034 4621 sancto
3051 4548 3248 4621 dando,
3278 4548 3595 4621 aggregare-

330 4618 929 4713 d'i'tgirimon'duqu-u-i
960 4618 1225 4713 habentur
1246 4618 1415 4690 etiam
1458 4633 1515 4687 in
1544 4640 1690 4687 tomo
1721 4646 1792 4686 xv
1822 4632 1911 4686 Bi-
1938 4649 1994 4713 D
2018 4630 2121 4713 tur".
2144 4618 2397 4713 Haece:
2396 4620 2800 4713 Joanztliiclazl
2807 4620 2875 4713 ad
2883 4618 3141 4713 311:3{8-1.

329 4716 522 4775 blioth.
556 4715 793 4780 Patrum,
826 4708 956 4765 edit.
986 4708 1342 4780 Colon.,et_c.

404 4799 427 4826 ε
455 4773 922 4847 Goisvintlia'erat
951 4773 1320 4834 Brunechildis
1359 4775 1576 4847 reginae,
1617 4774 1798 4847 uxoris
1826 4773 1911 4830 Sis

331 4859 542 4931 gibcrti,
595 4864 789 4921 mater,
814 4845 993 4931 quam
1020 4861 1233 4931 _ncmpe
1279 4862 1345 4902 ex
1385 4845 1747 4931 _At.hanagildo
1782 4860 1911 4931 rege

334 4915 659 5000 priorelsuo
710 4915 930 5000 marito_
950 4915 1229 5000 habuerat,
1284 4915 1614 5000 proindeque
1652 4915 1910 5000 iuglandis

333 4986 473 5057 avia.
524 4999 673 5053 Hanc
721 5009 880 5066 porro
908 4988 1254 5066 Leuvigildus
1292 4986 1524 5066 duxerat
1549 4996 1669 5066 post
1708 4986 1911 5066 obitum

335 5070 529 5141 prioris
553 5084 663 5141 sure
690 5057 951 5141 conjugis,
981 5057 1305 5141 Theodosia:
1336 5058 1544 5141 scilicet
1572 5057 1710 5141 "lilia:
1747 5057 1913 5111 Seve-

333 5127 473 5197 riaui
503 5140 652 5195 ducis
678 5127 1131 5205 Cartliaginensis,
1163 5144 1364 5205 ex__qua
1393 5131 1528 5205 duos
1568 5127 1913 5205 ﬁlios§usec-

334 5196 508 5283 perat,
542 5196 1004 5283 llermenegildum
1036 5196 1291 5283 iugandis
1320 5199 1613 5283 mat-illum,
1638 5196 1915 5283 citlielc'ca-

334 5266 546 5349 irinum,
579 5282 665 5337 cui
695 5266 1143 5349 desponsatam?
1168 5270 1450 5349 Riguuthis
1471 5266 1752 5349 Chilperici
1785 5266 1912 5349 ﬁlia.

335 5337 676 5410 Reccaredus
702 5337 931 5418 denique
955 5337 1278 5418 postfratri—s
1304 5353 1492 5418 necem
1523 5346 1577 5392 et
1600 5337 1766 5418 patris
1796 5337 1915 5391 obi-

337 5407 473 5491 tum,
501 5407 695 5494 adepto
720 5407 905 5491 regn'o,
949 5407 1015 5472 ex
1064 5413 1262 5467 Ariano
1289 5408 1580 5494 catholicus
1633 5407 1801 5494 factus
1830 5417 1912 5494 tq-

341 5478 469 5551 iniii'
505 5478 956 5564 Wisigotthcrum_
990 5494 1203 5557 gentem
1247 5481 1314 5563 ad
1361 5480 1519 5564 fidem
1572 5488 1766 5564 rectam
1822 5478 1917 5564 ad-

339 5549 679 5634 dumut),qu
708 5562 887 5620 omnia
908 5549 1395 5634 observat-evisum
1427 5560 1507 5634 est
1538 5550 1603 5604 ad
1637 5550 1799 5634 totius
1818 5549 1922 5634 liu-

337 5619 729 5709 juﬁsicapi‘tiset
750 5648 958 5697 eorum,
989 5643 1107 5709 quae
1134 5627 1443 5709 inferius'ea
1464 5621 1530 5677 de
1552 5619 1921 5709 regina-bentur,

340 5695 637 5764 notionem.
671 5706 747 5760 De
795 5695 1451 5772 persecutione‘vcrohic
1492 5695 1925 5772 mentorata,_nvi-

342 5760 553 5849 derides
564 5760 1049 5849 quoquc-ismarus
1075 5770 1134 5849 in.
1156 5766 1424 5849 Qhronico
1454 5764 1524 5849 ad
1547 5776 1716 5849 geram
1731 5760 1870 5849 “QQG.

413 5832 444 5888 ἕ
458 5832 570 5906 Salii
596 5832 805 5913 'codu.,
860 5839 1273 5913 Αιιιαηαρξιμιιε,
1308 5834 1677 5913 {ateriae/rimis:
1698 5902 1708 5913 ι
1731 5832 1850 5913 Sic_
1872 5840 1925 5887 et

348 5901 704 5993 Leuciqildtts,
731 5901 1088 5981 Léuvihildus:
1117 5901 1477 5977 Leuuichildis,
1506 5902 1791 5973 Levieldus,
1823 5901 1922 5964 Le,-

2091 4704 2116 4741 ε
2144 4693 2402 4763 llispalim
2457 4693 2684 4756 scilicet,
2702 4691 2925 4763 _B:eticte
2966 4698 3145 4763 caput,
3173 4688 3247 4763 in
3289 4704 3391 4763 qua
3414 4697 3596 4763 postea

2017 4780 2049 4819 a
2079 4773 2227 4834 patre
2242 4758 2504 4818 'ohsessus
2534 4770 2638 4834 est.
2687 4760 2881 4831 Captus
2920 4769 3001 4815 est
3045 4759 3338 4834 portlubai,
3370 4758 3596 4828 indeque

2020 4829 2317 4891 leentiam
2348 4834 2401 4887 in
2431 4833 2676 4887 exsilium
2709 4829 2921 4895 missus,
2947 4838 2998 4885 et
3028 4829 3259 4899 denique
3286 4830 3593 4883 Tarracone

2017 4907 2247 4970 occisus,
2281 4914 2336 4959 ut
2361 4904 2528 4959 refert
2562 4902 2715 4958 Joan.
2743 4902 2933 4957 Biclar.
2967 4908 3057 4955 aut
3100 4909 3246 4955 certe
3283 4899 3597 4970 Hjspali,ut

2014 4968 2287 5046 plerisque
2334 4976 2643 5030 auctoribus
2693 4974 2884 5043 placet.
2919 4972 2995 5028 De
3036 4970 3120 5025 his
3143 4970 3277 5024 infra
3307 4968 3595 5038 Gregorius

2016 5046 2504 5119 passimlequiwr-
2555 5113 2573 5119 -
3372 5107 3548 5119 ..

2089 5117 2117 5152 ιι
2144 5117 2231 5171 Sic
2261 5107 2418 5171 εὸτι).
2452 5124 2504 5171 et
2545 5113 2700 5168 Joan.
2730 5113 2922 5167 Biclar.
2972 5110 3100 5178 Alii,
3124 5107 3598 5176 ’Hermenichildis,

2023 5185 2459 5258 Hermenchildjs,
2510 5183 2873 5258 Erntengt'ldus
2898 5224 2914 5249 ,
2950 5192 3068 5258 etc._
3109 5180 3169 5235 S.
3194 5178 3495 5258 Leandrum
3535 5193 3600 5258 ea

2024 5259 2303 5312 occasione
2364 5251 2885 5325 Constantinopolim
2916 5251 3492 5325 “profectumnruisse,
3544 5255 3602 5304 ut

2024 5327 2285 5407 auxilium
2326 5344 2361 5407 ἐξ
2410 5327 2624 5382 Tiberio
2676 5318 3199 5407 i_mp.‘.s.ollicita'ret,
3228 5318 3485 5407 discjmus
3536 5333 3602 5376 cx

2026 5397 2085 5454 S.
2109 5397 2360 5473 Gregorii
2391 5412 2541 5473 papae
2567 5396 2717 5466 praef.
2746 5389 2801 5448 in
2826 5394 3009 5473 libros.
3038 5390 3223 5447 Morel.
3250 5392 3304 5446 in
3334 5389 3454 5446 Joh.

2104 5469 2119 5508 ί
2158 5468 2539 5532 lieccaredum,
2569 5476 2627 5521 ut
2650 5479 2806 5534 supra
2835 5468 3158 5534 notavimus.

2102 5543 2115 5592 Ι
2154 5543 2199 5596 Λ
2229 5551 2379 5610 patre
2405 5531 2582 5608 jusSUS
2610 5545 2689 5610 est
2713 5531 2958 5610 interfici,
2985 5533 3125 5610 quod
3151 5532 3244 5610 die
3265 5540 3452 5610 sancto
3478 5531 3602 5586 Pas-

2025 5611 2143 5666 chae
2160 5604 2590 5666 communionem
2612 5609 2678 5662 ab
2697 5606 2949 5675 episcopo
2965 5606 3162 5660 Ariano
3184 5604 3281 5675 sibi
3307 5611 3604 5675 porrectam

2029 5698 2245 5737 sumere
2278 5686 2601 5743 recusasset,
2628 5671 2899 5753 utgfusius'
2924 5685 3111 5753 narrat
3122 5676 3187 5753 _S.
3222 5671 3604 5753 Gregoriusi‘l.

2027 5756 2119 5810 lib.
2153 5769 2207 5806 ιιι
2241 5753 2469 5820 Dialog.,
2502 5742 2619 5817 cap.
2655 5748 2743 5815 51,
2777 5760 2829 5803 et
2859 5745 3219 5820 Paulusdiac.
3255 5742 3347 5799 lib.
3377 5758 3437 5797 ιιι
3464 5742 3604 5820 illst.

2030 5824 2290 5906 Langob”
2313 5812 2584 5906 reapfﬂlj
2615 5812 2755 5906 quod
2784 5812 3601 5906 contigit,'farraconﬁ-a‘mﬁd‘ti,

2030 5914 2095 5957 cx
2126 5884 2285 5956 Joan.
2312 5884 2507 5951 Biclar.
2535 5884 2589 5948 in
2614 5884 2904 5962 Chronico,
2929 5884 3019 5947 ubi
3046 5888 3159 5963 ejus
3178 5884 3603 5971 interfectorem,
