4028 6342
304 380 409 441 557

1234 374 1559 439 HISTORIA
1597 368 2043 434 FRANCORUM.
2089 368 2291 429 LIBER
2328 372 2653 441 QUINTUS.

3464 378 3570 444 3-58

306 495 426 551 nias
452 497 502 549 in
533 486 852 565 legationem
881 488 1141 557 directus,
1166 502 1447 562 correptus
1469 506 1497 546 a
1521 490 1674 548 febre
1703 491 1889 559 nimia,
1921 494 1972 555 Α
1999 483 2135 537 turis
2175 484 2560 540 ecclesiasticis
2602 485 2756 542 valde
2792 484 3119 559 instructus,
3160 488 3234 547 ita
3278 500 3337 548 ut
3375 496 3571 553 seriem

305 588 560 658 spiritum
606 587 896 657 exhalavit,
926 596 981 642 et
1027 585 1222 641 exinde
1268 585 1476 640 delatus
1506 593 1750 639 mortuus
1776 625 1793 650 ,
1824 584 1891 640 ad

307 680 582 737 civitatem
609 695 760 735 suam
792 680 1034 749 sepultus
1070 688 1174 734 est.
1221 678 1421 733 Eonius
1448 693 1656 748 quoque
1682 677 1890 748 episco-

307 790 432 846 pus,
450 790 608 845 quem
633 768 865 846 legatum
898 775 1269 829 Britannorum
1293 788 1452 842 supra
1478 774 1818 829 meminimus
1841 782 1887 841 ι,

306 866 374 918 ad
407 866 676 920 civitatem
707 880 856 920 suam
898 864 1113 937 regredi
1145 881 1248 920 non
1277 864 1595 935 permissus,
1628 874 1688 920 ut
1715 866 1894 921 Ande-

308 959 461 1028 gavis
507 967 818 1028 pasceretur
862 958 930 1015 de
978 958 1188 1027 publico
1215 971 1243 1011 a
1278 972 1401 1027 rege
1434 966 1757 1027 praeceptum
1789 966 1889 1013 est.

306 1051 412 1118 Qui
456 1051 690 1107 Parisios
738 1052 1050 1120 adveniens,
1096 1052 1222 1107 dum
1269 1050 1356 1105 die
1396 1050 1668 1105 Dominica
1716 1065 1895 1105 sacro-

308 1153 494 1199 sancta
525 1144 784 1200 solemnia
813 1145 1129 1210 celebraret,
1154 1143 1346 1199 emissa
1374 1158 1495 1199 cum
1521 1143 1729 1198 hinnitu
1760 1157 1895 1200 voce

307 1241 469 1290 teme
497 1237 719 1291 corruit.
752 1236 1077 1305 Erumpeute
1100 1248 1228 1289 vero
1256 1233 1325 1287 ab
1347 1248 1440 1289 ore
1466 1234 1582 1303 ejus
1604 1244 1658 1289 et
1678 1234 1894 1289 naribus

307 1328 591 1396 sanguine,
618 1327 760 1383 inter
790 1342 977 1383 manus
1008 1328 1322 1396 deportatus
1344 1334 1445 1395 est,
1476 1326 1572 1382 sed
1601 1326 1890 1382 convaluit.

308 1416 543 1472 Nimium
591 1418 734 1473 enim
783 1419 907 1473 vino
955 1417 1166 1474 deditus
1215 1427 1354 1482 erat,
1398 1426 1453 1473 et
1483 1418 1794 1487 plerumque
1825 1418 1894 1472 ita

310 1509 627 1568 deformiter
674 1512 1068 1580 inebriabatur,
1101 1520 1161 1567 ut
1185 1525 1428 1582 gressum
1459 1510 1636 1567 facere
1661 1523 1769 1565 non
1796 1524 1892 1565 va-

310 1599 466 1656 leret.

386 1692 543 1747 XLII.
577 1684 742 1748 Mirus
763 1708 859 1749 rex
878 1693 1213 1750 Galliciensis
1236 1694 1440 1765 legatos
1456 1695 1522 1749 ad
1548 1693 1895 1751 Guntchram.

307 1800 440 1840 num
470 1801 648 1856 regem
676 1786 890 1843 direxit.
913 1785 1155 1858 Cumque
1184 1803 1278 1858 per
1308 1787 1582 1844 Pictavum
1607 1787 1892 1845 terminum

1995 576 2330 632 diversarum
2359 580 2761 650 generationum
2782 626 2797 651 ,
2826 599 2945 654 qua:
2976 587 3026 640 in
3054 586 3201 643 libris
3223 590 3420 646 veteris
3440 591 3572 650 Tes-

1997 674 2216 728 tamenti
2245 673 2586 742 describitur,
2614 676 2754 745 quod
2785 692 2814 732 a
2845 679 3024 735 multis
3049 680 3265 739 difﬁcile
3287 685 3571 761 retinetur,

1995 763 2082 820 hic
2107 766 2422 836 plerumque
2451 770 2707 823 memoria
2734 781 3059 829 recenseret.
3095 776 3215 832 Fuit
3243 778 3403 834 etiam
3432 789 3486 835 et
3516 781 3571 838 in

1992 857 2213 930 judiciis
2238 858 2413 928 justus
2433 901 2448 928 ,
2482 875 2544 914 ac
2571 860 2868 918 defendens
2897 880 3158 936 pauperes
3187 870 3432 926 ecclesia:
3461 890 3573 930 suae

1996 950 2066 1007 de
2097 966 2255 1005 manu
2298 952 2557 1007 malorum
2597 952 2834 1023 judicum
2858 997 2871 1020 ,
2912 958 3063 1027 juxta
3103 960 3232 1016 illud
3262 963 3403 1019 Job:
3439 963 3573 1021 Con-

1996 1045 2188 1097 servavi
2225 1059 2438 1114 egenum
2475 1044 2535 1097 de
2574 1062 2729 1099 manu
2768 1050 2981 1117 potentis
3004 1067 3021 1115 ;
3062 1060 3108 1104 et
3154 1053 3295 1124 inapi
3339 1055 3421 1109 cui
3469 1073 3571 1110 non

1996 1143 2108 1188 erat
2138 1136 2369 1206 adjutor,
2402 1135 2693 1190 auxiliatus
2720 1153 2854 1193 sum.
2890 1138 2959 1193 0s
2988 1142 3156 1196 vidua:
3182 1145 3433 1203 benedixit
3462 1165 3572 1218 me,

1997 1239 2113 1278 cum
2152 1240 2311 1279 essem
2355 1226 2531 1280 oculus
2562 1242 2844 1296 cwcorum,
2878 1245 2965 1298 pes
2993 1231 3330 1305 claudorum,
3359 1246 3406 1293 et
3430 1240 3573 1296 inva-

1998 1316 2220 1372 lidorum
2242 1326 2385 1388 pater
2413 1315 2568 1389 (Job.
2593 1334 2717 1373 xm
2740 1364 2752 1387 ,
2785 1319 2947 1376 12-16
2964 1323 3007 1392 ).

2072 1411 2252 1467 XLIV.
2298 1412 2675 1469 Leuvichildus
2717 1428 2843 1469 vero
2884 1430 2979 1471 rex
3020 1419 3301 1487 Agilonem
3340 1422 3573 1496 legatum

1996 1502 2063 1558 ad
2095 1503 2457 1573 Chilpericum
2481 1506 2675 1571 mittit,
2706 1506 2879 1562 virum
2907 1508 3104 1565 nullius
3133 1511 3327 1583 ingenii
3352 1524 3441 1571 aut
3466 1515 3576 1573 dis-

1998 1596 2281 1665 positionis
2322 1598 2528 1652 ratione
2556 1599 2787 1668 peritum
2810 1641 2824 1667 ,
2859 1602 2951 1657 sed
2985 1612 3187 1660 tantum
3217 1605 3493 1665 voluntate
3521 1610 3577 1668 in

1998 1687 2262 1742 catholica
2304 1689 2419 1758 lege
2459 1704 2777 1760 perversum
2812 1709 2825 1746 :
2865 1708 3023 1763 quem
3062 1710 3185 1752 cum
3225 1701 3310 1753 via
3348 1698 3577 1759 Turonis

1998 1778 2312 1847 detulisset,
2356 1782 2611 1837 lacessire
2650 1798 2747 1839 nos
2776 1784 2842 1841 de
2881 1786 3019 1855 ﬁde,
3047 1797 3101 1844 et
3138 1790 3455 1864 impugnare
3483 1809 3574 1853 ec-

309 1879 688 1948 prazterirent,
743 1894 903 1950 quem
955 1889 1080 1936 tunc
1128 1879 1465 1950 Chilpericus
1508 1899 1603 1938 rex
1654 1885 1889 1955 tenebat,

2000 1873 2303 1930 clesiastica
2332 1874 2580 1945 dogmata
2610 1877 2793 1947 coepit.
2827 1876 3013 1949 Iniqua
3045 1882 3221 1952 enim,
3250 1883 3444 1955 inquit,
3477 1886 3577 1944 fuit

308 1971 554 2027 nuntiata
595 1981 721 2027 sunt
748 1973 820 2029 ei.
869 1974 938 2029 At
967 1974 1059 2030 ille
1084 1974 1184 2029 sub
1210 1976 1451 2031 custodia
1482 1976 1583 2032 sibi
1618 1994 1710 2035 eos
1738 1980 1896 2037 exhi-

309 2065 426 2122 beri
454 2069 727 2137 praecepit,
754 2078 807 2122 et
828 2067 1057 2124 Parisios
1079 2070 1356 2123 custodiri.
1386 2070 1460 2125 Eo
1484 2081 1725 2142 tempore
1753 2074 1893 2145 apud

309 2160 679 2218 Pictavensem
726 2162 994 2218 civitatem
1044 2162 1200 2233 lupus
1230 2178 1295 2219 ex
1329 2164 1473 2220 silvis
1518 2168 1757 2234 veniens,
1800 2185 1895 2239 per

308 2261 520 2325 portam
570 2256 838 2326 ingressus
866 2264 980 2324 est,
1014 2256 1317 2327 clausisque
1344 2260 1513 2329 portis
1542 2260 1679 2316 infra
1711 2278 1893 2319 muros

306 2347 479 2417 ipsius
506 2348 653 2403 urbis
679 2364 986 2419 oppressus,
1015 2351 1224 2405 occisus
1263 2360 1365 2408 est.
1398 2354 1724 2409 Asserebant
1749 2356 1891 2411 enim

307 2441 529 2511 quidam
574 2450 629 2497 et
680 2443 873 2499 coelum
922 2443 1119 2499 ardens
1147 2459 1207 2499 se
1238 2444 1461 2500 vidisse.
1513 2444 1672 2516 Liger
1701 2447 1893 2504 ﬂuvius

305 2535 484 2605 major
524 2535 592 2591 ab
639 2550 781 2591 anno
826 2536 1105 2606 superiore
1151 2535 1271 2605 fuit,
1322 2547 1599 2607 postquam
1648 2541 1697 2595 ei
1741 2540 1894 2598 Caris

304 2625 337 2668 δ
374 2637 586 2686 torrens
609 2646 667 2687 se
692 2630 956 2700 adjunxit.
990 2630 1195 2685 Ventus
1224 2639 1404 2686 auster
1435 2632 1654 2689 nimium
1687 2635 1893 2693 violen-

306 2729 394 2778 ter
421 2724 677 2789 cucurrit,
712 2724 783 2777 ita
826 2731 883 2778 ut
922 2724 1083 2779 silvas
1110 2730 1493 2793 prosterneret,
1523 2724 1710 2783 domos
1737 2744 1891 2785 erue-

303 2824 413 2881 ret,
448 2831 604 2886 sepes
653 2816 896 2883 efferret,
926 2818 1174 2888 ipsosque
1204 2818 1445 2875 homines
1473 2820 1539 2875 ad
1571 2820 1895 2878 internecio-

302 2924 430 2967 nem
484 2925 650 2981 usque
697 2912 975 2967 volutaret.
1024 2912 1153 2967 Erat
1197 2913 1340 2968 enim
1391 2915 1618 2982 spatium
1668 2915 1785 2986 ejus
1838 2916 1893 2971 in

304 3002 641 3060 latitudinem
682 3005 834 3074 quasi
876 3003 1067 3075 jugera
1116 3014 1359 3075 septem;
1390 3007 1665 3077 longitudo
1716 3017 1891 3064 autem

304 3107 414 3149 non
460 3094 631 3162 potuit
678 3095 955 3149 aestimari.
1002 3093 1134 3149 Nam
1166 3104 1219 3149 et
1248 3096 1372 3166 galli
1423 3097 1664 3166 plausdm
1705 3110 1893 3153 cantus

304 3184 362 3242 in
393 3185 545 3240 initio
573 3184 744 3241 noctis
782 3200 927 3255 saepe
954 3185 1234 3241 dederunt.
1288 3186 1431 3241 Luna
1460 3189 1889 3246 conteuebricata

305 3288 413 3347 est,
444 3289 496 3335 et
526 3286 762 3335 cometes
789 3279 947 3351 253
979 3279 1127 3333 stella
1166 3281 1428 3348 apparuit.
1477 3281 1666 3338 Gravis
1713 3291 1891 3340 autem

305 3372 423 3428 Iucs
450 3372 501 3428 in
532 3372 730 3443 populo
777 3372 1061 3428 subsecuta
1093 3383 1193 3428 est.
1229 3372 1410 3444 Legati
1454 3385 1631 3431 autem
1681 3378 1890 3436 Suevo-

305 3478 427 3520 rum
462 3475 483 3504 °
516 3474 635 3536 post
660 3481 854 3520 annum
883 3463 1109 3533 dimissi,
1133 3466 1198 3521 ad
1242 3468 1454 3539 propria
1486 3470 1779 3526 redierunt.

383 3555 556 3613 XLIII.
585 3557 831 3613 Maurilio
857 3554 884 3596 ἀ
912 3556 1263 3615 Cadurcensis
1292 3561 1436 3616 urbis
1461 3564 1745 3634 episcopus
1770 3580 1889 3637 gra-

305 3648 450 3705 viter
470 3651 767 3721 aegrotabat
792 3651 860 3706 ab
888 3649 1114 3707 humore
1143 3651 1449 3723 podagrico,
1481 3654 1573 3709 sed
1601 3672 1762 3727 super
1792 3657 1888 3714 bos

307 3742 563 3811 dolores,
612 3760 747 3814 quos
789 3744 905 3814 ipse
946 3744 1139 3800 humor
1180 3748 1505 3815 commovit,
1542 3765 1759 3821 magnos
1787 3753 1889 3808 sibi

305 3832 579 3889 cruciatus
622 3834 887 3901 addebat;
932 3851 1053 3890 nam
1085 3850 1229 3906 saepe
1255 3839 1488 3895 candens
1516 3836 1715 3896 ferrum
1750 3843 1890 3898 tibiis

305 3938 371 3981 ac
396 3926 620 3996 pedibus
646 3927 909 3998 deﬁgebat
927 3970 942 3996 ,
970 3944 1074 3998 quo
1103 3928 1310 3984 facilius
1335 3932 1625 3988 cruciatum
1654 3935 1753 3988 sibi
1778 3951 1889 3989 am-

306 4017 452 4089 plius
492 4019 730 4075 adderet.
774 4019 880 4075 Sed
917 4035 1036 4075 cum
1079 4020 1441 4092 episcOpatum
1471 4024 1585 4093 ejus
1616 4025 1766 4079 tuulti
1798 4041 1891 4081 ex-

308 4118 582 4179 peterent,
617 4112 714 4181 ipsi
746 4111 1046 4167 Ursicinum
1084 4123 1129 4179 °,
1162 4114 1249 4182 qui
1281 4114 1550 4183 quondam
1583 4114 1891 4172 referenda-

308 4206 421 4259 rius
452 4204 804 4275 Ullrogotthae
838 4205 1033 4273 regium
1077 4204 1287 4271 fuerat,
1332 4206 1509 4277 elegit.
1555 4207 1723 4275 Quem
1764 4210 1887 4265 dum

308 4298 485 4354 adhuc
526 4298 755 4364 viveret,
806 4296 1052 4351 benedici
1082 4298 1378 4365 deprecans
1399 4341 1413 4365 ,
1446 4300 1697 4370 migravit
1727 4317 1753 4355 a
1787 4318 1886 4358 sa:-

308 4390 453 4447 culo.
489 4388 616 4443 Fuit
655 4397 832 4450 autem
882 4388 1038 4444 valde
1084 4390 1577 4462 elecmosyuarius,
1616 4393 1669 4448 in
1714 4395 1888 4466 Scrip-

307 4546 527 4601 Ordiuis
562 4544 617 4600 S.
647 4543 845 4598 Bened.
877 4544 995 4599 sub.
1021 4541 1189 4614 Cong.
1223 4544 1279 4599 S.
1314 4544 1509 4601 Vitoni.
1561 4545 1888 4604 Instrumen-

308 4627 425 4710 I‘l‘“
454 4616 788 4710 9“°.§I“.‘I"ﬁ
814 4615 1883 4710 ’10‘13.‘il‘m.‘.‘i{i‘_?ffl‘i§‘“i.sz$993!“,
1915 4650 1969 4710 D

308 4688 361 4744 id
390 4686 809 4760 estcathedrali,
841 4687 1063 4760 legavit,»
1093 4688 1333 4760 lirmatur
1374 4703 1437 4742 ex
1476 4686 1716 4759 ejusdcui
1743 4686 1882 4760 Vita,

311 4775 432 4824 ηυδε
476 4758 529 4812 in
565 4774 663 4812 ms.
710 4757 971 4811 breviario
1018 4758 1242 4812 abbatiae
1292 4757 1527 4814 omnium
1580 4757 1887 4818 sanctorum

310 4828 610 4891 Catalauni,
644 4828 721 4883 sic
753 4827 911 4883 habet
935 4845 945 4879 :
973 4828 1099 4881 Cum
1128 4828 1299 4891 itaque
1320 4829 1709 4886 Catalaunensis
1732 4836 1888 4893 eccle-

310 4902 393 4957 sia
440 4910 642 4972 pastore
674 4900 859 4972 orbata
900 4903 1069 4972 [oret_,
1104 4899 1390 4972 Sigibertus
1436 4903 1687 4957 Chloturii
1727 4906 1886 4972 filius,

310 4972 487 5041 magni
516 4969 792 5024 Chlodorei
821 4985 993 5038 nepos,
1011 4969 1235 5038 Elaﬁum
1264 4970 1610 5027 Lemovicibus
1632 4969 1889 5032 evocatum

310 5043 369 5096 in
397 5058 508 5095 eam
535 5044 700 5113 sedent
730 5041 1037 5094 cve/tendum
1060 5043 1268 5095 curavit.
1300 5042 1464 5113 Αἴθης
1486 5046 1690 5099 tandem
1720 5063 1890 5102 susce-

311 5122 399 5184 pto
434 5112 706 5184 episcopali
745 5126 971 5184 munere,
1006 5121 1167 5165 totum
1213 5128 1267 5166 se
1303 5117 1540 5169 convertit
1586 5114 1789 5183 Elaﬁus
1821 5120 1889 5171 ad

312 5182 629 5252 Dominum,
681 5182 853 5254 largas
901 5182 1243 5252 elemosynas
1302 5186 1494 5253 faciens
1520 5225 1534 5250 ,
1577 5182 1889 5244 orationibus

311 5256 531 5329 instans,
560 5254 688 5329 nihil
714 5253 1261 5329 prte_terntittsns‘quod
1302 5256 1371 5307 ad
1396 5256 1514 5309 boni
1541 5258 1759 5329 pastoris
1786 5260 1893 5329 oﬁi—
1916 5272 1927 5281 ·

312 5327 447 5396 cium
482 5322 772 5396 pertineret.
802 5322 949 5377 Tanti
973 5324 1149 5396 fratris
1174 5340 1345 5396 amore
1367 5334 1412 5379 et
1436 5322 1687 5382 desiderio
1709 5322 1890 5386 ductas

312 5394 666 5465 Leone-mirus,
697 5396 874 5450 relicta
903 5395 1072 5465 patria
1102 5394 1441 5449 Catalaunum
1478 5400 1720 5467 perrexit.
1753 5399 1891 5455 Mul-

313 5479 422 5523 tum
477 5478 647 5522 autem
702 5482 882 5538 eorum
925 5470 1151 5538 [ratenta
1200 5469 1473 5523 concordia
1529 5467 1893 5528 Catalaunensi

312 5541 539 5594 ecclesia:
567 5539 779 5608 profuit,
802 5536 885 5609 cui
908 5536 1055 5591 etiam
1087 5537 1417 5593 hwreditaria
1439 5540 1636 5609 prwdia
1660 5557 1752 5595 sua
1781 5545 1892 5599 urbi

310 5609 618 5683 Lettioeicw_
638 5610 801 5683 vicina
830 5608 1105 5683 donarunt,
1136 5617 1238 5683 etc.
1289 5608 1363 5683 De
1390 5608 1455 5683 eo
1498 5612 1550 5665 in
1580 5611 1892 5683 Necrologio

310 5696 397 5736 stv
432 5682 554 5735 Kal.
581 5678 727 5745 Sept.
750 5676 1022 5751 Catelauni
1062 5681 1247 5735 natalis
1278 5680 1630 5749 gloriosissimi
1656 5676 1891 5751 prwsulis

311 5751 524 5824 Elaphii
551 5752 727 5824 fratris
748 5747 1145 5824 Leudomiri.
1170 5747 1335 5824 Porro
1358 5753 1551 5808 Beatus
1574 5747 1666 5821 qui
1691 5754 1890 5810 instru-

311 5820 561 5879 mentum
583 5820 823 5894 S.jl§3|alii
847 5822 1185 5894 conscripsit,
1216 5823 1499 5894 episcopus
1532 5820 1635 5878 non
1664 5837 1796 5891 erat,
1836 5837 1892 5882 ut

312 5907 378 5955 ει
408 5895 524 5961 eius
548 5892 726 5951 verbis
753 5900 971 5962 apparet
1001 5909 1011 5945 :
1043 5892 1153 5964 Ego
1177 5892 1417 5964 quamvis
1435 5897 1691 5968 indignus,
1724 5906 1890 5952 tamen

1994 1967 2336 2037 antiquorum
2377 1970 2750 2040 episcoporum
2790 1972 2894 2029 lata
2924 1975 3185 2032 sententia
3208 2018 3222 2045 ,
3254 1993 3371 2049 quae
3401 1994 3579 2052 aequa-

1997 2060 2104 2117 lem
2138 2067 2367 2119 asseruit
2395 2064 2586 2121 Filium
2618 2066 2785 2123 Patri.
2819 2068 2950 2125 Nam
2982 2072 3231 2142 qualiter,
3262 2076 3451 2147 inquit,
3485 2092 3579 2147 po-

1998 2156 2122 2210 terit
2159 2171 2280 2212 esse
2314 2159 2456 2213 Patri
2488 2160 2707 2229 aequalis
2737 2162 2792 2216 in
2822 2172 3087 2233 potestate
3107 2206 3122 2232 ,
3151 2167 3243 2237 qui
3272 2168 3384 2223 ait:
3419 2169 3579 2227 Pater

1996 2251 2168 2318 major
2206 2266 2285 2303 me
2315 2260 2386 2304 est
2422 2251 2612 2323 (Joan.
2649 2269 2761 2320 xiv,
2789 2253 2892 2325 28)
2918 2256 2937 2309 ι
2961 2256 3078 2311 Νοη
3105 2266 3188 2314 est
3216 2274 3341 2329 ergo
3368 2276 3578 2333 aequum

2000 2350 2061 2396 ut
2100 2343 2151 2397 ei
2190 2344 2377 2398 similis
2417 2345 2715 2401 aestimetur
2751 2362 2858 2418 quo
2895 2363 2954 2405 se
2987 2351 3249 2409 minorem
3294 2354 3463 2425 dicit,
3491 2358 3577 2414 cui

2002 2431 2273 2487 tristitiam
2302 2434 2489 2490 mortis
2514 2437 2763 2508 ingemit,
2790 2439 2874 2494 cui
2907 2449 3176 2510 postremo
3203 2445 3439 2504 moriens
3468 2449 3578 2519 spi—

1996 2525 2159 2581 ritum
2182 2565 2197 2594 ,
2231 2530 2383 2598 quasi
2427 2530 2569 2584 nulla
2602 2532 2859 2602 praeditus
2891 2545 3186 2607 potestate,
3216 2542 3578 2603 commendat.

1996 2618 2151 2677 Unde
2178 2632 2323 2692 patet
2352 2638 2475 2680 eum
2500 2634 2554 2682 et
2583 2636 2739 2685 :etate
2766 2637 2820 2685 et
2847 2638 3115 2701 potestate
3150 2646 3373 2706 paterna
3403 2638 3577 2695 mino-

1992 2730 2132 2771 rem.
2159 2716 2241 2773 Ad
2265 2718 2378 2777 haec
2404 2735 2503 2792 ego
2529 2721 2820 2795 interrogo,
2848 2727 2891 2780 si
2932 2727 3177 2784 crederet
3216 2730 3397 2787 Jesum
3422 2732 3577 2789 Chri-

1996 2817 2139 2864 stum
2163 2808 2357 2866 Filium
2384 2812 2476 2868 Dei
2490 2828 2628 2879 esse,
2646 2813 2691 2869 si
2718 2816 3072 2890 eamdemque
3096 2833 3217 2876 esse
3242 2820 3339 2876 Dei
3365 2822 3576 2892 sapien-

1996 2898 2157 2964 tiam,
2199 2900 2246 2954 si
2288 2900 2497 2968 lumen,
2540 2903 2702 2975 254
2740 2906 2785 2959 si
2826 2908 3104 2963 veritatem
3134 2951 3151 2979 ,
3193 2910 3240 2964 si
3282 2911 3483 2979 vitam,
3525 2912 3572 2969 si

1992 2991 2257 3060 justitiam
2302 2995 2582 3050 fateretur.
2624 2996 2725 3065 Qui
2764 3000 2875 3053 ait:
2907 2998 3080 3056 Credo
3110 3002 3225 3058 hzec
3251 3004 3430 3060 omnia
3461 3020 3581 3064 esse

1997 3081 2191 3136 Filium
2235 3083 2351 3138 Dei.
2394 3086 2460 3141 Et
2487 3102 2627 3158 ego:
2672 3087 2768 3142 Dic
2807 3105 2935 3160 ergo
2975 3092 3137 3163 mihi,
3179 3095 3395 3165 quando
3422 3096 3582 3153 Pater

1999 3175 2117 3230 sine
2157 3177 2470 3245 sapientia?
2509 3179 2722 3248 quando
2760 3181 2878 3237 sine
2917 3183 3175 3241 lumine?
3211 3187 3426 3257 quando
3462 3189 3579 3246 sine

1920 3263 1967 3325 C
1999 3267 2145 3323 vita?
2174 3270 2387 3339 quando
2418 3272 2536 3329 sine
2566 3274 2837 3331 veritate?
2865 3278 3077 3348 quando
3101 3280 3217 3337 sine
3240 3280 3445 3353 juStitia
3470 3282 3581 3340 fue-

1999 3359 2069 3415 rit
2096 3360 2117 3413 ?
2146 3360 2297 3417 Sicut
2326 3364 2471 3418 enim
2506 3364 2665 3420 Pater
2695 3366 2812 3423 sine
2841 3368 2956 3425 iStis
2983 3384 3103 3427 esse
3129 3387 3235 3427 non
3262 3375 3474 3443 potuit,
3506 3376 3582 3433 ita

1994 3461 2051 3508 et
2078 3454 2194 3510 sine
2221 3453 2362 3510 Filio
2391 3471 2512 3514 esse
2541 3473 2648 3513 nou
2682 3460 2853 3529 potuit
2885 3477 2898 3515 :
2931 3477 3050 3533 quae
3092 3464 3325 3522 maxime
3361 3467 3430 3524 ad
3475 3468 3582 3526 Do-

1994 3546 2179 3602 minici
2222 3548 2454 3605 nominis
2508 3550 2529 3589 ί
2583 3553 2897 3623 mysterium
2939 3564 3277 3627 coaptantur.
3330 3558 3438 3616 Sed
3481 3577 3582 3618 nec

1996 3639 2157 3696 Pater
2186 3651 2332 3697 esset
2359 3644 2547 3713 utique
2568 3684 2582 3712 ,
2616 3646 2660 3699 si
2688 3643 2877 3701 Filium
2908 3661 3013 3702 non
3042 3647 3282 3707 haberet.
3309 3652 3461 3720 Quod
3489 3668 3582 3708 au—

1996 3740 2102 3788 tem
2134 3749 2255 3789 eum
2283 3734 2486 3791 dixisse
2516 3736 2596 3791 ais
2620 3776 2637 3805 ,
2670 3736 2833 3792 Pater
2872 3741 3039 3810 major
3063 3758 3143 3796 me
3168 3753 3241 3798 est
3269 3744 3447 3813 (Joan.
3469 3763 3578 3815 xiv,

1994 3822 2143 3895 28),
2172 3828 2312 3882 scias
2339 3843 2460 3883 eum
2508 3832 2610 3885 hoc
2648 3844 2709 3886 es
2752 3842 3039 3904 assumpta:
3061 3836 3237 3892 carnis
3277 3836 3579 3897 humilitate

1994 3917 2225 3989 dixisse,
2259 3929 2318 3974 ut
2345 3935 2642 3992 cognoscas
2670 3938 2776 3979 non
2809 3934 3106 3994 petestate,
3140 3927 3233 3983 sed
3274 3926 3580 3990 humilitate

1993 4018 2046 4067 te
2078 4011 2243 4068 fuisse
2272 4013 2631 4083 redemptum.
2663 4014 2794 4069 Nam
2825 4025 2877 4071 tu
2903 4018 2993 4087 qui
3023 4017 3186 4086 dicis,
3225 4017 3384 4075 Pater
3413 4025 3580 4095 major

1993 4118 2072 4156 me
2094 4112 2198 4170 est,
2233 4112 2446 4171 oportet
2485 4114 2535 4160 te
2580 4106 2893 4163 meminisse
2919 4109 3061 4178 quod
3087 4110 3212 4168 alibi
3243 4112 3315 4168 ait
3342 4130 3355 4167 :
3389 4114 3502 4187 Ego
3532 4126 3581 4173 et

1992 4190 2152 4249 Pater
2180 4211 2337 4248 unum
2366 4211 2542 4250 sumus
2576 4196 2771 4267 (Joan.
2796 4214 2828 4253 ι
2846 4240 2864 4268 ,
2896 4198 2964 4255 50
2990 4198 3032 4270 ).
3060 4200 3193 4257 Nam
3222 4212 3277 4260 et
3300 4207 3487 4263 mortis
3519 4207 3581 4264 ιί-

1992 4304 2130 4357 mor,
2163 4297 2217 4344 et
2245 4290 2645 4346 commendatio
2675 4292 2894 4362 spiritus
2934 4293 3005 4351 ad
3047 4293 3413 4354 infirmitatem
3455 4313 3579 4358 cor-

1993 4383 2141 4453 poris
2181 4393 2264 4439 est
2296 4384 2579 4441 referenda
2599 4428 2613 4455 ,
2646 4396 2705 4442 ut
2732 4387 2869 4443 sicut
2899 4402 3060 4445 verus
3085 4389 3228 4448 Deus
3248 4432 3263 4461 ,
3296 4392 3371 4448 ita
3399 4404 3454 4452 et
3480 4409 3578 4454 ve-

1992 4546 2181 4624 Deatus
2205 4563 2378 4624 vocer,
2399 4547 2533 4602 hanc
2553 4552 2909 4606 auctoritate»:
2926 4552 3138 4624 jubente
3163 4552 3340 4624 Elii/io
3368 4571 3578 4613 venera-

1993 4618 2083 4674 bili
2132 4621 2366 4691 episcopo
2414 4637 2520 4675 una
2561 4638 2674 4676 cum
2720 4618 2969 4678 consensu
3014 4618 3323 4681 Leudome'ri
3367 4630 3577 4685 diaconi

1995 4692 2307 4771 conscripsi,
2325 4693 2392 4771 ad
2414 4692 2578 4771 picem
2616 4692 2837 4749 Ernoldi
2866 4697 3073 4771 notarii.
3110 4696 3274 4771 Unde
3298 4697 3406 4771 ruit
3433 4701 3577 4771 quod

1993 4762 2047 4816 iu
2078 4763 2218 4836 uotis
2257 4762 2363 4816 dixi
2396 4762 2469 4836 de
2492 4763 2675 4836 Beato,
2708 4782 2863 4836 quem
2910 4766 3219 4836 episcopum
3248 4762 3577 4827 Ambiancn-

1993 4846 2106 4888 sem
2138 4834 2301 4888 fuisse
2328 4834 2655 4903 suspicabar.

2064 4911 2091 4983 ξ’
2123 4903 2296 4972 Supra
2344 4919 2461 4975 eap.
2492 4905 2562 4961 50
2585 4946 2602 4974 ,
2636 4906 2725 4962 ubi
2772 4908 2967 4964 dicitur
3003 4909 3208 4968 Ennius
3256 4910 3575 4969 Venetensis

1994 4988 2311 5112 episﬁrubsf,
2336 5054 2577 5101 estoreus.
2603 5048 2784 5114 Colb.,
2809 5051 2853 5103 ei
2877 5048 3159 5107 Duricarus
3183 5063 3401 5107 torrens.
3431 5052 3573 5108 Editi

1995 5129 2115 5171 cum
2151 5117 2299 5181 llec.,
2339 5114 2503 5193 Caris,
2549 5126 2641 5171 aut
2683 5119 3031 5193 Cares._Cod.
3078 5123 3487 5193 Regm.,major
3511 5127 3574 5179 ab

1994 5201 2213 5266 am_ne.._.
2245 5200 2408 5266 cares.
2438 5187 2815 5266 Hic,_ut‘puto,_
2845 5187 3375 5266 designatur'lluVius
3395 5187 3569 5266 'Caris,

1994 5257 2167 5330 vulgo
2187 5257 2234 5330 le
2263 5256 2412 5324 Chor,
2445 5259 2618 5330 quiin
2645 5256 2873 5330 Ligerim
2902 5256 3189 5319 delabitur.

2069 5335 2093 5365 ⁸
2134 5326 2247 5403 Qui
2267 5341 2440 5403 supra,
2460 5326 2664 5403 scilicet
2691 5326 2949 5389 a'Mirone
2973 5333 3161 5390 directi
3187 5333 3459 5403 dicuntur,
3486 5336 3573 5394 hic

1993 5413 2185 5480 nempe
2215 5399 2408 5480 Suevis
2430 5402 2482 5455 in
2510 5402 3073 5480 Galliciandegentibus
3097 5405 3411 5480 imperabat.
3441 5399 3573 5480 liinc

1992 5471 2047 5553 in
2081 5470 2254 5528 iudice
2292 5472 2525 5543 capitum
2568 5475 2685 5531 cod.
2735 5470 2922 5544 Regm.
2952 5470 3203 5533 dicuntur
3231 5470 3385 5551 legali
3415 5478 3567 5536 Calli-

1993 5557 2184 5596 ειεηιεε
2190 5582 2202 5595 .

2066 5614 2093 5651 ά
2134 5613 2246 5694 Hoc
2285 5624 2451 5694 caput
2478 5616 2640 5694 de_es_t_
2669 5615 2722 5670 in
2760 5614 2910 5694 Colb.
2953 5628 3015 5694 et_
3044 5616 3203 5694 Corb.
3244 5623 3374 5679 Bad.
3408 5638 3571 5694 vero,

1995 5683 2304 5808 ganglia,
2345 5694 2401 5741 et
2438 5686 2492 5740 iu
2533 5686 2706 5742 iudice
2745 5690 2940 5760 capit.,
2986 5689 3063 5746 De
3090 5690 3360 5754 Maurilio.

2056 5769 2131 5808 art
2157 5771 2257 5808 ius.

2056 5769 2257 5811 αιίιιιιε.

2070 5835 2094 5901 ξ
2137 5824 2212 5901 De
2239 5826 2341 5882 hoc
2368 5827 2524 5901 intra.
2554 5829 3102 5901 SubscripsitConcil.
3130 5834 3338 5897 Matisc.
3360 5851 3423 5895 ιι.

2070 5895 2091 5935 ί
2136 5897 2345 5973 liegm.,
2383 5900 2662 5959 Dominicis
2693 5895 2871 5960 verbis.
